  <div class='ocr_page' id='page_1' title='image "/cluster/home/n/w/nwhite01/storage/ocr_20150623/135/hvd.32044015471758/360.png"; bbox 0 0 3888 5330; ppageno 0'>
   <div class='ocr_carea' id='block_1_1' title="bbox 89 147 2798 207">
    <p class='ocr_par' dir='ltr' id='par_1_1' title="bbox 89 147 2798 207">
     <span class='ocr_line' id='line_1_1' title="bbox 89 147 2798 207; baseline -0.001 0"><span class='ocrx_word' id='word_1_1' title='bbox 89 153 198 207; x_wconf 74' lang='grc'>705</span> <span class='ocrx_word' id='word_1_2' title='bbox 701 149 788 204; x_wconf 63' lang='lat' dir='ltr'><strong>Ilii</strong></span> <span class='ocrx_word' id='word_1_3' title='bbox 819 148 1091 203; x_wconf 76' lang='lat' dir='ltr'><strong>CllilISTl</strong></span> <span class='ocrx_word' id='word_1_4' title='bbox 1123 147 1499 204; x_wconf 74' lang='lat' dir='ltr'><strong>TRIUMI’IIIS</strong></span> <span class='ocrx_word' id='word_1_5' title='bbox 1537 147 1724 203; x_wconf 76' lang='lat' dir='ltr'>APUD</span> <span class='ocrx_word' id='word_1_6' title='bbox 1759 147 2041 202; x_wconf 66' lang='lat' dir='ltr'>l&#39;I&#39;ALlAM</span> <span class='ocrx_word' id='word_1_7' title='bbox 2068 147 2244 204; x_wconf 77' lang='lat' dir='ltr'><strong>LIBRI</strong></span> <span class='ocrx_word' id='word_1_8' title='bbox 2278 148 2414 203; x_wconf 69' lang='lat' dir='ltr'><strong>XIV.</strong></span> <span class='ocrx_word' id='word_1_9' title='bbox 2451 182 2518 191; x_wconf 81' lang='lat'>—-</span> <span class='ocrx_word' id='word_1_10' title='bbox 2547 151 2675 204; x_wconf 68' lang='lat' dir='ltr'><strong>LII}.</strong></span> <span class='ocrx_word' id='word_1_11' title='bbox 2715 151 2798 204; x_wconf 71' lang='lat' dir='ltr'><strong>Vl.</strong></span> 
     </span>
    </p>
   </div>
   <div class='ocr_carea' id='block_1_2' title="bbox 92 262 1334 332">
    <p class='ocr_par' dir='ltr' id='par_1_2' title="bbox 92 262 1334 332">
     <span class='ocr_line' id='line_1_2' title="bbox 92 262 1334 332; baseline -0.006 -12"><span class='ocrx_word' id='word_1_12' title='bbox 92 269 297 321; x_wconf 72' lang='lat' dir='ltr'>Iterum</span> <span class='ocrx_word' id='word_1_13' title='bbox 328 273 452 319; x_wconf 86' lang='lat' dir='ltr'><strong>ante</strong></span> <span class='ocrx_word' id='word_1_14' title='bbox 476 263 645 317; x_wconf 88' lang='lat' dir='ltr'>nodos</span> <span class='ocrx_word' id='word_1_15' title='bbox 679 262 1022 332; x_wconf 57' lang='lat' dir='ltr'>dissipandos</span> <span class='ocrx_word' id='word_1_16' title='bbox 1062 277 1334 323; x_wconf 80' lang='lat' dir='ltr'>asserens,</span> 
     </span>
    </p>
   </div>
   <div class='ocr_carea' id='block_1_3' title="bbox 88 353 1277 424">
    <p class='ocr_par' dir='ltr' id='par_1_3' title="bbox 88 353 1277 424">
     <span class='ocr_line' id='line_1_3' title="bbox 88 353 1277 424; baseline -0.008 -11"><span class='ocrx_word' id='word_1_17' title='bbox 88 358 232 413; x_wconf 87' lang='lat' dir='ltr'><strong>Iram</strong></span> <span class='ocrx_word' id='word_1_18' title='bbox 269 355 498 411; x_wconf 90' lang='lat' dir='ltr'><strong>merenti</strong></span> <span class='ocrx_word' id='word_1_19' title='bbox 533 363 588 408; x_wconf 90' lang='lat' dir='ltr'>ut</span> <span class='ocrx_word' id='word_1_20' title='bbox 617 362 833 424; x_wconf 64' lang='lat' dir='ltr'>praestet</span> <span class='ocrx_word' id='word_1_21' title='bbox 865 353 1277 423; x_wconf 79' lang='lat' dir='ltr'>ittdulgettliuttt,</span> 
     </span>
    </p>
   </div>
   <div class='ocr_carea' id='block_1_4' title="bbox 90 444 1053 502">
    <p class='ocr_par' dir='ltr' id='par_1_4' title="bbox 90 444 1053 502">
     <span class='ocr_line' id='line_1_4' title="bbox 90 444 1053 502; baseline -0.002 -1"><span class='ocrx_word' id='word_1_22' title='bbox 90 448 254 502; x_wconf 84' lang='lat' dir='ltr'>Omni</span> <span class='ocrx_word' id='word_1_23' title='bbox 290 446 499 500; x_wconf 75' lang='lat' dir='ltr'>relaxet</span> <span class='ocrx_word' id='word_1_24' title='bbox 530 444 760 500; x_wconf 87' lang='lat' dir='ltr'>debitori</span> <span class='ocrx_word' id='word_1_25' title='bbox 802 445 1008 499; x_wconf 89' lang='lat' dir='ltr'><strong>credita</strong></span> <span class='ocrx_word' id='word_1_26' title='bbox 1038 461 1053 499; x_wconf 86' lang='lat'><strong>:</strong></span> 
     </span>
    </p>
   </div>
   <div class='ocr_carea' id='block_1_5' title="bbox 91 536 1169 606">
    <p class='ocr_par' dir='ltr' id='par_1_5' title="bbox 91 536 1169 606">
     <span class='ocr_line' id='line_1_5' title="bbox 91 536 1169 606; baseline -0.005 -11"><span class='ocrx_word' id='word_1_27' title='bbox 91 539 394 595; x_wconf 84' lang='lat' dir='ltr'>Grassante</span> <span class='ocrx_word' id='word_1_28' title='bbox 423 539 467 591; x_wconf 91' lang='lat' dir='ltr'>si</span> <span class='ocrx_word' id='word_1_29' title='bbox 501 538 627 606; x_wconf 87' lang='lat' dir='ltr'><strong>quid</strong></span> <span class='ocrx_word' id='word_1_30' title='bbox 659 536 878 590; x_wconf 97' lang='lat' dir='ltr'>abstulit</span> <span class='ocrx_word' id='word_1_31' title='bbox 901 537 1169 606; x_wconf 81' lang='lat' dir='ltr'>cupidine,</span> 
     </span>
    </p>
   </div>
   <div class='ocr_carea' id='block_1_6' title="bbox 91 626 1261 697">
    <p class='ocr_par' dir='ltr' id='par_1_6' title="bbox 91 626 1261 697">
     <span class='ocr_line' id='line_1_6' title="bbox 91 626 1261 697; baseline -0.002 -14"><span class='ocrx_word' id='word_1_32' title='bbox 91 629 243 683; x_wconf 73' lang='lat' dir='ltr'><strong>Juslc</strong></span> <span class='ocrx_word' id='word_1_33' title='bbox 270 642 556 697; x_wconf 74' lang='lat' dir='ltr'>repensum</span> <span class='ocrx_word' id='word_1_34' title='bbox 587 643 710 680; x_wconf 76' lang='lat' dir='ltr'>mox</span> <span class='ocrx_word' id='word_1_35' title='bbox 741 626 1000 681; x_wconf 85' lang='lat' dir='ltr'><strong>reformct</strong></span> <span class='ocrx_word' id='word_1_36' title='bbox 1029 627 1261 697; x_wconf 82' lang='lat' dir='ltr'>integre.</span> 
     </span>
    </p>
   </div>
   <div class='ocr_carea' id='block_1_7' title="bbox 95 718 1158 783">
    <p class='ocr_par' dir='ltr' id='par_1_7' title="bbox 95 718 1158 783">
     <span class='ocr_line' id='line_1_7' title="bbox 95 718 1158 783; baseline -0.003 -9"><span class='ocrx_word' id='word_1_37' title='bbox 95 721 164 774; x_wconf 85' lang='lat' dir='ltr'><strong>Se</strong></span> <span class='ocrx_word' id='word_1_38' title='bbox 197 721 536 783; x_wconf 82' lang='lat' dir='ltr'>concubinis,</span> <span class='ocrx_word' id='word_1_39' title='bbox 562 735 620 774; x_wconf 90' lang='lat' dir='ltr'>se</span> <span class='ocrx_word' id='word_1_40' title='bbox 651 719 867 772; x_wconf 88' lang='lat' dir='ltr'>resolvit</span> <span class='ocrx_word' id='word_1_41' title='bbox 900 718 1158 781; x_wconf 81' lang='lat' dir='ltr'>vernulis,</span> 
     </span>
    </p>
   </div>
   <div class='ocr_carea' id='block_1_8' title="bbox 95 810 1129 880">
    <p class='ocr_par' dir='ltr' id='par_1_8' title="bbox 95 810 1129 880">
     <span class='ocr_line' id='line_1_8' title="bbox 95 810 1129 880; baseline -0.003 -15"><span class='ocrx_word' id='word_1_42' title='bbox 95 811 428 866; x_wconf 83' lang='lat' dir='ltr'><strong>Renuntiare</strong></span> <span class='ocrx_word' id='word_1_43' title='bbox 459 811 588 864; x_wconf 90' lang='lat' dir='ltr'><strong>libet</strong></span> <span class='ocrx_word' id='word_1_44' title='bbox 615 818 670 863; x_wconf 92' lang='lat' dir='ltr'><strong>ut</strong></span> <span class='ocrx_word' id='word_1_45' title='bbox 698 820 860 880; x_wconf 83' lang='lat' dir='ltr'>queat</span> <span class='ocrx_word' id='word_1_46' title='bbox 890 810 1129 878; x_wconf 84' lang='lat' dir='ltr'>probris.</span> 
     </span>
    </p>
   </div>
   <div class='ocr_carea' id='block_1_9' title="bbox 95 899 1157 958">
    <p class='ocr_par' dir='ltr' id='par_1_9' title="bbox 95 899 1157 958">
     <span class='ocr_line' id='line_1_9' title="bbox 95 899 1157 958; baseline 0 -3"><span class='ocrx_word' id='word_1_47' title='bbox 95 901 317 958; x_wconf 80' lang='lat' dir='ltr'>Juvenis</span> <span class='ocrx_word' id='word_1_48' title='bbox 347 904 538 958; x_wconf 87' lang='lat' dir='ltr'>beatus</span> <span class='ocrx_word' id='word_1_49' title='bbox 562 912 614 956; x_wconf 92' lang='lat' dir='ltr'>et</span> <span class='ocrx_word' id='word_1_50' title='bbox 643 903 839 955; x_wconf 86' lang='lat' dir='ltr'>decens</span> <span class='ocrx_word' id='word_1_51' title='bbox 877 899 1157 955; x_wconf 81' lang='lat' dir='ltr'>Tiburtius</span> 
     </span>
    </p>
   </div>
   <div class='ocr_carea' id='block_1_10' title="bbox 102 991 1111 1062">
    <p class='ocr_par' dir='ltr' id='par_1_10' title="bbox 102 991 1111 1062">
     <span class='ocr_line' id='line_1_10' title="bbox 102 991 1111 1062; baseline 0.003 -19"><span class='ocrx_word' id='word_1_52' title='bbox 102 1011 119 1043; x_wconf 74' lang='grc' dir='ltr'>ι</span> <span class='ocrx_word' id='word_1_53' title='bbox 153 993 548 1047; x_wconf 82' lang='lat' dir='ltr'><strong>Renuntiandis</strong></span> <span class='ocrx_word' id='word_1_54' title='bbox 578 993 642 1053; x_wconf 89' lang='lat' dir='ltr'>si.</span> <span class='ocrx_word' id='word_1_55' title='bbox 675 1002 848 1062; x_wconf 87' lang='lat' dir='ltr'>pater,</span> <span class='ocrx_word' id='word_1_56' title='bbox 879 991 1111 1062; x_wconf 84' lang='lat' dir='ltr'><strong>negotiis</strong></span> 
     </span>
    </p>
   </div>
   <div class='ocr_carea' id='block_1_11' title="bbox 99 1083 1172 1155">
    <p class='ocr_par' dir='ltr' id='par_1_11' title="bbox 99 1083 1172 1155">
     <span class='ocr_line' id='line_1_11' title="bbox 99 1083 1172 1155; baseline -0.001 -17"><span class='ocrx_word' id='word_1_57' title='bbox 99 1084 260 1150; x_wconf 85' lang='lat' dir='ltr'>Queis</span> <span class='ocrx_word' id='word_1_58' title='bbox 287 1086 530 1155; x_wconf 89' lang='lat' dir='ltr'>obligare</span> <span class='ocrx_word' id='word_1_59' title='bbox 555 1085 662 1139; x_wconf 89' lang='lat' dir='ltr'>rite</span> <span class='ocrx_word' id='word_1_60' title='bbox 691 1094 903 1154; x_wconf 91' lang='lat' dir='ltr'>tempus</span> <span class='ocrx_word' id='word_1_61' title='bbox 938 1083 1172 1154; x_wconf 80' lang='lat' dir='ltr'>ﬂagitas,</span> 
     </span>
    </p>
   </div>
   <div class='ocr_carea' id='block_1_12' title="bbox 98 1174 1212 1245">
    <p class='ocr_par' dir='ltr' id='par_1_12' title="bbox 98 1174 1212 1245">
     <span class='ocr_line' id='line_1_12' title="bbox 98 1174 1212 1245; baseline 0 -17"><span class='ocrx_word' id='word_1_62' title='bbox 98 1175 208 1245; x_wconf 76' lang='lat' dir='ltr'><strong>Ego</strong></span> <span class='ocrx_word' id='word_1_63' title='bbox 238 1175 617 1243; x_wconf 88' lang='lat' dir='ltr'>implicandus,</span> <span class='ocrx_word' id='word_1_64' title='bbox 648 1176 731 1229; x_wconf 87' lang='lat' dir='ltr'><strong>his</strong></span> <span class='ocrx_word' id='word_1_65' title='bbox 759 1174 1044 1228; x_wconf 80' lang='lat' dir='ltr'><strong>libidinem</strong></span> <span class='ocrx_word' id='word_1_66' title='bbox 1077 1189 1212 1244; x_wconf 85' lang='lat' dir='ltr'><strong>nego</strong></span> 
     </span>
    </p>
   </div>
   <div class='ocr_carea' id='block_1_13' title="bbox 100 1266 1244 1336">
    <p class='ocr_par' dir='ltr' id='par_1_13' title="bbox 100 1266 1244 1336">
     <span class='ocr_line' id='line_1_13' title="bbox 100 1266 1244 1336; baseline -0.001 -17"><span class='ocrx_word' id='word_1_67' title='bbox 100 1266 472 1336; x_wconf 77' lang='lat' dir='ltr'>Suscepzioois</span> <span class='ocrx_word' id='word_1_68' title='bbox 501 1267 967 1336; x_wconf 80' lang='lat' dir='ltr'><strong>exsequeudorum</strong></span> <span class='ocrx_word' id='word_1_69' title='bbox 1006 1275 1244 1326; x_wconf 86' lang='lat' dir='ltr'>actuum,</span> 
     </span>
    </p>
   </div>
   <div class='ocr_carea' id='block_1_14' title="bbox 99 1353 1233 1425">
    <p class='ocr_par' dir='ltr' id='par_1_14' title="bbox 99 1353 1233 1425">
     <span class='ocr_line' id='line_1_14' title="bbox 99 1353 1233 1425; baseline -0.001 -17"><span class='ocrx_word' id='word_1_70' title='bbox 99 1353 167 1408; x_wconf 88' lang='lat' dir='ltr'>Ut</span> <span class='ocrx_word' id='word_1_71' title='bbox 193 1357 483 1409; x_wconf 87' lang='lat' dir='ltr'><strong>advocatus</strong></span> <span class='ocrx_word' id='word_1_72' title='bbox 522 1355 835 1408; x_wconf 70' lang='lat' dir='ltr'><strong>cmlieorum</strong></span> <span class='ocrx_word' id='word_1_73' title='bbox 869 1363 1233 1425; x_wconf 82' lang='lat' dir='ltr'>pragmatum,</span> 
     </span>
    </p>
   </div>
   <div class='ocr_carea' id='block_1_15' title="bbox 98 1445 1232 1510">
    <p class='ocr_par' dir='ltr' id='par_1_15' title="bbox 98 1445 1232 1510">
     <span class='ocr_line' id='line_1_15' title="bbox 98 1445 1232 1510; baseline -0.003 -9"><span class='ocrx_word' id='word_1_74' title='bbox 98 1447 208 1501; x_wconf 74' lang='lat' dir='ltr'><strong>Non</strong></span> <span class='ocrx_word' id='word_1_75' title='bbox 241 1459 562 1510; x_wconf 75' lang='lat' dir='ltr'>terreor-um,</span> <span class='ocrx_word' id='word_1_76' title='bbox 598 1447 780 1500; x_wconf 87' lang='lat' dir='ltr'><strong>tradar</strong></span> <span class='ocrx_word' id='word_1_77' title='bbox 810 1445 944 1500; x_wconf 77' lang='lat' dir='ltr'>aula:</span> <span class='ocrx_word' id='word_1_78' title='bbox 971 1445 1232 1500; x_wconf 35' lang='lat' dir='ltr'><strong>caelitum.</strong></span> 
     </span>
    </p>
   </div>
   <div class='ocr_carea' id='block_1_16' title="bbox 101 1537 1280 1605">
    <p class='ocr_par' dir='ltr' id='par_1_16' title="bbox 101 1537 1280 1605">
     <span class='ocr_line' id='line_1_16' title="bbox 101 1537 1280 1605; baseline -0.003 -13"><span class='ocrx_word' id='word_1_79' title='bbox 101 1538 414 1592; x_wconf 81' lang='lat' dir='ltr'><strong>Sebastiano</strong></span> <span class='ocrx_word' id='word_1_80' title='bbox 439 1542 582 1592; x_wconf 90' lang='lat' dir='ltr'><strong>hunc</strong></span> <span class='ocrx_word' id='word_1_81' title='bbox 614 1539 883 1592; x_wconf 90' lang='lat' dir='ltr'>vinciente</span> <span class='ocrx_word' id='word_1_82' title='bbox 923 1537 1280 1605; x_wconf 76' lang='lat' dir='ltr'>amplexibus,</span> 
     </span>
    </p>
   </div>
   <div class='ocr_carea' id='block_1_17' title="bbox 101 1626 1170 1697">
    <p class='ocr_par' dir='ltr' id='par_1_17' title="bbox 101 1626 1170 1697">
     <span class='ocr_line' id='line_1_17' title="bbox 101 1626 1170 1697; baseline -0.001 -17"><span class='ocrx_word' id='word_1_83' title='bbox 101 1627 418 1697; x_wconf 73' lang='lat' dir='ltr'><strong>Polycarpns</strong></span> <span class='ocrx_word' id='word_1_84' title='bbox 447 1627 604 1681; x_wconf 82' lang='lat' dir='ltr'>almis</span> <span class='ocrx_word' id='word_1_85' title='bbox 626 1627 820 1681; x_wconf 90' lang='lat' dir='ltr'>imbttit</span> <span class='ocrx_word' id='word_1_86' title='bbox 847 1626 1170 1695; x_wconf 78' lang='lat' dir='ltr'>liquoribus;</span> 
     </span>
    </p>
   </div>
   <div class='ocr_carea' id='block_1_18' title="bbox 99 1718 1221 1787">
    <p class='ocr_par' dir='ltr' id='par_1_18' title="bbox 99 1718 1221 1787">
     <span class='ocr_line' id='line_1_18' title="bbox 99 1718 1221 1787; baseline 0 -16"><span class='ocrx_word' id='word_1_87' title='bbox 99 1718 251 1772; x_wconf 83' lang='lat' dir='ltr'>Pater</span> <span class='ocrx_word' id='word_1_88' title='bbox 286 1735 498 1773; x_wconf 73' lang='lat' dir='ltr'>morosa</span> <span class='ocrx_word' id='word_1_89' title='bbox 531 1735 629 1774; x_wconf 90' lang='lat' dir='ltr'>nec</span> <span class='ocrx_word' id='word_1_90' title='bbox 659 1720 927 1774; x_wconf 86' lang='lat' dir='ltr'>retricans</span> <span class='ocrx_word' id='word_1_91' title='bbox 958 1729 1221 1787; x_wconf 82' lang='lat' dir='ltr'>tempora,</span> 
     </span>
    </p>
   </div>
   <div class='ocr_carea' id='block_1_19' title="bbox 104 1812 1097 1883">
    <p class='ocr_par' dir='ltr' id='par_1_19' title="bbox 104 1812 1097 1883">
     <span class='ocr_line' id='line_1_19' title="bbox 104 1812 1097 1883; baseline 0.001 -19"><span class='ocrx_word' id='word_1_92' title='bbox 104 1812 272 1865; x_wconf 78' lang='lat' dir='ltr'><strong>lluodi</strong></span> <span class='ocrx_word' id='word_1_93' title='bbox 303 1812 568 1866; x_wconf 79' lang='lat' dir='ltr'>abdicatis</span> <span class='ocrx_word' id='word_1_94' title='bbox 595 1813 806 1883; x_wconf 85' lang='lat' dir='ltr'><strong>integre</strong></span> <span class='ocrx_word' id='word_1_95' title='bbox 839 1812 1097 1881; x_wconf 83' lang='lat' dir='ltr'>negotiis,</span> 
     </span>
    </p>
   </div>
   <div class='ocr_carea' id='block_1_20' title="bbox 104 1905 1302 1974">
    <p class='ocr_par' dir='ltr' id='par_1_20' title="bbox 104 1905 1302 1974">
     <span class='ocr_line' id='line_1_20' title="bbox 104 1905 1302 1974; baseline 0.002 -17"><span class='ocrx_word' id='word_1_96' title='bbox 104 1905 372 1960; x_wconf 88' lang='lat' dir='ltr'><strong>llomiuem</strong></span> <span class='ocrx_word' id='word_1_97' title='bbox 398 1917 639 1961; x_wconf 70' lang='lat' dir='ltr'>Veterum</span> <span class='ocrx_word' id='word_1_98' title='bbox 673 1921 730 1961; x_wconf 89' lang='lat' dir='ltr'>se</span> <span class='ocrx_word' id='word_1_99' title='bbox 761 1921 965 1960; x_wconf 72' lang='lat' dir='ltr'>exuens</span> <span class='ocrx_word' id='word_1_100' title='bbox 993 1905 1302 1974; x_wconf 84' lang='lat' dir='ltr'><strong>ferruginis,</strong></span> 
     </span>
    </p>
   </div>
   <div class='ocr_carea' id='block_1_21' title="bbox 103 1996 1194 2054">
    <p class='ocr_par' dir='ltr' id='par_1_21' title="bbox 103 1996 1194 2054">
     <span class='ocr_line' id='line_1_21' title="bbox 103 1996 1194 2054; baseline 0.001 -5"><span class='ocrx_word' id='word_1_101' title='bbox 103 1996 293 2049; x_wconf 75' lang='lat' dir='ltr'><strong>Nomm</strong></span> <span class='ocrx_word' id='word_1_102' title='bbox 327 2000 498 2052; x_wconf 89' lang='lat' dir='ltr'><strong>induit</strong></span> <span class='ocrx_word' id='word_1_103' title='bbox 527 1999 763 2054; x_wconf 87' lang='lat' dir='ltr'><strong>candore</strong></span> <span class='ocrx_word' id='word_1_104' title='bbox 795 1997 990 2052; x_wconf 87' lang='lat' dir='ltr'>llorens</span> <span class='ocrx_word' id='word_1_105' title='bbox 1020 1997 1194 2052; x_wconf 73' lang='lat' dir='ltr'>lacteo</span> 
     </span>
    </p>
   </div>
   <div class='ocr_carea' id='block_1_22' title="bbox 101 2087 1346 2160">
    <p class='ocr_par' dir='ltr' id='par_1_22' title="bbox 101 2087 1346 2160">
     <span class='ocr_line' id='line_1_22' title="bbox 101 2087 1346 2160; baseline 0.003 -20"><span class='ocrx_word' id='word_1_106' title='bbox 101 2087 223 2140; x_wconf 85' lang='lat' dir='ltr'><strong>Cum</strong></span> <span class='ocrx_word' id='word_1_107' title='bbox 251 2104 355 2158; x_wconf 79' lang='grc' dir='ltr'>ιιιιο</span> <span class='ocrx_word' id='word_1_108' title='bbox 387 2090 598 2143; x_wconf 75' lang='lat' dir='ltr'>remissi</span> <span class='ocrx_word' id='word_1_109' title='bbox 629 2101 844 2143; x_wconf 85' lang='lat' dir='ltr'>centum</span> <span class='ocrx_word' id='word_1_110' title='bbox 877 2099 1005 2143; x_wconf 91' lang='lat' dir='ltr'>eunt</span> <span class='ocrx_word' id='word_1_111' title='bbox 1035 2089 1116 2144; x_wconf 85' lang='lat' dir='ltr'>bis</span> <span class='ocrx_word' id='word_1_112' title='bbox 1148 2090 1346 2160; x_wconf 87' lang='lat' dir='ltr'>septies</span> 
     </span>
    </p>
   </div>
   <div class='ocr_carea' id='block_1_23' title="bbox 105 2176 1018 2249">
    <p class='ocr_par' dir='ltr' id='par_1_23' title="bbox 105 2176 1018 2249">
     <span class='ocr_line' id='line_1_23' title="bbox 105 2176 1018 2249; baseline 0.004 -19"><span class='ocrx_word' id='word_1_113' title='bbox 105 2176 304 2233; x_wconf 83' lang='lat' dir='ltr'><strong>IIonure</strong></span> <span class='ocrx_word' id='word_1_114' title='bbox 333 2180 437 2232; x_wconf 80' lang='lat' dir='ltr'><strong>divi</strong></span> <span class='ocrx_word' id='word_1_115' title='bbox 471 2181 739 2233; x_wconf 84' lang='lat' dir='ltr'>candidati</span> <span class='ocrx_word' id='word_1_116' title='bbox 769 2181 1018 2249; x_wconf 75' lang='lat' dir='ltr'>gurgitis,</span> 
     </span>
    </p>
   </div>
   <div class='ocr_carea' id='block_1_24' title="bbox 105 2266 1119 2338">
    <p class='ocr_par' dir='ltr' id='par_1_24' title="bbox 105 2266 1119 2338">
     <span class='ocr_line' id='line_1_24' title="bbox 105 2266 1119 2338; baseline 0.003 -20"><span class='ocrx_word' id='word_1_117' title='bbox 105 2266 238 2332; x_wconf 80' lang='lat' dir='ltr'>Quos</span> <span class='ocrx_word' id='word_1_118' title='bbox 267 2270 544 2322; x_wconf 78' lang='lat' dir='ltr'>servitutis</span> <span class='ocrx_word' id='word_1_119' title='bbox 569 2269 838 2338; x_wconf 78' lang='lat' dir='ltr'>expedivit</span> <span class='ocrx_word' id='word_1_120' title='bbox 869 2268 1119 2322; x_wconf 77' lang='lat' dir='ltr'>vinculis.</span> 
     </span>
    </p>
   </div>
   <div class='ocr_carea' id='block_1_25' title="bbox 171 2355 1316 2427">
    <p class='ocr_par' dir='ltr' id='par_1_25' title="bbox 171 2355 1316 2427">
     <span class='ocr_line' id='line_1_25' title="bbox 171 2355 1316 2427; baseline 0 -15"><span class='ocrx_word' id='word_1_121' title='bbox 171 2359 254 2412; x_wconf 89' lang='lat' dir='ltr'>Sic</span> <span class='ocrx_word' id='word_1_122' title='bbox 281 2367 397 2412; x_wconf 90' lang='lat' dir='ltr'>acta</span> <span class='ocrx_word' id='word_1_123' title='bbox 425 2359 608 2427; x_wconf 80' lang='lat' dir='ltr'><strong>flagris</strong></span> <span class='ocrx_word' id='word_1_124' title='bbox 635 2369 821 2412; x_wconf 90' lang='lat' dir='ltr'>sancta</span> <span class='ocrx_word' id='word_1_125' title='bbox 850 2357 1046 2412; x_wconf 84' lang='lat' dir='ltr'>Christi</span> <span class='ocrx_word' id='word_1_126' title='bbox 1077 2355 1316 2412; x_wconf 77' lang='lat' dir='ltr'><strong>Ecclesia</strong></span> 
     </span>
    </p>
   </div>
   <div class='ocr_carea' id='block_1_26' title="bbox 106 2451 1288 2520">
    <p class='ocr_par' dir='ltr' id='par_1_26' title="bbox 106 2451 1288 2520">
     <span class='ocr_line' id='line_1_26' title="bbox 106 2451 1288 2520; baseline 0.003 -20"><span class='ocrx_word' id='word_1_127' title='bbox 106 2451 377 2505; x_wconf 67' lang='lat' dir='ltr'>Crescebat</span> <span class='ocrx_word' id='word_1_128' title='bbox 407 2451 548 2504; x_wconf 92' lang='lat' dir='ltr'><strong>inter</strong></span> <span class='ocrx_word' id='word_1_129' title='bbox 579 2458 996 2520; x_wconf 78' lang='lat' dir='ltr'>perscqueutum</span> <span class='ocrx_word' id='word_1_130' title='bbox 1036 2451 1288 2515; x_wconf 85' lang='lat' dir='ltr'><strong>verbera;</strong></span> 
     </span>
    </p>
   </div>
   <div class='ocr_carea' id='block_1_27' title="bbox 109 2539 1130 2611">
    <p class='ocr_par' dir='ltr' id='par_1_27' title="bbox 109 2539 1130 2611">
     <span class='ocr_line' id='line_1_27' title="bbox 109 2539 1130 2611; baseline 0.002 -19"><span class='ocrx_word' id='word_1_131' title='bbox 109 2539 308 2594; x_wconf 86' lang='lat' dir='ltr'>Tritura</span> <span class='ocrx_word' id='word_1_132' title='bbox 343 2542 497 2596; x_wconf 91' lang='lat' dir='ltr'><strong>fortis</strong></span> <span class='ocrx_word' id='word_1_133' title='bbox 529 2541 607 2596; x_wconf 91' lang='lat' dir='ltr'>sic</span> <span class='ocrx_word' id='word_1_134' title='bbox 642 2542 883 2611; x_wconf 82' lang='lat' dir='ltr'>replebat</span> <span class='ocrx_word' id='word_1_135' title='bbox 912 2543 1130 2595; x_wconf 88' lang='lat' dir='ltr'>horrea.</span> 
     </span>
    </p>
   </div>
   <div class='ocr_carea' id='block_1_28' title="bbox 109 2630 1087 2702">
    <p class='ocr_par' dir='ltr' id='par_1_28' title="bbox 109 2630 1087 2702">
     <span class='ocr_line' id='line_1_28' title="bbox 109 2630 1087 2702; baseline 0.003 -21"><span class='ocrx_word' id='word_1_136' title='bbox 109 2630 311 2686; x_wconf 76' lang='lat' dir='ltr'><strong>Furo;is</strong></span> <span class='ocrx_word' id='word_1_137' title='bbox 342 2633 486 2702; x_wconf 86' lang='lat' dir='ltr'>ignis</span> <span class='ocrx_word' id='word_1_138' title='bbox 514 2633 714 2686; x_wconf 85' lang='lat' dir='ltr'><strong>acriter</strong></span> <span class='ocrx_word' id='word_1_139' title='bbox 742 2641 1087 2701; x_wconf 82' lang='lat' dir='ltr'><strong>proruperat,</strong></span> 
     </span>
    </p>
   </div>
   <div class='ocr_carea' id='block_1_29' title="bbox 110 2722 1240 2793">
    <p class='ocr_par' dir='ltr' id='par_1_29' title="bbox 110 2722 1240 2793">
     <span class='ocr_line' id='line_1_29' title="bbox 110 2722 1240 2793; baseline -0.003 -17"><span class='ocrx_word' id='word_1_140' title='bbox 110 2722 205 2776; x_wconf 74' lang='lat' dir='ltr'><strong>Sed</strong></span> <span class='ocrx_word' id='word_1_141' title='bbox 239 2724 350 2777; x_wconf 66' lang='lat' dir='ltr'><strong>Imta</strong></span> <span class='ocrx_word' id='word_1_142' title='bbox 377 2724 577 2778; x_wconf 70' lang='lat' dir='ltr'>Christi</span> <span class='ocrx_word' id='word_1_143' title='bbox 605 2723 938 2793; x_wconf 83' lang='lat' dir='ltr'>pullulahant</span> <span class='ocrx_word' id='word_1_144' title='bbox 974 2723 1240 2792; x_wconf 84' lang='lat' dir='ltr'><strong>germina.</strong></span> 
     </span>
    </p>
   </div>
   <div class='ocr_carea' id='block_1_30' title="bbox 108 2811 1181 2885">
    <p class='ocr_par' dir='ltr' id='par_1_30' title="bbox 108 2811 1181 2885">
     <span class='ocr_line' id='line_1_30' title="bbox 108 2811 1181 2885; baseline 0 -19"><span class='ocrx_word' id='word_1_145' title='bbox 108 2811 194 2866; x_wconf 85' lang='lat' dir='ltr'>Jus</span> <span class='ocrx_word' id='word_1_146' title='bbox 221 2815 536 2885; x_wconf 84' lang='lat' dir='ltr'><strong>abnegatum</strong></span> <span class='ocrx_word' id='word_1_147' title='bbox 559 2815 767 2869; x_wconf 85' lang='lat' dir='ltr'>civibus</span> <span class='ocrx_word' id='word_1_148' title='bbox 795 2813 1017 2877; x_wconf 81' lang='lat' dir='ltr'>Christi,</span> <span class='ocrx_word' id='word_1_149' title='bbox 1057 2813 1181 2879; x_wconf 87' lang='lat' dir='ltr'><strong>fori,</strong></span> 
     </span>
    </p>
   </div>
   <div class='ocr_carea' id='block_1_31' title="bbox 108 2903 1287 2974">
    <p class='ocr_par' dir='ltr' id='par_1_31' title="bbox 108 2903 1287 2974">
     <span class='ocr_line' id='line_1_31' title="bbox 108 2903 1287 2974; baseline 0.001 -17"><span class='ocrx_word' id='word_1_150' title='bbox 108 2903 392 2974; x_wconf 80' lang='lat' dir='ltr'><strong>Famesque</strong></span> <span class='ocrx_word' id='word_1_151' title='bbox 420 2906 588 2969; x_wconf 89' lang='lat' dir='ltr'>circa,</span> <span class='ocrx_word' id='word_1_152' title='bbox 619 2915 672 2960; x_wconf 91' lang='lat' dir='ltr'>et</span> <span class='ocrx_word' id='word_1_153' title='bbox 701 2906 967 2959; x_wconf 88' lang='lat' dir='ltr'><strong>nundinas</strong></span> <span class='ocrx_word' id='word_1_154' title='bbox 997 2904 1287 2958; x_wconf 85' lang='lat' dir='ltr'>statuuculi</span> 
     </span>
    </p>
   </div>
   <div class='ocr_carea' id='block_1_32' title="bbox 108 2994 1347 3064">
    <p class='ocr_par' dir='ltr' id='par_1_32' title="bbox 108 2994 1347 3064">
     <span class='ocr_line' id='line_1_32' title="bbox 108 2994 1347 3064; baseline 0.002 -20"><span class='ocrx_word' id='word_1_155' title='bbox 108 2994 298 3060; x_wconf 85' lang='lat' dir='ltr'>Quibus</span> <span class='ocrx_word' id='word_1_156' title='bbox 323 2995 562 3061; x_wconf 88' lang='lat' dir='ltr'>litarent,</span> <span class='ocrx_word' id='word_1_157' title='bbox 600 2995 757 3064; x_wconf 83' lang='lat' dir='ltr'>queis</span> <span class='ocrx_word' id='word_1_158' title='bbox 786 3010 1006 3048; x_wconf 89' lang='lat' dir='ltr'>necesse</span> <span class='ocrx_word' id='word_1_159' title='bbox 1034 2995 1136 3048; x_wconf 92' lang='lat' dir='ltr'>huc</span> <span class='ocrx_word' id='word_1_160' title='bbox 1164 2995 1347 3063; x_wconf 80' lang='lat' dir='ltr'><strong>egredi</strong></span> 
     </span>
    </p>
   </div>
   <div class='ocr_carea' id='block_1_33' title="bbox 109 3085 1345 3156">
    <p class='ocr_par' dir='ltr' id='par_1_33' title="bbox 109 3085 1345 3156">
     <span class='ocr_line' id='line_1_33' title="bbox 109 3085 1345 3156; baseline 0.002 -18"><span class='ocrx_word' id='word_1_161' title='bbox 109 3085 200 3140; x_wconf 82' lang='lat' dir='ltr'>Per</span> <span class='ocrx_word' id='word_1_162' title='bbox 225 3104 337 3141; x_wconf 92' lang='lat' dir='ltr'><strong>rura</strong></span> <span class='ocrx_word' id='word_1_163' title='bbox 361 3097 414 3142; x_wconf 92' lang='lat' dir='ltr'>et</span> <span class='ocrx_word' id='word_1_164' title='bbox 444 3090 606 3142; x_wconf 83' lang='lat' dir='ltr'><strong>urbes</strong></span> <span class='ocrx_word' id='word_1_165' title='bbox 630 3088 681 3142; x_wconf 89' lang='lat' dir='ltr'>id</span> <span class='ocrx_word' id='word_1_166' title='bbox 711 3087 952 3145; x_wconf 75' lang='lat' dir='ltr'><strong>student.</strong></span> <span class='ocrx_word' id='word_1_167' title='bbox 985 3100 1082 3156; x_wconf 82' lang='lat' dir='ltr'>per</span> <span class='ocrx_word' id='word_1_168' title='bbox 1111 3085 1345 3152; x_wconf 75' lang='lat' dir='ltr'>insulas,</span> 
     </span>
    </p>
   </div>
   <div class='ocr_carea' id='block_1_34' title="bbox 108 3178 1057 3252">
    <p class='ocr_par' dir='ltr' id='par_1_34' title="bbox 108 3178 1057 3252">
     <span class='ocr_line' id='line_1_34' title="bbox 108 3178 1057 3252; baseline -0.004 -18"><span class='ocrx_word' id='word_1_169' title='bbox 108 3178 280 3234; x_wconf 79' lang='lat' dir='ltr'><strong>Omnis</strong></span> <span class='ocrx_word' id='word_1_170' title='bbox 313 3191 501 3252; x_wconf 80' lang='lat' dir='ltr'><strong>negata</strong></span> <span class='ocrx_word' id='word_1_171' title='bbox 528 3181 640 3250; x_wconf 86' lang='lat' dir='ltr'>jam</span> <span class='ocrx_word' id='word_1_172' title='bbox 674 3180 775 3250; x_wconf 89' lang='lat' dir='ltr'>piis</span> <span class='ocrx_word' id='word_1_173' title='bbox 805 3179 1057 3233; x_wconf 87' lang='lat' dir='ltr'>civilitas.</span> 
     </span>
    </p>
   </div>
   <div class='ocr_carea' id='block_1_35' title="bbox 104 3269 1178 3342">
    <p class='ocr_par' dir='ltr' id='par_1_35' title="bbox 104 3269 1178 3342">
     <span class='ocr_line' id='line_1_35' title="bbox 104 3269 1178 3342; baseline 0.002 -20"><span class='ocrx_word' id='word_1_174' title='bbox 104 3269 167 3322; x_wconf 79' lang='lat' dir='ltr'>At</span> <span class='ocrx_word' id='word_1_175' title='bbox 187 3272 267 3325; x_wconf 76' lang='lat' dir='ltr'>vix</span> <span class='ocrx_word' id='word_1_176' title='bbox 295 3273 548 3326; x_wconf 85' lang='lat' dir='ltr'>decenter</span> <span class='ocrx_word' id='word_1_177' title='bbox 575 3271 806 3342; x_wconf 78' lang='lat' dir='ltr'>inclytus</span> <span class='ocrx_word' id='word_1_178' title='bbox 829 3269 1178 3324; x_wconf 83' lang='lat' dir='ltr'><strong>Chromatius</strong></span> 
     </span>
    </p>
   </div>
   <div class='ocr_carea' id='block_1_36' title="bbox 105 3355 1233 3425">
    <p class='ocr_par' dir='ltr' id='par_1_36' title="bbox 105 3355 1233 3425">
     <span class='ocr_line' id='line_1_36' title="bbox 105 3355 1233 3425; baseline 0.004 -17"><span class='ocrx_word' id='word_1_179' title='bbox 105 3355 512 3416; x_wconf 64' lang='lat' dir='ltr'><strong>Fovcbat‘omne</strong></span> <span class='ocrx_word' id='word_1_180' title='bbox 534 3360 674 3414; x_wconf 82' lang='lat' dir='ltr'>ovile</span> <span class='ocrx_word' id='word_1_181' title='bbox 703 3359 904 3414; x_wconf 79' lang='lat' dir='ltr'>Christi</span> <span class='ocrx_word' id='word_1_182' title='bbox 941 3360 1233 3425; x_wconf 79' lang='lat' dir='ltr'>creditum,</span> 
     </span>
    </p>
   </div>
   <div class='ocr_carea' id='block_1_37' title="bbox 107 3449 1163 3521">
    <p class='ocr_par' dir='ltr' id='par_1_37' title="bbox 107 3449 1163 3521">
     <span class='ocr_line' id='line_1_37' title="bbox 107 3449 1163 3521; baseline 0.003 -20"><span class='ocrx_word' id='word_1_183' title='bbox 107 3449 438 3506; x_wconf 63' lang='lat' dir='ltr'>Necessitudo</span> <span class='ocrx_word' id='word_1_184' title='bbox 471 3462 530 3506; x_wconf 92' lang='lat' dir='ltr'>ut</span> <span class='ocrx_word' id='word_1_185' title='bbox 559 3452 863 3521; x_wconf 90' lang='lat' dir='ltr'><strong>corporalis</strong></span> <span class='ocrx_word' id='word_1_186' title='bbox 892 3451 1163 3505; x_wconf 89' lang='lat' dir='ltr'><strong>neminem</strong></span> 
     </span>
    </p>
   </div>
   <div class='ocr_carea' id='block_1_38' title="bbox 108 3536 1161 3611">
    <p class='ocr_par' dir='ltr' id='par_1_38' title="bbox 108 3536 1161 3611">
     <span class='ocr_line' id='line_1_38' title="bbox 108 3536 1161 3611; baseline 0.004 -19"><span class='ocrx_word' id='word_1_187' title='bbox 108 3536 235 3595; x_wconf 89' lang='lat' dir='ltr'>Diris</span> <span class='ocrx_word' id='word_1_188' title='bbox 264 3543 472 3611; x_wconf 89' lang='lat' dir='ltr'><strong>piorum</strong></span> <span class='ocrx_word' id='word_1_189' title='bbox 511 3542 746 3596; x_wconf 83' lang='lat' dir='ltr'>cultibus</span> <span class='ocrx_word' id='word_1_190' title='bbox 767 3543 1161 3596; x_wconf 81' lang='lat' dir='ltr'><strong>substerneret.</strong></span> 
     </span>
    </p>
   </div>
   <div class='ocr_carea' id='block_1_39' title="bbox 107 3629 1299 3694">
    <p class='ocr_par' dir='ltr' id='par_1_39' title="bbox 107 3629 1299 3694">
     <span class='ocr_line' id='line_1_39' title="bbox 107 3629 1299 3694; baseline 0.001 -12"><span class='ocrx_word' id='word_1_191' title='bbox 107 3629 200 3682; x_wconf 84' lang='lat' dir='ltr'><strong>Sed</strong></span> <span class='ocrx_word' id='word_1_192' title='bbox 221 3634 334 3683; x_wconf 90' lang='lat' dir='ltr'><strong>dum</strong></span> <span class='ocrx_word' id='word_1_193' title='bbox 368 3631 606 3685; x_wconf 89' lang='lat' dir='ltr'><strong>tenebris</strong></span> <span class='ocrx_word' id='word_1_194' title='bbox 625 3631 812 3685; x_wconf 89' lang='lat' dir='ltr'><strong>lumen</strong></span> <span class='ocrx_word' id='word_1_195' title='bbox 843 3631 966 3684; x_wconf 90' lang='lat' dir='ltr'><strong>abdi</strong></span> <span class='ocrx_word' id='word_1_196' title='bbox 1000 3645 1103 3684; x_wconf 90' lang='lat' dir='ltr'><strong>non</strong></span> <span class='ocrx_word' id='word_1_197' title='bbox 1135 3630 1299 3694; x_wconf 80' lang='lat' dir='ltr'>valet,</span> 
     </span>
    </p>
   </div>
   <div class='ocr_carea' id='block_1_40' title="bbox 105 3717 1306 3790">
    <p class='ocr_par' dir='ltr' id='par_1_40' title="bbox 105 3717 1306 3790">
     <span class='ocr_line' id='line_1_40' title="bbox 105 3717 1306 3790; baseline 0.002 -19"><span class='ocrx_word' id='word_1_198' title='bbox 105 3717 364 3790; x_wconf 84' lang='lat' dir='ltr'><strong>Ilespergit</strong></span> <span class='ocrx_word' id='word_1_199' title='bbox 392 3735 521 3774; x_wconf 78' lang='lat' dir='ltr'>arva</span> <span class='ocrx_word' id='word_1_200' title='bbox 553 3721 770 3775; x_wconf 81' lang='lat' dir='ltr'><strong>ductum</strong></span> <span class='ocrx_word' id='word_1_201' title='bbox 799 3720 866 3775; x_wconf 78' lang='lat' dir='ltr'>ab</span> <span class='ocrx_word' id='word_1_202' title='bbox 893 3721 1024 3774; x_wconf 85' lang='lat' dir='ltr'><strong>urbe</strong></span> <span class='ocrx_word' id='word_1_203' title='bbox 1057 3719 1274 3790; x_wconf 78' lang='lat' dir='ltr'><strong>longius</strong></span> <span class='ocrx_word' id='word_1_204' title='bbox 1303 3753 1306 3756; x_wconf 63' lang='grc' dir='ltr'><strong>ο</strong></span> 
     </span>
    </p>
   </div>
   <div class='ocr_carea' id='block_1_41' title="bbox 106 3806 1381 3878">
    <p class='ocr_par' dir='ltr' id='par_1_41' title="bbox 106 3806 1381 3878">
     <span class='ocr_line' id='line_1_41' title="bbox 106 3806 1381 3878; baseline 0.004 -19"><span class='ocrx_word' id='word_1_205' title='bbox 106 3806 284 3878; x_wconf 83' lang='lat' dir='ltr'><strong>Nempe</strong></span> <span class='ocrx_word' id='word_1_206' title='bbox 313 3820 363 3864; x_wconf 91' lang='lat' dir='ltr'><strong>ut</strong></span> <span class='ocrx_word' id='word_1_207' title='bbox 399 3809 621 3864; x_wconf 87' lang='lat' dir='ltr'>tenellas</span> <span class='ocrx_word' id='word_1_208' title='bbox 649 3810 848 3864; x_wconf 86' lang='lat' dir='ltr'>Christi</span> <span class='ocrx_word' id='word_1_209' title='bbox 874 3825 1002 3864; x_wconf 88' lang='lat' dir='ltr'>oves</span> <span class='ocrx_word' id='word_1_210' title='bbox 1029 3810 1381 3864; x_wconf 83' lang='lat' dir='ltr'>Chromatius</span> 
     </span>
    </p>
   </div>
   <div class='ocr_carea' id='block_1_42' title="bbox 105 3903 1112 3974">
    <p class='ocr_par' dir='ltr' id='par_1_42' title="bbox 105 3903 1112 3974">
     <span class='ocr_line' id='line_1_42' title="bbox 105 3903 1112 3974; baseline 0.004 -20"><span class='ocrx_word' id='word_1_211' title='bbox 105 3903 338 3958; x_wconf 82' lang='lat' dir='ltr'>Servaret</span> <span class='ocrx_word' id='word_1_212' title='bbox 368 3905 553 3973; x_wconf 76' lang='lat' dir='ltr'><strong>anipla</strong></span> <span class='ocrx_word' id='word_1_213' title='bbox 583 3920 679 3974; x_wconf 92' lang='lat' dir='ltr'>per</span> <span class='ocrx_word' id='word_1_214' title='bbox 710 3905 880 3959; x_wconf 86' lang='lat' dir='ltr'>vireta</span> <span class='ocrx_word' id='word_1_215' title='bbox 912 3905 1112 3969; x_wconf 89' lang='lat' dir='ltr'>tutius,</span> 
     </span>
    </p>
   </div>
   <div class='ocr_carea' id='block_1_43' title="bbox 104 3990 1120 4065">
    <p class='ocr_par' dir='ltr' id='par_1_43' title="bbox 104 3990 1120 4065">
     <span class='ocr_line' id='line_1_43' title="bbox 104 3990 1120 4065; baseline 0.006 -22"><span class='ocrx_word' id='word_1_216' title='bbox 104 3990 348 4062; x_wconf 77' lang='lat' dir='ltr'>Caiupana</span> <span class='ocrx_word' id='word_1_217' title='bbox 377 3994 515 4058; x_wconf 84' lang='lat' dir='ltr'>late,</span> <span class='ocrx_word' id='word_1_218' title='bbox 546 4009 639 4049; x_wconf 82' lang='lat' dir='ltr'>seu</span> <span class='ocrx_word' id='word_1_219' title='bbox 671 3996 918 4049; x_wconf 84' lang='lat' dir='ltr'><strong>medendi</strong></span> <span class='ocrx_word' id='word_1_220' title='bbox 948 3996 1120 4065; x_wconf 87' lang='lat' dir='ltr'>gratia</span> 
     </span>
    </p>
   </div>
   <div class='ocr_carea' id='block_1_44' title="bbox 104 4080 1099 4154">
    <p class='ocr_par' dir='ltr' id='par_1_44' title="bbox 104 4080 1099 4154">
     <span class='ocr_line' id='line_1_44' title="bbox 104 4080 1099 4154; baseline 0.005 -20"><span class='ocrx_word' id='word_1_221' title='bbox 104 4080 444 4140; x_wconf 74' lang='lat' dir='ltr'><strong>Possessionis</strong></span> <span class='ocrx_word' id='word_1_222' title='bbox 473 4085 832 4140; x_wconf 74' lang='lat' dir='ltr'><strong>adire&#39;censet</strong></span> <span class='ocrx_word' id='word_1_223' title='bbox 859 4087 1056 4154; x_wconf 70' lang='lat' dir='ltr'><strong>prtedia</strong></span> <span class='ocrx_word' id='word_1_224' title='bbox 1087 4103 1099 4139; x_wconf 94' lang='lat'><strong>:</strong></span> 
     </span>
    </p>
   </div>
   <div class='ocr_carea' id='block_1_45' title="bbox 106 4174 1227 4248">
    <p class='ocr_par' dir='ltr' id='par_1_45' title="bbox 106 4174 1227 4248">
     <span class='ocr_line' id='line_1_45' title="bbox 106 4174 1227 4248; baseline 0.007 -24"><span class='ocrx_word' id='word_1_225' title='bbox 106 4174 172 4226; x_wconf 70' lang='lat' dir='ltr'><strong>Ad</strong></span> <span class='ocrx_word' id='word_1_226' title='bbox 209 4176 336 4230; x_wconf 78' lang='lat' dir='ltr'><strong>bella</strong></span> <span class='ocrx_word' id='word_1_227' title='bbox 375 4177 965 4248; x_wconf 67' lang='lat' dir='ltr'><strong>prisci-pmparmuur</strong></span> <span class='ocrx_word' id='word_1_228' title='bbox 1001 4177 1227 4242; x_wconf 87' lang='lat' dir='ltr'>milites,</span> 
     </span>
    </p>
   </div>
   <div class='ocr_carea' id='block_1_46' title="bbox 104 4263 1227 4339">
    <p class='ocr_par' dir='ltr' id='par_1_46' title="bbox 104 4263 1227 4339">
     <span class='ocr_line' id='line_1_46' title="bbox 104 4263 1227 4339; baseline 0.01 -25"><span class='ocrx_word' id='word_1_229' title='bbox 104 4263 336 4335; x_wconf 76' lang='lat' dir='ltr'><strong>Cmnpum</strong></span> <span class='ocrx_word' id='word_1_230' title='bbox 366 4268 708 4339; x_wconf 88' lang='lat' dir='ltr'>duelli-turpe</span> <span class='ocrx_word' id='word_1_231' title='bbox 749 4269 920 4323; x_wconf 85' lang='lat' dir='ltr'>visum</span> <span class='ocrx_word' id='word_1_232' title='bbox 953 4269 1227 4338; x_wconf 80' lang='lat' dir='ltr'><strong>linquere,</strong></span> 
     </span>
    </p>
   </div>
   <div class='ocr_carea' id='block_1_47' title="bbox 104 4352 1279 4425">
    <p class='ocr_par' dir='ltr' id='par_1_47' title="bbox 104 4352 1279 4425">
     <span class='ocr_line' id='line_1_47' title="bbox 104 4352 1279 4425; baseline 0.005 -16"><span class='ocrx_word' id='word_1_233' title='bbox 104 4352 200 4418; x_wconf 83' lang='lat' dir='ltr'>Quo</span> <span class='ocrx_word' id='word_1_234' title='bbox 224 4372 314 4425; x_wconf 89' lang='lat' dir='ltr'><strong>per</strong></span> <span class='ocrx_word' id='word_1_235' title='bbox 343 4357 572 4412; x_wconf 80' lang='lat' dir='ltr'><strong>furentis</strong></span> <span class='ocrx_word' id='word_1_236' title='bbox 602 4359 739 4412; x_wconf 88' lang='lat' dir='ltr'>colla</span> <span class='ocrx_word' id='word_1_237' title='bbox 764 4375 822 4414; x_wconf 90' lang='lat' dir='ltr'>se</span> <span class='ocrx_word' id='word_1_238' title='bbox 848 4360 1024 4414; x_wconf 85' lang='lat' dir='ltr'><strong>hostis</strong></span> <span class='ocrx_word' id='word_1_239' title='bbox 1048 4361 1279 4415; x_wconf 88' lang='lat' dir='ltr'><strong>subdere</strong></span> 
     </span>
    </p>
   </div>
   <div class='ocr_carea' id='block_1_48' title="bbox 103 4445 1224 4524">
    <p class='ocr_par' dir='ltr' id='par_1_48' title="bbox 103 4445 1224 4524">
     <span class='ocr_line' id='line_1_48' title="bbox 103 4445 1224 4524; baseline 0.011 -28"><span class='ocrx_word' id='word_1_240' title='bbox 103 4445 313 4504; x_wconf 77' lang='lat' dir='ltr'><strong>Adversa</strong></span> <span class='ocrx_word' id='word_1_241' title='bbox 356 4459 557 4506; x_wconf 91' lang='lat' dir='ltr'>norunt</span> <span class='ocrx_word' id='word_1_242' title='bbox 587 4451 688 4505; x_wconf 82' lang='lat' dir='ltr'><strong>tela</strong></span> <span class='ocrx_word' id='word_1_243' title='bbox 727 4463 917 4506; x_wconf 89' lang='lat' dir='ltr'>cuncta</span> <span class='ocrx_word' id='word_1_244' title='bbox 955 4451 1224 4524; x_wconf 79' lang='lat' dir='ltr'><strong>frangere.</strong></span> 
     </span>
    </p>
   </div>
   <div class='ocr_carea' id='block_1_49' title="bbox 103 4538 1088 4599">
    <p class='ocr_par' dir='ltr' id='par_1_49' title="bbox 103 4538 1088 4599">
     <span class='ocr_line' id='line_1_49' title="bbox 103 4538 1088 4599; baseline 0.01 -10"><span class='ocrx_word' id='word_1_245' title='bbox 103 4538 161 4592; x_wconf 78' lang='lat' dir='ltr'>At</span> <span class='ocrx_word' id='word_1_246' title='bbox 187 4541 364 4596; x_wconf 87' lang='lat' dir='ltr'>doctor</span> <span class='ocrx_word' id='word_1_247' title='bbox 396 4542 569 4598; x_wconf 88' lang='lat' dir='ltr'>almus</span> <span class='ocrx_word' id='word_1_248' title='bbox 601 4553 654 4598; x_wconf 89' lang='lat' dir='ltr'>et</span> <span class='ocrx_word' id='word_1_249' title='bbox 683 4543 828 4598; x_wconf 87' lang='lat' dir='ltr'>Petri</span> <span class='ocrx_word' id='word_1_250' title='bbox 856 4545 1088 4599; x_wconf 82' lang='lat' dir='ltr'>vicarius</span> 
     </span>
    </p>
   </div>
   <div class='ocr_carea' id='block_1_50' title="bbox 105 4625 1111 4700">
    <p class='ocr_par' dir='ltr' id='par_1_50' title="bbox 105 4625 1111 4700">
     <span class='ocr_line' id='line_1_50' title="bbox 105 4625 1111 4700; baseline 0.009 -20"><span class='ocrx_word' id='word_1_251' title='bbox 105 4625 298 4686; x_wconf 80' lang='lat' dir='ltr'>Pastore</span> <span class='ocrx_word' id='word_1_252' title='bbox 325 4649 512 4687; x_wconf 87' lang='lat' dir='ltr'>cassos</span> <span class='ocrx_word' id='word_1_253' title='bbox 537 4649 602 4688; x_wconf 90' lang='lat' dir='ltr'>ne</span> <span class='ocrx_word' id='word_1_254' title='bbox 644 4636 884 4688; x_wconf 89' lang='lat' dir='ltr'><strong>remittat</strong></span> <span class='ocrx_word' id='word_1_255' title='bbox 919 4634 1111 4700; x_wconf 87' lang='lat' dir='ltr'>Gaius,</span> 
     </span>
    </p>
   </div>
   <div class='ocr_carea' id='block_1_51' title="bbox 107 4716 1079 4794">
    <p class='ocr_par' dir='ltr' id='par_1_51' title="bbox 107 4716 1079 4794">
     <span class='ocr_line' id='line_1_51' title="bbox 107 4716 1079 4794; baseline 0.012 -28"><span class='ocrx_word' id='word_1_256' title='bbox 107 4716 167 4769; x_wconf 74' lang='lat' dir='ltr'>Ad</span> <span class='ocrx_word' id='word_1_257' title='bbox 197 4720 462 4791; x_wconf 80' lang='lat' dir='ltr'>irrigauda</span> <span class='ocrx_word' id='word_1_258' title='bbox 492 4725 834 4792; x_wconf 77' lang='lat' dir='ltr'><strong>parvulorum</strong></span> <span class='ocrx_word' id='word_1_259' title='bbox 865 4735 1079 4794; x_wconf 89' lang='lat' dir='ltr'><strong>pectora</strong></span> 
     </span>
    </p>
   </div>
   <div class='ocr_carea' id='block_1_52' title="bbox 107 4804 1276 4886">
    <p class='ocr_par' dir='ltr' id='par_1_52' title="bbox 107 4804 1276 4886">
     <span class='ocr_line' id='line_1_52' title="bbox 107 4804 1276 4886; baseline 0.011 -30"><span class='ocrx_word' id='word_1_260' title='bbox 107 4804 426 4880; x_wconf 79' lang='lat' dir='ltr'>Polycarpum</span> <span class='ocrx_word' id='word_1_261' title='bbox 452 4814 604 4868; x_wconf 87' lang='lat' dir='ltr'>abire</span> <span class='ocrx_word' id='word_1_262' title='bbox 627 4816 908 4886; x_wconf 82' lang='lat' dir='ltr'>neophytis</span> <span class='ocrx_word' id='word_1_263' title='bbox 933 4832 1054 4870; x_wconf 89' lang='lat' dir='ltr'>cum</span> <span class='ocrx_word' id='word_1_264' title='bbox 1080 4815 1276 4870; x_wconf 81' lang='lat' dir='ltr'>fetibus</span> 
     </span>
    </p>
   </div>
   <div class='ocr_carea' id='block_1_53' title="bbox 104 4895 1306 4974">
    <p class='ocr_par' dir='ltr' id='par_1_53' title="bbox 104 4895 1306 4974">
     <span class='ocr_line' id='line_1_53' title="bbox 104 4895 1306 4974; baseline 0.007 -26"><span class='ocrx_word' id='word_1_265' title='bbox 104 4895 258 4961; x_wconf 78' lang='lat' dir='ltr'>labet,</span> <span class='ocrx_word' id='word_1_266' title='bbox 285 4920 537 4957; x_wconf 90' lang='lat' dir='ltr'><strong>coronam</strong></span> <span class='ocrx_word' id='word_1_267' title='bbox 563 4917 775 4974; x_wconf 86' lang='lat' dir='ltr'>partam</span> <span class='ocrx_word' id='word_1_268' title='bbox 800 4909 1034 4962; x_wconf 84' lang='lat' dir='ltr'>hiantem</span> <span class='ocrx_word' id='word_1_269' title='bbox 1071 4921 1306 4969; x_wconf 78' lang='lat' dir='ltr'>sumere,</span> 
     </span>
    </p>
   </div>
   <div class='ocr_carea' id='block_1_54' title="bbox 102 4985 1223 5058">
    <p class='ocr_par' dir='ltr' id='par_1_54' title="bbox 102 4985 1223 5058">
     <span class='ocr_line' id='line_1_54' title="bbox 102 4985 1223 5058; baseline 0.007 -19"><span class='ocrx_word' id='word_1_270' title='bbox 102 4985 238 5058; x_wconf 78' lang='lat' dir='ltr'><strong>chis</strong></span> <span class='ocrx_word' id='word_1_271' title='bbox 274 4993 455 5048; x_wconf 84' lang='lat' dir='ltr'>ferens</span> <span class='ocrx_word' id='word_1_272' title='bbox 477 4995 615 5049; x_wconf 83' lang='lat' dir='ltr'><strong>haud</strong></span> <span class='ocrx_word' id='word_1_273' title='bbox 645 4996 928 5051; x_wconf 77' lang='lat' dir='ltr'><strong>immemor</strong></span> <span class='ocrx_word' id='word_1_274' title='bbox 951 4998 1223 5052; x_wconf 83' lang='lat' dir='ltr'>licentiam</span> 
     </span>
    </p>
   </div>
   <div class='ocr_carea' id='block_1_55' title="bbox 103 5078 1130 5150">
    <p class='ocr_par' dir='ltr' id='par_1_55' title="bbox 103 5078 1130 5150">
     <span class='ocr_line' id='line_1_55' title="bbox 103 5078 1130 5150; baseline 0.011 -21"><span class='ocrx_word' id='word_1_275' title='bbox 103 5078 522 5138; x_wconf 79' lang='lat' dir='ltr'><strong>Corroborandos</strong></span> <span class='ocrx_word' id='word_1_276' title='bbox 541 5085 618 5139; x_wconf 81' lang='lat' dir='ltr'>ire</span> <span class='ocrx_word' id='word_1_277' title='bbox 641 5103 762 5140; x_wconf 90' lang='lat' dir='ltr'>cum</span> <span class='ocrx_word' id='word_1_278' title='bbox 785 5086 1095 5142; x_wconf 87' lang='lat' dir='ltr'><strong>Chromatio</strong></span> <span class='ocrx_word' id='word_1_279' title='bbox 1109 5127 1130 5150; x_wconf 61' lang='grc' dir='ltr'>ν</span> 
     </span>
    </p>
   </div>
   <div class='ocr_carea' id='block_1_56' title="bbox 100 5165 1183 5241">
    <p class='ocr_par' dir='ltr' id='par_1_56' title="bbox 100 5165 1183 5241">
     <span class='ocr_line' id='line_1_56' title="bbox 100 5165 1183 5241; baseline 0.009 -24"><span class='ocrx_word' id='word_1_280' title='bbox 100 5165 179 5220; x_wconf 75' lang='lat' dir='ltr'><strong>tlui</strong></span> <span class='ocrx_word' id='word_1_281' title='bbox 197 5167 373 5241; x_wconf 80' lang='lat' dir='ltr'>jungit</span> <span class='ocrx_word' id='word_1_282' title='bbox 393 5182 570 5240; x_wconf 83' lang='lat' dir='ltr'>aptum</span> <span class='ocrx_word' id='word_1_283' title='bbox 597 5189 695 5229; x_wconf 81' lang='lat' dir='ltr'><strong>ceu</strong></span> <span class='ocrx_word' id='word_1_284' title='bbox 727 5176 964 5230; x_wconf 84' lang='lat' dir='ltr'>sodalem</span> <span class='ocrx_word' id='word_1_285' title='bbox 992 5179 1183 5232; x_wconf 85' lang='lat' dir='ltr'><strong>tilium.</strong></span> 
     </span>
    </p>
   </div>
   <div class='ocr_carea' id='block_1_57' title="bbox 98 5256 1096 5330">
    <p class='ocr_par' dir='ltr' id='par_1_57' title="bbox 98 5256 1096 5330">
     <span class='ocr_line' id='line_1_57' title="bbox 98 5256 1096 5330; baseline 0.016 -23"><span class='ocrx_word' id='word_1_286' title='bbox 98 5256 178 5313; x_wconf 81' lang='lat' dir='ltr'>Ast</span> <span class='ocrx_word' id='word_1_287' title='bbox 203 5261 314 5330; x_wconf 89' lang='lat' dir='ltr'>ipse</span> <span class='ocrx_word' id='word_1_288' title='bbox 347 5260 499 5318; x_wconf 87' lang='lat' dir='ltr'>fortis</span> <span class='ocrx_word' id='word_1_289' title='bbox 524 5266 624 5320; x_wconf 87' lang='lat' dir='ltr'><strong>tiro</strong></span> <span class='ocrx_word' id='word_1_290' title='bbox 657 5278 833 5320; x_wconf 90' lang='lat' dir='ltr'>castra</span> <span class='ocrx_word' id='word_1_291' title='bbox 858 5268 1096 5330; x_wconf 81' lang='lat' dir='ltr'>linquere</span> 
     </span>
    </p>
   </div>
   <div class='ocr_carea' id='block_1_58' title="bbox 1706 259 2984 329">
    <p class='ocr_par' dir='ltr' id='par_1_58' title="bbox 1706 259 2984 329">
     <span class='ocr_line' id='line_1_58' title="bbox 1706 259 2984 329; baseline 0.007 -19"><span class='ocrx_word' id='word_1_292' title='bbox 1706 266 1753 322; x_wconf 79' lang='grc' dir='ltr'><strong>Α</strong></span> <span class='ocrx_word' id='word_1_293' title='bbox 1786 259 1903 311; x_wconf 76' lang='lat' dir='ltr'>Stat</span> <span class='ocrx_word' id='word_1_294' title='bbox 1931 272 2122 328; x_wconf 78' lang='lat' dir='ltr'>nempe</span> <span class='ocrx_word' id='word_1_295' title='bbox 2157 268 2370 327; x_wconf 84' lang='lat' dir='ltr'><strong>gratum</strong></span> <span class='ocrx_word' id='word_1_296' title='bbox 2403 259 2688 329; x_wconf 71' lang='lat' dir='ltr'>raldcjam</span> <span class='ocrx_word' id='word_1_297' title='bbox 2715 278 2760 317; x_wconf 73' lang='lat' dir='ltr'>sn</span> <span class='ocrx_word' id='word_1_298' title='bbox 2788 262 2984 319; x_wconf 87' lang='lat' dir='ltr'>millies</span> 
     </span>
    </p>
   </div>
   <div class='ocr_carea' id='block_1_59' title="bbox 1783 347 2816 417">
    <p class='ocr_par' dir='ltr' id='par_1_59' title="bbox 1783 347 2816 417">
     <span class='ocr_line' id='line_1_59' title="bbox 1783 347 2816 417; baseline 0.004 -15"><span class='ocrx_word' id='word_1_299' title='bbox 1783 347 1926 402; x_wconf 75' lang='lat' dir='ltr'><strong>Czedi</strong></span> <span class='ocrx_word' id='word_1_300' title='bbox 1957 349 2196 412; x_wconf 84' lang='lat' dir='ltr'>daretur,</span> <span class='ocrx_word' id='word_1_301' title='bbox 2238 364 2336 417; x_wconf 90' lang='lat' dir='ltr'><strong>pro</strong></span> <span class='ocrx_word' id='word_1_302' title='bbox 2365 349 2472 404; x_wconf 88' lang='lat' dir='ltr'>Deo</span> <span class='ocrx_word' id='word_1_303' title='bbox 2500 366 2629 406; x_wconf 88' lang='lat' dir='ltr'>vero</span> <span class='ocrx_word' id='word_1_304' title='bbox 2655 353 2816 417; x_wconf 89' lang='lat' dir='ltr'>mori,</span> 
     </span>
    </p>
   </div>
   <div class='ocr_carea' id='block_1_60' title="bbox 1784 437 3090 514">
    <p class='ocr_par' dir='ltr' id='par_1_60' title="bbox 1784 437 3090 514">
     <span class='ocr_line' id='line_1_60' title="bbox 1784 437 3090 514; baseline 0.009 -28"><span class='ocrx_word' id='word_1_305' title='bbox 1784 437 1900 502; x_wconf 86' lang='lat' dir='ltr'>Quo</span> <span class='ocrx_word' id='word_1_306' title='bbox 1933 437 2054 490; x_wconf 86' lang='lat' dir='ltr'><strong>linis</strong></span> <span class='ocrx_word' id='word_1_307' title='bbox 2093 439 2336 508; x_wconf 83' lang='lat' dir='ltr'><strong>ignaram</strong></span> <span class='ocrx_word' id='word_1_308' title='bbox 2367 440 2490 495; x_wconf 89' lang='lat' dir='ltr'>inde</span> <span class='ocrx_word' id='word_1_309' title='bbox 2518 443 2682 496; x_wconf 88' lang='lat' dir='ltr'>vitam</span> <span class='ocrx_word' id='word_1_310' title='bbox 2714 459 3039 514; x_wconf 84' lang='lat' dir='ltr'>consequar.</span> <span class='ocrx_word' id='word_1_311' title='bbox 3069 463 3090 498; x_wconf 70' lang='grc' dir='ltr'><strong><em>ι</em></strong></span> 
     </span>
    </p>
   </div>
   <div class='ocr_carea' id='block_1_61' title="bbox 1783 529 2909 605">
    <p class='ocr_par' dir='ltr' id='par_1_61' title="bbox 1783 529 2909 605">
     <span class='ocr_line' id='line_1_61' title="bbox 1783 529 2909 605; baseline 0.009 -27"><span class='ocrx_word' id='word_1_312' title='bbox 1783 529 2180 597; x_wconf 80' lang='lat' dir='ltr'>Cengratulans</span> <span class='ocrx_word' id='word_1_313' title='bbox 2212 531 2296 584; x_wconf 92' lang='lat' dir='ltr'><strong>his</strong></span> <span class='ocrx_word' id='word_1_314' title='bbox 2320 547 2454 600; x_wconf 90' lang='lat' dir='ltr'>papa</span> <span class='ocrx_word' id='word_1_315' title='bbox 2495 532 2761 605; x_wconf 79' lang='lat' dir='ltr'>lacrymas</span> <span class='ocrx_word' id='word_1_316' title='bbox 2792 535 2909 589; x_wconf 84' lang='lat' dir='ltr'>litat</span> 
     </span>
    </p>
   </div>
   <div class='ocr_carea' id='block_1_62' title="bbox 1782 618 2993 692">
    <p class='ocr_par' dir='ltr' id='par_1_62' title="bbox 1782 618 2993 692">
     <span class='ocr_line' id='line_1_62' title="bbox 1782 618 2993 692; baseline 0.009 -20"><span class='ocrx_word' id='word_1_317' title='bbox 1782 618 1938 688; x_wconf 81' lang='lat' dir='ltr'>Capit</span> <span class='ocrx_word' id='word_1_318' title='bbox 1965 622 2080 689; x_wconf 78' lang='lat' dir='ltr'>(sic)</span> <span class='ocrx_word' id='word_1_319' title='bbox 2113 624 2352 692; x_wconf 84' lang='lat' dir='ltr'>petitque</span> <span class='ocrx_word' id='word_1_320' title='bbox 2381 623 2583 679; x_wconf 86' lang='lat' dir='ltr'>Christi</span> <span class='ocrx_word' id='word_1_321' title='bbox 2609 629 2657 680; x_wconf 91' lang='lat' dir='ltr'>ei</span> <span class='ocrx_word' id='word_1_322' title='bbox 2691 629 2993 683; x_wconf 75' lang='lat' dir='ltr'><strong>victoriam.</strong></span> 
     </span>
    </p>
   </div>
   <div class='ocr_carea' id='block_1_63' title="bbox 1783 709 2895 784">
    <p class='ocr_par' dir='ltr' id='par_1_63' title="bbox 1783 709 2895 784">
     <span class='ocr_line' id='line_1_63' title="bbox 1783 709 2895 784; baseline 0.011 -23"><span class='ocrx_word' id='word_1_323' title='bbox 1783 709 1972 764; x_wconf 81' lang='lat' dir='ltr'>Fortes</span> <span class='ocrx_word' id='word_1_324' title='bbox 2005 713 2246 767; x_wconf 82' lang='lat' dir='ltr'>residunt</span> <span class='ocrx_word' id='word_1_325' title='bbox 2279 730 2408 784; x_wconf 83' lang='lat' dir='ltr'><strong>ergo</strong></span> <span class='ocrx_word' id='word_1_326' title='bbox 2433 717 2628 770; x_wconf 82' lang='lat' dir='ltr'>Castris</span> <span class='ocrx_word' id='word_1_327' title='bbox 2655 718 2855 774; x_wconf 85' lang='lat' dir='ltr'>milites</span> <span class='ocrx_word' id='word_1_328' title='bbox 2881 737 2895 773; x_wconf 87' lang='lat'><strong>:</strong></span> 
     </span>
    </p>
   </div>
   <div class='ocr_carea' id='block_1_64' title="bbox 1781 799 3073 880">
    <p class='ocr_par' dir='ltr' id='par_1_64' title="bbox 1781 799 3073 880">
     <span class='ocr_line' id='line_1_64' title="bbox 1781 799 3073 880; baseline 0.011 -29"><span class='ocrx_word' id='word_1_329' title='bbox 1781 799 2186 868; x_wconf 71' lang='lat' dir='ltr'>Marccliianus,</span> <span class='ocrx_word' id='word_1_330' title='bbox 2221 803 2434 860; x_wconf 76' lang='lat' dir='ltr'><strong>Marcus</strong></span> <span class='ocrx_word' id='word_1_331' title='bbox 2464 815 2627 876; x_wconf 82' lang='lat' dir='ltr'><strong>atque</strong></span> <span class='ocrx_word' id='word_1_332' title='bbox 2650 809 2843 864; x_wconf 89' lang='lat' dir='ltr'><strong>horum</strong></span> <span class='ocrx_word' id='word_1_333' title='bbox 2875 826 3073 880; x_wconf 75' lang='lat' dir='ltr'><strong>parens</strong></span> 
     </span>
    </p>
   </div>
   <div class='ocr_carea' id='block_1_65' title="bbox 1783 891 2754 964">
    <p class='ocr_par' dir='ltr' id='par_1_65' title="bbox 1783 891 2754 964">
     <span class='ocr_line' id='line_1_65' title="bbox 1783 891 2754 964; baseline 0.011 -20"><span class='ocrx_word' id='word_1_334' title='bbox 1783 891 2132 948; x_wconf 83' lang='lat' dir='ltr'>Sebastianus</span> <span class='ocrx_word' id='word_1_335' title='bbox 2159 895 2271 964; x_wconf 77' lang='lat' dir='ltr'>ipse</span> <span class='ocrx_word' id='word_1_336' title='bbox 2310 913 2432 951; x_wconf 83' lang='lat' dir='ltr'>cum</span> <span class='ocrx_word' id='word_1_337' title='bbox 2465 897 2714 955; x_wconf 77' lang='lat' dir='ltr'><strong>&#39;I‘iburtio</strong></span> <span class='ocrx_word' id='word_1_338' title='bbox 2741 941 2754 962; x_wconf 90' lang='lat'><strong><em>.</em></strong></span> 
     </span>
    </p>
   </div>
   <div class='ocr_carea' id='block_1_66' title="bbox 1781 980 2899 1056">
    <p class='ocr_par' dir='ltr' id='par_1_66' title="bbox 1781 980 2899 1056">
     <span class='ocr_line' id='line_1_66' title="bbox 1781 980 2899 1056; baseline 0.012 -24"><span class='ocrx_word' id='word_1_339' title='bbox 1781 980 2107 1051; x_wconf 80' lang='lat' dir='ltr'>Fratrcsque</span> <span class='ocrx_word' id='word_1_340' title='bbox 2133 985 2471 1041; x_wconf 78' lang='lat' dir='ltr'>Nicostratus</span> <span class='ocrx_word' id='word_1_341' title='bbox 2503 1000 2555 1042; x_wconf 90' lang='lat' dir='ltr'>et</span> <span class='ocrx_word' id='word_1_342' title='bbox 2582 990 2864 1045; x_wconf 80' lang='lat' dir='ltr'>Castorius</span> <span class='ocrx_word' id='word_1_343' title='bbox 2883 1032 2899 1056; x_wconf 88' lang='lat'>,</span> 
     </span>
    </p>
   </div>
   <div class='ocr_carea' id='block_1_67' title="bbox 1782 1069 2856 1147">
    <p class='ocr_par' dir='ltr' id='par_1_67' title="bbox 1782 1069 2856 1147">
     <span class='ocr_line' id='line_1_67' title="bbox 1782 1069 2856 1147; baseline 0.013 -25"><span class='ocrx_word' id='word_1_344' title='bbox 1782 1069 2014 1140; x_wconf 73' lang='lat' dir='ltr'><strong>Zoeque,</strong></span> <span class='ocrx_word' id='word_1_345' title='bbox 2051 1071 2357 1130; x_wconf 85' lang='lat' dir='ltr'>Victorinus</span> <span class='ocrx_word' id='word_1_346' title='bbox 2383 1088 2542 1146; x_wconf 82' lang='lat' dir='ltr'><strong>atque</strong></span> <span class='ocrx_word' id='word_1_347' title='bbox 2572 1079 2856 1147; x_wconf 86' lang='lat' dir='ltr'>Claudius,</span> 
     </span>
    </p>
   </div>
   <div class='ocr_carea' id='block_1_68' title="bbox 1780 1160 2821 1226">
    <p class='ocr_par' dir='ltr' id='par_1_68' title="bbox 1780 1160 2821 1226">
     <span class='ocr_line' id='line_1_68' title="bbox 1780 1160 2821 1226; baseline 0.012 -13"><span class='ocrx_word' id='word_1_348' title='bbox 1780 1160 1912 1215; x_wconf 88' lang='lat' dir='ltr'><strong>Cum</strong></span> <span class='ocrx_word' id='word_1_349' title='bbox 1941 1163 2180 1218; x_wconf 84' lang='lat' dir='ltr'>liberatis</span> <span class='ocrx_word' id='word_1_350' title='bbox 2205 1166 2360 1220; x_wconf 86' lang='lat' dir='ltr'>fauce</span> <span class='ocrx_word' id='word_1_351' title='bbox 2395 1170 2585 1223; x_wconf 84' lang='lat' dir='ltr'>mortis</span> <span class='ocrx_word' id='word_1_352' title='bbox 2618 1170 2821 1226; x_wconf 81' lang='lat' dir='ltr'>liberis.</span> 
     </span>
    </p>
   </div>
   <div class='ocr_carea' id='block_1_69' title="bbox 1782 1253 2913 1324">
    <p class='ocr_par' dir='ltr' id='par_1_69' title="bbox 1782 1253 2913 1324">
     <span class='ocr_line' id='line_1_69' title="bbox 1782 1253 2913 1324; baseline 0.011 -19"><span class='ocrx_word' id='word_1_353' title='bbox 1782 1253 1876 1307; x_wconf 93' lang='lat' dir='ltr'>llis</span> <span class='ocrx_word' id='word_1_354' title='bbox 1903 1269 2036 1324; x_wconf 90' lang='lat' dir='ltr'><strong>papa</strong></span> <span class='ocrx_word' id='word_1_355' title='bbox 2071 1272 2222 1311; x_wconf 88' lang='lat' dir='ltr'><strong>sacra</strong></span> <span class='ocrx_word' id='word_1_356' title='bbox 2262 1260 2507 1314; x_wconf 87' lang='lat' dir='ltr'><strong>dividens</strong></span> <span class='ocrx_word' id='word_1_357' title='bbox 2536 1263 2913 1318; x_wconf 77' lang='lat' dir='ltr'><strong>moderamina</strong></span> 
     </span>
    </p>
   </div>
   <div class='ocr_carea' id='block_1_70' title="bbox 1777 1344 2746 1423">
    <p class='ocr_par' dir='ltr' id='par_1_70' title="bbox 1777 1344 2746 1423">
     <span class='ocr_line' id='line_1_70' title="bbox 1777 1344 2746 1423; baseline 0.007 -25"><span class='ocrx_word' id='word_1_358' title='bbox 1777 1344 2017 1400; x_wconf 80' lang='lat' dir='ltr'>Moratur</span> <span class='ocrx_word' id='word_1_359' title='bbox 2050 1349 2181 1418; x_wconf 88' lang='lat' dir='ltr'>ipsis</span> <span class='ocrx_word' id='word_1_360' title='bbox 2199 1349 2415 1418; x_wconf 76' lang='lat' dir='ltr'>junctus</span> <span class='ocrx_word' id='word_1_361' title='bbox 2441 1354 2492 1406; x_wconf 92' lang='lat' dir='ltr'>in</span> <span class='ocrx_word' id='word_1_362' title='bbox 2526 1353 2746 1423; x_wconf 87' lang='lat' dir='ltr'>palatio,</span> 
     </span>
    </p>
   </div>
   <div class='ocr_carea' id='block_1_71' title="bbox 1779 1436 2898 1512">
    <p class='ocr_par' dir='ltr' id='par_1_71' title="bbox 1779 1436 2898 1512">
     <span class='ocr_line' id='line_1_71' title="bbox 1779 1436 2898 1512; baseline 0.012 -23"><span class='ocrx_word' id='word_1_363' title='bbox 1779 1436 1977 1492; x_wconf 84' lang='lat' dir='ltr'>Custos</span> <span class='ocrx_word' id='word_1_364' title='bbox 1999 1438 2216 1496; x_wconf 85' lang='lat' dir='ltr'><strong>fovebat</strong></span> <span class='ocrx_word' id='word_1_365' title='bbox 2237 1444 2431 1496; x_wconf 64' lang='lat' dir='ltr'><strong>aedium</strong></span> <span class='ocrx_word' id='word_1_366' title='bbox 2468 1460 2602 1512; x_wconf 73' lang='lat' dir='ltr'>quos</span> <span class='ocrx_word' id='word_1_367' title='bbox 2630 1445 2898 1502; x_wconf 79' lang='lat' dir='ltr'>Castulus.</span> 
     </span>
    </p>
   </div>
   <div class='ocr_carea' id='block_1_72' title="bbox 1777 1525 2731 1604">
    <p class='ocr_par' dir='ltr' id='par_1_72' title="bbox 1777 1525 2731 1604">
     <span class='ocr_line' id='line_1_72' title="bbox 1777 1525 2731 1604; baseline 0.008 -25"><span class='ocrx_word' id='word_1_368' title='bbox 1777 1525 1833 1581; x_wconf 93' lang='lat' dir='ltr'><strong>In</strong></span> <span class='ocrx_word' id='word_1_369' title='bbox 1864 1527 2022 1582; x_wconf 86' lang='lat' dir='ltr'>laude</span> <span class='ocrx_word' id='word_1_370' title='bbox 2046 1529 2244 1584; x_wconf 81' lang='lat' dir='ltr'>Christi</span> <span class='ocrx_word' id='word_1_371' title='bbox 2275 1529 2487 1586; x_wconf 77' lang='lat' dir='ltr'>ﬂetibus</span> <span class='ocrx_word' id='word_1_372' title='bbox 2509 1533 2731 1604; x_wconf 63' lang='lat' dir='ltr'>jejuniis</span> 
     </span>
    </p>
   </div>
   <div class='ocr_carea' id='block_1_73' title="bbox 1705 1604 2788 1691">
    <p class='ocr_par' dir='ltr' id='par_1_73' title="bbox 1705 1604 2788 1691">
     <span class='ocr_line' id='line_1_73' title="bbox 1705 1604 2788 1691; baseline 0.015 -28"><span class='ocrx_word' id='word_1_373' title='bbox 1705 1604 1746 1663; x_wconf 80' lang='grc' dir='ltr'><strong>Β</strong></span> <span class='ocrx_word' id='word_1_374' title='bbox 1778 1616 1889 1672; x_wconf 91' lang='lat' dir='ltr'><strong>Illic</strong></span> <span class='ocrx_word' id='word_1_375' title='bbox 1919 1617 2105 1672; x_wconf 89' lang='lat' dir='ltr'>diebus</span> <span class='ocrx_word' id='word_1_376' title='bbox 2134 1630 2189 1673; x_wconf 90' lang='lat' dir='ltr'>et</span> <span class='ocrx_word' id='word_1_377' title='bbox 2217 1621 2480 1675; x_wconf 88' lang='lat' dir='ltr'>vacabant</span> <span class='ocrx_word' id='word_1_378' title='bbox 2513 1625 2788 1691; x_wconf 87' lang='lat' dir='ltr'>noctibus,</span> 
     </span>
    </p>
   </div>
   <div class='ocr_carea' id='block_1_74' title="bbox 1775 1707 2672 1779">
    <p class='ocr_par' dir='ltr' id='par_1_74' title="bbox 1775 1707 2672 1779">
     <span class='ocr_line' id='line_1_74' title="bbox 1775 1707 2672 1779; baseline 0.009 -19"><span class='ocrx_word' id='word_1_379' title='bbox 1775 1707 2092 1762; x_wconf 88' lang='lat' dir='ltr'><strong>Orationum</strong></span> <span class='ocrx_word' id='word_1_380' title='bbox 2118 1720 2272 1779; x_wconf 77' lang='lat' dir='ltr'><strong>grata</strong></span> <span class='ocrx_word' id='word_1_381' title='bbox 2294 1710 2420 1767; x_wconf 82' lang='lat' dir='ltr'>Jesu</span> <span class='ocrx_word' id='word_1_382' title='bbox 2450 1729 2672 1769; x_wconf 87' lang='lat' dir='ltr'><strong>munera</strong></span> 
     </span>
    </p>
   </div>
   <div class='ocr_carea' id='block_1_75' title="bbox 1776 1803 2644 1865">
    <p class='ocr_par' dir='ltr' id='par_1_75' title="bbox 1776 1803 2644 1865">
     <span class='ocr_line' id='line_1_75' title="bbox 1776 1803 2644 1865; baseline 0.008 -8"><span class='ocrx_word' id='word_1_383' title='bbox 1776 1803 2069 1859; x_wconf 81' lang='lat' dir='ltr'>Devotione</span> <span class='ocrx_word' id='word_1_384' title='bbox 2099 1807 2409 1863; x_wconf 79' lang='lat' dir='ltr'>defcrentes</span> <span class='ocrx_word' id='word_1_385' title='bbox 2438 1811 2644 1865; x_wconf 83' lang='lat' dir='ltr'><strong>sedula.</strong></span> 
     </span>
    </p>
   </div>
   <div class='ocr_carea' id='block_1_76' title="bbox 1773 1892 2839 1969">
    <p class='ocr_par' dir='ltr' id='par_1_76' title="bbox 1773 1892 2839 1969">
     <span class='ocr_line' id='line_1_76' title="bbox 1773 1892 2839 1969; baseline 0.009 -23"><span class='ocrx_word' id='word_1_386' title='bbox 1773 1892 1956 1963; x_wconf 64' lang='lat' dir='ltr'>Egris</span> <span class='ocrx_word' id='word_1_387' title='bbox 1989 1896 2224 1950; x_wconf 85' lang='lat' dir='ltr'><strong>medelas</strong></span> <span class='ocrx_word' id='word_1_388' title='bbox 2246 1899 2574 1954; x_wconf 76' lang='lat' dir='ltr'>exhibebant</span> <span class='ocrx_word' id='word_1_389' title='bbox 2608 1902 2839 1969; x_wconf 86' lang='lat' dir='ltr'><strong>pestium</strong></span> 
     </span>
    </p>
   </div>
   <div class='ocr_carea' id='block_1_77' title="bbox 1773 1981 2925 2054">
    <p class='ocr_par' dir='ltr' id='par_1_77' title="bbox 1773 1981 2925 2054">
     <span class='ocr_line' id='line_1_77' title="bbox 1773 1981 2925 2054; baseline 0.013 -19"><span class='ocrx_word' id='word_1_390' title='bbox 1773 1981 1977 2039; x_wconf 87' lang='lat' dir='ltr'>Larvas</span> <span class='ocrx_word' id='word_1_391' title='bbox 2002 1984 2266 2054; x_wconf 80' lang='lat' dir='ltr'><strong>fugaudo,</strong></span> <span class='ocrx_word' id='word_1_392' title='bbox 2298 1988 2477 2044; x_wconf 90' lang='lat' dir='ltr'><strong>dando</strong></span> <span class='ocrx_word' id='word_1_393' title='bbox 2505 1992 2665 2045; x_wconf 64' lang='lat' dir='ltr'>emris</span> <span class='ocrx_word' id='word_1_394' title='bbox 2699 1992 2925 2050; x_wconf 86' lang='lat' dir='ltr'><strong>lumina.</strong></span> 
     </span>
    </p>
   </div>
   <div class='ocr_carea' id='block_1_78' title="bbox 1773 2059 2918 2151">
    <p class='ocr_par' dir='ltr' id='par_1_78' title="bbox 1773 2059 2918 2151">
     <span class='ocr_line' id='line_1_78' title="bbox 1773 2059 2918 2151; baseline 0.011 -26"><span class='ocrx_word' id='word_1_395' title='bbox 1773 2072 1898 2126; x_wconf 67' lang='lat' dir='ltr'><strong>&quot;me.</strong></span> <span class='ocrx_word' id='word_1_396' title='bbox 1920 2059 2044 2130; x_wconf 71' lang='lat' dir='ltr'>dum</span> <span class='ocrx_word' id='word_1_397' title='bbox 2073 2090 2336 2146; x_wconf 87' lang='lat' dir='ltr'>geruntur</span> <span class='ocrx_word' id='word_1_398' title='bbox 2370 2081 2604 2151; x_wconf 83' lang='lat' dir='ltr'>inclytus</span> <span class='ocrx_word' id='word_1_399' title='bbox 2637 2082 2918 2138; x_wconf 84' lang='lat' dir='ltr'><strong>Tiburtius</strong></span> 
     </span>
    </p>
   </div>
   <div class='ocr_carea' id='block_1_79' title="bbox 1773 2162 3024 2239">
    <p class='ocr_par' dir='ltr' id='par_1_79' title="bbox 1773 2162 3024 2239">
     <span class='ocr_line' id='line_1_79' title="bbox 1773 2162 3024 2239; baseline 0.015 -26"><span class='ocrx_word' id='word_1_400' title='bbox 1773 2162 2014 2230; x_wconf 84' lang='lat' dir='ltr'><strong>Quodam</strong></span> <span class='ocrx_word' id='word_1_401' title='bbox 2045 2167 2273 2236; x_wconf 80' lang='lat' dir='ltr'><strong>plateam</strong></span> <span class='ocrx_word' id='word_1_402' title='bbox 2302 2170 2414 2224; x_wconf 93' lang='lat' dir='ltr'>sole</span> <span class='ocrx_word' id='word_1_403' title='bbox 2433 2175 2720 2239; x_wconf 81' lang='lat' dir='ltr'>quamdam</span> <span class='ocrx_word' id='word_1_404' title='bbox 2754 2178 3024 2232; x_wconf 76' lang='lat' dir='ltr'>transiens</span> 
     </span>
    </p>
   </div>
   <div class='ocr_carea' id='block_1_80' title="bbox 1774 2254 2941 2332">
    <p class='ocr_par' dir='ltr' id='par_1_80' title="bbox 1774 2254 2941 2332">
     <span class='ocr_line' id='line_1_80' title="bbox 1774 2254 2941 2332; baseline 0.011 -26"><span class='ocrx_word' id='word_1_405' title='bbox 1774 2254 2056 2326; x_wconf 86' lang='lat' dir='ltr'>Dclapsum</span> <span class='ocrx_word' id='word_1_406' title='bbox 2081 2259 2148 2312; x_wconf 88' lang='lat' dir='ltr'>ab</span> <span class='ocrx_word' id='word_1_407' title='bbox 2175 2259 2282 2313; x_wconf 84' lang='lat' dir='ltr'>alto</span> <span class='ocrx_word' id='word_1_408' title='bbox 2312 2266 2541 2330; x_wconf 73' lang='lat' dir='ltr'><strong>repperit</strong></span> <span class='ocrx_word' id='word_1_409' title='bbox 2569 2261 2941 2332; x_wconf 83' lang='lat' dir='ltr'>juvcnrulum,</span> 
     </span>
    </p>
   </div>
   <div class='ocr_carea' id='block_1_81' title="bbox 1773 2345 2842 2420">
    <p class='ocr_par' dir='ltr' id='par_1_81' title="bbox 1773 2345 2842 2420">
     <span class='ocr_line' id='line_1_81' title="bbox 1773 2345 2842 2420; baseline 0.011 -24"><span class='ocrx_word' id='word_1_410' title='bbox 1773 2345 2035 2412; x_wconf 80' lang='lat' dir='ltr'>Quassata</span> <span class='ocrx_word' id='word_1_411' title='bbox 2069 2348 2224 2413; x_wconf 81' lang='lat' dir='ltr'><strong>(ujus</strong></span> <span class='ocrx_word' id='word_1_412' title='bbox 2257 2365 2379 2403; x_wconf 81' lang='lat' dir='ltr'>ossa</span> <span class='ocrx_word' id='word_1_413' title='bbox 2409 2352 2842 2420; x_wconf 84' lang='lat' dir='ltr'>discrepantibus</span> 
     </span>
    </p>
   </div>
   <div class='ocr_carea' id='block_1_82' title="bbox 1781 2437 3040 2516">
    <p class='ocr_par' dir='ltr' id='par_1_82' title="bbox 1781 2437 3040 2516">
     <span class='ocr_line' id='line_1_82' title="bbox 1781 2437 3040 2516; baseline 0.01 -27"><span class='ocrx_word' id='word_1_414' title='bbox 1781 2437 2006 2491; x_wconf 73' lang='lat' dir='ltr'>(Iessere</span> <span class='ocrx_word' id='word_1_415' title='bbox 2033 2437 2248 2506; x_wconf 80' lang='lat' dir='ltr'>frustis,</span> <span class='ocrx_word' id='word_1_416' title='bbox 2280 2456 2476 2512; x_wconf 90' lang='lat' dir='ltr'>corpus</span> <span class='ocrx_word' id='word_1_417' title='bbox 2501 2459 2564 2496; x_wconf 89' lang='lat' dir='ltr'>ac</span> <span class='ocrx_word' id='word_1_418' title='bbox 2585 2459 2853 2498; x_wconf 88' lang='lat' dir='ltr'>summum</span> <span class='ocrx_word' id='word_1_419' title='bbox 2879 2457 3040 2516; x_wconf 89' lang='lat' dir='ltr'>caput</span> 
     </span>
    </p>
   </div>
   <div class='ocr_carea' id='block_1_83' title="bbox 1771 2523 2836 2601">
    <p class='ocr_par' dir='ltr' id='par_1_83' title="bbox 1771 2523 2836 2601">
     <span class='ocr_line' id='line_1_83' title="bbox 1771 2523 2836 2601; baseline 0.008 -22"><span class='ocrx_word' id='word_1_420' title='bbox 1771 2523 1847 2579; x_wconf 86' lang='lat' dir='ltr'><strong>Ita</strong></span> <span class='ocrx_word' id='word_1_421' title='bbox 1884 2529 2234 2584; x_wconf 88' lang='lat' dir='ltr'>commintuis</span> <span class='ocrx_word' id='word_1_422' title='bbox 2263 2532 2581 2601; x_wconf 83' lang='lat' dir='ltr'>dissipautia</span> <span class='ocrx_word' id='word_1_423' title='bbox 2609 2535 2836 2589; x_wconf 88' lang='lat' dir='ltr'>artubus</span> 
     </span>
    </p>
   </div>
   <div class='ocr_carea' id='block_1_84' title="bbox 1772 2617 2993 2695">
    <p class='ocr_par' dir='ltr' id='par_1_84' title="bbox 1772 2617 2993 2695">
     <span class='ocr_line' id='line_1_84' title="bbox 1772 2617 2993 2695; baseline 0.008 -24"><span class='ocrx_word' id='word_1_424' title='bbox 1772 2617 1958 2671; x_wconf 61' lang='lat' dir='ltr'><strong>Saloni</strong></span> <span class='ocrx_word' id='word_1_425' title='bbox 1985 2629 2041 2672; x_wconf 91' lang='lat' dir='ltr'>ut</span> <span class='ocrx_word' id='word_1_426' title='bbox 2076 2620 2326 2688; x_wconf 83' lang='lat' dir='ltr'>sepulcro</span> <span class='ocrx_word' id='word_1_427' title='bbox 2355 2635 2674 2679; x_wconf 80' lang='lat' dir='ltr'>cerneretur</span> <span class='ocrx_word' id='word_1_428' title='bbox 2703 2641 2993 2695; x_wconf 77' lang='lat' dir='ltr'><strong>congruos.</strong></span> 
     </span>
    </p>
   </div>
   <div class='ocr_carea' id='block_1_85' title="bbox 1773 2710 3101 2790">
    <p class='ocr_par' dir='ltr' id='par_1_85' title="bbox 1773 2710 3101 2790">
     <span class='ocr_line' id='line_1_85' title="bbox 1773 2710 3101 2790; baseline 0.01 -28"><span class='ocrx_word' id='word_1_429' title='bbox 1773 2710 1908 2764; x_wconf 85' lang='lat' dir='ltr'><strong>Huic</strong></span> <span class='ocrx_word' id='word_1_430' title='bbox 1935 2717 2373 2783; x_wconf 88' lang='lat' dir='ltr'><strong>appropinquans</strong></span> <span class='ocrx_word' id='word_1_431' title='bbox 2399 2714 2575 2770; x_wconf 79' lang='lat' dir='ltr'>fundit</span> <span class='ocrx_word' id='word_1_432' title='bbox 2603 2729 2763 2771; x_wconf 85' lang='lat' dir='ltr'>orans</span> <span class='ocrx_word' id='word_1_433' title='bbox 2787 2717 3101 2790; x_wconf 83' lang='lat' dir='ltr'><strong>Symbolum</strong></span> 
     </span>
    </p>
   </div>
   <div class='ocr_carea' id='block_1_86' title="bbox 1770 2797 2812 2874">
    <p class='ocr_par' dir='ltr' id='par_1_86' title="bbox 1770 2797 2812 2874">
     <span class='ocr_line' id='line_1_86' title="bbox 1770 2797 2812 2874; baseline 0.011 -22"><span class='ocrx_word' id='word_1_434' title='bbox 1770 2797 2268 2872; x_wconf 79' lang='lat' dir='ltr'>Precesquejuugit</span> <span class='ocrx_word' id='word_1_435' title='bbox 2296 2821 2389 2858; x_wconf 92' lang='lat' dir='ltr'><strong>ore</strong></span> <span class='ocrx_word' id='word_1_436' title='bbox 2413 2805 2549 2859; x_wconf 87' lang='lat' dir='ltr'>latas</span> <span class='ocrx_word' id='word_1_437' title='bbox 2579 2810 2812 2874; x_wconf 78' lang='lat' dir='ltr'>cmlico;</span> 
     </span>
    </p>
   </div>
   <div class='ocr_carea' id='block_1_87' title="bbox 1721 2889 2846 2966">
    <p class='ocr_par' dir='ltr' id='par_1_87' title="bbox 1721 2889 2846 2966">
     <span class='ocr_line' id='line_1_87' title="bbox 1721 2889 2846 2966; baseline 0.011 -25"><span class='ocrx_word' id='word_1_438' title='bbox 1721 2946 1738 2966; x_wconf 36' lang='grc' dir='ltr'><strong>η</strong></span> <span class='ocrx_word' id='word_1_439' title='bbox 1773 2889 1890 2942; x_wconf 68' lang='grc' dir='ltr'>ιιυχ</span> <span class='ocrx_word' id='word_1_440' title='bbox 1923 2890 2207 2960; x_wconf 75' lang='lat' dir='ltr'>integratis</span> <span class='ocrx_word' id='word_1_441' title='bbox 2235 2895 2315 2948; x_wconf 82' lang='lat' dir='ltr'>sic</span> <span class='ocrx_word' id='word_1_442' title='bbox 2344 2897 2576 2965; x_wconf 76' lang='lat' dir='ltr'><strong>resurgit</strong></span> <span class='ocrx_word' id='word_1_443' title='bbox 2601 2899 2846 2963; x_wconf 87' lang='lat' dir='ltr'>ossibus,</span> 
     </span>
    </p>
   </div>
   <div class='ocr_carea' id='block_1_88' title="bbox 1694 2953 2884 3058">
    <p class='ocr_par' dir='ltr' id='par_1_88' title="bbox 1694 2953 2884 3058">
     <span class='ocr_line' id='line_1_88' title="bbox 1694 2953 2884 3058; baseline 0.013 -26"><span class='ocrx_word' id='word_1_444' title='bbox 1694 2953 1738 3006; x_wconf 61' lang='grc'>(³</span> <span class='ocrx_word' id='word_1_445' title='bbox 1774 2981 1961 3037; x_wconf 79' lang='lat' dir='ltr'>Salute</span> <span class='ocrx_word' id='word_1_446' title='bbox 1997 2983 2149 3038; x_wconf 61' lang='lat' dir='ltr'>laetus</span> <span class='ocrx_word' id='word_1_447' title='bbox 2175 2999 2238 3039; x_wconf 81' lang='lat' dir='ltr'><strong>ac</strong></span> <span class='ocrx_word' id='word_1_448' title='bbox 2265 2987 2450 3054; x_wconf 74' lang='lat' dir='ltr'>vigens</span> <span class='ocrx_word' id='word_1_449' title='bbox 2490 2989 2848 3046; x_wconf 84' lang='lat' dir='ltr'>homunculus</span> <span class='ocrx_word' id='word_1_450' title='bbox 2869 3031 2884 3058; x_wconf 93' lang='lat'>,</span> 
     </span>
    </p>
   </div>
   <div class='ocr_carea' id='block_1_89' title="bbox 1770 3071 2713 3139">
    <p class='ocr_par' dir='ltr' id='par_1_89' title="bbox 1770 3071 2713 3139">
     <span class='ocr_line' id='line_1_89' title="bbox 1770 3071 2713 3139; baseline 0.008 -13"><span class='ocrx_word' id='word_1_451' title='bbox 1770 3071 2115 3139; x_wconf 67' lang='lat' dir='ltr'>Contusiouis</span> <span class='ocrx_word' id='word_1_452' title='bbox 2138 3093 2232 3130; x_wconf 87' lang='lat' dir='ltr'>ceu</span> <span class='ocrx_word' id='word_1_453' title='bbox 2263 3078 2396 3132; x_wconf 91' lang='lat' dir='ltr'><strong>nihil</strong></span> <span class='ocrx_word' id='word_1_454' title='bbox 2433 3080 2713 3135; x_wconf 85' lang='lat' dir='ltr'><strong>subiverit.</strong></span> 
     </span>
    </p>
   </div>
   <div class='ocr_carea' id='block_1_90' title="bbox 1770 3162 2808 3240">
    <p class='ocr_par' dir='ltr' id='par_1_90' title="bbox 1770 3162 2808 3240">
     <span class='ocr_line' id='line_1_90' title="bbox 1770 3162 2808 3240; baseline 0.01 -24"><span class='ocrx_word' id='word_1_455' title='bbox 1770 3162 1978 3218; x_wconf 84' lang='lat' dir='ltr'><strong>Tenent</strong></span> <span class='ocrx_word' id='word_1_456' title='bbox 2004 3176 2218 3221; x_wconf 91' lang='lat' dir='ltr'>euntem</span> <span class='ocrx_word' id='word_1_457' title='bbox 2243 3170 2494 3223; x_wconf 88' lang='lat' dir='ltr'>sanitatis</span> <span class='ocrx_word' id='word_1_458' title='bbox 2522 3172 2808 3240; x_wconf 84' lang='lat' dir='ltr'><strong>prodigum</strong></span> 
     </span>
    </p>
   </div>
   <div class='ocr_carea' id='block_1_91' title="bbox 1768 3251 2884 3329">
    <p class='ocr_par' dir='ltr' id='par_1_91' title="bbox 1768 3251 2884 3329">
     <span class='ocr_line' id='line_1_91' title="bbox 1768 3251 2884 3329; baseline 0.011 -23"><span class='ocrx_word' id='word_1_459' title='bbox 1768 3251 1927 3308; x_wconf 85' lang='lat' dir='ltr'>Pueri</span> <span class='ocrx_word' id='word_1_460' title='bbox 1958 3267 2208 3326; x_wconf 83' lang='lat' dir='ltr'><strong>parentes</strong></span> <span class='ocrx_word' id='word_1_461' title='bbox 2237 3258 2576 3329; x_wconf 71' lang='lat' dir='ltr'><strong>oﬂ’eruntqne</strong></span> <span class='ocrx_word' id='word_1_462' title='bbox 2608 3262 2884 3318; x_wconf 76' lang='lat' dir='ltr'>servulum</span> 
     </span>
    </p>
   </div>
   <div class='ocr_carea' id='block_1_92' title="bbox 1769 3347 2828 3424">
    <p class='ocr_par' dir='ltr' id='par_1_92' title="bbox 1769 3347 2828 3424">
     <span class='ocr_line' id='line_1_92' title="bbox 1769 3347 2828 3424; baseline 0.008 -24"><span class='ocrx_word' id='word_1_463' title='bbox 1769 3347 2168 3403; x_wconf 75' lang='lat' dir='ltr'><strong>Resuscitatum</strong></span> <span class='ocrx_word' id='word_1_464' title='bbox 2200 3352 2315 3405; x_wconf 85' lang='lat' dir='ltr'>sive</span> <span class='ocrx_word' id='word_1_465' title='bbox 2346 3361 2533 3420; x_wconf 85' lang='lat' dir='ltr'>poscat</span> <span class='ocrx_word' id='word_1_466' title='bbox 2571 3355 2828 3424; x_wconf 89' lang='lat' dir='ltr'>amplius;</span> 
     </span>
    </p>
   </div>
   <div class='ocr_carea' id='block_1_93' title="bbox 1766 3436 3005 3515">
    <p class='ocr_par' dir='ltr' id='par_1_93' title="bbox 1766 3436 3005 3515">
     <span class='ocr_line' id='line_1_93' title="bbox 1766 3436 3005 3515; baseline 0.01 -28"><span class='ocrx_word' id='word_1_467' title='bbox 1766 3436 1911 3502; x_wconf 80' lang='lat' dir='ltr'>Quos</span> <span class='ocrx_word' id='word_1_468' title='bbox 1940 3441 2308 3506; x_wconf 82' lang='lat' dir='ltr'>apprehensus</span> <span class='ocrx_word' id='word_1_469' title='bbox 2335 3441 2495 3508; x_wconf 88' lang='lat' dir='ltr'>paulo</span> <span class='ocrx_word' id='word_1_470' title='bbox 2523 3443 2697 3496; x_wconf 91' lang='lat' dir='ltr'>turbis</span> <span class='ocrx_word' id='word_1_471' title='bbox 2725 3455 2974 3515; x_wconf 68' lang='lat' dir='ltr'><strong>segregat</strong></span> <span class='ocrx_word' id='word_1_472' title='bbox 3003 3469 3005 3472; x_wconf 37' lang='grc'><em>⁴</em></span> 
     </span>
    </p>
   </div>
   <div class='ocr_carea' id='block_1_94' title="bbox 1767 3529 2921 3603">
    <p class='ocr_par' dir='ltr' id='par_1_94' title="bbox 1767 3529 2921 3603">
     <span class='ocr_line' id='line_1_94' title="bbox 1767 3529 2921 3603; baseline 0.007 -21"><span class='ocrx_word' id='word_1_473' title='bbox 1767 3529 2084 3599; x_wconf 76' lang='lat' dir='ltr'>Suuunique</span> <span class='ocrx_word' id='word_1_474' title='bbox 2109 3533 2250 3586; x_wconf 89' lang='lat' dir='ltr'>vires</span> <span class='ocrx_word' id='word_1_475' title='bbox 2280 3534 2514 3587; x_wconf 89' lang='lat' dir='ltr'><strong>numinis</strong></span> <span class='ocrx_word' id='word_1_476' title='bbox 2542 3550 2672 3603; x_wconf 87' lang='lat' dir='ltr'>pure</span> <span class='ocrx_word' id='word_1_477' title='bbox 2694 3537 2921 3601; x_wconf 88' lang='lat' dir='ltr'>indicat,</span> 
     </span>
    </p>
   </div>
   <div class='ocr_carea' id='block_1_95' title="bbox 1763 3620 2840 3695">
    <p class='ocr_par' dir='ltr' id='par_1_95' title="bbox 1763 3620 2840 3695">
     <span class='ocr_line' id='line_1_95' title="bbox 1763 3620 2840 3695; baseline 0.005 -21"><span class='ocrx_word' id='word_1_478' title='bbox 1763 3620 2114 3690; x_wconf 68' lang='lat' dir='ltr'>Cernit-nsque</span> <span class='ocrx_word' id='word_1_479' title='bbox 2135 3625 2588 3680; x_wconf 85' lang='lat' dir='ltr'>eorumroborari</span> <span class='ocrx_word' id='word_1_480' title='bbox 2621 3635 2840 3695; x_wconf 87' lang='lat' dir='ltr'><strong>pectora</strong></span> 
     </span>
    </p>
   </div>
   <div class='ocr_carea' id='block_1_96' title="bbox 1764 3710 2831 3784">
    <p class='ocr_par' dir='ltr' id='par_1_96' title="bbox 1764 3710 2831 3784">
     <span class='ocr_line' id='line_1_96' title="bbox 1764 3710 2831 3784; baseline 0.006 -20"><span class='ocrx_word' id='word_1_481' title='bbox 1764 3710 1980 3768; x_wconf 81' lang='lat' dir='ltr'><strong>Timore</strong></span> <span class='ocrx_word' id='word_1_482' title='bbox 2000 3713 2222 3776; x_wconf 86' lang='lat' dir='ltr'>Christi,</span> <span class='ocrx_word' id='word_1_483' title='bbox 2251 3716 2465 3784; x_wconf 67' lang='lat' dir='ltr'>praesuli</span> <span class='ocrx_word' id='word_1_484' title='bbox 2493 3715 2650 3771; x_wconf 84' lang='lat' dir='ltr'><strong>offert</strong></span> <span class='ocrx_word' id='word_1_485' title='bbox 2677 3717 2831 3772; x_wconf 88' lang='lat' dir='ltr'><strong>Gaio.</strong></span> 
     </span>
    </p>
   </div>
   <div class='ocr_carea' id='block_1_97' title="bbox 1762 3804 2820 3880">
    <p class='ocr_par' dir='ltr' id='par_1_97' title="bbox 1762 3804 2820 3880">
     <span class='ocr_line' id='line_1_97' title="bbox 1762 3804 2820 3880; baseline 0.007 -22"><span class='ocrx_word' id='word_1_486' title='bbox 1762 3804 1912 3859; x_wconf 89' lang='lat' dir='ltr'><strong>Illum</strong></span> <span class='ocrx_word' id='word_1_487' title='bbox 1945 3806 2202 3860; x_wconf 82' lang='lat' dir='ltr'><strong>ferentem</strong></span> <span class='ocrx_word' id='word_1_488' title='bbox 2235 3809 2322 3876; x_wconf 83' lang='lat' dir='ltr'>qui</span> <span class='ocrx_word' id='word_1_489' title='bbox 2352 3809 2583 3863; x_wconf 69' lang='lat' dir='ltr'>lentum</span> <span class='ocrx_word' id='word_1_490' title='bbox 2613 3812 2820 3880; x_wconf 82' lang='lat' dir='ltr'>gratias</span> 
     </span>
    </p>
   </div>
   <div class='ocr_carea' id='block_1_98' title="bbox 1761 3893 2780 3970">
    <p class='ocr_par' dir='ltr' id='par_1_98' title="bbox 1761 3893 2780 3970">
     <span class='ocr_line' id='line_1_98' title="bbox 1761 3893 2780 3970; baseline 0.008 -23"><span class='ocrx_word' id='word_1_491' title='bbox 1761 3893 2008 3964; x_wconf 85' lang='lat' dir='ltr'><strong>Baptizat</strong></span> <span class='ocrx_word' id='word_1_492' title='bbox 2036 3898 2208 3951; x_wconf 78' lang='lat' dir='ltr'>auctis</span> <span class='ocrx_word' id='word_1_493' title='bbox 2239 3899 2405 3964; x_wconf 73' lang='lat' dir='ltr'><strong>gloria</strong></span> <span class='ocrx_word' id='word_1_494' title='bbox 2439 3901 2780 3970; x_wconf 87' lang='lat' dir='ltr'>parentibus,</span> 
     </span>
    </p>
   </div>
   <div class='ocr_carea' id='block_1_99' title="bbox 1761 3987 2818 4059">
    <p class='ocr_par' dir='ltr' id='par_1_99' title="bbox 1761 3987 2818 4059">
     <span class='ocr_line' id='line_1_99' title="bbox 1761 3987 2818 4059; baseline 0.005 -18"><span class='ocrx_word' id='word_1_495' title='bbox 1761 3987 1972 4041; x_wconf 88' lang='lat' dir='ltr'><strong>Primos</strong></span> <span class='ocrx_word' id='word_1_496' title='bbox 2000 3988 2203 4042; x_wconf 86' lang='lat' dir='ltr'><strong>novella</strong></span> <span class='ocrx_word' id='word_1_497' title='bbox 2241 3989 2499 4059; x_wconf 78' lang='lat' dir='ltr'>colligens</span> <span class='ocrx_word' id='word_1_498' title='bbox 2531 4005 2596 4044; x_wconf 79' lang='lat' dir='ltr'><strong>ex</strong></span> <span class='ocrx_word' id='word_1_499' title='bbox 2627 3992 2818 4047; x_wconf 87' lang='lat' dir='ltr'>arbore</span> 
     </span>
    </p>
   </div>
   <div class='ocr_carea' id='block_1_100' title="bbox 1758 4081 2790 4153">
    <p class='ocr_par' dir='ltr' id='par_1_100' title="bbox 1758 4081 2790 4153">
     <span class='ocr_line' id='line_1_100' title="bbox 1758 4081 2790 4153; baseline 0.003 -17"><span class='ocrx_word' id='word_1_500' title='bbox 1758 4081 1990 4136; x_wconf 77' lang='lat' dir='ltr'>Fructus</span> <span class='ocrx_word' id='word_1_501' title='bbox 2024 4082 2143 4137; x_wconf 86' lang='lat' dir='ltr'>lidei</span> <span class='ocrx_word' id='word_1_502' title='bbox 2168 4124 2182 4147; x_wconf 92' lang='lat'>,</span> <span class='ocrx_word' id='word_1_503' title='bbox 2208 4084 2377 4152; x_wconf 88' lang='lat' dir='ltr'>possit</span> <span class='ocrx_word' id='word_1_504' title='bbox 2405 4094 2464 4136; x_wconf 91' lang='lat' dir='ltr'>ut</span> <span class='ocrx_word' id='word_1_505' title='bbox 2492 4099 2790 4153; x_wconf 81' lang='lat' dir='ltr'>coguocere</span> 
     </span>
    </p>
   </div>
   <div class='ocr_carea' id='block_1_101' title="bbox 1758 4173 2904 4251">
    <p class='ocr_par' dir='ltr' id='par_1_101' title="bbox 1758 4173 2904 4251">
     <span class='ocr_line' id='line_1_101' title="bbox 1758 4173 2904 4251; baseline 0.003 -23"><span class='ocrx_word' id='word_1_506' title='bbox 1758 4173 1988 4243; x_wconf 78' lang='lat' dir='ltr'><strong>Lignum</strong></span> <span class='ocrx_word' id='word_1_507' title='bbox 2013 4175 2210 4229; x_wconf 87' lang='lat' dir='ltr'><strong>decore</strong></span> <span class='ocrx_word' id='word_1_508' title='bbox 2238 4176 2585 4251; x_wconf 61' lang='lat' dir='ltr'>pra‘bitorum</span> <span class='ocrx_word' id='word_1_509' title='bbox 2610 4175 2904 4244; x_wconf 87' lang='lat' dir='ltr'>frucumm,</span> 
     </span>
    </p>
   </div>
   <div class='ocr_carea' id='block_1_102' title="bbox 1678 4263 2973 4339">
    <p class='ocr_par' dir='ltr' id='par_1_102' title="bbox 1678 4263 2973 4339">
     <span class='ocr_line' id='line_1_102' title="bbox 1678 4263 2973 4339; baseline 0.006 -24"><span class='ocrx_word' id='word_1_510' title='bbox 1678 4281 1731 4339; x_wconf 69' lang='grc' dir='ltr'>Ι)</span> <span class='ocrx_word' id='word_1_511' title='bbox 1758 4263 2104 4318; x_wconf 83' lang='lat' dir='ltr'>Furibundus</span> <span class='ocrx_word' id='word_1_512' title='bbox 2134 4265 2338 4328; x_wconf 79' lang='lat' dir='ltr'>hostis,</span> <span class='ocrx_word' id='word_1_513' title='bbox 2367 4265 2516 4320; x_wconf 88' lang='lat' dir='ltr'>lucra</span> <span class='ocrx_word' id='word_1_514' title='bbox 2549 4276 2692 4321; x_wconf 86' lang='lat' dir='ltr'>tanta</span> <span class='ocrx_word' id='word_1_515' title='bbox 2720 4284 2973 4323; x_wconf 81' lang='lat' dir='ltr'>crescere</span> 
     </span>
    </p>
   </div>
   <div class='ocr_carea' id='block_1_103' title="bbox 1759 4355 2987 4428">
    <p class='ocr_par' dir='ltr' id='par_1_103' title="bbox 1759 4355 2987 4428">
     <span class='ocr_line' id='line_1_103' title="bbox 1759 4355 2987 4428; baseline 0.004 -21"><span class='ocrx_word' id='word_1_516' title='bbox 1759 4355 1952 4409; x_wconf 84' lang='lat' dir='ltr'>Dolens</span> <span class='ocrx_word' id='word_1_517' title='bbox 1985 4355 2107 4410; x_wconf 83' lang='lat' dir='ltr'><strong>fidei</strong></span> <span class='ocrx_word' id='word_1_518' title='bbox 2128 4397 2141 4420; x_wconf 92' lang='lat'>,</span> <span class='ocrx_word' id='word_1_519' title='bbox 2173 4358 2313 4410; x_wconf 91' lang='lat' dir='ltr'>hanc</span> <span class='ocrx_word' id='word_1_520' title='bbox 2345 4358 2470 4411; x_wconf 92' lang='lat' dir='ltr'><strong>dum</strong></span> <span class='ocrx_word' id='word_1_521' title='bbox 2503 4359 2719 4412; x_wconf 84' lang='lat' dir='ltr'>lacessit</span> <span class='ocrx_word' id='word_1_522' title='bbox 2748 4357 2987 4428; x_wconf 79' lang='lat' dir='ltr'>publice,</span> 
     </span>
    </p>
   </div>
   <div class='ocr_carea' id='block_1_104' title="bbox 1754 4444 3046 4519">
    <p class='ocr_par' dir='ltr' id='par_1_104' title="bbox 1754 4444 3046 4519">
     <span class='ocr_line' id='line_1_104' title="bbox 1754 4444 3046 4519; baseline 0.003 -21"><span class='ocrx_word' id='word_1_523' title='bbox 1754 4444 2150 4514; x_wconf 84' lang='lat' dir='ltr'>Cougressione</span> <span class='ocrx_word' id='word_1_524' title='bbox 2174 4446 2414 4499; x_wconf 86' lang='lat' dir='ltr'>clancula</span> <span class='ocrx_word' id='word_1_525' title='bbox 2451 4449 2763 4516; x_wconf 81' lang='lat' dir='ltr'><strong>aggreditur</strong></span> <span class='ocrx_word' id='word_1_526' title='bbox 2793 4465 3046 4519; x_wconf 81' lang='lat' dir='ltr'><strong>quoque,</strong></span> 
     </span>
    </p>
   </div>
   <div class='ocr_carea' id='block_1_105' title="bbox 1754 4533 2906 4605">
    <p class='ocr_par' dir='ltr' id='par_1_105' title="bbox 1754 4533 2906 4605">
     <span class='ocr_line' id='line_1_105' title="bbox 1754 4533 2906 4605; baseline 0.004 -17"><span class='ocrx_word' id='word_1_527' title='bbox 1754 4533 2073 4604; x_wconf 75' lang='lat' dir='ltr'><strong>Legensquc</strong></span> <span class='ocrx_word' id='word_1_528' title='bbox 2105 4547 2290 4590; x_wconf 76' lang='grc' dir='ltr'>ιιιηιιηι</span> <span class='ocrx_word' id='word_1_529' title='bbox 2324 4537 2568 4590; x_wconf 85' lang='lat' dir='ltr'><strong>criminis</strong></span> <span class='ocrx_word' id='word_1_530' title='bbox 2595 4537 2906 4605; x_wconf 84' lang='lat' dir='ltr'>satellitem,</span> 
     </span>
    </p>
   </div>
   <div class='ocr_carea' id='block_1_106' title="bbox 1755 4627 2846 4698">
    <p class='ocr_par' dir='ltr' id='par_1_106' title="bbox 1755 4627 2846 4698">
     <span class='ocr_line' id='line_1_106' title="bbox 1755 4627 2846 4698; baseline 0.001 -17"><span class='ocrx_word' id='word_1_531' title='bbox 1755 4627 1972 4698; x_wconf 88' lang='lat' dir='ltr'>Delegat</span> <span class='ocrx_word' id='word_1_532' title='bbox 1999 4629 2199 4681; x_wconf 91' lang='lat' dir='ltr'><strong>almum</strong></span> <span class='ocrx_word' id='word_1_533' title='bbox 2231 4627 2532 4682; x_wconf 88' lang='lat' dir='ltr'>mentiatur</span> <span class='ocrx_word' id='word_1_534' title='bbox 2558 4643 2846 4697; x_wconf 80' lang='lat' dir='ltr'>supparem</span> 
     </span>
    </p>
   </div>
   <div class='ocr_carea' id='block_1_107' title="bbox 1751 4716 2983 4793">
    <p class='ocr_par' dir='ltr' id='par_1_107' title="bbox 1751 4716 2983 4793">
     <span class='ocr_line' id='line_1_107' title="bbox 1751 4716 2983 4793; baseline 0.005 -23"><span class='ocrx_word' id='word_1_535' title='bbox 1751 4716 2084 4787; x_wconf 79' lang='lat' dir='ltr'>Junctusque</span> <span class='ocrx_word' id='word_1_536' title='bbox 2116 4719 2258 4787; x_wconf 87' lang='lat' dir='ltr'>patri</span> <span class='ocrx_word' id='word_1_537' title='bbox 2282 4717 2447 4771; x_wconf 85' lang='lat' dir='ltr'>chara</span> <span class='ocrx_word' id='word_1_538' title='bbox 2470 4727 2646 4773; x_wconf 85' lang='lat' dir='ltr'>vertat</span> <span class='ocrx_word' id='word_1_539' title='bbox 2674 4719 2896 4789; x_wconf 82' lang='lat' dir='ltr'><strong>pignora</strong></span> <span class='ocrx_word' id='word_1_540' title='bbox 2917 4761 2935 4793; x_wconf 85' lang='lat'>,</span> <span class='ocrx_word' id='word_1_541' title='bbox 2981 4735 2983 4738; x_wconf 76' lang='lat'><em>‘</em></span> 
     </span>
    </p>
   </div>
   <div class='ocr_carea' id='block_1_108' title="bbox 1751 4809 2762 4881">
    <p class='ocr_par' dir='ltr' id='par_1_108' title="bbox 1751 4809 2762 4881">
     <span class='ocr_line' id='line_1_108' title="bbox 1751 4809 2762 4881; baseline 0.002 -17"><span class='ocrx_word' id='word_1_542' title='bbox 1751 4812 2009 4879; x_wconf 84' lang='lat' dir='ltr'>Captetve</span> <span class='ocrx_word' id='word_1_543' title='bbox 2040 4809 2215 4876; x_wconf 81' lang='lat' dir='ltr'>facis;</span> <span class='ocrx_word' id='word_1_544' title='bbox 2247 4822 2546 4881; x_wconf 87' lang='lat' dir='ltr'>aucupatus</span> <span class='ocrx_word' id='word_1_545' title='bbox 2567 4812 2762 4866; x_wconf 75' lang='lat' dir='ltr'><strong>abditis</strong></span> 
     </span>
    </p>
   </div>
   <div class='ocr_carea' id='block_1_109' title="bbox 1751 4899 2947 4973">
    <p class='ocr_par' dir='ltr' id='par_1_109' title="bbox 1751 4899 2947 4973">
     <span class='ocr_line' id='line_1_109' title="bbox 1751 4899 2947 4973; baseline 0.009 -23"><span class='ocrx_word' id='word_1_546' title='bbox 1751 4899 1922 4965; x_wconf 85' lang='lat' dir='ltr'>Quem</span> <span class='ocrx_word' id='word_1_547' title='bbox 1949 4902 2072 4954; x_wconf 80' lang='lat' dir='ltr'><strong>dum</strong></span> <span class='ocrx_word' id='word_1_548' title='bbox 2099 4899 2410 4970; x_wconf 80' lang='lat' dir='ltr'>frequenter</span> <span class='ocrx_word' id='word_1_549' title='bbox 2442 4904 2617 4973; x_wconf 84' lang='lat' dir='ltr'>arguit</span> <span class='ocrx_word' id='word_1_550' title='bbox 2643 4901 2947 4972; x_wconf 76' lang='lat' dir='ltr'>Tiburtius,</span> 
     </span>
    </p>
   </div>
   <div class='ocr_carea' id='block_1_110' title="bbox 1751 4989 2805 5064">
    <p class='ocr_par' dir='ltr' id='par_1_110' title="bbox 1751 4989 2805 5064">
     <span class='ocr_line' id='line_1_110' title="bbox 1751 4989 2805 5064; baseline 0.004 -22"><span class='ocrx_word' id='word_1_551' title='bbox 1751 4989 2006 5045; x_wconf 86' lang='lat' dir='ltr'>Tonsoris</span> <span class='ocrx_word' id='word_1_552' title='bbox 2031 5003 2147 5045; x_wconf 82' lang='lat' dir='ltr'><strong>arte</strong></span> <span class='ocrx_word' id='word_1_553' title='bbox 2167 4993 2308 5062; x_wconf 90' lang='lat' dir='ltr'><strong>quod</strong></span> <span class='ocrx_word' id='word_1_554' title='bbox 2342 5008 2571 5062; x_wconf 76' lang='lat' dir='ltr'>repexus</span> <span class='ocrx_word' id='word_1_555' title='bbox 2597 4996 2805 5064; x_wconf 82' lang='lat' dir='ltr'><strong>digerat</strong></span> 
     </span>
    </p>
   </div>
   <div class='ocr_carea' id='block_1_111' title="bbox 1750 5080 3022 5156">
    <p class='ocr_par' dir='ltr' id='par_1_111' title="bbox 1750 5080 3022 5156">
     <span class='ocr_line' id='line_1_111' title="bbox 1750 5080 3022 5156; baseline 0.003 -22"><span class='ocrx_word' id='word_1_556' title='bbox 1750 5080 1936 5136; x_wconf 86' lang='lat' dir='ltr'><strong>Frouti</strong></span> <span class='ocrx_word' id='word_1_557' title='bbox 1961 5082 2210 5150; x_wconf 83' lang='lat' dir='ltr'>capillos,</span> <span class='ocrx_word' id='word_1_558' title='bbox 2229 5084 2395 5152; x_wconf 79' lang='lat' dir='ltr'><strong>&#39;queis</strong></span> <span class='ocrx_word' id='word_1_559' title='bbox 2425 5087 2480 5156; x_wconf 78' lang='lat' dir='ltr'>gl</span> <span class='ocrx_word' id='word_1_560' title='bbox 2497 5085 2708 5141; x_wconf 63' lang='lat' dir='ltr'>ibellum</span> <span class='ocrx_word' id='word_1_561' title='bbox 2740 5090 3022 5153; x_wconf 81' lang='lat' dir='ltr'>percolat,</span> 
     </span>
    </p>
   </div>
   <div class='ocr_carea' id='block_1_112' title="bbox 1655 5170 2858 5242">
    <p class='ocr_par' dir='ltr' id='par_1_112' title="bbox 1655 5170 2858 5242">
     <span class='ocr_line' id='line_1_112' title="bbox 1655 5170 2858 5242; baseline 0.002 -18"><span class='ocrx_word' id='word_1_562' title='bbox 1655 5187 1662 5194; x_wconf 85' lang='lat'>&#39;</span> <span class='ocrx_word' id='word_1_563' title='bbox 1749 5170 1903 5236; x_wconf 83' lang='lat' dir='ltr'><strong>Quod</strong></span> <span class='ocrx_word' id='word_1_564' title='bbox 1931 5173 2282 5242; x_wconf 83' lang='lat' dir='ltr'>prandiorum</span> <span class='ocrx_word' id='word_1_565' title='bbox 2314 5174 2536 5230; x_wconf 85' lang='lat' dir='ltr'>sedulus</span> <span class='ocrx_word' id='word_1_566' title='bbox 2556 5189 2612 5227; x_wconf 93' lang='lat' dir='ltr'>se</span> <span class='ocrx_word' id='word_1_567' title='bbox 2643 5174 2858 5227; x_wconf 62' lang='lat' dir='ltr'>lusibus</span> 
     </span>
    </p>
   </div>
   <div class='ocr_carea' id='block_1_113' title="bbox 1750 5261 2972 5330">
    <p class='ocr_par' dir='ltr' id='par_1_113' title="bbox 1750 5261 2972 5330">
     <span class='ocr_line' id='line_1_113' title="bbox 1750 5261 2972 5330; baseline 0.005 -16"><span class='ocrx_word' id='word_1_568' title='bbox 1750 5261 1871 5327; x_wconf 90' lang='lat' dir='ltr'>Det,</span> <span class='ocrx_word' id='word_1_569' title='bbox 1896 5263 2216 5318; x_wconf 78' lang='lat' dir='ltr'><strong>feminarum</strong></span> <span class='ocrx_word' id='word_1_570' title='bbox 2243 5265 2445 5330; x_wconf 81' lang='lat' dir='ltr'>pandat</span> <span class='ocrx_word' id='word_1_571' title='bbox 2473 5265 2614 5321; x_wconf 90' lang='lat' dir='ltr'>ultro</span> <span class='ocrx_word' id='word_1_572' title='bbox 2637 5266 2972 5330; x_wconf 78' lang='lat' dir='ltr'>aspectibus,</span> 
     </span>
    </p>
   </div>
   <div class='ocr_carea' id='block_1_114' title="bbox 3255 155 3357 208">
    <p class='ocr_par' dir='ltr' id='par_1_114' title="bbox 3255 155 3357 208">
     <span class='ocr_line' id='line_1_114' title="bbox 3255 155 3357 208; baseline 0 -1"><span class='ocrx_word' id='word_1_573' title='bbox 3255 155 3357 208; x_wconf 74' lang='lat'>706</span> 
     </span>
    </p>
   </div>
  </div>
