  <div class='ocr_page' id='page_1' title='image "/cluster/home/n/w/nwhite01/storage/ocr_20150623/135/hvd.32044015471758/362.png"; bbox 0 0 3888 5330; ppageno 0'>
   <div class='ocr_carea' id='block_1_1' title="bbox 91 267 2765 331">
    <p class='ocr_par' dir='ltr' id='par_1_1' title="bbox 91 267 2765 331">
     <span class='ocr_line' id='line_1_1' title="bbox 91 267 2765 331; baseline -0 -2"><span class='ocrx_word' id='word_1_1' title='bbox 91 272 195 331; x_wconf 80' lang='lat'><strong>709</strong></span> <span class='ocrx_word' id='word_1_2' title='bbox 668 268 755 323; x_wconf 87' lang='lat' dir='ltr'><strong>DE</strong></span> <span class='ocrx_word' id='word_1_3' title='bbox 793 268 1064 325; x_wconf 77' lang='lat' dir='ltr'><strong>CHRISTI</strong></span> <span class='ocrx_word' id='word_1_4' title='bbox 1101 267 1479 325; x_wconf 76' lang='lat' dir='ltr'><strong>TRIUMPHIS</strong></span> <span class='ocrx_word' id='word_1_5' title='bbox 1515 267 1701 323; x_wconf 83' lang='lat' dir='ltr'><strong>APUD</strong></span> <span class='ocrx_word' id='word_1_6' title='bbox 1738 267 2017 322; x_wconf 73' lang='lat' dir='ltr'><strong>ITMJAM</strong></span> <span class='ocrx_word' id='word_1_7' title='bbox 2051 268 2226 324; x_wconf 71' lang='lat' dir='ltr'><strong>LIBRI</strong></span> <span class='ocrx_word' id='word_1_8' title='bbox 2270 269 2632 327; x_wconf 76' lang='lat' dir='ltr'><strong>XlV.-—-—LlB.</strong></span> <span class='ocrx_word' id='word_1_9' title='bbox 2674 271 2765 329; x_wconf 80' lang='lat' dir='ltr'><strong>Vl.</strong></span> 
     </span>
    </p>
   </div>
   <div class='ocr_carea' id='block_1_2' title="bbox 93 380 1162 451">
    <p class='ocr_par' dir='ltr' id='par_1_2' title="bbox 93 380 1162 451">
     <span class='ocr_line' id='line_1_2' title="bbox 93 380 1162 451; baseline -0.006 -9"><span class='ocrx_word' id='word_1_10' title='bbox 93 387 175 443; x_wconf 73' lang='lat' dir='ltr'><strong>Ad</strong></span> <span class='ocrx_word' id='word_1_11' title='bbox 209 385 327 439; x_wconf 72' lang='lat' dir='ltr'><strong>hmc</strong></span> <span class='ocrx_word' id='word_1_12' title='bbox 349 382 521 451; x_wconf 83' lang='lat' dir='ltr'><strong>ligato</strong></span> <span class='ocrx_word' id='word_1_13' title='bbox 550 381 791 436; x_wconf 83' lang='lat' dir='ltr'><strong>membra</strong></span> <span class='ocrx_word' id='word_1_14' title='bbox 820 396 952 436; x_wconf 84' lang='lat' dir='ltr'><strong>saxo</strong></span> <span class='ocrx_word' id='word_1_15' title='bbox 975 380 1162 436; x_wconf 87' lang='lat' dir='ltr'><strong>vitreis</strong></span> 
     </span>
    </p>
   </div>
   <div class='ocr_carea' id='block_1_3' title="bbox 95 474 1311 540">
    <p class='ocr_par' dir='ltr' id='par_1_3' title="bbox 95 474 1311 540">
     <span class='ocr_line' id='line_1_3' title="bbox 95 474 1311 540; baseline -0.005 -7"><span class='ocrx_word' id='word_1_16' title='bbox 95 479 342 533; x_wconf 86' lang='lat' dir='ltr'><strong>Tradunt</strong></span> <span class='ocrx_word' id='word_1_17' title='bbox 379 474 615 540; x_wconf 83' lang='lat' dir='ltr'><strong>ﬂuentis,</strong></span> <span class='ocrx_word' id='word_1_18' title='bbox 649 475 831 529; x_wconf 82' lang='lat' dir='ltr'><strong>Tibris</strong></span> <span class='ocrx_word' id='word_1_19' title='bbox 859 474 1011 528; x_wconf 82' lang='lat' dir='ltr'><strong>alveo</strong></span> <span class='ocrx_word' id='word_1_20' title='bbox 1038 474 1311 537; x_wconf 76' lang='lat' dir='ltr'><strong>ingerunt.</strong></span> 
     </span>
    </p>
   </div>
   <div class='ocr_carea' id='block_1_4' title="bbox 95 567 1285 644">
    <p class='ocr_par' dir='ltr' id='par_1_4' title="bbox 95 567 1285 644">
     <span class='ocr_line' id='line_1_4' title="bbox 95 567 1285 644; baseline -0.004 -16"><span class='ocrx_word' id='word_1_21' title='bbox 95 574 298 644; x_wconf 77' lang='lat' dir='ltr'><strong>Martyr</strong></span> <span class='ocrx_word' id='word_1_22' title='bbox 326 572 586 642; x_wconf 86' lang='lat' dir='ltr'><strong>magistro</strong></span> <span class='ocrx_word' id='word_1_23' title='bbox 610 585 716 625; x_wconf 89' lang='lat' dir='ltr'><strong>non</strong></span> <span class='ocrx_word' id='word_1_24' title='bbox 748 571 930 625; x_wconf 84' lang='lat' dir='ltr'><strong>ferens</strong></span> <span class='ocrx_word' id='word_1_25' title='bbox 967 570 1081 625; x_wconf 64' lang='lat' dir='ltr'><strong>haec</strong></span> <span class='ocrx_word' id='word_1_26' title='bbox 1110 567 1285 625; x_wconf 89' lang='lat' dir='ltr'><strong>occuli</strong></span> 
     </span>
    </p>
   </div>
   <div class='ocr_carea' id='block_1_5' title="bbox 94 662 990 733">
    <p class='ocr_par' dir='ltr' id='par_1_5' title="bbox 94 662 990 733">
     <span class='ocr_line' id='line_1_5' title="bbox 94 662 990 733; baseline -0.004 -14"><span class='ocrx_word' id='word_1_27' title='bbox 94 664 420 719; x_wconf 71' lang='lat' dir='ltr'><strong>Sebastiano</strong></span> <span class='ocrx_word' id='word_1_28' title='bbox 447 672 597 733; x_wconf 88' lang='lat' dir='ltr'><strong>gesta</strong></span> <span class='ocrx_word' id='word_1_29' title='bbox 628 662 809 717; x_wconf 89' lang='lat' dir='ltr'><strong>subito</strong></span> <span class='ocrx_word' id='word_1_30' title='bbox 837 662 990 716; x_wconf 90' lang='lat' dir='ltr'><strong>serit.</strong></span> 
     </span>
    </p>
   </div>
   <div class='ocr_carea' id='block_1_6' title="bbox 94 749 1203 815">
    <p class='ocr_par' dir='ltr' id='par_1_6' title="bbox 94 749 1203 815">
     <span class='ocr_line' id='line_1_6' title="bbox 94 749 1203 815; baseline -0.005 -6"><span class='ocrx_word' id='word_1_31' title='bbox 94 755 217 811; x_wconf 66' lang='lat' dir='ltr'><strong>llaec</strong></span> <span class='ocrx_word' id='word_1_32' title='bbox 248 754 335 809; x_wconf 91' lang='lat' dir='ltr'><strong>ille</strong></span> <span class='ocrx_word' id='word_1_33' title='bbox 363 762 586 807; x_wconf 91' lang='lat' dir='ltr'><strong>sanctus</strong></span> <span class='ocrx_word' id='word_1_34' title='bbox 611 760 797 805; x_wconf 91' lang='lat' dir='ltr'><strong>narrat</strong></span> <span class='ocrx_word' id='word_1_35' title='bbox 820 761 878 805; x_wconf 92' lang='lat' dir='ltr'><strong>ut</strong></span> <span class='ocrx_word' id='word_1_36' title='bbox 904 749 1203 815; x_wconf 81' lang='lat' dir='ltr'><strong>sodalibus,</strong></span> 
     </span>
    </p>
   </div>
   <div class='ocr_carea' id='block_1_7' title="bbox 98 840 1445 917">
    <p class='ocr_par' dir='ltr' id='par_1_7' title="bbox 98 840 1445 917">
     <span class='ocr_line' id='line_1_7' title="bbox 98 840 1445 917; baseline -0.004 -17"><span class='ocrx_word' id='word_1_37' title='bbox 98 848 186 902; x_wconf 74' lang='lat' dir='ltr'><strong>Vir</strong></span> <span class='ocrx_word' id='word_1_38' title='bbox 219 846 395 917; x_wconf 92' lang='lat' dir='ltr'><strong>inquit</strong></span> <span class='ocrx_word' id='word_1_39' title='bbox 422 845 582 915; x_wconf 88' lang='lat' dir='ltr'><strong>hujus</strong></span> <span class='ocrx_word' id='word_1_40' title='bbox 616 862 630 898; x_wconf 92' lang='lat'><strong>:</strong></span> <span class='ocrx_word' id='word_1_41' title='bbox 666 863 684 897; x_wconf 74' lang='grc' dir='ltr'>ι</span> <span class='ocrx_word' id='word_1_42' title='bbox 719 842 860 910; x_wconf 84' lang='lat' dir='ltr'><strong>Quid</strong></span> <span class='ocrx_word' id='word_1_43' title='bbox 891 842 1204 897; x_wconf 83' lang='lat' dir='ltr'><strong>moramur?</strong></span> <span class='ocrx_word' id='word_1_44' title='bbox 1233 840 1445 895; x_wconf 65' lang='lat' dir='ltr'><strong>feminae</strong></span> 
     </span>
    </p>
   </div>
   <div class='ocr_carea' id='block_1_8' title="bbox 94 940 1221 1005">
    <p class='ocr_par' dir='ltr' id='par_1_8' title="bbox 94 940 1221 1005">
     <span class='ocr_line' id='line_1_8' title="bbox 94 940 1221 1005; baseline -0.007 -11"><span class='ocrx_word' id='word_1_45' title='bbox 94 940 170 994; x_wconf 84' lang='lat' dir='ltr'><strong>En</strong></span> <span class='ocrx_word' id='word_1_46' title='bbox 200 940 532 993; x_wconf 77' lang='lat' dir='ltr'><strong>advocantes</strong></span> <span class='ocrx_word' id='word_1_47' title='bbox 558 952 656 991; x_wconf 89' lang='lat' dir='ltr'><strong>nos</strong></span> <span class='ocrx_word' id='word_1_48' title='bbox 682 950 910 991; x_wconf 88' lang='lat' dir='ltr'><strong>coronas</strong></span> <span class='ocrx_word' id='word_1_49' title='bbox 946 941 1221 1005; x_wconf 70' lang='lat' dir='ltr'><strong>praeeunt;</strong></span> 
     </span>
    </p>
   </div>
   <div class='ocr_carea' id='block_1_9' title="bbox 93 1028 1305 1101">
    <p class='ocr_par' dir='ltr' id='par_1_9' title="bbox 93 1028 1305 1101">
     <span class='ocr_line' id='line_1_9' title="bbox 93 1028 1305 1101; baseline -0.007 -14"><span class='ocrx_word' id='word_1_50' title='bbox 93 1033 255 1087; x_wconf 79' lang='lat' dir='ltr'><strong>Fiunt</strong></span> <span class='ocrx_word' id='word_1_51' title='bbox 286 1030 499 1085; x_wconf 73' lang='lat' dir='ltr'><strong>marita:</strong></span> <span class='ocrx_word' id='word_1_52' title='bbox 526 1037 796 1101; x_wconf 79' lang='lat' dir='ltr'><strong>martyres</strong></span> <span class='ocrx_word' id='word_1_53' title='bbox 828 1028 970 1099; x_wconf 88' lang='lat' dir='ltr'><strong>quod</strong></span> <span class='ocrx_word' id='word_1_54' title='bbox 1004 1028 1255 1081; x_wconf 75' lang='lat' dir='ltr'><strong>vivimus.</strong></span> <span class='ocrx_word' id='word_1_55' title='bbox 1286 1044 1305 1079; x_wconf 70' lang='grc' dir='ltr'><strong>ι</strong></span> 
     </span>
    </p>
   </div>
   <div class='ocr_carea' id='block_1_10' title="bbox 91 1118 1177 1191">
    <p class='ocr_par' dir='ltr' id='par_1_10' title="bbox 91 1118 1177 1191">
     <span class='ocr_line' id='line_1_10' title="bbox 91 1118 1177 1191; baseline -0.004 -16"><span class='ocrx_word' id='word_1_56' title='bbox 91 1124 369 1178; x_wconf 76' lang='lat' dir='ltr'><strong>Aceensus</strong></span> <span class='ocrx_word' id='word_1_57' title='bbox 398 1136 530 1191; x_wconf 88' lang='lat' dir='ltr'><strong>ergo</strong></span> <span class='ocrx_word' id='word_1_58' title='bbox 559 1120 925 1189; x_wconf 83' lang='lat' dir='ltr'><strong>apostolorum</strong></span> <span class='ocrx_word' id='word_1_59' title='bbox 957 1118 1140 1172; x_wconf 86' lang='lat' dir='ltr'><strong>limina</strong></span> <span class='ocrx_word' id='word_1_60' title='bbox 1162 1158 1177 1183; x_wconf 92' lang='lat'><strong>,</strong></span> 
     </span>
    </p>
   </div>
   <div class='ocr_carea' id='block_1_11' title="bbox 90 1210 1165 1282">
    <p class='ocr_par' dir='ltr' id='par_1_11' title="bbox 90 1210 1165 1282">
     <span class='ocr_line' id='line_1_11' title="bbox 90 1210 1165 1282; baseline -0.004 -15"><span class='ocrx_word' id='word_1_61' title='bbox 90 1212 317 1282; x_wconf 82' lang='lat' dir='ltr'><strong>Accepit</strong></span> <span class='ocrx_word' id='word_1_62' title='bbox 346 1210 489 1265; x_wconf 89' lang='lat' dir='ltr'><strong>unde</strong></span> <span class='ocrx_word' id='word_1_63' title='bbox 520 1220 703 1280; x_wconf 84' lang='lat' dir='ltr'><strong>Optata</strong></span> <span class='ocrx_word' id='word_1_64' title='bbox 736 1210 953 1280; x_wconf 87' lang='lat' dir='ltr'><strong>eonjnx,</strong></span> <span class='ocrx_word' id='word_1_65' title='bbox 977 1210 1165 1263; x_wconf 87' lang='lat' dir='ltr'><strong>visitat</strong></span> 
     </span>
    </p>
   </div>
   <div class='ocr_carea' id='block_1_12' title="bbox 91 1302 1217 1373">
    <p class='ocr_par' dir='ltr' id='par_1_12' title="bbox 91 1302 1217 1373">
     <span class='ocr_line' id='line_1_12' title="bbox 91 1302 1217 1373; baseline -0.005 -14"><span class='ocrx_word' id='word_1_66' title='bbox 91 1306 374 1373; x_wconf 87' lang='lat' dir='ltr'><strong>Oransque</strong></span> <span class='ocrx_word' id='word_1_67' title='bbox 404 1304 693 1357; x_wconf 86' lang='lat' dir='ltr'><strong>manifesta</strong></span> <span class='ocrx_word' id='word_1_68' title='bbox 730 1303 880 1357; x_wconf 82' lang='lat' dir='ltr'><strong>Pauli</strong></span> <span class='ocrx_word' id='word_1_69' title='bbox 912 1302 979 1357; x_wconf 92' lang='lat' dir='ltr'><strong>ad</strong></span> <span class='ocrx_word' id='word_1_70' title='bbox 1006 1302 1217 1366; x_wconf 85' lang='lat' dir='ltr'><strong>limina,</strong></span> 
     </span>
    </p>
   </div>
   <div class='ocr_carea' id='block_1_13' title="bbox 90 1394 1251 1465">
    <p class='ocr_par' dir='ltr' id='par_1_13' title="bbox 90 1394 1251 1465">
     <span class='ocr_line' id='line_1_13' title="bbox 90 1394 1251 1465; baseline -0.002 -14"><span class='ocrx_word' id='word_1_71' title='bbox 90 1396 336 1465; x_wconf 84' lang='lat' dir='ltr'><strong>Repetita</strong></span> <span class='ocrx_word' id='word_1_72' title='bbox 369 1405 584 1465; x_wconf 88' lang='lat' dir='ltr'><strong>patrum</strong></span> <span class='ocrx_word' id='word_1_73' title='bbox 608 1394 733 1449; x_wconf 91' lang='lat' dir='ltr'><strong>dum</strong></span> <span class='ocrx_word' id='word_1_74' title='bbox 762 1395 936 1449; x_wconf 82' lang='lat' dir='ltr'><strong>nitent</strong></span> <span class='ocrx_word' id='word_1_75' title='bbox 957 1394 1218 1449; x_wconf 88' lang='lat' dir='ltr'><strong>solemnia</strong></span> <span class='ocrx_word' id='word_1_76' title='bbox 1235 1433 1251 1459; x_wconf 88' lang='lat'><strong>,</strong></span> 
     </span>
    </p>
   </div>
   <div class='ocr_carea' id='block_1_14' title="bbox 91 1485 1242 1555">
    <p class='ocr_par' dir='ltr' id='par_1_14' title="bbox 91 1485 1242 1555">
     <span class='ocr_line' id='line_1_14' title="bbox 91 1485 1242 1555; baseline -0.002 -14"><span class='ocrx_word' id='word_1_77' title='bbox 91 1487 357 1555; x_wconf 82' lang='lat' dir='ltr'><strong>Delosque</strong></span> <span class='ocrx_word' id='word_1_78' title='bbox 380 1501 593 1554; x_wconf 86' lang='lat' dir='ltr'><strong>passus,</strong></span> <span class='ocrx_word' id='word_1_79' title='bbox 619 1486 790 1539; x_wconf 87' lang='lat' dir='ltr'><strong>imbre</strong></span> <span class='ocrx_word' id='word_1_80' title='bbox 816 1500 1067 1539; x_wconf 76' lang='lat' dir='ltr'><strong>saxorum</strong></span> <span class='ocrx_word' id='word_1_81' title='bbox 1100 1485 1242 1539; x_wconf 90' lang='lat' dir='ltr'><strong>viam</strong></span> 
     </span>
    </p>
   </div>
   <div class='ocr_carea' id='block_1_15' title="bbox 92 1577 1258 1648">
    <p class='ocr_par' dir='ltr' id='par_1_15' title="bbox 92 1577 1258 1648">
     <span class='ocr_line' id='line_1_15' title="bbox 92 1577 1258 1648; baseline -0.001 -15"><span class='ocrx_word' id='word_1_82' title='bbox 92 1578 349 1648; x_wconf 79' lang='lat' dir='ltr'><strong>Stephani</strong></span> <span class='ocrx_word' id='word_1_83' title='bbox 377 1588 597 1633; x_wconf 83' lang='lat' dir='ltr'><strong>secutus</strong></span> <span class='ocrx_word' id='word_1_84' title='bbox 621 1577 726 1631; x_wconf 89' lang='lat' dir='ltr'><strong>alta</strong></span> <span class='ocrx_word' id='word_1_85' title='bbox 758 1578 970 1632; x_wconf 84' lang='lat' dir='ltr'><strong>scandit</strong></span> <span class='ocrx_word' id='word_1_86' title='bbox 998 1577 1258 1632; x_wconf 88' lang='lat' dir='ltr'><strong>culmina.</strong></span> 
     </span>
    </p>
   </div>
   <div class='ocr_carea' id='block_1_16' title="bbox 92 1667 1219 1739">
    <p class='ocr_par' dir='ltr' id='par_1_16' title="bbox 92 1667 1219 1739">
     <span class='ocr_line' id='line_1_16' title="bbox 92 1667 1219 1739; baseline 0 -16"><span class='ocrx_word' id='word_1_87' title='bbox 92 1670 343 1739; x_wconf 81' lang='lat' dir='ltr'><strong>Datisque</strong></span> <span class='ocrx_word' id='word_1_88' title='bbox 382 1683 555 1739; x_wconf 90' lang='lat' dir='ltr'><strong>prono</strong></span> <span class='ocrx_word' id='word_1_89' title='bbox 577 1667 782 1721; x_wconf 79' lang='lat' dir='ltr'><strong>flumini</strong></span> <span class='ocrx_word' id='word_1_90' title='bbox 811 1667 966 1721; x_wconf 89' lang='lat' dir='ltr'><strong>almis</strong></span> <span class='ocrx_word' id='word_1_91' title='bbox 993 1669 1219 1723; x_wconf 90' lang='lat' dir='ltr'><strong>artubus</strong></span> 
     </span>
    </p>
   </div>
   <div class='ocr_carea' id='block_1_17' title="bbox 89 1759 1037 1817">
    <p class='ocr_par' dir='ltr' id='par_1_17' title="bbox 89 1759 1037 1817">
     <span class='ocr_line' id='line_1_17' title="bbox 89 1759 1037 1817; baseline -0.003 -2"><span class='ocrx_word' id='word_1_92' title='bbox 89 1762 341 1816; x_wconf 85' lang='lat' dir='ltr'><strong>Tiberina</strong></span> <span class='ocrx_word' id='word_1_93' title='bbox 373 1761 538 1817; x_wconf 87' lang='lat' dir='ltr'><strong>funus</strong></span> <span class='ocrx_word' id='word_1_94' title='bbox 565 1760 786 1815; x_wconf 88' lang='lat' dir='ltr'><strong>abluere</strong></span> <span class='ocrx_word' id='word_1_95' title='bbox 818 1759 1037 1815; x_wconf 68' lang='lat' dir='ltr'><strong>merula.</strong></span> 
     </span>
    </p>
   </div>
   <div class='ocr_carea' id='block_1_18' title="bbox 153 1851 1285 1923">
    <p class='ocr_par' dir='ltr' id='par_1_18' title="bbox 153 1851 1285 1923">
     <span class='ocr_line' id='line_1_18' title="bbox 153 1851 1285 1923; baseline -0.001 -16"><span class='ocrx_word' id='word_1_96' title='bbox 153 1854 397 1923; x_wconf 80' lang='lat' dir='ltr'><strong>itemque</strong></span> <span class='ocrx_word' id='word_1_97' title='bbox 425 1853 788 1916; x_wconf 79' lang='lat' dir='ltr'><strong>Nicostratus,</strong></span> <span class='ocrx_word' id='word_1_98' title='bbox 817 1864 980 1922; x_wconf 88' lang='lat' dir='ltr'><strong>atque</strong></span> <span class='ocrx_word' id='word_1_99' title='bbox 1003 1851 1285 1918; x_wconf 89' lang='lat' dir='ltr'><strong>Claudius,</strong></span> 
     </span>
    </p>
   </div>
   <div class='ocr_carea' id='block_1_19' title="bbox 92 1941 1120 2020">
    <p class='ocr_par' dir='ltr' id='par_1_19' title="bbox 92 1941 1120 2020">
     <span class='ocr_line' id='line_1_19' title="bbox 92 1941 1120 2020; baseline -0.001 -23"><span class='ocrx_word' id='word_1_100' title='bbox 92 1943 370 2020; x_wconf 78' lang='lat' dir='ltr'><strong>Simulque</strong></span> <span class='ocrx_word' id='word_1_101' title='bbox 400 1941 710 1997; x_wconf 80' lang='lat' dir='ltr'><strong>Victorinus</strong></span> <span class='ocrx_word' id='word_1_102' title='bbox 738 1951 792 1997; x_wconf 90' lang='lat' dir='ltr'><strong>et</strong></span> <span class='ocrx_word' id='word_1_103' title='bbox 819 1941 1120 2008; x_wconf 87' lang='lat' dir='ltr'><strong>Castorius,</strong></span> 
     </span>
    </p>
   </div>
   <div class='ocr_carea' id='block_1_20' title="bbox 91 2036 1142 2106">
    <p class='ocr_par' dir='ltr' id='par_1_20' title="bbox 91 2036 1142 2106">
     <span class='ocr_line' id='line_1_20' title="bbox 91 2036 1142 2106; baseline 0 -17"><span class='ocrx_word' id='word_1_104' title='bbox 91 2036 491 2106; x_wconf 81' lang='lat' dir='ltr'><strong>Symphorianu</strong></span> <span class='ocrx_word' id='word_1_105' title='bbox 522 2036 682 2090; x_wconf 89' lang='lat' dir='ltr'><strong>rebus</strong></span> <span class='ocrx_word' id='word_1_106' title='bbox 708 2046 889 2099; x_wconf 89' lang='lat' dir='ltr'><strong>aucto,</strong></span> <span class='ocrx_word' id='word_1_107' title='bbox 913 2051 1142 2105; x_wconf 89' lang='lat' dir='ltr'><strong>corpora</strong></span> 
     </span>
    </p>
   </div>
   <div class='ocr_carea' id='block_1_21' title="bbox 89 2126 1425 2198">
    <p class='ocr_par' dir='ltr' id='par_1_21' title="bbox 89 2126 1425 2198">
     <span class='ocr_line' id='line_1_21' title="bbox 89 2126 1425 2198; baseline 0 -17"><span class='ocrx_word' id='word_1_108' title='bbox 89 2126 321 2182; x_wconf 78' lang='lat' dir='ltr'><strong>Tibridis</strong></span> <span class='ocrx_word' id='word_1_109' title='bbox 349 2144 445 2197; x_wconf 80' lang='lat' dir='ltr'><strong>per</strong></span> <span class='ocrx_word' id='word_1_110' title='bbox 471 2142 593 2181; x_wconf 87' lang='lat' dir='ltr'><strong>oras</strong></span> <span class='ocrx_word' id='word_1_111' title='bbox 619 2128 743 2181; x_wconf 90' lang='lat' dir='ltr'><strong>dum</strong></span> <span class='ocrx_word' id='word_1_112' title='bbox 777 2137 1065 2196; x_wconf 89' lang='lat' dir='ltr'><strong>reposcunt</strong></span> <span class='ocrx_word' id='word_1_113' title='bbox 1100 2136 1425 2198; x_wconf 81' lang='lat' dir='ltr'><strong>martyrum,</strong></span> 
     </span>
    </p>
   </div>
   <div class='ocr_carea' id='block_1_22' title="bbox 90 2217 1349 2289">
    <p class='ocr_par' dir='ltr' id='par_1_22' title="bbox 90 2217 1349 2289">
     <span class='ocr_line' id='line_1_22' title="bbox 90 2217 1349 2289; baseline -0.001 -16"><span class='ocrx_word' id='word_1_114' title='bbox 90 2220 225 2273; x_wconf 81' lang='lat' dir='ltr'><strong>Fieri</strong></span> <span class='ocrx_word' id='word_1_115' title='bbox 255 2220 400 2274; x_wconf 87' lang='lat' dir='ltr'><strong>inter</strong></span> <span class='ocrx_word' id='word_1_116' title='bbox 428 2217 600 2273; x_wconf 88' lang='lat' dir='ltr'><strong>undas</strong></span> <span class='ocrx_word' id='word_1_117' title='bbox 622 2227 1001 2288; x_wconf 89' lang='lat' dir='ltr'><strong>promerentur</strong></span> <span class='ocrx_word' id='word_1_118' title='bbox 1030 2229 1300 2289; x_wconf 82' lang='lat' dir='ltr'><strong>martyres</strong></span> <span class='ocrx_word' id='word_1_119' title='bbox 1335 2235 1349 2272; x_wconf 89' lang='lat'><strong>:</strong></span> 
     </span>
    </p>
   </div>
   <div class='ocr_carea' id='block_1_23' title="bbox 90 2306 1166 2377">
    <p class='ocr_par' dir='ltr' id='par_1_23' title="bbox 90 2306 1166 2377">
     <span class='ocr_line' id='line_1_23' title="bbox 90 2306 1166 2377; baseline -0.001 -15"><span class='ocrx_word' id='word_1_120' title='bbox 90 2308 235 2377; x_wconf 85' lang='lat' dir='ltr'><strong>Capti</strong></span> <span class='ocrx_word' id='word_1_121' title='bbox 262 2309 591 2363; x_wconf 88' lang='lat' dir='ltr'><strong>exhibentur</strong></span> <span class='ocrx_word' id='word_1_122' title='bbox 616 2322 741 2361; x_wconf 88' lang='lat' dir='ltr'><strong>nam</strong></span> <span class='ocrx_word' id='word_1_123' title='bbox 769 2316 956 2360; x_wconf 88' lang='lat' dir='ltr'><strong>notato</strong></span> <span class='ocrx_word' id='word_1_124' title='bbox 976 2306 1166 2375; x_wconf 89' lang='lat' dir='ltr'><strong>judiei,</strong></span> 
     </span>
    </p>
   </div>
   <div class='ocr_carea' id='block_1_24' title="bbox 90 2397 1120 2468">
    <p class='ocr_par' dir='ltr' id='par_1_24' title="bbox 90 2397 1120 2468">
     <span class='ocr_line' id='line_1_24' title="bbox 90 2397 1120 2468; baseline -0.001 -15"><span class='ocrx_word' id='word_1_125' title='bbox 90 2399 344 2455; x_wconf 82' lang='lat' dir='ltr'><strong>Hortatur</strong></span> <span class='ocrx_word' id='word_1_126' title='bbox 373 2399 493 2453; x_wconf 90' lang='lat' dir='ltr'><strong>illos</strong></span> <span class='ocrx_word' id='word_1_127' title='bbox 525 2400 686 2454; x_wconf 87' lang='lat' dir='ltr'><strong>thura</strong></span> <span class='ocrx_word' id='word_1_128' title='bbox 714 2397 857 2453; x_wconf 73' lang='lat' dir='ltr'><strong>lene</strong></span> <span class='ocrx_word' id='word_1_129' title='bbox 882 2399 973 2468; x_wconf 93' lang='lat' dir='ltr'><strong>qui</strong></span> <span class='ocrx_word' id='word_1_130' title='bbox 1004 2399 1120 2453; x_wconf 85' lang='lat' dir='ltr'><strong>deis</strong></span> 
     </span>
    </p>
   </div>
   <div class='ocr_carea' id='block_1_25' title="bbox 89 2489 1400 2559">
    <p class='ocr_par' dir='ltr' id='par_1_25' title="bbox 89 2489 1400 2559">
     <span class='ocr_line' id='line_1_25' title="bbox 89 2489 1400 2559; baseline 0.002 -17"><span class='ocrx_word' id='word_1_131' title='bbox 89 2489 409 2559; x_wconf 84' lang='lat' dir='ltr'><strong>Blandisque</strong></span> <span class='ocrx_word' id='word_1_132' title='bbox 437 2498 495 2544; x_wconf 90' lang='lat' dir='ltr'><strong>et</strong></span> <span class='ocrx_word' id='word_1_133' title='bbox 523 2490 699 2558; x_wconf 88' lang='lat' dir='ltr'><strong>aspris</strong></span> <span class='ocrx_word' id='word_1_134' title='bbox 726 2503 824 2557; x_wconf 90' lang='lat' dir='ltr'><strong>per</strong></span> <span class='ocrx_word' id='word_1_135' title='bbox 859 2490 973 2542; x_wconf 90' lang='lat' dir='ltr'><strong>dies</strong></span> <span class='ocrx_word' id='word_1_136' title='bbox 994 2503 1162 2559; x_wconf 81' lang='lat' dir='ltr'><strong>agens</strong></span> <span class='ocrx_word' id='word_1_137' title='bbox 1190 2489 1400 2558; x_wconf 82' lang='lat' dir='ltr'><strong>decem,</strong></span> 
     </span>
    </p>
   </div>
   <div class='ocr_carea' id='block_1_26' title="bbox 89 2581 1100 2651">
    <p class='ocr_par' dir='ltr' id='par_1_26' title="bbox 89 2581 1100 2651">
     <span class='ocr_line' id='line_1_26' title="bbox 89 2581 1100 2651; baseline 0 -15"><span class='ocrx_word' id='word_1_138' title='bbox 89 2583 297 2637; x_wconf 74' lang='lat' dir='ltr'><strong>Movere</strong></span> <span class='ocrx_word' id='word_1_139' title='bbox 325 2582 476 2636; x_wconf 91' lang='lat' dir='ltr'><strong>nullo</strong></span> <span class='ocrx_word' id='word_1_140' title='bbox 505 2581 763 2651; x_wconf 53' lang='lat' dir='ltr'><strong>praevalet</strong></span> <span class='ocrx_word' id='word_1_141' title='bbox 791 2581 1100 2647; x_wconf 87' lang='lat' dir='ltr'><strong>molimine;</strong></span> 
     </span>
    </p>
   </div>
   <div class='ocr_carea' id='block_1_27' title="bbox 90 2673 1203 2743">
    <p class='ocr_par' dir='ltr' id='par_1_27' title="bbox 90 2673 1203 2743">
     <span class='ocr_line' id='line_1_27' title="bbox 90 2673 1203 2743; baseline 0.001 -15"><span class='ocrx_word' id='word_1_142' title='bbox 90 2674 387 2743; x_wconf 79' lang='lat' dir='ltr'><strong>Fractaque</strong></span> <span class='ocrx_word' id='word_1_143' title='bbox 428 2673 551 2727; x_wconf 90' lang='lat' dir='ltr'><strong>nisu</strong></span> <span class='ocrx_word' id='word_1_144' title='bbox 588 2673 776 2741; x_wconf 90' lang='lat' dir='ltr'><strong>pandit</strong></span> <span class='ocrx_word' id='word_1_145' title='bbox 806 2674 907 2727; x_wconf 86' lang='lat' dir='ltr'><strong>ista</strong></span> <span class='ocrx_word' id='word_1_146' title='bbox 944 2673 1203 2742; x_wconf 78' lang='lat' dir='ltr'><strong>regibus:</strong></span> 
     </span>
    </p>
   </div>
   <div class='ocr_carea' id='block_1_28' title="bbox 89 2764 1035 2820">
    <p class='ocr_par' dir='ltr' id='par_1_28' title="bbox 89 2764 1035 2820">
     <span class='ocr_line' id='line_1_28' title="bbox 89 2764 1035 2820; baseline 0 -1"><span class='ocrx_word' id='word_1_147' title='bbox 89 2766 215 2819; x_wconf 87' lang='lat' dir='ltr'><strong>Tum</strong></span> <span class='ocrx_word' id='word_1_148' title='bbox 251 2765 517 2820; x_wconf 88' lang='lat' dir='ltr'><strong>lancinari</strong></span> <span class='ocrx_word' id='word_1_149' title='bbox 552 2764 710 2819; x_wconf 89' lang='lat' dir='ltr'><strong>tertio</strong></span> <span class='ocrx_word' id='word_1_150' title='bbox 738 2764 1035 2819; x_wconf 85' lang='lat' dir='ltr'><strong>tortoribus</strong></span> 
     </span>
    </p>
   </div>
   <div class='ocr_carea' id='block_1_29' title="bbox 88 2856 1316 2929">
    <p class='ocr_par' dir='ltr' id='par_1_29' title="bbox 88 2856 1316 2929">
     <span class='ocr_line' id='line_1_29' title="bbox 88 2856 1316 2929; baseline 0 -17"><span class='ocrx_word' id='word_1_151' title='bbox 88 2857 243 2922; x_wconf 68' lang='lat' dir='ltr'><strong>iussi,</strong></span> <span class='ocrx_word' id='word_1_152' title='bbox 273 2870 440 2929; x_wconf 89' lang='lat' dir='ltr'><strong>atque</strong></span> <span class='ocrx_word' id='word_1_153' title='bbox 466 2857 593 2913; x_wconf 90' lang='lat' dir='ltr'><strong>torti</strong></span> <span class='ocrx_word' id='word_1_154' title='bbox 622 2856 789 2927; x_wconf 82' lang='lat' dir='ltr'><strong>ﬂagra</strong></span> <span class='ocrx_word' id='word_1_155' title='bbox 813 2856 997 2911; x_wconf 89' lang='lat' dir='ltr'><strong>ludum</strong></span> <span class='ocrx_word' id='word_1_156' title='bbox 1028 2858 1316 2928; x_wconf 79' lang='lat' dir='ltr'><strong>deputant;</strong></span> 
     </span>
    </p>
   </div>
   <div class='ocr_carea' id='block_1_30' title="bbox 91 2947 1198 3019">
    <p class='ocr_par' dir='ltr' id='par_1_30' title="bbox 91 2947 1198 3019">
     <span class='ocr_line' id='line_1_30' title="bbox 91 2947 1198 3019; baseline 0.002 -18"><span class='ocrx_word' id='word_1_157' title='bbox 91 2947 259 3004; x_wconf 89' lang='lat' dir='ltr'><strong>llumo</strong></span> <span class='ocrx_word' id='word_1_158' title='bbox 289 2950 514 3004; x_wconf 90' lang='lat' dir='ltr'><strong>subacta</strong></span> <span class='ocrx_word' id='word_1_159' title='bbox 534 2990 548 3014; x_wconf 96' lang='lat'><strong>,</strong></span> <span class='ocrx_word' id='word_1_160' title='bbox 579 2950 924 3004; x_wconf 88' lang='lat' dir='ltr'><strong>destinantur</strong></span> <span class='ocrx_word' id='word_1_161' title='bbox 956 2950 1198 3019; x_wconf 62' lang='lat' dir='ltr'><strong>aequori:</strong></span> 
     </span>
    </p>
   </div>
   <div class='ocr_carea' id='block_1_31' title="bbox 90 3039 1358 3111">
    <p class='ocr_par' dir='ltr' id='par_1_31' title="bbox 90 3039 1358 3111">
     <span class='ocr_line' id='line_1_31' title="bbox 90 3039 1358 3111; baseline 0.001 -17"><span class='ocrx_word' id='word_1_162' title='bbox 90 3040 238 3095; x_wconf 81' lang='lat' dir='ltr'><strong>Libet</strong></span> <span class='ocrx_word' id='word_1_163' title='bbox 265 3041 571 3111; x_wconf 65' lang='lat' dir='ltr'><strong>palaestram</strong></span> <span class='ocrx_word' id='word_1_164' title='bbox 602 3056 875 3095; x_wconf 88' lang='lat' dir='ltr'><strong>marmora</strong></span> <span class='ocrx_word' id='word_1_165' title='bbox 906 3040 1049 3095; x_wconf 87' lang='lat' dir='ltr'><strong>intra</strong></span> <span class='ocrx_word' id='word_1_166' title='bbox 1080 3039 1358 3106; x_wconf 81' lang='lat' dir='ltr'><strong>claudere,</strong></span> 
     </span>
    </p>
   </div>
   <div class='ocr_carea' id='block_1_32' title="bbox 90 3134 1238 3203">
    <p class='ocr_par' dir='ltr' id='par_1_32' title="bbox 90 3134 1238 3203">
     <span class='ocr_line' id='line_1_32' title="bbox 90 3134 1238 3203; baseline -0.002 -12"><span class='ocrx_word' id='word_1_167' title='bbox 90 3135 240 3191; x_wconf 87' lang='lat' dir='ltr'><strong>Libet</strong></span> <span class='ocrx_word' id='word_1_168' title='bbox 262 3136 482 3191; x_wconf 83' lang='lat' dir='ltr'><strong>ﬂuentis</strong></span> <span class='ocrx_word' id='word_1_169' title='bbox 509 3135 636 3190; x_wconf 87' lang='lat' dir='ltr'><strong>ferri</strong></span> <span class='ocrx_word' id='word_1_170' title='bbox 665 3136 720 3190; x_wconf 89' lang='lat' dir='ltr'><strong>in</strong></span> <span class='ocrx_word' id='word_1_171' title='bbox 750 3135 975 3190; x_wconf 68' lang='lat' dir='ltr'><strong>aethram</strong></span> <span class='ocrx_word' id='word_1_172' title='bbox 1002 3134 1238 3203; x_wconf 84' lang='lat' dir='ltr'><strong>limpidis</strong></span> 
     </span>
    </p>
   </div>
   <div class='ocr_carea' id='block_1_33' title="bbox 90 3225 1241 3297">
    <p class='ocr_par' dir='ltr' id='par_1_33' title="bbox 90 3225 1241 3297">
     <span class='ocr_line' id='line_1_33' title="bbox 90 3225 1241 3297; baseline -0.002 -16"><span class='ocrx_word' id='word_1_173' title='bbox 90 3227 377 3297; x_wconf 77' lang='lat' dir='ltr'><strong>Mundique</strong></span> <span class='ocrx_word' id='word_1_174' title='bbox 407 3228 559 3281; x_wconf 82' lang='lat' dir='ltr'><strong>fonte</strong></span> <span class='ocrx_word' id='word_1_175' title='bbox 592 3225 989 3282; x_wconf 86' lang='lat' dir='ltr'><strong>consecrantur</strong></span> <span class='ocrx_word' id='word_1_176' title='bbox 1009 3226 1241 3296; x_wconf 77' lang='lat' dir='ltr'><strong>gurgite.</strong></span> 
     </span>
    </p>
   </div>
   <div class='ocr_carea' id='block_1_34' title="bbox 90 3316 1434 3387">
    <p class='ocr_par' dir='ltr' id='par_1_34' title="bbox 90 3316 1434 3387">
     <span class='ocr_line' id='line_1_34' title="bbox 90 3316 1434 3387; baseline -0.001 -16"><span class='ocrx_word' id='word_1_177' title='bbox 90 3318 377 3387; x_wconf 86' lang='lat' dir='ltr'><strong>Postquam</strong></span> <span class='ocrx_word' id='word_1_178' title='bbox 410 3319 463 3373; x_wconf 91' lang='lat' dir='ltr'><strong>hi</strong></span> <span class='ocrx_word' id='word_1_179' title='bbox 490 3318 754 3373; x_wconf 78' lang='lat' dir='ltr'><strong>recedunt</strong></span> <span class='ocrx_word' id='word_1_180' title='bbox 780 3327 927 3371; x_wconf 87' lang='lat' dir='ltr'><strong>astra</strong></span> <span class='ocrx_word' id='word_1_181' title='bbox 960 3316 1096 3387; x_wconf 84' lang='lat' dir='ltr'><strong>pulsi</strong></span> <span class='ocrx_word' id='word_1_182' title='bbox 1123 3332 1154 3369; x_wconf 84' lang='lat' dir='ltr'><strong>a</strong></span> <span class='ocrx_word' id='word_1_183' title='bbox 1194 3316 1434 3386; x_wconf 72' lang='lat' dir='ltr'><strong>perfidis,</strong></span> 
     </span>
    </p>
   </div>
   <div class='ocr_carea' id='block_1_35' title="bbox 89 3408 1277 3480">
    <p class='ocr_par' dir='ltr' id='par_1_35' title="bbox 89 3408 1277 3480">
     <span class='ocr_line' id='line_1_35' title="bbox 89 3408 1277 3480; baseline 0.002 -19"><span class='ocrx_word' id='word_1_184' title='bbox 89 3408 389 3480; x_wconf 85' lang='lat' dir='ltr'><strong>Torquatus</strong></span> <span class='ocrx_word' id='word_1_185' title='bbox 417 3410 542 3465; x_wconf 89' lang='lat' dir='ltr'><strong>almi</strong></span> <span class='ocrx_word' id='word_1_186' title='bbox 571 3410 762 3465; x_wconf 86' lang='lat' dir='ltr'><strong>lraude</strong></span> <span class='ocrx_word' id='word_1_187' title='bbox 790 3419 968 3465; x_wconf 66' lang='lat' dir='ltr'><strong>cretus</strong></span> <span class='ocrx_word' id='word_1_188' title='bbox 1008 3410 1277 3479; x_wconf 87' lang='lat' dir='ltr'><strong>hospitem</strong></span> 
     </span>
    </p>
   </div>
   <div class='ocr_carea' id='block_1_36' title="bbox 90 3502 1332 3575">
    <p class='ocr_par' dir='ltr' id='par_1_36' title="bbox 90 3502 1332 3575">
     <span class='ocr_line' id='line_1_36' title="bbox 90 3502 1332 3575; baseline 0.003 -20"><span class='ocrx_word' id='word_1_189' title='bbox 90 3502 243 3558; x_wconf 85' lang='lat' dir='ltr'><strong>Ducit</strong></span> <span class='ocrx_word' id='word_1_190' title='bbox 270 3504 561 3575; x_wconf 87' lang='lat' dir='ltr'><strong>petendum</strong></span> <span class='ocrx_word' id='word_1_191' title='bbox 592 3522 607 3557; x_wconf 89' lang='lat'><strong>:</strong></span> <span class='ocrx_word' id='word_1_192' title='bbox 633 3504 1062 3572; x_wconf 83' lang='lat' dir='ltr'><strong>comprehensus</strong></span> <span class='ocrx_word' id='word_1_193' title='bbox 1080 3502 1332 3559; x_wconf 80' lang='lat' dir='ltr'><strong>Castulus</strong></span> 
     </span>
    </p>
   </div>
   <div class='ocr_carea' id='block_1_37' title="bbox 88 3591 1170 3658">
    <p class='ocr_par' dir='ltr' id='par_1_37' title="bbox 88 3591 1170 3658">
     <span class='ocr_line' id='line_1_37' title="bbox 88 3591 1170 3658; baseline -0.001 -11"><span class='ocrx_word' id='word_1_194' title='bbox 88 3593 189 3648; x_wconf 83' lang='lat' dir='ltr'><strong>&#39;l‘er</strong></span> <span class='ocrx_word' id='word_1_195' title='bbox 223 3595 531 3648; x_wconf 84' lang='lat' dir='ltr'><strong>sciscitatus</strong></span> <span class='ocrx_word' id='word_1_196' title='bbox 562 3602 643 3647; x_wconf 89' lang='lat' dir='ltr'><strong>ter</strong></span> <span class='ocrx_word' id='word_1_197' title='bbox 668 3601 890 3648; x_wconf 74' lang='lat' dir='ltr'><strong>catasta:</strong></span> <span class='ocrx_word' id='word_1_198' title='bbox 914 3591 1170 3658; x_wconf 88' lang='lat' dir='ltr'><strong>culmine,</strong></span> 
     </span>
    </p>
   </div>
   <div class='ocr_carea' id='block_1_38' title="bbox 88 3682 1257 3755">
    <p class='ocr_par' dir='ltr' id='par_1_38' title="bbox 88 3682 1257 3755">
     <span class='ocr_line' id='line_1_38' title="bbox 88 3682 1257 3755; baseline -0.001 -19"><span class='ocrx_word' id='word_1_199' title='bbox 88 3683 258 3739; x_wconf 83' lang='lat' dir='ltr'><strong>Furtis</strong></span> <span class='ocrx_word' id='word_1_200' title='bbox 290 3694 538 3755; x_wconf 89' lang='lat' dir='ltr'><strong>repertus</strong></span> <span class='ocrx_word' id='word_1_201' title='bbox 566 3684 693 3738; x_wconf 89' lang='lat' dir='ltr'><strong>dum</strong></span> <span class='ocrx_word' id='word_1_202' title='bbox 721 3683 833 3739; x_wconf 86' lang='lat' dir='ltr'><strong>Deo</strong></span> <span class='ocrx_word' id='word_1_203' title='bbox 864 3682 971 3738; x_wconf 82' lang='lat' dir='ltr'><strong>fert</strong></span> <span class='ocrx_word' id='word_1_204' title='bbox 1006 3683 1257 3753; x_wconf 84' lang='lat' dir='ltr'><strong>gloriam,</strong></span> 
     </span>
    </p>
   </div>
   <div class='ocr_carea' id='block_1_39' title="bbox 89 3774 1179 3845">
    <p class='ocr_par' dir='ltr' id='par_1_39' title="bbox 89 3774 1179 3845">
     <span class='ocr_line' id='line_1_39' title="bbox 89 3774 1179 3845; baseline -0.001 -17"><span class='ocrx_word' id='word_1_205' title='bbox 89 3775 272 3829; x_wconf 65' lang='lat' dir='ltr'><strong>Foveaa</strong></span> <span class='ocrx_word' id='word_1_206' title='bbox 297 3776 555 3832; x_wconf 85' lang='lat' dir='ltr'><strong>barathro</strong></span> <span class='ocrx_word' id='word_1_207' title='bbox 580 3789 790 3830; x_wconf 90' lang='lat' dir='ltr'><strong>mersus</strong></span> <span class='ocrx_word' id='word_1_208' title='bbox 825 3775 937 3828; x_wconf 88' lang='lat' dir='ltr'><strong>alto</strong></span> <span class='ocrx_word' id='word_1_209' title='bbox 965 3774 1179 3845; x_wconf 75' lang='lat' dir='ltr'><strong>glareze,</strong></span> 
     </span>
    </p>
   </div>
   <div class='ocr_carea' id='block_1_40' title="bbox 90 3864 1276 3934">
    <p class='ocr_par' dir='ltr' id='par_1_40' title="bbox 90 3864 1276 3934">
     <span class='ocr_line' id='line_1_40' title="bbox 90 3864 1276 3934; baseline 0.003 -18"><span class='ocrx_word' id='word_1_210' title='bbox 90 3865 196 3919; x_wconf 84' lang='lat' dir='ltr'><strong>Sub</strong></span> <span class='ocrx_word' id='word_1_211' title='bbox 226 3865 367 3919; x_wconf 81' lang='lat' dir='ltr'><strong>fasce</strong></span> <span class='ocrx_word' id='word_1_212' title='bbox 405 3876 617 3920; x_wconf 89' lang='lat' dir='ltr'><strong>tantum</strong></span> <span class='ocrx_word' id='word_1_213' title='bbox 643 3864 860 3919; x_wconf 84' lang='lat' dir='ltr'><strong>clausus</strong></span> <span class='ocrx_word' id='word_1_214' title='bbox 890 3864 998 3918; x_wconf 91' lang='lat' dir='ltr'><strong>imo</strong></span> <span class='ocrx_word' id='word_1_215' title='bbox 1027 3878 1276 3934; x_wconf 87' lang='lat' dir='ltr'><strong>corpore,</strong></span> 
     </span>
    </p>
   </div>
   <div class='ocr_carea' id='block_1_41' title="bbox 88 3954 1179 4020">
    <p class='ocr_par' dir='ltr' id='par_1_41' title="bbox 88 3954 1179 4020">
     <span class='ocr_line' id='line_1_41' title="bbox 88 3954 1179 4020; baseline 0.001 -13"><span class='ocrx_word' id='word_1_216' title='bbox 88 3954 154 4008; x_wconf 73' lang='lat' dir='ltr'><strong>At</strong></span> <span class='ocrx_word' id='word_1_217' title='bbox 179 3966 355 4011; x_wconf 90' lang='lat' dir='ltr'><strong>mente</strong></span> <span class='ocrx_word' id='word_1_218' title='bbox 382 3956 542 4020; x_wconf 89' lang='lat' dir='ltr'><strong>liber,</strong></span> <span class='ocrx_word' id='word_1_219' title='bbox 571 3956 715 4010; x_wconf 89' lang='lat' dir='ltr'><strong>celsa</strong></span> <span class='ocrx_word' id='word_1_220' title='bbox 742 3954 952 4010; x_wconf 86' lang='lat' dir='ltr'><strong>scandit</strong></span> <span class='ocrx_word' id='word_1_221' title='bbox 980 3955 1179 4009; x_wconf 81' lang='lat' dir='ltr'><strong>sidera.</strong></span> 
     </span>
    </p>
   </div>
   <div class='ocr_carea' id='block_1_42' title="bbox 93 4046 1310 4118">
    <p class='ocr_par' dir='ltr' id='par_1_42' title="bbox 93 4046 1310 4118">
     <span class='ocr_line' id='line_1_42' title="bbox 93 4046 1310 4118; baseline 0.002 -21"><span class='ocrx_word' id='word_1_222' title='bbox 93 4046 485 4113; x_wconf 72' lang='lat' dir='ltr'><strong>Marcelliantts,</strong></span> <span class='ocrx_word' id='word_1_223' title='bbox 526 4047 739 4101; x_wconf 74' lang='lat' dir='ltr'><strong>Marcus</strong></span> <span class='ocrx_word' id='word_1_224' title='bbox 770 4048 1003 4116; x_wconf 86' lang='lat' dir='ltr'><strong>hincque</strong></span> <span class='ocrx_word' id='word_1_225' title='bbox 1030 4048 1098 4102; x_wconf 92' lang='lat' dir='ltr'><strong>ab</strong></span> <span class='ocrx_word' id='word_1_226' title='bbox 1128 4046 1310 4118; x_wconf 84' lang='lat' dir='ltr'><strong>impiis</strong></span> 
     </span>
    </p>
   </div>
   <div class='ocr_carea' id='block_1_43' title="bbox 92 4137 997 4210">
    <p class='ocr_par' dir='ltr' id='par_1_43' title="bbox 92 4137 997 4210">
     <span class='ocr_line' id='line_1_43' title="bbox 92 4137 997 4210; baseline 0 -19"><span class='ocrx_word' id='word_1_227' title='bbox 92 4137 265 4202; x_wconf 84' lang='lat' dir='ltr'><strong>Tcnti,</strong></span> <span class='ocrx_word' id='word_1_228' title='bbox 293 4138 487 4194; x_wconf 88' lang='lat' dir='ltr'><strong>foratis</strong></span> <span class='ocrx_word' id='word_1_229' title='bbox 515 4138 805 4210; x_wconf 83' lang='lat' dir='ltr'><strong>alligantur</strong></span> <span class='ocrx_word' id='word_1_230' title='bbox 826 4138 997 4207; x_wconf 85' lang='lat' dir='ltr'><strong>stipiti</strong></span> 
     </span>
    </p>
   </div>
   <div class='ocr_carea' id='block_1_44' title="bbox 94 4230 1199 4301">
    <p class='ocr_par' dir='ltr' id='par_1_44' title="bbox 94 4230 1199 4301">
     <span class='ocr_line' id='line_1_44' title="bbox 94 4230 1199 4301; baseline 0.002 -20"><span class='ocrx_word' id='word_1_231' title='bbox 94 4230 310 4295; x_wconf 83' lang='lat' dir='ltr'><strong>Pluntis,</strong></span> <span class='ocrx_word' id='word_1_232' title='bbox 342 4232 515 4287; x_wconf 89' lang='lat' dir='ltr'><strong>secuti</strong></span> <span class='ocrx_word' id='word_1_233' title='bbox 547 4230 898 4285; x_wconf 89' lang='lat' dir='ltr'><strong>Conditorem</strong></span> <span class='ocrx_word' id='word_1_234' title='bbox 926 4240 1199 4301; x_wconf 79' lang='lat' dir='ltr'><strong>stigmate.</strong></span> 
     </span>
    </p>
   </div>
   <div class='ocr_carea' id='block_1_45' title="bbox 93 4320 1276 4377">
    <p class='ocr_par' dir='ltr' id='par_1_45' title="bbox 93 4320 1276 4377">
     <span class='ocr_line' id='line_1_45' title="bbox 93 4320 1276 4377; baseline 0 -3"><span class='ocrx_word' id='word_1_235' title='bbox 93 4320 374 4377; x_wconf 79' lang='lat' dir='ltr'><strong>Tormenta</strong></span> <span class='ocrx_word' id='word_1_236' title='bbox 406 4321 605 4376; x_wconf 87' lang='lat' dir='ltr'><strong>fratres</strong></span> <span class='ocrx_word' id='word_1_237' title='bbox 635 4320 777 4375; x_wconf 87' lang='lat' dir='ltr'><strong>ferre</strong></span> <span class='ocrx_word' id='word_1_238' title='bbox 805 4320 1006 4374; x_wconf 86' lang='lat' dir='ltr'><strong>Christi</strong></span> <span class='ocrx_word' id='word_1_239' title='bbox 1040 4335 1276 4374; x_wconf 89' lang='lat' dir='ltr'><strong>consona</strong></span> 
     </span>
    </p>
   </div>
   <div class='ocr_carea' id='block_1_46' title="bbox 92 4411 1239 4483">
    <p class='ocr_par' dir='ltr' id='par_1_46' title="bbox 92 4411 1239 4483">
     <span class='ocr_line' id='line_1_46' title="bbox 92 4411 1239 4483; baseline 0.001 -19"><span class='ocrx_word' id='word_1_240' title='bbox 92 4412 359 4467; x_wconf 56' lang='lat' dir='ltr'><strong>luctantur</strong></span> <span class='ocrx_word' id='word_1_241' title='bbox 388 4413 605 4483; x_wconf 80' lang='lat' dir='ltr'><strong>hymnis</strong></span> <span class='ocrx_word' id='word_1_242' title='bbox 632 4412 754 4466; x_wconf 89' lang='lat' dir='ltr'><strong>diva</strong></span> <span class='ocrx_word' id='word_1_243' title='bbox 789 4411 981 4465; x_wconf 85' lang='lat' dir='ltr'><strong>dantes</strong></span> <span class='ocrx_word' id='word_1_244' title='bbox 1005 4425 1206 4480; x_wconf 82' lang='lat' dir='ltr'><strong>organa</strong></span> <span class='ocrx_word' id='word_1_245' title='bbox 1223 4450 1239 4477; x_wconf 93' lang='lat'><strong>,</strong></span> 
     </span>
    </p>
   </div>
   <div class='ocr_carea' id='block_1_47' title="bbox 89 4500 1157 4567">
    <p class='ocr_par' dir='ltr' id='par_1_47' title="bbox 89 4500 1157 4567">
     <span class='ocr_line' id='line_1_47' title="bbox 89 4500 1157 4567; baseline 0 -12"><span class='ocrx_word' id='word_1_246' title='bbox 89 4500 202 4556; x_wconf 70' lang='lat' dir='ltr'><strong>lam</strong></span> <span class='ocrx_word' id='word_1_247' title='bbox 231 4506 543 4558; x_wconf 84' lang='lat' dir='ltr'><strong>territantes</strong></span> <span class='ocrx_word' id='word_1_248' title='bbox 570 4517 701 4556; x_wconf 84' lang='lat' dir='ltr'><strong>voce</strong></span> <span class='ocrx_word' id='word_1_249' title='bbox 725 4505 857 4557; x_wconf 88' lang='lat' dir='ltr'><strong>suda</strong></span> <span class='ocrx_word' id='word_1_250' title='bbox 886 4502 1157 4567; x_wconf 87' lang='lat' dir='ltr'><strong>territant,</strong></span> 
     </span>
    </p>
   </div>
   <div class='ocr_carea' id='block_1_48' title="bbox 91 4595 1072 4666">
    <p class='ocr_par' dir='ltr' id='par_1_48' title="bbox 91 4595 1072 4666">
     <span class='ocr_line' id='line_1_48' title="bbox 91 4595 1072 4666; baseline 0.002 -19"><span class='ocrx_word' id='word_1_251' title='bbox 91 4595 151 4648; x_wconf 82' lang='lat' dir='ltr'><strong>Et</strong></span> <span class='ocrx_word' id='word_1_252' title='bbox 185 4598 519 4666; x_wconf 84' lang='lat' dir='ltr'><strong>gratulantes</strong></span> <span class='ocrx_word' id='word_1_253' title='bbox 543 4596 845 4666; x_wconf 85' lang='lat' dir='ltr'><strong>gloriantur</strong></span> <span class='ocrx_word' id='word_1_254' title='bbox 867 4595 1072 4664; x_wconf 89' lang='lat' dir='ltr'><strong>optimo</strong></span> 
     </span>
    </p>
   </div>
   <div class='ocr_carea' id='block_1_49' title="bbox 88 4685 935 4750">
    <p class='ocr_par' dir='ltr' id='par_1_49' title="bbox 88 4685 935 4750">
     <span class='ocr_line' id='line_1_49' title="bbox 88 4685 935 4750; baseline 0.004 -12"><span class='ocrx_word' id='word_1_255' title='bbox 88 4685 396 4742; x_wconf 84' lang='lat' dir='ltr'><strong>Dilectionis</strong></span> <span class='ocrx_word' id='word_1_256' title='bbox 421 4699 570 4743; x_wconf 85' lang='lat' dir='ltr'><strong>stare</strong></span> <span class='ocrx_word' id='word_1_257' title='bbox 597 4687 690 4740; x_wconf 81' lang='lat' dir='ltr'><strong>(ixi</strong></span> <span class='ocrx_word' id='word_1_258' title='bbox 717 4689 935 4750; x_wconf 88' lang='lat' dir='ltr'><strong>robore,</strong></span> 
     </span>
    </p>
   </div>
   <div class='ocr_carea' id='block_1_50' title="bbox 91 4778 1267 4849">
    <p class='ocr_par' dir='ltr' id='par_1_50' title="bbox 91 4778 1267 4849">
     <span class='ocr_line' id='line_1_50' title="bbox 91 4778 1267 4849; baseline 0.003 -18"><span class='ocrx_word' id='word_1_259' title='bbox 91 4780 386 4849; x_wconf 82' lang='lat' dir='ltr'><strong>Optantque</strong></span> <span class='ocrx_word' id='word_1_260' title='bbox 414 4780 568 4835; x_wconf 89' lang='lat' dir='ltr'><strong>abire</strong></span> <span class='ocrx_word' id='word_1_261' title='bbox 596 4780 700 4833; x_wconf 86' lang='lat' dir='ltr'><strong>hoc</strong></span> <span class='ocrx_word' id='word_1_262' title='bbox 738 4780 949 4849; x_wconf 64' lang='lat' dir='ltr'><strong>prazditi</strong></span> <span class='ocrx_word' id='word_1_263' title='bbox 973 4778 1267 4835; x_wconf 86' lang='lat' dir='ltr'><strong>fulcimine.</strong></span> 
     </span>
    </p>
   </div>
   <div class='ocr_carea' id='block_1_51' title="bbox 90 4870 1241 4943">
    <p class='ocr_par' dir='ltr' id='par_1_51' title="bbox 90 4870 1241 4943">
     <span class='ocr_line' id='line_1_51' title="bbox 90 4870 1241 4943; baseline 0.002 -20"><span class='ocrx_word' id='word_1_264' title='bbox 90 4870 219 4925; x_wconf 69' lang='lat' dir='ltr'><strong>Vota</strong></span> <span class='ocrx_word' id='word_1_265' title='bbox 249 4873 561 4939; x_wconf 89' lang='lat' dir='ltr'><strong>audiuntur,</strong></span> <span class='ocrx_word' id='word_1_266' title='bbox 592 4881 946 4943; x_wconf 85' lang='lat' dir='ltr'><strong>perseverant</strong></span> <span class='ocrx_word' id='word_1_267' title='bbox 970 4872 1241 4925; x_wconf 84' lang='lat' dir='ltr'><strong>laudibus.</strong></span> 
     </span>
    </p>
   </div>
   <div class='ocr_carea' id='block_1_52' title="bbox 92 4961 1247 5036">
    <p class='ocr_par' dir='ltr' id='par_1_52' title="bbox 92 4961 1247 5036">
     <span class='ocr_line' id='line_1_52' title="bbox 92 4961 1247 5036; baseline 0 -19"><span class='ocrx_word' id='word_1_268' title='bbox 92 4961 178 5018; x_wconf 86' lang='lat' dir='ltr'><strong>Sic</strong></span> <span class='ocrx_word' id='word_1_269' title='bbox 212 4980 319 5019; x_wconf 87' lang='lat' dir='ltr'><strong>nox</strong></span> <span class='ocrx_word' id='word_1_270' title='bbox 351 4966 456 5019; x_wconf 86' lang='lat' dir='ltr'><strong>diei</strong></span> <span class='ocrx_word' id='word_1_271' title='bbox 488 4966 594 5020; x_wconf 89' lang='lat' dir='ltr'><strong>hac</strong></span> <span class='ocrx_word' id='word_1_272' title='bbox 614 4965 669 5019; x_wconf 92' lang='lat' dir='ltr'><strong>in</strong></span> <span class='ocrx_word' id='word_1_273' title='bbox 699 4965 949 5035; x_wconf 63' lang='lat' dir='ltr'><strong>pala‘stra</strong></span> <span class='ocrx_word' id='word_1_274' title='bbox 973 4966 1247 5036; x_wconf 82' lang='lat' dir='ltr'><strong>jungitur,</strong></span> 
     </span>
    </p>
   </div>
   <div class='ocr_carea' id='block_1_53' title="bbox 88 5056 1270 5130">
    <p class='ocr_par' dir='ltr' id='par_1_53' title="bbox 88 5056 1270 5130">
     <span class='ocr_line' id='line_1_53' title="bbox 88 5056 1270 5130; baseline -0.002 -19"><span class='ocrx_word' id='word_1_275' title='bbox 88 5056 387 5129; x_wconf 85' lang='lat' dir='ltr'><strong>Crucisque</strong></span> <span class='ocrx_word' id='word_1_276' title='bbox 414 5059 616 5115; x_wconf 84' lang='lat' dir='ltr'><strong>Christi</strong></span> <span class='ocrx_word' id='word_1_277' title='bbox 649 5068 707 5115; x_wconf 84' lang='grc' dir='ltr'>ιιι</span> <span class='ocrx_word' id='word_1_278' title='bbox 736 5060 1060 5130; x_wconf 76' lang='lat' dir='ltr'><strong>expleantur</strong></span> <span class='ocrx_word' id='word_1_279' title='bbox 1087 5058 1270 5114; x_wconf 85' lang='lat' dir='ltr'><strong>munia</strong></span> 
     </span>
    </p>
   </div>
   <div class='ocr_carea' id='block_1_54' title="bbox 86 5148 1179 5172">
    <p class='ocr_par' dir='ltr' id='par_1_54' title="bbox 86 5148 1179 5172">
     <span class='ocr_line' id='line_1_54' title="bbox 86 5148 1179 5172; baseline 0 0"><span class='ocrx_word' id='word_1_280' title='bbox 86 5148 106 5172; x_wconf 72' lang='grc' dir='ltr'><strong>Ι</strong></span> <span class='ocrx_word' id='word_1_281' title='bbox 134 5161 243 5172; x_wconf 72' lang='grc' dir='ltr'><strong>-ι---</strong></span> <span class='ocrx_word' id='word_1_282' title='bbox 278 5151 399 5172; x_wconf 54' lang='grc' dir='ltr'><strong>ιξη-</strong></span> <span class='ocrx_word' id='word_1_283' title='bbox 431 5152 639 5172; x_wconf 73' lang='lat'><strong>--.._£_---</strong></span> <span class='ocrx_word' id='word_1_284' title='bbox 671 5151 974 5172; x_wconf 30' lang='lat' dir='ltr'><strong>..-_P,.._-_--s</strong></span> <span class='ocrx_word' id='word_1_285' title='bbox 1000 5151 1179 5172; x_wconf 55' lang='lat' dir='ltr'><strong>I-_,---</strong></span> 
     </span>
    </p>
   </div>
   <div class='ocr_carea' id='block_1_55' title="bbox 1704 376 2833 456">
    <p class='ocr_par' dir='ltr' id='par_1_55' title="bbox 1704 376 2833 456">
     <span class='ocr_line' id='line_1_55' title="bbox 1704 376 2833 456; baseline 0.012 -26"><span class='ocrx_word' id='word_1_286' title='bbox 1704 380 1750 442; x_wconf 85' lang='lat' dir='ltr'><strong>C</strong></span> <span class='ocrx_word' id='word_1_287' title='bbox 1784 376 2020 433; x_wconf 86' lang='lat' dir='ltr'><strong>Vocatus</strong></span> <span class='ocrx_word' id='word_1_288' title='bbox 2046 390 2187 435; x_wconf 86' lang='lat' dir='ltr'><strong>astat</strong></span> <span class='ocrx_word' id='word_1_289' title='bbox 2213 382 2266 438; x_wconf 93' lang='lat' dir='ltr'><strong>in</strong></span> <span class='ocrx_word' id='word_1_290' title='bbox 2292 383 2517 440; x_wconf 89' lang='lat' dir='ltr'><strong>deorum</strong></span> <span class='ocrx_word' id='word_1_291' title='bbox 2555 384 2833 456; x_wconf 73' lang='lat' dir='ltr'><strong>iniuriam.</strong></span> 
     </span>
    </p>
   </div>
   <div class='ocr_carea' id='block_1_56' title="bbox 1785 467 2878 546">
    <p class='ocr_par' dir='ltr' id='par_1_56' title="bbox 1785 467 2878 546">
     <span class='ocr_line' id='line_1_56' title="bbox 1785 467 2878 546; baseline 0.012 -24"><span class='ocrx_word' id='word_1_292' title='bbox 1785 467 2035 525; x_wconf 82' lang='lat' dir='ltr'><strong>Latuisse</strong></span> <span class='ocrx_word' id='word_1_293' title='bbox 2060 482 2248 527; x_wconf 88' lang='lat' dir='ltr'><strong>contra</strong></span> <span class='ocrx_word' id='word_1_294' title='bbox 2281 476 2585 546; x_wconf 88' lang='lat' dir='ltr'><strong>principum</strong></span> <span class='ocrx_word' id='word_1_295' title='bbox 2614 478 2878 535; x_wconf 91' lang='lat' dir='ltr'><strong>tutamina</strong></span> 
     </span>
    </p>
   </div>
   <div class='ocr_carea' id='block_1_57' title="bbox 1785 558 2863 639">
    <p class='ocr_par' dir='ltr' id='par_1_57' title="bbox 1785 558 2863 639">
     <span class='ocr_line' id='line_1_57' title="bbox 1785 558 2863 639; baseline 0.009 -25"><span class='ocrx_word' id='word_1_296' title='bbox 1785 558 2076 631; x_wconf 85' lang='lat' dir='ltr'><strong>Culpatur;</strong></span> <span class='ocrx_word' id='word_1_297' title='bbox 2118 564 2207 620; x_wconf 92' lang='lat' dir='ltr'><strong>ille</strong></span> <span class='ocrx_word' id='word_1_298' title='bbox 2228 566 2529 636; x_wconf 82' lang='lat' dir='ltr'><strong>principum</strong></span> <span class='ocrx_word' id='word_1_299' title='bbox 2563 584 2660 639; x_wconf 87' lang='lat' dir='ltr'><strong>pro</strong></span> <span class='ocrx_word' id='word_1_300' title='bbox 2688 569 2863 639; x_wconf 83' lang='lat' dir='ltr'><strong>gloria</strong></span> 
     </span>
    </p>
   </div>
   <div class='ocr_carea' id='block_1_58' title="bbox 1792 651 2762 726">
    <p class='ocr_par' dir='ltr' id='par_1_58' title="bbox 1792 651 2762 726">
     <span class='ocr_line' id='line_1_58' title="bbox 1792 651 2762 726; baseline 0.01 -20"><span class='ocrx_word' id='word_1_301' title='bbox 1792 651 1926 707; x_wconf 83' lang='lat' dir='ltr'><strong>Vera</strong></span> <span class='ocrx_word' id='word_1_302' title='bbox 1954 666 2235 726; x_wconf 88' lang='lat' dir='ltr'><strong>precatum</strong></span> <span class='ocrx_word' id='word_1_303' title='bbox 2262 673 2321 713; x_wconf 89' lang='lat' dir='ltr'><strong>se</strong></span> <span class='ocrx_word' id='word_1_304' title='bbox 2349 656 2550 714; x_wconf 85' lang='lat' dir='ltr'><strong>fatetur</strong></span> <span class='ocrx_word' id='word_1_305' title='bbox 2572 661 2762 716; x_wconf 85' lang='lat' dir='ltr'><strong>sedulo</strong></span> 
     </span>
    </p>
   </div>
   <div class='ocr_carea' id='block_1_59' title="bbox 1784 741 2990 820">
    <p class='ocr_par' dir='ltr' id='par_1_59' title="bbox 1784 741 2990 820">
     <span class='ocr_line' id='line_1_59' title="bbox 1784 741 2990 820; baseline 0.01 -23"><span class='ocrx_word' id='word_1_306' title='bbox 1784 741 1967 799; x_wconf 82' lang='lat' dir='ltr'><strong>Jesum</strong></span> <span class='ocrx_word' id='word_1_307' title='bbox 2001 747 2315 818; x_wconf 89' lang='lat' dir='ltr'><strong>benignum,</strong></span> <span class='ocrx_word' id='word_1_308' title='bbox 2344 765 2542 805; x_wconf 73' lang='lat' dir='ltr'><strong>saxeas</strong></span> <span class='ocrx_word' id='word_1_309' title='bbox 2572 766 2675 805; x_wconf 90' lang='lat' dir='ltr'><strong>non</strong></span> <span class='ocrx_word' id='word_1_310' title='bbox 2708 752 2990 820; x_wconf 75' lang='lat' dir='ltr'><strong>formulas,</strong></span> 
     </span>
    </p>
   </div>
   <div class='ocr_carea' id='block_1_60' title="bbox 1785 834 2893 912">
    <p class='ocr_par' dir='ltr' id='par_1_60' title="bbox 1785 834 2893 912">
     <span class='ocr_line' id='line_1_60' title="bbox 1785 834 2893 912; baseline 0.012 -25"><span class='ocrx_word' id='word_1_311' title='bbox 1785 834 1931 900; x_wconf 88' lang='lat' dir='ltr'><strong>Quos</strong></span> <span class='ocrx_word' id='word_1_312' title='bbox 1958 838 2233 907; x_wconf 88' lang='lat' dir='ltr'><strong>postulare</strong></span> <span class='ocrx_word' id='word_1_313' title='bbox 2263 841 2460 895; x_wconf 89' lang='lat' dir='ltr'><strong>mentis</strong></span> <span class='ocrx_word' id='word_1_314' title='bbox 2484 853 2626 896; x_wconf 88' lang='lat' dir='ltr'><strong>esset</strong></span> <span class='ocrx_word' id='word_1_315' title='bbox 2648 844 2893 912; x_wconf 75' lang='lat' dir='ltr'><strong>perditze.</strong></span> 
     </span>
    </p>
   </div>
   <div class='ocr_carea' id='block_1_61' title="bbox 1784 926 2729 1002">
    <p class='ocr_par' dir='ltr' id='par_1_61' title="bbox 1784 926 2729 1002">
     <span class='ocr_line' id='line_1_61' title="bbox 1784 926 2729 1002; baseline 0.01 -21"><span class='ocrx_word' id='word_1_316' title='bbox 1784 926 1880 981; x_wconf 89' lang='lat' dir='ltr'><strong>llis</strong></span> <span class='ocrx_word' id='word_1_317' title='bbox 1907 930 2149 985; x_wconf 65' lang='lat' dir='ltr'><strong>sterioris</strong></span> <span class='ocrx_word' id='word_1_318' title='bbox 2173 932 2466 1002; x_wconf 87' lang='lat' dir='ltr'><strong>imperator</strong></span> <span class='ocrx_word' id='word_1_319' title='bbox 2497 935 2729 991; x_wconf 88' lang='lat' dir='ltr'><strong>turbinis</strong></span> 
     </span>
    </p>
   </div>
   <div class='ocr_carea' id='block_1_62' title="bbox 1784 1016 2912 1094">
    <p class='ocr_par' dir='ltr' id='par_1_62' title="bbox 1784 1016 2912 1094">
     <span class='ocr_line' id='line_1_62' title="bbox 1784 1016 2912 1094; baseline 0.009 -23"><span class='ocrx_word' id='word_1_320' title='bbox 1784 1016 2009 1071; x_wconf 79' lang='lat' dir='ltr'><strong>Alllatus</strong></span> <span class='ocrx_word' id='word_1_321' title='bbox 2038 1017 2116 1071; x_wconf 87' lang='lat' dir='ltr'><strong>ira</strong></span> <span class='ocrx_word' id='word_1_322' title='bbox 2153 1038 2165 1073; x_wconf 91' lang='lat'>:</span> <span class='ocrx_word' id='word_1_323' title='bbox 2198 1038 2217 1069; x_wconf 72' lang='grc' dir='ltr'><strong><em>ι</em></strong></span> <span class='ocrx_word' id='word_1_324' title='bbox 2250 1020 2424 1087; x_wconf 79' lang='lat' dir='ltr'><strong>Miles,</strong></span> <span class='ocrx_word' id='word_1_325' title='bbox 2456 1022 2650 1093; x_wconf 91' lang='lat' dir='ltr'><strong>inquit,</strong></span> <span class='ocrx_word' id='word_1_326' title='bbox 2690 1040 2912 1094; x_wconf 84' lang='lat' dir='ltr'><strong>prorue,</strong></span> 
     </span>
    </p>
   </div>
   <div class='ocr_carea' id='block_1_63' title="bbox 1787 1105 2871 1181">
    <p class='ocr_par' dir='ltr' id='par_1_63' title="bbox 1787 1105 2871 1181">
     <span class='ocr_line' id='line_1_63' title="bbox 1787 1105 2871 1181; baseline 0.011 -22"><span class='ocrx_word' id='word_1_327' title='bbox 1787 1105 2045 1162; x_wconf 84' lang='lat' dir='ltr'><strong>Proceres</strong></span> <span class='ocrx_word' id='word_1_328' title='bbox 2078 1118 2131 1163; x_wconf 89' lang='lat' dir='ltr'><strong>et</strong></span> <span class='ocrx_word' id='word_1_329' title='bbox 2156 1109 2295 1165; x_wconf 90' lang='lat' dir='ltr'><strong>alma</strong></span> <span class='ocrx_word' id='word_1_330' title='bbox 2328 1114 2611 1181; x_wconf 84' lang='lat' dir='ltr'><strong>despuenti</strong></span> <span class='ocrx_word' id='word_1_331' title='bbox 2650 1118 2871 1171; x_wconf 87' lang='lat' dir='ltr'><strong>numina</strong></span> 
     </span>
    </p>
   </div>
   <div class='ocr_carea' id='block_1_64' title="bbox 1784 1197 2908 1274">
    <p class='ocr_par' dir='ltr' id='par_1_64' title="bbox 1784 1197 2908 1274">
     <span class='ocr_line' id='line_1_64' title="bbox 1784 1197 2908 1274; baseline 0.009 -23"><span class='ocrx_word' id='word_1_332' title='bbox 1784 1197 1862 1253; x_wconf 87' lang='lat' dir='ltr'><strong>Ne</strong></span> <span class='ocrx_word' id='word_1_333' title='bbox 1888 1199 2013 1253; x_wconf 90' lang='lat' dir='ltr'><strong>dent</strong></span> <span class='ocrx_word' id='word_1_334' title='bbox 2046 1201 2267 1255; x_wconf 90' lang='lat' dir='ltr'><strong>citatum</strong></span> <span class='ocrx_word' id='word_1_335' title='bbox 2299 1201 2491 1259; x_wconf 80' lang='lat' dir='ltr'><strong>fervidi</strong></span> <span class='ocrx_word' id='word_1_336' title='bbox 2521 1221 2651 1261; x_wconf 88' lang='lat' dir='ltr'><strong>ense</strong></span> <span class='ocrx_word' id='word_1_337' title='bbox 2682 1208 2908 1274; x_wconf 77' lang='lat' dir='ltr'><strong>exitum,</strong></span> 
     </span>
    </p>
   </div>
   <div class='ocr_carea' id='block_1_65' title="bbox 1784 1288 2830 1367">
    <p class='ocr_par' dir='ltr' id='par_1_65' title="bbox 1784 1288 2830 1367">
     <span class='ocr_line' id='line_1_65' title="bbox 1784 1288 2830 1367; baseline 0.012 -25"><span class='ocrx_word' id='word_1_338' title='bbox 1784 1288 1962 1344; x_wconf 91' lang='lat' dir='ltr'><strong>Denso</strong></span> <span class='ocrx_word' id='word_1_339' title='bbox 1990 1292 2230 1348; x_wconf 88' lang='lat' dir='ltr'><strong>cohortis</strong></span> <span class='ocrx_word' id='word_1_340' title='bbox 2264 1295 2562 1364; x_wconf 84' lang='lat' dir='ltr'><strong>impetatur</strong></span> <span class='ocrx_word' id='word_1_341' title='bbox 2592 1300 2830 1367; x_wconf 78' lang='lat' dir='ltr'><strong>agmine,</strong></span> 
     </span>
    </p>
   </div>
   <div class='ocr_carea' id='block_1_66' title="bbox 1783 1380 2836 1458">
    <p class='ocr_par' dir='ltr' id='par_1_66' title="bbox 1783 1380 2836 1458">
     <span class='ocr_line' id='line_1_66' title="bbox 1783 1380 2836 1458; baseline 0.01 -24"><span class='ocrx_word' id='word_1_342' title='bbox 1783 1380 1987 1435; x_wconf 89' lang='lat' dir='ltr'><strong>Crebra</strong></span> <span class='ocrx_word' id='word_1_343' title='bbox 2010 1392 2202 1437; x_wconf 88' lang='lat' dir='ltr'><strong>suatur</strong></span> <span class='ocrx_word' id='word_1_344' title='bbox 2225 1387 2557 1456; x_wconf 86' lang='lat' dir='ltr'><strong>spiculorum</strong></span> <span class='ocrx_word' id='word_1_345' title='bbox 2590 1390 2836 1458; x_wconf 78' lang='lat' dir='ltr'><strong>cuspide,</strong></span> 
     </span>
    </p>
   </div>
   <div class='ocr_carea' id='block_1_67' title="bbox 1784 1471 2907 1551">
    <p class='ocr_par' dir='ltr' id='par_1_67' title="bbox 1784 1471 2907 1551">
     <span class='ocr_line' id='line_1_67' title="bbox 1784 1471 2907 1551; baseline 0.009 -25"><span class='ocrx_word' id='word_1_346' title='bbox 1784 1471 1975 1543; x_wconf 88' lang='lat' dir='ltr'><strong>Cingat</strong></span> <span class='ocrx_word' id='word_1_347' title='bbox 2004 1489 2201 1528; x_wconf 87' lang='lat' dir='ltr'><strong>corona</strong></span> <span class='ocrx_word' id='word_1_348' title='bbox 2226 1474 2398 1531; x_wconf 89' lang='lat' dir='ltr'><strong>fronte</strong></span> <span class='ocrx_word' id='word_1_349' title='bbox 2424 1493 2622 1532; x_wconf 82' lang='lat' dir='ltr'><strong>nexum</strong></span> <span class='ocrx_word' id='word_1_350' title='bbox 2646 1479 2700 1533; x_wconf 93' lang='lat' dir='ltr'><strong>in</strong></span> <span class='ocrx_word' id='word_1_351' title='bbox 2724 1480 2907 1551; x_wconf 80' lang='lat' dir='ltr'><strong>stipite</strong></span> 
     </span>
    </p>
   </div>
   <div class='ocr_carea' id='block_1_68' title="bbox 1786 1563 2953 1638">
    <p class='ocr_par' dir='ltr' id='par_1_68' title="bbox 1786 1563 2953 1638">
     <span class='ocr_line' id='line_1_68' title="bbox 1786 1563 2953 1638; baseline 0.008 -20"><span class='ocrx_word' id='word_1_352' title='bbox 1786 1563 2121 1637; x_wconf 83' lang='lat' dir='ltr'><strong>Signumque</strong></span> <span class='ocrx_word' id='word_1_353' title='bbox 2149 1568 2271 1623; x_wconf 85' lang='lat' dir='ltr'><strong>telis</strong></span> <span class='ocrx_word' id='word_1_354' title='bbox 2294 1580 2514 1638; x_wconf 67' lang='lat' dir='ltr'><strong>praestet</strong></span> <span class='ocrx_word' id='word_1_355' title='bbox 2540 1571 2893 1628; x_wconf 88' lang='lat' dir='ltr'><strong>irruentibus.</strong></span> <span class='ocrx_word' id='word_1_356' title='bbox 2931 1594 2953 1627; x_wconf 73' lang='grc' dir='ltr'><strong><em>ι</em></strong></span> 
     </span>
    </p>
   </div>
   <div class='ocr_carea' id='block_1_69' title="bbox 1783 1656 2924 1736">
    <p class='ocr_par' dir='ltr' id='par_1_69' title="bbox 1783 1656 2924 1736">
     <span class='ocr_line' id='line_1_69' title="bbox 1783 1656 2924 1736; baseline 0.01 -25"><span class='ocrx_word' id='word_1_357' title='bbox 1783 1656 1827 1711; x_wconf 87' lang='grc' dir='ltr'><strong>ιι</strong></span> <span class='ocrx_word' id='word_1_358' title='bbox 1851 1660 2234 1717; x_wconf 87' lang='lat' dir='ltr'><strong>obseeundans</strong></span> <span class='ocrx_word' id='word_1_359' title='bbox 2265 1664 2462 1719; x_wconf 89' lang='lat' dir='ltr'><strong>turbidi</strong></span> <span class='ocrx_word' id='word_1_360' title='bbox 2493 1681 2685 1736; x_wconf 87' lang='lat' dir='ltr'><strong>agmen</strong></span> <span class='ocrx_word' id='word_1_361' title='bbox 2715 1667 2924 1731; x_wconf 90' lang='lat' dir='ltr'><strong>militis,</strong></span> 
     </span>
    </p>
   </div>
   <div class='ocr_carea' id='block_1_70' title="bbox 1713 1725 2919 1827">
    <p class='ocr_par' dir='ltr' id='par_1_70' title="bbox 1713 1725 2919 1827">
     <span class='ocr_line' id='line_1_70' title="bbox 1713 1725 2919 1827; baseline 0.012 -25"><span class='ocrx_word' id='word_1_362' title='bbox 1713 1725 1755 1783; x_wconf 70' lang='grc' dir='ltr'><strong>Β</strong></span> <span class='ocrx_word' id='word_1_363' title='bbox 1784 1749 1982 1806; x_wconf 81' lang='lat' dir='ltr'><strong>Parant</strong></span> <span class='ocrx_word' id='word_1_364' title='bbox 2010 1764 2226 1821; x_wconf 84' lang='lat' dir='ltr'><strong>patente</strong></span> <span class='ocrx_word' id='word_1_365' title='bbox 2248 1753 2400 1823; x_wconf 82' lang='lat' dir='ltr'><strong>jussa</strong></span> <span class='ocrx_word' id='word_1_366' title='bbox 2432 1725 2645 1827; x_wconf 65' lang='lat' dir='ltr'><strong>campo.</strong></span> <span class='ocrx_word' id='word_1_367' title='bbox 2679 1760 2919 1816; x_wconf 84' lang='lat' dir='ltr'><strong>farciunt</strong></span> 
     </span>
    </p>
   </div>
   <div class='ocr_carea' id='block_1_71' title="bbox 1779 1839 2997 1921">
    <p class='ocr_par' dir='ltr' id='par_1_71' title="bbox 1779 1839 2997 1921">
     <span class='ocr_line' id='line_1_71' title="bbox 1779 1839 2997 1921; baseline 0.011 -28"><span class='ocrx_word' id='word_1_368' title='bbox 1779 1839 1947 1895; x_wconf 85' lang='lat' dir='ltr'><strong>Ferro</strong></span> <span class='ocrx_word' id='word_1_369' title='bbox 1970 1844 2282 1915; x_wconf 83' lang='lat' dir='ltr'><strong>pharetras,</strong></span> <span class='ocrx_word' id='word_1_370' title='bbox 2314 1849 2689 1919; x_wconf 88' lang='lat' dir='ltr'><strong>ambitumque</strong></span> <span class='ocrx_word' id='word_1_371' title='bbox 2720 1853 2997 1921; x_wconf 82' lang='lat' dir='ltr'><strong>digerunt;</strong></span> 
     </span>
    </p>
   </div>
   <div class='ocr_carea' id='block_1_72' title="bbox 1777 1931 2872 2012">
    <p class='ocr_par' dir='ltr' id='par_1_72' title="bbox 1777 1931 2872 2012">
     <span class='ocr_line' id='line_1_72' title="bbox 1777 1931 2872 2012; baseline 0.009 -25"><span class='ocrx_word' id='word_1_372' title='bbox 1777 1931 2061 1988; x_wconf 76' lang='lat' dir='ltr'><strong>Lununtur</strong></span> <span class='ocrx_word' id='word_1_373' title='bbox 2084 1952 2266 2004; x_wconf 90' lang='lat' dir='ltr'><strong>arcus,</strong></span> <span class='ocrx_word' id='word_1_374' title='bbox 2289 1950 2590 1995; x_wconf 80' lang='lat' dir='ltr'><strong>exeruntur</strong></span> <span class='ocrx_word' id='word_1_375' title='bbox 2616 1944 2821 2012; x_wconf 84' lang='lat' dir='ltr'><strong>spicula</strong></span> <span class='ocrx_word' id='word_1_376' title='bbox 2859 1962 2872 1997; x_wconf 91' lang='lat'><strong>:</strong></span> 
     </span>
    </p>
   </div>
   <div class='ocr_carea' id='block_1_73' title="bbox 1777 2023 2965 2102">
    <p class='ocr_par' dir='ltr' id='par_1_73' title="bbox 1777 2023 2965 2102">
     <span class='ocr_line' id='line_1_73' title="bbox 1777 2023 2965 2102; baseline 0.013 -26"><span class='ocrx_word' id='word_1_377' title='bbox 1777 2023 1920 2077; x_wconf 80' lang='lat' dir='ltr'><strong>Eunt</strong></span> <span class='ocrx_word' id='word_1_378' title='bbox 1949 2025 2000 2078; x_wconf 90' lang='lat' dir='ltr'><strong>in</strong></span> <span class='ocrx_word' id='word_1_379' title='bbox 2026 2042 2190 2080; x_wconf 86' lang='lat' dir='ltr'><strong>unum</strong></span> <span class='ocrx_word' id='word_1_380' title='bbox 2222 2029 2349 2085; x_wconf 81' lang='lat' dir='ltr'><strong>hinc</strong></span> <span class='ocrx_word' id='word_1_381' title='bbox 2380 2032 2508 2087; x_wconf 89' lang='lat' dir='ltr'><strong>inde</strong></span> <span class='ocrx_word' id='word_1_382' title='bbox 2540 2042 2617 2087; x_wconf 89' lang='lat' dir='ltr'><strong>tot</strong></span> <span class='ocrx_word' id='word_1_383' title='bbox 2646 2036 2965 2102; x_wconf 84' lang='lat' dir='ltr'><strong>arundines,</strong></span> 
     </span>
    </p>
   </div>
   <div class='ocr_carea' id='block_1_74' title="bbox 1778 2112 2834 2193">
    <p class='ocr_par' dir='ltr' id='par_1_74' title="bbox 1778 2112 2834 2193">
     <span class='ocr_line' id='line_1_74' title="bbox 1778 2112 2834 2193; baseline 0.009 -23"><span class='ocrx_word' id='word_1_384' title='bbox 1778 2112 2001 2170; x_wconf 89' lang='lat' dir='ltr'><strong>Certant</strong></span> <span class='ocrx_word' id='word_1_385' title='bbox 2025 2117 2148 2186; x_wconf 90' lang='lat' dir='ltr'><strong>quis</strong></span> <span class='ocrx_word' id='word_1_386' title='bbox 2175 2120 2387 2189; x_wconf 81' lang='lat' dir='ltr'><strong>aptiora</strong></span> <span class='ocrx_word' id='word_1_387' title='bbox 2422 2122 2551 2193; x_wconf 81' lang='lat' dir='ltr'><strong>figat</strong></span> <span class='ocrx_word' id='word_1_388' title='bbox 2580 2123 2834 2192; x_wconf 86' lang='lat' dir='ltr'><strong>vulnera;</strong></span> 
     </span>
    </p>
   </div>
   <div class='ocr_carea' id='block_1_75' title="bbox 1776 2205 2903 2286">
    <p class='ocr_par' dir='ltr' id='par_1_75' title="bbox 1776 2205 2903 2286">
     <span class='ocr_line' id='line_1_75' title="bbox 1776 2205 2903 2286; baseline 0.009 -25"><span class='ocrx_word' id='word_1_389' title='bbox 1776 2205 1911 2261; x_wconf 88' lang='lat' dir='ltr'><strong>Cute</strong></span> <span class='ocrx_word' id='word_1_390' title='bbox 1941 2207 2027 2261; x_wconf 90' lang='lat' dir='ltr'><strong>ille</strong></span> <span class='ocrx_word' id='word_1_391' title='bbox 2055 2224 2265 2264; x_wconf 86' lang='lat' dir='ltr'><strong>summa</strong></span> <span class='ocrx_word' id='word_1_392' title='bbox 2296 2212 2401 2267; x_wconf 83' lang='lat' dir='ltr'><strong>tela</strong></span> <span class='ocrx_word' id='word_1_393' title='bbox 2432 2224 2627 2269; x_wconf 89' lang='lat' dir='ltr'><strong>cuncta</strong></span> <span class='ocrx_word' id='word_1_394' title='bbox 2654 2218 2903 2286; x_wconf 84' lang='lat' dir='ltr'><strong>suscipit,</strong></span> 
     </span>
    </p>
   </div>
   <div class='ocr_carea' id='block_1_76' title="bbox 1776 2298 2939 2378">
    <p class='ocr_par' dir='ltr' id='par_1_76' title="bbox 1776 2298 2939 2378">
     <span class='ocr_line' id='line_1_76' title="bbox 1776 2298 2939 2378; baseline 0.011 -26"><span class='ocrx_word' id='word_1_395' title='bbox 1776 2298 1869 2353; x_wconf 80' lang='lat' dir='ltr'><strong>Vis</strong></span> <span class='ocrx_word' id='word_1_396' title='bbox 1896 2300 2037 2354; x_wconf 82' lang='lat' dir='ltr'><strong>nulla</strong></span> <span class='ocrx_word' id='word_1_397' title='bbox 2070 2303 2253 2358; x_wconf 68' lang='lat' dir='ltr'><strong>sedem</strong></span> <span class='ocrx_word' id='word_1_398' title='bbox 2283 2308 2485 2361; x_wconf 88' lang='lat' dir='ltr'><strong>mentis</strong></span> <span class='ocrx_word' id='word_1_399' title='bbox 2509 2307 2715 2378; x_wconf 83' lang='lat' dir='ltr'><strong>ingredi</strong></span> <span class='ocrx_word' id='word_1_400' title='bbox 2743 2311 2884 2365; x_wconf 88' lang='lat' dir='ltr'><strong>valet</strong></span> <span class='ocrx_word' id='word_1_401' title='bbox 2922 2326 2939 2365; x_wconf 86' lang='lat'><strong><em>:</em></strong></span> 
     </span>
    </p>
   </div>
   <div class='ocr_carea' id='block_1_77' title="bbox 1777 2391 2936 2473">
    <p class='ocr_par' dir='ltr' id='par_1_77' title="bbox 1777 2391 2936 2473">
     <span class='ocr_line' id='line_1_77' title="bbox 1777 2391 2936 2473; baseline 0.01 -27"><span class='ocrx_word' id='word_1_402' title='bbox 1777 2391 1936 2447; x_wconf 90' lang='lat' dir='ltr'><strong>Solus</strong></span> <span class='ocrx_word' id='word_1_403' title='bbox 1962 2396 2163 2463; x_wconf 74' lang='lat' dir='ltr'><strong>petitus</strong></span> <span class='ocrx_word' id='word_1_404' title='bbox 2196 2406 2273 2451; x_wconf 94' lang='lat' dir='ltr'><strong>tot</strong></span> <span class='ocrx_word' id='word_1_405' title='bbox 2303 2400 2687 2467; x_wconf 87' lang='lat' dir='ltr'><strong>pharetrarutu</strong></span> <span class='ocrx_word' id='word_1_406' title='bbox 2723 2405 2936 2473; x_wconf 78' lang='lat' dir='ltr'><strong>agmine</strong></span> 
     </span>
    </p>
   </div>
   <div class='ocr_carea' id='block_1_78' title="bbox 1777 2484 2816 2563">
    <p class='ocr_par' dir='ltr' id='par_1_78' title="bbox 1777 2484 2816 2563">
     <span class='ocr_line' id='line_1_78' title="bbox 1777 2484 2816 2563; baseline 0.013 -26"><span class='ocrx_word' id='word_1_407' title='bbox 1777 2484 1925 2539; x_wconf 70' lang='lat' dir='ltr'><strong>Viris</strong></span> <span class='ocrx_word' id='word_1_408' title='bbox 1963 2495 2041 2541; x_wconf 75' lang='lat' dir='ltr'><strong>tot</strong></span> <span class='ocrx_word' id='word_1_409' title='bbox 2066 2496 2207 2541; x_wconf 82' lang='lat' dir='ltr'><strong>astat</strong></span> <span class='ocrx_word' id='word_1_410' title='bbox 2231 2504 2328 2543; x_wconf 78' lang='lat' dir='ltr'><strong>arx</strong></span> <span class='ocrx_word' id='word_1_411' title='bbox 2357 2490 2816 2563; x_wconf 81' lang='lat' dir='ltr'><strong>inexpugnabilis,</strong></span> 
     </span>
    </p>
   </div>
   <div class='ocr_carea' id='block_1_79' title="bbox 1776 2576 2928 2653">
    <p class='ocr_par' dir='ltr' id='par_1_79' title="bbox 1776 2576 2928 2653">
     <span class='ocr_line' id='line_1_79' title="bbox 1776 2576 2928 2653; baseline 0.012 -22"><span class='ocrx_word' id='word_1_412' title='bbox 1776 2576 1973 2631; x_wconf 68' lang='lat' dir='ltr'><strong>Christi</strong></span> <span class='ocrx_word' id='word_1_413' title='bbox 2005 2578 2169 2634; x_wconf 85' lang='lat' dir='ltr'><strong>lorica</strong></span> <span class='ocrx_word' id='word_1_414' title='bbox 2197 2596 2358 2651; x_wconf 86' lang='lat' dir='ltr'><strong>quem</strong></span> <span class='ocrx_word' id='word_1_415' title='bbox 2392 2585 2606 2653; x_wconf 80' lang='lat' dir='ltr'><strong>tegebat</strong></span> <span class='ocrx_word' id='word_1_416' title='bbox 2637 2589 2883 2644; x_wconf 85' lang='lat' dir='ltr'><strong>muniens</strong></span> <span class='ocrx_word' id='word_1_417' title='bbox 2914 2606 2928 2644; x_wconf 89' lang='lat'><strong>:</strong></span> 
     </span>
    </p>
   </div>
   <div class='ocr_carea' id='block_1_80' title="bbox 1776 2666 2768 2732">
    <p class='ocr_par' dir='ltr' id='par_1_80' title="bbox 1776 2666 2768 2732">
     <span class='ocr_line' id='line_1_80' title="bbox 1776 2666 2768 2732; baseline 0.012 -12"><span class='ocrx_word' id='word_1_418' title='bbox 1776 2666 2027 2723; x_wconf 72' lang='lat' dir='ltr'><strong>Silvescit</strong></span> <span class='ocrx_word' id='word_1_419' title='bbox 2059 2670 2234 2726; x_wconf 88' lang='lat' dir='ltr'><strong>hirtus</strong></span> <span class='ocrx_word' id='word_1_420' title='bbox 2273 2681 2383 2727; x_wconf 88' lang='lat' dir='ltr'><strong>tuta</strong></span> <span class='ocrx_word' id='word_1_421' title='bbox 2410 2676 2543 2729; x_wconf 90' lang='lat' dir='ltr'><strong>setis</strong></span> <span class='ocrx_word' id='word_1_422' title='bbox 2571 2685 2627 2729; x_wconf 91' lang='lat' dir='ltr'><strong>ut</strong></span> <span class='ocrx_word' id='word_1_423' title='bbox 2654 2676 2768 2732; x_wconf 84' lang='lat' dir='ltr'><strong>fera</strong></span> 
     </span>
    </p>
   </div>
   <div class='ocr_carea' id='block_1_81' title="bbox 1774 2757 2889 2833">
    <p class='ocr_par' dir='ltr' id='par_1_81' title="bbox 1774 2757 2889 2833">
     <span class='ocr_line' id='line_1_81' title="bbox 1774 2757 2889 2833; baseline 0.017 -24"><span class='ocrx_word' id='word_1_424' title='bbox 1774 2757 1943 2824; x_wconf 73' lang='lat' dir='ltr'><strong>Quem</strong></span> <span class='ocrx_word' id='word_1_425' title='bbox 1966 2759 2277 2827; x_wconf 87' lang='lat' dir='ltr'><strong>judicantes</strong></span> <span class='ocrx_word' id='word_1_426' title='bbox 2311 2774 2433 2833; x_wconf 88' lang='lat' dir='ltr'><strong>post</strong></span> <span class='ocrx_word' id='word_1_427' title='bbox 2465 2768 2614 2822; x_wconf 90' lang='lat' dir='ltr'><strong>necis</strong></span> <span class='ocrx_word' id='word_1_428' title='bbox 2647 2778 2723 2824; x_wconf 91' lang='lat' dir='ltr'><strong>tot</strong></span> <span class='ocrx_word' id='word_1_429' title='bbox 2750 2771 2889 2827; x_wconf 86' lang='lat' dir='ltr'><strong>ostia</strong></span> 
     </span>
    </p>
   </div>
   <div class='ocr_carea' id='block_1_82' title="bbox 1778 2850 2751 2926">
    <p class='ocr_par' dir='ltr' id='par_1_82' title="bbox 1778 2850 2751 2926">
     <span class='ocr_line' id='line_1_82' title="bbox 1778 2850 2751 2926; baseline 0.012 -22"><span class='ocrx_word' id='word_1_430' title='bbox 1778 2850 1928 2907; x_wconf 78' lang='lat' dir='ltr'><strong>Lanit</strong></span> <span class='ocrx_word' id='word_1_431' title='bbox 1970 2863 2153 2911; x_wconf 91' lang='lat' dir='ltr'><strong>tenore</strong></span> <span class='ocrx_word' id='word_1_432' title='bbox 2187 2872 2345 2926; x_wconf 79' lang='lat' dir='ltr'><strong>posse</strong></span> <span class='ocrx_word' id='word_1_433' title='bbox 2372 2858 2518 2913; x_wconf 87' lang='lat' dir='ltr'><strong>mtllo</strong></span> <span class='ocrx_word' id='word_1_434' title='bbox 2548 2860 2751 2926; x_wconf 84' lang='lat' dir='ltr'><strong>vivere,</strong></span> 
     </span>
    </p>
   </div>
   <div class='ocr_carea' id='block_1_83' title="bbox 1776 2938 3116 3010">
    <p class='ocr_par' dir='ltr' id='par_1_83' title="bbox 1776 2938 3116 3010">
     <span class='ocr_line' id='line_1_83' title="bbox 1776 2938 3116 3010; baseline 0.014 -19"><span class='ocrx_word' id='word_1_435' title='bbox 1776 2938 2071 3010; x_wconf 87' lang='lat' dir='ltr'><strong>Linquunt,</strong></span> <span class='ocrx_word' id='word_1_436' title='bbox 2100 2960 2197 2998; x_wconf 91' lang='lat' dir='ltr'><strong>nec</strong></span> <span class='ocrx_word' id='word_1_437' title='bbox 2226 2958 2408 3000; x_wconf 89' lang='lat' dir='ltr'><strong>aetum</strong></span> <span class='ocrx_word' id='word_1_438' title='bbox 2444 2954 2633 3005; x_wconf 88' lang='lat' dir='ltr'><strong>mortis</strong></span> <span class='ocrx_word' id='word_1_439' title='bbox 2661 2952 2834 3008; x_wconf 88' lang='lat' dir='ltr'><strong>antris</strong></span> <span class='ocrx_word' id='word_1_440' title='bbox 2864 2954 3116 3010; x_wconf 87' lang='lat' dir='ltr'><strong>ambiunt</strong></span> 
     </span>
    </p>
   </div>
   <div class='ocr_carea' id='block_1_84' title="bbox 1697 3030 2767 3128">
    <p class='ocr_par' dir='ltr' id='par_1_84' title="bbox 1697 3030 2767 3128">
     <span class='ocr_line' id='line_1_84' title="bbox 1697 3030 2767 3128; baseline 0.01 -44"><span class='ocrx_word' id='word_1_441' title='bbox 1697 3067 1743 3128; x_wconf 66' lang='grc' dir='ltr'>Ο</span> <span class='ocrx_word' id='word_1_442' title='bbox 1773 3030 1871 3085; x_wconf 90' lang='lat' dir='ltr'><strong>Cui</strong></span> <span class='ocrx_word' id='word_1_443' title='bbox 1904 3044 1978 3086; x_wconf 92' lang='lat' dir='ltr'><strong>tot</strong></span> <span class='ocrx_word' id='word_1_444' title='bbox 2008 3035 2257 3088; x_wconf 83' lang='lat' dir='ltr'><strong>videntur</strong></span> <span class='ocrx_word' id='word_1_445' title='bbox 2286 3035 2497 3093; x_wconf 86' lang='lat' dir='ltr'><strong>funeris</strong></span> <span class='ocrx_word' id='word_1_446' title='bbox 2518 3041 2767 3111; x_wconf 78' lang='lat' dir='ltr'><strong>veStigia.</strong></span> 
     </span>
    </p>
   </div>
   <div class='ocr_carea' id='block_1_85' title="bbox 1772 3120 2697 3197">
    <p class='ocr_par' dir='ltr' id='par_1_85' title="bbox 1772 3120 2697 3197">
     <span class='ocr_line' id='line_1_85' title="bbox 1772 3120 2697 3197; baseline 0.01 -22"><span class='ocrx_word' id='word_1_447' title='bbox 1772 3120 1944 3176; x_wconf 73' lang='lat' dir='ltr'><strong>Noctu</strong></span> <span class='ocrx_word' id='word_1_448' title='bbox 1974 3123 2160 3178; x_wconf 70' lang='lat' dir='ltr'><strong>relicta</strong></span> <span class='ocrx_word' id='word_1_449' title='bbox 2192 3128 2450 3197; x_wconf 76' lang='lat' dir='ltr'><strong>martyris</strong></span> <span class='ocrx_word' id='word_1_450' title='bbox 2473 3129 2697 3195; x_wconf 85' lang='lat' dir='ltr'><strong>Zetarii,</strong></span> 
     </span>
    </p>
   </div>
   <div class='ocr_carea' id='block_1_86' title="bbox 1772 3213 2746 3290">
    <p class='ocr_par' dir='ltr' id='par_1_86' title="bbox 1772 3213 2746 3290">
     <span class='ocr_line' id='line_1_86' title="bbox 1772 3213 2746 3290; baseline 0.009 -21"><span class='ocrx_word' id='word_1_451' title='bbox 1772 3213 1980 3270; x_wconf 90' lang='lat' dir='ltr'><strong>Curare</strong></span> <span class='ocrx_word' id='word_1_452' title='bbox 2011 3216 2174 3271; x_wconf 83' lang='lat' dir='ltr'><strong>funus</strong></span> <span class='ocrx_word' id='word_1_453' title='bbox 2199 3217 2456 3274; x_wconf 86' lang='lat' dir='ltr'><strong>lancinati</strong></span> <span class='ocrx_word' id='word_1_454' title='bbox 2488 3221 2746 3290; x_wconf 84' lang='lat' dir='ltr'><strong>gestiens,</strong></span> 
     </span>
    </p>
   </div>
   <div class='ocr_carea' id='block_1_87' title="bbox 1777 3304 2976 3383">
    <p class='ocr_par' dir='ltr' id='par_1_87' title="bbox 1777 3304 2976 3383">
     <span class='ocr_line' id='line_1_87' title="bbox 1777 3304 2976 3383; baseline 0.012 -23"><span class='ocrx_word' id='word_1_455' title='bbox 1777 3304 1968 3361; x_wconf 79' lang='lat' dir='ltr'><strong>Vivum</strong></span> <span class='ocrx_word' id='word_1_456' title='bbox 1999 3310 2206 3364; x_wconf 87' lang='lat' dir='ltr'><strong>reducit</strong></span> <span class='ocrx_word' id='word_1_457' title='bbox 2233 3327 2395 3381; x_wconf 87' lang='lat' dir='ltr'><strong>quem</strong></span> <span class='ocrx_word' id='word_1_458' title='bbox 2425 3315 2645 3383; x_wconf 85' lang='lat' dir='ltr'><strong>petebat</strong></span> <span class='ocrx_word' id='word_1_459' title='bbox 2676 3324 2976 3374; x_wconf 87' lang='lat' dir='ltr'><strong>mortuum.</strong></span> 
     </span>
    </p>
   </div>
   <div class='ocr_carea' id='block_1_88' title="bbox 1772 3397 2842 3477">
    <p class='ocr_par' dir='ltr' id='par_1_88' title="bbox 1772 3397 2842 3477">
     <span class='ocr_line' id='line_1_88' title="bbox 1772 3397 2842 3477; baseline 0.011 -24"><span class='ocrx_word' id='word_1_460' title='bbox 1772 3397 1943 3477; x_wconf 59' lang='lat' dir='ltr'><strong>dides</strong></span> <span class='ocrx_word' id='word_1_461' title='bbox 1975 3401 2028 3454; x_wconf 93' lang='lat' dir='ltr'><strong>in</strong></span> <span class='ocrx_word' id='word_1_462' title='bbox 2054 3401 2193 3457; x_wconf 81' lang='lat' dir='ltr'><strong>altas</strong></span> <span class='ocrx_word' id='word_1_463' title='bbox 2219 3406 2415 3459; x_wconf 89' lang='lat' dir='ltr'><strong>ductus</strong></span> <span class='ocrx_word' id='word_1_464' title='bbox 2444 3405 2615 3461; x_wconf 90' lang='lat' dir='ltr'><strong>hostis</strong></span> <span class='ocrx_word' id='word_1_465' title='bbox 2646 3409 2842 3465; x_wconf 84' lang='lat' dir='ltr'><strong>robora</strong></span> 
     </span>
    </p>
   </div>
   <div class='ocr_carea' id='block_1_89' title="bbox 1770 3491 2787 3567">
    <p class='ocr_par' dir='ltr' id='par_1_89' title="bbox 1770 3491 2787 3567">
     <span class='ocr_line' id='line_1_89' title="bbox 1770 3491 2787 3567; baseline 0.008 -20"><span class='ocrx_word' id='word_1_466' title='bbox 1770 3491 1981 3547; x_wconf 81' lang='lat' dir='ltr'><strong>Paucos</strong></span> <span class='ocrx_word' id='word_1_467' title='bbox 2005 3496 2230 3549; x_wconf 88' lang='lat' dir='ltr'><strong>resumit</strong></span> <span class='ocrx_word' id='word_1_468' title='bbox 2259 3498 2542 3567; x_wconf 89' lang='lat' dir='ltr'><strong>sospitatis</strong></span> <span class='ocrx_word' id='word_1_469' title='bbox 2567 3500 2621 3553; x_wconf 92' lang='lat' dir='ltr'><strong>in</strong></span> <span class='ocrx_word' id='word_1_470' title='bbox 2651 3501 2787 3567; x_wconf 85' lang='lat' dir='ltr'><strong>dies,</strong></span> 
     </span>
    </p>
   </div>
   <div class='ocr_carea' id='block_1_90' title="bbox 1771 3585 2859 3660">
    <p class='ocr_par' dir='ltr' id='par_1_90' title="bbox 1771 3585 2859 3660">
     <span class='ocr_line' id='line_1_90' title="bbox 1771 3585 2859 3660; baseline 0.007 -20"><span class='ocrx_word' id='word_1_471' title='bbox 1771 3585 2085 3656; x_wconf 81' lang='lat' dir='ltr'><strong>Fugantque</strong></span> <span class='ocrx_word' id='word_1_472' title='bbox 2114 3589 2254 3643; x_wconf 87' lang='lat' dir='ltr'><strong>inire</strong></span> <span class='ocrx_word' id='word_1_473' title='bbox 2280 3602 2637 3660; x_wconf 85' lang='lat' dir='ltr'><strong>suggerentes</strong></span> <span class='ocrx_word' id='word_1_474' title='bbox 2670 3593 2723 3646; x_wconf 92' lang='lat' dir='ltr'><strong>in</strong></span> <span class='ocrx_word' id='word_1_475' title='bbox 2755 3592 2859 3648; x_wconf 78' lang='lat' dir='ltr'><strong>fide</strong></span> 
     </span>
    </p>
   </div>
   <div class='ocr_carea' id='block_1_91' title="bbox 1771 3674 2812 3746">
    <p class='ocr_par' dir='ltr' id='par_1_91' title="bbox 1771 3674 2812 3746">
     <span class='ocr_line' id='line_1_91' title="bbox 1771 3674 2812 3746; baseline 0.007 -19"><span class='ocrx_word' id='word_1_476' title='bbox 1771 3674 1941 3746; x_wconf 78' lang='lat' dir='ltr'><strong>Magis</strong></span> <span class='ocrx_word' id='word_1_477' title='bbox 1970 3678 2244 3746; x_wconf 90' lang='lat' dir='ltr'><strong>triumpho</strong></span> <span class='ocrx_word' id='word_1_478' title='bbox 2272 3678 2525 3733; x_wconf 85' lang='lat' dir='ltr'><strong>roborata</strong></span> <span class='ocrx_word' id='word_1_479' title='bbox 2557 3683 2812 3743; x_wconf 85' lang='lat' dir='ltr'><strong>roborat;</strong></span> 
     </span>
    </p>
   </div>
   <div class='ocr_carea' id='block_1_92' title="bbox 1771 3765 2937 3838">
    <p class='ocr_par' dir='ltr' id='par_1_92' title="bbox 1771 3765 2937 3838">
     <span class='ocr_line' id='line_1_92' title="bbox 1771 3765 2937 3838; baseline 0.005 -18"><span class='ocrx_word' id='word_1_480' title='bbox 1771 3765 2011 3835; x_wconf 87' lang='lat' dir='ltr'><strong>lpsisqne</strong></span> <span class='ocrx_word' id='word_1_481' title='bbox 2034 3769 2278 3835; x_wconf 82' lang='lat' dir='ltr'><strong>pandens</strong></span> <span class='ocrx_word' id='word_1_482' title='bbox 2304 3770 2521 3838; x_wconf 87' lang='lat' dir='ltr'><strong>regibus</strong></span> <span class='ocrx_word' id='word_1_483' title='bbox 2552 3786 2673 3825; x_wconf 86' lang='lat' dir='ltr'><strong>sese</strong></span> <span class='ocrx_word' id='word_1_484' title='bbox 2700 3771 2937 3838; x_wconf 89' lang='lat' dir='ltr'><strong>intimat,</strong></span> 
     </span>
    </p>
   </div>
   <div class='ocr_carea' id='block_1_93' title="bbox 1772 3857 2699 3932">
    <p class='ocr_par' dir='ltr' id='par_1_93' title="bbox 1772 3857 2699 3932">
     <span class='ocr_line' id='line_1_93' title="bbox 1772 3857 2699 3932; baseline 0.005 -20"><span class='ocrx_word' id='word_1_485' title='bbox 1772 3857 2156 3928; x_wconf 84' lang='lat' dir='ltr'><strong>Surreptiunes</strong></span> <span class='ocrx_word' id='word_1_486' title='bbox 2181 3859 2434 3915; x_wconf 61' lang='lat' dir='ltr'><strong>falsitatis</strong></span> <span class='ocrx_word' id='word_1_487' title='bbox 2465 3877 2699 3932; x_wconf 90' lang='lat' dir='ltr'><strong>arguens</strong></span> 
     </span>
    </p>
   </div>
   <div class='ocr_carea' id='block_1_94' title="bbox 1772 3950 2894 4026">
    <p class='ocr_par' dir='ltr' id='par_1_94' title="bbox 1772 3950 2894 4026">
     <span class='ocr_line' id='line_1_94' title="bbox 1772 3950 2894 4026; baseline 0.008 -22"><span class='ocrx_word' id='word_1_488' title='bbox 1772 3950 2072 4021; x_wconf 85' lang='lat' dir='ltr'><strong>llostesque</strong></span> <span class='ocrx_word' id='word_1_489' title='bbox 2100 3954 2280 4007; x_wconf 84' lang='lat' dir='ltr'><strong>verbis</strong></span> <span class='ocrx_word' id='word_1_490' title='bbox 2316 3954 2559 4009; x_wconf 89' lang='lat' dir='ltr'><strong>veritatis</strong></span> <span class='ocrx_word' id='word_1_491' title='bbox 2585 3956 2894 4026; x_wconf 87' lang='lat' dir='ltr'><strong>increpans.</strong></span> 
     </span>
    </p>
   </div>
   <div class='ocr_carea' id='block_1_95' title="bbox 1771 4042 2866 4114">
    <p class='ocr_par' dir='ltr' id='par_1_95' title="bbox 1771 4042 2866 4114">
     <span class='ocr_line' id='line_1_95' title="bbox 1771 4042 2866 4114; baseline 0.006 -18"><span class='ocrx_word' id='word_1_492' title='bbox 1771 4042 2036 4097; x_wconf 81' lang='lat' dir='ltr'><strong>Mirantur</strong></span> <span class='ocrx_word' id='word_1_493' title='bbox 2067 4044 2139 4098; x_wconf 90' lang='lat' dir='ltr'><strong>illi</strong></span> <span class='ocrx_word' id='word_1_494' title='bbox 2172 4061 2332 4114; x_wconf 91' lang='lat' dir='ltr'><strong>quem</strong></span> <span class='ocrx_word' id='word_1_495' title='bbox 2362 4057 2622 4102; x_wconf 90' lang='lat' dir='ltr'><strong>necarant</strong></span> <span class='ocrx_word' id='word_1_496' title='bbox 2648 4048 2866 4113; x_wconf 86' lang='lat' dir='ltr'><strong>vivere;</strong></span> 
     </span>
    </p>
   </div>
   <div class='ocr_carea' id='block_1_96' title="bbox 1770 4133 2966 4204">
    <p class='ocr_par' dir='ltr' id='par_1_96' title="bbox 1770 4133 2966 4204">
     <span class='ocr_line' id='line_1_96' title="bbox 1770 4133 2966 4204; baseline 0.006 -17"><span class='ocrx_word' id='word_1_497' title='bbox 1770 4133 1851 4188; x_wconf 80' lang='lat' dir='ltr'><strong>Ad</strong></span> <span class='ocrx_word' id='word_1_498' title='bbox 1880 4135 2320 4204; x_wconf 87' lang='lat' dir='ltr'><strong>suppritnendam</strong></span> <span class='ocrx_word' id='word_1_499' title='bbox 2354 4138 2531 4192; x_wconf 89' lang='lat' dir='ltr'><strong>reddit</strong></span> <span class='ocrx_word' id='word_1_500' title='bbox 2562 4138 2664 4193; x_wconf 88' lang='lat' dir='ltr'><strong>iste</strong></span> <span class='ocrx_word' id='word_1_501' title='bbox 2697 4139 2966 4195; x_wconf 88' lang='lat' dir='ltr'><strong>insaniam</strong></span> 
     </span>
    </p>
   </div>
   <div class='ocr_carea' id='block_1_97' title="bbox 1772 4223 2819 4298">
    <p class='ocr_par' dir='ltr' id='par_1_97' title="bbox 1772 4223 2819 4298">
     <span class='ocr_line' id='line_1_97' title="bbox 1772 4223 2819 4298; baseline 0.008 -19"><span class='ocrx_word' id='word_1_502' title='bbox 1772 4223 1843 4279; x_wconf 86' lang='lat' dir='ltr'><strong>Se</strong></span> <span class='ocrx_word' id='word_1_503' title='bbox 1874 4225 2182 4280; x_wconf 88' lang='lat' dir='ltr'><strong>restitutum</strong></span> <span class='ocrx_word' id='word_1_504' title='bbox 2209 4242 2314 4296; x_wconf 89' lang='lat' dir='ltr'><strong>qua</strong></span> <span class='ocrx_word' id='word_1_505' title='bbox 2346 4227 2534 4283; x_wconf 87' lang='lat' dir='ltr'><strong>beatos</strong></span> <span class='ocrx_word' id='word_1_506' title='bbox 2560 4239 2819 4298; x_wconf 89' lang='lat' dir='ltr'><strong>atterunt,</strong></span> 
     </span>
    </p>
   </div>
   <div class='ocr_carea' id='block_1_98' title="bbox 1770 4314 3028 4393">
    <p class='ocr_par' dir='ltr' id='par_1_98' title="bbox 1770 4314 3028 4393">
     <span class='ocr_line' id='line_1_98' title="bbox 1770 4314 3028 4393; baseline 0.01 -21"><span class='ocrx_word' id='word_1_507' title='bbox 1770 4314 2003 4372; x_wconf 77' lang='lat' dir='ltr'><strong>Olfcndit</strong></span> <span class='ocrx_word' id='word_1_508' title='bbox 2028 4333 2159 4389; x_wconf 90' lang='lat' dir='ltr'><strong>ergo</strong></span> <span class='ocrx_word' id='word_1_509' title='bbox 2190 4318 2497 4376; x_wconf 78' lang='lat' dir='ltr'><strong>Vitninosos</strong></span> <span class='ocrx_word' id='word_1_510' title='bbox 2527 4323 2677 4393; x_wconf 80' lang='grc'><strong>(185)</strong></span> <span class='ocrx_word' id='word_1_511' title='bbox 2706 4327 3028 4385; x_wconf 82' lang='lat' dir='ltr'><strong>admonens.</strong></span> 
     </span>
    </p>
   </div>
   <div class='ocr_carea' id='block_1_99' title="bbox 1696 4406 2856 4479">
    <p class='ocr_par' dir='ltr' id='par_1_99' title="bbox 1696 4406 2856 4479">
     <span class='ocr_line' id='line_1_99' title="bbox 1696 4406 2856 4479; baseline 0.014 -20"><span class='ocrx_word' id='word_1_512' title='bbox 1696 4406 1745 4465; x_wconf 77' lang='grc' dir='ltr'><strong>ι)</strong></span> <span class='ocrx_word' id='word_1_513' title='bbox 1771 4406 1999 4463; x_wconf 79' lang='lat' dir='ltr'><strong>Jubetur</strong></span> <span class='ocrx_word' id='word_1_514' title='bbox 2026 4410 2155 4464; x_wconf 91' lang='lat' dir='ltr'><strong>hinc</strong></span> <span class='ocrx_word' id='word_1_515' title='bbox 2182 4425 2424 4479; x_wconf 90' lang='lat' dir='ltr'><strong>eousque</strong></span> <span class='ocrx_word' id='word_1_516' title='bbox 2454 4415 2589 4468; x_wconf 73' lang='lat' dir='ltr'><strong>czedt</strong></span> <span class='ocrx_word' id='word_1_517' title='bbox 2617 4416 2856 4475; x_wconf 86' lang='lat' dir='ltr'><strong>fustibus</strong></span> 
     </span>
    </p>
   </div>
   <div class='ocr_carea' id='block_1_100' title="bbox 1776 4499 2924 4573">
    <p class='ocr_par' dir='ltr' id='par_1_100' title="bbox 1776 4499 2924 4573">
     <span class='ocr_line' id='line_1_100' title="bbox 1776 4499 2924 4573; baseline 0.01 -21"><span class='ocrx_word' id='word_1_518' title='bbox 1776 4499 1909 4552; x_wconf 89' lang='lat' dir='ltr'><strong>Dum</strong></span> <span class='ocrx_word' id='word_1_519' title='bbox 1933 4499 2236 4553; x_wconf 82' lang='lat' dir='ltr'><strong>concitatus</strong></span> <span class='ocrx_word' id='word_1_520' title='bbox 2258 4510 2405 4553; x_wconf 87' lang='lat' dir='ltr'><strong>astra</strong></span> <span class='ocrx_word' id='word_1_521' title='bbox 2434 4505 2647 4557; x_wconf 89' lang='lat' dir='ltr'><strong>scandit</strong></span> <span class='ocrx_word' id='word_1_522' title='bbox 2678 4508 2924 4573; x_wconf 86' lang='lat' dir='ltr'><strong>spiritus.</strong></span> 
     </span>
    </p>
   </div>
   <div class='ocr_carea' id='block_1_101' title="bbox 1772 4590 2855 4664">
    <p class='ocr_par' dir='ltr' id='par_1_101' title="bbox 1772 4590 2855 4664">
     <span class='ocr_line' id='line_1_101' title="bbox 1772 4590 2855 4664; baseline 0.008 -20"><span class='ocrx_word' id='word_1_523' title='bbox 1772 4590 1923 4645; x_wconf 83' lang='lat' dir='ltr'><strong>lianc</strong></span> <span class='ocrx_word' id='word_1_524' title='bbox 1949 4590 2276 4646; x_wconf 85' lang='lat' dir='ltr'><strong>Christianis</strong></span> <span class='ocrx_word' id='word_1_525' title='bbox 2306 4592 2604 4648; x_wconf 85' lang='lat' dir='ltr'><strong>invidentes</strong></span> <span class='ocrx_word' id='word_1_526' title='bbox 2629 4595 2855 4664; x_wconf 88' lang='lat' dir='ltr'><strong>gloriant</strong></span> 
     </span>
    </p>
   </div>
   <div class='ocr_carea' id='block_1_102' title="bbox 1774 4682 2939 4760">
    <p class='ocr_par' dir='ltr' id='par_1_102' title="bbox 1774 4682 2939 4760">
     <span class='ocr_line' id='line_1_102' title="bbox 1774 4682 2939 4760; baseline 0.008 -22"><span class='ocrx_word' id='word_1_527' title='bbox 1774 4682 1913 4738; x_wconf 63' lang='lat' dir='ltr'><strong>Saevi</strong></span> <span class='ocrx_word' id='word_1_528' title='bbox 1944 4684 2142 4739; x_wconf 70' lang='lat' dir='ltr'><strong>cloacae</strong></span> <span class='ocrx_word' id='word_1_529' title='bbox 2174 4684 2416 4738; x_wconf 88' lang='lat' dir='ltr'><strong>membra</strong></span> <span class='ocrx_word' id='word_1_530' title='bbox 2446 4686 2647 4739; x_wconf 89' lang='lat' dir='ltr'><strong>dedunt</strong></span> <span class='ocrx_word' id='word_1_531' title='bbox 2675 4690 2939 4760; x_wconf 71' lang='lat' dir='ltr'><strong>sordida);</strong></span> 
     </span>
    </p>
   </div>
   <div class='ocr_carea' id='block_1_103' title="bbox 1773 4778 2829 4849">
    <p class='ocr_par' dir='ltr' id='par_1_103' title="bbox 1773 4778 2829 4849">
     <span class='ocr_line' id='line_1_103' title="bbox 1773 4778 2829 4849; baseline 0.002 -16"><span class='ocrx_word' id='word_1_532' title='bbox 1773 4778 2040 4849; x_wconf 86' lang='lat' dir='ltr'><strong>Squalere</strong></span> <span class='ocrx_word' id='word_1_533' title='bbox 2077 4779 2245 4848; x_wconf 84' lang='lat' dir='ltr'><strong>mergi</strong></span> <span class='ocrx_word' id='word_1_534' title='bbox 2278 4778 2373 4831; x_wconf 88' lang='lat' dir='ltr'><strong>sed</strong></span> <span class='ocrx_word' id='word_1_535' title='bbox 2398 4788 2542 4832; x_wconf 87' lang='lat' dir='ltr'><strong>vetat</strong></span> <span class='ocrx_word' id='word_1_536' title='bbox 2565 4779 2829 4835; x_wconf 83' lang='lat' dir='ltr'><strong>Divinitas</strong></span> 
     </span>
    </p>
   </div>
   <div class='ocr_carea' id='block_1_104' title="bbox 1772 4868 2924 4939">
    <p class='ocr_par' dir='ltr' id='par_1_104' title="bbox 1772 4868 2924 4939">
     <span class='ocr_line' id='line_1_104' title="bbox 1772 4868 2924 4939; baseline 0.009 -17"><span class='ocrx_word' id='word_1_537' title='bbox 1772 4868 1877 4922; x_wconf 87' lang='lat' dir='ltr'><strong>Tot</strong></span> <span class='ocrx_word' id='word_1_538' title='bbox 1906 4877 2285 4923; x_wconf 75' lang='lat' dir='ltr'><strong>censueratnm</strong></span> <span class='ocrx_word' id='word_1_539' title='bbox 2317 4882 2518 4937; x_wconf 88' lang='lat' dir='ltr'><strong>corpus</strong></span> <span class='ocrx_word' id='word_1_540' title='bbox 2541 4868 2670 4924; x_wconf 90' lang='lat' dir='ltr'><strong>olim</strong></span> <span class='ocrx_word' id='word_1_541' title='bbox 2699 4872 2924 4939; x_wconf 73' lang='lat' dir='ltr'><strong>prteliis.</strong></span> 
     </span>
    </p>
   </div>
   <div class='ocr_carea' id='block_1_105' title="bbox 1774 4953 2783 5013">
    <p class='ocr_par' dir='ltr' id='par_1_105' title="bbox 1774 4953 2783 5013">
     <span class='ocr_line' id='line_1_105' title="bbox 1774 4953 2783 5013; baseline 0.003 -4"><span class='ocrx_word' id='word_1_542' title='bbox 1774 4955 1975 5010; x_wconf 77' lang='lat' dir='ltr'><strong>Lucina</strong></span> <span class='ocrx_word' id='word_1_543' title='bbox 2007 4953 2175 5009; x_wconf 87' lang='lat' dir='ltr'><strong>castis</strong></span> <span class='ocrx_word' id='word_1_544' title='bbox 2204 4955 2293 5010; x_wconf 89' lang='lat' dir='ltr'><strong>hic</strong></span> <span class='ocrx_word' id='word_1_545' title='bbox 2321 4958 2547 5013; x_wconf 84' lang='lat' dir='ltr'><strong>vacabat</strong></span> <span class='ocrx_word' id='word_1_546' title='bbox 2571 4958 2783 5013; x_wconf 86' lang='lat' dir='ltr'><strong>actibus</strong></span> 
     </span>
    </p>
   </div>
   <div class='ocr_carea' id='block_1_106' title="bbox 1772 5047 2858 5122">
    <p class='ocr_par' dir='ltr' id='par_1_106' title="bbox 1772 5047 2858 5122">
     <span class='ocr_line' id='line_1_106' title="bbox 1772 5047 2858 5122; baseline 0.012 -21"><span class='ocrx_word' id='word_1_547' title='bbox 1772 5047 2041 5111; x_wconf 83' lang='lat' dir='ltr'><strong>Matrona,</strong></span> <span class='ocrx_word' id='word_1_548' title='bbox 2066 5049 2240 5104; x_wconf 86' lang='lat' dir='ltr'><strong>sancti</strong></span> <span class='ocrx_word' id='word_1_549' title='bbox 2276 5048 2429 5119; x_wconf 83' lang='lat' dir='ltr'><strong>plena</strong></span> <span class='ocrx_word' id='word_1_550' title='bbox 2456 5051 2574 5108; x_wconf 84' lang='lat' dir='ltr'><strong>luce</strong></span> <span class='ocrx_word' id='word_1_551' title='bbox 2598 5052 2858 5122; x_wconf 85' lang='lat' dir='ltr'><strong>Spiritus.</strong></span> 
     </span>
    </p>
   </div>
   <div class='ocr_carea' id='block_1_107' title="bbox 1772 5139 2866 5172">
    <p class='ocr_par' dir='ltr' id='par_1_107' title="bbox 1772 5139 2866 5172">
     <span class='ocr_line' id='line_1_107' title="bbox 1772 5139 2866 5172; baseline 0 0"><span class='ocrx_word' id='word_1_552' title='bbox 1772 5139 1923 5172; x_wconf 58' lang='grc' dir='ltr'><strong>ηομερ.</strong></span> <span class='ocrx_word' id='word_1_553' title='bbox 1957 5139 2217 5172; x_wconf 62' lang='lat' dir='ltr'><strong>nunt-&quot;Quo</strong></span> <span class='ocrx_word' id='word_1_554' title='bbox 2241 5156 2337 5172; x_wconf 70' lang='lat' dir='ltr'><strong>nam</strong></span> <span class='ocrx_word' id='word_1_555' title='bbox 2361 5157 2609 5172; x_wconf 67' lang='grc' dir='ltr'><strong>ιιιιηιικι-ι.ν.</strong></span> <span class='ocrx_word' id='word_1_556' title='bbox 2645 5145 2866 5172; x_wconf 59' lang='lat' dir='ltr'><strong>-Mtzt..-</strong></span> 
     </span>
    </p>
   </div>
   <div class='ocr_carea' id='block_1_108' title="bbox 3275 273 3377 331">
    <p class='ocr_par' dir='ltr' id='par_1_108' title="bbox 3275 273 3377 331">
     <span class='ocr_line' id='line_1_108' title="bbox 3275 273 3377 331; baseline 0 -1"><span class='ocrx_word' id='word_1_557' title='bbox 3275 273 3377 331; x_wconf 67' lang='lat'><strong>750</strong></span> 
     </span>
    </p>
   </div>
  </div>
