3888 5330
533 251 633 309 'lil
1212 247 1605 306 FLODOARDI
1647 246 1970 305 CANONICI
2009 244 2360 302 REMENSIS
2382 242 2752 303 OPUSCULA
2773 242 3102 303 IIE'IRICA.

2147 348 2195 407 Α
2225 341 2536 413 Parcasque
2553 342 2759 412 junctis
2781 351 2951 422 nocte
2968 342 3157 397 eadem
3180 340 3419 398 vernulis

545 328 776 404 Locabis
806 345 944 400 aluta
974 350 1039 399 ad
1073 345 1378 416 principum
1400 345 1655 415 vestigia.
1692 362 1714 398 ι

530 439 785 512 Exsurgit
817 438 906 496 illa
936 436 1078 503 lauta,
1107 451 1361 494 somnum
1385 437 1623 504 dissicit,

2219 433 2378 491 Jusso
2407 434 2648 490 recondit
2671 446 2830 491 nacta
2860 435 3067 490 honore
3090 450 3337 491 munera.

1398 623 1865 717 INCIPIT
1935 624 2296 714 LIBER
2364 624 2954 718 SEPTIMUS

1851 817 2082 876 CAPUT
2115 816 2408 875 PRIMUM.
2478 852 2481 855 -

1707 934 1784 991 De
1809 943 1992 989 sancto
2024 929 2250 986 Gabinio
2274 940 2320 985 et
2351 930 2621 987 Susanna.

522 1098 718 1158 Frater
747 1106 864 1154 erat
900 1094 1018 1151 Gaii
1044 1092 1327 1157 Gabinius,
1355 1091 1444 1147 illc
1475 1091 1785 1147 Suzannam

526 1192 777 1248 Nutribat
804 1188 1063 1250 sobolem,
1093 1184 1286 1255 supero
1316 1196 1476 1254 quam
1496 1190 1800 1236 ornaverat
1826 1194 1980 1245 auro,

525 1280 692 1341 Fama
725 1297 881 1336 aures
907 1279 1130 1348 hujusce
1162 1289 1341 1331 terens
1368 1274 1684 1331 Diocletiani

525 1366 1045 1443 Nuntiat'egregiam
1072 1364 1246 1423 forma
1280 1382 1547 1437 sensuque
1571 1364 1802 1437 puellam
1827 1380 1843 1431 ;

523 1464 619 1518 Ille
645 1477 846 1532 parans
872 1474 1054 1530 sagum
1083 1459 1262 1528 genito
1291 1456 1496 1510 vincire
1522 1456 1798 1517 maritam,

521 1558 714 1632 Dirigit
760 1552 1021 1612 illustrem
1054 1553 1341 1625 quemdam
1367 1592 1383 1618 ,
1431 1552 1625 1606 horum
1669 1564 1835 1605 carne
1882 1546 2105 1618 propin-

604 1686 610 1701 ,
1823 1637 2032 1710 lquitur,

519 1739 620 1808 Qui
649 1746 803 1794 catus
831 1737 934 1793 ista
965 1743 1112 1791 serat
1146 1733 1522 1802 taedarumque.
1550 1731 1731 1787 omnia
1764 1731 1960 1787 lit-met.

518 1831 658 1888 Hinc
707 1842 918 1902 patrem
966 1827 1056 1883 ille
1100 1827 1278 1900 petit;
1331 1835 1484 1896 pater
1535 1834 1592 1880 at
1631 1834 1960 1895 patruusth
2000 1823 2106 1879 Su-

1784 1913 2035 1988 [zaunam

518 2013 805 2067 inveniunt
834 2011 987 2064 ﬁrma
1018 2008 1233 2079 penitus
1263 2006 1446 2062 radice
1470 2008 1671 2078 vigere,

521 2100 741 2156 Semina
771 2116 891 2170 qnze
921 2100 1182 2154 dederant
1211 2097 1356 2151 nullo
1385 2098 1598 2168 agmine
1624 2093 1789 2150 ﬂabra
1820 2095 2032 2152 timere.

517 2193 779 2247 Claudius
810 2189 1021 2261 imperii
1054 2204 1297 2244 suunnos
1324 2188 1573 2257 proponit
1601 2187 1855 2248 honores,

517 2280 787 2342 Eximiam
827 2286 971 2356 regis
1006 2285 1232 2354 prolem,
1262 2282 1434 2352 patris
1458 2282 1563 2335 alta
1591 2289 1926 2351 sequentem,

518 2382 585 2436 Et
609 2380 812 2435 ditione
836 2379 952 2450 pari
983 2377 1230 2433 sublimia
1260 2385 1473 2447 sceptra
1504 2384 1801 2446 regentem,

513 2470 853 2540 Prrcripnum
880 2467 1133 2538 juvenem
1162 2466 1450 2536 splendore
1477 2480 1541 2519 ac
1575 2465 1767 2519 robore
1798 2464 2002 2520 celsum
2033 2482 2046 2518 :

511 2558 604 2616 iifa
636 2561 792 2616 (idem
821 2574 1047 2615 servans
1076 2556 1407 2623 emfestibns,
1437 2557 1542 2612 ima
1568 2554 1767 2631 refutat

513 2652 773 2717 Foedera,
805 2652 986 2705 divino
1016 2651 1313 2704 humanum
1341 2649 1616 2719 postponit
1644 2651 1927 2716 honorem,

516 2741 745 2796 Siderco
770 2740 910 2794 fastu
938 2739 1218 2795 terrestria
1246 2738 1479 2794 culmina
1508 2738 1755 2800 sordent,

510 2830 795 2901 Perpetuis
822 2831 1004 2899 regnis
1035 2829 1283 2884 mortalia
1310 2828 1552 2899 tegmina
1584 2828 1776 2883 vilent.

512 2918 736 2979 Diversa
763 2921 974 2977 alterno
1000 2921 1129 2976 dum
1162 2920 1366 2976 famine
1392 2928 1514 2975 vota
1541 2928 1810 2981 seruntur.

509 3012 612 3081 Qui
640 3027 834 3083 capere
859 3012 1096 3077 advenit,
1116 3010 1359 3081 capitur,
1380 3008 1753 3079 laqueansque
1783 3019 2024 3077 tcuethr;

511 3103 805 3156 lnstrnitur
829 3102 1093 3171 patribus,
1125 3099 1376 3155 scelerati
1406 3100 1636 3169 paenitet
1665 3110 1840 3165 actus,

509 3193 787 3249 Fluctibus
812 3185 1063 3247 abluitur
1082 3193 1241 3257 divis,
1270 3200 1473 3261 supero
1500 3204 1659 3244 amne
1684 3206 1946 3257 novatur;

510 3285 758 3355 'Iirgitnr
784 3294 946 3352 atque
973 3282 1165 3337 domus
1189 3280 1417 3351 geminae
1438 3280 1547 3334 duo
1570 3280 1772 3335 lumina
1805 3284 1988 3352 prolis,

510 3374 794 3443 Quarcivas
820 3385 875 3430 et
899 3374 1231 3438 Alt'xander,
1262 3370 1601 3441 Prepetligna
1626 3370 1843 3443 jugalis.

510 3468 724 3534 Integer
750 3480 870 3519 esse
901 3464 991 3518 Dei
1025 3462 1200 3518 cultor
1228 3459 1640 3517 (lumClandius
1667 3464 1837 3518 ambit

506 3558 683 3629 Atque
713 3560 862 3627 sequi
887 3556 1161 3611 Clu-istum
1189 3555 1254 3610 ad
1281 3554 1527 3613 coelestia
1552 3565 1764 3624 sceptra
1788 3567 2090 3624 vocantem,

507 3647 713 3704 Cuncta
746 3648 1061 3704 facultatum
1096 3648 1335 3703 vendens
1360 3648 1588 3721 largitur
1611 3649 1814 3718 egenis,

505 3735 736 3813 Singula
765 3754 994 3811 quaeque
1018 3738 1163 3793 valet
1189 3741 1493 3794 vinctorum
1519 3739 1792 3812 ergastula
1823 3738 2059 3793 lustrans

507 3830 833 3886 Sanctorum
861 3845 982 3886 sese
1008 3830 1233 3901 pedibus
1258 3833 1575 3902 prosternit,
1603 3841 1656 3887 et
1683 3833 1878 3888 borum

505 3921 767 3993 Tegmine
796 3922 884 3978 vel
912 3923 1057 3978 victu
1082 3923 1283 3992 satagit
1308 3922 1550 3981 relevare
1579 3933 1822 3987 catenas,

502 4016 623 4086 Ipse
652 4032 873 4085 precum
907 4028 1137 4084 poscens
1162 4029 1259 4084 per
1283 4028 1378 4068 eos
1407 4015 1607 4084 pietate
1634 4014 1825 4068 levari.

501 4104 757 4160 Pluribus
778 4104 1052 4175 Augustus
1078 4104 1221 4158 hunc
1248 4114 1567 4173 exspectare
1594 4103 1783 4159 diebus

500 4194 652 4260 Fert,
684 4194 903 4249 firmare
931 4196 1126 4263 putaris
1151 4193 1475 4248 solidissima
1504 4188 1705 4249 foedera
1729 4193 1893 4262 jussi.

501 4286 574 4341 At
595 4299 770 4354 neque
793 4292 1166 4351 consumptam
1191 4292 1404 4353 reparat
1430 4284 1555 4338 dum
1579 4284 1808 4354 Cynthia
1832 4284 2081 4352 formam,

501 4377 585 4433 Ad
615 4376 788 4432 celsas
817 4375 958 4429 ardes
988 4375 1069 4429 vel
1109 4375 1244 4428 festa
1276 4374 1485 4428 theatra
1522 4390 1822 4440 reversum,

502 4470 707 4537 Quaerit
734 4482 914 4524 utrum
942 4469 1098 4539 longe
1118 4467 1452 4532 discesserit,
1478 4484 1547 4523 an
1574 4468 1834 4523 remeanti

489 4559 775 4629 Quidlibet
803 4558 1109 4623 obstiterit;
1146 4557 1316 4612 credit
1343 4557 1599 4629 languore
1631 4567 1918 4612 moratum.

501 4651 673 4723 llujns
698 4661 820 4707 erat
846 4664 1026 4706 secum
1062 4650 1227 4703 frater
1257 4660 1441 4703 comes
1469 4648 1660 4703 ordine
1692 4662 1873 4703 rerum
1902 4660 1918 4702 ι

500 4742 768 4797 Maximus
792 4742 934 4796 hunc
964 4740 1038 4795 illi
1062 4740 1294 4794 solatunt
1327 4740 1567 4796 invisere
1587 4740 1777 4806 mittil,

501 4830 713 4902 ,Εενοιί
738 4831 829 4900 qui
858 4841 1026 4885 strata
1067 4829 1229 4894 levet,
1248 4828 1346 4900 qui
1378 4831 1581 4886 fervida
1608 4831 1782 4898 sedet,

500 4918 741 4977 Turbida
781 4932 1086 4991 componat,
1119 4922 1332 4977 fastidia
1364 4924 1530 4977 cruda
1573 4923 1799 4994 repellat

502 5013 729 5081 Insuper
754 5014 990 5082 inquirat
1022 5015 1175 5067 dotes
1197 5023 1252 5068 et
1289 5024 1436 5082 pacta
1472 5016 1683 5082 puellae,

2215 1086 2397 1141 Credit
2420 1088 2507 1143 hic
2529 1089 2775 1158 acceptis
2794 1089 3038 1160 vivisque
3061 1091 3366 1149 infunditur
3393 1099 3547 1155 undis
3568 1140 3583 1167 ,

2213 1178 2476 1233 Cultninis
2511 1181 2691 1235 eximii
2715 1183 3027 1253 contingere
3051 1185 3243 1239 nititur
3264 1203 3474 1255 arcem,

2214 1270 2540 1341 Addicitque
2570 1272 2689 1328 foro
2718 1289 2913 1329 census
2941 1290 3002 1329 ac
3030 1275 3161 1330 libat
3191 1280 3410 1347 egenis;

2218 1361 2398 1417 Utitur
2431 1363 2531 1418 hac
2557 1364 2611 1418 in
2643 1381 2701 1419 re
2729 1366 2835 1421 ﬁdo
2873 1366 3114 1422 Trasune
3141 1370 3310 1424 sodali
3351 1388 3366 1425 :

2213 1447 2283 1514 Is,
2312 1452 2521 1509 velante
2552 1462 2696 1524 toga,
2724 1454 2926 1511 Christi
2957 1467 3098 1513 tecto
3124 1460 3245 1529 igne
3266 1460 3507 1532 calebat,

2212 1541 2520 1599 Chrismate
2545 1561 2703 1614 quem
2736 1546 2903 1601 Caius
2927 1548 3130 1603 dudum
3157 1566 3404 1608 sacrasse
3433 1564 3643 1612 notatur

2214 1631 2474 1689 Noctibus
2501 1634 2588 1690 ille
2611 1636 2799 1691 aniens
2828 1638 2994 1702 vicos,
3028 1642 3305 1710 ergastula
3331 1643 3588 1712 lustrans,

2141 1691 2183 1751 η
2209 1721 2447 1793 Indignis
2471 1722 2738 1780 ’alimenta
2773 1726 2867 1780 Dei
2895 1728 2996 1783 sub
3021 1691 3225 1787 hciiare
3252 1732 3485 1801 ferebat,

2209 1812 2373 1867 Cesta
2405 1814 2752 1881 recondebat,
2779 1817 2947 1872 titulis
2971 1833 3320 1878 monumenta
3340 1825 3571 1883 colebat.

2206 1906 2306 1962 Ast
2332 1907 2419 1962 ubi
2449 1908 2682 1966 sollicito
2711 1926 3023 1970 reserantur
3053 1916 3194 1972 facta
3223 1930 3474 1990 tyranno,

2209 1999 2310 2065 Qui
2340 2000 2498 2055 saevis
2528 2003 2744 2074 subigat
2766 2007 2935 2060 mittit
2963 2010 3298 2066 cruciatibus
3324 2012 3499 2070 almus

2206 2087 2398 2153 Julius,
2429 2092 2622 2149 exsilio
2656 2092 2854 2149 fratres
2876 2097 2968 2165 qtti
2993 2100 3191 2155 missus
3213 2104 3280 2156 ad
3305 2103 3410 2157 ista

2209 2179 2466 2250 Drportat
2494 2185 2707 2253 gemino
2737 2197 2793 2243 et
2826 2186 3220 2260 Prepedignam
3246 2193 3471 2263 pignore
3504 2195 3696 2252 fultam.

2208 2269 2419 2325 Cwlum
2451 2274 2589 2329 vinci
2625 2276 2985 2347 impossibiles
3013 2281 3325 2338 holocausta
3348 2300 3447 2356 per
3468 2287 3635 2358 ignem

2209 2360 2275 2416 lli
2303 2364 2536 2420 subeunt
2562 2369 2790 2437 pariter,
2822 2371 2983 2426 rutilo
3004 2371 3211 2444 fulgore
3242 2376 3513 2442 nitentes;

2207 2454 2359 2511 Ostia
2399 2459 2674 2529 relliquias
2699 2478 2930 2533 quorum
2954 2469 3100 2536 capit
3120 2483 3338 2537 :cquorc
3363 2470 3555 2529 lectas.

2206 2544 2475 2604 Obsessos
2508 2566 2631 2605 eum
2663 2553 2812 2622 prole
2843 2554 3011 2626 nigris
3034 2555 3293 2613 Gabinius
3328 2561 3521 2623 anuis,

2204 2635 2448 2709 Longum
2478 2642 2568 2696 ubi
2598 2646 2885 2700 continuas
2913 2648 3107 2702 teritur
3135 2649 3374 2707 limando
3400 2664 3634 2718 catenas,

2203 2728 2417 2785 Emicat
2442 2746 2473 2786 e
2498 2734 2687 2789 vinclis
2710 2746 2999 2806 penetrans
3029 2740 3269 2796 cmlestia
3297 2743 3457 2798 liber.

2203 2818 2419 2876 JEstuat
2444 2823 2653 2894 imperii
2685 2827 2837 2881 furor
2861 2831 3217 2900 aegrescitque
3246 2834 3477 2891 decoros

2202 2912 2286 2970 Ire
2316 2914 2454 2985 pios,
2487 2918 2818 2989 mandatque
2844 2936 2956 2979 stne
2991 2922 3277 2993 perducier
3294 2926 3435 2982 aulae

2126 3035 2172 3097 ο
2206 3003 2390 3060 Dotale
2420 3006 2671 3063 invictam
2700 3011 3013 3084 sociamque
3038 3017 3222 3072 venire
3246 3017 3441 3090 jugdi,

2202 3096 2373 3161 Quam
2401 3097 2627 3155 stolidus
2657 3099 2911 3158 famulam
2943 3104 3198 3174 ignorans
3227 3111 3436 3178 pietate
3459 3113 3659 3183 superni

2201 3184 2385 3253 Regis,
2411 3202 2473 3242 ea
2508 3199 2720 3259 reputat
2745 3190 2888 3249 ﬂecti
2920 3196 2988 3251 ad
3014 3213 3110 3251 sua
3132 3197 3283 3267 jnssa
3312 3200 3628 3260 Susannatu.

2198 3273 2408 3346 Accipit
2432 3287 2488 3339 at
2516 3290 2798 3350 postquam
2831 3285 2972 3341 votis
2992 3295 3047 3342 et
3074 3290 3321 3348 cautibus
3346 3292 3468 3349 illas

2198 3362 2497 3436 Exatquare
2521 3370 2681 3425 simul
2710 3383 2918 3440 noctes,
2948 3376 3021 3431 ita
3048 3380 3281 3436 condere
3308 3384 3457 3438 soles

2196 3453 2402 3512 Christi
2429 3458 2606 3527 laude,
2626 3462 2781 3531 jubet
2803 3465 2974 3520 soboli
3006 3479 3255 3525 revocata
3281 3475 3527 3542 palemis

2196 3545 2449 3615 JEdibus,
2482 3559 2540 3605 ut
2577 3567 2767 3621 presso
2796 3556 3075 3627 subigatur
3097 3559 3248 3632 virgo
3271 3565 3500 3632 pudore.

2194 3636 2522 3709 Atlgaudens
2539 3638 2757 3708 juvenis
2784 3659 2932 3715 spem
2960 3650 3200 3719 praeripit
3221 3663 3387 3721 atque
3411 3657 3687 3721 reductam,

2192 3725 2363 3782 Nocte
2393 3730 2625 3786 abdeute
2650 3734 2818 3805 nigrae
2846 3744 3020 3795 terras
3046 3739 3312 3798 velamine
3340 3746 3520 3815 pallui,

2191 3816 2431 3889 Appetit,
2465 3822 2848 3898 ingressusque
2874 3828 3091 3886 domum
3116 3833 3406 3903 splendore
3428 3855 3642 3895 corusco

2193 3905 2346 3966 Hanc
2372 3911 2586 3968 radiare
2613 3916 2778 3984 videt,
2808 3935 3113 3992 superoqne
3143 3926 3320 3983 nitore
3349 3929 3645 3987 micantem.

2189 3998 2452 4072 Obstupct
2484 4004 2739 4063 borrilieo
2766 4011 3113 4068 tremefactus
3141 4014 3365 4084 lumine,
3407 4016 3571 4090 pallet

2189 4090 2478 4160 Marcidus,
2507 4098 2795 4166 exanimis,
2826 4106 3124 4176 repetitque
3158 4109 3358 4176 palatia
3391 4128 3596 4169 cassus.

2185 4181 2391 4253 Anguis
2416 4187 2468 4242 id
2490 4188 2710 4244 Atracio
2738 4204 2948 4262 gestum
2980 4196 3114 4252 dans
3141 4201 3385 4267 perﬁdus
3412 4218 3530 4269 ore,

2187 4274 2491 4333 Mittiteum
2519 4279 2760 4339 Nmnieis
2784 4285 2851 4356 (ἲ)
2876 4297 3031 4357 cogat
3064 4292 3154 4359 qui
3184 4292 3405 4349 subdier
3426 4296 3559 4350 aris.

2111 4383 2162 4443 ι)
2187 4368 2375 4426 Jnssus
2405 4373 2456 4427 in
2488 4375 2588 4429 ista
2620 4375 2967 4435 Macedonius
3000 4382 3125 4436 dum
3153 4381 3377 4440 ﬂectere
3405 4397 3596 4455 tentat,

2186 4461 2399 4517 Robore
2423 4465 2715 4525 subnixam
2738 4469 2863 4525 divo
2889 4486 2995 4527 non
3022 4476 3233 4530 caedere
3257 4482 3454 4547 parcit,

2184 4552 2440 4612 Fustibus
2464 4558 2674 4629 ignavis
2699 4563 2950 4630 quatiens
2976 4565 3063 4635 pia
3089 4567 3299 4623 viscera
3323 4569 3529 4643 ﬂagris.

2183 4646 2368 4703 Gloria
2400 4652 2640 4723 virgineo
2672 4655 2780 4724 regi
2807 4666 2957 4710 sonat
2988 4673 3084 4712 ore
3113 4674 3370 4729 superno,

2183 4737 2625 4812 Continuansque
2652 4745 2744 4798 Dei
2774 4743 2962 4802 laudes
2996 4748 3197 4804 invicta
3225 4749 3448 4820 feritur;

2181 4828 2327 4886 Ense
2359 4834 2733 4903 triumphalem
2756 4837 2977 4891 subiens
3000 4837 3249 4896 attollere
3275 4842 3512 4912 palmam

2183 4921 2335 4993 Eque
2365 4925 2527 4979 domu
2554 4926 2724 4995 patris
2746 4929 3042 4985 estheream
3070 4936 3403 4990 transcendit
3428 4936 3481 4991 in
3510 4935 3691 5002 aulam.

2182 5015 2354 5070 Intrat
2377 5024 2431 5071 et
2452 5017 2636 5072 teterni
2669 5019 2935 5078 thalamos
2958 5023 3278 5082 dulcissima
3320 5028 3482 5082 redis.

3677 249 3757 304 τη
3840 249 3841 323 ;
