3888 5330
80 252 151 306 ili
620 243 708 300 DE
735 243 1011 302 CHRISTI
1048 241 1428 305 TRIUMI‘HIS
1467 240 1652 297 ΛΡΕο
1695 241 1975 298 ιτΑιιΑιι
2004 241 2183 298 LIBRI
2215 254 2350 298 XIV.
2374 274 2444 284 -
2468 256 2596 301 ub.
2646 258 2746 304 ut.
3130 261 3233 314 γη

78 364 179 429 Qu:
197 364 386 415 secreta
411 355 592 412 colens
618 354 869 427 intraque
898 357 1097 428 palatia
1124 371 1350 413 servans
1633 359 1683 420 Α
1711 352 1954 425 Cumque
1977 353 2308 419 Antoninus,
2340 364 2452 411 tum
2481 356 2737 413 Claudius
2764 365 2925 428 atque
2951 343 3186 429 Cyrinus

79 451 257 506 Occulta
278 447 495 504 Domino
522 462 640 501 sese
670 447 871 501 libabat
895 448 946 501 in
971 463 1087 501 ara.
1707 445 1941 501 Membra
1969 446 2057 500 uhi
2092 447 2232 500 nuda
2254 445 2435 514 jacent
2464 448 2680 518 triginta
2704 458 2760 503 et
2783 450 3018 520 quinque
3051 449 3244 504 diebus

79 541 212 610 llujus
235 539 347 593 dum
375 535 582 592 meritis
608 545 793 590 evecta
823 536 1031 591 levatur
1057 536 1107 591 in
1138 540 1284 593 astra
1704 537 1832 593 Post
1853 554 1884 591 a
1915 537 2165 593 Marcello
2192 553 2313 593 cum
2338 538 2496 593 laude
2519 539 2769 610 leguntur
2794 551 2846 595 et
2874 542 3087 613 hymnis

80 632 304 703 Sanguine
324 628 558 699 martyrii
586 627 722 684 Gaio
746 629 987 684 caelestia
1014 637 1194 695 nacto,
1705 629 1856 685 Sana
1880 645 1977 700 per
2002 631 2317 685 immodicas
2341 630 2620 685 tribulatio
2638 631 2861 688 canduit
2885 634 3034 689 orbis

79 722 208 791 inque
232 719 328 789 poli
355 733 518 789 regno
547 719 738 773 merita
768 718 1032 775 renitente
1061 735 1281 785 corona,
1706 721 1832 776 Iiwc
1860 732 2065 792 partes,
2092 737 2200 778 uno
2226 732 2435 777 tantum
2462 725 2564 779 sub
2590 739 2773 780 mense
2796 723 3027 790 dierum,

80 812 365 868 Marcellinus
384 812 433 866 ei
463 812 607 868 sedis
629 814 871 869 succedit
901 813 1106 869 honore
1710 810 1782 866 L't
1808 820 2013 882 septem
2040 820 2201 882 atque
2231 812 2420 869 decem
2449 822 2578 870 tunc
2605 814 2769 869 millia
2798 830 2934 870 caesa
2959 816 3249 883 feruntur;

77 906 136 959 Ac
158 903 372 973 sequitur
402 901 580 969 factis,
604 904 707 959 sub
736 904 925 959 eodem
955 905 1090 960 colla
1123 914 1354 977 tyranno
1708 899 1972 969 Tempore
1998 916 2098 956 nec
2127 917 2297 972 parvo
2317 902 2512 958 caelum
2538 905 2675 959 actis
2704 904 2940 975 undique
2964 904 3186 973 sanctis,

80 994 305 1060 Desectus,
334 993 527 1048 coelum
549 1002 605 1049 et
631 994 806 1066 pretio
833 996 1064 1053 cervicis
1096 996 1343 1068 adeptus.
1592 995 1613 1013 '
1706 992 1941 1049 Prtesule
1960 995 2235 1066 praecipuo
2255 995 2413 1051 sedes
2442 995 2685 1054 Romana
2706 998 2932 1054 vacavit.

1491 1187 1719 1245 CAPUT
1755 1187 1820 1245 ll.

1181 1298 1260 1356 De
1297 1302 1495 1356 sanctis
1522 1300 1703 1356 Primo
1728 1312 1778 1357 et
1813 1300 2021 1358 Felicia

79 1434 197 1492 Tunc
219 1435 417 1492 Primus
441 1446 498 1492 et
524 1435 853 1500 Felicianus,
883 1451 1104 1492 auream
1711 1439 1892 1495 Stauti
1922 1440 2126 1495 renecti
2155 1439 2451 1496 destinavit
2476 1438 2649 1508 stipiti

82 1525 226 1582 Evecti
244 1528 304 1583 ad
330 1529 538 1593 urbem,
571 1529 718 1584 caede
746 1528 941 1584 cmlum
970 1536 1304 1597 competunt.
1712 1531 2055 1602 Sudibusqne
2080 1531 2286 1602 palmas
2314 1531 2608 1603 perforavit
2633 1548 2697 1588 ac.
2721 1532 2913 1603 pedes;

80 1616 158 1683 Qui
178 1618 385 1688 glorioso
415 1620 543 1675 dum
575 1618 826 1674 renident
859 1618 1096 1673 culmine
1404 1685 1410 1691 ,
1626 1604 1684 1694 ’Β
1717 1624 1922 1693 Diuque
1951 1632 2174 1689 tortum,
2200 1639 2301 1679 nec
2329 1624 2468 1680 cibis
2489 1640 2584 1695 per
2614 1633 2724 1681 tres
2752 1625 2868 1680 dies

80 1706 338 1781 Christique
355 1711 497 1767 cultu
528 1711 878 1783 gratulantur
902 1712 1110 1777 sedulo,
1713 1711 1918 1777 Potuve
1944 1711 2108 1768 fovit:
2140 1712 2248 1767 alta
2270 1713 2468 1768 Christi
2498 1714 2590 1770 sed
2620 1729 2813 1769 manus

84 1805 439 1861 Calumniantur
472 1819 502 1858 a
535 1802 780 1873 profanis
812 1802 1053 1857 ltomnlze
1715 1800 1828 1856 Alit
1856 1800 2085 1857 levando
2108 1804 2468 1881 protegentis;
2501 1804 2593 1873 qui
2625 1803 2719 1858 Dei

82 1898 205 1953 Cives
222 1898 348 1969 quod
373 1897 519 1951 urbis
544 1895 661 1967 iege
681 1895 884 1950 Christi
914 1896 1177 1950 viverent.
1714 1892 1851 1948 Dum
1878 1894 2035 1949 laude
2058 1894 2253 1964 gaudet
2282 1911 2602 1966 permanere
2630 1895 2923 1952 immobilis

85 1991 374 2056 Queruntur,
394 1989 726 2043 exhibentur
753 1988 916 2041 ambo
944 1986 1163 2057 regibus
1713 1980 1848 2038 ltem
1864 1970 2101 2054 ﬂagellis
2132 1983 2428 2052 imperatur
2453 1982 2622 2050 aﬂici;

84 2081 307 2151 'l‘rudique
324 2080 541 2144 dantur,
573 2078 718 2135 ferro
742 2079 947 2147 onusti,
978 2079 1032 2134 in
1059 2091 1309 2143 carcere;
1716 2071 1827 2129 Nec
1852 2074 1932 2129 sic
1963 2074 2243 2138 subactus,
2274 2073 2429 2130 huius
2455 2074 2628 2129 antris
2655 2073 2909 2138 truditur,

84 2172 171 2237 Qua
193 2171 430 2227 sublevati
454 2169 655 2226 cmlico
682 2169 876 2224 solatio
1714 2164 2059 2234 Sanctusque
2084 2163 2301 2220 Primus
2326 2164 2685 2219 lanciuandus
2714 2163 2925 2218 sistitur

83 2260 285 2318 Gaudent
304 2263 515 2333 superni
546 2261 692 2332 regis
718 2261 795 2315 uti
831 2260 1019 2314 nuntio
1042 2280 1060 2315 :
1716 2256 1819 2324 Qui
1842 2255 1997 2310 valde
2023 2255 2182 2311 saevis
2203 2263 2506 2310 maceratus
2530 2253 2787 2320 fustibus,

82 2351 185 2406 item
206 2352 390 2408 reducti
413 2353 721 2423 principum
750 2352 1132 2421 conspectihns
1720 2345 1906 2400 Victor
1930 2352 2138 2399 catasta
2166 2344 2478 2400 sublevatur
2503 2345 2698 2407 editus,

83 2443 201 2498 Fano
225 2444 463 2515 applicari
493 2446 827 2513 deputantur
849 2443 1117 2512 Herculis,
1719 2430 1937 2486 Circum
1961 2428 2253 2498 ﬂagrantes
2280 2428 2587 2499 accipitque
2610 2427 2916 2498 lampades;

84 2532 157 2587 Cui
180 2534 271 2589 liba
302 2536 439 2591 ferre
468 2535 612 2590 forte
640 2535 686 2589 si
713 2540 1130 2589 contemnerent

1721 2519 1960 2575 Invictus
1986 2518 2097 2575 alto
2121 2520 2246 2574 dum
2280 2518 2491 2574 renidet
2524 2517 2708 2589 praelia

85 2624 280 2680 immane
303 2634 466 2681 tortos
487 2626 658 2697 ﬂagra
685 2625 802 2679 dira
825 2624 1139 2680 subderent.

1724 2610 1884 2665 Humi
1912 2609 2125 2665 refusus
2154 2608 2458 2681 applicatur
2483 2609 2704 2674 lectulo,

86 2713 327 2771 Tormenta
355 2716 496 2772 victa
528 2716 781 2770 nuntiant
809 2714 936 2769 dum
966 2714 1164 2767 milites

1723 2701 2120 2771 Plumhumque
2144 2702 2196 2755 in
2220 2715 2315 2755 ora
2344 2700 2578 2756 hnlliens
2606 2701 2731 2755 dum
2758 2699 3000 2755 funditur

81 2806 245 2879 Legant
268 2810 502 2867 furentes
540 2810 640 2866 hos
667 2810 926 2865 Promoto
955 2788 1227 2880 principes
1724 2791 2032 2848 Felieianus
2058 2791 2174 2847 dim
2204 2792 2380 2846 νῖεθτθ
2408 2792 2644 2847 “adimi-

81 2896 221 2952 Cruda
248 2902 512 2956 necandos
548 2900 848 2971 qncestione
881 2898 1117 2971 praesidi.

1725 2884 2079 2954 Angustiatur
2112 2898 2314 2955 praeses
2342 2885 2531 2938 ambos
2562 2884 2777 2938 intuens

82 2987 183 3041 ltem
207 2991 427 3046 tenebris
457 2990 843 3061 mancipantur
872 2990 1113 3045 carceris

1649 2985 1696 3045 ς
1732 2974 1787 3028 In
1812 2973 1970 3029 laude
1992 2972 2195 3028 Christi
2228 2973 2447 3042 gloriari
2475 2973 2795 3035 immobiles,

80 3078 279 3150 itemque
303 3082 418 3138 εωιί
449 3083 784 3137 roborantur
809 3080 1037 3136 nuntiis.

1724 3063 2069 3135 (In-mensque
2095 3064 2293 3130 vietus,
2325 3064 2868 3135 amphitheatrojnbe

82 3169 236 3228 Plures
260 3183 505 3229 teruntur
539 3154 630 3229 ubi
657 3172 792 3237 dies,
819 3188 1021 3244 praeses
1041 3172 1190 3241 jubet
1729 3154 1855 3209 Dari
1883 3154 2069 3209 Ϊυνοτθ
2094 3152 2328 3219 “sua”,
2356 3162 2415 3208 υῑ
2441 3153 2657 3224 imple“t

79 3262 192 3319 Foro
213 3266 274 3320 ad
298 3266 531 3322 tribttual
559 3265 803 3321 exhiben’
837 3265 1164 3336 prtesidens;

1725 3246 1883 3315 Quod
1908 3262 2014 3302 non
2037 3246 2283 3319 ﬂagellis,
2313 3248 2452 3318 igne,
2487 3248 2633 3304 ferro
2663 3247 2942 3318 prmvalet.

81 3355 317 3428 Responsa
352 3360 475 3415 forti
509 3358 854 3431 proferentes
885 3367 1105 3429 pectore

1728 3340 1879 3395 Missi
1909 3340 2095 3396 leones
2115 3339 2180 3394 ad
2207 3341 2372 3411 pedes
2401 3343 2593 3397 horum
2624 3349 2787 3395 ruunt

79 3447 198 3512 Quos
219 3451 448 3521 separari
479 3449 677 3505 fraude
702 3456 890 3504 censet
916 3448 1163 3513 subdola,

1728 3433 1977 3505 Agnique
2002 3432 2129 3488 facti
2160 3440 2313 3487 torva
2338 3433 2503 3487 corda
2531 3432 2809 3498 nesciunt,

80 3535 307 3595 Fmterna
342 3542 574 3597 credens
602 3554 738 3610 quos
772 3534 995 3594 tuentur
1027 3539 1242 3601 robora,
1730 3523 1984 3593 Αειιηιιιτ
2006 3524 2144 3587 υνδῖ»
2172 3532 2224 3576 εί
2249 3523 2304 3576 hi
2336 3522 2547 3591 Nomm
2572 3521 2740 3592 Β¹ο¹⁷ί³

81 3628 158 3684 \‘el
182 3642 447 3702 segregata
480 3630 826 3701 supprimant
852 3628 1168 3685 certamina.
1731 3619 2130 3674 humanitatem
2160 3626 2345 3705 mente
2375 3624 2587 3673 mutant
2615 3615 2814 3671 sobria.

80 3716 371 3776 Feliciauum
401 3722 529 3777 hinc
565 3720 764 3775 cazdier
791 3719 1073 3778 mandans,
1106 3717 1224 3771 foro
1733 3711 1924 3766 istlnec
1945 3724 2141 3764 corona
2171 3718 2433 3762 contuens
2459 3706 2822 3779 spectantium

80 3807 353 3878 Spectante,
381 3811 590 3883 plumbi
618 3809 946 3881 proterentis
971 3808 1216 3875 verbere,
1735 3799 1993 3869 Mirisque
2017 3798 2143 3852 tacti
2171 3796 2335 3852 corda
2361 3795 2754 3850 decertantium

77 3898 179 3966 Aut,
208 3882 692 3974 deligat,proponit
724 3910 782 3955 ut
811 3901 962 3956 laetos
986 3899 1100 3955 dies
1738 3894 1967 3949 Dextras
1999 3889 2120 3945 iidei
2148 3889 2215 3945 ad
2238 3888 2385 3943 mille
2415 3887 2739 3957 quingentos
2766 3882 2965 3939 ferunt.

79 3991 168 4046 Aut
194 3996 488 4067 cogitandis
521 3995 785 4050 macerari
814 3993 1101 4050 machinis.
1736 3987 1954 4055 Angore
1977 3992 2163 4052 septts
2188 3994 2389 4051 praeses
2414 3980 2652 4050 undique
2679 3976 2899 4032 horrido

77 4085 230 4143 Atille
254 4107 265 4142 :
299 4107 318 4140 ι
346 4091 443 4145 Cui
478 4089 688 4145 servire
714 4086 841 4155 legi,
868 4086 1102 4141 serviam
1130 4099 1145 4138 :
1292 4148 1295 4155 η
1741 4077 1994 4133 Muerone
2021 4074 2154 4130 εκ(ὶί
2182 4072 2513 4144 gratulantes
2537 4069 2817 4141 prmeipit;

78 4173 290 4248 lcrejam
312 4181 591 4250 octoginta
620 4191 814 4233 cursus
839 4185 1142 4246 temporum
1739 4167 1912 4238 Regni
1935 4180 2165 4221 coronas
2195 4164 2273 4218 sic
2302 4161 2696 4232 triumphantes
2720 4166 2931 4231 petunt,

80 4264 184 4321 ilihi
217 4281 399 4340 terque
433 4270 562 4325 deni
594 4277 653 4323 ut
682 4267 966 4324 veritatem
997 4263 1262 4332 comperi,
1668 4323 1718 4340 ﬁ
1744 4257 1838 4312 Sic
1860 4271 2022 4327 regna
2050 4255 2174 4311 (ιωιί
2205 4253 2425 4325 gloriosi
2452 4252 2706 4316 subeunt,

79 4356 216 4423 Queis
237 4323 648 4419 uii'retrectans
674 4360 857 4416 smculi
883 4359 951 4414 de
978 4357 1190 4429 ungulis
1665 4323 1720 4384 Β
1747 4350 1949 4419 Pieque
1971 4347 2349 4403 Nuntentanus
2371 4360 2533 4416 agger
2560 4344 2765 4412 cespite
2795 4364 2803 4372 υ

80 4444 269 4505 Servire
295 4466 513 4507 summo
540 4449 816 4507 Conditori
844 4446 1077 4517 praetuli.
1109 4466 1128 4498 ι
1745 4442 1792 4496 A
1822 4439 2150 4498 Christianis
2176 4446 2329 4509 rapta
2350 4436 2534 4492 condit
2559 4435 2805 4505 pignora.

81 4531 154 4591 Sic
174 4538 487 4609 gloriantem
518 4554 723 4612 praeses
749 4540 950 4594 ardens
978 4535 1213 4599 vincere,

1515 4705 1742 4764 CAPUT
1780 4702 1867 4759 lli.

1313 4818 1387 4873 De
1422 4829 1604 4874 sancto
1634 4815 1891 4871 Pancrati
1932 4885 1944 4899 Ι

82 4961 380 5020 Paneratius
406 4978 548 5034 puer
567 4964 670 5018 hac
700 4973 858 5029 teges
879 4958 978 5014 sub
1004 4965 1186 5028 strage
1215 4952 1512 5023 triumphat
1757 4949 1897 5005 llinc
1921 4944 2071 5002 multi
2096 4941 2242 5034 hunc
2269 4937 2473 5034 adeunt
2496 4930 2810 5034 discrimina
2835 4941 2988 5034 certa
3019 4937 3313 5034 rpgantcs-

84 5022 460 5129 Eternaque
490 5064 649 5127 parat
677 5022 874 5124 capitis
904 5022 1152 5104 mercede
1181 5058 1459 5100 coronam.
1757 5038 1928 5106 Quem
1952 5045 2178 5129 patruus
2204 5028 2341 5129 fovit
2348 5025 2677 5129 Dionysius,
2701 5022 3066 5129 aiA‘l'l‘t’f-dieari
3092 5034 3097 5037 ‘

434 5109 667 5217 rapiens
690 5109 872 5201 sthdio
898 5139 1158 5197 Octavilla
1191 5144 1461 5203 renuatat,
1758 5130 1929 5186 Fonte
1954 5126 2101 5217 dedit
2125 5109 2614 5220 vitm-Christique
2641 5109 2895 5220 accendit
2928 5125 3142 5174 amore.

84 5238 216 5297 llaud
238 5208 427 5312 procul
457 5208 607 5295 Urbe
633 5247 841 5311 tegens,
871 5234 1045 5288 virtus
1075 5231 1163 5287 ubi
1191 5228 1352 5295 digna
1382 5237 1629 5297 petentes
1758 5212 1976 5279 Robore
2005 5217 2245 5314 ﬁrmavit
2273 5211 2392 5314 fuso
2415 5208 2617 5314 fulgere
2643 5211 2862 5314 cruore:

2082 5324 2124 5330 μ
2159 5306 2406 5330 ,1---.1Αηη
2434 5301 2645 5330 ...ῑηιηιζι-
2679 5308 2809 5330 ..ηομ
2836 5296 3051 5330 ηηῖανῖι
