3888 5330
574 312 680 368 715
1109 298 1112 300 ⁷
1241 288 1632 349 FLODOAIlDl
1672 280 1989 341 CANONICI
2037 271 2381 333 REMENSIS
2420 267 2781 324 OPUSCULA
2825 261 3147 321 METRICA.
3709 248 3792 301 τξε

2017 406 2244 466 CAPUT
2281 404 2371 460 ιν.

1601 538 1675 592 De
1704 534 1898 588 sanctis
1929 527 2177 591 Claudio,
2212 523 2513 578 Nicostrata
2537 523 2583 569 et
2611 511 2788 566 sociis.

571 670 829 730 Claudius
857 676 1020 736 atque
1047 663 1386 741 Nicostratus
1413 670 1536 711 cum
1564 646 1960 723 Symphoriano

573 760 927 828 Castorioque
953 740 1292 813 t-cnidebant,
1323 747 1574 803 excidere
1605 740 1747 796 docti

577 855 872 914 Marmora,
901 848 1204 918 priscorum
1234 840 1401 894 facies
1425 837 1679 904 effingere
1705 829 1769 897 ad
1799 839 2049 897 unguem.

577 913 922 1012 Seeptrigero
953 937 1081 991 hinc
1106 932 1259 988 cbari
1291 929 1529 984 formant
1552 922 1616 977 ad
1638 922 1788 993 jussa
1812 913 2049 976 metalla,

583 1035 898 1100 Cunctaque
929 1042 1024 1098 pro
1053 1024 1193 1078 votis
1218 1030 1549 1090 qua’cunque
1577 1015 1808 1080 incmpta
1838 1011 2136 1074 sequuntur
2229 1001 2250 1022 '

580 1126 719 1180 Dum
745 1122 898 1190 signo
924 1115 1136 1170 munire
1157 1110 1334 1166 crucis
1365 1103 1640 1160 molimina
1671 1104 1882 1154 curant.

585 1183 899 1283 Simplicius
930 1204 1172 1277 quidam,
1212 1201 1394 1268 dispar
1417 1203 1626 1258 mente,
1656 1196 1772 1244 arte
1799 1183 2023 1247 sodalis,

585 1307 720 1361 Dum
754 1299 1010 1356 comitum
1047 1293 1233 1363 nequit
1259 1288 1474 1360 ingenio
1502 1282 1752 1340 conferre
1796 1277 2056 1334 laborem,

565 1393 973 1460 ‘Sollicitusque
1002 1399 1226 1441 manens
1253 1379 1444 1451 qumrit
1469 1375 1554 1430 vel
1585 1373 1708 1443 quis
1739 1369 1879 1423 Deus
1903 1367 2094 1419 horum

585 1490 815 1547 Nomine
837 1487 937 1542 sub
961 1483 1113 1552 cujus
1142 1489 1252 1534 tam
1281 1481 1494 1544 compta
1526 1470 1759 1524 edantur
1786 1471 1842 1519 et
1872 1469 2020 1531 apta,

587 1573 1096 1653 Sytnphorianusei
1131 1572 1234 1626 hoc
1265 1566 1445 1623 studio
1487 1566 1697 1617 secreta
1725 1551 1938 1623 roganti
1971 1567 1984 1603 :

593 1692 612 1724 ι
633 1649 893 1727 ’(ὶνὲιιρτθ
920 1665 965 1720 si
986 1662 1190 1724 valeas,
1225 1656 1420 1727 inquit,
1445 1650 1746 1722 pandemus
1767 1652 1827 1697 ut
1855 1649 2027 1695 artem

586 1761 856 1823 Invenias,
885 1754 1178 1824 capiasque
1197 1750 1378 1820 jugem
1412 1744 1530 1799 sine
1558 1737 1729 1793 limite
1759 1734 1946 1788 vitam.
1981 1749 1999 1782 ι

589 1852 824 1920 Moxque
842 1820 1192 1902 fide—ostensa
1216 1838 1470 1900 solidant,
1502 1839 1798 1897 sanctoque
1818 1820 2015 1895 Cyrillo

593 1913 930 1996 Sacrandum
944 1934 1257 2004 assignant,
1281 1928 1402 1982 diva
1437 1937 1596 1994 quem
1626 1917 1783 1974 diluit
1810 1913 1952 1969 unda

594 2029 969 2096 lniormatque
1001 2003 1193 2084 sacris,
1214 2028 1270 2073 et
1297 2015 1523 2086 mystica
1553 2012 1692 2066 dona
1718 2003 1941 2060 revelat.

593 2123 706 2178 Nec
734 2095 952 2190 longum
990 2132 1019 2172 a
1049 2112 1288 2184 sophicis
1314 2107 1474 2165 delati
1507 2102 1690 2160 munia
1725 2095 1929 2155 Christi

597 2215 908 2278 Decertare,
943 2223 1043 2265 nec
1070 2206 1304 2263 indictos
1325 2199 1594 2257 excudere
1636 2195 1789 2249 divos

595 2301 768 2368 Velle,
795 2300 1051 2372 jubentur
1073 2295 1149 2351 uti
1179 2293 1351 2348 doctae
1377 2281 1746 2345 moderamine
1769 2280 1965 2350 lingua:

2177 621 2227 679 Α
2255 629 2548 701 Lampadio
2571 623 2940 694 disquirantur
2967 624 3226 673 censente
3249 615 3488 679 tribuno.

2258 724 2405 791 Quos
2428 720 2517 775 ille
2547 715 2867 787 aggrediens
2902 708 3206 780 Hyperiona
3236 705 3428 761 suadet
3453 703 3662 759 adorent

2258 810 2554 868 Consilium
2577 805 2882 861 delatorum
2909 815 3018 868 quo
3047 795 3497 865 verterepossint

2259 904 2339 960 llli
2394 907 2708 957 constanter
2755 935 2770 950 .
2826 911 2845 944 t
2902 891 3152 945 Manuum
3194 902 3467 956 nunquam
3508 885 3672 949 edita,
3721 899 3802 939 oo-

2506 1041 2508 1044 ,
3569 974 3742 1046 [stram

2263 1086 2492 1142 Oramus
2520 1080 2806 1138 Dominum
2837 1075 2980 1141 coeli,
3010 1074 3105 1128 sed
3134 1071 3225 1142 qui
3257 1070 3485 1138 imperat
3511 1068 3622 1121 orbi

2265 1179 2436 1235 Filius
2468 1176 2583 1244 ipse
2603 1172 2718 1236 Dei,
2752 1170 2842 1240 qui
2872 1167 3114 1224 condidit
3139 1163 3345 1227 omnia,
3377 1160 3507 1215 vivi.
3537 1179 3555 1212 ι

2267 1267 2518 1322 Pluribus
2541 1264 2666 1318 hinc
2686 1260 2844 1320 orsis,
2874 1258 3022 1312 varia
3052 1268 3267 1326 quoque
3299 1251 3486 1305 fraude
3509 1249 3705 1320 petitos,

2268 1359 2404 1414 Dum
2428 1361 2670 1427 perstant
2698 1350 2858 1405 validi
2890 1347 3135 1402 custodia
3172 1343 3387 1414 publica
3421 1339 3608 1404 sumit;

2269 1451 2446 1519 Atque
2478 1448 2582 1501 fide
2609 1442 2812 1500 Christi
2838 1441 2976 1495 verti
3005 1453 3110 1492 non
3140 1450 3300 1507 posse
3329 1431 3561 1503 probati,

2271 1541 2528 1612 Tegmine
2565 1537 2833 1592 nudantur
2856 1531 3147 1603 ﬂagrisque
3174 1536 3431 1583 secantur
3455 1524 3642 1578 acutis.

2271 1629 2594 1699 Lampadius
2616 1627 2740 1680 dum
2773 1622 3000 1678 dilaniat
3039 1629 3194 1674 torve
3230 1617 3433 1686 impete
3461 1619 3666 1668 sanctos

2273 1723 2523 1777 Daemone
2545 1723 2846 1787 correptus,
2883 1722 3026 1768 tetro
3053 1708 3357 1765 demittitur
3379 1705 3542 1761 Orco.

2271 1811 2487 1866 Auditis
2515 1807 2713 1879 quibus
2742 1807 3013 1876 Augustus
3041 1800 3293 1868 furiaque
3320 1795 3560 1866 repletus

2276 1900 2495 1955 Maudat
2525 1897 2602 1952 uti
2632 1895 2850 1966 plumbo
2885 1891 3048 1946 loculi
3078 1889 3351 1943 ducantur
3374 1894 3430 1939 et
3453 1883 3561 1937 illic

2201 1982 2249 2043 B
2279 1989 2610 2046 Claudantur
2628 1983 2757 2048 vivi,
2781 1981 3034 2050 ﬂuviique
3059 1985 3306 2047 tegantur
3331 1975 3386 2028 in
3422 1970 3598 2025 undis.

2284 2081 2410 2136 Post
2441 2091 2681 2133 mensem
2705 2075 2790 2130 bis
2817 2086 3024 2142 sexque
3056 2071 3173 2126 dies
3205 2068 3422 2122 inventa
3454 2062 3619 2117 fidelis

2289 2171 2613 2231 Nicodemus
2642 2167 2860 2238 quidam
2893 2164 3036 2218 levat
3060 2159 3240 2224 undis,
3263 2156 3406 2210 alma
3432 2152 3670 2220 domique

2288 2268 2519 2339 Pignora
2544 2278 2666 2320 eum
2692 2259 2882 2317 loculis
2912 2255 3143 2328 pretiosa
3176 2251 3376 2309 talenta
3396 2244 3649 2305 recondit.

2029 2425 2255 2487 CAPUT
2298 2425 2361 2481 ν.

1689 2552 1775 2611 De
1797 2557 1994 2618 maca
2018 2545 2223 2607 Scaeae-
2237 2559 2306 2603 ιιι
2324 2539 2628 2602 Seren’mro.

599 2713 834 2766 Severus
870 2723 934 2761 ac
957 2703 1284 2778 §everianus
1310 2693 1653 2770 postmodum

599 2800 880 2870 Simulque
900 2795 1231 2857 Victorinus,
1270 2799 1431 2859 atque
1456 2786 1649 2840 horum
1678 2793 1860 2836 comes

597 2868 1001 2963 Carpophorus,
1031 2883 1136 2940 acti
1160 2883 1228 2938 ad
1247 2894 1425 2943 saera,
1458 2874 1606 2930 nullo
1635 2868 1916 2939 subjaceut

598 2985 780 3039 Litare
812 2994 999 3043 suasu,
1029 2989 1130 3031 nec
1161 2971 1343 3036 minis,
1371 2981 1472 3024 nec
1497 2963 1773 3020 fraudibus

601 3076 818 3142 Queunt
843 3068 1047 3126 moveri
1077 3065 1211 3122 colla
1247 3063 1374 3118 dent
1405 3067 1464 3114 ut
1499 3056 1699 3126 impiis.

601 3162 728 3218 Haec
759 3157 1068 3216 turbulento
1092 3155 1219 3210 dum
1247 3149 1486 3206 citantur
1511 3142 1772 3215 principi,

595 3253 763 3310 Jubet
792 3249 1125 3322 applicentur
1150 3249 1276 3298 ante
1304 3254 1462 3296 sacra
1489 3233 1726 3304 Asclepii
1743 3270 1762 3299 ,

2283 2678 2412 2745 Quae
2436 2675 2490 2730 ni
2520 2679 2834 2744 precentur,
2862 2665 3008 2722 caede
3033 2661 3279 2735 plumbea
3302 2659 3516 2723 cadent,

2281 2768 2510 2823 Mactata
2534 2762 2795 2817 mandans
2826 2759 2879 2812 in
2906 2756 3080 2827 platea
3108 2767 3336 2822 corpora

2281 2859 2521 2916 Canibus
2542 2853 2773 2923 relinqui
2794 2850 2876 2906 vel
2899 2849 3028 2904 feris
3053 2845 3383 2902 volucribus.

2284 2952 2414 3021 Quae
2449 2948 2561 3006 sole
2586 2946 2776 3016 quinto
2797 2950 3020 3012 exposta
3043 2947 3330 3009 postquam
3362 2935 3440 2988 sic
3459 2931 3626 3000 jaceat

2288 3043 2496 3100 Levant
2525 3038 2597 3109 pii
2628 3035 2854 3092 collecta
2880 3031 3080 3087 Christi
3108 3026 3366 3093 vernulae,

2289 3129 2576 3188 Prtetnissa
2602 3127 2757 3199 juxta
2785 3124 3110 3180 collocantes
3131 3120 3320 3174 funera

2297 3215 2394 3279 Ubi
2417 3230 2473 3277 et
2499 3218 2712 3276 coronis
2748 3215 3046 3288 gloriantur
3070 3220 3322 3282 quatuor.

2073 3376 2298 3435 CAPUT
2337 3375 2423 3430 V'l.

1952 3468 2029 3524 De
2068 3479 2246 3524 stmcto
2286 3465 2523 3520 Genetio.

606 3603 888 3657 Mimorum
911 3592 1163 3666 princeps
1186 3584 1490 3656 lepidaeque
1518 3579 1779 3637 Genesius
1809 3579 1941 3634 artis

608 3691 845 3747 Vertitur
872 3693 928 3740 et
947 3681 1192 3755 quatitur
1217 3677 1409 3731 tritura
1437 3674 1559 3740 hac,
1583 3681 1744 3742 atque
1773 3671 2049 3741 probatur,

604 3785 964 3848 Intentusque
992 3772 1195 3845 probus
1222 3769 1546 3838 dignusque,
1586 3763 1692 3835 poli
1735 3768 1926 3817 horrea
1966 3761 2191 3818 scandit.

608 3874 710 3928 ilic
741 3881 924 3926 torvos
946 3863 1103 3933 nugis
1132 3859 1347 3914 animos
1376 3855 1545 3909 lenire
1569 3860 1755 3908 suetus

607 3960 894 4030 Principis,
930 3964 1094 4024 atque
1120 3951 1266 4006 feros
1294 3947 1419 4001 ludo
1445 3956 1768 4014 componere
1799 3956 2018 4006 sensus;

561 4041 568 4055 ’
603 4054 832 4108 Deditus
854 4058 909 4102 et
937 4046 1162 4115 placitos
1193 4037 1484 4110 grassatori
1513 4035 1672 4088 edere
1703 4041 1902 4103 gestus,

606 4141 887 4196 Festivam
917 4133 1174 4189 simulare
1198 4128 1401 4192 dolum,
1425 4126 1479 4180 in
1507 4123 1682 4179 derisa
1714 4120 1918 4175 referre

614 4231 829 4289 Crudeli
854 4227 1095 4282 infensos
1125 4221 1330 4292 captori
1359 4218 1562 4273 ludicra
1589 4216 1746 4268 ritus.

615 4326 758 4394 Ergo
790 4322 876 4375 die
902 4317 1134 4388 quodam
1168 4321 1380 4366 tentans
1403 4307 1632 4362 ludenda
1659 4317 1853 4376 parare

615 4417 882 4474 Perverso
911 4405 1203 4482 spectatori
1231 4400 1485 4474 mysteria
1510 4398 1711 4454 Christi

617 4509 876 4577 Nugator,
910 4499 1086 4556 medio
1114 4493 1363 4567 pr0ponit
1393 4504 1608 4546 acrama
1639 4489 1849 4545 theatro

618 4599 689 4654 Ut
711 4597 868 4654 cubet
888 4600 1123 4665 aegrotus
1153 4595 1445 4660 poscatque
1470 4581 1638 4637 salute
1662 4579 1954 4634 lavacrum.

558 4685 562 4690 ’
622 4713 642 4746 t
683 4691 837 4756 Heia,
869 4685 1060 4757 inquit,
1085 4680 1274 4744 nostri,
1298 4676 1477 4750 gravis
1511 4689 1600 4739 en,
1631 4673 1794 4737 levis,
1825 4681 2033 4742 expeto,
2078 4669 2198 4723 red-

1989 4760 2128 4832 [dar,

621 4868 882 4940 Colle-gat?
907 4897 976 4907 -—
1005 4863 1238 4920 Fabrine
1264 4872 1471 4922 sumus,
1502 4864 1556 4910 te
1585 4864 1677 4909 aut
1703 4852 1925 4908 runcina
1949 4857 2132 4904 nostra

621 4965 755 5018 Esse
784 4959 952 5014 levem
983 4952 1181 5009 faciet?
1219 4968 1239 5002 ›
1273 4947 1460 5018 Populi
1492 4946 1668 5000 ridere
1689 4957 1885 4999 corona

623 5051 854 5117 Vesani;
886 5045 1141 5105 illesubit
1167 5061 1180 5096 :
1213 5060 1232 5094 ι
1270 5039 1474 5096 Christi
1503 5037 1623 5092 volo
1647 5036 1820 5091 cultor
1839 5033 2010 5088 obire.

622 5173 694 5186 μ-
717 5143 917 5208 Quare,
947 5134 1136 5191 aiunt?
1161 5163 1232 5173 —
1255 5131 1502 5189 Summa,
1533 5126 1642 5192 ille,
1673 5125 1759 5180 die
1790 5139 1896 5193 quo
1927 5122 2202 5192 transfuga

1847 5210 2068 5285 [suman
2109 5231 2129 5264 ›

625 5323 665 5330 _
734 5319 748 5330 ι
815 5321 825 5330 1
1002 5316 1033 5330 α.
1175 5327 1184 5330 -
1236 5311 1270 5330 ξ.
1308 5307 1563 5330 ---ρ-..ξλεμ
1627 5303 1873 5330 ηΛΛΛ-ιιηθ

2221 3567 2266 3629 C
2299 3579 2370 3634 Se
2395 3576 2667 3632 charisma
2698 3573 2791 3630 Dei
2825 3571 2949 3625 totis
2979 3567 3184 3622 ambire
3209 3563 3477 3625 medullis.

2298 3669 2415 3736 Quo
2446 3673 2732 3721 renovatus
2765 3663 2938 3732 aquis,
2964 3659 3144 3730 pravis
3186 3656 3428 3725 rapiatur
3454 3655 3519 3708 ab
3547 3649 3683 3705 actis.

2298 3762 2477 3832 thue
2507 3756 2830 3816 sacramenti
2857 3753 3188 3823 complentes
3215 3750 3438 3820 mystica
3468 3741 3654 3800 Christi

2300 3852 2553 3906 Vestibus
2579 3851 2720 3902 hunc
2747 3847 3007 3901 decorant
3033 3841 3189 3908 albis,
3218 3855 3342 3894 mox
3370 3837 3538 3891 milite
3563 3844 3723 3902 raptus

2299 3943 2522 3999 Sistitur
2549 3951 2604 3995 ut
2628 3940 2750 3993 ludo
2777 3937 2955 4008 specie
2982 3935 3206 3990 scitetur
3227 3931 3393 3986 inani.

2299 4037 2392 4092 llle
2415 4035 2569 4090 datus
2596 4047 2776 4087 coram
2809 4030 2953 4085 subit
2980 4028 3122 4083 edita
3150 4027 3334 4093 sicque
3361 4023 3599 4092 profatus

2300 4127 2522 4181 inchoat
2551 4143 2562 4178 :
2602 4141 2620 4176 t
2651 4121 2811 4187 Audi,
2843 4121 3100 4191 Auguste,
3127 4117 3266 4187 jocis
3297 4115 3563 4169 exercitus
3587 4116 3742 4163 astans

2299 4216 2496 4270 Audiat
2524 4224 2577 4268 et
2601 4210 2781 4283 populi
2813 4209 3088 4280 sapientes
3114 4204 3260 4258 urbis
3283 4204 3479 4272 Opima:

2300 4306 2596 4359 Advertant
2625 4320 2636 4356 :
2670 4317 2770 4372 ego
2797 4298 3131 4355 Christicolae
3155 4295 3236 4349 vel
3266 4308 3460 4348 nomen
3485 4289 3745 4344 abhorrens

2301 4394 2500 4450 Christi
2524 4392 2846 4447 insnltabam
2879 4388 3095 4443 famulis
3123 4388 3374 4458 ipsosque
3403 4390 3641 4454 parentes

2303 4485 2542 4540 Nominis
2569 4497 2860 4538 exsecraris
2886 4479 3038 4534 titulo
3072 4489 3179 4532 tam
3213 4477 3410 4530 risibus
3433 4483 3576 4541 apta,

2303 4576 2482 4630 Rebar
2512 4583 2570 4628 ut
2596 4575 2647 4628 in
2671 4581 2912 4626 nostrum
2942 4568 3201 4641 mysteria
3233 4577 3443 4621 vertere
3473 4562 3640 4616 ludum

2305 4665 2517 4722 Niterer
2545 4665 2720 4720 excito
2745 4674 2968 4733 turpare
3005 4677 3204 4716 arcana
3233 4659 3531 4721 cachinno;

2304 4759 2400 4813 Ast
2432 4767 2489 4812 ut
2517 4771 2684 4826 aquas
2719 4753 2868 4824 tetigi
2900 4752 3130 4821 fideique
3160 4748 3368 4820 profata
3399 4743 3635 4816 rependi,

2305 4849 2529 4904 Coelitus
2559 4847 2812 4902 emissam
2837 4845 2992 4899 video
3022 4841 3151 4895 mihi
3181 4839 3401 4894 verticis
3431 4836 3534 4889 alta

2231 4923 2276 4981 Π
2307 4938 2610 4994 Protexisse
2635 4951 2875 5002 manum,
2901 4933 3024 4990 coeli
3052 4947 3137 4987 me
3169 4930 3401 4985 ambisse
3428 4927 3628 4982 colonos

2306 5031 2534 5086 Lumine
2557 5029 2842 5099 fulgentes,
2871 5040 3069 5097 supero
3095 5024 3339 5092 libroque
3360 5020 3580 5075 eitantes

2307 5122 2436 5189 Quae
2464 5120 2602 5190 gessi
2631 5134 2660 5172 a
2692 5134 2859 5189 puero
2891 5117 3050 5179 mala,
3083 5115 3429 5180 delentesque
3463 5108 3652 5162 lavacro

2308 5212 2642 5282 Scripturam
2667 5211 2807 5264 hanc
2825 5208 2940 5278 ipso
2965 5208 3164 5260 tinctus
3185 5220 3293 5274 quo
3317 5201 3560 5258 candidus
3576 5201 3683 5247 asto.

2310 5302 2370 5330 ΠΙ
2406 5301 2526 5330 ..ἶ-’Λ
2554 5299 2864 5330 ηηηιηιῖἶηιιη
2895 5297 3017 5330 Anan
3049 5295 3337 5330 culunﬂnrn
3362 5304 3584 5330 l‘nfllCl‘ﬂ-
