3888 5330
168 302 267 354 ἨἹ
769 295 858 349 DE
893 294 1164 350 CHRISTI
1202 288 1577 349 TRIUMPlllS
1618 283 1800 340 APUD
1834 283 2110 340 lTALlA-M
2136 285 2313 340 LIBRI
2350 285 2482 340 XIV.
2528 317 2592 325 —
2629 285 2754 340 LIB.
2802 284 2908 338 γη.
3298 283 3400 339 718

156 415 302 467 llnnc
334 414 516 465 lumen
551 407 758 461 raliare
787 409 951 478 pium,
981 423 1161 462 veram
1199 407 1337 462 hanc
1371 407 1624 475 pietatem
1756 404 1806 463 Δ
1836 396 1948 450 Πρκ
1979 411 2076 466 ΡΙὊ
2099 412 2204 464 quo
2232 397 2447 450 οοεῖιιίιτ
2475 395 2519 450 εί
2550 395 2745 450 millies
2778 397 2890 465 ipse
2929 396 3185 457 "mllCltO;

154 503 476 567 Sumpturos
505 496 734 556 veniam,
765 495 806 549 si
837 497 1058 563 paenitet
1086 511 1222 558 esse,
1248 511 1342 565 per
1368 495 1592 564 ipsum.)
1837 485 1936 552 Qui
1969 487 2103 554 (ταδνὶ
2132 486 2425 549 Christum,
2462 485 2629 553 rapiet
2658 485 2783 538 mihi
2811 484 2985 538 nullus
3011 485 3078 540 ab
3103 501 3195 538 ore
3222 503 3233 538 ε

155 592 504 658 Iudupcrator
531 588 596 641 ad
631 587 744 640 haec
770 587 847 640 ira
882 587 1115 654 repletus
1151 601 1334 639 amara
1839 577 2122 648 Nunquam
2172 593 2202 630 a
2248 578 2408 632 corde
2439 591 2558 630 meo
2603 576 2874 629 Christum
2931 585 3195 630 tormenta
3246 574 3416 647 rcpel—

156 680 408 735 Fastibus
439 679 598 739 hunc,
630 677 745 730 dire
771 684 823 729 et
848 675 1150 729 vehementi
1177 673 1402 728 verbere
1423 680 1638 736 tortum,
3185 665 3323 740 [lent

153 768 417 823 Prrefccto
451 765 649 820 addicit
677 764 925 817 Plutiano
946 777 1139 834 cogere
1160 764 1331 816 sacris
1840 757 2072 811 Pwnitet
2103 768 2156 811 at
2184 757 2406 813 nimium
2433 759 2674 815 horroris
2698 775 2803 828 quo
2831 759 3017 814 ccelica
3044 760 3164 824 risi,

155 859 470 922 Tormenta,
498 856 648 925 cujus
669 855 913 909 lacerans
939 865 1083 908 secat
1111 852 1304 922 ungula
1336 865 1590 921 pensum;
1843 850 2030 904 Serius
2060 859 2112 904 et
2137 850 2334 921 Regem
2369 853 2510 922 quod
2541 852 2645 906 tiro
2679 853 2940 921 superbus
2969 852 3129 905 adivi.
3167 871 3184 902 ι

155 945 514 1015 Larnpadibus
539 953 706 999 tostus
725 943 846 998 fidei
877 945 928 998 in
957 944 1222 1014 przeconia
1251 943 1434 1008 durat,
1843 941 1938 996 llis
1968 952 2214 1013 perstans
2243 944 2495 1014 claraque
2524 944 2617 998 Dei
2644 945 2744 1000 sub
2771 944 2926 999 laude
2957 945 3226 1000 resultans

160 1060 175 1092 ι
211 1039 419 1093 Praeter
447 1052 588 1103 eum,
607 1037 812 1103 dicens,
843 1050 1001 1106 quem
1028 1035 1159 1100 vidi,
1187 1048 1345 1104 quem
1372 1033 1509 1099 colo,
1534 1047 1636 1088 non
1653 1040 1736 1086 est
1845 1033 2088 1105 Martyrii
2115 1035 2326 1090 tandem
2350 1045 2608 1090 :ntcrnam
2637 1035 2780 1106 capit
2798 1049 2926 1090 ense
2949 1049 3225 1090 coronam.

1611 1201 1839 1259 CAPUT
1876 1201 1987 1258 VII.

1546 1317 1624 1372 De
1681 1326 1864 1370 sancta
1903 1315 2090 1371 Lucia.

155 1452 361 1506 Nobilis
391 1449 550 1518 hujus
575 1465 710 1504 anus
739 1448 936 1520 stragis
964 1447 1129 1501 Lucia
1164 1446 1343 1518 rigore
1599 1521 1710 1531 ἡ*
1845 1443 2162 1499 Innumeros
2183 1441 2364 1498 sufﬁre
2384 1443 2564 1500 solens
2589 1445 2784 1500 stolido
2809 1446 2930 1518 igne
2951 1449 3181 1504 colebat.

152 1541 288 1595 Caeli
317 1539 458 1594 celsa
491 1539 622 1608 petit
646 1538 854 1592 viduam
889 1552 1049 1606 quam
1079 1535 1321 1604 pluribus
1354 1532 1510 1588 annis
1697 1532 1700 1533 ⁷
1846 1535 2021 1605 thue
2043 1535 2258 1590 dommn
2283 1537 2573 1604 pertransit
2616 1538 2732 1592 ovis
2761 1544 3047 1598 mactanda
3078 1547 3315 1602 tonantis

154 1632 354 1684 Dextra
382 1630 474 1683 Dei
501 1637 742 1683 sanctam
770 1642 966 1696 supero
986 1627 1220 1681 servavit
1249 1625 1471 1679 honore.
1842 1628 1920 1681 En
1952 1627 2133 1682 subito
2161 1627 2312 1682 caelis
2337 1628 2449 1682 visa
2472 1637 2555 1682 est
2579 1629 2782 1699 allapsa
2803 1632 3049 1689 columba

153 1722 324 1775 Filius
349 1723 486 1776 hanc
510 1720 723 1775 famulis
754 1719 1013 1774 Dominus
1037 1734 1134 1773 ccu
1164 1717 1405 1787 praecinit
1436 1716 1594 1782 olim;
1767 1733 1813 1792 Β
1843 1718 1907 1771 Et
1933 1733 2097 1786 super
2115 1716 2354 1788 efﬁgians
2385 1727 2468 1772 ter
2491 1720 2740 1789 stigmata
2769 1720 3072 1779 Geminiani

152 1814 393 1866 Adversa
422 1811 593 1866 defert
621 1811 819 1866 Christi
843 1810 946 1864 diis
971 1811 1151 1864 vivere
1172 1809 1310 1877 lege.
1840 1809 1996 1864 Clara
2024 1811 2200 1864 crucis
2218 1819 2377 1878 caput
2406 1812 2597 1866 annisu
2625 1813 2939 1869 moderante
2969 1818 3188 1872 resedit.

153 1903 326 1968 Quam
348 1900 502 1969 jubet
533 1902 723 1955 adduci
753 1902 972 1955 ductam
995 1899 1413 1970 aggrediturque
1443 1905 1703 1969 tyrannus
1841 1899 1890 1954 Is
1917 1914 2128 1968 quoque
2153 1901 2452 1968 suspiciens
2479 1902 2601 1955 εαξη
2630 1902 2737 1957 alta
2762 1913 3040 1973 patescere
3071 1910 3247 1963 cernit

152 1991 308 2057 Quod
341 2005 502 2045 crure
535 1990 802 2045 confixum
831 1989 974 2044 colat
1001 1988 1328 2057 insultetque
1351 1987 1593 2052 sacellis;
1842 1989 2256 2060 Proripicnsque
2285 1989 2482 2060 fugam,
2505 1991 2668 2046 celeri
2707 1996 2839 2061 petit
2870 1995 3068 2064 impete
3104 2013 3352 2070 campum

153 2079 351 2134 Vivere
383 2080 428 2134 si
461 2081 641 2144 libeat,
670 2080 807 2134 divis
836 2081 966 2134 dare
997 2080 1152 2133 thura
1180 2085 1524 2148 propinquet,
1843 2081 1959 2147 Qua
1983 2081 2175 2135 nntlier
2200 2081 2396 2137 virtute
2420 2083 2583 2136 animi
2617 2092 2883 2140 tormenta
2913 2086 3175 2158 fatigans,

152 2169 272 2236 Quo
302 2171 403 2224 sibi
427 2170 641 2239 propitii
671 2185 769 2238 per
797 2184 947 2222 sacra
979 2167 1216 2222 litamina
1247 2175 1490 2236 parcant.
1846 2171 2202 2229 Praevalidum
2227 2177 2363 2230 duro
2395 2185 2596 2232 tractat
2623 2177 2915 2235 luctamine
2941 2180 3139 2237 bellum
3163 2225 3178 2249 ,

156 2282 174 2313 ι
227 2261 472 2332 Propitii,
497 2261 607 2326 illa,
648 2262 747 2315 sibi
774 2275 970 2329 neque,
1001 2274 1098 2317 nec
1118 2259 1416 2315 cultoribus
1446 2256 1594 2326 ipsis.
1647 2297 1656 2309 .
1841 2262 2223 2334 Certanlisque
2250 2275 2438 2335 petens
2469 2283 2640 2337 prono
2667 2271 2891 2340 vestigia
2918 2288 3078 2328 cursu

154 2355 294 2408 Nam
327 2356 458 2409 mihi
491 2356 754 2424 propitius
778 2355 1034 2412 Dominus
1061 2371 1211 2410 meus
1241 2370 1361 2410 esse
1389 2354 1581 2418 sumit,
1841 2354 2075 2410 Cernere
2099 2357 2240 2425 quod
2263 2371 2475 2411 cessum
2502 2359 2716 2428 pangit,
2746 2376 2902 2416 sacra
2931 2379 3152 2419 munera
3196 2383 3425 2437 poscens

152 2445 262 2500 Nec
294 2445 501 2514 linquet
532 2459 720 2520 pinnas
748 2465 846 2520 pro
873 2448 1026 2517 cujus
1053 2461 1236 2501 amore
1258 2454 1443 2515 parata
1843 2446 1959 2513 Quo
1989 2447 2122 2501 duce
2159 2450 2387 2519 sydereo
2415 2449 2690 2504 Protasius
2713 2452 2792 2506 ire
2816 2455 3071 2511 sacerdos

153 2537 433 2607 Quaslibet
451 2543 846 2607 intuleris,sum
871 2540 1035 2603 ferre,
1058 2548 1112 2594 et
1138 2537 1348 2592 vincula
1376 2546 1432 2591 et
1461 2536 1662 2605 ignch
1842 2529 2160 2607 Prmeipitur
2183 2539 2413 2608 divoque
2437 2541 2653 2595 avidum
2681 2559 2912 2614 purgare
2939 2545 3157 2602 lavacro

153 2635 472 2689 Femineum
499 2635 715 2703 capiens
744 2634 907 2688 robur
934 2631 1182 2700 vincique
1209 2643 1501 2700 pavescens
1843 2627 2000 2683 lassa
2032 2630 2189 2699 gerit,
2220 2646 2462 2700 puroque
2491 2633 2662 2686 virum
2687 2649 2867 2690 sacrat
2896 2651 2925 2690 a
2959 2638 3080 2692 nive
3110 2641 3335 2710 piatum.

154 2727 411 2782 Carceris
449 2727 587 2781 hanc
615 2725 834 2780 coluber
865 2723 1084 2778 mandat
1111 2719 1262 2775 vafer
1294 2720 1483 2774 abdier
1510 2717 1700 2773 antris.
1845 2717 2026 2774 Tertia
2057 2721 2124 2774 ab
2155 2721 2280 2777 inde
2309 2721 2424 2778 dies
2456 2724 2694 2779 victricia
2725 2726 2859 2781 bella
2893 2729 3149 2788 reformat

155 2815 251 2871 llic
278 2817 558 2870 hominum
597 2815 888 2870 desolatam
921 2811 1195 2866 fulcimine
1230 2818 1423 2864 cuncto
1845 2810 1978 2866 Cum
2010 2828 2134 2884 rege
2149 2813 2446 2868 Aineadum
2477 2815 2594 2870 laeta
2625 2817 2797 2874 tirone
2828 2825 3066 2886 recenti,

158 2907 268 2961 Rex
300 2923 434 2962 suus
474 2907 614 2961 haud
643 2905 830 2970 abicit,
863 2904 984 2960 coeli
1017 2904 1269 2974 dignatur
1296 2904 1498 2956 honore
1847 2890 2153 2958 Tormentis
2178 2919 2314 2973 quos
2335 2904 2422 2960 ille
2449 2907 2602 2961 novis
2627 2910 2911 2979 pinnisque
2933 2917 3163 2982 repertis

156 3000 370 3055 Tollere
398 3008 451 3054 et
476 3000 710 3054 :ethereo
738 2997 921 3054 solans
949 2996 1186 3051 relevare
1212 2995 1404 3048 nitore.

1847 2992 2084 3063 Impetit,
2109 2995 2298 3065 hisque
2329 2996 2513 3053 furens
2542 3001 2713 3055 cassis
2739 3003 2940 3059 addicit
2967 3009 3137 3064 atroci

157 3093 336 3147 Volvit
374 3101 529 3146 atrox
561 3091 727 3146 furias
755 3090 838 3144 leo
867 3095 1297 3155 temneutemqne
1326 3083 1567 3154 rapinam
1850 3083 2019 3148 Quem
2051 3087 2286 3140 truciore
2315 3087 2398 3140 via
2432 3097 2580 3143 retur
2606 3092 2794 3146 saevire
2816 3093 3046 3162 lanista},

155 3186 397 3254 Carpere
421 3183 716 3238 bacchatur
741 3196 1031 3251 coramque
1063 3177 1279 3232 reducta
1303 3175 1460 3229 beata
1851 3176 2108 3246 Suppleat
2136 3186 2194 3232 ut
2215 3179 2259 3233 si
2289 3180 2416 3248 quid
2451 3191 2670 3237 torturze
2692 3184 2831 3240 desit
2852 3186 2904 3241 in
2948 3187 3148 3244 hostes.

156 3275 382 3328 Femina
409 3273 675 3342 subigitur
701 3272 889 3343 rigidis
917 3271 984 3325 ad
1007 3271 1232 3325 verbera
1262 3267 1445 3338 lignis;
1851 3265 1943 3321 llle
1968 3268 2095 3336 quid
2126 3269 2350 3338 ingestis
2379 3271 2550 3325 valeat
2577 3276 2936 3344 superaddere
2963 3279 3212 3348 volvens,

156 3366 409 3437 Dumque
433 3368 525 3421 diu
555 3367 770 3429 teritur,
801 3365 1012 3420 subitus
1045 3373 1246 3418 tremor
1279 3359 1471 3414 incutit
1499 3359 1669 3414 aedem
1771 3396 1816 3457 c
1857 3359 2130 3415 Victorum
2157 3362 2329 3432 rigido
2356 3365 2598 3422 cervices
2621 3368 2814 3424 robore
2842 3373 3015 3427 tundit

157 3458 569 3527 Delubrumqne
598 3457 744 3512 Jovis
772 3456 924 3525 lapsu
952 3447 1204 3510 dissolvit‘
1226 3453 1426 3522 opimo,
1777 3447 1816 3457 “’
1851 3448 2080 3521 Moxque
2103 3453 2218 3508 solo
2246 3455 2463 3510 incusso
2488 3473 2772 3527 procerum
2801 3463 2924 3516 terit
2949 3464 3079 3519 aedis
3101 3466 3318 3532 adacta;

159 3548 473 3602 Parietibus
502 3548 662 3617 lapidi
693 3555 752 3601 ut
777 3546 913 3616 lapis
940 3544 1079 3599 haud
1107 3543 1314 3597 hmrere
1346 3539 1566 3594 valeret.
1852 3538 2097 3596 Victores
2121 3554 2309 3598 contra
2342 3546 2488 3615 capit
2517 3548 2643 3602 hinc
2673 3549 2978 3619 apofrasius
3001 3570 3179 3619 arma;

158 3636 374 3690 Saevior
396 3646 450 3689 at
479 3635 653 3689 dirum
685 3636 902 3707 gravius
931 3633 1112 3702 coquit
1141 3633 1219 3686 ira
1247 3631 1494 3684 lanistam
1513 3669 1528 3695 ,
1851 3629 2099 3702 Quinque
2125 3635 2224 3689 sub
2257 3635 2355 3690 hoc
2383 3635 2587 3705 palmas
2609 3649 2664 3692 et
2691 3644 3022 3710 septuaginta
3053 3658 3343 3716 capessunt

156 3729 472 3798 Aﬂ'errique
491 3727 684 3796 jubens
710 3727 942 3798 amplum
966 3726 1100 3779 vasti
1129 3724 1252 3779 εει-ῖς
1283 3722 1536 3786 ahemnn,
1853 3722 1952 3788 Qui
1975 3721 2100 3793 jnga
2129 3725 2408 3780 subierunt
2431 3726 2628 3782 Christi
2657 3729 2947 3786 virtutibus
2977 3735 3118 3800 acti,

158 3803 384 3888 Repleri
411 3818 657 3887 plumbo,
694 3816 812 3886 pice
841 3815 1081 3879 mandat,
1113 3823 1165 3868 et
1191 3812 1370 3867 omnia
1404 3813 1610 3865 circum
1852 3811 1998 3878 Quas
2028 3815 2163 3870 Deus
2197 3816 2248 3870 in
2282 3816 2497 3873 famulis
2529 3820 2665 3874 miro
2690 3824 2940 3891 patrabat
2967 3826 3189 3883 honore.

159 3909 382 3964 ﬂauere
411 3908 651 3962 succindi
685 3907 850 3960 latera
881 3906 1007 3960 hinc
1031 3915 1190 3973 atque
1219 3903 1344 3956 inde
1365 3911 1587 3970 gregato
1853 3903 2063 3958 Funera
2093 3917 2212 3975 post
2241 3923 2490 3978 quorum,
2517 3908 2682 3977 judex
2708 3913 2948 3983 abjectus
2971 3915 3023 3970 in
3051 3918 3220 3973 undas

157 4001 530 4072 Immergique
560 4009 740 4053 truces
766 3997 1038 4052 victricem
1066 3993 1382 4048 llammonis
1411 3992 1462 4045 in
1492 3992 1612 4062 igne
1853 3993 2246 4065 Prtecipitatur,
2279 4013 2476 4067 equum
2509 4001 2643 4056 duce
2673 4003 3013 4061 concutiente
3038 4008 3255 4062 sinistre

159 4094 280 4160 Qua
303 4092 433 4147 dum
465 4092 584 4144 laeta
624 4099 826 4160 tropcea
860 4089 1026 4142 tribus
1056 4086 1202 4141 canit
1234 4084 1326 4138 illa
1356 4083 1600 4160 diebus“
1855 4086 1977 4142 Alto
2002 4103 2032 4141 a
2063 4098 2223 4158 ponte
2251 4101 2436 4159 petens
2466 4091 2630 4147 imam
2655 4094 2934 4152 demersus
2963 4099 3253 4170 abyssum:

157 4183 359 4238 Visere
386 4181 621 4237 crudelis
654 4190 760 4234 tota
795 4195 862 4233 an
896 4176 1198 4234 subsederit
1228 4174 1399 4229 hostis
1855 4181 2093 4250 Corpore
2121 4180 2379 4238 Tamareo
2410 4199 2532 4238 cum
2564 4195 2745 4243 mente
2778 4198 2998 4244 voratus
3025 4191 3200 4256 hiatu;

159 4274 215 4328 In
241 4276 464 4330 cineres
493 4272 651 4344 legat,
689 4271 882 4340 recipit
911 4269 1035 4340 quia
1062 4269 1210 4324 salva
1243 4266 1496 4329 resultet.
1857 4269 1990 4324 Nam
2023 4273 2234 4328 misera:
2255 4275 2462 4328 exuvias
2490 4276 2632 4331 nullo
2661 4287 2782 4346 post
2809 4279 2990 4334 littore
3019 4281 3166 4337 viain.

159 4364 278 4419 Nec
307 4361 527 4418 feritate
557 4371 709 4416 vacat
737 4361 1015 4430 perculsus
1045 4359 1277 4415 culmine
1307 4369 1468 4412 tantae
1857 4361 1986 4416 Post
2013 4371 2199 4417 contra
2233 4365 2463 4419 athletas
2487 4376 2736 4436 portenta
2767 4377 2962 4437 tropaea
2993 4371 3225 4427 nitentes

160 4456 403 4510 Virtutis
435 4454 631 4518 lanius,
664 4453 835 4508 furias
865 4467 1036 4522 neque
1068 4466 1267 4522 ponere
1297 4462 1506 4512 motus,
1859 4455 2104 4527 Insui-gat
2136 4457 2336 4526 Stygiis
2357 4456 2673 4525 Megalesius
2699 4461 2962 4530 anguibus
2987 4472 3143 4519 actus

159 4547 424 4616 Praecipit
453 4547 672 4600 insanus
701 4543 846 4598 ferro
872 4543 1197 4615 plumboque
1222 4558 1315 4613 per
1341 4541 1490 4596 urbis
1858 4552 2199 4622 Invictusque
2220 4554 2458 4621 probans
2485 4553 2629 4607 nullo
2658 4556 2966 4623 superarier
2991 4566 3114 4612 astu

162 4639 434 4692 Duclelut‘
464 4636 659 4690 mulier
681 4635 872 4688 Viell‘ix
900 4645 1120 4688 onerata
1151 4633 1375 4705 plateas.
1782 4702 1786 4706 ,
1861 4645 2183 4714 Aggreditur
2211 4643 2387 4713 gladio
2412 4643 2632 4700 mittens
2663 4653 2812 4700 trans
2839 4646 3028 4716 sydera
3062 4649 3226 4704 ferro.

162 4727 261 4781 llla
302 4735 490 4781 ornata
525 4740 711 4779 means
741 4725 994 4795 gravibus
1017 4740 1112 4795 per
1137 4724 1371 4793 compita
1399 4723 1597 4788 baecis,

1795 4733 1836 4792 D
1865 4736 2065 4808 Inclyta
2098 4736 2336 4790 membra
2365 4736 2505 4806 rapit
2529 4737 2722 4792 mulier
2747 4742 2832 4792 cui
2859 4737 3091 4796 Maxima
3136 4755 3330 4797 nomen

162 4815 393 4871 Accedit
419 4816 628 4870 foribus
658 4814 792 4869 civis
814 4812 902 4868 cui
937 4812 1288 4868 Gclllillianus
1868 4827 2041 4897 thue
2073 4827 2464 4895 triumphantes
2493 4828 2647 4886 decet
2675 4829 2826 4886 abdit
2850 4830 3056 4890 honore
3077 4842 3320 4890 venusto.

162 4908 506 4979 Cognomen,
535 4903 744 4976 pollens
777 4903 970 4973 opibus
995 4902 1085 4972 qui
1116 4903 1271 4956 thure
1298 4908 1519 4971 penates

1610 5067 1837 5125 CAPUT
1881 5067 2021 5128 Vlll.

1308 5177 1384 5232 De
1411 5179 1603 5233 sanctis
1636 5176 1947 5233 Marcellino
1976 5192 2024 5239 et
2060 5178 2239 5234 Petro.

170 5301 284 5330 ιιι...
313 5298 656 5330 11η-ηη11;ηηε
682 5292 782 5330 ειιιι
809 5304 983 5330 «anna
1013 5289 1312 5330 βριιηιιηιιρ
1337 5287 1670 5330 lrinmnlmnt

1869 5285 2130 5330 "nu-tatur
2151 5281 2422 5330 Christum
2459 5283 2654 5330 summi
2684 5281 2920 5330 genitum
2946 5281 3357 5330 esse‘tnnantis.
