3888 5330
472 367 575 425 719
1197 358 1592 423 FLODOAIIDI
1630 353 1950 416 CANONICI
1988 351 1998 406 l

2158 345 2336 404 ENSIS
2359 343 2721 403 OPUSCULA
2762 340 3088 397 METRICA.
3625 334 3711 392 720

467 480 575 551 Qui
611 477 821 555 salvare
848 490 1024 533 meam
1052 475 1251 547 poterit
1276 473 1320 528 si
1351 471 1538 527 favere
1559 467 1802 540 prolem?

469 572 632 645 Atqui
669 572 767 645 (ait
786 569 897 641 ille)
928 567 1074 623 Deus
1103 565 1247 620 valet
1275 563 1403 618 hinc
1430 575 1583 616 meus
1611 557 1866 613 omnibus
1895 561 2061 624 atque

469 666 653 725 Panis
677 665 907 735 eripere,
935 671 993 718 at
1019 667 1240 733 praestat
1275 666 1492 714 certare
1517 653 1753 710 duellum

468 756 731 825 Fortiter,
756 767 1019 814 aeternum
1054 762 1114 808 ut
1140 752 1352 807 valeam
1377 756 1599 819 captare
1626 742 1978 814 triumphum.

470 853 710 909 Credere
730 851 776 906 si
802 864 888 904 me
918 848 1024 912 vis,
1053 854 1257 909 custos,
1287 840 1575 913 geminabo
1603 846 1847 901 catenas,

464 945 550 1001 Te
575 948 791 1016 quoque
812 942 865 997 in
897 942 1005 995 ima
1034 938 1377 993 tenebrarum
1407 932 1509 989 sub
1535 930 1744 986 vincula
1778 928 1954 983 solum

470 1036 775 1091 Detruclens
801 1047 979 1088 caveae
1005 1030 1240 1087 claustra
1272 1026 1452 1082 omnia
1484 1032 1598 1079 tuta
1629 1021 1954 1091 relinquam,

472 1126 737 1183 Omnibus
765 1134 821 1180 et
846 1123 1089 1187 credam,
1117 1120 1175 1176 si‘
1193 1129 1244 1175 te
1272 1119 1415 1173 Deus
1436 1124 1594 1172 eruet
1613 1113 1788 1169 istis.)
1888 1124 1893 1131 ‘

460 1219 577 1273 .Dat
606 1217 801 1273 Petrus
822 1228 1103 1271 assensum
1131 1226 1191 1268 se
1217 1209 1333 1280 ejus
1361 1216 1593 1264 testatur
1623 1204 1691 1259 ad
1720 1203 1866 1258 aedes

462 1311 798 1374 "Venturum,
837 1323 942 1363 non
971 1306 1037 1361 ad
1069 1293 1281 1359 libitum
1311 1299 1624 1357 tentaminis
1644 1292 1866 1370 (inquit)

458 1400 533 1455 Id
563 1400 655 1454 ﬁet
679 1397 924 1462 humani,
956 1395 1085 1467 quin
1109 1395 1177 1449 ad
1208 1393 1427 1448 deitatis
1455 1390 1575 1446 Iesu

474 1488 707 1544 Lumina
746 1486 1013 1542 demersis
1038 1484 1316 1540 hominum
1342 1478 1628 1553 pandenda
1661 1473 1922 1532 tenebris.

476 1583 587 1649 llle,
615 1590 777 1653 caput
799 1581 1088 1651 quatiens;
1120 1577 1306 1634 nimiis
1341 1577 1536 1632 delirat
1562 1576 1650 1630 hic
1677 1582 1833 1627 actus

475 1671 787 1728 Tormentis
815 1669 1015 1741 (inﬁt);
1041 1675 1317 1739 properat,
1346 1675 1642 1735 nari-atque
1660 1660 1856 1734 jugali.

462 1763 554 1818 -Ειι
581 1761 761 1817 subito
784 1761 979 1824 noctis,
1010 1760 1180 1816 solem
1205 1756 1587 1814 claudentibus
1607 1753 1847 1816 umbris,

2087 478 2137 538 A
2166 479 2318 534 Hunc
2345 477 2506 533 simul
2531 476 2822 548 expediens
2847 475 3033 531 ambos
3056 474 3302 546 perducit
3330 473 3385 529 in
3412 471 3551 529 mdes

2162 572 2282 641 Quo
2314 558 2487 641 nuper
2514 570 2623 626 laeti
2650 572 2790 625 votis
2819 579 2875 624 et
2901 568 3057 622 laude
3077 567 3348 624 vacabant

2161 665 2414 721 Consiliis
2440 664 2655 719 munire
2677 677 2846 723 novos
2880 661 3193 717 coelestibus
3221 675 3411 732 agnos,

2160 755 2488 824 Praecipiens
2518 763 2641 827 post
2670 755 2770 809 hac
2796 752 3013 809 censori
3040 752 3298 807 accedere
3326 752 3482 807 duro.

2160 846 2481 901 Albescente
2506 845 2629 916 polo
2656 844 2830 900 noctis
2858 845 2986 900 dum
3017 852 3152 899 tetra
3176 845 3470 910 recedunt,

2163 940 2450 1010 Dispositis
2481 940 2774 995 luctatores
2806 948 3126 1009 repetuntur
3147 939 3217 995 ab
3246 939 3441 994 antris.

2162 1031 2326 1098 Qneis
2356 1016 2579 1087 minime
2602 1030 2858 1097 inventis,
2884 1031 3172 1086 Artensius
3196 1031 3309 1100 ipse
3324 1029 3536 1100 jubctur

2163 1124 2401 1190 Arctari,
2424 1134 2587 1193 atque
2607 1123 2721 1178 deis
2748 1139 2902 1179 sacra
2933 1124 3078 1178 ferre
3100 1122 3343 1178 litamina
3367 1124 3505 1194 cogi,

2165 1213 2327 1268 Stans
2349 1213 2451 1267 sub
2481 1213 2687 1268 honore
2717 1213 2807 1268 Dei
2838 1228 2959 1268 cum
2990 1212 3141 1281 prole
3169 1229 3234 1267 ac
3259 1213 3483 1285 conjuge
3508 1214 3643 1269 fartis

2165 1300 2379 1359 Rudere
2404 1304 2696 1358 mandatur
2713 1303 2918 1373 junctis
2946 1303 3231 1359 all‘ectihus
3255 1305 3403 1369 abdi,

2164 1392 2403 1449 Creditur
2425 1394 2540 1464 ipse
2564 1395 2783 1464 quidem
2806 1394 2984 1465 gladio
3013 1410 3111 1464 per
3132 1394 3319 1450 limina
3343 1405 3537 1466 crypta:

2164 1484 2301 1540 Filia
2327 1500 2451 1540 cum
2477 1493 2649 1540 matre
2675 1485 2899 1556 abjecta:
2927 1488 3183 1557 saxisque
3206 1497 3406 1543 notata:

2168 1576 2394 1631 Mortem
2427 1578 2722 1632 evadentes
2750 1579 2969 1647 capiunt
2996 1578 3114 1634 sine
3144 1579 3315 1635 limite
3340 1580 3520 1634 vitam.

2168 1668 2431 1722 Ductores
2456 1682 2577 1723 sese
2608 1667 2769 1725 laniis
2803 1679 2931 1725 ante
2956 1686 3052 1725 ora
3085 1669 3322 1725 ferentes

2168 1757 2459 1814 Terrorem
2491 1760 2779 1826 incutiunt,
2808 1762 3051 1817 comitati
3078 1762 3232 1832 plebe
3264 1761 3527 1832 frequenti

476 1854 671 1909 Petrus
697 1855 875 1915 adest,
908 1850 1218 1907 veneranda
1249 1850 1429 1906 crucis
1463 1847 1740 1918 signacula
1772 1852 2024 1915 gestans;
2094 1853 2137 1912 Β
2168 1850 2464 1906 Carniﬁces
2496 1852 2596 1920 ipsi
2623 1852 2925 1907 retinentur
2952 1862 3007 1908 et
3038 1854 3324 1924 intercepti

458 1945 553 2000 Illi
575 1944 691 2014 ejus
718 1943 875 2001 strati
906 1942 1132 2013 pedibus
1159 1942 1399 1998 clamare
1424 1953 1722 2010 supernum

474 2035 612 2093 Esse
634 2049 907 2103 unumque
943 2033 1148 2098 Deum,
1179 2032 1464 2087 Dominum
1500 2029 1619 2084 sine
1650 2025 1869 2096 ﬁgmine
1913 2021 2072 2079 Chri-

972 2172 975 2173 ν
1804 2118 1995 2194 [stum.

476 2216 613 2270 Filia
645 2232 769 2272 mox
797 2216 1009 2287 plenam
1040 2215 1208 2272 sumit
1233 2214 1460 2270 Paulina
1493 2213 1752 2278 salutem,

477 2306 544 2360 Et
573 2305 876 2372 Christum,
911 2322 1049 2377 quos
1074 2306 1163 2362 illa
1197 2307 1391 2362 domus
1418 2305 1710 2367 retinebat,
1740 2301 1972 2357 adorant
2003 2314 2019 2350 :

478 2395 825 2459 Dazmoneisc
864 2397 1074 2453 Domini
1114 2398 1404 2469 proﬁtente
1440 2397 1626 2468 vigore
1651 2395 1949 2452 subactum.

478 2483 744 2555 N’ulgatur
768 2487 1192 2557 circumpositis,
1225 2488 1505 2557 curritque
1526 2487 1767 2542 virorum

479 2576 782 2633 Tercentus
814 2578 990 2649 major
1017 2594 1251 2646 cuneus,
1280 2595 1548 2650 sexusque
1578 2579 1798 2634 secundi

479 2666 725 2735 Amplior
746 2667 999 2738 irrumpit
1019 2685 1300 2738 numerus,
1333 2670 1642 2741 spectacula
1680 2669 1826 2724 clara

482 2756 666 2811 Visuri
695 2757 994 2829 dentesque
1022 2758 1119 2814 Dei
1142 2762 1414 2830 praeconia
1435 2761 1653 2815 summi.

454 2878 457 2881 λ
483 2848 623 2905 Tum
650 2847 846 2905 Petrus
870 2848 1240 2907 Marcellinum
1273 2853 1614 2924 cupientibus
1639 2852 1742 2907 illis
1970 2920 1976 2929 '

482 2938 652 2993 Sacra
681 2940 878 2995 subire
894 2950 1072 3006 vocat,
1113 2952 1340 2999 cunctos
1370 2944 1486 3014 qui,
1518 2945 1804 3015 presbyter
1829 2943 2003 2999 almus
2024 2984 2039 3012 ,

480 3030 665 3086 Abluit
692 3031 1010 3103 ablutosque
1035 3034 1123 3104 pio
1143 3039 1417 3092 connectit
1452 3035 1577 3092 ovili

484 3121 850 3194 Saeratosque
870 3139 994 3180 reos
1011 3124 1193 3197 jungit
1221 3128 1447 3182 custode
1473 3126 1700 3191 solutos,

484 3211 724 3269 Nexibus
751 3223 1056 3283 exemptos,
1085 3216 1231 3271 vitiis
1252 3231 1389 3285 quos
1416 3219 1631 3286 expedit
1659 3218 1812 3273 atris.

484 3306 841 3380 Comperiens
867 3321 1061 3362 censor
1094 3309 1314 3363 mandat
1339 3309 1439 3364 sibi
1460 3310 1644 3364 sistier
1664 3300 1877 3370 ambos.

486 3400 872 3472 Presbyterum
900 3409 1065 3470 atque
1086 3402 1411 3457 exorcistam
1432 3442 1447 3468 ,
1484 3401 1734 3473 tutusque
1754 3402 2009 3458 sacerdos

488 3490 649 3558 Vera,
691 3493 780 3550 ubi
812 3494 1180 3564 prosequitur,
1213 3493 1452 3550 dictante
1477 3494 1660 3550 furore
1681 3495 1904 3566 jubctzir

487 3582 813 3639 Carniﬁcem
843 3584 1004 3649 szevis
1028 3584 1177 3640 tundi
1209 3601 1305 3657 per
1329 3586 1537 3643 viscera
1570 3588 1780 3658 pugnis.
1963 3591 1966 3595 ’

487 3673 757 3730 Deﬁciunt
783 3669 934 3742 lanii,
964 3690 1119 3732 sacer
1147 3676 1525 3746 insuperabilis
1547 3686 1708 3733 astat.

490 3764 807 3836 Sejunctum
837 3768 962 3823 inde
990 3766 1153 3823 Petro
1179 3767 1403 3824 densata
1431 3770 1652 3839 cuspide
1677 3769 1800 3824 vitri

492 3856 641 3913 Trux
672 3858 875 3925 nudum
891 3859 1048 3929 jubet
1068 3859 1291 3915 insterni
1322 3861 1588 3931 caecisque
1610 3859 1830 3917 latebris

463 4001 466 4004 .
493 3947 741 4004 Luminis
768 3948 1029 4003 auxilium
1053 3949 1254 4005 auferri
1284 3952 1594 4021 victumque
1623 3952 1808 4022 negari

491 4038 720 4111 Ingemit
740 4040 960 4112 alijungi
991 4040 1185 4097 Petrus
1217 4058 1467 4114 saevoque
1494 4053 1761 4115 tyranno:

499 4150 518 4181 ι
561 4131 696 4186 Cum
728 4133 964 4189 vocitent
989 4135 1217 4204 subjecti
1244 4135 1461 4207 (inquit)
1490 4145 1541 4190 te
1568 4135 1708 4191 forte
1726 4151 1979 4191 serenum

501 4241 522 4273 ι
566 4221 793 4278 Nubilus
819 4238 880 4279 es
909 4239 1005 4293 per
1023 4235 1214 4280 cuncta
1249 4227 1354 4282 tuis
1380 4226 1697 4283 tenebrosus
1717 4238 1773 4283 et
1798 4228 1953 4282 actis.
1987 4245 2007 4280 ι

504 4312 597 4367 Sic
621 4327 841 4383 quoque
865 4316 1165 4386 constringi
1195 4316 1311 4385 ipse
1345 4318 1524 4384 datur,
1554 4318 1635 4374 sic
1657 4319 1885 4375 nexibus
1907 4319 2017 4375 initi

495 4403 819 4473 Arctarique
850 4404 1013 4474 pedes
1037 4404 1164 4475 ligni
1194 4408 1493 4476 pressantis
1515 4408 1685 4464 hiatu.

496 4493 778 4565 Astrigera
805 4494 1047 4552 desolato
1066 4496 1304 4553 cmlcstis
1328 4497 1578 4554 alumnus

496 4582 821 4655 Presbytero
849 4587 1042 4643 summi
1072 4587 1281 4659 legatur
1303 4590 1371 4646 ab
1393 4606 1517 4646 arce
1549 4594 1802 4659 tonantis,

498 4671 679 4744 Erigit
702 4675 847 4733 hunc
877 4677 1073 4748 plagis,
1101 4680 1321 4751 proprio
1347 4681 1646 4739 circumdat
1671 4682 1888 4749 amictu,

499 4765 812 4837 Proripitin
835 4771 994 4841 cippo
1021 4788 1088 4828 ac
1113 4774 1261 4830 ferro
1287 4789 1393 4845 qua
1416 4776 1608 4833 Petrus
1630 4779 1851 4848 agebat;

2099 4545 2164 4632 ἰ)

2173 1939 2364 2009 Stant,
2404 1956 2559 1997 sacra
2593 1942 2720 1997 dum
2763 1943 3045 2000 celebrans
3082 1953 3425 2000 consummat
3452 1946 3545 2000 rite
3569 1962 3717 2001 sacer:

3540 2039 3659 2112 ldus.

2169 2127 2241 2182 At
2268 2127 2612 2183 confessores
2635 2128 2738 2184 sibi
2758 2126 2871 2197 jam
2900 2127 3119 2186 diﬁ‘erre
3152 2145 3412 2187 coronam

2172 2217 2465 2273 llorrentes
2488 2228 2720 2288 partam,
2751 2218 3001 2288 p0pulum
3027 2222 3283 2276 secedere
3315 2221 3584 2287 mandant,

2174 2308 2251 2365 Sc
2271 2309 2462 2366 vinclis
2491 2310 2649 2375 ultro,
2680 2310 2873 2381 gladiis
2899 2328 2957 2366 se
2981 2325 3173 2382 sponte
3204 2312 3459 2369 ferentes.

2174 2399 2316 2471 Ergo
2337 2416 2501 2456 canes
2531 2402 2699 2457 rabidi
2725 2401 2869 2456 nulla
2897 2402 3181 2459 dulcedine
3219 2406 3351 2460 moti

2172 2488 2489 2547 Praemissos
2515 2491 2605 2547 ubi
2634 2491 2948 2558 dilacerant,
2980 2504 3286 2565 acuuntque
3316 2496 3545 2553 furorem

2173 2580 2289 2637 Non
2312 2592 2518 2652 ponunt
2540 2597 2815 2653 proceres,
2840 2594 3044 2639 aeterna
3078 2588 3313 2656 trophtea
3354 2600 3584 2658 petentes

2173 2673 2414 2730 Nexibus
2440 2675 2720 2741 invadunt,
2753 2675 3014 2747 nodisque
3040 2677 3106 2732 ad
3131 2680 3321 2733 robora
3344 2679 3584 2752 jungunt,

2173 2762 2437 2832 Quodque
2485 2760 2666 2818 ferant
2716 2763 2923 2820 Iethum
2973 2777 3269 2838 properant
3314 2771 3543 2841 rogitare
3584 2769 3718 2839 magi-

3476 2861 3665 2936 [strunn

2174 2947 2226 3003 Is
2246 2956 2430 3004 monet
2451 2948 2645 3005 abduci
2671 2949 2725 3005 in
2756 2951 2961 3024 sylvam
2989 2967 3109 3023 qua!
3134 2953 3307 3024 Nigra
3332 2964 3515 3009 vocata

2177 3037 2419 3093 Candida
2454 3038 2596 3095 facta
2628 3041 2731 3112 piis
2760 3058 3013 3109 nemora,
3043 3055 3207 3115 atque
3241 3046 3344 3100 sub
3374 3047 3545 3102 abdita
3566 3046 3691 3102 cauti.

2176 3128 2478 3185 Obscurum
2510 3133 2656 3188 ducti
2681 3134 2734 3188 iu
2770 3135 2967 3190 saltum
2998 3135 3254 3208 luc05que
3277 3140 3379 3194 sub
3406 3139 3540 3194 altos

2101 3230 2147 3293 ο
2178 3218 2392 3275 Avulsis
2418 3222 2648 3291 spatium
2678 3224 2841 3278 cmdis
2861 3226 2962 3280 sibi
2993 3227 3239 3283 sentibus
3267 3237 3483 3299 aptant,

2178 3310 2345 3381 Inque
2380 3312 2549 3368 vicem
2574 3314 2828 3384 suplices,
2860 3316 3007 3386 pacis
3040 3318 3141 3373 sibi
3170 3327 3227 3373 ut
3254 3321 3440 3374 oscula
3468 3319 3640 3380 libant,

2182 3401 2317 3457 Vela
2349 3416 2488 3470 genu
2519 3407 2708 3460 dantes
2730 3408 2906 3476 posito
2935 3410 3028 3462 sed
3050 3410 3213 3465 corde
3236 3410 3433 3476 levato,

2180 3491 2516 3549 I.ctliiferum
2540 3508 2789 3566 prompta
2820 3497 3055 3569 gladium
3088 3502 3302 3556 cervite
3332 3513 3611 3574 receptant.

2182 3578 2448 3653 Virginea:
2474 3587 2701 3655 gemmis
2720 3586 2912 3642 animae
2939 3591 3187 3645 visuntur
3210 3601 3264 3646 et
3293 3608 3425 3646 auro

2181 3671 2458 3730 Praeculta:
2489 3677 2666 3746 specie
2691 3693 2898 3748 supera:
2920 3680 3215 3737 cultoribus
3242 3684 3381 3738 aula:

2180 3763 2334 3820 Celsa
2365 3766 2548 3821 subire
2571 3767 2698 3836 poli,
2723 3769 2917 3825 cuilum
2934 3772 3228 3841 penetrare
3258 3791 3358 3845 per
3378 3791 3551 3830 auras.

2182 3853 2434 3911 Carniﬁci
2463 3857 2575 3914 lnuc
2601 3874 2859 3916 concessa
2889 3863 3024 3918 truci
3055 3876 3301 3935 spectare
3325 3867 3583 3930 feruntur,

2183 3946 2283 4011 Qui
2324 3946 2449 4001 dum
2480 3949 2592 4004 visa
2623 3950 2806 4015 refert,
2843 3954 3006 4009 torvis
3036 3957 3158 4012 dum
3186 3964 3413 4028 pmnitet
3436 3964 3584 4022 actis,

2183 4035 2301 4093 Jam
2336 4041 2518 4095 senior
2547 4043 2672 4098 vitae
2700 4047 2896 4100 meruit
2925 4063 3078 4103 sacra
3102 4050 3241 4106 dona
3279 4068 3378 4124 per
3403 4056 3581 4109 undas.

2184 4125 2358 4198 Digne
2383 4131 2555 4185 danda
2586 4133 2702 4188 solo
2737 4144 2988 4206 retegunt
3009 4156 3105 4194 sua
3139 4146 3383 4199 membra
3413 4145 3565 4209 beati,

2185 4216 2315 4284 Quae
2335 4218 2573 4277 Firmina
2602 4223 2743 4279 levat
2771 4230 3080 4303 pariterque
3105 4233 3329 4299 Lucilla,
3361 4248 3585 4292 venustzc

2188 4309 2461 4381 Sanguine
2484 4322 2765 4381 matronm,
2797 4320 2995 4375 mentis
3026 4338 3178 4393 mage
3209 4325 3411 4382 lumine
3435 4330 3612 4391 clune,

2185 4398 2615 4473 Admoniu‘eque,
2642 4420 2804 4475 specu
2831 4411 3036 4479 positus
3062 4410 3341 4471 Tiburtius
3365 4418 3516 4473 almis

2187 4489 2300 4575 Qua
2322 4491 2487 4552 ﬂoret
2511 4496 2720 4553 meritis
2747 4510 2958 4556 sacrata
2985 4503 3035 4558 in
3065 4517 3216 4578 septa
3252 4512 3561 4565 recondunt.

2194 4581 2454 4639 Damasus
2477 4585 2588 4641 haec
2613 4590 2881 4658 quondam
2914 4607 3033 4662 quae
3062 4562 3384 4667 percussore
3428 4604 3616 4657 ferente

2190 4672 2543 4744 Compercrat
2566 4679 2758 4734 stricto
2787 4679 2910 4736 licet
2940 4685 3082 4741 edita
3113 4692 3359 4747 carmine
3401 4693 3581 4763 vulgat.

1956 4939 2186 4995 CAPUT
2224 4939 2317 4996 IX.

1641 5046 1721 5101 De
1751 5047 1954 5103 duobus
1981 5052 2176 5108 umetis
2215 5050 2505 5109 Felicitas.

506 5165 813 5237 Presbyteri
843 5167 1024 5224 divina
1056 5170 1160 5227 duo
1181 5187 1279 5242 per
1304 5189 1456 5231 sacra
1484 5177 1747 5246 nitebant,

2197 5187 2384 5246 huius.
2415 5197 2474 5241 ut
2503 5189 2721 5246 insutl'at
2751 5196 2995 5246 natribns
3016 5201 3286 5246 sunlirala
3317 5207 3533 5246 γρειιαιει
