3888 5330
205 341 318 402 791

208 456 522 517 Tormento
547 464 793 537 erigitur,
821 484 930 538 quo
954 471 1195 528 carmine
1221 481 1368 528 tanta
1394 484 1616 546 rogatur

208 549 352 607 Tam
376 553 495 610 dira
520 565 640 611 acta
670 558 838 626 dedit,
864 561 1018 618 divos
1047 578 1152 634 qua
1185 564 1377 621 fraude
1402 565 1642 638 refregit.

214 661 238 694 ι
280 641 396 698 Non
430 645 738 713 malefacta,
760 650 968 721 inquit,
995 663 1143 719 sunt,
1175 657 1388 711 athene
1415 656 1554 712 facta
1579 658 1816 714 tonantis

206 731 331 786 Non
358 735 475 789 haec
498 735 690 794 fraude
714 739 1039 813 vigentquin
1057 744 1214 800 laude
1230 745 1323 802 Dei
1343 749 1751 818 omnipotentis.
1791 768 1809 803 ι

202 823 426 880 Censor
451 827 585 883 item
612 830 754 902 legat
783 836 1043 890 vertenda
1067 837 1136 892 ad
1164 836 1288 893 fana
1320 838 1573 908 beatum;

203 914 283 968 At
311 930 381 970 ne
409 914 555 971 forte
582 920 698 975 solo
720 922 882 978 solito
902 939 1057 980 sacra
1088 927 1238 983 arida
1267 939 1456 1000 cogat,

204 1005 345 1071 Qum
370 1006 534 1063 viridi
562 1009 710 1081 viget
736 1014 997 1071 assistens
1029 1017 1209 1073 radice
1232 1020 1459 1088 sacello,

203 1095 448 1153 Arboris
471 1103 711 1159 orandas
739 1104 961 1163 frondes
989 1117 1046 1163 et
1066 1108 1260 1166 robora
1290 1113 1529 1168 mandat.

205 1186 304 1243 Ille
337 1206 506 1259 prece
538 1192 709 1250 effusa
733 1208 924 1253 censet
954 1201 1213 1258 radicitus
1238 1204 1402 1259 arbos

206 1282 447 1340 Corruat
470 1298 721 1347 evertens
751 1291 911 1365 longo
938 1309 1090 1350 saera
1117 1304 1357 1367 tempore
1381 1305 1518 1355 tecta
1546 1339 1562 1363 ,

205 1377 465 1447 Amplius
494 1381 583 1437 hic
619 1386 774 1440 vanis
802 1403 869 1441 ne
908 1386 1251 1458 decipiantur
1290 1391 1499 1456 inanes,

204 1465 317 1520 lma
344 1479 541 1536 petens
568 1474 733 1530 robur
762 1485 937 1546 paret,
960 1489 1227 1550 praecepta
1261 1482 1500 1546 facessit,

207 1556 384 1613 Obvia
419 1562 545 1616 fana
584 1566 709 1619 terit
738 1569 990 1636 quatiens
1018 1580 1302 1642 vastatque
1332 1574 1671 1644 premitque,

206 1651 392 1718 Atque
419 1653 725 1711 minutatim
753 1673 1015 1729 spargens
1044 1664 1276 1732 protrita
1304 1664 1535 1720 revellit.

204 1739 481 1811 Cognitor
512 1746 629 1803 lucc
650 1765 872 1806 sumens
894 1752 1049 1821 jubet
1073 1755 1216 1810 hunc
1241 1755 1416 1812 ultore
1441 1758 1610 1813 suhiri

208 1830 380 1919 Ense,
412 1834 654 1907 ferisque
686 1842 828 1907 dari,
856 1845 1162 1899 communia
1182 1844 1304 1915 jura
1329 1847 1537 1919 negari.

206 1918 462 1979 Tramite
490 1924 712 1984 decreto
735 1940 933 1986 metam
956 1934 1251 1990 scandebat
1271 1918 1462 2007 agonis

205 2009 393 2070 Laetus
415 2025 470 2071 et
501 2019 814 2079 accelerans
840 2034 992 2093 parta
1028 2029 1266 2097 gaudere
1293 2043 1493 2084 corona

204 2106 276 2160 At
301 2109 477 2181 magis
498 2120 556 2167 ut
584 2113 755 2170 niteat
784 2117 991 2173 socium
1031 2118 1173 2176 Deus
1196 2120 1429 2192 applicat
1448 2129 1664 2175 auctum

784 352 874 412 DE
900 353 1173 416 CHRISTI
1201 358 1584 419 TRlUllPHlS
1618 360 1804 419 APUD
1841 359 2121 418 ITALIAM
2162 361 2342 420 LIBRI
2374 362 2512 420 XIV.
2553 364 2771 423 —LIB.
2813 366 2924 423 Vll.

3399 370 3536 445 ῖὲἳῖ

1866 485 1887 539 ι
1915 476 2015 543 Qui
2045 477 2171 532 dum
2207 478 2341 533 scita
2378 479 2524 549 capit
2549 480 2819 551 caedisque
2848 481 3024 537 edicta
3053 479 3273 538 litanda:

1915 567 2117 624 Obvius
2143 569 2347 624 addicit
2373 579 2677 641 promptum
2700 586 2761 627 se
2787 571 2854 626 ad
2872 570 3042 643 regna
3070 573 3272 630 tenenti

1915 659 2086 717 Oll‘ert
2111 661 2280 715 exitio
2307 673 2534 716 currens
2568 662 2979 732 apprehendere
3000 663 3236 733 palmam
3271 679 3285 716 :

1913 753 2162 823 -—Atque
2186 766 2307 823 ego,
2330 752 2652 822 proclamat,
2678 752 2779 825 legi
2819 755 3129 810 summittar
3164 754 3338 810 eidem

1915 844 2031 912 Qua
2058 843 2197 899 nitet
2222 843 2313 899 hic
2342 843 2545 911 senior,
2576 843 2973 914 Dominumque
2997 845 3171 915 ipsum
3198 845 3318 901 colo
3343 843 3501 902 Chri.

3242 937 3430 1010 [stum.
3477 958 3497 991 ι

1916 1024 2014 1080 llis
2040 1024 2252 1095 rapitur
2275 1024 2438 1081 dictis
2466 1033 2522 1081 et
2556 1032 2743 1082 saneta
2777 1041 2878 1097 per
2897 1028 3083 1084 oscula
3105 1029 3329 1100 junctus

1914 1115 2113 1171 Felicis
2138 1116 2297 1187 parili
2328 1117 2541 1172 meritis
2567 1117 2669 1174 sub
2694 1126 2876 1189 strage
2891 1118 3131 1189 jugatur,

1916 1207 1982 1261 Et
2004 1207 2163 1262 simul
2184 1219 2434 1265 exsectus
2454 1212 2717 1268 calorum
2740 1213 2807 1268 ad
2836 1214 3030 1284 gaudia
3052 1213 3252 1287 surgit;

1917 1295 2083 1363 llnjus
2110 1305 2234 1367 post
2259 1312 2456 1353 nomen
2482 1299 2610 1369 quia
2632 1302 2912 1358 nescivere
2940 1303 3165 1360 minoris

1913 1386 1996 1443 Ob
2019 1387 2184 1444 decus
2213 1387 2403 1444 infusa:
2429 1390 2670 1445 vocitant
2691 1392 2904 1448 virtutis
2929 1394 3253 1451 Adauctum.

1912 1479 2163 1549 Aggressi
2193 1479 2352 1534 tacita
2376 1480 2509 1550 justi
2541 1481 2642 1536 sub
2671 1491 2831 1537 nocte
2868 1482 3108 1539 laborem

1913 1567 2030 1635 Qua
2063 1579 2271 1623 vastum
2299 1569 2555 1626 convulsa
2583 1570 2761 1627 sinum
2784 1572 3118 1644 patefecerat
3144 1573 3307 1630 arbos

1912 1660 2153 1731 Corpora
2176 1661 2405 1716 humant
2425 1663 2770 1733 conduntque
2790 1663 2865 1734 pii
2892 1664 3082 1719 tellure
3109 1665 3396 1736 triumphi;

1913 1752 2221 1811 Tabescena
2244 1754 2415 1812 livore
2436 1756 2590 1828 nigro
2612 1772 2806 1813 manus
2827 1758 3072 1829 improha
3095 1769 3272 1816 tentat

1838 1825 1887 1887 Β
1918 1842 2126 1899 Vellere
2153 1845 2396 1916 deposita
2422 1825 2619 1917 insigni
2655 1847 2725 1903 de
2752 1863 2878 1904 rure
2905 1825 3130 1916 talenta,

1916 1934 2129 2006 Quique
2157 1945 2322 1991 ruunt
2356 1936 2508 2006 operi
2547 1936 2704 1992 furiis
2730 1946 3015 2009 raptantur
3039 1940 3239 1996 Averni

1918 2025 2183 2096 Tempore
2203 2042 2311 2098 qua
2339 2028 2490 2097 pacis
2517 2026 2780 2084 fabricata
2809 2029 3063 2085 educitur
3090 2031 3210 2085 aula

1921 2121 2219 2194 Martyrum
2244 2129 2299 2177 et
2326 2120 2520 2177 illustri
2544 2121 2800 2191 pneculta
2828 2131 3029 2193 tropara
3058 2123 3243 2179 nitela.

1690 2255 1920 2314 CAPUT
1958 2254 2027 2309 Χ.

1351 2388 1430 2445 De
1451 2401 1635 2445 sancto
1659 2391 1996 2463 Chrysogono
2024 2398 2073 2443 et
2102 2386 2409 2443 Anastasio.

206 2512 624 2585 Chrysogonum
654 2514 705 2575 in
732 2515 921 2571 vinclis
944 2516 1228 2573 Anastasia
1254 2516 1483 2574 fovebat.

205 2604 465 2661 Pluribus
497 2608 610 2663 hate
641 2608 808 2663 etiam
838 2609 1028 2665 solatia
1061 2611 1213 2683 plura
1242 2612 1480 2681 ferebat;

205 2696 344 2753 Nam
371 2700 460 2754 vir
488 2699 576 2755 hic
600 2715 890 2758 asservans
914 2719 1086 2759 annos
1112 2705 1382 2776 ergastula
1407 2705 1563 2762 binos

207 2786 448 2843 Plurima
482 2792 806 2861 perpetitur,
838 2792 1038 2850 Christi
1069 2795 1171 2852 sub
1196 2798 1435 2865 nomine,
1470 2799 1667 2864 victor,

206 2876 437 2948 lnsuper
461 2889 515 2935 et
540 2880 740 2936 Rufum
761 2885 1040 2940 custodem
1068 2887 1305 2957 acquirit
1332 2896 1386 2944 et
1411 2886 1526 2956 ejus

206 2974 450 3044 Quarque
472 2983 689 3044 reperta
720 2976 969 3031 clientela
1001 2987 1086 3033 est
1111 2991 1328 3034 scrvare
1350 2987 1598 3049 penates,

205 3066 342 3120 Cum
367 3082 474 3136 qua
504 3066 675 3123 vincit
700 3082 870 3123 ovans
896 3068 1157 3125 Dominus
1179 3071 1478 3126 certamine
1501 3080 1736 3127 mactus.

205 3158 554 3215 Anastasiam
590 3157 811 3231 conjnx,
849 3174 917 3214 ne
945 3160 1180 3217 invisere
1200 3163 1375 3233 possit

205 3246 535 3303 Carceribus
558 3251 769 3319 positos
796 3266 933 3323 quos
961 3248 1163 3308 Christi
1194 3262 1252 3305 ut
1301 3251 1544 3308 membra
1576 3252 1808 3319 colebat,

208 3336 472 3393 Obscuris
495 3340 668 3396 solam
704 3340 955 3410 injiciens
986 3343 1359 3414 penetralibus
1392 3343 1559 3397 abdit.

206 3427 411 3485 Przecla
422 3448 479 3486 ra
504 3432 621 3488 hzec
647 3440 771 3489 ortu
795 3433 1021 3504 celebri,
1048 3436 1362 3506 prmelarior
1383 3446 1530 3504 actu,

208 3520 367 3577 vao
391 3521 608 3579 addicta
641 3524 777 3592 viro,
804 3526 947 3581 votis
972 3535 1028 3581 at
1056 3527 1237 3582 dedita
1260 3525 1477 3582 Christo
1494 3567 1510 3593 ,

208 3610 391 3667 llarrct
422 3621 606 3668 mente
635 3614 764 3685 piis,
800 3616 961 3671 caecis
984 3616 1208 3673 obsessa
1232 3616 1477 3672 latebris.

209 3705 565 3777 Chrysogono
592 3707 686 3763 sed
714 3724 819 3764 anu
833 3709 1018 3780 gerula
1047 3710 1134 3781 pia
1164 3720 1466 3782 grammata
1494 3709 1697 3782 legans,

188 3802 405 3875 -Signat
432 3805 508 3860 uti
538 3821 760 3881 parvam
792 3808 997 3863 sacrari
1027 3808 1276 3879 praestitit
1299 3808 1458 3865 undis

209 3891 387 3949 Mater
410 3909 555 3960 eam,
588 3895 713 3951 diva
742 3912 862 3968 quae
885 3897 1166 3970 rciligione
1196 3899 1425 3955 nitebat.

208 3984 376 4053 Cujus
405 3996 526 4058 post
550 3988 793 4059 requiem
820 3988 969 4045 infidi
995 3991 1125 4061 juga
1157 3990 1273 4046 dira
1303 3990 1483 4046 mariti

209 4075 542 4147 Sumpserit,
567 4086 624 4133 at
649 4093 820 4136 nexus
851 4082 1098 4137 morbum
1127 4083 1355 4139 mentita
1385 4081 1603 4150 refutet,

208 4163 380 4220 Nocte
408 4168 494 4223 die
534 4169 747 4224 Domini
776 4172 1095 4240 amplexans
1122 4173 1347 4243 vestigia
1368 4172 1527 4237 Jesu;

208 4251 306 4311 Vir
331 4273 455 4311 cum
483 4259 765 4330 sacrilegis
788 4259 906 4330 ejus
932 4263 1260 4334 patrimonia
1279 4270 1521 4326 vastans,

207 4347 281 4403 Se
312 4349 554 4407 tenebris
578 4367 813 4407 mersam
850 4354 1220 4425 penetralibus
1241 4355 1414 4426 egerit
1433 4355 1567 4411 atris

209 4437 304 4493 llis
335 4455 553 4510 quoque
574 4456 894 4514 corpoream
919 4445 1144 4516 jamjam
1174 4447 1449 4503 dimittere
1475 4448 1639 4502 vitam

206 4532 489 4597 Autnmet,
512 4532 581 4586 ob
608 4533 884 4590 Christum
913 4538 1155 4605 gaudens
1177 4553 1344 4607 quam
1380 4555 1585 4609 ponere
1622 4539 1801 4608 tnaht;

207 4622 483 4678 Tristetur
510 4626 605 4683 sed
631 4640 784 4696 opes,
815 4627 953 4683 caalo
981 4643 1120 4698 quas
1146 4630 1294 4684 vovit
1316 4631 1383 4685 ad
1413 4646 1590 4686 assem

208 4714 429 4782 Virtuti,
461 4717 653 4775 invisis
679 4719 941 4776 scelerum
968 4720 1297 4777 famulentur
1320 4724 1534 4779 amicis.

213 4826 232 4857 ι
274 4808 476 4876 Quare,
505 4825 664 4865 serve
694 4812 808 4873 Dei.
832 4813 1056 4883 supplex
1091 4823 1143 4869 te
1164 4814 1447 4885 deprecor,
1483 4815 1676 4885 inquit,

210 4896 344 4953 Ores
376 4898 647 4955 instanter
673 4899 956 4956 Dominum
983 4902 1069 4957 vel
1090 4905 1251 4960 corda
1270 4903 1470 4975 jngalis

213 4988 475 5059 Suhjuget
502 4991 615 5060 ipse
643 4992 768 5058 sibi,
802 4992 881 5048 vel
906 4993 950 5048 si
975 4994 1119 5049 videt
1148 4995 1270 5066 igne
1294 4996 1588 5050 vorandum
1611 5037 1624 5062 ,

206 5083 371 5139 Ferre
395 5084 798 5157 locumjubeat,
824 5089 996 5144 satius
1016 5090 1156 5158 quod
1184 5088 1346 5145 credo
1375 5104 1597 5159 negare,

206 5179 376 5202 Ιὶηη...
413 5179 700 5202 n-...:..--...
736 5179 1045 5202 P-_n.~-_._---
1078 5193 1294 5202 _..-._-_.'.
1320 5179 1643 5202 Paean-31.--!

292 5194 376 5202 η...
413 5178 700 5202 Π-...ε..--...
736 5179 1045 5202 ΡΑ-ιΑ--.....--..
1078 5194 1231 5202 ....-._-

1912 2518 1977 2573 Et
2004 2517 2123 2573 fera
2153 2517 2399 2589 belligeri
2427 2515 2584 2573 fauce
2614 2516 2779 2572 incita
2807 2514 2975 2572 ﬂabra
3001 2515 3261 2573 draconis

1914 2610 2033 2666 Uno
2065 2610 2321 2680 prsecepti
2352 2609 2611 2680 reprimet
2631 2623 2882 2665 sermone
2911 2608 3096 2665 relisa.

1910 2701 2074 2770 Ergo,
2113 2701 2280 2756 maris
2302 2700 2448 2755 velut
2481 2699 2533 2755 in
2575 2700 2772 2765 medio,
2797 2699 3068 2769 patienter
3091 2697 3327 2754 adorans

1911 2789 2148 2860 Expecta
2175 2788 2461 2845 Dominum
2498 2805 2621 2845 cum
2649 2799 2838 2845 saneto
2860 2797 3043 2845 mente
3070 2789 3355 2861 propheta,

1910 2883 2262 2940 Proclamans
2288 2901 2303 2938 :
2337 2882 2467 2953 quid
2495 2897 2580 2939 me
2606 2882 2830 2938 turbans
2860 2883 3037 2937 anima
3069 2897 3209 2954 egra
3241 2879 3468 2952 fatigas?

1911 2975 2044 3031 Fide
2076 2986 2168 3031 tuo
2193 2977 2245 3031 in
2282 2975 2531 3041 Domino,
2567 2989 2764 3044 nempe
2793 2975 2967 3045 ipsum
2998 2989 3185 3045 pressa
3220 2973 3466 3028 fatebor:

1911 3066 2030 3137 Ipse
2055 3069 2159 3122 mei
2189 3067 2449 3138 prmelara
2480 3066 2647 3133 salus,
2677 3075 2730 3121 et
2766 3067 2937 3138 gloria
2965 3067 3164 3122 vultus.

1912 3157 2150 3213 Muneris
2170 3157 2393 3213 mtherel
2424 3157 2697 3227 geminum
2722 3156 3102 3227 amplexabere
3130 3152 3357 3221 donum’;

1911 3246 2045 3303 Cum
2076 3249 2172 3304 tibi
2203 3248 2498 3303 reddentur
2522 3256 2759 3314 terrena,
2786 3262 3021 3317 superna
3053 3247 3324 3312 ferentur;
3382 3260 3387 3265 '

1911 3339 2156 3409 Namque
2181 3340 2303 3395 ideo
2328 3339 2589 3395 Dominus
2622 3337 2839 3410 longum
2872 3338 3011 3393 bona
3039 3339 3311 3409 protrahit
3333 3338 3461 3395 alta.

1911 3430 1990 3484 Ne
2016 3431 2089 3486 sit
2116 3431 2219 3486 vile
2247 3431 2391 3502 quod
2420 3431 2683 3502 impertit,
2720 3432 2824 3485 cita
2854 3445 2958 3485 neu
2978 3431 3106 3485 data
3132 3432 3390 3503 migrent;

1914 3521 2024 3577 Nec
2051 3523 2284 3585 turherc,
2320 3523 2424 3593 piis
2451 3522 2592 3593 quod
2618 3523 2891 3591 quondam
2920 3523 3147 3577 adversa
3176 3531 3501 3592 sequantur,

1912 3613 2011 3669 llis
2041 3615 2292 3685 equidem
2326 3629 2505 3683 neque
2527 3614 2794 3685 deciperis
2815 3615 2943 3684 quin
2976 3614 3080 3669 lixa
3108 3615 3377 3684 probaris.

1913 3704 2065 3761 llaud
2096 3704 2188 3759 tibi
2216 3719 2314 3774 per
2340 3703 2613 3759 hominem
2649 3713 2862 3759 constat
2894 3704 3141 3759 defensio
3172 3714 3283 3760 tuta
3312 3722 3327 3758 :

1833 3773 1879 3836 (ἶ
1912 3796 2046 3851 Nam
2076 3795 2393 3852 maledictus
2417 3794 2579 3850 homo
2614 3795 2669 3851 in
2705 3795 2979 3851 hominem
3011 3810 3160 3866 spem
3186 3810 3387 3866 ponere
3413 3797 3466 3851 ni
3488 3826 3502 3838 -

3260 3883 3428 3960 (lens,

1908 3986 1975 4043 Et
2021 3986 2340 4043 benedictus
2379 3986 2542 4043 homo
2587 3985 2642 4041 in
2688 3983 2918 4043 Domino
2956 3999 3105 4058 spem
3157 3983 3324 4058 ﬁgere
3364 3999 3501 4059 gau-

3108 4065 3112 4068 ‘
3244 4076 3437 4150 locus.”

1907 4169 2151 4242 Denique
2176 4179 2370 4226 cuncta
2408 4185 2539 4226 cave
2569 4169 2715 4242 vigili
2742 4169 3055 4241 peccamina
3080 4178 3279 4225 mente.

1906 4261 2109 4317 Christi
2132 4260 2284 4330 jussa
2318 4270 2488 4328 tenes,
2524 4260 2641 4331 ejus
2668 4260 2858 4317 solatia
2883 4275 3085 4332 qumre.
3290 4246 3295 4251 ‘

1907 4351 1998 4408 Ille
2026 4352 2133 4408 cito
2157 4352 2383 4423 aspiciet
2407 4352 2605 4422 placito
2632 4352 2733 4408 sibi
2764 4360 3005 4422 tempore
3033 4366 3261 4415 versus,

1907 4444 2037 4500 Post
2066 4444 2242 4499 noctis
2274 4443 2527 4499 tenebras
2553 4442 2797 4498 florentia
2830 4443 3032 4497 lmnina
3064 4458 3315 4499 cernens.

1906 4533 2035 4589 Post
2056 4534 2254 4589 hiemis
2283 4531 2533 4601 glaciem,
2567 4534 2750 4587 Borea:
2765 4540 2885 4602 post
2909 4531 3078 4602 frigus
3112 4533 3387 4599 abactum,

1905 4627 2086 4681 Aurea
2114 4641 2281 4681 verna
2314 4625 2409 4679 tibi
2434 4626 2649 4687 cedent,
2684 4624 3019 4692 spirantibus
3043 4624 3273 4688 austris;

1908 4717 2045 4772 Tum
2078 4715 2285 4787 pressis
2312 4714 2415 4769 sub
2443 4729 2630 4768 amore
2654 4713 2745 4767 Dei
2773 4714 3056 4781 praesentia
3084 4714 3332 4780 praebens

1905 4807 2288 4877 Nexorumque
2314 4804 2500 4859 levans
2525 4803 2788 4859 solamine
2819 4802 3032 4856 vincula
3063 4802 3276 4864 blando,

1907 4901 2129 4955 Siderea
2158 4898 2393 4969 accipies
2412 4907 2467 4951 et
2502 4896 2609 4951 line
2633 4894 2872 4949 carentia
2901 4893 3064 4948 dona.
3096 4912 3116 4945 ι

1910 4993 2077 5062 Erigit
2114 4991 2198 5046 his
2223 4990 2465 5045 animum
2491 4988 2720 5059 caligine
2746 4986 2928 5041 clausa
2956 4987 3175 5056 virago,

1833 5114 1879 5172 υ
1907 5086 2110 5139 Lumen
2140 5092 2199 5138 ut
2223 5082 2446 5138 interius
2475 5088 2742 5152 nequeant
2764 5077 2980 5133 fnscare
3010 5073 3274 5136 tenebrae;

1910 5178 2123 5202 II‘..-IE....
2152 5184 2201 5200 ιι.
2232 5174 2391 5200 ...κΙΙΑο
2417 5172 2681 5200 νι-ΑΑΑΙΙΙΟΞΑ
2734 5169 2927 5200 ηαηιιηί
2961 5182 3131 5200 tanturn“
