3888 5330
453 315 523 371 3.3
1118 313 1512 377 FLODOARDI
1548 322 1868 381 CANONICI
1908 323 2253 403 REMENSIS
2293 278 2658 384 OPUSCULA
2688 323 3017 381 METRICA.
3122 278 3129 311 1
3573 324 3668 380 725

406 429 543 486 Esto
569 445 777 489 memor
804 432 998 501 nostri,
1026 438 1269 496 tenebris
1295 438 1536 497 animam
1565 422 1935 514 egredientem
1995 501 1998 505 ,
2033 447 2081 505 Λ
2109 441 2203 498 ille
2233 441 2413 499 ferens
2433 443 2608 499 sacris
2634 442 2814 498 divina
2838 441 3121 498 sororibus
3150 454 3275 497 orsa

406 521 530 593 Ipse
571 531 630 578 ιιι
653 526 913 596 suscipiat
934 527 1113 599 patior
1140 536 1240 600 pro
1262 531 1419 601 cujus
1442 549 1631 589 amore

408 612 585 684 Hujus
613 630 752 671 anus
788 617 915 674 inici
955 619 1111 674 nobis
1137 637 1259 692 qua:
1296 624 1531 694 coeperis
1554 639 1670 680 ore.

405 704 499 761 llle
528 708 628 762 sub
650 709 762 764 bzec
793 727 807 764 :
839 728 856 762 ι
886 709 1086 767 Lucem
1109 729 1324 786 semper
1351 717 1665 788 progredior
1689 718 1895 775 umbris

408 796 639 853 Constat
665 809 721 855 et
740 812 944 871 :egroto
970 800 1180 859 licitum
1209 820 1528 877 exspectare
1554 809 1812 877 salutem;

408 884 590 943 Vitam
622 897 743 959 post
774 902 1005 948 mortem
1031 910 1044 946 :
1071 894 1150 949 sic
1188 911 1295 951 uno
1319 896 1427 952 fine
1456 896 1715 954 fatiscunt

408 980 605 1038 Omnia
631 984 887 1040 mundani
910 986 996 1041 vel
1018 986 1138 1044 laeta
1166 989 1252 1044 vel
1280 1005 1472 1061 aspera
1498 1008 1718 1058 cursus,

409 1072 530 1141 Quo
552 1075 622 1131 sit
649 1090 774 1147 spes
798 1078 1010 1134 maestis
1036 1081 1282 1152 desitque
1302 1084 1552 1154 superbia
1578 1086 1732 1142 lanis.

412 1164 699 1219 Velilicant
731 1182 837 1221 uno
865 1179 1066 1226 nostrte
1087 1180 1255 1227 vectae
1284 1186 1500 1244 aequore
1525 1177 1757 1247 cytnbaa,

412 1254 641 1328 Remige
668 1257 748 1314 sic
775 1274 884 1315 uno
908 1263 1120 1318 cunctis
1146 1265 1311 1320 corda
1344 1254 1466 1321 acta
1496 1267 1766 1323 feruntur.

412 1348 515 1406 Hic
541 1351 694 1406 firma
724 1369 876 1411 nene
900 1356 1149 1426 quzedam
1175 1374 1433 1430 compage
1466 1361 1670 1416 carinae

413 1441 652 1500 Turbine
677 1445 901 1516 pulsata:
929 1461 1186 1520 superant
1208 1453 1345 1508 vada
1375 1453 1585 1509 concita
1615 1454 1794 1524 pomi;

411 1534 699 1594 Nonnullis
723 1539 957 1596 trabium
979 1542 1119 1598 male
1139 1542 1329 1614 capula
1348 1543 1537 1613 juncta
1565 1544 1802 1616 phaselis

412 1627 733 1700 Tranquillo
755 1632 1052 1688 admissqu
1086 1635 1242 1691 rimis
1276 1636 1656 1707 paritaequore
1681 1644 1928 1707 pontum,

411 1719 480 1777 Et
508 1721 617 1777 cito
648 1721 966 1794 dispereunt
995 1726 1256 1782 trieantes
1283 1742 1525 1797 quaerere
1560 1739 1797 1798 portum.

409 1815 514 1869 Ast
541 1814 743 1872 animis
766 1826 849 1883 tu,
886 1832 1055 1873 verna
1087 1820 1181 1875 Dei
1211 1821 1394 1876 crucis
1424 1820 1547 1877 inde
1574 1828 1804 1891 tropaea,

411 1904 625 1973 Aptans
654 1913 705 1961 te
735 1904 991 1973 Domino,
1026 1924 1135 1977 quo
1159 1919 1444 1980 postquam
1474 1920 1597 1966 vota
1625 1911 1835 1967 subibis

413 1993 667 2067 Martyrii
694 1998 965 2054 scandens
988 2000 1183 2069 palma
1213 2018 1337 2057 cum
1369 2001 1606 2058 culmine
1647 2001 1715 2056 ad
1743 2003 1971 2073 ipsum.»

417 2082 532 2139 Nec
569 2101 720 2141 mora
749 2086 960 2156 legatus
987 2090 1291 2160 peregrinis
1312 2090 1532 2147 Publius
1557 2092 1672 2148 oris

416 2172 596 2241 Elliat,
625 2184 681 2230 et
702 2177 974 2247 egelidum
1008 2189 1297 2236 revocatur
1317 2195 1515 2251 corpus
1543 2181 1596 2235 in
1629 2180 1816 2237 urbem

415 2262 698 2335 Conjugis.
734 2265 849 2322 lloc
877 2267 996 2322 viso
1025 2270 1278 2325 custodes
1301 2268 1484 2324 limina
1511 2269 1761 2340 linquunt

416 2352 860 2427 Dill‘ugiuntque;
885 2358 1114 2427 probum
1140 2367 1254 2413 tuta
1277 2359 1562 2414 Anastasio
1588 2370 1765 2415 Vulem

415 2442 927 2517 Expetit'enarrans
957 2447 1331 2522 Iacrymasque
1351 2462 1406 2507 et
1432 2453 1626 2524 gaudia
1660 2452 1893 2508 miscens

417 2537 558 2606 Quid
585 2537 819 2606 factum,
838 2540 926 2611 pia
958 2541 1283 2612 contigerint
1313 2543 1535 2598 oracula
1561 2559 1843 2614 quorsum.

417 2631 616 2688 Libera
644 2633 725 2688 sic
745 2633 940 2689 vinclis
965 2634 1269 2690 vinctorum
1298 2635 1512 2690 servula
1547 2636 1751 2693 Christi

418 2724 607 2781 Enitet
635 2740 926 2782 asservans
954 2728 1250 2797 ergastula,
1279 2737 1400 2784 vota
1426 2729 1765 2785 ministrans.

419 2815 642 2872 Arbiter
670 2817 724 2872 in
761 2826 978 2874 sanctos
1003 2818 1162 2889 hujus
1192 2827 1299 2874 tam
1330 2819 1500 2890 pestis
1525 2819 1734 2887 acerbae

422 2906 698 2965 Mactabat
727 2918 895 2966 testes
920 2910 1173 2980 aquilinze
1205 2912 1259 2965 in
1288 2912 1535 2982 partibus
1560 2912 1714 2982 agni;

420 3001 535 3059 Nec
570 3003 708 3059 satis
729 2999 824 3058 est
851 3003 998 3059 lanio
1020 3012 1350 3074 praesentum
1387 3004 1650 3075 sanguine
1680 3004 1846 3076 tingi,

423 3094 705 3151 Romanos
726 3111 885 3151 enses
919 3095 1087 3151 latum
1111 3096 1239 3165 quin
1266 3096 1474 3166 spargit
1500 3095 1553 3150 in
1584 3095 1802 3162 orbem;

424 3188 752 3245 Carceribus
779 3196 960 3243 servat
980 3204 1117 3259 quos
1150 3187 1470 3259 praefectura
1502 3204 1597 3257 per
1623 3188 1813 3243 urbem

423 3280 557 3337 Diro
581 3281 799 3335 mandat
828 3281 910 3351 agi
938 3280 1151 3351 gladio;
1189 3280 1291 3335 sibi
1323 3279 1526 3334 mittier
1554 3279 1759 3333 almum

433 3371 888 3442 Chrysogonum;
929 3372 1181 3442 sequitur
1202 3379 1329 3425 voto
1362 3369 1544 3441 gravis
1572 3385 1679 3426 aere
1710 3369 1983 3435 ministra,

426 3464 713 3537 Largaque
740 3463 1004 3519 devinctis
1028 3462 1192 3519 etiam
1214 3463 1304 3518 hic
1333 3461 1597 3518 solamina
1622 3462 1845 3532 praebet.

425 3542 675 3630 Denique
705 3559 1092 3631 Chrysogonus
1114 3552 1415 3629 grassantis
1446 3557 1498 3612 in
1527 3572 1621 3612 ora
1640 3556 1900 3612 draconis

424 3651 746 3717 Perductus,
775 3650 975 3720 petitur
1006 3647 1233 3719 laqueis,
1254 3647 1602 3717 quatiturque
1627 3645 1882 3702 secundis

426 3743 719 3809 Suadetur,
750 3742 839 3797 vel
869 3740 1174 3813 praefectus,
1203 3738 1290 3796 vel
1316 3739 1504 3795 consul
1532 3740 1723 3795 adoret

426 3835 659 3892 Numina
686 3833 1054 3900 Romulidum,
1088 3847 1192 3888 neu
1225 3841 1447 3902 spernat
1466 3846 1623 3886 sacra
1652 3838 1962 3901 parentum.

434 3947 455 3982 ι
495 3928 672 3985 Unum
697 3920 798 3998 (ait
832 3926 943 3999 ille)
974 3923 1143 3980 Deum
1166 3931 1484 3979 vcneratmn
1518 3922 1718 3977 mentis
1740 3921 1928 3986 adoro,

426 4022 606 4078 Corde
630 4021 754 4077 colo
778 4018 998 4088 suplici,
1029 4016 1260 4073 sinceris
1282 4030 1581 4085 prosequor
1608 4013 1765 4069 actis.

433 4113 756 4169 Vestrorum
779 4108 1069 4165 simulacra
1090 4107 1251 4161 deum
1273 4123 1394 4177 quin
1420 4122 1555 4161 vana
1584 4106 1887 4175 probantur

431 4192 630 4273 Utpote
653 4199 981 4255 daemonicas
1008 4205 1364 4253 contemnens
1397 4210 1624 4250 exsecro
1654 4196 1859 4249 thecas.

431 4292 658 4348 Faminc
687 4306 795 4361 quo
821 4289 1062 4360 pandens
1087 4286 1252 4342 animi
1285 4285 1646 4355 insuperabile
1671 4287 1854 4351 robur,

435 4383 717 4440 Terminat
742 4379 1036 4450 egregiam,
1067 4377 1323 4432 desectus
1344 4376 1508 4440 colla,
1536 4374 1860 4444 palrstram.

434 4475 677 4531 Membra
707 4471 990 4529 salutifero
1020 4467 1231 4540 populis
1253 4483 1320 4522 ne
1343 4466 1467 4536 jure
1503 4466 1769 4532 niterent,

434 4566 632 4622 Livore
659 4562 928 4635 mqttoreis
955 4562 1202 4618 demersa
1233 4564 1485 4612 lavantur
1515 4557 1566 4613 in
1593 4558 1772 4614 undis.

436 4661 509 4712 At
545 4673 650 4712 non
675 4655 858 4710 ncrcio
894 4659 1220 4724 przesumpta
1247 4658 1505 4706 vorantur
1532 4650 1679 4706 hiatu
1778 4638 1781 4639 ν

437 4756 556 4808 Non
584 4736 649 4807 ad
673 4760 886 4823 portum
916 4750 1108 4812 hostis,
1140 4747 1222 4802 vel
1254 4746 1521 4815 inhospita
1553 4745 1753 4811 littora,
1778 4746 1896 4803 ficta
1930 4804 1946 4813 μ

440 4845 766 4898 Sanctarum
797 4841 863 4895 ad
895 4841 1065 4895 saltus
1093 4840 1315 4915 veniunt
1340 4842 1512 4912 legata
1544 4854 1815 4902 sororum,

440 4932 682 5002 Cynuise,
725 4929 995 4999 llyrenes,
1028 4930 1370 5000 Agapesque,
1400 4947 1566 4986 senex
1591 4928 1679 4984 ubi
1705 4929 1888 4996 justus

442 5022 717 5078 Catuleret
737 5020 852 5076 haec
878 5019 1062 5075 Zoilus
1090 5030 1244 5075 casto
1274 5023 1539 5077 servanda
1567 5021 1753 5095 cubili.

442 5112 709 5174 Panditur
741 5110 865 5165 inde
898 5110 1012 5164 seni
1042 5126 1144 5181 qua
1175 5111 1428 5191 sit'caput
1451 5126 1668 5191 aequore
1691 5120 1927 5179 vectum,

448 5202 840 5264 lnventumnue
870 5204 1014 5260 velut
1045 5188 1264 5260 sectum
1285 5219 1408 5259 mox
1450 5188 1596 5259 caede
1632 5203 1836 5258 recenti

2107 533 2213 588 Ter
2232 534 2442 589 decimo
2472 534 2782 605 explicitum
2815 535 2969 589 testis
2998 542 3121 604 post
3152 533 3266 588 sole
3298 530 3614 604 triumphum

2105 626 2261 681 Celsa
2291 627 2392 683 sibi
2424 628 2638 684 scandit
2662 626 2959 698 penetralia
2986 638 3226 698 martyre
3252 637 3432 697 parta,
3480 680 3483 683 .

2106 715 2357 787 Pignoris
2395 718 2594 797 eximia
2618 717 2745 797 lecti.
2777 717 3031 772 mercede
3060 727 3301 787 recepta.

2107 806 2243 863 Hinc
2266 809 2317 863 in
2346 794 2635 880 praedictas
2662 794 2945 879 grassante
2976 807 3184 863 latrone
3211 822 3451 871 sorores,

2108 899 2179 956 Ut
2204 902 2305 958 sibi
2330 902 2436 958 fert
2460 900 2695 971 jussum,
2725 917 2831 958 non
2871 901 3076 967 deserit
3096 901 3239 956 alma
3266 901 3513 955 ministra

2107 991 2340 1048 Carcere
2368 993 2617 1049 detrusas
2649 992 2937 1048 Anastasia
2967 991 3200 1057 sodales,

2105 1079 2425 1150 lmpendens
2457 1081 2729 1152 geminum
2757 1079 2974 1151 pietatis
3003 1094 3229 1135 munere
3254 1079 3477 1135 victum.

2106 1170 2219 1225 Nec
2240 1171 2417 1227 minus
2440 1171 2688 1243 indignos
2713 1172 2983 1241 rebusque
3010 1169 3235 1240 foroque
3263 1168 3523 1241 repulsos,

2108 1258 2338 1316 Nomine
2367 1252 2617 1331 sydereo,
2650 1259 2858 1332 gremio
2884 1259 3166 1332 genitricis
3189 1259 3411 1329 adoptat
3435 1275 3448 1311 :

2108 1350 2299 1407 Omnia
2327 1348 2558 1406 sollicite
2587 1334 2808 1417 curans,
2837 1351 3166 1422 patrimonia
3188 1352 3327 1407 coelo

2109 1429 2355 1498 Condere
2384 1443 2698 1512 deposcens,
2724 1442 2868 1497 votis
2897 1458 3174 1513 operaque
3200 1441 3478 1506 laborans,

2110 1533 2187 1588 Ne
2208 1524 2312 1604 qua
2342 1532 2514 1588 latere
2535 1534 2677 1588 sinat
2700 1533 2862 1589 terris
2889 1549 3009 1604 quae
3031 1541 3255 1589 voverat
3281 1532 3475 1597 astris;

2110 1617 2497 1680 Grassatorem'
2518 1626 2717 1681 etenim
2749 1626 2993 1696 sequitur
3014 1626 3104 1696 qui
3127 1637 3310 1697 strage
3346 1625 3548 1695 piorum

2110 1715 2281 1770 Ardet
2305 1715 2503 1785 ubique
2534 1714 2637 1772 loci
2661 1705 2842 1771 vastas
2866 1714 3144 1772 effundere
3174 1716 3354 1772 caedes

2039 1787 2084 1848 Β
2111 1808 2190 1865 Ac
2217 1809 2365 1864 velut
2396 1810 2815 1881 haudquaquam
2842 1810 3017 1865 valeat
3048 1810 3291 1880 reperire
3329 1810 3592 1865 necandos

2113 1901 2229 1970 Qua
2270 1903 2474 1973 pergit;
2516 1903 2739 1958 ductare
2769 1901 2950 1958 studet
2978 1904 3080 1958 sub
3111 1902 3287 1957 vincla
3320 1912 3581 1973 repertos,

2113 1994 2260 2061 Quos
2291 1994 2434 2051 inter
2455 1994 2734 2050 Macedum
2762 1997 2933 2051 dictas
2954 1996 3197 2066 perducit
3220 1994 3288 2050 ad
3312 1995 3473 2050 urbes

2114 2083 2416 2140 Germanas
2443 2084 2589 2139 nullo
2612 2085 2810 2141 sudore
2839 2085 3046 2141 abtrice
3075 2074 3379 2157 dirempta,
3488 2090 3492 2093 ‘

2116 2176 2247 2245 Qum
2277 2176 2422 2232 celso
2452 2185 2675 2247 superat
2700 2178 2864 2234 corde
2901 2193 3158 2249 scruposa
3184 2179 3395 2232 viarum

2116 2262 2398 2334 Quamque
2431 2280 2698 2345 supernus
2725 2283 2879 2322 amor
2904 2281 3004 2339 per
3027 2267 3184 2335 dura,
3215 2282 3312 2338 per
3336 2265 3499 2321 ardua
3526 2266 3639 2322 tollit

2116 2352 2412 2410 Pbarsalire
2446 2372 2698 2427 quaerens
2735 2368 2891 2428 aptos
2924 2357 2993 2412 ad
3016 2357 3134 2412 dira
3165 2358 3476 2422 ministros;

2118 2445 2265 2503 Trux
2304 2447 2388 2503 leo
2417 2449 2670 2505 victrices
2702 2450 2847 2520 rapit
2875 2450 2981 2506 huc
3003 2451 3068 2505 ad
3091 2466 3229 2506 saeva
3258 2464 3494 2516 sorores,

2118 2537 2264 2605 Quas
2285 2538 2370 2610 pia
2402 2539 2628 2623 solatrix
2654 2556 2810 2597 acres
2832 2558 2938 2598 non
2970 2542 3115 2597 inter
3149 2557 3353 2614 agones

2120 2633 2348 2700 Deserit,
2380 2634 2523 2691 haud
2564 2645 2771 2692 mactas
2798 2646 2922 2708 post
2942 2637 3089 2693 clara
3124 2648 3327 2709 tr0paza
3370 2636 3634 2706 relinquit;

2121 2725 2323 2797 llisque
2348 2736 2675 2783 aeternorum
2701 2728 2890 2785 festiva
2921 2731 3120 2801 palatia
3154 2731 3333 2786 nactis

2121 2818 2451 2890 Regnorum,
2476 2821 2652 2875 meriti
2682 2821 2869 2878 thecas
2890 2821 3034 2877 cultu
3062 2831 3220 2878 ornat
3248 2822 3489 2878 honoris.

2121 2907 2290 2979 Hujus
2310 2903 2408 2980 per
2430 2910 2626 2966 multos
2657 2912 2869 2982 superis
2892 2911 3065 2983 legata
3097 2912 3341 2982 supellex

2121 2996 2256 3054 Dum
2289 2999 2452 3071 pollet
2482 3000 2644 3057 celsis
2660 3000 2770 3070 jam
2795 3002 3207 3073 centuplicanda
3244 3002 3459 3058 talentis

2122 3089 2178 3144 In
2222 3091 2384 3146 terris
2408 3108 2607 3163 augere
2626 3092 2848 3161 bonum,
2881 3094 3102 3165 pietatis
3141 3103 3357 3149 amator

2122 3179 2238 3236 Non
2269 3183 2446 3236 renuit
2471 3178 2682 3253 gemina
2712 3183 2851 3239 hanc
2886 3194 3151 3255 praestans
3182 3183 3417 3238 retinere
3443 3180 3645 3241 lucerna,

2121 3272 2257 3327 Dum
2298 3272 2453 3342 parili
2488 3271 2667 3343 jungit
2693 3270 3029 3329 Theodotem
3062 3272 3183 3328 luce
3223 3272 3524 3327 micantem.

2121 3361 2380 3418 Hostibus
2405 3362 2518 3417 base
2545 3363 2760 3419 addicta
2787 3378 2954 3434 sagax
2981 3363 3214 3419 evadere
3236 3372 3392 3418 curat

2122 3452 2403 3519 Mundani,
2443 3453 2582 3508 saltu
2608 3464 2755 3509 astra
2779 3464 2990 3524 petens,
3034 3454 3379 3525 laqueamina
3409 3451 3546 3516 retis,

2123 3543 2440 3615 Zelantique
2467 3560 2632 3615 proco
2663 3545 2767 3600 sibi
2789 3544 2970 3600 debita
3003 3545 3203 3616 praedia
3235 3544 3498 3611 linquens,

2123 3636 2367 3694 Nectitur
2388 3637 2637 3693 arthcrete
2662 3626 2841 3693 studio
2875 3628 3177 3694 exercenda
3204 3636 3472 3707 magistra:

2122 3731 2385 3799 Quaelibet
2404 3738 2528 3801 apta
2555 3729 2672 3787 foro
2699 3731 2916 3793 discens
2948 3727 3262 3800 impendere
3298 3726 3455 3781 creto.

2124 3826 2253 3882 llaec
2271 3826 2448 3881 omnis
2476 3840 2605 3881 cura
2624 3823 2906 3887 ambabus,
2938 3823 3053 3877 haec
3079 3821 3193 3878 sola
3222 3817 3439 3888 cupido,

2124 3914 2325 3972 Matres
2355 3925 2413 3970 ut
2440 3916 2661 3985 genitis,
2694 3912 2889 3969 solatia
2917 3910 3154 3983 pendere
3176 3910 3401 3971 sanctis,

2125 4004 2437 4063 Subsidium
2462 4005 2604 4060 ferre
2628 4002 2884 4074 indignis,
2922 4002 3054 4057 dare
3086 4001 3281 4055 robora
3308 3999 3466 4061 tritis,

2124 4097 2442 4153 Praesidium
2468 4095 2702 4166 pavidis,
2734 4091 2990 4164 suffragia
3024 4091 3238 4147 tradere
3267 4092 3491 4151 incestis,

2123 4189 2273 4246 Latis
2300 4189 2438 4246 caelo
2467 4189 2684 4259 opibus,
2714 4187 2994 4258 raptisque
3017 4180 3084 4240 ad
3106 4184 3283 4240 sidera
3300 4183 3479 4253 justis.

2125 4281 2395 4350 Quaesitos
2423 4281 2590 4337 solito
2612 4280 2852 4336 lustrans
2871 4277 3143 4351 ergastula
3172 4287 3369 4340 mater,

2126 4374 2262 4428 Dum
2294 4374 2487 4444 probat
2508 4374 2765 4428 emeritos
2798 4370 3090 4426 Anastasia
3116 4369 3398 4440 migrasse,

2053 4475 2098 4533 υ
2128 4464 2199 4520 Se
2233 4463 2490 4534 lacrymis
2522 4463 2818 4518 desolatam
2849 4460 3055 4517 solatur
3077 4459 3294 4515 amicis.

2124 4558 2256 4625 Qua:
2291 4554 2417 4611 fletu
2439 4553 2651 4609 madida
2676 4569 2771 4608 ora
2804 4553 2989 4623 rigans
3027 4567 3182 4607 secus
3205 4559 3363 4606 antra
3393 4556 3587 4618 reperta.

2122 4645 2393 4717 lntrepido
2418 4644 2694 4700 Christum
2721 4644 2843 4699 nisu
2868 4644 2993 4715 quia
3021 4644 3163 4696 fassa
3191 4640 3423 4713 roganti,

2125 4739 2383 4795 Traditur
2410 4737 2609 4809 lllyrici
2642 4736 2844 4807 stipato
2860 4734 2984 4804 jure
3009 4733 3213 4789 forensi

2125 4832 2409 4895 Praefecto,
2444 4831 2757 4899 scitansque
2794 4828 2978 4883 datam
3007 4827 3361 4881 nihilominus
3387 4823 3467 4879 ille

2126 4922 2338 4993 Accipit
2365 4920 2637 4992 egregium
2669 4928 2856 4975 tenero
2879 4920 2978 4975 sub
3010 4928 3230 4989 pectore
3252 4921 3411 4974 robur

2130 5012 2511 5082 Quaarentique
2540 5001 2726 5082 genus,
2757 5004 3088 5081 causamque
3116 5008 3359 5066 interrita
3385 5002 3571 5078 pandit:

2131 5090 2430 5168 Adventus,
2463 5101 2646 5158 Jesum
2677 5118 2844 5172 super
2874 5111 3018 5157 astra
3044 5101 3238 5156 sedere
3263 5096 3501 5171 profatur,

2133 5181 2711 5264 Prteseutemque'solo
2737 5188 2940 5251 sanctis
2965 5192 3231 5248 solamina
3263 5194 3421 5253 ferre;
