3888 5330
114 356 212 415 7'25

705 357 792 414 DE
821 356 1091 415 CHRISTI
1121 355 1492 415 TRIUMPHIS
1532 358 1716 415 APUD
1745 357 2021 415 ITALIAM
2053 361 2226 418 LIBRI
2253 362 2388 420 XIV.
2412 392 2484 407 -
2517 365 2645 421 LIB.
2685 366 2795 434 ~VII.

117 472 335 540 Ilusque
369 467 523 541 sequi
548 469 816 540 cupidam,
851 470 977 525 hinc
1009 479 1062 525 et
1095 480 1282 540 aperto
1323 471 1524 524 lumine
1566 486 1692 540 pauo
1724 477 1771 535 Α
1799 472 2042 529 Bebricia
2072 476 2274 531 interea
2299 475 2600 533 Theodotes
2626 479 2757 535 urbe
2787 479 2981 550 petitor

1495 563 1634 636 [sam

123 657 234 724 Quo
260 665 387 726 post
422 663 668 711 exactum
701 655 916 709 tandem
938 655 1164 723 vestigia
1195 670 1416 710 censum

124 748 234 816 Ipsa
261 746 696 814 triumphantqu
723 746 788 799 ad
813 745 999 810 caelos,
1031 745 1114 799 vel
1151 761 1271 799 sera
1305 753 1598 814 sequatur;

125 839 477 908 Comperiens
501 839 705 891 claram
730 851 930 906 prmses
955 837 1241 908 gentisque
1269 847 1463 908 togata:

129 930 300 998 Stirpe
329 938 528 991 satam,
558 927 669 998 regi
694 927 839 981 ducit
867 927 1183 996 depromere
1205 928 1426 998 dignum

128 1026 194 1081 Se
220 1007 530 1096 prtetextati
570 1023 809 1080 sobolem
847 1039 1068 1078 servare
1098 1023 1421 1094 prehensam

129 1116 461 1172 Christicolas
491 1125 640 1169 tanto
666 1125 827 1169 seetae
857 1115 1146 1169 nodamine
1177 1126 1390 1184 captam

131 1207 352 1262 Nomine
391 1207 494 1261 sub
523 1206 748 1270 Christi,
772 1205 1017 1276 jugulum
1045 1221 1163 1275 qua:
1185 1207 1420 1275 pendere
1448 1206 1619 1261 malit.

133 1299 376 1368 Praecipit
411 1298 500 1352 ille
526 1299 708 1352 datam
734 1297 915 1352 studio
952 1298 1227 1352 servarier
1248 1298 1418 1359 omni,

133 1389 277 1443 Jussa
305 1383 499 1442 tenens
537 1388 665 1458 quid
705 1403 900 1442 censor
937 1396 1081 1457 agat,
1108 1403 1228 1456 qua:
1271 1403 1494 1440 munera
1527 1396 1707 1456 ponat.

133 1481 372 1550 Exquirit
402 1481 694 1550 praefectus
715 1495 867 1550 opes,
901 1479 1225 1548 patrimonia
1269 1479 1471 1548 poscit;

135 1571 418 1640 Accipiens
444 1571 690 1640 impensa
713 1570 855 1640 polo,
898 1569 1149 1625 libamina
1177 1569 1401 1640 profert.

135 1661 322 1715 Probra
347 1662 518 1714 Deum
544 1661 783 1730 capiens,
810 1661 997 1714 insana
1025 1661 1245 1715 oracula
1288 1671 1495 1726 censet,

138 1755 439 1808 Dementem
474 1752 698 1806 demens
727 1751 948 1816 vocitat,
982 1753 1173 1822 probat
1201 1751 1288 1806 illa
1314 1752 1619 1816 socordem,

139 1844 535 1913 lnvalidumque
570 1845 754 1898 animo
783 1845 923 1898 veris
950 1858 1235 1899 secernere
1261 1845 1416 1900 falsa.

142 1937 372 2004 Quaestor
403 1937 548 1992 dicta
580 1936 749 1992 refert
771 1938 905 2009 regi,
929 1937 1058 1991 furit
1086 1938 1175 1992 ille
1199 1939 1483 2007 requirens

141 2029 290 2084 Milite
315 2045 423 2100 quo
451 2029 614 2085 lixam
650 2040 888 2100 superet,
914 2032 1068 2100 queis
1092 2032 1314 2086 dimicet
1354 2032 1544 2096 armis,

144 2121 461 2175 Sacricolam
487 2123 747 2176 eximium
772 2123 994 2192 capiens
1033 2138 1202 2177 uxore
1223 2133 1530 2186 vacantem,

144 2207 315 2264 Tradit
335 2210 465 2265 huic
492 2210 576 2264 vel
599 2211 958 2278 subdendam,
985 2211 1244 2281 fanoque,
1279 2213 1568 2283 tlzoroque,

143 2299 227 2354 Vel
253 2301 294 2354 si
322 2301 605 2363 restiterit,
639 2302 990 2376 subigendam
1021 2304 1254 2357 tormine
1293 2302 1458 2358 letho.

145 2391 223 2446 Ille
242 2393 414 2446 datam
448 2393 690 2464 gaudens
718 2395 869 2449 varia
915 2395 967 2448 in
1000 2395 1298 2466 penetralia
1327 2396 1497 2462 ducit,

146 2483 412 2539 Dissimilis
446 2486 660 2540 diversa
695 2501 921 2541 monens
951 2486 1266 2542 discrimina
1298 2487 1421 2542 belli
1448 2502 1462 2541 :

148 2573 267 2628 Iliuc
290 2572 549 2645 gladium,
583 2577 710 2631 hinc
729 2591 945 2643 aurum,
975 2591 1217 2649 gemmas
1248 2576 1393 2644 hinc,
1421 2578 1544 2633 inde
1567 2587 1712 2633 cata-

1479 2671 1638 2742 [stas;

151 2754 372 2813 Mollibus
399 2750 532 2816 hinc
567 2763 720 2818 cunis
752 2765 960 2835 arg’enti
989 2773 1158 2820 strata
1188 2766 1455 2837 refulgent
1481 2785 1495 2833 ;

151 2844 342 2913 Ignibus
369 2850 498 2905 inde
528 2849 656 2906 feris
677 2851 808 2907 ferri
835 2863 952 2908 usta
983 2857 1206 2926 grabata
1233 2858 1513 2925 renident;

152 2936 260 2992 lude
285 2955 420 3009 penu
448 2943 678 3011 dapibus
708 2944 870 2999 nimia
905 2946 1043 3016 stipe
1075 2947 1184 3001 dite
1215 2948 1509 3015 refertum;

153 3027 264 3084 Inde
296 3047 459 3100 specu
498 3035 736 3088 tenebris
763 3037 1022 3104 testisque
1055 3037 1322 3092 horrescit
1349 3039 1540 3094 aeuus.

154 3121 266 3184 Qua:
289 3137 475 3176 verum
502 3124 671 3178 lutum
706 3125 861 3179 fortis
892 3136 1086 3182 testata
1119 3129 1320 3200 virago,

155 3209 361 3266 Cernere
386 3229 445 3268 se
475 3215 720 3269 cumulos
741 3218 1024 3286 opulentos
1055 3229 1294 3274 stercora
1325 3230 1531 3286 censet,

155 3299 326 3357 Ferrea
358 3305 534 3359 vincla
567 3307 672 3376 poli
710 3309 947 3377 pretiosa
987 3311 1203 3365 monilia
1232 3313 1398 3366 ducit.

158 3390 237 3447 Ille
259 3405 446 3465 putans
475 3399 652 3468 spatio
680 3415 710 3453 a
738 3400 890 3455 caelis
915 3402 982 3456 ad
1015 3411 1186 3458 terrea
1217 3403 1388 3469 volvi,

158 3481 268 3537 Fert
289 3487 521 3540 triduum
547 3489 728 3543 invitae
743 3489 854 3559 jam
876 3491 1096 3560 jamque
1120 3506 1350 3562 superna
1383 3493 1605 3558 tenenti,

160 3573 452 3648 Allegatque
481 3579 667 3633 decem
694 3596 852 3649 sagas
874 3591 1181 3650 pervertere
1210 3583 1394 3648 corda,

162 3661 459 3722 lndomitam
503 3671 651 3725 visco
675 3671 949 3741 laqueisve
981 3673 1148 3743 ligare
1176 3673 1500 3728 columbam.

163 3753 293 3813 llanc
327 3761 428 3816 illae
453 3763 623 3816 variis
650 3773 922 3818 attentant
953 3765 1196 3819 retibus:
1234 3781 1446 3830 aurum,

162 3847 398 3906 Ardentes
413 3870 664 3924 gemmas,
696 3855 988 3925 Parthique
1015 3855 1263 3911 feriuntur
1291 3857 1504 3911 odores.

163 3937 241 3992 illa
271 3944 384 4010 polo
407 3945 585 3998 defixa
613 3947 817 4013 oculos,
845 3948 1093 4018 elataque
1125 3948 1355 4018 palmas,

165 4027 268 4086 Stat
291 4035 538 4102 precibus
574 4037 806 4103 hmrens,
844 4054 942 4093 nec
969 4040 1128 4094 corda
1156 4055 1253 4093 nec
1287 4055 1380 4093 ora
1413 4038 1714 4105 reflectens,

165 4116 262 4175 Non
287 4137 466 4180 escam
495 4141 810 4183 somnumve
853 4139 1058 4198 petens,
1103 4142 1335 4183 sensuve
1363 4129 1712 4198 pigresccns;

166 4210 428 4270 Cornicum
464 4227 522 4272 ut
545 4233 707 4272 voces
735 4219 911 4288 aquila
940 4228 1227 4290 spernente
1256 4218 1546 4283 fatiscunt;

166 4300 243 4357 Sic
268 4304 364 4360 fusi
396 4323 612 4372 suasus,
651 4308 871 4363 immota
907 4310 1008 4363 hac
1039 4318 1241 4372 stante,
1275 4308 1581 4363 labascunt.

166 4392 363 4450 Cessum
393 4398 484 4452 ubi
516 4408 639 4468 post
669 4401 900 4469 spatium
929 4399 1218 4454 muliebria
1245 4399 1350 4454 tela
1385 4398 1548 4454 relisa

170 4483 422 4556 Improbus
450 4491 710 4547 insistens
735 4492 940 4546 athleta
974 4491 1215 4546 libidinis
1239 4493 1408 4557 audit,

168 4572 449 4649 lrrumpens
473 4599 628 4638 sacra
650 4583 761 4651 jam
793 4583 1030 4652 penetral
1061 4599 1158 4654 per
1187 4593 1308 4637 vota
1335 4584 1570 4637 dicatum
1590 4623 1604 4648 ,

176 4663 354 4724 Nititur
386 4673 667 4743 amplexus
695 4673 903 4728 cmlcsti
935 4672 1134 4729 inferre
1160 4672 1373 4744 puellae.

176 4755 324 4824 Quem
350 4765 526 4820 subito
553 4765 779 4835 cingens
809 4767 1048 4820 tenebris
1076 4766 1290 4820 aorasia
1322 4763 1509 4817 vallat.

172 4847 318 4918 Gyrat
343 4855 498 4911 inane
524 4856 736 4922 domus,
794 4858 994 4912 Christi
1023 4859 1332 4926 contingere
1356 4870 1566 4911 servata

174 4935 444 5012 lnvalidus;
476 4949 671 5004 surdos
695 4964 867 5004 vacuo
896 4958 1056 5004 vocat
1079 4966 1205 5015 acre
1233 4951 1416 5018 divos;

179 5029 322 5096 Queis
352 5041 566 5095 laudent
596 5041 798 5108 elusus,
833 5044 1109 5113 pestisque
1136 5047 1317 5113 rigore
1347 5054 1588 5110 coactus,

177 5122 407 5186 Astantes
430 5131 636 5188 foribus
658 5134 899 5189 clamans
923 5135 1048 5200 ciet,
1079 5138 1274 5206 hisque
1303 5146 1568 5207 receptus,

184 5212 294 5232 {the
319 5218 348 5232 ι.

1810 562 2141 630 Adveniens,
2174 567 2366 635 opibus
2385 566 2546 636 justze
2573 569 2887 638 perfunctus
2918 570 3120 640 inique,

1808 654 1960 712 llanc
1987 658 2089 712 sibi
2119 660 2365 714 connecti
2397 661 2574 716 studio
2604 661 2864 732 ﬂagrabat
2892 663 3050 718 inerti

1809 749 2053 818 Dumque
2081 750 2196 806 dies
2229 768 2369 808 vano
2402 754 2656 809 insistens
2687 756 2812 810 terit
2839 756 3040 826 impete
3072 757 3273 826 plures,

1809 839 2017 893 Invenit
2044 839 2182 896 hanc
2208 843 2411 912 pariter
2442 858 2562 913 qua!
2594 844 2812 900 roboret
2841 860 2936 901 ore
2962 831 3222 910 sodalem,

1811 929 1984 996 Quam
2015 929 2164 987 ferus
2193 935 2468 1003 abripiens
2495 936 2703 991 censori
2731 937 2931 992 addicit
2957 939 3148 1004 atroci,

1811 1021 2145 1094 Primatique
2167 1041 2276 1080 sua:
2300 1026 2631 1084 Theodotem
2663 1030 2901 1084 destinat
2928 1031 3115 1086 urbis._

1812 1113 1903 1168 llle
1929 1115 2070 1183 piam
2095 1116 2283 1172 sceleri
2309 1119 2487 1174 nitens
2510 1121 2861 1178 substernere
2893 1131 3033 1176 tetro

1813 1203 1947 1258 Dum
1977 1206 2173 1275 probat
2195 1208 2540 1279 intrepidam,
2564 1220 2750 1265 natum
2777 1211 2876 1266 sub
2899 1212 3132 1266 tormina
3157 1213 3384 1283 primum

1815 1293 2057 1349 Destinat
2089 1296 2368 1363 Evodium,
2401 1301 2553 1369 pueri
2581 1302 2842 1369 praecelsa.
2865 1302 3074 1372 profata

1816 1383 2124 1455 lndignaus,
2157 1387 2340 1458 flagris
2369 1397 2423 1442 et
2447 1392 2636 1444 matris
2664 1391 2716 1445 in
2745 1407 2841 1446 ora
2875 1393 3112 1456 lacessit,

1817 1475 2030 1530 Robora
2063 1478 2147 1532 cui
2175 1478 2406 1548 genitrix
2442 1480 2684 1535 cumulat
2718 1496 2969 1555 sermone
2997 1481 3140 1536 virili

1817 1564 2146 1621 Verberibus
2175 1576 2379 1623 testans
2402 1569 2488 1624 his
2507 1570 2698 1639 gaudia
2735 1585 2949 1625 sumere
2975 1571 3198 1625 Christi.

1815 1659 2034 1714 Arbiter
2063 1660 2259 1731 impuri
2284 1662 2377 1717 dat
2398 1664 2718 1719 scortatoris
2746 1664 3028 1718 honestam

1818 1749 2082 1806 Sordibus
2106 1753 2310 1820 addici,
2341 1754 2572 1825 posthac
2601 1754 2977 1810 meretricibus
3010 1752 3153 1808 addi.

1739 1833 1786 1892 B
1814 1841 2024 1896 lncesto
2052 1851 2258 1898 castam
2288 1846 2408 1900 nisu
2433 1852 2734 1900 temerante
2763 1845 2969 1915 petenti

1736 3174 1784 3234 C

1815 1931 2046 1988 Naribus
2077 1936 2361 1990 exundans
2386 1935 2564 1992 valido
2586 1935 2704 1991 ﬂuit
2729 1936 2928 2006 impete
2952 1935 3194 2005 sanguis,

1815 2023 2096 2094 Improbus
2125 2034 2180 2079 et
2210 2025 2680 2097 clamatjuvenem
2722 2025 2929 2096 fulgore
2956 2025 3217 2080 nitentem

1814 2121 2029 2174 Aurata:
2051 2118 2218 2174 vestis
2240 2117 2502 2173 solamina
2531 2118 2728 2174 dedere
2753 2119 2934 2185 matri,
2991 2178 2995 2181 ,

1815 2209 1982 2279 Cujus
2005 2218 2198 2282 agente
2219 2211 2403 2265 datum
2435 2224 2618 2281 pugno
2644 2209 2746 2265 sibi
2776 2210 2997 2266 naribus
3029 2211 3218 2265 ictum.

1814 2301 2067 2373 Praecipit
2095 2303 2187 2358 hic
2213 2317 2408 2358 censor
2431 2312 2639 2358 vastum
2667 2303 2985 2358 succendier
3015 2303 3214 2374 ignem.

1816 2394 1882 2448 Et
1909 2394 2048 2448 trina
2079 2410 2200 2449 cum
2232 2395 2385 2465 prole
2415 2409 2546 2462 rogo
2572 2394 2874 2465 demergier
2901 2394 3117 2449 almam.

1816 2484 1946 2550 Quae
1974 2493 2154 2555 grates
2180 2484 2408 2540 Domino
2435 2483 2693 2550 referens,
2725 2484 2997 2540 benedicit
3015 2492 3236 2542 ovanter

1814 2576 2216 2645 Omnipotentis
2247 2576 2363 2630 heri
2389 2590 2609 2639 nomen,
2636 2574 2924 2630 clementia
2953 2576 3126 2646 cujus.

1814 2665 2049 2736 Pignore
2072 2681 2130 2720 se
2159 2665 2380 2736 proprio
2408 2681 2510 2721 nec
2532 2665 2694 2720 saeclo
2722 2673 2938 2736 separat
2961 2665 3106 2730 isto,

1817 2757 1925 2813 Nec
1952 2759 2152 2828 patitur
2172 2757 2374 2812 Christi
2402 2756 2671 2812 confessio
2693 2765 2878 2812 sancta
2909 2755 3120 2822 revelli,

1816 2852 1922 2906 Sed
1949 2867 2048 2906 nec
2075 2849 2318 2921 martyrii
2350 2850 2545 2904 sinitur
2574 2850 2672 2905 sub
2692 2863 2863 2920 agone
2891 2849 3143 2918 relinqui.

1813 2944 2013 3000 Caelica
2040 2959 2161 2998 cum
2194 2943 2336 2997 natis
2364 2942 2577 2996 scandit
2603 2941 2682 2998 sic
2708 2943 2906 3012 prazvia
2937 2939 3165 3006 victrix;

1726 3111 1736 3121 .
1813 3035 2312 3108 lllyricipraefeetus
2333 3035 2488 3089 hians
2509 3033 2728 3103 opplere
2753 3048 3040 3088 crumenas

1819 3127 2056 3191 Munere,
2086 3135 2381 3195 proventus
2406 3133 2669 3180 matronae
2692 3125 3004 3189 obsederat,
3032 3123 3236 3180 abdens

1817 3215 2134 3271 Romuleam
2165 3215 2415 3270 claustris
2440 3223 2666 3268 matrem
2695 3214 2919 3269 custode
2952 3213 3224 3282 frequenti

1817 3309 2131 3379 Obseptam,
2167 3315 2487 3376 tentansque
2510 3307 2749 3359 animum
2777 3306 2878 3359 sub
2902 3314 3140 3375 pectore,
3170 3317 3331 3358 sexus

1816 3396 2044 3463 Infirmi,
2075 3395 2334 3461 validum,
2357 3394 2549 3451 suadet
2576 3401 2841 3465 praecepta
2868 3393 3115 3464 magistri

1817 3491 2063 3560 Expleat,
2092 3498 2146 3546 et
2175 3489 2318 3544 facili
2345 3503 2540 3545 census
2571 3489 2673 3544 sibi
2699 3489 2823 3544 dote
2853 3489 3099 3544 remittat

1819 3580 2171 3635 Temnentem
2201 3593 2446 3635 temnens
2477 3579 2719 3634 imitetur
2746 3595 2968 3634 munera
2994 3578 3290 3645 Chriswm,

1817 3674 1908 3728 Illa
1944 3683 2122 3728 terens
2150 3673 2302 3726 firma
2321 3672 2551 3726 calentia
2578 3671 2782 3741 spicula
2807 3686 2995 3740 parma
3030 3685 3044 3723 :

1825 3781 1843 3815 ι
1885 3762 2108 3817 Vertere
2136 3777 2220 3816 me
2243 3761 2492 3815 mandata
2519 3761 2676 3830 jubes
2706 3775 2828 3828 quae
2853 3759 3104 3814 Christus
3131 3759 3336 3828 egenis.

1819 3851 2092 3922 Praecipit,
2124 3852 2238 3922 ipse
2262 3851 2355 3906 tibi
2388 3851 2628 3921 locuples
2649 3851 2951 3922 impendier
2977 3866 3160 3915 orans,

1822 3944 1955 3997 Dum
1985 3959 2159 4013 neque
2186 3951 2238 3997 te
2264 3959 2445 3998 mensa
2478 3943 2697 4013 dignum
2724 3943 3022 3998 decreverit
3048 3953 3258 4007 auctor,

1820 4035 2152 4104 Pauperibus
2191 4036 2314 4106 poni
2345 4050 2506 4106 quam
2527 4034 2691 4103 jussit
2721 4051 2906 4091 amore
2931 4035 3185 4106 benigno.
3247 4083 3252 4087 .

1823 4126 2044 4182 Munera
2102 4127 2232 4199 quin
2286 4127 2330 4181 si
2381 4133 2567 4182 nostra
2622 4124 2842 4194 juvant,
2878 4127 3020 4198 quod
3071 4140 3228 4197 egere
3281 4139 3405 4194 pro-

2459 4223 2488 4277 κ
3163 4215 3335 4289 [baris

1823 4310 2088 4381 Accipito,
2126 4319 2180 4367 et
2206 4310 2375 4382 largis
2403 4311 2524 4366 fidei
2550 4312 2755 4367 ditesce
2781 4309 3016 4365 talentis.

1826 4403 2067 4472 Dumque
2097 4402 2305 4458 alterna
2331 4413 2536 4468 serunt,
2563 4416 2757 4458 censor
2779 4401 3006 4457 rationis
3031 4401 3211 4471 opimo

1747 4515 1798 4575 ι)
1827 4492 2090 4547 Deﬁeiens
2115 4493 2287 4547 antris
2313 4493 2593 4548 victricem
2621 4491 2822 4546 claudit
2848 4492 3032 4560 opacis

1831 4581 2262 4652 lmpuguansque
2290 4583 2450 4636 minis
2478 4596 2672 4650 panem
2693 4582 2783 4636 vix
2811 4595 2932 4636 sero
2959 4581 3257 4634 ministrat.

1830 4673 1898 4726 At
1920 4673 2179 4727 Dominus
2200 4673 2420 4726 charam
2447 4672 2498 4725 in
2523 4670 2876 4725 tenebrisnon
2895 4669 3086 4737 linquit
3114 4669 3413 4732 alumnam,

1832 4762 1968 4817 IIuic
1998 4761 2286 4816 redhibens
2315 4760 2568 4814 comitem
2598 4759 2798 4813 dudum
2838 4760 3081 4814 coelestia
3114 4767 3330 4813 nactam
3361 4773 3377 4826 ;

1833 4853 1942 4910 Nec
1969 4854 2171 4924 patitur
2200 4851 2431 4906 desolari
2459 4851 2722 4906 solamine
2764 4851 2928 4917 dulci,

1832 4944 2090 4999 Noctibus
2109 4929 2310 5012 insigni
2341 4940 2674 4998 Theodotem
2704 4942 2907 4997 lumine
2935 4942 3174 4997 cinctam

1833 5033 2062 5088 Sedibus
2081 5048 2110 5086 a
2140 5031 2351 5102 superis
2393 5032 2462 5087 ad
2484 5046 2624 5087 cteca
2658 5032 2854 5088 cubilia
2882 5031 3091 5103 legans,

1832 5124 1930 5179 Cui
1961 5123 2215 5178 socianda
2237 5121 2380 5192 polo,
2415 5133 2474 5178 ut
2500 5133 2690 5177 sancto
2712 5123 2814 5178 sibi
2843 5123 3095 5177 vinxerat
3125 5133 3282 5187 actu,
