3888 5330
511 361 607 420 731
1224 364 1646 425 .FLODOABDI
1688 362 2010 422 CANONlCl
2047 363 2397 422 REMENSIS
2435 365 2800 424 OPUSCUIA
2841 365 3197 424 METIKICAK
3659 367 3743 425 iii

505 480 631 536 inde
653 494 839 539 senem
875 478 1224 537 Saturninum
1249 480 1532 538 Sisennius
1553 480 1726 535 antris

503 572 673 639 "mpit
702 562 904 624 habere
934 586 1143 643 parem,
1166 571 1322 640 cujus
1346 570 1614 625 relevatur
1634 583 1842 633 amore,

500 652 680 728 Nuper
702 668 827 715 eum
858 664 995 720 duro
1026 662 1212 719 solans
1233 671 1291 717 ut
1310 660 1456 716 fasce
1481 661 1717 716 levabat.

504 756 706 828 Sicque
730 757 840 814 dati
865 756 1035 827 septis
1054 755 1207 827 plura
1236 754 1517 810 obsidione
1550 753 1809 823 gehennzc

504 850 731 921 Agmina
760 848 1041 904 solvebant
1066 856 1405 917 quarrentum
1436 862 1660 902 munera
1692 844 1853 910 lucis,

506 941 766 1010 Dogntate
802 950 1093 1012 purgantes
1122 941 1379 1006 tenebris,
1407 948 1463 995 et
1486 938 1634 995 fonte
1663 922 1968 1004 sacrantes,

504 1031 684 1102 Atque
713 1030 786 1086 ita
808 1031 1200 1102 quinquaginta
1226 1032 1360 1086 duos
1379 1031 1542 1086 datur
1568 1029 1767 1085 abdere
1787 1029 1949 1085 soles.

506 1121 644 1176 llinc
676 1123 835 1178 nudis
855 1123 961 1177 acti
992 1123 1240 1193 pedibus,
1271 1122 1548 1193 vinctique
1572 1123 1802 1188 catenis,

507 1207 756 1265 Prmfecti
787 1210 840 1265 in
869 1210 1048 1265 vultus
1076 1211 1341 1266 sistuntur
1369 1222 1423 1266 et
1446 1223 1571 1267 ante
1594 1210 1826 1265 tribunal
1860 1227 1875 1275 ;

508 1298 674 1355 IErea
703 1298 945 1355 defertur
970 1300 1161 1370 tripos,
1193 1309 1355 1370 atque
1385 1300 1541 1356 litare
1565 1299 1847 1369 juheutur.

511 1388 648 1446 Tum
677 1391 1002 1447 Saturninus
1026 1411 1038 1446 :
1067 1411 1086 1443 ι
1118 1392 1425 1448 Sceleralos
1446 1401 1643 1447 atterat
1661 1390 1879 1461 (inquit)
1976 1462 1983 1469 .

509 1480 611 1536 llic
640 1480 897 1537 Dominus
923 1482 1103 1538 divos!
1146 1502 1164 1533 ι
1207 1482 1470 1553 tripodem
1504 1498 1610 1553 qua
1637 1497 1768 1536 voce
1800 1478 2041 1541 resolvit,

509 1573 716 1642 lmpetu
747 1581 805 1625 ut
830 1582 949 1627 acta
981 1573 1215 1643 procella
1250 1572 1444 1638 lutum,
1486 1574 1669 1629 tremit
1703 1571 1811 1626 alta
1844 1570 2064 1627 satelles

509 1659 636 1715 Jura
669 1665 953 1731 potestatis
975 1662 1250 1718 Christum
1276 1664 1673 1733 Dominamque
1698 1662 1996 1732 Deumque,

507 1750 724 1821 Papias,
756 1749 1079 1821 Maurusque
1109 1752 1283 1817 cient;
1327 1767 1450 1806 mox
1473 1768 1566 1807 ora
1594 1752 1739 1807 relisi

509 1841 788 1897 Grandine
814 1842 1089 1908 vulniﬁco,
1123 1842 1414 1897 traduntur
1435 1837 1672 1899 carceris
1701 1850 1882 1909 antro,

509 1934 853 2005 Distentique
875 1935 1043 1990 duces
1078 1935 1282 2000 nervis,
1299 1936 1561 2006 pensique
1588 1945 1798 1993 catasta

512 2025 801 2081 Velluntur
825 2025 1030 2097 ﬂagris,
1055 2035 1334 2082 torrentur
1367 2028 1420 2083 in
1441 2029 1646 2084 aethere
1673 2026 1927 2083 ﬂammis.

514 2118 758 2188 Dumque
783 2118 963 2173 ferunt
982 2130 1162 2190 grates
1184 2135 1284 2176 nec
1311 2131 1532 2178 cessant
1551 2122 1714 2176 edere
1738 2120 1942 2186 laudes,

515 2205 754 2275 Dcpositi
785 2207 981 2263 cadum
1017 2224 1154 2265 cmsa
1178 2212 1391 2266 cervice
1422 2220 1723 2266 merentur.

514 2298 650 2354 Cum
676 2297 886 2356 Joanne
919 2300 1032 2357 solo
1060 2302 1260 2359 claudit
1286 2305 1371 2375 pia
1404 2304 1628 2375 pignora
1658 2303 1851 2369 Traso,

517 2390 769 2446 Marcello
788 2393 1134 2450 confcssores
1164 2394 1402 2466 tingente
1419 2396 1601 2466 piatos

514 2480 729 2538 Jndicio
756 2483 1044 2553 praefectus
1066 2487 1195 2556 agit,
1227 2501 1364 2556 quos
1394 2487 1515 2541 diva
1546 2486 1782 2541 fatentes

519 2573 718 2639 Munia,
748 2591 901 2631 sacra
933 2575 1232 2632 refutantes
1259 2563 1705 2649 gentiliaﬁterni

519 2664 857 2734 Rurejubet,
890 2667 1137 2738 ignisque
1165 2668 1290 2722 terit
1315 2668 1448 2722 nihil
1471 2684 1567 2723 ore
1606 2677 1861 2725 sonantes

521 2755 739 2811 Munera
770 2757 825 2812 ni
855 2756 1088 2827 Christi;
1123 2759 1392 2830 lignorum
1421 2761 1614 2815 robore
1644 2760 1793 2826 trito,

519 2848 776 2904 Plutnbca
800 2847 1102 2919 plumbeus,
1134 2851 1374 2906 annectit
1396 2866 1503 2922 quo
1529 2852 1769 2921 pondere
1794 2849 1983 2921 agonis

522 2937 767 2993 Pondcra
797 2949 1071 3009 ponentur
1102 2959 1114 2995 :
1149 2940 1411 2996 caelorum
1443 2943 1509 2996 ad
1534 2942 1772 2997 culmina
1804 2951 2063 3012 surgunt;

521 3028 761 3100 Corpora
784 3030 1024 3087 Joannes
1048 3032 1356 3088 venerando
1386 3034 1671 3105 presbyter
1699 3041 1823 3088 actu

523 3117 626 3173 Dat
655 3119 797 3177 Petri
824 3121 890 3175 ad
925 3122 1187 3192 nymphas
1218 3122 1306 3176 ubi
1331 3124 1521 3177 coalica
1553 3123 1691 3176 dona
1714 3121 1942 3177 ferebat.

525 3206 732 3264 Interea
755 3219 1002 3265 sanctum
1030 3213 1270 3267 custodia
1296 3213 1455 3283 longa
1486 3213 1795 3267 ministrum

526 3300 789 3370 Cingebat
815 3302 972 3358 fessis
992 3304 1279 3376 Cyriacum
1313 3306 1508 3359 robora
1536 3306 1777 3369 dantem,

526 3389 815 3460 Oppressis
837 3392 1110 3459 columen,
1138 3395 1307 3462 septis
1327 3393 1557 3463 caligine
1584 3394 1784 3448 lumen.

528 3483 799 3555 Principis
816 3493 872 3539 at
891 3485 1021 3540 stevi
1045 3487 1258 3543 soboles
1282 3487 1621 3552 Diocletiani,

534 3576 778 3631 Flamtne
807 3593 1005 3634 vesano
1033 3576 1248 3634 fervens
1282 3579 1523 3633 Artemia
1556 3580 1675 3635 diro

530 3666 840 3724 Perottlerat
873 3681 1081 3740 patrem
1113 3669 1391 3725 furibundi
1420 3672 1639 3735 vulnere
1663 3671 1877 3737 cordis;

530 3757 647 3827 Ipse
670 3757 939 3814 fatebatur
956 3760 1164 3814 daemon
1190 3760 1292 3816 nisi
1326 3776 1457 3816 voce
1486 3761 1729 3832 jubentis

531 3850 648 3906 Non
676 3866 734 3905 se
758 3866 1103 3922 egressurum
1133 3851 1366 3923 Cyriaci.
1399 3851 1630 3907 Mittitur
1660 3862 1822 3923 atque

532 3942 770 4000 Nexibus
796 3953 1078 4015 exemptus
1108 3945 1371 4000 thalamos
1395 3956 1682 4017 penetrare
1713 3953 1955 4015 rogatur.

532 4033 757 4090 Laetam
790 4036 1064 4107 ingressus
1088 4037 1205 4103 init,
1229 4052 1349 4091 cum
1385 4046 1522 4091 tetro
1553 4037 1778 4092 dimicat
1799 4036 1978 4101 hoste,

535 4124 799 4194 lluncque
822 4127 1580 4197 reclamantem,multamque
1602 4127 1786 4182 labore
1803 4126 2118 4189 minantem,

533 4215 778 4272 Pectoris
804 4217 976 4274 invasi
999 4222 1324 4289 propulsum
1350 4219 1593 4273 eliminat
1619 4219 1825 4283 antris;

535 4307 647 4364 Nec
668 4323 893 4364 vacuum
927 4311 1132 4379 patitur
1163 4326 1260 4365 vas
1283 4310 1412 4365 inde
1437 4320 1621 4380 patere
1652 4311 1871 4377 latroni,

538 4397 765 4469 Gurgite
792 4401 921 4469 quin
946 4415 1161 4455 sacrum
1191 4415 1350 4454 sensu
1394 4402 1628 4456 renitcre
1662 4400 1804 4456 lidcli

540 4491 793 4559 Praestat,
825 4503 874 4547 et
902 4494 1151 4549 aetherem
1178 4493 1540 4549 decorandum
1571 4494 1804 4549 destinat
1827 4494 1983 4550 aula).

540 4582 781 4640 Solvitur
809 4585 892 4641 his
918 4587 1077 4653 actis,
1108 4586 1331 4644 libertas
1356 4603 1578 4643 munere
1610 4588 1803 4642 fertur.

540 4677 652 4733 Nec
680 4693 829 4734 mora
860 4677 1018 4749 longa
1049 4678 1329 4734 orientalis
1358 4679 1555 4750 legatio
1588 4681 1754 4751 regis,

540 4768 671 4825 Post
689 4768 880 4840 longos
909 4770 1074 4826 maris
1095 4786 1360 4839 emersos,
1398 4781 1666 4843 terraeque
1700 4780 1911 4828 meatus

544 4858 853 4916 Romanam
879 4863 1060 4918 sedem
1096 4862 1250 4932 petit,
1282 4862 1605 4933 imperiique
1631 4877 1914 4929 cacumen,

542 4952 661 5007 Non
685 4952 805 5007 belli
832 4962 1037 5008 terrore
1062 4968 1287 5024 pavens,
1317 4968 1421 5007 non
1448 4954 1625 5025 indiga
1657 4954 1826 5025 pacis,

548 5041 663 5092 Non
692 5052 870 5092 naclo.
896 5053 1122 5092 augusta
1152 5059 1258 5092 non
1290 5046 1572 5092 maiestate
1599 5055 1806 5092 “tanta.

2127 484 2177 543 Α
2205 481 2445 555 Augusto
2472 484 2709 539 monitus
2729 483 3041 553 panduntur
3060 490 3116 535 at
3145 481 3260 549 ipse
3282 478 3517 550 iugalem

2190 575 2484 632 Barbarieo
2510 589 2608 644 pro
2629 580 2886 643 suggestu
2925 571 3019 625 dat
3049 571 3198 626 abire
3222 571 3471 638 petitum.

2190 664 2404 721 Levites
2434 662 2577 718 haud
2617 663 2801 717 horret
2838 661 2959 725 iter,
3000 660 3142 714 haud
3165 660 3353 714 abnuit
3382 661 3588 715 hostem

2191 755 2497 825 Promptior
2528 764 2580 808 ια
2616 751 2805 823 longos
2829 766 3062 807 oneroso
3092 751 3308 805 tramite
3330 750 3526 807 ductus

2191 848 2271 902 Ac
2290 847 2428 918 petit
2450 847 2645 907 Eoum,
2671 845 2856 915 regina
2891 844 3183 899 adhibente
3210 844 3461 908 veredos,

2193 940 2327 996 Cum
2348 938 2525 1009 Largo
2553 937 2852 995 comitante
2878 935 3074 1000 solum,
3108 935 3365 1003 socioque
3388 933 3690 1005 Smaragdo.

2194 1033 2461 1089 Externas
2489 1032 2701 1087 hostem
2723 1029 2915 1100 procul
2946 1029 3244 1084 insectatus
3274 1028 3328 1081 in
3359 1041 3519 1091 oras;

2197 1122 2304 1179 Sed
2325 1139 2428 1179 nec
2447 1139 2587 1193 equo
2612 1122 2818 1194 patitur
2843 1122 2980 1187 tolli,
3010 1121 3301 1190 rhedisque
3314 1118 3528 1189 juvari;

2198 1214 2338 1282 Quin
2362 1214 2552 1270 baculo
2571 1221 2859 1270 contentus
2887 1212 3022 1279 abit,
3056 1208 3600 1282 superatquejugales
3625 1228 3640 1275 ;

2197 1307 2296 1361 Ast
2320 1306 2409 1361 ubi
2441 1314 2758 1376 perventum
2790 1304 3088 1359 radiantem
3108 1304 3253 1375 regis
3276 1304 3328 1357 in
3357 1302 3561 1368 aulam,

2200 1395 2345 1454 Auro
2374 1396 2664 1468 praeeultus
2693 1396 2953 1451 rutilante
2984 1404 3250 1468 tyrannus
3273 1410 3504 1464 egenum

2202 1486 2502 1544 Stemmate
2528 1496 2844 1543 contentum
2869 1487 2963 1541 vili
2990 1486 3232 1556 deiectus
3260 1485 3472 1549 adorat,

2199 1580 2501 1652 Invitatque
2523 1596 2658 1637 auro
2683 1580 2982 1653 penetralia
3014 1578 3158 1633 fulva
3187 1579 3393 1643 subire,

2202 1674 2333 1743 Quis
2361 1674 2572 1744 captiva
2600 1673 2796 1728 sedens
2817 1671 2988 1726 multo
3016 1686 3123 1725 non
3145 1670 3396 1739 quivcrat
3416 1684 3548 1723 auro

2204 1764 2418 1834 lujcctis
2442 1763 2632 1819 redimi
2660 1761 2877 1827 vinclis,
2902 1761 3053 1816 exire
3078 1760 3308 1815 catenis.

2131 1830 2176 1888 Β
2204 1830 2544 1929 Ingrediente
2575 1853 2857 1916 salutifero
2875 1855 3085 1908 secreta
3114 1851 3366 1906 ministro

2202 1948 2392 2019 Regia,
2421 1955 2705 2016 torquetur
2736 1953 2931 2010 tortor,
2956 1942 3192 1998 vincitur
3221 1943 3466 2007 adactor,

2203 2037 2366 2093 Multa
2391 2051 2614 2109 gemens
2634 2042 2689 2090 et
2713 2034 2877 2089 multa
2910 2046 3165 2104 querens,
3205 2032 3482 2088 dimittere
3508 2030 3699 2085 tandem
3727 2086 3734 2097 ,

2201 2130 2442 2201 Cogitur,
2473 2128 2717 2183 invasam
2744 2135 2898 2182 torvo
2928 2124 3207 2180 molimine
3228 2125 3490 2201 przcdam.

2204 2198 2406 2293 Sicque
2429 2220 2534 2275 fide
2555 2218 2767 2289 replens
2794 2226 3079 2272 vacuatam
3104 2217 3350 2272 dmmone
3366 2198 3609 2269 'mentcm

2205 2314 2444 2369 Membra
2472 2311 2837 2382 triumphator
2864 2308 3070 2364 caelesti
3099 2308 3338 2379 protegit
3363 2308 3526 2361 unda.

2204 2405 2511 2461 Proﬂcuum
2542 2402 2643 2459 soli
2675 2416 2776 2457 nec
2805 2400 2878 2455 ita
2910 2400 3071 2455 datur
3098 2415 3221 2455 esse
3250 2398 3442 2470 puellm
3480 2416 3494 2452 :

2207 2496 2448 2554 Solvitur
2470 2497 2587 2551 haec
2609 2493 2823 2557 vinclis,
2850 2491 3141 2548 manifesto
3164 2499 3421 2559 exempta
3450 2490 3640 2552 furore,

2205 2593 2276 2650 At
2304 2601 2458 2666 pater
2480 2592 2691 2646 interno
2718 2603 2971 2659 carcoque
3000 2586 3257 2656 ligamine
3285 2585 3428 2640 liber

2208 2683 2492 2748 Redditur,
2524 2690 2577 2736 et
2602 2680 2821 2736 Christo
2845 2686 3035 2749 pectus
3072 2678 3217 2732 dicat
3243 2676 3405 2731 hoste
3429 2677 3640 2744 piatum.

2208 2772 2319 2830 Nec
2344 2773 2492 2828 solus
2517 2788 2611 2827 rex
2634 2786 2790 2826 saera
2814 2769 2982 2832 subit,
3011 2768 3341 2825 comitantur
3363 2768 3544 2833 amici,

2135 2907 2139 2910 μ
2208 2865 2300 2920 Bis
2322 2864 2445 2920 deni
2474 2872 2528 2918 et
2555 2860 2935 2934 quadringenti
2961 2859 3289 2929 baptismate
3315 2857 3471 2912 culti.

2211 2956 2431 3012 Munera
2461 2953 2774 3026 sceptrigeri
2798 2966 3002 3024 pauper
3021 2952 3341 3021 contingere
3374 2950 3583 3015 temnit,

2212 3048 2437 3103 Prtemia
2462 3061 2656 3117 magna
2693 3045 2850 3099 tidem
2876 3044 3101 3107 ducens,
3130 3058 3269 3112 pauc
3295 3057 3427 3097 usus
3450 3050 3505 3097 et
3530 3041 3675 3094 unda.

2137 3175 2183 3235 Ο
2212 3138 2451 3195 Clorilici
2490 3136 2671 3193 Persis
2696 3136 2961 3207 Cyriacus
2990 3135 3197 3235 honore
3228 3132 3486 3235 triumphi

2216 3230 2477 3285 Sublimis
2506 3235 2734 3291 remeat,
2764 3226 2909 3297 capit
2933 3225 3130 3297 inclyta
3158 3223 3332 3279 Roma
3365 3223 3657 3277 ministrum

2217 3321 2530 3392 Egregium;
2557 3318 2722 3389 pudet
2741 3318 2868 3372 huic
2893 3316 3094 3372 bellum
3127 3315 3380 3372 conferre
3407 3324 3656 3385 tyranno;

2216 3412 2356 3467 Pace
2388 3409 2490 3466 frui
2521 3409 2731 3475 annuit,
2767 3409 2969 3463 invitus
3000 3406 3115 3462 fera
3147 3407 3393 3462 continet
3416 3422 3590 3469 arma,

2219 3505 2372 3559 llunc
2403 3512 2582 3557 tamen
2615 3500 2666 3554 in
2698 3500 2895 3564 solum,
2929 3499 3072 3570 quod
3101 3499 3149 3554 ei
3186 3498 3288 3554 sub
3317 3511 3543 3552 munere
3563 3500 3758 3565 prestat.

2220 3600 2287 3651 At
2315 3596 2479 3650 dilata
2507 3594 2677 3665 patris
2698 3591 2914 3663 genitus
2937 3590 3186 3661 supplere
3206 3587 3455 3654 calescit,

2221 3687 2394 3756 Atque
2423 3685 2596 3738 vicem
2625 3683 2793 3753 patris
2815 3690 3051 3742 exercet,
3082 3695 3377 3749 veramque
3405 3687 3625 3747 paterna

2222 3772 2291 3827 Se
2313 3771 2516 3841 prolem
2540 3769 2752 3824 feritate
2784 3768 3005 3839 probat;
3038 3766 3168 3820 furit
3195 3766 3392 3837 impius
3418 3765 3587 3819 haeres

2221 3863 2276 3918 ln
2309 3861 2525 3931 pietatis
2554 3867 2856 3924 amatores;
2887 3859 3081 3928 punire
3105 3857 3388 3928 benignos,

2226 3954 2568 4022 Dcvotosque
2600 3948 2856 4021 flagrans,
2884 3948 3171 4025 Cyriacum
3198 3947 3435 4018 tegmine
3466 3946 3652 4000 nudum

2223 4045 2583 4117 Opprobrium
2611 4041 2836 4114 reliquis
2862 4041 3061 4097 cultam
3092 4039 3385 4111 procedere
3409 4038 3621 4093 rhedam

2225 4138 2489 4210 Prtecepit
2516 4138 2836 4193 obstrictum
2853 4128 3141 4206 gravibus,
3167 4143 3489 4203 septumque
3514 4128 3718 4186 catenis:

2226 4230 2407 4285 Mitior
2432 4231 2638 4286 erravit
2658 4229 2703 4283 si
2730 4228 2859 4298 quid
2890 4236 3065 4297 pater,
3101 4225 3202 4280 iste
3231 4223 3383 4294 piare

2225 4324 2538 4388 Contendit,
2563 4320 2899 4391 famulosque
2922 4320 3012 4375 Dei
3036 4319 3138 4375 sub
3161 4333 3333 4387 agone
3360 4317 3593 4372 lacessit.

2226 4416 2465 4485 Carpere
2490 4414 2747 4485 Carpasio
2770 4411 3056 4484 Cyriacum
3081 4410 3305 4464 verbere
3330 4409 3515 4462 tradit.

2150 4519 2204 4578 Ῑ)
2231 4511 2322 4566 llle
2350 4509 2537 4565 furens
2562 4508 2728 4563 vincti
2759 4508 2878 4577 pice
2906 4505 3124 4560 verticis
3159 4504 3268 4558 alta
3297 4505 3516 4574 nigrare

2231 4601 2512 4658 Perfundit
2550 4600 2786 4655 candens
2812 4598 2951 4669 picei
2975 4606 3138 4668 caput
3164 4596 3286 4668 igne
3308 4595 3535 4665 liquoris
3559 4610 3572 4659 ;

2229 4694 2336 4749 Iste
2362 4692 2543 4748 ferens
2571 4700 2778 4762 grates,
2817 4688 2976 4744 ollert
3006 4689 3276 4760 praeconia
3304 4686 3510 4742 Christi

2231 4783 2608 4854 Congaudens,
2641 4795 2867 4850 seseque
2889 4780 2999 4835 Deo
3025 4782 3161 4834 dant
3186 4779 3326 4834 dona
3351 4776 3578 4834 sodales.

2232 4874 2648 4932 Crescentianus
2670 4887 2809 4927 unus
2835 4872 3025 4926 horum
3051 4870 3258 4926 tollitur

2231 4965 2389 5021 Altus
2413 4973 2643 5025 catasta,
2668 4961 2865 5017 crescit
2886 4971 3048 5030 atque
3073 4961 3330 5032 lormine,

2238 5056 2555 5092 'I‘oncucnnn
2586 5054 2769 5092 ποι-νὴ
2803 5052 2943 5092 [ricta
2973 5052 3165 5092 nrolwn
3187 5052 3414 5092 ρωΛίΙηι·
