3888 5330
122 337 239 395 733
713 337 801 392 DE
831 329 1102 392 CHRISTI
1135 335 1512 392 TRIUMPHIS
1532 335 1719 392 APUD
1743 337 2021 394 ITALIAM
2052 336 2230 392 LlBRl
2261 335 2400 392 XIV.
2432 369 2499 378 -—
2541 337 2668 393 LIB.
2715 335 2846 393 Vill.
3310 333 3407 389 ῗῖι

122 458 313 513 Solius
335 455 546 514 Domini
578 458 823 527 sequitur
846 455 1098 511 libamina
1129 454 1329 510 Christi
1349 473 1361 484 ο
1743 459 1792 517 Α
1821 454 1935 521 Quo
1963 461 2262 524 comperto,
2289 453 2460 508 hostis
2487 453 2762 510 stimulata
2788 460 2967 507 mente
2989 459 3270 517 retractat,

125 553 410 607 Atti-actus
432 552 615 607 nervis
640 566 919 620 cursusque
951 549 1240 604 libramine
1271 549 1438 604 tensis
1456 592 1474 614 ,
1825 545 1964 614 Quid
1994 561 2168 615 pmna:
2189 554 2416 609 statuat,
2435 547 2558 600 dum
2591 543 2801 614 publica
2827 544 2965 598 bella
2988 553 3232 608 renutat;

120 645 406 699 Laudibus
433 655 486 698 et
516 642 767 713 precibus
799 658 981 710 regem
1013 642 1279 711 persultat
1307 641 1501 706 Iesum,
1824 638 2053 710 Deputat
2098 652 2227 709 ergo
2275 637 2494 693 domum
2536 638 2830 702 stabulum,
2875 645 3195 706 patremque
3248 637 3408 691 ruini-

117 736 560 805 Carnilicemque
583 735 684 788 viri
713 741 934 804 supcrat
964 733 1221 801 patientia
1248 731 1362 786 fixi.
3143 728 3338 800 [struat

118 825 215 881 ille
242 827 445 897 pudore
465 842 687 897 gemens
709 835 962 896 properat
993 839 1220 878 narrare
1245 832 1497 895 tyranno,
1817 817 2089 875 Jumentis
2119 817 2316 884 adicit;
2350 833 2522 889 prono
2558 835 2662 889 qua
2694 822 2859 876 corde
2886 823 3163 883 subactus.

118 917 541 996 Etoprzeccptori
571 917 779 971 devicta
811 914 1088 970 renuntiat
1119 929 1306 978 arma;
1815 908 1860 963 A
1891 908 2116 962 Domino
2143 907 2274 963 illati
2309 910 2611 964 medicatur
2632 911 2858 967 vulnera
2894 912 3026 974 Iresi,

118 1010 221 1075 Qui
242 1007 526 1062 furibunda
556 1007 794 1061 fremens
815 1021 1005 1060 omnes
1025 1022 1163 1076 quos
1176 1005 1414 1060 claustra
1442 1013 1714 1060 retentant
1817 998 2191 1070 Τειηροτείιηο
2219 1000 2304 1054 hic
2339 1000 2498 1064 Ιοηεξο
2533 1003 2748 1071 gemino
2778 1008 2907 1057 dum
2941 1003 3131 1072 pabula
3161 1006 3264 1059 rillt

115 1100 255 1156 Cum
287 1100 510 1172 Cyriaco
538 1102 653 1155 ensi
675 1098 919 1170 jugulum
952 1101 1260 1170 dependere
1284 1099 1535 1164 mandat;

1816 1089 2090 1161 Suggerit,
2120 1107 2183 1146 ac
2224 1091 2389 1146 biﬁdo
2412 1093 2626 1146 diversa
2658 1094 2914 1148 animalia
2945 1094 3087 1148 victu

115 1193 297 1261 Atque
323 1194 393 1246 ηε,
424 1193 508 1248 bis
534 1193 656 1248 deni
685 1192 891 1247 clarum
920 1207 1084 1261 super
1119 1201 1263 1246 astra
1290 1190 1602 1245 miniguum
1812 1178 2084 1242 Perfovet,
2111 1181 2372 1235 emeritus
2394 1182 2630 1251 paradisi
2659 1183 2709 1236 in
2742 1193 2890 1253 septa
2916 1183 3148 1237 levatur.

118 1279 409 1338 secum",
437 1292 621 1348 testes,
647 1298 803 1337 τρεεο
826 1280 1032 1352 fulgore
1058 1283 1312 1336 ηίιεηιεε,
1810 1268 2106 1326 Finetenus
2129 1271 2265 1326 duro
2291 1281 2468 1326 tectus
2490 1274 2729 1328 membra
2769 1275 2969 1346 inclyta
3000 1291 3159 1329 sacco

115 1368 348 1441 Pignora
375 1369 613 1426 Joannes
641 1372 824 1426 senior
847 1372 1005 1440 rapit,
1030 1371 1177 1425 abdit
1201 1371 1477 1440 humoque
1810 1359 1978 1418 Nocte
2007 1365 2094 1419 die
2126 1365 2377 1434 precibus
2402 1366 2648 1438 divisque
2679 1370 2903 1424 vacabat
2943 1378 3001 1426 ut
3037 1371 3285 1442 hymnis;

117 1460 376 1530 Deponit;
403 1460 688 1516 Marcellus
714 1461 933 1528 abhinc,
963 1461 1257 1516 comitante
1282 1451 1442 1515 beata
1805 1452 2042 1509 Joannes
2064 1465 2216 1511 artus
2235 1472 2390 1511 sacer
2417 1467 2471 1512 et
2502 1458 2702 1513 Lucina
2734 1462 3033 1517 recondunt

117 1553 339 1621 Lucina,
360 1555 557 1610 celebri
593 1571 817 1610 comens
842 1556 1078 1626 disponit
1103 1555 1306 1609 honore
1332 1569 1346 1607 :
1806 1543 1978 1601 Ᾱῖάεε
1999 1547 2259 1618 Carpasio
2285 1549 2498 1620 Cyriaci
2531 1568 2754 1607 munere
2781 1555 2922 1608 cedit

117 1648 349 1720 Suscipit
370 1652 482 1705 haec
508 1651 670 1706 etiam
688 1653 864 1707 socios
887 1652 1119 1722 Largum
1139 1661 1301 1722 atque
1319 1650 1652 1722 Smaragdun

1807 1636 2064 1702 Saevitize,
2099 1640 2373 1711 ingressus
2401 1641 2604 1696 fontem
2637 1659 2796 1713 quem
2832 1659 2964 1714 papa
2991 1655 3237 1701 sacrarat

116 1740 265 1805 Quos
295 1741 525 1796 dominae
553 1742 773 1812 capiunt
796 1741 1008 1797 Juliana
1039 1753 1091 1797 et
1121 1741 1325 1797 Menica
1359 1742 1515 1796 busto
1543 1761 1554 1795 :

1463 1750 1515 1796 to
1543 1761 1554 1795 :
1736 1805 1778 1812 _
1804 1729 2037 1786 Obsceni
2062 1732 2188 1786 luxu
2222 1735 2455 1789 maculat
2488 1736 2741 1790 sordente
2764 1737 2995 1804 lavacri;

116 1833 320 1889 Fratris
348 1845 474 1891 tunc
499 1836 663 1891 etiam
689 1835 914 1891 affectus
945 1837 1224 1892 Arthemia
1259 1835 1448 1898 sensit,

1752 1806 1784 1866 Β
1813 1821 1927 1890 Qua
1953 1824 2079 1876 dum
2112 1825 2326 1879 seenica
2353 1842 2475 1880 cum
2507 1828 2686 1897 pravis
2713 1838 2765 1882 et
2792 1827 2932 1883 fmda
2956 1829 3287 1900 frequentat.

115 1926 362 1984 German;
391 1927 594 1984 framea
615 1930 836 2000 capiens
859 1930 1103 1985 cmleslia
1135 1945 1322 2000 regum
1812 1912 2130 1969 Tartareum
2160 1917 2322 1970 subiti
2356 1926 2510 1972 torvo
2540 1919 2668 1973 letbi
2702 1921 2917 1988 agmine
2938 1933 3146 1992 raptus,

115 2019 181 2072 Αι
208 2018 403 2074 Lucina
433 2019 726 2076 ίκουιιπιρε
753 2038 816 2077 ex
851 2037 973 2077 asse
1002 2023 1278 2078 ministrat
1806 2001 2421 2076 Complicibusjunctis.
2449 2010 2725 2064 descendit
2751 2012 2817 2065 ad
2846 2029 3014 2094 usque
3047 2015 3394 2084 profundum.

116 2109 376 2173 Ecclesia.
410 2113 687 2184 "minque
709 2116 951 2181 domum,
977 2132 1083 2186 qua
1118 2117 1222 2171 me
1259 2125 1476 2172 sacrata
1806 2095 1899 2150 Sic
1925 2097 2009 2166 pia
2045 2097 2226 2152 clausa
2258 2099 2451 2154 domus
2481 2101 2634 2165 diris,
2665 2103 2916 2158 intranda
2948 2105 3215 2177 benignis,

116 2198 252 2272 Lege
278 2202 399 2259 licet
427 2204 588 2276 ple“
611 2207 864 2277 mysteria
890 2223 1025 2276 papa
1055 2205 1388 2278 frequentat,
1806 2186 2097 2245 Terrorem
2129 2191 2286 2245 saevis
2315 2191 2558 2260 adhibet,
2598 2193 2862 2249 solamina
2890 2195 3074 2265 justis.

1581 2341 1809 2398 CAPUT
1848 2341 1912 2396 ll.

1285 2454 1363 2510 De
1392 2467 1573 2511 sancta
1602 2455 1805 2510 Lucina
1833 2464 1880 2510 et
1909 2456 2065 2510 sociis
2096 2455 2233 2525 ejus.
2426 2521 2432 2526 _

116 2560 422 2617 Sanctorum
446 2562 628 2633 plures
647 2563 853 2620 Lucina
877 2565 1034 2621 beata
1062 2565 1300 2631 fovebat,
1800 2568 1900 2622 Ast
1932 2568 2146 2622 inhians
2171 2568 2393 2639 quidam
2425 2570 2760 2625 contermina
2806 2587 2929 2626 rura
2963 2572 3173 2642 piorum

114 2654 204 2708 Cui
229 2655 418 2726 conjux
443 2655 726 2720 Pinianus,
752 2671 884 2726 opes
918 2667 973 2711 ct
1016 2658 1216 2728 praedia
1243 2657 1512 2728 linquens,
1797 2659 2041 2714 Subdere
2072 2660 2266 2715 vicinis
2284 2662 2624 2731 pr0priisque
2647 2672 2938 2719 annectere
2969 2663 3172 2729 fundis,

117 2745 177 2799 Ut
205 2745 469 2801 Sisinnius
496 2762 560 2800 ac
587 2748 792 2817 pariter
816 2747 1209 2811 Diocletianus,
1792 2748 1873 2802 Ad
1906 2749 2017 2804 fera
2051 2749 2172 2804 fana
2205 2749 2504 2807 Beatriccm
2535 2752 2819 2808 Lucretius
2851 2763 3025 2821 urget.

114 2834 364 2893 Grandine
392 2854 649 2894 saxorum
677 2840 872 2908 pressi,
901 2839 1207 2895 Florentius
1228 2848 1393 2909 atque
1791 2841 1921 2909 Qua:
1946 2842 2122 2898 scelus
2151 2845 2450 2899 exhorretis
2475 2845 2667 2900 clamat
2730 2862 2746 2900 :
2785 2862 2890 2901 non
2922 2845 3030 2902 libo
3058 2848 3317 2917 profanus.

114 2926 476 2998 Congaudente
509 2930 614 2998 piis
637 2931 705 2985 ab
728 2946 792 2986 eo
817 2932 942 2986 data
970 2931 1122 2985 busta
1155 2933 1467 3001 capessunt,
1709 2963 1758 3028 ο
1789 2934 2078 2988 Altithroni
2113 2935 2308 2990 cultrix
2348 2935 2594 3003 Domini;
2622 2957 2640 2990 ι
2676 2938 2753 2991 sic
2777 2953 3001 2993 carcere
3028 2947 3180 2993 trusa

117 3017 195 3073 llis
223 3036 431 3090 quoque
453 3029 739 3092 susceptus
763 3022 1082 3076 meritorum
1116 3019 1284 3092 fulget
1314 3021 1541 3076 honore.
1716 3017 1758 3028 ⁷
1788 3025 1924 3080 Dum
1965 3027 2232 3081 retinetur
2257 3029 2324 3082 ab
2355 3027 2551 3082 infesto
2579 3027 2852 3082 divellitur
2883 3028 3037 3083 hoste
3063 3047 3075 3082 :

113 3111 285 3165 hnbuit
307 3113 447 3168 hanc
477 3124 686 3185 martyr
713 3114 960 3169 sublatus
985 3115 1052 3168 ab
1086 3129 1181 3168 ore
1215 3113 1433 3179 cloacae,
1788 3116 2086 3174 Praefocata
2115 3118 2285 3188 nigris
2307 3119 2406 3174 sub
2432 3127 2590 3173 nocte
2622 3119 2856 3174 latenter
2884 3119 2935 3173 in
2973 3119 3164 3174 antris.

114 3199 372 3272 Temperet
401 3217 620 3272 egressa
651 3214 708 3259 ut
737 3204 982 3275 proprias
1001 3203 1204 3275 jejunia
1235 3203 1399 3267 vires,
1787 3209 1958 3276 Quam
1991 3210 2191 3265 fratres
2221 3225 2377 3265 secus
2399 3210 2683 3280 explicitos
2712 3210 2914 3266 Lucina
2942 3219 3203 3281 receptat.

113 3291 326 3362 Carpere
347 3295 472 3350 dole
494 3296 653 3351 nucis
679 3297 865 3366 gerula
891 3299 1111 3351 cornice
1135 3294 1357 3360 refcrw.
1784 3303 2037 3357 Ambitor
2058 3318 2150 3357 rus
2182 3303 2509 3374 ingrediens,
2546 3301 2785 3356 indebita
2825 3301 3024 3371 gaudet

111 3382 262 3441 Parva
293 3388 447 3442 daret
468 3387 577 3442 vini
612 3389 699 3442 cui
749 3388 1135 3443 sorbitiuncula
1172 3403 1384 3452 curam,
1783 3391 2096 3448 Pervasisse
2127 3393 2312 3448 colens
2342 3392 2536 3463 opibus
2564 3392 2809 3447 convivia
2839 3391 3006 3460 raptis
3032 3408 3046 3455 ;

112 3474 261 3540 Q-tam
291 3493 456 3545 penes
481 3479 696 3534 eductis
712 3477 827 3548 jam
865 3479 1124 3534 fratribus
1147 3479 1286 3533 alma
1312 3478 1528 3533 Bcatrix
1781 3483 1900 3551 Quo
1921 3498 2114 3538 securo
2139 3483 2312 3552 epulis
2337 3483 2480 3536 laute
2512 3483 2803 3547 recubante
2825 3481 3089 3546 sinistris,

111 3564 364 3636 Simplicio
383 3569 601 3638 gemina
637 3585 702 3624 ac
730 3568 992 3625 Faustino
1014 3569 1131 3625 luce
1160 3569 1398 3634 nitebat;
1781 3573 2044 3629 Parvulus
2085 3574 2324 3629 avellens
2356 3588 2418 3627 os
2450 3573 2643 3628 matris
2669 3572 2919 3627 abcolere
2955 3572 3149 3626 clamat
3177 3591 3193 3624 τ

111 3655 253 3720 Qucis
279 3660 428 3714 vario
452 3660 552 3715 sub
573 3676 746 3731 agone
776 3662 880 3730 poli
915 3661 1212 3730 penetralia
1242 3665 1434 3726 nactis,
1785 3683 1804 3718 ι
1852 3664 2012 3729 Audi,
2045 3662 2280 3728 Lucreti,
2307 3670 2427 3733 post
2455 3663 2655 3716 czedezn
2688 3662 2871 3716 invasa
2905 3661 3162 3728 capessis.

109 3744 323 3818 Corpora
351 3751 650 3807 verticibus
677 3750 962 3823 Tybcriuis
997 3753 1175 3806 abdita
1199 3762 1330 3806 nutu
1779 3756 2036 3811 Traderis
2064 3771 2128 3808 en
2171 3755 2312 3810 hosti
2343 3753 2528 3808 infelix
2557 3755 2830 3823 possessio
2864 3752 3057 3808 factus.
3105 3771 3122 3804 ι

109 3835 401 3896 Reddantur
437 3843 705 3912 patefacta
735 3845 827 3899 Dei
859 3860 980 3914 qum
1001 3844 1224 3914 Crispus
1255 3844 1461 3897 honore
1775 3849 2048 3917 Acceptus
2071 3848 2173 3903 sub
2201 3862 2333 3902 voce
2365 3834 2465 3902 feri
2507 3846 2848 3916 laqueamine
2878 3845 3030 3908 lethi,

109 3927 424 4004 Joannesque
453 3935 857 3992 levantcelebri
877 3937 1175 4006 junctaque
1202 3949 1392 3990 sorore
1778 3938 2010 3994 Praudia
2043 3941 2326 4010 perturbat
2362 3941 2578 4010 patinas
2606 3948 2658 3994 et
2685 3939 2874 4010 pocula
2907 3939 3160 4000 miscens,

111 4018 274 4079 Debita
313 4026 579 4080 militibus
602 4027 912 4100 dependunt
938 4029 1120 4082 munia
1154 4026 1370 4081 mactis.
1789 4031 2126 4103 Tartaraque
2160 4033 2433 4103 irrumpit,
2475 4031 2658 4102 ﬂagris
2687 4032 2921 4104 agitatus
2946 4030 3166 4102 crynnis

1535 4166 1765 4223 CAPUT
1796 4168 1882 4222 Ill.

1299 4283 1376 4337 De
1395 4293 1576 4338 sancto
1601 4283 1808 4340 Joanne
1837 4295 1884 4340 et
1913 4287 2118 4357 Crispo.

107 4410 308 4472 Joannes
329 4416 686 4489 Crispusque,
724 4420 815 4476 ubi
847 4420 1001 4491 plura
1033 4419 1229 4474 decore
1257 4419 1468 4474 nitenti
1774 4423 2053 4480 Servieral
2080 4424 2352 4492 Thrason,
2393 4423 2553 4494 gibbo
2577 4423 2802 4479 cedente
2831 4421 3049 4484 cameli,

109 4502 304 4576 Pignora
327 4509 600 4578 justorutn
627 4511 793 4566 natali
819 4513 1056 4582 tegmine
1077 4512 1338 4578 condunt,
1775 4513 1983 4567 Limina
2013 4514 2210 4568 transit
2237 4527 2391 4580 acus,
2426 4520 2752 4582 gratumque
2773 4520 3031 4580 expertus
3053 4526 3280 4582 agonem

109 4597 314 4668 Ipsorum
350 4607 512 4661 macti
538 4606 769 4673 meritis,
806 4609 1093 4678 capiuntur
1121 4608 1172 4662 in
1211 4608 1374 4662 astris
1772 4603 2096 4674 Martyribus
2129 4601 2450 4670 conjunctus
2483 4602 2597 4655 abit
2623 4600 2962 4670 palmamque
2999 4614 3289 4669 capessens

109 4692 310 4756 Quorum
340 4700 468 4753 sede
498 4700 588 4768 pia
618 4699 944 4757 mandarant
963 4714 1192 4770 corpora
1221 4698 1414 4768 glebis.
1771 4698 1904 4753 Cum
1931 4697 2094 4754 sociis
2129 4696 2341 4768 gemino
2365 4694 2502 4763 petit
2536 4708 2698 4747 aurea
2729 4706 2890 4763 regna
2925 4691 3216 4760 triumpho.

109 4779 200 4839 lose
221 4787 376 4843 etiam
415 4791 568 4845 dives
597 4790 801 4845 sanctis
825 4791 917 4864 qui
949 4790 1113 4846 multa
1141 4790 1454 4845 ministrans

1509 4945 1742 5002 CAPET
1793 4943 1884 4997 IV.

1431 5065 1506 5118 De
1536 5075 1718 5119 sancto
1753 5059 1996 5115 Erasmo.
