3888 5330
586 298 714 361 .735
1172 336 1177 339 -
1256 298 1676 355 ~FLODOARDI
1712 297 2026 356 CANONICI
2073 297 2415 357 REMENSIS
2452 299 2810 358 OPUSCULA
2843 300 3169 357 METRICA.
3718 302 3782 358 736

602 416 909 490 Respergit,
933 414 1249 486 disquisitos
1276 430 1382 468 non
1406 430 1565 486 passa
1585 414 1793 471 calores
1811 432 1843 481 ;.

604 508 727 565 Stet
750 507 871 580 pius
902 506 1067 562 illaesa
1100 506 1409 577 spectacu‘a
1437 521 1666 577 corpore
1697 508 1964 577 prmbcns,

582 601 926 670 .Tntorisque
952 597 1108 654 (idem
1136 598 1425 652 mirantum
1457 596 1709 652 cordibus
1741 598 1908 651 addit.

602 692 835 748 Carcere
860 690 1087 744 vallatus
1115 703 1309 758 magno
1337 704 1550 759 quoqre
1573 689 1808 758 pondere
1836 688 1965 744 ferri

607 785 925 852 lic-pressus.
952 782 1179 851 posthac
1212 781 1328 834 dira
1357 780 1637 834 obsidione
1665 789 1897 837 tenetur.

605 877 799 932 Missus
828 885 883 930 at
906 876 1180 930 aethereus
1209 888 1416 928 summa
1441 872 1708 927 delabitur
1734 873 1934 938 aethra,

605 967 924 1037 Largiturus
952 979 1106 1034 opem
1134 962 1256 1017 testi
1278 961 1364 1031 pia
1396 961 1532 1016 bel'a
1564 960 1772 1031 gerenti
1800 978 1814 1016 :

607 1056 834 1110 Vincula
863 1054 1132 1117 dissolvit,
1158 1050 1535 1123 patefactaque
1561 1050 1741 1105 limina
1770 1050 1970 1117 reddit,

607 1148 802 1202 Ellncit
837 1146 1072 1201 tenebris
1104 1153 1335 1213 raptum,
1362 1143 1451 1196 dat
1478 1142 1629 1197 abire
1657 1143 1910 1197 so’ntnm.

609 1237 725 1302 Sic,
750 1237 876 1291 dum
907 1235 1057 1305 plura
1087 1249 1281 1304 gerens
1310 1232 1521 1302 populis
1551 1232 1796 1285 miranda
1829 1231 2100 1286 lucrandis

608 1330 837 1400 Oppida,
880 1344 1004 1383 rura
1041 1328 1209 1397 replet
1232 1326 1389 1380 factis
1417 1325 1717 1397 insignibus
1741 1365 1756 1390 ,
1787 1325 1901 1379 ales

607 1423 777 1477 Fama
811 1420 1065 1490 palatinis
1099 1419 1262 1474 etiam
1286 1426 1438 1472 notat
1467 1418 1689 1471 auribus
1717 1425 1863 1472 acta.

608 1514 836 1584 Jamque
863 1512 1224 1580 triumphator
1249 1510 1488 1581 proceris
1514 1510 1714 1565 virtute
1744 1509 1963 1580 prioris,

608 1605 829 1658 tiulmen
863 1603 916 1657 in
958 1602 1182 1656 alterius
1212 1601 1499 1655 mandatur
1527 1599 1663 1653 inire
1690 1599 1927 1653 duellum

608 1694 790 1752 Laude
819 1695 1101 1751 lacessitus
1136 1700 1314 1761 raptat
1342 1707 1501 1763 quem
1528 1690 1883 1746 Maximianus

2205 422 2249 478 Α
2282 415 2676 487 Suppliciisqne
2706 418 2874 489 agitat
2901 418 3066 473 variis
3088 419 3327 501 duraque
3357 419 3600 490 palaestra

2289 506 2582 574 Exercens,
2605 506 2728 562 aeris
2755 506 2919 563 lorica
2944 508 3379 565 inducitadusta.

2288 598 2358 651 At
2388 596 2650 668 ﬂagrante
2680 598 2856 654 nitens
2881 599 3057 655 tunica
3084 609 3193 656 Stat
3219 601 3400 657 nescia
3431 610 3631 674 martyr

2291 688 2526 744 Membra
2551 703 2746 759 gerens
2769 689 2926 760 ignis,
2949 700 3237 761 spretoque
3261 693 3459 747 ardore
3487 705 3709 749 coruscat

2292 778 2350 833 Vi
2376 792 2599 847 supera;
2636 779 3019 834 recrudescunt
3049 789 3336 846 tormenta,
3368 782 3598 836 redacta:

2287 868 2586 924 Prmmissa:
2617 867 2846 924 reﬂuunt
2872 871 3079 941 species
3118 869 3346 926 fervoris
3380 872 3433 927 in
3456 871 3582 938 olla,

2284 962 2435 1019 Miles
2455 971 2509 1018 et
2540 964 2844 1033 ignipotens
2872 962 3163 1019 ﬂammatis
3194 965 3463 1033 mergitur
3485 964 3653 1028 undis.

2284 1055 2429 1122 Quas
2450 1053 2629 1126 tepido
2652 1054 2819 1109 veluti
2834 1054 2995 1118 fotus,
3023 1056 3373 1127 gaudensque
3398 1055 3633 1121 lavacro,

2282 1147 2491 1205 Cuncta
2511 1146 2669 1203 simul
2699 1142 2964 1218 superans
2994 1148 3274 1205 molimina
3297 1148 3417 1202 dira
3442 1147 3725 1217 triumphat,

2285 1239 2681 1311 Egrediturque
2707 1239 2909 1305 alacer,
2940 1240 3172 1310 divoque
3205 1240 3477 1296 lcvamine
3510 1249 3660 1302 tutus,

2286 1331 2507 1385 Eruitur
2532 1330 2671 1387 duce
2695 1331 2931 1397 sidereo,
2984 1346 3246 1401 campana
3272 1344 3568 1402 peragrans

2283 1420 2449 1481 Arva,
2484 1417 2752 1493 ﬁdemque
2781 1422 2923 1492 piam
2960 1424 3251 1478 multorum
3277 1422 3329 1475 in
3357 1429 3573 1490 pectora
3592 1420 3795 1491 planitias,

2287 1511 2330 1566 Ε
2354 1513 2589 1568 tenebris
2610 1513 2792 1583 plures
2819 1513 2886 1567 ad
2920 1514 3027 1567 veri
3055 1512 3256 1567 lumina
3291 1512 3496 1576 ductat,

2288 1603 2487 1674 Sicque
2517 1603 2625 1659 Deo
2641 1604 2827 1674 jussus
2849 1604 3092 1660 celebres
3115 1612 3460 1659 consummat
3484 1618 3680 1673 agones.

2079 1841 2308 1901 CAPUT
2364 1843 2429 1898 ν.

1819 1934 1899 1992 De
1925 1935 2122 1991 sanctis
2148 1936 2331 1993 Sosu‘o
2354 1946 2410 1993 et
2437 1935 2725 2003 Januario.

609 2058 761 2114 Aula:
796 2056 1101 2112 ministrum
1130 2054 1334 2109 ctelicze
1359 2051 1461 2107 bac
1493 2050 1775 2125 tyrannide

611 2149 815 2204 Misena
850 2147 1054 2200 clarum
1090 2143 1411 2215 prmferebat
1439 2142 1654 2197 Sosium

611 2239 712 2306 Qui
744 2238 1052 2300 sanctitate,
1083 2236 1206 2289 dote
1235 2234 1326 2303 qui
1368 2231 1667 2305 prudentia:

609 2327 855 2384 Iuvenile
893 2326 1059 2380 robur
1095 2324 1412 2394 protegebat
1437 2333 1679 2378 strenue.

610 2419 791 2486 Quare
816 2417 1007 2471 beatus
1029 2430 1171 2484 szepe
1199 2412 1488 2469 Januarius

611 2511 920 2565 Benevento
945 2508 1013 2562 ab
1034 2507 1168 2561 urbe
1196 2521 1303 2575 qua
1338 2505 1544 2558 nitebat
1570 2501 1812 2572 pontifex

612 2600 768 2655 llunc
795 2600 1017 2654 visitatu
1048 2598 1332 2653 sublevare
1363 2606 1635 2651 sueverat.

619 2692 770 2748 Unde
798 2704 852 2747 et
879 2692 1107 2762 petitum
1135 2690 1280 2745 clara
1313 2689 1516 2745 Christi
1545 2688 1797 2759 dogmata

616 2784 828 2839 Domini
855 2782 953 2836 sub
989 2782 1109 2836 aula
1138 2781 1263 2835 dum
1292 2782 1550 2835 citantem
1583 2779 1824 2847 respicit,

616 2875 801 2930 Cernit
831 2884 1136 2929 comantem
1170 2873 1320 2927 abire
1345 2871 1618 2925 ﬂammam
1647 2871 1870 2925 vertice.

618 2965 886 3035 Solusque
912 2965 1002 3019 tali
1034 2964 1387 3020 convibratus
1408 2963 1635 3027 lumine,

617 3059 738 3113 Mox
768 3059 1038 3113 exiturum
1063 3057 1373 3128 praedicavit
1400 3066 1716 3128 martyrem.

618 3149 781 3202 llaud‘
800 3144 1105 3215 immorata,
1134 3148 1279 3203 haud
1300 3148 1462 3203 ducta
1488 3145 1705 3218 longum
1735 3145 1958 3203 famina.

618 3237 783 3291 Pauci
815 3246 1063 3292 rotantur
1086 3248 1207 3309 post
1232 3237 1569 3308 prophetiam
1594 3236 1733 3301 dies,

619 3327 686 3380 Et
714 3342 863 3393 ecce,
891 3337 1070 3383 tentus
1091 3329 1215 3383 dum
1232 3336 1378 3382 astra
1405 3328 1596 3383 levites
1626 3326 1792 3393 fovet,

628 3416 833 3474 Levare
858 3418 1029 3475 solers
1052 3419 1230 3475 vincla
1254 3429 1406 3475 vates
1428 3418 1667 3485 advenit,

2219 2032 2267 2093 Β
2294 2047 2473 2117 Atque
2493 2045 2859 2117 apprehensus
2885 2042 2942 2097 ﬂt
2971 2042 3238 2115 paltcstrse
3264 2044 3551 2116 particeps.

2295 2138 2514 2194 llaerent
2537 2135 2750 2191 sodales
2778 2135 2990 2205 optimi,
3015 2134 3278 2189 diaconus

2296 2228 2510 2284 Horrore
2538 2226 2754 2292 Festus,
2786 2225 3014 2281 lectione
3041 2233 3097 2281 et
3121 2224 3260 2279 clius

2294 2318 2622 2375 Desiderius.
2656 2315 2740 2381 Hi,
2770 2332 2909 2371 saeva
2943 2325 3063 2387 post
3089 2314 3387 2386 ergastula,

2295 2410 2544 2467 Mulctam
2567 2409 2751 2466 subire
2773 2409 3113 2464 destinantur
3142 2409 3393 2473 verticis,

2295 2504 2394 2573 Qui
2424 2502 2777 2574 prmstitutam
2807 2501 2931 2557 dum
2962 2510 3146 2557 terunt
3176 2501 3476 2567 lethiviam,

2294 2594 2650 2650 Cumulantur
2677 2604 2837 2648 aucto
2860 2593 3140 2663 dignitatis
3168 2592 3379 2648 ordine.

2295 2687 2591 2742 Pntcolana
2624 2701 2818 2755 nempe
2856 2685 2927 2739 ab
2956 2686 3089 2740 urbe
3122 2684 3382 2740 Proculus

2295 2779 2483 2836 Levita
2509 2778 2683 2834 fertur
2703 2795 2826 2833 cum
2852 2779 3065 2833 duobus
3086 2778 3280 2834 obvius

2294 2873 2338 2928 E
2360 2873 2511 2943 plebe
2530 2871 2693 2939 justis
2716 2872 2903 2942 (hique
2928 2872 3156 2937 Acutus,
3187 2872 3423 2941 Eutices)

2294 2962 2386 3017 lsti
2413 2972 2666 3033 rogantes
2688 2976 2788 3018 cur
2815 2976 3000 3016 necem
3026 2959 3162 3032 justi
3187 2970 3376 3031 petant
3401 2978 3414 3014 :

2300 3052 2397 3111 Ubi
2426 3055 2724 3125 probantur
2749 3053 2920 3125 plebis
2944 3054 3101 3108 alma:
3129 3055 3361 3110 nobiles.

2296 3145 2467 3201 Simul
2486 3145 2745 3217 jubenlur
2773 3146 2911 3201 colla
2936 3145 3068 3201 secti
3109 3146 3464 3207 occumbere;

2295 3235 2617 3307 Pariterque
2646 3245 2853 3307 septem
2881 3240 3029 3291 czede
3060 3236 3203 3306 plexi
3234 3251 3489 3308 compare

2298 3328 2604 3399 Rapiuntur
2627 3327 2733 3382 acti
2760 3329 2950 3399 gratia:
2980 3328 3348 3398 praedonibus,

2222 3407 2267 3470 C
2303 3416 2558 3487 Variique
2586 3416 2732 3472 cives
2761 3416 2918 3472 busta
2947 3419 3079 3473 dant
3116 3415 3429 3473 tribulibus.

2061 3571 2289 3630 CAPUT
2331 3572 2413 3627 Vl.

1970 3660 2052 3720 De
2069 3672 2252 3719 sancto
2273 3661 2558 3717 Domnino.

619 3764 759 3835 Julia
783 3762 1016 3837 eaEa-bi
1038 3764 1335 3851 procerem
1362 3778 1706 3850 primumque
1731 3778 1928 3835 cubilis

621 3873 944 3929 Domninum
973 3873 1088 3931 fera
1113 3875 1374 3932 vitantem
1396 3875 1668 3932 consortia
1700 3874 1843 3946 regis

620 3963 787 4020 Felici
824 3966 1059 4023 hosnitio
1084 3967 1329 4039 capiens,
1363 3983 1486 4024 mox
1509 3968 1628 4024 laeta
1662 3966 1939 4037 triumpho

2299 3778 2573 3837 Persultat
2595 3793 2610 3832 :
2636 3774 2821 3832 rabies
2843 3787 3001 3843 quem
3028 3778 3343 3828 consectata
3378 3769 3581 3826 cruenti

2300 3867 2607 3935 Carniﬁcis,
2633 3866 2797 3938 rapit,
2824 3862 3079 3921 aethereis
3107 3861 3289 3935 gladio
3314 3860 3478 3932 erigit
3496 3860 3658 3916 astris.

2087 4094 2318 4155 CAPUT
2360 4091 2469 4148 VII.

1972 4189 2050 4245 De
2082 4196 2264 4244 sancta
2290 4184 2545 4241 Barbara.

624 4306 817 4361 Tuscia
849 4314 976 4361 tunc
1002 4305 1136 4360 vidit
1163 4315 1378 4360 certans
1398 4316 1457 4359 ut
1480 4305 1719 4360 Barbara
1750 4306 1899 4377 virgo

622 4397 780 4451 Clara
811 4396 1047 4464 tropbaaa
1080 4394 1224 4463 tulit,
1254 4396 1468 4466 genitor
1507 4396 1796 4450 Dioscorus
1824 4404 1975 4450 arcta

623 4490 797 4556 Quam
823 4488 1038 4558 longum
1064 4488 1344 4544 obsidione
1374 4499 1552 4543 terens
1576 4490 1665 4543 dat
1687 4487 1929 4557 prmsidis
1962 4487 2075 4557 ira},

622 4580 735 4647 Qua
760 4580 957 4635 nudata
977 4580 1157 4650 ﬂagris
1179 4580 1345 4636 crude
1372 4580 1645 4636 divellitur
1676 4578 1830 4644 atris,

625 4672 872 4743 Dumque
899 4682 1081 4729 manet
1109 4674 1316 4730 stabilis
1346 4689 1542 4729 nervos
1571 4682 1626 4728 et
1653 4683 1838 4727 taurea
1870 4672 2051 4727 ridens

620 4761 801 4817 Fricta
827 4762 1213 4818 recrudescunt
1239 4764 1447 4818 hirciua
1474 4764 1695 4819 vulnera
1727 4761 1894 4834 palla,

619 4851 746 4908 Iade
773 4862 985 4925 recepta
1016 4863 1171 4910 antro
1198 4856 1401 4911 caelesti
1426 4854 1543 4911 luce
1563 4843 1875 4922 levatur,“

2224 4709 2275 4768 ι)

2298 4296 2582 4352 Costarum
2613 4289 2860 4361 applicita
2887 4290 3196 4345 ﬂammatur
3223 4286 3471 4357 lampade
3493 4283 3671 4346 cratis;

2299 4384 2522 4440 Mallcus
2552 4383 2830 4444 incutitur,
2857 4379 3049 4449 capitis
3078 4378 3307 4432 libratus
3332 4378 3385 4431 in
3416 4391 3565 4438 arce;

2301 4476 2603 4531 Prmscisszc
2623 4473 2742 4529 diro
2769 4474 2967 4526 tenera:
2992 4485 3196 4527 czesore
3220 4467 3493 4533 mamillae,

2301 4570 2565 4636 Stigmata
2594 4564 2787 4621 deinde
2820 4564 3002 4619 crucis
3032 4563 3235 4618 nudare
3264 4569 3470 4615 retecta
3497 4555 3667 4628 plateis

2304 4658 2547 4722 Ducitur,
2578 4664 2738 4725 atque
2767 4654 2856 4708 diu
2887 4652 3357 4708 truculentaeede
3387 4657 3607 4711 resecta,

2301 4749 2544 4806 Culmina
2575 4748 2801 4804 sortitur
2823 4745 2995 4817 juguli
3024 4746 3277 4801 mercede
3303 4756 3535 4815 superna

2062 5007 2288 5065 CAPUT
2328 5006 2461 5065 Vill.

1755 5121 1835 5176 De
1864 5122 2058 5176 sanctis
2089 5119 2330 5176 Secundo
2373 5130 2420 5175 et
2458 5117 2781 5172 Alexandro.

623 5239 811 5293 Castra
848 5236 1012 5292 etiam
1037 5235 1438 5303 scrutabantur,
1459 5251 1567 5306 quo
1595 5234 1639 5290 si
1668 5237 1789 5306 quis
1814 5235 1868 5291 in
1895 5236 2064 5292 armis

2300 5233 2626 5301 Perpetuam
2660 5241 2937 5298 specimen
2961 5233 3123 5294 caput
3150 5239 3287 5281 ense
3318 5223 3527 5280 recisus
3545 5219 3715 5278 adivit.

3832 294 3835 459 l
