3888 5330
98 400 193 457 ἾΣἿ
637 399 725 454 DE
763 398 1034 455 CHRISTI
1074 397 1450 457 TIIIURIPIIIS
1487 396 1633 452 APUI

1808 396 1997 452 lLIAH
2039 395 2213 453 LIBRI
2252 393 2618 450 Μελ-ΗΒ.
2650 392 2778 448 \‘lll.
3242 386 3343 442 738

101 508 365 566 Sensibus
396 509 495 564 ista
527 510 633 565 tuis
660 521 714 567 et
745 523 954 567 vertere
984 512 1144 569 corda
1170 513 1437 568 valerem!
1696 515 1748 573 ,Α
1777 511 1895 566 Mox
1925 511 2080 566 furor
2105 513 2249 567 hunc
2276 512 2529 567 frendens
2556 513 2730 567 ultore
2759 511 2851 565 dat
2880 522 3011 565 ense
3039 506 3218 573 feriri;

102 607 164 657 At
191 612 349 656 tueor
375 602 669 669 putridum,
701 603 856 656 video
884 603 1182 658 insanabile
1208 602 1419 657 vulnus.
1715 671 1722 680 .
1778 603 1898 660 Stat
1922 604 2160 674 trepidus
2185 602 2329 658 ferro
2359 612 2556 657 nutans
2583 602 2845 657 titubante
2867 600 3116 663 satelles;

103 694 178 747 lie
198 707 419 764 quoque
440 693 528 762 qui
557 703 779 747 cunctas
801 703 953 746 vocat
979 694 1045 747 ad
1083 710 1176 748 sua
1208 707 1430 747 munera
1462 699 1671 764 gentes.
1776 695 1947 760 Quem
1986 695 2134 749 ferus
2159 694 2489 765 increpitans
2518 691 2684 762 judex
2715 693 2993 748 succendit
3022 692 3272 746 inertem.

103 784 353 839 Consiliis
384 793 439 839 at
468 799 627 854 parce
650 784 797 848 feris,
825 784 1145 855 Satameque
1168 799 1359 839 suasus
1782 805 1801 839 ε
1832 785 1999 854 Hujus
2015 789 2090 857 (at
2115 786 2249 856 ipse)
2274 794 2548 855 caputpro
2563 799 2647 839 me
2672 800 2824 838 mons
2846 800 3069 855 magnus
3093 783 3344 846 habetur,

105 878 299 947 Linque
326 887 452 932 tuos
480 886 533 933 et
561 894 730 949 pange
760 878 929 933 malos
954 894 1073 947 qua:
1099 878 1332 950 gesseris
1356 884 1531 941 actus,
1777 875 1931 931 Unde
1957 885 2162 930 tremor
2191 875 2467 939 membris,
2495 876 2688 931 horror
2720 876 2850 930 mihi
2872 876 3117 931 sensibus
3135 884 3340 929 actus.»

108 970 491 1039 \‘iventemque
519 967 686 1022 Deum
707 968 797 1036 qui
818 967 1059 1023 condidit
1084 968 1261 1023 omnia
1294 982 1506 1022 nosce.»
1777 968 1869 1023 Ille
1893 967 2031 1023 alios
2058 967 2300 1032 adhibet,
2333 967 2515 1037 plures
2542 967 2646 1023 ciet
2677 966 2836 1021 unius
2861 981 2957 1020 ora

105 1057 268 1113 Slotus
297 1056 365 1112 ad
397 1057 497 1113 ista
523 1058 663 1113 obici
688 1059 867 1113 Caesar
884 1057 1034 1126 jubet
1059 1073 1209 1112 arma
1236 1057 1452 1130 neganti
1777 1057 1879 1125 Qui
1909 1065 2187 1123 resecem;
2215 1066 2466 1128 properat
2493 1066 2724 1129 martyr,
2751 1058 3054 1128 gaudetque
3083 1057 3276 1112 resolvi

105 1150 434 1220 Invitumque
466 1150 639 1204 sacris
667 1159 988 1221 raptumque
1019 1150 1265 1204 litamine
1301 1149 1439 1221 cogi.
1776 1149 2252 1218 Procumbensque
2275 1164 2413 1219 genu
2453 1150 2663 1205 telluris
2687 1151 2753 1204 ad
2785 1151 2889 1204 ima
2926 1150 3159 1215 volutus,

106 1239 187 1294 Ille
214 1241 316 1295 lide
340 1240 539 1306 fretus,
566 1242 772 1296 colubri
802 1252 1065 1313 praecepta
1100 1240 1375 1308 refutans,
1778 1240 2088 1297 Mucronem
2119 1241 2253 1311 petit
2279 1256 2341 1294 ae
2366 1256 2532 1309 prona
2565 1242 2777 1297 cervice
2806 1243 3036 1312 capessit

106 1329 387 1385 Confundit
416 1341 600 1387 torvos
624 1334 834 1387 interno
858 1331 1051 1387 robore
1082 1333 1283 1396 vultus,
1778 1335 1884 1389 Sed
1915 1348 2071 1405 prece
2100 1330 2376 1403 prmuissa
2410 1342 2727 1403 mactusque
2756 1334 2818 1388 iit
2847 1326 3011 1389 ardua
3043 1344 3218 1389 castra

110 1418 330 1473 Mensam
365 1420 516 1475 calce
547 1430 756 1492 petens,
787 1421 956 1493 glebis
990 1422 1333 1492 superaddita
1366 1422 1619 1478 miscens.

1570 1573 1799 1632 CAPUT
1826 1575 1917 1631 IX.

1453 1685 1529 1741 De
1558 1699 1739 1743 sancto
1772 1688 2062 1743 Theodoro.

111 1792 405 1847 Theodorus
433 1792 630 1849 validis
658 1802 832 1850 staret
861 1810 982 1851 cum
1013 1795 1168 1852 miles
1192 1795 1244 1850 in
1272 1795 1460 1863 armis,
1702 1804 1750 1863 ιι
1778 1799 2002 1856 Iudiciis
2033 1807 2385 1865 restauratus,
2412 1799 2564 1855 trabe
2591 1798 2797 1854 tollitur
2816 1798 2957 1855 altus

113 1887 355 1939 Strenuus
387 1884 687 1942 altithrono
716 1889 986 1958 pendebat
1015 1889 1194 1942 munia
1220 1887 1453 1944 Christo.
1781 1892 2053 1961 Unguibus
2079 1892 2317 1955 excisus,
2346 1892 2599 1961 ferroque
2628 1891 2864 1945 insectus
2895 1891 2961 1945 ad
2988 1906 3131 1959 ossa,

111 1981 326 2035 (Iriinine
346 1996 459 2049 quo
488 1990 674 2050 raptus
703 1981 848 2037 celsa
876 1983 943 2037 ad
968 1982 1219 2052 przetoria
1243 1982 1432 2037 fertur.
1773 1982 2059 2038 Costarnm
2094 1984 2303 2038 cratem
2327 1983 2559 2037 lacerata
2588 1998 2752 2038 carne
2783 1982 3032 2037 renudat.

111 2067 218 2122 .lnra
246 2069 332 2123 Dei
359 2068 559 2135 fassus,
592 2069 840 2127 differtur
864 2082 1075 2127 vertere
1099 2089 1317 2139 sensus;
1773 2073 1899 2128 Inde
1929 2089 2057 2143 rogo
2081 2074 2206 2129 data
2228 2074 2483 2129 victorem
2505 2073 2770 2129 sententia
2804 2073 3001 2143 prodit,

112 2162 443 2217 lrrevocanda
468 2172 659 2221 tenens
690 2175 895 2220 zeterno
929 2176 1148 2236 pectora
1186 2183 1335 2229 vero,
1773 2166 1874 2231 Qui
1905 2166 2100 2221 vexilla
2125 2167 2301 2221 crucis
2334 2166 2549 2236 rapiens
2578 2174 2761 2235 partos
2788 2164 2922 2234 petit
2944 2163 3110 2234 ignes,

116 2254 163 2307 Si
192 2255 312 2308 titur
340 2254 650 2310 {Eneadum
680 2261 980 2314 censendus
1010 2259 1247 2330 regmine
1279 2257 1486 2326 legum;
1772 2257 2190 2327 Cleonicumqne
2221 2258 2371 2327 sequi
2404 2257 2627 2328 vestigia
2661 2256 2819 2310 fortia
2854 2256 3137 2321 mandans,

114 2342 316 2413 Agnitus
350 2342 610 2413 infrenis,
641 2348 925 2404 cohibetur
944 2348 1179 2403 carceris
1205 2349 1395 2402 antris.
1773 2349 2209 2419 Glorilicansque
2248 2352 2434 2414 Deum,
2471 2351 2665 2405 mentis
2696 2350 2815 2403 litat
2838 2350 3047 2421 ignibus
3079 2350 3275 2420 ignem.

115 2430 241 2485 Ostia
263 2436 564 2506 signantur,
596 2438 690 2493 sed
719 2456 823 2494 non
846 2438 1101 2494 solamina
1132 2441 1252 2495 diva
1774 2443 1984 2498 Funera
2012 2445 2202 2500 devote
2226 2445 2451 2500 Eusebia
2475 2453 2751 2515 satagente
2774 2445 3042 2499 coluntur.

116 2521 354 2579 Arceatur
380 2526 643 2583 claustris
673 2528 936 2595 relcvato;
978 2529 1178 2585 visibus
1204 2530 1327 2585 altis
2362 2596 2395 2622 η
2746 2526 2757 2535 ί

1561 2680 1787 2738 CAPUT
1827 2682 1897 2737 X.

1058 2789 1137 2845 De
1166 2791 1363 2845 sanctis
1410 2791 1639 2861 Victore,
1674 2793 1849 2850 Felice
1871 2806 2026 2867 atque
2054 2793 2288 2848 Nubere.

123 2920 280 2975 Victor
305 2921 504 2977 canitie
535 2920 768 2993 fideique
787 2920 981 2979 decore
1007 2921 1233 2986 nitebat,
1774 2925 1988 2979 Caesare
2017 2922 2324 2993 compulsus
2353 2920 2492 2979 fanis
2522 2921 2835 2991 impendere
2863 2920 3148 2983 honorem,

120 3011 360 3085 Sanguine
378 3014 472 3086 qui
506 3014 748 3079 Maurus,
774 3014 1070 3085 primisque
1096 3014 1270 3071 fidelis
1297 3018 1366 3070 ab
1387 3016 1566 3081 annis,
1778 3016 1963 3070 Victor
1991 3015 2394 3083 perduransque
2419 3013 2537 3083 pius
2570 3011 2683 3066 fera
2706 3012 2902 3067 robora
2931 3013 3096 3066 vincit
3125 3028 3138 3064 :

124 3103 366 3160 (L'esareas
390 3105 564 3160 animi
594 3106 885 3162 decorabat
912 3106 1122 3162 honore
1151 3105 1465 3177 phalanges.
1779 3108 2071 3179 Lignorum
2104 3107 2263 3162 tritus
2292 3106 2531 3176 longum,
2559 3108 2888 3175 ignarusque
2913 3105 3179 3167 dolorum,

121 3190 285 3248 l-‘elicis
311 3196 486 3264 patria
516 3196 654 3251 civis
682 3196 922 3266 civisque
950 3196 1200 3261 Naboris.
1777 3200 2049 3269 Stansque
2075 3215 2272 3270 expers
2304 3200 2460 3272 ignis,
2488 3199 2687 3270 plumbi
2713 3198 2961 3269 perfusus
2983 3197 3051 3252 ab
3076 3198 3251 3265 undis,

123 3280 278 3338 Africa
305 3301 438 3356 quos
459 3302 634 3344 czesos
659 3288 779 3345 urbi
808 3290 901 3345 dat
929 3288 1264 3347 Mediolaute.
1773 3289 1999 3360 Augusti
2030 3289 2237 3360 gladios
2261 3289 2342 3345 sic
2361 3298 2486 3360 post
2511 3298 2777 3345 tormenta
2811 3288 3126 3360 triumphat.

1517 3443 1741 3501 CAPUT
1788 3442 1881 3498 XI.

1138 3552 1213 3609 De
1241 3555 1435 3609 sanctis
1458 3554 1793 3627 Carpophoro
1829 3562 1877 3608 et
1910 3551 2268 3606 Abundantio.

182 3656 490 3757 Ma‘“_ma'is
524 3661 627 3716 ¹¹⁰⁰
657 3661 837 3719 (δίδοτε
862 3663 1096 3733 copiam,
1703 3668 1749 3731 ο
1791 3686 2096 3756 Semenque
2126 3685 2276 3740 verbi
2300 3684 2351 3739 in
2380 3700 2505 3739 arva
2539 3695 2798 3756 spargunt
2818 3697 3117 3757 pectorum.

127 3748 477 3847 Earpopborus
501 3764 662 3810 aucto
688 3756 916 3827 percipit
944 3757 1310 3823 Abundantio,

1295 3799 1310 3823 ν
1775 3776 2120 3847 Rursumque
2153 3775 2316 3830 tentis
2343 3790 2436 3829 ora
2462 3791 2655 3831 saxeus
2683 3777 2827 3846 rigor

128 3838 374 3907 Spoletum
399 3860 575 3917 agone
605 3845 695 3914 qui
722 3855 1012 3901 venustant
1036 3848 1242 3918 gloria-,

1775 3863 2006 3927 'l‘undit,‘
2040 3861 2287 3915 levantur
2313 3862 2439 3916 hinc
2469 3863 2639 3918 eculei
2671 3864 2940 3926 culmine:

129 3928 263 4024 ξ’γὶοτ
281 3939 537 3993 sacerdos
567 3953 632 3994 ac
660 3938 911 3994 minister
930 3941 1281 4012 subsequens.
1775 3954 2076 4024 Fortesque
2105 3952 2226 4007 diro
2255 3953 2380 4008 dum
2411 3954 2707 4023 probantur
2741 3957 2972 4009 termino

128 4017 215 4113 ξ)το
236 4024 384 4083 laude
404 4027 611 4083 Christi
647 4045 770 4083 nam
815 4030 1024 4086 subacti
1052 4030 1283 4087 fustibus

1773 4044 1973 4099 lterum
2005 4044 2242 4098 tenebris
2272 4044 2590 4113 ingeruntur
2620 4045 2877 4100 horridis.

128 4109 358 4205 {’"mum.
381 4118 507 4173 inde
535 4127 674 4174 tclro
690 4121 1066 4193 mancipantur
1093 4123 1323 4189 carceri.
1776 4134 1942 4202 Queis
1965 4136 2244 4199 macerati,
2287 4150 2350 4191 ac
2379 4135 2662 4205 praeparati
2701 4135 2900 4190 laureis

129 4199 268 4257 Potus
293 4221 483 4280 negato
506 4211 589 4266 vel
623 4212 729 4267 cibi
759 4213 1041 4270 solamine.

1776 4225 2014 4283 Tandem
2041 4242 2171 4283 ense
2197 4228 2323 4283 caesi
2358 4227 2502 4283 celsa
2535 4228 2801 4282 scandunt
2829 4229 3027 4283 sidera.

130 4291 331 4355 [luctere
353 4310 408 4356 at
439 4302 565 4359 inde
583 4304 933 4373 proferuntur
954 4305 1077 4362 caeli
1086 4315 1160 4371 te,

1478 4461 1708 4519 CAPUT
1746 4462 1858 4519 XII.

1289 4570 1365 4627 De
1390 4586 1571 4631 sancto
1602 4574 1855 4646 Gregorio
1894 4587 2126 4649 martyre

187 4691 321 4752 'l‘unc
339 4706 392 4753 et
416 4699 610 4756 beatus
635 4699 713 4755 sic
736 4700 944 4773 subegit
967 4702 1246 4775 presbyter
1700 4690 1749 4750 Ῑ)
1777 4712 1892 4779 Qua
1921 4722 2074 4783 parte
2106 4711 2253 4781 lapsa
2284 4712 2521 4768 civitatis
2545 4711 2799 4773 occidunt

132 4783 304 4873 διἯιιίε
336 4790 570 4848 furorem
601 4793 749 4849 “Vidi
781 4794 1092 4866 Gregorius.
1775 4802 1951 4873 Super
1981 4810 2255 4859 trecentos
2281 4818 2434 4859 sacra
2467 4803 2658 4858 dantes
2684 4802 2945 4857 delubris.

133 4871 211 4961 Eoi
237 4875 454 4937 Flaccus
480 4883 701 4955 (inquit)
729 4903 742 4938 :
778 4904 796 4936 ‹
825 4883 903 4939 Tu
934 4886 1151 4941 rebellis
1180 4886 1500 4957 principum,
1776 4871 1948 4947 Ferro
1980 4892 2105 4947 hinc
2134 4901 2361 4948 onustus
2383 4900 2546 4961 atque
2570 4900 2755 4961 septus
2778 4907 3023 4955 carcere.

139 4956 361 5035 Τριηριοτ
382 4985 655 5027 sacrorum
690 4982 817 5029 tunc
849 4984 1021 5030 restas
1046 4956 1363 5031 numinum?
1390 4999 1408 5029 ι
1770 4984 2009 5040 Levatur
2029 4999 2156 5039 usus
2182 4985 2374 5041 coelico
2399 4956 2680 5040 δοίαιιιίηίξ-

136 5051 293 5109 Mille
328 5078 341 5113 :
381 5081 399 5112 ι
436 5062 605 5119 Nosse
635 5066 680 5119 si
710 5065 840 5121 velis
864 5070 1219 5123 constantiam
1767 5075 1959 5131 Genua
1993 5077 2116 5131 inde
2138 5076 2356 5132 carduis
2380 5085 2693 5133 atteruntttr
2719 5075 2932 5139 ferreis,

135 5139 225 5192 Olli
251 5163 327 5192 mn
349 5155 544 5192 nrnnvil
569 5170 600 5192 ρ
625 5155 740 5192 inﬁt.
761 5156 926 5192 II‘.‘.nm
961 5174 1138 5192 Iun-nu

1771 5164 1790 5192 Ι
1818 5178 2045 5192 ιιι-.-ηιαΑ
2075 5174 2362 5190 ..Ι-...δραι-οι
2391 5164 2599 5190 “gn”-
2641 5178 2806 5190 .-μηιι
2844 5167 2856 5190 1

2866 5182 3012 5190 ..η-α..-
