3888 5330
580 285 696 342 Ἰξιν
1278 281 1668 341 FLODOARDI
1705 278 2020 337 CANONiCl
2065 276 2404 335 REMENSIS
2435 277 2801 336 OPUSCULA
2846 277 3173 336 METRICA.

590 402 976 458 lntamiuatum
1003 406 1057 454 et
1081 398 1243 454 dente
1264 406 1318 452 et
1349 413 1525 469 ungue
1547 405 1850 469 permanet.

591 492 846 563 lt:-poscit
875 490 999 544 inde
1028 488 1221 559 pignus
1248 487 1448 541 almum
1491 486 1689 542 femina

593 585 804 640 Pietate
842 585 1056 638 fervens
1083 581 1339 655 martyris
1370 581 1737 636 Abundantia.

3720 284 3799 343 πω

2206 415 2258 474 Α
2286 394 2474 451 Gratis
2502 397 2597 452 sed
2623 396 2870 452 obtinere
2898 399 3040 468 quod
3069 398 3391 467 nequiverat

2291 486 2537 558 Triginta
2563 488 2801 559 quinque
2826 489 2994 544 sumit
3020 489 3202 543 aureis
3228 488 3372 542 datis

2289 580 2505 636 Honore
2528 584 2767 638 condens
2795 598 2903 654 quo
2934 583 3160 638 decebat
3185 593 3503 654 martyrem.

2021 674 2446 771 eArcr'qu

1654 801 1732 856 Dc
1764 813 1943 878 srmrlo
1975 804 2174 860 Sabino
2203 806 2444 878 episcopo
2474 815 2522 862 et
2548 805 2705 862 sociis
2731 806 2869 876 ejus.

590 924 909 995 Triumphat
940 922 1310 979 hoeSabinus
1336 930 1468 976 azstu
1508 918 1773 992 pontifex,

588 1018 690 1085 Qui
722 1016 1025 1088 disciplinis
1055 1014 1252 1070 nobilis
1282 1014 1620 1077 coelestibus,

598 1110 776 1165 Sensu
810 1109 953 1178 pius,
985 1121 1236 1163 sermone
1266 1105 1707 1169 facundissimus,

598 1199 934 1255 Venustiano
954 1208 1140 1253 tentus
1166 1200 1349 1253 adstat
1370 1196 1586 1267 praesidi

593 1290 621 1347 J
630 1292 808 1346 unctis
835 1305 1004 1346 sacra:
1026 1288 1279 1343 Marcello
1299 1298 1354 1343 et
1378 1287 1765 1358 Exuperantio.

592 1387 717 1438 Arte
752 1381 1043 1445 ministris,
1080 1380 1436 1451 pluribusque
1458 1378 1695 1434 clericis.

591 1474 690 1530 Cui
720 1488 922 1546 praeses
952 1472 1104 1529 ohdit
1138 1486 1363 1526 aureum
1393 1469 1580 1524 Jovem
1614 1485 1796 1535 suum,

594 1567 675 1621 Ad
699 1565 1112 1637 supplicandum
1141 1573 1290 1619 veste
1323 1562 1469 1617 fulva
1497 1561 1783 1634 fulgidum.

592 1654 706 1710 lloc
741 1655 833 1710 ille
856 1665 1073 1724 sumpto
1097 1661 1220 1708 vota
1247 1650 1467 1707 Christo
1490 1650 1699 1720 dirigit,

593 1748 815 1817 Deoque
851 1749 982 1802 trito
1012 1746 1170 1801 dorsa
1204 1753 1367 1801 terra:
1390 1744 1648 1815 percutit,

588 1841 656 1895 Et
678 1841 1069 1896 comminutum
1093 1837 1332 1894 dissilire
1368 1836 1586 1909 projicit
1610 1854 1624 1892 :

597 1931 964 1988 chustiauus
996 1931 1123 1985 hinc
1150 1928 1336 1984 furore
1363 1928 1626 1995 fervidus,

591 2022 787 2077 Manus
819 2022 1016 2078 recidit
1046 2021 1348 2092 proterenti
1381 2021 1626 2085 numina,

590 2113 831 2168 Comites
854 2121 1077 2167 catasta:
1100 2110 1457 2166 lanciuamlos
1486 2111 1767 2182 appliCaus
1782 2153 1797 2175 ,

591 2207 738 2274 Quos
765 2206 885 2261 dire
911 2206 1124 2261 acerbis
1146 2214 1449 2260 maceratos
1480 2203 1713 2260 fustibus

593 2301 768 2356 διηνὶε
810 2298 1045 2355 secando
1076 2297 1249 2353 sulcat
1277 2305 1433 2352 atrox
1465 2295 1760 2367 unguibus;

598 2391 727 2447 Post
758 2392 880 2462 igne
908 2390 1031 2445 tosti
1056 2388 1365 2444 confitendo
1388 2387 1614 2459 gloriam

592 2483 795 2537 Christi
828 2483 1047 2537 beatum
1074 2482 1125 2536 in
1150 2469 1298 2536 astra
1326 2480 1510 2549 legant
1540 2478 1810 2548 spiritum,

591 2575 905 2643 Danturque
935 2572 1172 2644 lymphis
1202 2571 1446 2626 membra
1472 2584 1648 2625 mersa
1681 2568 1877 2640 gurgiti

593 2666 832 2733 Quidam
868 2666 1171 2720 vividarum
1205 2672 1525 2733 persecutor
1554 2664 1821 2735 gentium,

593 2758 792 2813 Juncto
822 2759 1125 2820 sacerdote,
1156 2756 1295 2810 alma
1328 2756 1469 2811 tollit
1497 2770 1748 2821 munera,

594 2848 862 2919 Viamque
882 2845 1037 2915 juxta
1069 2847 1207 2902 lecta
1239 2845 1308 2900 ab
1340 2846 1500 2900 undis
1527 2845 1781 2901 collocat.

592 2940 795 2995 Prmsul
822 2939 1059 2994 Sabinus
1095 2937 1302 2994 carceri
1332 2937 1658 3003 detruditur,

593 3032 798 3087 Devuta
831 3031 1001 3086 servit
1030 3030 1117 3085 cui
1143 3029 1367 3096 Serena,
1401 3029 1606 3084 lumine

595 3124 825 3193 Captum
861 3130 1109 3191 nepotem
1138 3120 1478 3176 Priscianum
1506 3136 1626 3190 qua:
1649 3120 1839 3176 dolens

597 3213 851 3269 Perducit
879 3212 1422 3285 ejusgsuhlevandum
1452 3213 1708 3282 tegmine.

595 3307 669 3360 At
701 3317 914 3374 trunca,
951 3305 1168 3361 clausos
1196 3303 1395 3376 praesul
1420 3305 1582 3359 orbes
1609 3303 1832 3359 brachia

2287 923 2462 994 Super
2491 931 2773 994 coaptans,
2801 921 3043 977 ﬂammat
3067 921 3371 977 exstinctus
3394 920 3556 988 faces,

2286 1015 2542 1071 Oratione
2570 1015 2716 1070 clara
2744 1013 2975 1070 fundens
3010 1014 3238 1069 lumina.

2292 1106 2500 1162 Virtute
2523 1109 2637 1162 visa
2666 1106 2867 1161 subditi
2897 1107 3155 1161 custodia:

2284 1198 2364 1253 Pii
2387 1198 2592 1254 da‘toris
2629 1206 2946 1269 competunt
2974 1198 3221 1268 vestigia,

2285 1290 2406 1345 Mox
2433 1289 2584 1345 fonte
2611 1289 2707 1344 loti
2732 1297 3126 1345 consecrantur
3146 1290 3400 1345 undecim
3429 1308 3444 1344 :

2287 1382 2419 1450 Qua:
2456 1381 2704 1436 nuntiata
2735 1381 2859 1436 dum
2891 1389 3180 1452 patescunt
3206 1381 3445 1451 prtesidi,

2286 1473 2574 1543 Languore
2600 1473 2805 1544 lippum
2832 1488 2993 1542 quem
3028 1473 3335 1542 coquebant
3363 1472 3581 1539 lumina,

2290 1563 2361 1621 Ut
2391 1579 2493 1619 nec
2522 1564 2697 1629 cibus,
2732 1579 2833 1618 nec
2860 1577 3085 1618 somnus
3114 1563 3240 1619 huic
3272 1564 3573 1634 captabilis,

2289 1655 2452 1711 Mittit
2472 1656 2710 1727 jugalem
2742 1671 2864 1711 cum
2894 1655 3104 1711 duobus
3132 1655 3321 1711 liberis
3353 1727 3357 1731 _

2288 1747 2525 1803 Poscens
2550 1747 2814 1803 Sabinum
2844 1747 3055 1812 adesse,
3088 1748 3272 1803 venire
3292 1763 3324 1802 e
3351 1763 3581 1813 carcere,

2290 1839 2568 1910 Pedesque
2593 1841 2694 1895 visi
2724 1857 2846 1897 cum
2871 1841 3059 1897 dolore
3089 1850 3144 1897 et
3164 1839 3426 1913 lacrymis

2289 1931 2431 1987 Petit
2453 1932 2633 1997 recisi,
2666 1933 2843 1987 dando
2867 1933 3293 2002 pmnitudinem;

2292 2023 2550 2080 Lamenta
2578 2027 2775 2096 conjux
2807 2035 2992 2095 auget,
3017 2036 3181 2097 atque
3212 2026 3309 2082 filii

2294 2112 2467 2169 Sacro
2498 2115 2668 2170 dicari
2698 2131 2758 2171 se
2789 2124 3035 2186 petentes
3060 2121 3299 2190 gurgite,

2210 2183 2259 2244 Β
2288 2204 2553 2259 lntinclus
2585 2205 2725 2260 unda
2758 2183 2912 2276 pelve
2942 2217 2999 2261 ut
3029 2183 3140 2263 eait
3164 2183 3431 2268 candidus

2292 2295 2521 2362 Praeses,
2544 2296 2788 2351 dolorem
2823 2299 2967 2354 haud
2992 2302 3158 2355 sentit
3186 2303 3352 2358 ullum
3378 2304 3641 2360 luminum.

2295 2387 2709 2443 Annuntiautur
2734 2388 2848 2444 haec
2877 2399 3095 2459 patrata
3125 2392 3348 2459 Carsari,

2291 2482 2393 2549 Qui
2428 2492 2617 2553 raptus
2642 2483 2722 2538 ira
2754 2484 2887 2541 dans
2913 2486 3176 2542 Sabinum
3201 2490 3459 2554 tormini,

2292 2575 2688 2630 chttstianum
2729 2578 2905 2647 capite
2933 2578 3092 2648 plecti
3126 2581 3413 2651 prmcipit;

2291 2670 2462 2736 Quem
2496 2686 2617 2725 cum
2639 2668 2808 2742 jugali
2838 2687 2903 2726 ac
2933 2671 3119 2727 liberis
3146 2672 3253 2728 fert
3281 2665 3482 2730 LuCius

2292 2761 2466 2816 Letho
2496 2762 2770 2822 tribunus.
2802 2777 2903 2818 uec
2927 2773 3172 2834 rogatum
3200 2764 3409 2835 judice,

2292 2853 2573 2923 Spoletum
2604 2853 2655 2907 in
2685 2853 2874 2908 urbem
2903 2856 2993 2923 qui
3027 2853 3290 2910 Sabinum
3321 2857 3575 2928 dirigens,

2291 2942 2462 2999 thdit
2488 2944 2706 2999 beatum
2737 2946 2863 3000 dum
2898 2946 2991 3001 dat
3019 2948 3185 3003 astris
3216 2948 3465 3018 spiritum
3499 2967 3513 3015 ;

2293 3036 2517 3093 Glebam
2546 3040 2751 3096 Serena
2781 3056 2900 3110 qua:
2924 3056 3119 3097 manus
3148 3053 3394 3099 aromate

2290 3128 2623 3184 Coudiverat
2647 3131 2929 3202 complexa
2961 3132 3089 3186 vitri
3111 3133 3257 3188 dolio

2290 3219 2441 3273 Domi
2474 3231 2758 3290 receptans
2781 3221 2980 3278 moenia
3007 3238 3167 3278 secus
3204 3224 3455 3281 collocat.

2008 3395 2236 3493 CAPUT
2276 3434 2415 3490 xw.

1801 3526 1876 3583 De
1897 3530 2092 3586 sanctis
2117 3528 2296 3586 Felice
2331 3540 2377 3585 et
2408 3528 2706 3584 Fortunato

666 3630 1026 3695 lloc'fervore
1058 3635 1456 3706 triumphantes
1479 3635 1727 3705 Aquileia
1758 3637 1894 3693 vidit

594 3733 838 3790 Felicem
874 3746 938 3787 ac
964 3730 1345 3795 Fortunatam,
1377 3744 1527 3795 caro,
1558 3729 1735 3805 gratia
1764 3728 1965 3788 fratres

597 3828 745 3895 Quos
768 3824 937 3889 dedit,
963 3832 1018 3877 at
1043 3822 1244 3879 Christi
1278 3820 1424 3876 ferro
1454 3821 1728 3893 praeconia
1753 3823 1898 3879 necti

598 3920 969 3975 Prodiderant
994 3935 1009 3984 ;
1043 3918 1246 3987 quique
1272 3915 1489 3970 Eufimii
1527 3926 1653 3972 sunt
1675 3918 1922 3987 praesidis
1947 3920 2053 3974 acti

595 4010 715 4066 lluc
749 4010 963 4073 rostris,
994 4010 1083 4064 ubi
1108 4008 1241 4062 dant
1267 4006 1473 4063 Christi
1503 4008 1799 4064 fortissima
1828 4010 2005 4067 laudis

601 4102 840 4157 Robora.
876 4100 990 4166 Qua
1019 4110 1209 4169 pectus
1236 4098 1421 4152 furiali
1446 4097 1647 4167 judicis
1670 4100 1749 4156 ira

598 4191 907 4261 Oppletum,
939 4188 1041 4243 tela
1071 4190 1123 4243 in
1161 4197 1327 4244 testes
1359 4188 1598 4243 crudelia
1625 4199 1858 4260 torquet,

598 4281 868 4351 Applicat,
906 4278 1271 4347 appenditque
1300 4277 1433 4332 feris
1461 4280 1797 4335 cruciatibus
1823 4291 2029 4347 arctos,

600 4371 783 4427 Mente
805 4371 1024 4442 quidem
1052 4370 1183 4425 celsi
1218 4369 1483 4424 tolluntur
1517 4370 1722 4425 honore
1750 4381 2000 4440 catastzc;

597 4465 965 4536 Lampadibus
1000 4463 1143 4519 latus
1171 4463 1436 4533 appositis
1471 4463 1760 4519 urentibus
1787 4465 2006 4532 ardent,

601 4558 734 4626 Quae
763 4568 942 4612 tamen
969 4557 1240 4612 almorum
1268 4557 1456 4612 divino
1476 4557 1719 4613 carmine
1741 4556 1965 4629 frigent;

606 4650 842 4705 Vincunt
872 4649 996 4719 igne
1023 4649 1192 4703 animi
1219 4647 1499 4720 flagrantis
1525 4647 1803 4719 lampadas
1836 4650 2005 4721 ignis;

602 4739 828 4795 Viscera
854 4739 1080 4810 perfusi,
1121 4739 1444 4809 ardentique
1469 4737 1679 4809 liquore
1702 4740 2002 4807 madentes,

599 4831 872 4886 Flammas
891 4831 1223 4885 interimunt
1248 4831 1483 4903 hymnis,
1512 4831 1742 4901 oleoque
1768 4834 1992 4903 superni

2211 4818 2264 4877 D

2289 3642 2554 3714 Unguinis
2576 3653 2904 3714 exsuperant
2932 3659 3083 3716 ignes
3103 3648 3368 3704 ferventis
3394 3650 3551 3717 olivi;

2288 3734 2605 3791 Perstantes
2641 3736 2692 3790 in
2719 3736 2878 3792 laude
2903 3738 3082 3794 Patris
3108 3741 3226 3796 sine
3255 3741 3431 3797 limite
3459 3743 3630 3806 fortes,

2293 3826 2495 3881 Urbem
2531 3836 2685 3882 extra
2714 3828 2859 3882 ducti
2888 3829 3111 3885 fluvium
3136 3846 3297 3905 secus
3318 3834 3470 3889 urbis
3489 3835 3746 3900 alumnum,

2292 3919 2526 3975 Verticis
2556 3934 2586 3974 e
2615 3922 2785 3975 multa
2814 3922 3039 3990 capiunt
3061 3923 3307 3979 cmlestia
3341 3940 3527 3996 regna,

2294 4011 2361 4065 Et
2382 4012 2529 4066 ferro
2557 4012 2797 4082 expliciti
2829 4016 3062 4069 subeunt
3088 4014 3303 4087 fastigia
3332 4019 3480 4074 caeli.

2296 4099 2462 4156 Nocte
2494 4102 2566 4171 pii
2599 4102 2809 4157 sublata
2842 4104 2943 4173 viri
2968 4120 3121 4160 sacra
3151 4108 3397 4163 membra
3421 4118 3697 4182 receptant.

2292 4193 2602 4264 Aulzeisque
2635 4196 2872 4266 obnupta
2897 4200 3070 4265 novis,
3097 4208 3153 4254 et
3184 4211 3432 4257 aromate
3461 4206 3701 4258 condunt.

2293 4285 2525 4356 Pignora
2549 4288 2717 4341 chara
2752 4288 2960 4345 referre
2990 4291 3136 4347 viros
3159 4290 3405 4348 Vicentia
3438 4296 3627 4361 mittit;

2300 4380 2519 4437 Nisibus
2548 4391 2602 4436 at
2622 4383 2818 4453 emptis
2848 4384 3075 4439 obstans
3096 4385 3345 4455 Aquileia
3368 4389 3565 4451 sancti,

2294 4472 2531 4530 Tandem
2563 4476 2764 4546 agitata
2796 4477 2900 4548 piis
2929 4478 3139 4549 sepitur
3162 4496 3339 4551 pugna
3365 4481 3629 4551 quereliS'

2291 4563 2458 4619 Paeto
2482 4567 2605 4635 jure
2627 4579 2791 4639 caput
2820 4571 3040 4640 capiens
3063 4571 3311 4642 Aquileia
3334 4575 3531 4641 sancti,

2294 4654 2513 4722 Felicis,
2545 4656 2830 4713 Fortunati
2856 4661 3014 4715 simul
3043 4678 3166 4717 ossa
3197 4676 3471 4735 capessat,

2292 4746 2523 4805 Pectora
2550 4750 2745 4808 Felicis
2772 4763 2936 4824 caput
2962 4763 3017 4811 ct
3043 4755 3285 4811 Vicentia
3313 4758 3520 4814 fratris.

2050 4985 2279 5044 CAPUT
2320 4989 2432 5044 XV.

2009 5075 2088 5131 De
2144 5094 2279 5133 sane.
2291 5097 2324 5134 a
2372 5082 2525 5150 Afra.

685 5186 942 5241 Traditur
964 5185 1065 5240 hac
1087 5184 1234 5240 rabie
1265 5200 1548 5254 procerum
1574 5177 1826 5257 perpessa
1854 5187 2094 5245 furorem

602 5278 733 5330 Afra
766 5280 857 5330 Dei
884 5279 1107 5330 cultrix.
1142 5277 1445 5330 Zahulinne
1469 5290 1655 5330 erepta
1683 5269 1908 5330 rapinis-

2287 5199 2461 5264 Quam
2489 5210 2645 5249 sacer
2675 5211 2964 5266 aggressus
2992 5197 3199 5266 laqueis
3225 5198 3420 5254 eduxit
3443 5198 3651 5263 Averni,

2294 5286 2677 5330 thvnrmmm
2706 5286 2842 5330 Inmn
2868 5303 3030 5330 enrpn
3052 5286 3258 5330 Clirieti
3283 5290 3453 5330 ndidi!
3481 5290 3661 5330 nulum-
