3908 5426
554 195 660 253 745
1228 193 1618 250 FLODOARDI
1657 194 1976 249 CANONICI
2020 194 2366 249 IIICMENSIS
2405 194 2766 252 OPUSCULA
2810 197 3134 256 METRICA.
3304 168 3312 175 ἢ
3700 204 3786 259 711

550 310 773 365 Tetram
800 315 1064 363 tartareas
1094 307 1332 361 animam
1363 307 1598 363 demittit
1627 305 1680 359 in
1712 304 1956 370 umbras,
2162 317 2210 375 Α
2240 305 2441 360 Privati
2476 308 2756 364 Dominum
2781 309 2921 380 juris
2955 311 3241 382 plangente
3271 313 3533 378 tumultu;

552 401 634 456 Ad
665 416 851 472 pinnas
879 401 1073 470 pmuis,
1107 399 1436 454 cruciatibus
1464 399 1530 453 ad
1561 397 1832 453 cruciatus
2245 398 2467 454 Ducitur
2497 400 2596 455 istc
2626 401 2867 473 domum,
2902 418 3009 472 quo
3037 413 3276 471 tempore
3298 419 3443 461 s;cva
3474 413 3679 468 putatus

548 491 786 561 Cogitur,
816 489 883 544 ad
916 490 1163 545 tenebras
1193 482 1375 546 mundi
1420 490 1488 544 de
1517 489 1636 543 luce
1670 486 1955 556 superbus.
2242 490 2439 563 Flagra
2468 493 2672 556 subire,
2712 493 2818 562 poli
2862 505 2974 549 toto
3000 495 3289 564 plaudente
3314 505 3538 559 senatu,

549 580 816 635 Eximitur
846 580 1101 643 tenebris,
1131 581 1349 651 exitque
1379 582 1446 636 ad
1480 580 1677 635 lumina
1703 579 1899 647 justus.
2246 582 2517 639 Victorem
2545 599 2757 654 quoque
2780 584 2976 640 livores
3004 596 3315 641 reverenter
3344 588 3591 644 adorant.

552 672 773 729 Ducitur
802 672 891 729 ille
922 689 1052 744 rogo
1080 687 1185 743 qua
1222 673 1452 727 verbera
1476 681 1700 726 voverat
1734 671 1888 734 hora,

1956 832 2069 881 CA:
2093 825 2187 880 UT
2229 822 2409 879 XVIII.

1698 933 1777 989 De
1803 936 2001 990 sanctis
2033 936 2243 991 Marino
2275 946 2323 991 et
2354 934 2647 989 Almaclrio.

546 1057 865 1112 Innumeros
894 1067 1067 1122 usque
1110 1051 1252 1106 hanc
1281 1051 1470 1106 urbem
1501 1049 1796 1121 compsisse
1827 1051 2130 1122 triumphos
2235 1050 2516 1106 Pastorem
2546 1050 2691 1104 hunc
2720 1048 2917 1119 Ephesi
2958 1065 3269 1106 memorans
3303 1050 3542 1121 lgnatius
3568 1054 3699 1124 ipse,

545 1146 879 1216 Accipimus,
912 1152 1195 1213 postquam
1237 1141 1493 1211 praecelsa
1525 1141 1753 1212 insignia
1786 1141 1987 1196 Christi
2236 1142 2391 1197 Ilunc
2420 1142 2522 1197 sibi
2551 1142 2827 1196 doctorem
2853 1140 3071 1209 prmfert
3094 1141 3431 1212 charumque
3460 1148 3767 1215 magistrum,

549 1237 667 1292 lluc
702 1237 897 1291 Petrus
922 1234 1227 1304 Paulusque
1256 1232 1461 1298 ferunt,
1488 1232 1771 1302 larvasque
1800 1232 2066 1302 l‘ugantcs,
2234 1234 2400 1303 Inque
2427 1234 2544 1305 ejus
2573 1242 2831 1304 przestare
2853 1249 3043 1304 greges
3073 1235 3322 1289 hortatur
3344 1250 3532 1290 amore
3561 1255 3574 1290 :

548 1336 711 1406 Signa
737 1348 968 1403 superna
1000 1333 1180 1386 crucis
1206 1328 1431 1384 rutilare
1471 1329 1523 1382 in
1551 1329 1747 1382 rumnia
1788 1339 2067 1397 prmstant.
2238 1326 2588 1398 Maguiﬁcans
2615 1326 2899 1380 Dominum
2933 1325 3021 1380 tali
3054 1327 3145 1396 qui
3172 1343 3270 1398 pro
3299 1329 3436 1383 duce
3461 1331 3643 1385 caulas

548 1427 661 1482 Non
693 1427 955 1482 intautuxu
987 1424 1194 1495 apicem
1223 1422 1386 1491 prisci
1415 1436 1615 1476 vexere
1641 1431 1893 1491 parentes
2239 1419 2545 1474 Servandas
2576 1419 2812 1474 retinere
2847 1419 3018 1483 dedit,
3054 1436 3215 1489 quem
3246 1421 3419 1477 Roma
3443 1425 3663 1493 petitqu

547 1518 773 1572 Romam
813 1517 903 1571 lite
931 1523 1135 1579 truces,
1161 1513 1399 1567 fraterna
1425 1513 1570 1566 caede
1597 1513 1902 1577 madentes;
2238 1508 2390 1564 Nube
2413 1510 2610 1579 premit
2643 1509 2901 1578 lapidum,
2932 1511 3223 1581 conditque
3249 1515 3542 1583 sepultum,

544 1608 660 1663 Non
689 1608 883 1673 Numa,
920 1623 1027 1662 non
1058 1606 1225 1670 Dvcii,
1260 1604 1432 1668 Marii,
1459 1604 1702 1667 Camilli,
2159 1586 2205 1645 Β
2237 1599 2346 1655 Nec
2373 1600 2568 1655 retinet
2597 1599 2810 1671 longum
2832 1641 2849 1664 ,
2876 1601 3098 1671 sedique
3124 1603 3383 1673 gregique
3408 1607 3699 1661 remissum.

543 1701 714 1765 Bruti,
742 1699 1043 1769 Scipiades,
1067 1697 1376 1760 Cicerones,
1403 1696 1516 1751 sire
1541 1695 1773 1749 Catones
2238 1692 2336 1746 llic
2361 1692 2523 1746 etiam
2551 1693 2791 1747 occurrit
2819 1692 3001 1748 clarus
3024 1693 3224 1748 virtute
3246 1692 3493 1750 Marinus

543 1789 659 1845 Non
690 1805 861 1860 reges,
893 1803 1165 1859 proceres,
1195 1804 1298 1841 non
1333 1803 1507 1841 annua
1532 1788 1652 1856 jura
1680 1796 1951 1856 gerentes,
2235 1785 2424 1839 Almus
2448 1794 2503 1840 et
2539 1785 2875 1851 Almacbius,
2901 1786 3080 1841 valida
3119 1787 3210 1857 qui
3235 1798 3417 1844 mente
3441 1790 3643 1846 furores

545 1882 662 1937 Non
690 1882 840 1937 orbis
863 1880 1076 1935 Domini
1111 1880 1293 1933 mundi
1322 1880 1529 1950 fulgore
1561 1880 1747 1949 potiti;
2236 1877 2487 1932 Indocilis
2517 1877 2655 1949 vulgi
2682 1892 3013 1947 spurcasque
3040 1879 3316 1950 redarguit
3343 1895 3472 1937 aras

545 1977 717 2042 Quam
748 1982 881 2044 quot
910 1972 1262 2042 pnetuleraut
1293 1972 1472 2042 regnis
1498 1973 1564 2026 ad
1592 1988 1800 2026 summa
1832 1972 2077 2038 relatam,
2236 1968 2350 2036 Qua
2379 1969 2593 2024 solitum
2620 1969 2856 2024 insanire
2886 1971 2974 2025 die
3008 1968 3268 2026 libamine
3293 1973 3452 2042 nugis

546 2066 649 2120 'l‘ot
680 2064 839 2120 simul
869 2064 1121 2121 addixere
1145 2062 1290 2133 jugis
1321 2063 1386 2117 ad
1417 2077 1557 2119 saeva
1592 2063 1894 2118 subactam.
2232 2060 2391 2114 Anno
2421 2060 2542 2130 plus
2577 2060 2820 2129 reliquo;
2854 2060 3092 2131 dumque
3123 2071 3243 2116 atra
3272 2064 3521 2118 recidere
3558 2063 3707 2120 tendit

544 2156 709 2223 Qucis
740 2156 879 2211 hanc
909 2155 1155 2227 signiferi
1192 2154 1369 2210 crucis
1394 2154 1717 2222 athletmque
1747 2163 1989 2224 potentes
2232 2150 2501 2207 Cordibus
2526 2160 2689 2221 atque
2715 2151 2855 2205 calet
2877 2152 3087 2207 stolidis
3109 2153 3341 2208 avellere
3372 2154 3517 2219 dira,

545 2249 768 2305 Solvere
792 2249 1145 2319 compedibus
1172 2255 1399 2311 certant,
1430 2247 1674 2318 coeloque
1699 2245 1976 2319 coaptant,
2232 2242 2454 2314 Mystiea
2482 2259 2591 2313 quo
2614 2242 2750 2298 l'esto
2776 2242 2897 2296 data
2923 2243 3268 2299 circumcisio
3297 2244 3540 2313 Cbrisro,

543 2341 783 2396 Diversis
809 2340 1034 2395 ducibus
1063 2342 1339 2410 multoque
1368 2340 1564 2394 ardore
1594 2341 1845 2395 nitentes.
2235 2337 2603 2393 Bacchantum
2634 2324 2801 2393 furias
2825 2339 2877 2393 in
2908 2352 2967 2393 se
2993 2346 3157 2402 rotat,
3188 2325 3355 2408 atque
3379 2337 3614 2393 furentes

549 2432 624 2486 Ex
655 2432 849 2502 quibus
875 2430 1182 2495 Onesimus,
1209 2430 1360 2485 Pauli
1390 2432 1490 2486 sub
1518 2431 1727 2486 vincula
1758 2442 1953 2503 gnatus
1972 2473 1985 2496 ,
2235 2431 2339 2486 Tot
2367 2432 2551 2486 turbas
2582 2433 2875 2501 prohibens
2903 2431 3072 2497 solus,
3099 2440 3178 2486 tot
3204 2430 3441 2486 millibus
3471 2447 3604 2485 unus

543 2524 725 2578 Verna
749 2522 1099 2587 Philemonis,
1134 2523 1365 2577 famulus
1394 2524 1486 2577 sed
1520 2540 1741 2577 munere
1767 2524 1991 2587 Christi,
2235 2523 2517 2580 Obsistens
2545 2525 2754 2578 ratione
2776 2522 2952 2588 feros,
2980 2523 3183 2592 pietate
3211 2537 3432 2578 severos

542 2614 824 2683 Quondam
853 2616 1020 2670 durus
1045 2616 1193 2679 hero,
1225 2623 1345 2685 post
1381 2616 1480 2685 ipsi
1511 2627 1567 2670 et
1591 2615 1832 2685 pluribus
1857 2625 2013 2686 aptus
2234 2615 2567 2687 Aggrediens
2596 2630 2793 2669 vesana
2818 2614 3017 2669 animis
3044 2623 3291 2669 avertere
3320 2614 3489 2669 torvis

544 2707 766 2776 Propria
802 2723 962 2778 quem
1000 2724 1229 2780 magnus
1254 2712 1603 2764 commendat
1629 2711 1806 2766 visere
1833 2710 2054 2776 Paulus,
2235 2707 2483 2772 Euitens,
2515 2705 2706 2778 gladiis
2731 2705 3103 2774 grassantibus
3131 2705 3335 2775 appetit
3364 2714 3529 2775 atque

547 2797 972 2868 Pontiﬁcemque
997 2813 1221 2854 sacrans
1252 2798 1463 2870 delegat
1484 2799 1689 2855 semine
1713 2799 1882 2855 verbi.
2237 2797 2500 2852 Sardibus
2529 2796 2834 2867 indignatus
2867 2795 2982 2850 adit
3007 2794 3249 2851 caalestia
3275 2796 3502 2867 dignus.

1994 2949 2226 3005 CAPUT
2269 2948 2409 3003 XIX.

1926 3059 2003 3113 De
2042 3061 2222 3115 sancta
2259 3061 2475 3130 Agncle.

542 3171 749 3244 Inclyta
768 3170 1017 3226 nobilitat
1043 3172 1366 3227 venerandae
1390 3171 1618 3242 virginis
1650 3171 1848 3228 Urbem
2159 3168 2206 3230 C
2241 3172 2330 3229 Illa
2357 3175 2464 3229 dati
2492 3173 2746 3229 inviolata
2777 3173 2947 3229 refert
2967 3172 3080 3243 jam
3112 3176 3324 3232 vincula
3348 3173 3490 3246 pacti

544 3264 731 3334 Agnes
756 3262 917 3327 fama,
948 3261 1113 3316 decus
1142 3271 1330 3318 tenero
1357 3277 1476 3331 qua:
1507 3274 1665 3317 nacta
1694 3265 1793 3318 sub
1821 3280 1937 3319 aevo
2236 3264 2616 3328 Permansura,
2645 3264 2803 3320 ﬁdem
2828 3276 3032 3321 artemo
3070 3268 3269 3322 durare
3291 3270 3394 3324 sub
3418 3283 3550 3324 azvo.

544 3351 812 3423 Martyrii,
852 3351 1087 3406 tumidos
1116 3352 1300 3406 mundi
1330 3352 1561 3407 calcavit
1581 3354 1834 3409 honores.
2235 3356 2525 3412 Praefectus
2547 3359 2765 3427 generis
2784 3360 2962 3431 sperni
2993 3376 3050 3416 se
3076 3364 3337 3433 sanguine
3358 3364 3552 3434 quovis

543 3440 672 3499 Haec
703 3443 829 3497 dum
858 3441 976 3514 lege
1008 3441 1101 3497 Dei
1126 3442 1363 3513 pueriles
1383 3454 1669 3499 consecrat
1692 3460 1882 3509 annos,
2234 3448 2518 3519 Adstupet,
2551 3449 2920 3521 indagansque
2968 3453 3115 3522 capit
3146 3453 3347 3525 Christi
3380 3455 3545 3509 ardua
3570 3454 3676 3508 ferri
3704 3470 3717 3518 ;

546 3536 787 3591 Summis
816 3546 994 3590 ruente
1024 3550 1222 3590 vacans
1252 3535 1443 3589 studiis
1462 3576 1476 3600 ,
1502 3537 1682 3605 specie
1710 3538 1834 3590 terit
1867 3537 1956 3591 alti
2234 3539 2410 3594 Laetus
2432 3548 2488 3593 at
2513 3538 2599 3594 ille
2628 3548 2814 3605 tumet,
2845 3540 3012 3611 jussis
3037 3558 3135 3597 ceu
3162 3556 3314 3614 parta
3353 3543 3522 3599 furori
3553 3560 3567 3611 ;

546 3627 836 3699 Sanguinis
863 3624 1159 3698 impubem,
1186 3626 1425 3697 praefecti
1456 3629 1626 3698 patris
1658 3626 1955 3696 alumnum,
2237 3629 2538 3704 Perstrepit
2573 3633 2715 3687 banc
2768 3633 2911 3702 sisti,
2942 3633 3281 3707 blandusque
3327 3638 3609 3709 minaxque
3635 3633 3771 3690 resal-

546 3718 648 3786 Qui
685 3732 950 3787 gemmas,
983 3734 1195 3783 aurum,
1224 3717 1459 3788 pretiosa
1487 3718 1703 3772 monilia
1736 3717 1898 3783 ferre,
3606 3727 3709 3799 [tab

546 3808 792 3874 Divitias,
817 3822 1064 3878 pompas,
1096 3804 1351 3872 famulos,
1377 3822 1664 3877 agrosque,
1691 3806 1989 3876 domosque

2231 3814 2323 3870 Illa
2349 3830 2504 3884 :equo
2531 3825 2793 3887 prastans
2815 3817 2997 3873 animo
3026 3818 3401 3890 tumidumque
3422 3819 3658 3893 piumque

543 3902 801 3967 Prodere,
832 3902 1065 3956 dotalem
1093 3901 1270 3962 donis,
1295 3902 1655 3971 precibusque
1685 3910 1938 3971 parentes
2234 3909 2354 3965 Uno
2385 3909 2491 3966 [ert
2520 3910 2693 3975 vultu,
2724 3912 2999 3982 similique
3028 3914 3207 3984 rigore
3232 3914 3519 3983 perhorret
3549 3927 3564 3977 ;

547 3994 967 4064 Muneribusque
998 3995 1152 4065 petit.
1178 3993 1343 4065 Virgo
1372 3995 1488 4049 hanc
1513 4004 1570 4047 ut
1595 4002 1834 4049 stercora
1860 3995 2033 4049 ducit'

2231 4005 2463 4073 Aspera,
2489 4018 2589 4059 nec
2627 4004 2881 4073 frangunt
2908 4004 3176 4070 stabilem,
3209 4018 3308 4058 nec
3331 4003 3475 4058 lenia
3498 4001 3682 4057 fallunt.

549 4089 830 4159 Serpentis
856 4088 1002 4142 velut
1032 4102 1130 4141 ora
1168 4087 1316 4156 proci
1348 4088 1491 4157 capit
1519 4103 1534 4154 ;
1562 4087 1764 4141 aethera
1807 4097 1965 4142 terrae
2233 4094 2323 4150 Ille
2351 4095 2538 4150 videns
2559 4110 2729 4149 vacuo
2752 4095 2856 4150 labi
2884 4096 3160 4152 molimine
3191 4096 3431 4162 fraudes,

544 4179 804 4245 Prmfert;
835 4177 1141 4233 [Eucadum
1176 4179 1396 4243 rectori,
1428 4188 1715 4233 stemmata
1753 4178 1951 4234 Christi

2230 4187 2393 4241 Arma
2415 4202 2570 4241 serus
2602 4185 2885 4240 manifesta
2906 4187 3048 4257 rapit
3078 4189 3315 4243 truciorc
3340 4197 3551 4257 paratu,

547 4270 875 4340 Praeponens
901 4286 914 4335 ;
946 4285 1161 4331 aurum,
1185 4284 1448 4340 gemmas,
1482 4270 1815 4335 redimicula,
1850 4281 2024 4328 ve.~tcs
2230 4276 2576 4346 Ccrnensque
2599 4278 2739 4332 hanc
2760 4287 2951 4346 optare
2989 4294 3198 4343 necem,
3228 4288 3496 4335 tormenta
3524 4287 3713 4338 vocare,

552 4361 773 4432 Spernit
805 4361 1013 4417 honore
1050 4361 1178 4432 poli,
1202 4362 1494 4432 gemmanti
1528 4361 1732 4417 lumine
1754 4361 1949 4418 cultam
2233 4348 2423 4423 Omnia
2450 4382 2562 4438 pra:
2589 4369 2729 4424 votis
2760 4370 2897 4424 hanc
2929 4378 3170 4425 temnere
3198 4371 3333 4425 dura
3365 4369 3622 4440 superuis,

549 4453 624 4508 Se
652 4467 984 4519 memorans,
1016 4453 1201 4523 sponsi
1227 4452 1494 4508 thalamos
1517 4452 1779 4519 melioris,
1804 4454 1970 4510 inisse
2158 4520 2201 4533 λ
2231 4461 2360 4529 Quae
2389 4462 2563 4533 magis
2591 4462 2868 4517 horrescat
2899 4473 3118 4517 versuto
3141 4464 3388 4533 providet
3415 4473 3555 4527 astu,

546 4547 809 4604 Nobilitas
830 4548 915 4603 cui
946 4520 1281 4618 praecellens,
1308 4551 1590 4621 potiorque
1612 4558 1870 4620 potestas,
2158 4520 2205 4579 Β
2233 4520 2573 4622 Pelliceoque
2592 4553 2745 4623 jubet
2768 4554 2963 4608 nudam
2987 4520 3254 4624 raptarier
3278 4562 3461 4618 antro,

544 4644 830 4700 Pulchrior
863 4653 1132 4715 aspectus,
1158 4660 1269 4712 pra:
1304 4655 1525 4700 nectare
1553 4645 1725 4716 gratia
1749 4644 1949 4711 dulcis;
2233 4640 2496 4711 Quodque
2525 4642 2698 4714 magis
2726 4642 2928 4707 doleat,
2960 4658 3058 4712 per
3086 4644 3262 4714 turpia
3285 4644 3490 4700 ludicra
3512 4641 3639 4698 velli.

545 4736 816 4790 Gazarum
842 4750 901 4789 se
936 4735 1143 4790 addens
1171 4735 1389 4804 inopino
1408 4736 1656 4805 pondere
1681 4745 1916 4805 pactam,
2232 4734 2457 4787 Accedit
2485 4732 2751 4788 luctatrici
2780 4733 2865 4803 pia
2894 4736 3066 4804 gratia
3087 4734 3315 4803 Christi,

549 4823 882 4878 Continuans
912 4831 966 4877 et
989 4837 1142 4892 opes,
1163 4830 1219 4876 et
1242 4822 1435 4892 gaudia
1459 4824 1640 4878 nescia
1674 4824 1876 4886 incesti,
2232 4823 2601 4894 Tegmiuaque
2621 4824 2808 4880 cll'usis
2846 4838 3096 4881 crescunt
3121 4843 3219 4897 per
3248 4828 3488 4883 membra
3512 4823 3713 4895 capillis,

548 4919 785 4990 Organa,
808 4933 1062 4972 curarum
1089 4918 1361 4973 dulcorcm
1392 4919 1546 4973 mella
1579 4929 1913 4988 prementem
2231 4912 2539 4969 Densantur
2556 4916 2748 4983 raptim
2778 4915 2958 4969 crines
2981 4916 3225 4985 inoperta
3256 4927 3497 4987 tegentes

550 5009 793 5074 Munera,
818 5008 1101 5081 fulgorem,
1130 5009 1294 5074 vires,
1318 5008 1555 5080 fastigia,
1574 5026 1774 5066 numen
2230 5003 2508 5074 Corporis,
2539 5021 2568 5058 a
2598 5005 2814 5061 Christo
2835 5006 2937 5061 Iusi
2971 5022 3074 5061 non
3100 5008 3334 5079 unguine
3352 5008 3484 5064 creti
3509 5026 3523 5062 :

550 5103 834 5159 leicolas
862 5103 1057 5158 subicit
1088 5119 1103 5167 ;
1139 5101 1268 5157 hinc
1297 5102 1463 5159 solem
1496 5119 1562 5157 ac
1586 5104 1764 5159 sidera
1792 5103 1972 5158 subdit
2234 5097 2331 5152 Ast
2349 5099 2435 5153 ubi
2467 5098 2792 5169 belligerans
2828 5101 3060 5155 obscena
3095 5100 3337 5157 libidinis
3372 5111 3521 5155 antra

550 5191 681 5258 Qua:
706 5194 843 5249 bona
869 5193 1168 5263 provideat,
1202 5201 1419 5263 pncstet
1439 5209 1558 5262 qua:
1581 5195 1798 5263 pracmia
1834 5197 1985 5249 texit.
2238 5190 2401 5261 Virgo
2428 5191 2596 5256 subit,
2629 5191 2765 5247 lucis
2790 5193 2967 5247 subito
2998 5192 3209 5263 fulgore
3231 5209 3536 5259 coruscans,

550 5279 801 5350 Carpitur
827 5282 949 5351 igne
967 5280 1087 5335 fero
1116 5282 1330 5350 juvenis
1362 5282 1660 5350 morboque
1681 5294 1933 5350 perustus
2236 5280 2446 5335 Emicat
2476 5281 2713 5335 :etherea
2740 5297 2932 5352 specus
2967 5283 3225 5337 irradiata
3265 5284 3448 5348 nitela,

557 5368 814 5426 Decubat.
844 5370 983 5423 haud
1008 5367 1247 5426 perferre
1280 5369 1463 5424 valens
1491 5379 1598 5423 tam
1628 5371 1835 5426 pondus
1864 5372 2126 5426 iniuuum.
2229 5371 2474 5426 Accedit.
2500 5372 2671 5426 mauis
2691 5372 2904 5426 insolitu
2936 5372 3179 5426 nulsante
3210 5375 3455 5426 nalaistra
