  <div class='ocr_page' id='page_1' title='image "/cluster/home/n/w/nwhite01/storage/ocr_20150623/135/hvd.32044015471758/381.png"; bbox 0 0 3908 5426; ppageno 0'>
   <div class='ocr_carea' id='block_1_1' title="bbox 580 310 3792 373">
    <p class='ocr_par' dir='ltr' id='par_1_1' title="bbox 580 310 3792 373">
     <span class='ocr_line' id='line_1_1' title="bbox 580 310 3792 373; baseline 0.001 -3"><span class='ocrx_word' id='word_1_1' title='bbox 580 317 682 370; x_wconf 69' lang='grc' dir='ltr'><strong>τὶἶ</strong></span> <span class='ocrx_word' id='word_1_2' title='bbox 1215 312 1604 370; x_wconf 78' lang='lat' dir='ltr'><strong>FLODOARDI</strong></span> <span class='ocrx_word' id='word_1_3' title='bbox 1646 311 1963 370; x_wconf 76' lang='lat' dir='ltr'><strong>CANONICI</strong></span> <span class='ocrx_word' id='word_1_4' title='bbox 1999 310 2344 370; x_wconf 71' lang='lat' dir='ltr'><strong>REMENSIS</strong></span> <span class='ocrx_word' id='word_1_5' title='bbox 2382 311 2746 370; x_wconf 65' lang='lat' dir='ltr'><strong>OPUSCULA</strong></span> <span class='ocrx_word' id='word_1_6' title='bbox 2785 313 3113 368; x_wconf 77' lang='lat' dir='ltr'><strong>METRIC.\.</strong></span> <span class='ocrx_word' id='word_1_7' title='bbox 3720 318 3792 373; x_wconf 61' lang='grc' dir='ltr'><strong>ἷξε</strong></span> 
     </span>
    </p>
   </div>
   <div class='ocr_carea' id='block_1_2' title="bbox 583 423 3658 498">
    <p class='ocr_par' dir='ltr' id='par_1_2' title="bbox 583 423 3658 498">
     <span class='ocr_line' id='line_1_2' title="bbox 583 423 3658 498; baseline 0.002 -17"><span class='ocrx_word' id='word_1_8' title='bbox 583 429 721 482; x_wconf 75' lang='lat' dir='ltr'><strong>Urbs</strong></span> <span class='ocrx_word' id='word_1_9' title='bbox 750 425 906 480; x_wconf 87' lang='lat' dir='ltr'><strong>simul</strong></span> <span class='ocrx_word' id='word_1_10' title='bbox 937 424 1171 486; x_wconf 60' lang='lat' dir='ltr'><strong>cxsultd.</strong></span> <span class='ocrx_word' id='word_1_11' title='bbox 1195 441 1209 488; x_wconf 87' lang='lat'><strong>;</strong></span> <span class='ocrx_word' id='word_1_12' title='bbox 1235 425 1334 482; x_wconf 87' lang='lat' dir='ltr'><strong>soli</strong></span> <span class='ocrx_word' id='word_1_13' title='bbox 1368 435 1694 496; x_wconf 70' lang='lat' dir='ltr'><strong>torquentur</strong></span> <span class='ocrx_word' id='word_1_14' title='bbox 1722 426 1913 496; x_wconf 75' lang='lat' dir='ltr'><strong>iniqui.</strong></span> <span class='ocrx_word' id='word_1_15' title='bbox 2192 431 2238 490; x_wconf 78' lang='grc' dir='ltr'><strong>Α</strong></span> <span class='ocrx_word' id='word_1_16' title='bbox 2269 423 2426 478; x_wconf 83' lang='lat' dir='ltr'><strong>Plura</strong></span> <span class='ocrx_word' id='word_1_17' title='bbox 2451 427 2635 482; x_wconf 84' lang='lat' dir='ltr'><strong>studet</strong></span> <span class='ocrx_word' id='word_1_18' title='bbox 2657 425 2874 482; x_wconf 81' lang='lat' dir='ltr'><strong>Christo</strong></span> <span class='ocrx_word' id='word_1_19' title='bbox 2893 428 3153 483; x_wconf 78' lang='lat' dir='ltr'><strong>comitum</strong></span> <span class='ocrx_word' id='word_1_20' title='bbox 3185 428 3420 498; x_wconf 81' lang='lat' dir='ltr'><strong>allegare</strong></span> <span class='ocrx_word' id='word_1_21' title='bbox 3449 429 3658 498; x_wconf 76' lang='lat' dir='ltr'><strong>talenta,</strong></span> 
     </span>
    </p>
   </div>
   <div class='ocr_carea' id='block_1_3' title="bbox 577 507 3496 588">
    <p class='ocr_par' dir='ltr' id='par_1_3' title="bbox 577 507 3496 588">
     <span class='ocr_line' id='line_1_3' title="bbox 577 507 3496 588; baseline 0.001 -14"><span class='ocrx_word' id='word_1_22' title='bbox 577 518 670 574; x_wconf 86' lang='lat' dir='ltr'><strong>Illa</strong></span> <span class='ocrx_word' id='word_1_23' title='bbox 701 526 910 588; x_wconf 88' lang='lat' dir='ltr'><strong>patrem</strong></span> <span class='ocrx_word' id='word_1_24' title='bbox 939 517 1250 588; x_wconf 74' lang='lat' dir='ltr'><strong>fratresque</strong></span> <span class='ocrx_word' id='word_1_25' title='bbox 1271 525 1461 587; x_wconf 81' lang='lat' dir='ltr'><strong>petens</strong></span> <span class='ocrx_word' id='word_1_26' title='bbox 1483 519 1577 574; x_wconf 91' lang='lat' dir='ltr'><strong>dat</strong></span> <span class='ocrx_word' id='word_1_27' title='bbox 1601 518 1829 588; x_wconf 83' lang='lat' dir='ltr'><strong>virginis</strong></span> <span class='ocrx_word' id='word_1_28' title='bbox 1860 518 1994 573; x_wconf 80' lang='lat' dir='ltr'><strong>aula:</strong></span> <span class='ocrx_word' id='word_1_29' title='bbox 2267 517 2629 585; x_wconf 83' lang='lat' dir='ltr'><strong>Asservatque</strong></span> <span class='ocrx_word' id='word_1_30' title='bbox 2655 532 2864 572; x_wconf 87' lang='lat' dir='ltr'><strong>sacram</strong></span> <span class='ocrx_word' id='word_1_31' title='bbox 2887 517 2988 572; x_wconf 89' lang='lat' dir='ltr'><strong>sub</strong></span> <span class='ocrx_word' id='word_1_32' title='bbox 3013 519 3286 588; x_wconf 77' lang='lat' dir='ltr'><strong>religionis</strong></span> <span class='ocrx_word' id='word_1_33' title='bbox 3309 507 3496 576; x_wconf 49' lang='lat' dir='ltr'><strong>a&#39;more</strong></span> 
     </span>
    </p>
   </div>
   <div class='ocr_carea' id='block_1_4' title="bbox 579 609 3680 685">
    <p class='ocr_par' dir='ltr' id='par_1_4' title="bbox 579 609 3680 685">
     <span class='ocr_line' id='line_1_4' title="bbox 579 609 3680 685; baseline 0.001 -19"><span class='ocrx_word' id='word_1_34' title='bbox 579 611 818 666; x_wconf 86' lang='lat' dir='ltr'><strong>Membra</strong></span> <span class='ocrx_word' id='word_1_35' title='bbox 849 609 1118 666; x_wconf 88' lang='lat' dir='ltr'><strong>renitendi</strong></span> <span class='ocrx_word' id='word_1_36' title='bbox 1143 610 1598 680; x_wconf 74' lang='lat' dir='ltr'><strong>mausolzeumque</strong></span> <span class='ocrx_word' id='word_1_37' title='bbox 1618 610 1806 674; x_wconf 87' lang='lat' dir='ltr'><strong>locari,</strong></span> <span class='ocrx_word' id='word_1_38' title='bbox 2267 609 2402 663; x_wconf 90' lang='lat' dir='ltr'><strong>Cum</strong></span> <span class='ocrx_word' id='word_1_39' title='bbox 2431 611 2594 664; x_wconf 84' lang='lat' dir='ltr'><strong>sociis</strong></span> <span class='ocrx_word' id='word_1_40' title='bbox 2619 609 2846 680; x_wconf 84' lang='lat' dir='ltr'><strong>Agnem,</strong></span> <span class='ocrx_word' id='word_1_41' title='bbox 2875 612 3156 680; x_wconf 76' lang='lat' dir='ltr'><strong>przcsentis</strong></span> <span class='ocrx_word' id='word_1_42' title='bbox 3180 619 3237 665; x_wconf 90' lang='lat' dir='ltr'><strong>ut</strong></span> <span class='ocrx_word' id='word_1_43' title='bbox 3274 629 3370 668; x_wconf 89' lang='lat' dir='ltr'><strong>ora</strong></span> <span class='ocrx_word' id='word_1_44' title='bbox 3403 613 3680 685; x_wconf 64' lang='lat' dir='ltr'><strong>magistra,</strong></span> 
     </span>
    </p>
   </div>
   <div class='ocr_carea' id='block_1_5' title="bbox 580 700 3550 771">
    <p class='ocr_par' dir='ltr' id='par_1_5' title="bbox 580 700 3550 771">
     <span class='ocr_line' id='line_1_5' title="bbox 580 700 3550 771; baseline 0.002 -16"><span class='ocrx_word' id='word_1_45' title='bbox 580 701 718 757; x_wconf 90' lang='lat' dir='ltr'><strong>Tum</strong></span> <span class='ocrx_word' id='word_1_46' title='bbox 739 701 841 757; x_wconf 85' lang='lat' dir='ltr'><strong>sibi</strong></span> <span class='ocrx_word' id='word_1_47' title='bbox 862 700 1082 756; x_wconf 87' lang='lat' dir='ltr'><strong>mandat</strong></span> <span class='ocrx_word' id='word_1_48' title='bbox 1103 700 1176 755; x_wconf 88' lang='lat' dir='ltr'><strong>ibi</strong></span> <span class='ocrx_word' id='word_1_49' title='bbox 1208 709 1267 754; x_wconf 94' lang='lat' dir='ltr'><strong>ut</strong></span> <span class='ocrx_word' id='word_1_50' title='bbox 1292 709 1511 754; x_wconf 87' lang='lat' dir='ltr'><strong>maneat</strong></span> <span class='ocrx_word' id='word_1_51' title='bbox 1541 715 1666 755; x_wconf 92' lang='lat' dir='ltr'><strong>cum</strong></span> <span class='ocrx_word' id='word_1_52' title='bbox 1687 700 1893 769; x_wconf 80' lang='lat' dir='ltr'><strong>virgine</strong></span> <span class='ocrx_word' id='word_1_53' title='bbox 1918 700 2087 769; x_wconf 86' lang='lat' dir='ltr'><strong>virgo,</strong></span> <span class='ocrx_word' id='word_1_54' title='bbox 2267 700 2431 768; x_wconf 85' lang='lat' dir='ltr'><strong>Cujus</strong></span> <span class='ocrx_word' id='word_1_55' title='bbox 2455 702 2506 755; x_wconf 90' lang='lat' dir='ltr'><strong>in</strong></span> <span class='ocrx_word' id='word_1_56' title='bbox 2535 702 2784 771; x_wconf 78' lang='lat' dir='ltr'><strong>exemplo</strong></span> <span class='ocrx_word' id='word_1_57' title='bbox 2806 711 3040 757; x_wconf 84' lang='lat' dir='ltr'><strong>tractant</strong></span> <span class='ocrx_word' id='word_1_58' title='bbox 3071 703 3316 758; x_wconf 77' lang='lat' dir='ltr'><strong>ctelcstia</strong></span> <span class='ocrx_word' id='word_1_59' title='bbox 3348 704 3550 760; x_wconf 57' lang='lat' dir='ltr'><strong>multa}.</strong></span> 
     </span>
    </p>
   </div>
   <div class='ocr_carea' id='block_1_6' title="bbox 578 789 3633 862">
    <p class='ocr_par' dir='ltr' id='par_1_6' title="bbox 578 789 3633 862">
     <span class='ocr_line' id='line_1_6' title="bbox 578 789 3633 862; baseline 0.001 -17"><span class='ocrx_word' id='word_1_60' title='bbox 578 790 745 845; x_wconf 82' lang='lat' dir='ltr'><strong>Fama</strong></span> <span class='ocrx_word' id='word_1_61' title='bbox 775 798 1125 860; x_wconf 75' lang='lat' dir='ltr'><strong>propagatur,</strong></span> <span class='ocrx_word' id='word_1_62' title='bbox 1150 798 1380 845; x_wconf 92' lang='lat' dir='ltr'><strong>currunt</strong></span> <span class='ocrx_word' id='word_1_63' title='bbox 1404 790 1472 844; x_wconf 85' lang='lat' dir='ltr'><strong>ad</strong></span> <span class='ocrx_word' id='word_1_64' title='bbox 1509 791 1648 845; x_wconf 92' lang='lat' dir='ltr'><strong>dona</strong></span> <span class='ocrx_word' id='word_1_65' title='bbox 1688 790 1881 845; x_wconf 87' lang='lat' dir='ltr'><strong>salutis</strong></span> <span class='ocrx_word' id='word_1_66' title='bbox 2125 839 2130 844; x_wconf 91' lang='lat'><strong>.</strong></span> <span class='ocrx_word' id='word_1_67' title='bbox 2267 789 2395 845; x_wconf 72' lang='lat' dir='ltr'><strong>&quot;me</strong></span> <span class='ocrx_word' id='word_1_68' title='bbox 2412 805 2512 862; x_wconf 89' lang='lat' dir='ltr'><strong>ego</strong></span> <span class='ocrx_word' id='word_1_69' title='bbox 2541 790 2837 862; x_wconf 87' lang='lat' dir='ltr'><strong>naufragiis</strong></span> <span class='ocrx_word' id='word_1_70' title='bbox 2873 791 3056 847; x_wconf 88' lang='lat' dir='ltr'><strong>vulsus</strong></span> <span class='ocrx_word' id='word_1_71' title='bbox 3083 792 3206 848; x_wconf 88' lang='lat' dir='ltr'><strong>licet</strong></span> <span class='ocrx_word' id='word_1_72' title='bbox 3235 792 3435 848; x_wconf 86' lang='lat' dir='ltr'><strong>horreo</strong></span> <span class='ocrx_word' id='word_1_73' title='bbox 3464 795 3633 859; x_wconf 83' lang='lat' dir='ltr'><strong>tetris,</strong></span> 
     </span>
    </p>
   </div>
   <div class='ocr_carea' id='block_1_7' title="bbox 579 877 3726 955">
    <p class='ocr_par' dir='ltr' id='par_1_7' title="bbox 579 877 3726 955">
     <span class='ocr_line' id='line_1_7' title="bbox 579 877 3726 955; baseline 0.003 -20"><span class='ocrx_word' id='word_1_74' title='bbox 579 881 833 952; x_wconf 88' lang='lat' dir='ltr'><strong>Undique</strong></span> <span class='ocrx_word' id='word_1_75' title='bbox 856 879 1099 934; x_wconf 89' lang='lat' dir='ltr'><strong>salvaudi</strong></span> <span class='ocrx_word' id='word_1_76' title='bbox 1135 896 1152 946; x_wconf 90' lang='lat'><strong>;</strong></span> <span class='ocrx_word' id='word_1_77' title='bbox 1193 878 1397 934; x_wconf 92' lang='lat' dir='ltr'><strong>nullum</strong></span> <span class='ocrx_word' id='word_1_78' title='bbox 1425 895 1550 950; x_wconf 87' lang='lat' dir='ltr'><strong>spes</strong></span> <span class='ocrx_word' id='word_1_79' title='bbox 1573 877 1712 934; x_wconf 88' lang='lat' dir='ltr'><strong>fallit</strong></span> <span class='ocrx_word' id='word_1_80' title='bbox 1742 879 1942 945; x_wconf 87' lang='lat' dir='ltr'><strong>inanis,</strong></span> <span class='ocrx_word' id='word_1_81' title='bbox 2273 881 2455 937; x_wconf 89' lang='lat' dir='ltr'><strong>Lintre</strong></span> <span class='ocrx_word' id='word_1_82' title='bbox 2490 898 2691 952; x_wconf 86' lang='lat' dir='ltr'><strong>vagans</strong></span> <span class='ocrx_word' id='word_1_83' title='bbox 2719 883 2928 955; x_wconf 87' lang='lat' dir='ltr'><strong>pelago,</strong></span> <span class='ocrx_word' id='word_1_84' title='bbox 2952 884 3224 940; x_wconf 73' lang='lat' dir='ltr'><strong>Anthrocii</strong></span> <span class='ocrx_word' id='word_1_85' title='bbox 3263 885 3358 940; x_wconf 89' lang='lat' dir='ltr'><strong>sed</strong></span> <span class='ocrx_word' id='word_1_86' title='bbox 3377 885 3507 954; x_wconf 76' lang='lat' dir='ltr'><strong>vela</strong></span> <span class='ocrx_word' id='word_1_87' title='bbox 3532 895 3726 944; x_wconf 77' lang='lat' dir='ltr'><strong>secutus</strong></span> 
     </span>
    </p>
   </div>
   <div class='ocr_carea' id='block_1_8' title="bbox 586 969 3470 1047">
    <p class='ocr_par' dir='ltr' id='par_1_8' title="bbox 586 969 3470 1047">
     <span class='ocr_line' id='line_1_8' title="bbox 586 969 3470 1047; baseline 0 -20"><span class='ocrx_word' id='word_1_88' title='bbox 586 973 864 1028; x_wconf 68' lang='lat' dir='ltr'><strong>Laetamur</strong></span> <span class='ocrx_word' id='word_1_89' title='bbox 885 971 1015 1042; x_wconf 83' lang='lat' dir='ltr'><strong>justi</strong></span> <span class='ocrx_word' id='word_1_90' title='bbox 1043 973 1326 1042; x_wconf 59' lang='lat' dir='ltr'><strong>quaesitam</strong></span> <span class='ocrx_word' id='word_1_91' title='bbox 1353 971 1499 1026; x_wconf 88' lang='lat' dir='ltr'><strong>ferre</strong></span> <span class='ocrx_word' id='word_1_92' title='bbox 1529 971 1808 1036; x_wconf 84' lang='lat' dir='ltr'><strong>medelam,</strong></span> <span class='ocrx_word' id='word_1_93' title='bbox 2273 975 2576 1046; x_wconf 72' lang='lat' dir='ltr'><strong>Virginibus</strong></span> <span class='ocrx_word' id='word_1_94' title='bbox 2601 969 2863 1030; x_wconf 71' lang='lat' dir='ltr'><strong>venerans</strong></span> <span class='ocrx_word' id='word_1_95' title='bbox 2888 976 3078 1031; x_wconf 73' lang='lat' dir='ltr'><strong>collata</strong></span> <span class='ocrx_word' id='word_1_96' title='bbox 3104 975 3319 1030; x_wconf 88' lang='lat' dir='ltr'><strong>monilia</strong></span> <span class='ocrx_word' id='word_1_97' title='bbox 3341 975 3470 1047; x_wconf 90' lang='lat' dir='ltr'><strong>legi,</strong></span> 
     </span>
    </p>
   </div>
   <div class='ocr_carea' id='block_1_9' title="bbox 578 1065 3590 1139">
    <p class='ocr_par' dir='ltr' id='par_1_9' title="bbox 578 1065 3590 1139">
     <span class='ocr_line' id='line_1_9' title="bbox 578 1065 3590 1139; baseline 0 -19"><span class='ocrx_word' id='word_1_98' title='bbox 578 1066 878 1139; x_wconf 71' lang='lat' dir='ltr'><strong>Virginitas</strong></span> <span class='ocrx_word' id='word_1_99' title='bbox 906 1076 1000 1120; x_wconf 86' lang='lat' dir='ltr'><strong>aut</strong></span> <span class='ocrx_word' id='word_1_100' title='bbox 1047 1066 1316 1135; x_wconf 71' lang='lat' dir='ltr'><strong>regigena:</strong></span> <span class='ocrx_word' id='word_1_101' title='bbox 1356 1065 1532 1135; x_wconf 85' lang='lat' dir='ltr'><strong>placet</strong></span> <span class='ocrx_word' id='word_1_102' title='bbox 1578 1065 1827 1133; x_wconf 83' lang='lat' dir='ltr'><strong>hancque</strong></span> <span class='ocrx_word' id='word_1_103' title='bbox 1874 1073 2166 1118; x_wconf 75' lang='lat' dir='ltr'><strong>VCIIUSl:IllS</strong></span> <span class='ocrx_word' id='word_1_104' title='bbox 2269 1068 2506 1132; x_wconf 82' lang='lat' dir='ltr'><strong>Quarum</strong></span> <span class='ocrx_word' id='word_1_105' title='bbox 2541 1080 2626 1118; x_wconf 90' lang='lat' dir='ltr'><strong>me</strong></span> <span class='ocrx_word' id='word_1_106' title='bbox 2643 1065 2894 1135; x_wconf 88' lang='lat' dir='ltr'><strong>precibus</strong></span> <span class='ocrx_word' id='word_1_107' title='bbox 2923 1065 3072 1120; x_wconf 89' lang='lat' dir='ltr'><strong>fusca</strong></span> <span class='ocrx_word' id='word_1_108' title='bbox 3094 1076 3218 1134; x_wconf 82' lang='lat' dir='ltr'><strong>peto</strong></span> <span class='ocrx_word' id='word_1_109' title='bbox 3243 1065 3404 1120; x_wconf 86' lang='lat' dir='ltr'><strong>sorde</strong></span> <span class='ocrx_word' id='word_1_110' title='bbox 3431 1065 3590 1135; x_wconf 79' lang='lat' dir='ltr'><strong>piari,</strong></span> 
     </span>
    </p>
   </div>
   <div class='ocr_carea' id='block_1_10' title="bbox 579 1155 3624 1229">
    <p class='ocr_par' dir='ltr' id='par_1_10' title="bbox 579 1155 3624 1229">
     <span class='ocr_line' id='line_1_10' title="bbox 579 1155 3624 1229; baseline -0.002 -13"><span class='ocrx_word' id='word_1_111' title='bbox 579 1161 716 1218; x_wconf 81' lang='lat' dir='ltr'><strong>Fine</strong></span> <span class='ocrx_word' id='word_1_112' title='bbox 743 1172 900 1220; x_wconf 91' lang='lat' dir='ltr'><strong>tenus</strong></span> <span class='ocrx_word' id='word_1_113' title='bbox 928 1162 1077 1229; x_wconf 87' lang='lat' dir='ltr'><strong>colit,</strong></span> <span class='ocrx_word' id='word_1_114' title='bbox 1101 1159 1554 1228; x_wconf 86' lang='lat' dir='ltr'><strong>accumulansque</strong></span> <span class='ocrx_word' id='word_1_115' title='bbox 1582 1158 1812 1228; x_wconf 84' lang='lat' dir='ltr'><strong>insignia</strong></span> <span class='ocrx_word' id='word_1_116' title='bbox 1836 1157 1983 1210; x_wconf 85' lang='lat' dir='ltr'><strong>lucra</strong></span> <span class='ocrx_word' id='word_1_117' title='bbox 2273 1158 2340 1212; x_wconf 69' lang='lat' dir='ltr'><strong>Lit</strong></span> <span class='ocrx_word' id='word_1_118' title='bbox 2376 1156 2586 1225; x_wconf 83' lang='lat' dir='ltr'><strong>capiam</strong></span> <span class='ocrx_word' id='word_1_119' title='bbox 2613 1157 2784 1212; x_wconf 72' lang='lat' dir='ltr'><strong>venire</strong></span> <span class='ocrx_word' id='word_1_120' title='bbox 2806 1157 3013 1213; x_wconf 88' lang='lat' dir='ltr'><strong>meritis</strong></span> <span class='ocrx_word' id='word_1_121' title='bbox 3036 1171 3157 1226; x_wconf 74' lang='lat' dir='ltr'><strong>qua:</strong></span> <span class='ocrx_word' id='word_1_122' title='bbox 3178 1171 3284 1212; x_wconf 93' lang='lat' dir='ltr'><strong>non</strong></span> <span class='ocrx_word' id='word_1_123' title='bbox 3308 1170 3453 1227; x_wconf 86' lang='lat' dir='ltr'><strong>queo</strong></span> <span class='ocrx_word' id='word_1_124' title='bbox 3472 1155 3624 1213; x_wconf 85' lang='lat' dir='ltr'><strong>dona.</strong></span> 
     </span>
    </p>
   </div>
   <div class='ocr_carea' id='block_1_11' title="bbox 1587 1349 3090 1512">
    <p class='ocr_par' dir='ltr' id='par_1_11' title="bbox 1587 1349 3090 1512">
     <span class='ocr_line' id='line_1_11' title="bbox 1587 1349 3090 1512; baseline 0 -73"><span class='ocrx_word' id='word_1_125' title='bbox 1587 1351 2050 1458; x_wconf 75' lang='lat' dir='ltr'><strong>INCIPIT</strong></span> <span class='ocrx_word' id='word_1_126' title='bbox 2121 1352 2478 1441; x_wconf 83' lang='lat' dir='ltr'><strong>LIBER</strong></span> <span class='ocrx_word' id='word_1_127' title='bbox 2550 1349 2990 1512; x_wconf 54' lang='lat' dir='ltr'><strong>Nequs.</strong></span> <span class='ocrx_word' id='word_1_128' title='bbox 3088 1460 3090 1462; x_wconf 20' lang='grc' dir='ltr'><strong><em>τ</em></strong></span> 
     </span>
    </p>
   </div>
   <div class='ocr_carea' id='block_1_12' title="bbox 1945 1540 2508 1602">
    <p class='ocr_par' dir='ltr' id='par_1_12' title="bbox 1945 1540 2508 1602">
     <span class='ocr_line' id='line_1_12' title="bbox 1945 1540 2508 1602; baseline 0.005 -4"><span class='ocrx_word' id='word_1_129' title='bbox 1945 1540 2174 1598; x_wconf 84' lang='lat' dir='ltr'><strong>CAPUT</strong></span> <span class='ocrx_word' id='word_1_130' title='bbox 2213 1541 2508 1602; x_wconf 79' lang='lat' dir='ltr'><strong>PRIMUM.</strong></span> 
     </span>
    </p>
   </div>
   <div class='ocr_carea' id='block_1_13' title="bbox 1921 1656 2532 1715">
    <p class='ocr_par' dir='ltr' id='par_1_13' title="bbox 1921 1656 2532 1715">
     <span class='ocr_line' id='line_1_13' title="bbox 1921 1656 2532 1715; baseline 0.008 -5"><span class='ocrx_word' id='word_1_131' title='bbox 1921 1657 1998 1710; x_wconf 84' lang='lat' dir='ltr'><strong>De</strong></span> <span class='ocrx_word' id='word_1_132' title='bbox 2024 1667 2203 1712; x_wconf 75' lang='lat' dir='ltr'><strong>sancto</strong></span> <span class='ocrx_word' id='word_1_133' title='bbox 2239 1656 2532 1715; x_wconf 74' lang='lat' dir='ltr'><strong>Valentino.</strong></span> 
     </span>
    </p>
   </div>
   <div class='ocr_carea' id='block_1_14' title="bbox 578 1768 3576 1838">
    <p class='ocr_par' dir='ltr' id='par_1_14' title="bbox 578 1768 3576 1838">
     <span class='ocr_line' id='line_1_14' title="bbox 578 1768 3576 1838; baseline -0.001 -6"><span class='ocrx_word' id='word_1_134' title='bbox 578 1777 724 1833; x_wconf 83' lang='lat' dir='ltr'><strong>Luce</strong></span> <span class='ocrx_word' id='word_1_135' title='bbox 753 1773 1076 1832; x_wconf 76' lang='lat' dir='ltr'><strong>Valentinus</strong></span> <span class='ocrx_word' id='word_1_136' title='bbox 1103 1771 1224 1828; x_wconf 78' lang='lat' dir='ltr'><strong>cceli</strong></span> <span class='ocrx_word' id='word_1_137' title='bbox 1249 1769 1507 1825; x_wconf 87' lang='lat' dir='ltr'><strong>rutilante</strong></span> <span class='ocrx_word' id='word_1_138' title='bbox 1532 1768 1747 1824; x_wconf 89' lang='lat' dir='ltr'><strong>cluebat</strong></span> <span class='ocrx_word' id='word_1_139' title='bbox 2275 1770 2504 1826; x_wconf 87' lang='lat' dir='ltr'><strong>Carcere</strong></span> <span class='ocrx_word' id='word_1_140' title='bbox 2534 1771 2804 1838; x_wconf 87' lang='lat' dir='ltr'><strong>detrusus,</strong></span> <span class='ocrx_word' id='word_1_141' title='bbox 2832 1771 3006 1828; x_wconf 79' lang='lat' dir='ltr'><strong>calcat</strong></span> <span class='ocrx_word' id='word_1_142' title='bbox 3026 1771 3158 1827; x_wconf 89' lang='lat' dir='ltr'><strong>dura</strong></span> <span class='ocrx_word' id='word_1_143' title='bbox 3187 1771 3369 1828; x_wconf 87' lang='lat' dir='ltr'><strong>omnia</strong></span> <span class='ocrx_word' id='word_1_144' title='bbox 3400 1771 3576 1838; x_wconf 65' lang='lat' dir='ltr'><strong>laetus,</strong></span> 
     </span>
    </p>
   </div>
   <div class='ocr_carea' id='block_1_15' title="bbox 579 1860 3640 1934">
    <p class='ocr_par' dir='ltr' id='par_1_15' title="bbox 579 1860 3640 1934">
     <span class='ocr_line' id='line_1_15' title="bbox 579 1860 3640 1934; baseline 0.001 -17"><span class='ocrx_word' id='word_1_145' title='bbox 579 1868 788 1925; x_wconf 65' lang='grc' dir='ltr'><strong>Ριιαεειιι</strong></span> <span class='ocrx_word' id='word_1_146' title='bbox 815 1867 1080 1930; x_wconf 84' lang='lat' dir='ltr'><strong>doctrina,</strong></span> <span class='ocrx_word' id='word_1_147' title='bbox 1113 1864 1313 1918; x_wconf 90' lang='lat' dir='ltr'><strong>virtute</strong></span> <span class='ocrx_word' id='word_1_148' title='bbox 1351 1870 1406 1917; x_wconf 90' lang='lat' dir='ltr'><strong>et</strong></span> <span class='ocrx_word' id='word_1_149' title='bbox 1434 1861 1631 1916; x_wconf 89' lang='lat' dir='ltr'><strong>nobilis</strong></span> <span class='ocrx_word' id='word_1_150' title='bbox 1659 1860 1801 1913; x_wconf 86' lang='lat' dir='ltr'><strong>alma</strong></span> <span class='ocrx_word' id='word_1_151' title='bbox 1833 1876 1846 1926; x_wconf 93' lang='lat'><strong>;</strong></span> <span class='ocrx_word' id='word_1_152' title='bbox 2276 1866 2620 1934; x_wconf 90' lang='lat' dir='ltr'><strong>Invictusque</strong></span> <span class='ocrx_word' id='word_1_153' title='bbox 2651 1880 2876 1921; x_wconf 90' lang='lat' dir='ltr'><strong>manens</strong></span> <span class='ocrx_word' id='word_1_154' title='bbox 2908 1867 3009 1920; x_wconf 91' lang='lat' dir='ltr'><strong>sub</strong></span> <span class='ocrx_word' id='word_1_155' title='bbox 3037 1875 3188 1921; x_wconf 87' lang='lat' dir='ltr'><strong>vasta</strong></span> <span class='ocrx_word' id='word_1_156' title='bbox 3215 1865 3430 1921; x_wconf 89' lang='lat' dir='ltr'><strong>silentia</strong></span> <span class='ocrx_word' id='word_1_157' title='bbox 3471 1867 3640 1921; x_wconf 79' lang='lat' dir='ltr'><strong>noctis</strong></span> 
     </span>
    </p>
   </div>
   <div class='ocr_carea' id='block_1_16' title="bbox 582 1947 3638 2030">
    <p class='ocr_par' dir='ltr' id='par_1_16' title="bbox 582 1947 3638 2030">
     <span class='ocr_line' id='line_1_16' title="bbox 582 1947 3638 2030; baseline -0.004 -18"><span class='ocrx_word' id='word_1_158' title='bbox 582 1957 720 2012; x_wconf 86' lang='lat' dir='ltr'><strong>lluic</strong></span> <span class='ocrx_word' id='word_1_159' title='bbox 751 1956 952 2011; x_wconf 89' lang='lat' dir='ltr'><strong>Craton</strong></span> <span class='ocrx_word' id='word_1_160' title='bbox 982 1953 1222 2024; x_wconf 86' lang='lat' dir='ltr'><strong>genitum</strong></span> <span class='ocrx_word' id='word_1_161' title='bbox 1260 1951 1607 2020; x_wconf 90' lang='lat' dir='ltr'><strong>sophicorum</strong></span> <span class='ocrx_word' id='word_1_162' title='bbox 1645 1948 1842 2002; x_wconf 88' lang='lat' dir='ltr'><strong>fotibus</strong></span> <span class='ocrx_word' id='word_1_163' title='bbox 1873 1947 2058 2012; x_wconf 90' lang='lat' dir='ltr'><strong>altum,</strong></span> <span class='ocrx_word' id='word_1_164' title='bbox 2196 1963 2242 2022; x_wconf 78' lang='grc' dir='ltr'>Β</span> <span class='ocrx_word' id='word_1_165' title='bbox 2274 1958 2518 2030; x_wconf 59' lang='lat' dir='ltr'><strong>exigitur</strong></span> <span class='ocrx_word' id='word_1_166' title='bbox 2548 1957 2788 2024; x_wconf 53' lang='lat' dir='ltr'><strong>latebris,</strong></span> <span class='ocrx_word' id='word_1_167' title='bbox 2814 1972 3092 2027; x_wconf 48' lang='lat' dir='ltr'><strong>casusque</strong></span> <span class='ocrx_word' id='word_1_168' title='bbox 3122 1957 3433 2012; x_wconf 55' lang='lat' dir='ltr'><strong>admittitur</strong></span> <span class='ocrx_word' id='word_1_169' title='bbox 3453 1957 3638 2021; x_wconf 52' lang='lat' dir='ltr'><strong>astris;</strong></span> 
     </span>
    </p>
   </div>
   <div class='ocr_carea' id='block_1_17' title="bbox 583 2040 3636 2118">
    <p class='ocr_par' dir='ltr' id='par_1_17' title="bbox 583 2040 3636 2118">
     <span class='ocr_line' id='line_1_17' title="bbox 583 2040 3636 2118; baseline 0.001 -22"><span class='ocrx_word' id='word_1_170' title='bbox 583 2049 855 2104; x_wconf 80' lang='lat' dir='ltr'><strong>Visccreae</strong></span> <span class='ocrx_word' id='word_1_171' title='bbox 877 2044 1101 2116; x_wconf 88' lang='lat' dir='ltr'><strong>gravido</strong></span> <span class='ocrx_word' id='word_1_172' title='bbox 1135 2042 1302 2113; x_wconf 84' lang='lat' dir='ltr'><strong>pestis</strong></span> <span class='ocrx_word' id='word_1_173' title='bbox 1329 2041 1421 2097; x_wconf 89' lang='lat' dir='ltr'><strong>sed</strong></span> <span class='ocrx_word' id='word_1_174' title='bbox 1449 2040 1684 2110; x_wconf 87' lang='lat' dir='ltr'><strong>pondere</strong></span> <span class='ocrx_word' id='word_1_175' title='bbox 1716 2053 1987 2108; x_wconf 84' lang='lat' dir='ltr'><strong>pressum.</strong></span> <span class='ocrx_word' id='word_1_176' title='bbox 2273 2046 2520 2116; x_wconf 85' lang='lat' dir='ltr'><strong>Pignoris</strong></span> <span class='ocrx_word' id='word_1_177' title='bbox 2549 2047 2860 2118; x_wconf 85' lang='lat' dir='ltr'><strong>impuberes</strong></span> <span class='ocrx_word' id='word_1_178' title='bbox 2893 2047 3102 2118; x_wconf 80' lang='lat' dir='ltr'><strong>glebam</strong></span> <span class='ocrx_word' id='word_1_179' title='bbox 3135 2047 3389 2102; x_wconf 89' lang='lat' dir='ltr'><strong>furantur</strong></span> <span class='ocrx_word' id='word_1_180' title='bbox 3414 2047 3636 2111; x_wconf 88' lang='lat' dir='ltr'><strong>alumni,</strong></span> 
     </span>
    </p>
   </div>
   <div class='ocr_carea' id='block_1_18' title="bbox 580 2127 3606 2210">
    <p class='ocr_par' dir='ltr' id='par_1_18' title="bbox 580 2127 3606 2210">
     <span class='ocr_line' id='line_1_18' title="bbox 580 2127 3606 2210; baseline -0.005 -14"><span class='ocrx_word' id='word_1_181' title='bbox 580 2141 681 2197; x_wconf 88' lang='lat' dir='ltr'><strong>Cui</strong></span> <span class='ocrx_word' id='word_1_182' title='bbox 707 2152 900 2194; x_wconf 85' lang='lat' dir='ltr'><strong>nomen</strong></span> <span class='ocrx_word' id='word_1_183' title='bbox 929 2136 1255 2199; x_wconf 88' lang='lat' dir='ltr'><strong>Cheremon,</strong></span> <span class='ocrx_word' id='word_1_184' title='bbox 1296 2131 1644 2187; x_wconf 88' lang='lat' dir='ltr'><strong>relevandum</strong></span> <span class='ocrx_word' id='word_1_185' title='bbox 1684 2130 1899 2186; x_wconf 87' lang='lat' dir='ltr'><strong>casibus</strong></span> <span class='ocrx_word' id='word_1_186' title='bbox 1932 2127 2110 2194; x_wconf 76' lang='lat' dir='ltr'><strong>offert,</strong></span> <span class='ocrx_word' id='word_1_187' title='bbox 2274 2139 2534 2194; x_wconf 73' lang='lat' dir='ltr'><strong>Proculus</strong></span> <span class='ocrx_word' id='word_1_188' title='bbox 2559 2149 2720 2210; x_wconf 72' lang='lat' dir='ltr'><strong>alque</strong></span> <span class='ocrx_word' id='word_1_189' title='bbox 2741 2139 3053 2209; x_wconf 74' lang='lat' dir='ltr'><strong>Apollonius</strong></span> <span class='ocrx_word' id='word_1_190' title='bbox 3087 2139 3186 2194; x_wconf 76' lang='lat' dir='ltr'><strong>sub</strong></span> <span class='ocrx_word' id='word_1_191' title='bbox 3216 2137 3395 2194; x_wconf 52' lang='lat' dir='ltr'><strong>noctis</strong></span> <span class='ocrx_word' id='word_1_192' title='bbox 3419 2152 3606 2209; x_wconf 61' lang='lat' dir='ltr'><strong>opaco.</strong></span> 
     </span>
    </p>
   </div>
   <div class='ocr_carea' id='block_1_19' title="bbox 583 2222 3749 2301">
    <p class='ocr_par' dir='ltr' id='par_1_19' title="bbox 583 2222 3749 2301">
     <span class='ocr_line' id='line_1_19' title="bbox 583 2222 3749 2301; baseline -0.003 -13"><span class='ocrx_word' id='word_1_193' title='bbox 583 2232 808 2288; x_wconf 81' lang='lat' dir='ltr'><strong>Foedere</strong></span> <span class='ocrx_word' id='word_1_194' title='bbox 838 2229 930 2284; x_wconf 87' lang='lat' dir='ltr'><strong>sed</strong></span> <span class='ocrx_word' id='word_1_195' title='bbox 958 2234 1135 2298; x_wconf 88' lang='lat' dir='ltr'><strong>pacto,</strong></span> <span class='ocrx_word' id='word_1_196' title='bbox 1169 2240 1337 2296; x_wconf 91' lang='lat' dir='ltr'><strong>puero</strong></span> <span class='ocrx_word' id='word_1_197' title='bbox 1371 2239 1478 2294; x_wconf 92' lang='lat' dir='ltr'><strong>quo</strong></span> <span class='ocrx_word' id='word_1_198' title='bbox 1505 2223 1730 2293; x_wconf 90' lang='lat' dir='ltr'><strong>sospite,</strong></span> <span class='ocrx_word' id='word_1_199' title='bbox 1754 2222 1956 2277; x_wconf 77' lang='lat' dir='ltr'><strong>Christi</strong></span> <span class='ocrx_word' id='word_1_200' title='bbox 2276 2226 2636 2298; x_wconf 74' lang='lat' dir='ltr'><strong>Ecclesizeque</strong></span> <span class='ocrx_word' id='word_1_201' title='bbox 2659 2228 2838 2283; x_wconf 88' lang='lat' dir='ltr'><strong>ferunt</strong></span> <span class='ocrx_word' id='word_1_202' title='bbox 2865 2228 3116 2301; x_wconf 62' lang='lat' dir='ltr'><strong>propriae,</strong></span> <span class='ocrx_word' id='word_1_203' title='bbox 3146 2237 3202 2284; x_wconf 94' lang='lat' dir='ltr'><strong>et</strong></span> <span class='ocrx_word' id='word_1_204' title='bbox 3234 2230 3363 2284; x_wconf 88' lang='lat' dir='ltr'><strong>dant</strong></span> <span class='ocrx_word' id='word_1_205' title='bbox 3398 2228 3584 2283; x_wconf 87' lang='lat' dir='ltr'><strong>ultima</strong></span> <span class='ocrx_word' id='word_1_206' title='bbox 3603 2236 3749 2291; x_wconf 82' lang='lat' dir='ltr'><strong>caute,</strong></span> 
     </span>
    </p>
   </div>
   <div class='ocr_carea' id='block_1_20' title="bbox 583 2312 3736 2392">
    <p class='ocr_par' dir='ltr' id='par_1_20' title="bbox 583 2312 3736 2392">
     <span class='ocr_line' id='line_1_20' title="bbox 583 2312 3736 2392; baseline -0.002 -16"><span class='ocrx_word' id='word_1_207' title='bbox 583 2322 700 2380; x_wconf 87' lang='lat' dir='ltr'><strong>Sub</strong></span> <span class='ocrx_word' id='word_1_208' title='bbox 740 2322 872 2392; x_wconf 85' lang='lat' dir='ltr'><strong>juga</strong></span> <span class='ocrx_word' id='word_1_209' title='bbox 908 2319 1046 2375; x_wconf 89' lang='lat' dir='ltr'><strong>colla</strong></span> <span class='ocrx_word' id='word_1_210' title='bbox 1076 2318 1235 2385; x_wconf 88' lang='lat' dir='ltr'><strong>ferat,</strong></span> <span class='ocrx_word' id='word_1_211' title='bbox 1279 2315 1674 2385; x_wconf 90' lang='lat' dir='ltr'><strong>Dominumque</strong></span> <span class='ocrx_word' id='word_1_212' title='bbox 1710 2321 2006 2386; x_wconf 87' lang='lat' dir='ltr'><strong>sequantur</strong></span> <span class='ocrx_word' id='word_1_213' title='bbox 2053 2312 2168 2367; x_wconf 84' lang='lat' dir='ltr'><strong>alu-</strong></span> <span class='ocrx_word' id='word_1_214' title='bbox 2277 2317 2532 2374; x_wconf 78' lang='lat' dir='ltr'><strong>Excubiis</strong></span> <span class='ocrx_word' id='word_1_215' title='bbox 2561 2320 2651 2388; x_wconf 93' lang='lat' dir='ltr'><strong>qui</strong></span> <span class='ocrx_word' id='word_1_216' title='bbox 2683 2319 2810 2374; x_wconf 93' lang='lat' dir='ltr'><strong>dum</strong></span> <span class='ocrx_word' id='word_1_217' title='bbox 2835 2319 3056 2391; x_wconf 88' lang='lat' dir='ltr'><strong>jugibus</strong></span> <span class='ocrx_word' id='word_1_218' title='bbox 3093 2333 3252 2375; x_wconf 82' lang='lat' dir='ltr'><strong>sacra</strong></span> <span class='ocrx_word' id='word_1_219' title='bbox 3277 2333 3501 2374; x_wconf 88' lang='lat' dir='ltr'><strong>munera</strong></span> <span class='ocrx_word' id='word_1_220' title='bbox 3533 2327 3736 2380; x_wconf 81' lang='lat' dir='ltr'><strong>servant,</strong></span> 
     </span>
    </p>
   </div>
   <div class='ocr_carea' id='block_1_21' title="bbox 1941 2402 3566 2479">
    <p class='ocr_par' dir='ltr' id='par_1_21' title="bbox 1941 2402 3566 2479">
     <span class='ocr_line' id='line_1_21' title="bbox 1941 2402 3566 2479; baseline 0.002 -22"><span class='ocrx_word' id='word_1_221' title='bbox 1941 2402 2098 2477; x_wconf 81' lang='lat' dir='ltr'><strong>[mni.</strong></span> <span class='ocrx_word' id='word_1_222' title='bbox 2277 2408 2454 2472; x_wconf 88' lang='lat' dir='ltr'><strong>Tenti,</strong></span> <span class='ocrx_word' id='word_1_223' title='bbox 2483 2409 2762 2478; x_wconf 88' lang='lat' dir='ltr'><strong>antrisque</strong></span> <span class='ocrx_word' id='word_1_224' title='bbox 2792 2410 3049 2464; x_wconf 88' lang='lat' dir='ltr'><strong>dati&#39;tum</strong></span> <span class='ocrx_word' id='word_1_225' title='bbox 3073 2409 3364 2479; x_wconf 73' lang='lat' dir='ltr'><strong>quzesitore</strong></span> <span class='ocrx_word' id='word_1_226' title='bbox 3390 2409 3566 2478; x_wconf 88' lang='lat' dir='ltr'><strong>petiti,</strong></span> 
     </span>
    </p>
   </div>
   <div class='ocr_carea' id='block_1_22' title="bbox 589 2493 3721 2572">
    <p class='ocr_par' dir='ltr' id='par_1_22' title="bbox 589 2493 3721 2572">
     <span class='ocr_line' id='line_1_22' title="bbox 589 2493 3721 2572; baseline -0.002 -16"><span class='ocrx_word' id='word_1_227' title='bbox 589 2502 802 2557; x_wconf 85' lang='lat' dir='ltr'><strong>Robore</strong></span> <span class='ocrx_word' id='word_1_228' title='bbox 824 2515 1087 2572; x_wconf 90' lang='lat' dir='ltr'><strong>corporeo</strong></span> <span class='ocrx_word' id='word_1_229' title='bbox 1113 2499 1224 2554; x_wconf 88' lang='lat' dir='ltr'><strong>nati</strong></span> <span class='ocrx_word' id='word_1_230' title='bbox 1254 2511 1406 2552; x_wconf 91' lang='lat' dir='ltr'><strong>mens</strong></span> <span class='ocrx_word' id='word_1_231' title='bbox 1428 2495 1654 2567; x_wconf 71' lang='lat' dir='ltr'><strong>prtedita</strong></span> <span class='ocrx_word' id='word_1_232' title='bbox 1682 2493 1854 2565; x_wconf 86' lang='lat' dir='ltr'><strong>patris</strong></span> <span class='ocrx_word' id='word_1_233' title='bbox 2275 2497 2384 2553; x_wconf 88' lang='lat' dir='ltr'><strong>Nec</strong></span> <span class='ocrx_word' id='word_1_234' title='bbox 2410 2499 2536 2553; x_wconf 88' lang='lat' dir='ltr'><strong>victi</strong></span> <span class='ocrx_word' id='word_1_235' title='bbox 2556 2508 2718 2563; x_wconf 88' lang='lat' dir='ltr'><strong>stant,</strong></span> <span class='ocrx_word' id='word_1_236' title='bbox 2749 2499 3150 2569; x_wconf 84' lang='lat' dir='ltr'><strong>blanditiasque</strong></span> <span class='ocrx_word' id='word_1_237' title='bbox 3178 2499 3465 2568; x_wconf 88' lang='lat' dir='ltr'><strong>minasque</strong></span> <span class='ocrx_word' id='word_1_238' title='bbox 3494 2497 3721 2560; x_wconf 86' lang='lat' dir='ltr'><strong>ferentes,</strong></span> 
     </span>
    </p>
   </div>
   <div class='ocr_carea' id='block_1_23' title="bbox 583 2587 3465 2660">
    <p class='ocr_par' dir='ltr' id='par_1_23' title="bbox 583 2587 3465 2660">
     <span class='ocr_line' id='line_1_23' title="bbox 583 2587 3465 2660; baseline -0.001 -13"><span class='ocrx_word' id='word_1_239' title='bbox 583 2593 852 2647; x_wconf 79' lang='lat' dir='ltr'><strong>Eximitur</strong></span> <span class='ocrx_word' id='word_1_240' title='bbox 891 2591 1152 2655; x_wconf 88' lang='lat' dir='ltr'><strong>tenebris,</strong></span> <span class='ocrx_word' id='word_1_241' title='bbox 1186 2589 1375 2659; x_wconf 87' lang='lat' dir='ltr'><strong>implet</strong></span> <span class='ocrx_word' id='word_1_242' title='bbox 1402 2587 1689 2659; x_wconf 88' lang='lat' dir='ltr'><strong>promissa,</strong></span> <span class='ocrx_word' id='word_1_243' title='bbox 1721 2593 1989 2650; x_wconf 86' lang='lat' dir='ltr'><strong>sacratur,</strong></span> <span class='ocrx_word' id='word_1_244' title='bbox 2274 2589 2487 2644; x_wconf 91' lang='lat' dir='ltr'><strong>lmmoti</strong></span> <span class='ocrx_word' id='word_1_245' title='bbox 2515 2591 2732 2645; x_wconf 88' lang='lat' dir='ltr'><strong>tandem</strong></span> <span class='ocrx_word' id='word_1_246' title='bbox 2763 2591 3030 2646; x_wconf 88' lang='lat' dir='ltr'><strong>deduntur</strong></span> <span class='ocrx_word' id='word_1_247' title='bbox 3053 2591 3253 2646; x_wconf 83' lang='lat' dir='ltr'><strong>vertice</strong></span> <span class='ocrx_word' id='word_1_248' title='bbox 3274 2589 3465 2660; x_wconf 88' lang='lat' dir='ltr'><strong>plecti,</strong></span> 
     </span>
    </p>
   </div>
   <div class='ocr_carea' id='block_1_24' title="bbox 581 2673 3613 2753">
    <p class='ocr_par' dir='ltr' id='par_1_24' title="bbox 581 2673 3613 2753">
     <span class='ocr_line' id='line_1_24' title="bbox 581 2673 3613 2753; baseline -0 -18"><span class='ocrx_word' id='word_1_249' title='bbox 581 2685 716 2737; x_wconf 77' lang='lat' dir='ltr'><strong>Cum</strong></span> <span class='ocrx_word' id='word_1_250' title='bbox 740 2684 975 2753; x_wconf 86' lang='lat' dir='ltr'><strong>stipante</strong></span> <span class='ocrx_word' id='word_1_251' title='bbox 1005 2683 1190 2747; x_wconf 90' lang='lat' dir='ltr'><strong>domu,</strong></span> <span class='ocrx_word' id='word_1_252' title='bbox 1211 2695 1312 2735; x_wconf 88' lang='lat' dir='ltr'><strong>nec</strong></span> <span class='ocrx_word' id='word_1_253' title='bbox 1351 2679 1567 2750; x_wconf 87' lang='lat' dir='ltr'><strong>longum</strong></span> <span class='ocrx_word' id='word_1_254' title='bbox 1593 2690 1801 2732; x_wconf 90' lang='lat' dir='ltr'><strong>summa</strong></span> <span class='ocrx_word' id='word_1_255' title='bbox 1831 2673 2064 2744; x_wconf 80' lang='lat' dir='ltr'><strong>capessit</strong></span> <span class='ocrx_word' id='word_1_256' title='bbox 2275 2681 2384 2737; x_wconf 69' lang='lat' dir='ltr'><strong>Nec</strong></span> <span class='ocrx_word' id='word_1_257' title='bbox 2404 2680 2591 2752; x_wconf 83' lang='lat' dir='ltr'><strong>procul</strong></span> <span class='ocrx_word' id='word_1_258' title='bbox 2619 2683 2831 2738; x_wconf 81' lang='lat' dir='ltr'><strong>exuviis</strong></span> <span class='ocrx_word' id='word_1_259' title='bbox 2866 2698 3057 2737; x_wconf 90' lang='lat' dir='ltr'><strong>urnam</strong></span> <span class='ocrx_word' id='word_1_260' title='bbox 3081 2692 3208 2737; x_wconf 89' lang='lat' dir='ltr'><strong>sunt</strong></span> <span class='ocrx_word' id='word_1_261' title='bbox 3235 2681 3414 2751; x_wconf 86' lang='lat' dir='ltr'><strong>patris</strong></span> <span class='ocrx_word' id='word_1_262' title='bbox 3435 2678 3613 2751; x_wconf 86' lang='lat' dir='ltr'><strong>adepti</strong></span> 
     </span>
    </p>
   </div>
   <div class='ocr_carea' id='block_1_25' title="bbox 588 2768 3792 2846">
    <p class='ocr_par' dir='ltr' id='par_1_25' title="bbox 588 2768 3792 2846">
     <span class='ocr_line' id='line_1_25' title="bbox 588 2768 3792 2846; baseline 0 -18"><span class='ocrx_word' id='word_1_263' title='bbox 588 2776 809 2830; x_wconf 78' lang='lat' dir='ltr'><strong>Munera</strong></span> <span class='ocrx_word' id='word_1_264' title='bbox 836 2775 1063 2840; x_wconf 82' lang='lat' dir='ltr'><strong>militiae,</strong></span> <span class='ocrx_word' id='word_1_265' title='bbox 1101 2781 1310 2844; x_wconf 84' lang='lat' dir='ltr'><strong>martyr</strong></span> <span class='ocrx_word' id='word_1_266' title='bbox 1343 2771 1470 2825; x_wconf 92' lang='lat' dir='ltr'><strong>dum</strong></span> <span class='ocrx_word' id='word_1_267' title='bbox 1513 2780 1688 2824; x_wconf 89' lang='lat' dir='ltr'><strong>terrea</strong></span> <span class='ocrx_word' id='word_1_268' title='bbox 1715 2768 1986 2836; x_wconf 90' lang='lat' dir='ltr'><strong>linquens,</strong></span> <span class='ocrx_word' id='word_1_269' title='bbox 2276 2772 2504 2840; x_wconf 89' lang='lat' dir='ltr'><strong>Domna,</strong></span> <span class='ocrx_word' id='word_1_270' title='bbox 2539 2788 2806 2844; x_wconf 78' lang='lat' dir='ltr'><strong>paresque</strong></span> <span class='ocrx_word' id='word_1_271' title='bbox 2848 2774 3051 2830; x_wconf 89' lang='lat' dir='ltr'><strong>micant</strong></span> <span class='ocrx_word' id='word_1_272' title='bbox 3090 2773 3307 2846; x_wconf 88' lang='lat' dir='ltr'><strong>gemino</strong></span> <span class='ocrx_word' id='word_1_273' title='bbox 3364 2773 3452 2828; x_wconf 90' lang='lat' dir='ltr'><strong>hic</strong></span> <span class='ocrx_word' id='word_1_274' title='bbox 3501 2772 3597 2827; x_wconf 83' lang='lat' dir='ltr'><strong>sub</strong></span> <span class='ocrx_word' id='word_1_275' title='bbox 3638 2771 3792 2824; x_wconf 75' lang='lat' dir='ltr'><strong>bono&quot;</strong></span> 
     </span>
    </p>
   </div>
   <div class='ocr_carea' id='block_1_26' title="bbox 585 2860 3744 2939">
    <p class='ocr_par' dir='ltr' id='par_1_26' title="bbox 585 2860 3744 2939">
     <span class='ocr_line' id='line_1_26' title="bbox 585 2860 3744 2939; baseline -0.004 -18"><span class='ocrx_word' id='word_1_276' title='bbox 585 2869 768 2922; x_wconf 83' lang='lat' dir='ltr'><strong>Aurea</strong></span> <span class='ocrx_word' id='word_1_277' title='bbox 788 2866 1012 2922; x_wconf 68' lang='lat' dir='ltr'><strong>siderea:</strong></span> <span class='ocrx_word' id='word_1_278' title='bbox 1041 2865 1267 2921; x_wconf 87' lang='lat' dir='ltr'><strong>sortitur</strong></span> <span class='ocrx_word' id='word_1_279' title='bbox 1290 2861 1514 2934; x_wconf 63' lang='lat' dir='ltr'><strong>praemia</strong></span> <span class='ocrx_word' id='word_1_280' title='bbox 1538 2861 1681 2914; x_wconf 65' lang='lat' dir='ltr'><strong>vitm.</strong></span> <span class='ocrx_word' id='word_1_281' title='bbox 3518 2860 3744 2939; x_wconf 70' lang='lat' dir='ltr'><strong>[cor-onis.</strong></span> 
     </span>
    </p>
   </div>
   <div class='ocr_carea' id='block_1_27' title="bbox 582 2953 2033 3031">
    <p class='ocr_par' dir='ltr' id='par_1_27' title="bbox 582 2953 2033 3031">
     <span class='ocr_line' id='line_1_27' title="bbox 582 2953 2033 3031; baseline -0.005 -17"><span class='ocrx_word' id='word_1_282' title='bbox 582 2960 780 3031; x_wconf 82' lang='lat' dir='ltr'><strong>Flagra</strong></span> <span class='ocrx_word' id='word_1_283' title='bbox 809 2957 1129 3016; x_wconf 81' lang='lat' dir='ltr'><strong>Valentinus</strong></span> <span class='ocrx_word' id='word_1_284' title='bbox 1160 2959 1458 3030; x_wconf 77' lang='lat' dir='ltr'><strong>virgarum,</strong></span> <span class='ocrx_word' id='word_1_285' title='bbox 1486 2963 1542 3012; x_wconf 89' lang='lat' dir='ltr'><strong>et</strong></span> <span class='ocrx_word' id='word_1_286' title='bbox 1564 2953 1795 3010; x_wconf 88' lang='lat' dir='ltr'><strong>tormina</strong></span> <span class='ocrx_word' id='word_1_287' title='bbox 1819 2967 2033 3024; x_wconf 89' lang='lat' dir='ltr'><strong>passus,</strong></span> 
     </span>
    </p>
   </div>
   <div class='ocr_carea' id='block_1_28' title="bbox 2049 3104 2343 3161">
    <p class='ocr_par' dir='ltr' id='par_1_28' title="bbox 2049 3104 2343 3161">
     <span class='ocr_line' id='line_1_28' title="bbox 2049 3104 2343 3161; baseline -0.003 0"><span class='ocrx_word' id='word_1_288' title='bbox 2049 3104 2276 3161; x_wconf 85' lang='lat' dir='ltr'><strong>CAPUT</strong></span> <span class='ocrx_word' id='word_1_289' title='bbox 2303 3105 2343 3160; x_wconf 91' lang='lat' dir='ltr'><strong>ll</strong></span> 
     </span>
    </p>
   </div>
   <div class='ocr_carea' id='block_1_29' title="bbox 1769 3194 2674 3252">
    <p class='ocr_par' dir='ltr' id='par_1_29' title="bbox 1769 3194 2674 3252">
     <span class='ocr_line' id='line_1_29' title="bbox 1769 3194 2674 3252; baseline -0.004 -1"><span class='ocrx_word' id='word_1_290' title='bbox 1769 3196 1842 3251; x_wconf 86' lang='lat' dir='ltr'><strong>De</strong></span> <span class='ocrx_word' id='word_1_291' title='bbox 1872 3197 2069 3251; x_wconf 72' lang='lat' dir='ltr'><strong>sanctis</strong></span> <span class='ocrx_word' id='word_1_292' title='bbox 2099 3197 2311 3252; x_wconf 82' lang='lat' dir='ltr'><strong>Antimo</strong></span> <span class='ocrx_word' id='word_1_293' title='bbox 2346 3205 2394 3250; x_wconf 85' lang='lat' dir='ltr'><strong>et</strong></span> <span class='ocrx_word' id='word_1_294' title='bbox 2418 3194 2674 3250; x_wconf 74' lang='lat' dir='ltr'><strong>Maximo.</strong></span> 
     </span>
    </p>
   </div>
   <div class='ocr_carea' id='block_1_30' title="bbox 587 3303 3584 3383">
    <p class='ocr_par' dir='ltr' id='par_1_30' title="bbox 587 3303 3584 3383">
     <span class='ocr_line' id='line_1_30' title="bbox 587 3303 3584 3383; baseline -0.001 -19"><span class='ocrx_word' id='word_1_295' title='bbox 587 3309 880 3364; x_wconf 77' lang='lat' dir='ltr'><strong>Romuleas</strong></span> <span class='ocrx_word' id='word_1_296' title='bbox 905 3322 1120 3378; x_wconf 90' lang='lat' dir='ltr'><strong>quoque</strong></span> <span class='ocrx_word' id='word_1_297' title='bbox 1147 3307 1291 3362; x_wconf 89' lang='lat' dir='ltr'><strong>clara</strong></span> <span class='ocrx_word' id='word_1_298' title='bbox 1330 3306 1446 3360; x_wconf 89' lang='lat' dir='ltr'><strong>vias</strong></span> <span class='ocrx_word' id='word_1_299' title='bbox 1468 3313 1784 3376; x_wconf 87' lang='lat' dir='ltr'><strong>portumque</strong></span> <span class='ocrx_word' id='word_1_300' title='bbox 1807 3313 2153 3383; x_wconf 20' lang='lat' dir='ltr'><strong>venustam”</strong></span> <span class='ocrx_word' id='word_1_301' title='bbox 2271 3307 2528 3361; x_wconf 85' lang='lat' dir='ltr'><strong>Anthime</strong></span> <span class='ocrx_word' id='word_1_302' title='bbox 2564 3304 2822 3358; x_wconf 89' lang='lat' dir='ltr'><strong>virtutum</strong></span> <span class='ocrx_word' id='word_1_303' title='bbox 2854 3303 3135 3374; x_wconf 87' lang='lat' dir='ltr'><strong>laudisque</strong></span> <span class='ocrx_word' id='word_1_304' title='bbox 3159 3304 3392 3376; x_wconf 87' lang='lat' dir='ltr'><strong>insignia</strong></span> <span class='ocrx_word' id='word_1_305' title='bbox 3426 3304 3584 3377; x_wconf 84' lang='lat' dir='ltr'><strong>regis,</strong></span> 
     </span>
    </p>
   </div>
   <div class='ocr_carea' id='block_1_31' title="bbox 587 3380 3688 3470">
    <p class='ocr_par' dir='ltr' id='par_1_31' title="bbox 587 3380 3688 3470">
     <span class='ocr_line' id='line_1_31' title="bbox 587 3380 3688 3470; baseline -0.002 -15"><span class='ocrx_word' id='word_1_306' title='bbox 587 3399 751 3455; x_wconf 80' lang='lat' dir='ltr'><strong>Festa</strong></span> <span class='ocrx_word' id='word_1_307' title='bbox 800 3409 996 3470; x_wconf 73' lang='lat' dir='ltr'><strong>tropaea</strong></span> <span class='ocrx_word' id='word_1_308' title='bbox 1021 3393 1255 3468; x_wconf 87' lang='lat' dir='ltr'><strong>polique</strong></span> <span class='ocrx_word' id='word_1_309' title='bbox 1304 3397 1575 3465; x_wconf 86' lang='lat' dir='ltr'><strong>Erebique</strong></span> <span class='ocrx_word' id='word_1_310' title='bbox 1608 3380 2166 3466; x_wconf 47' lang='lat' dir='ltr'><strong>ﬂagrantibus‘armis</strong></span> <span class='ocrx_word' id='word_1_311' title='bbox 2270 3397 2371 3464; x_wconf 87' lang='lat' dir='ltr'><strong>Qui</strong></span> <span class='ocrx_word' id='word_1_312' title='bbox 2403 3396 2565 3451; x_wconf 86' lang='lat' dir='ltr'><strong>factis</strong></span> <span class='ocrx_word' id='word_1_313' title='bbox 2591 3407 2752 3466; x_wconf 91' lang='lat' dir='ltr'><strong>atque</strong></span> <span class='ocrx_word' id='word_1_314' title='bbox 2781 3410 2875 3449; x_wconf 88' lang='lat' dir='ltr'><strong>ore</strong></span> <span class='ocrx_word' id='word_1_315' title='bbox 2899 3394 3079 3452; x_wconf 90' lang='lat' dir='ltr'><strong>ferens</strong></span> <span class='ocrx_word' id='word_1_316' title='bbox 3099 3410 3264 3466; x_wconf 86' lang='lat' dir='ltr'><strong>super</strong></span> <span class='ocrx_word' id='word_1_317' title='bbox 3299 3405 3448 3451; x_wconf 87' lang='lat' dir='ltr'><strong>astra</strong></span> <span class='ocrx_word' id='word_1_318' title='bbox 3489 3395 3688 3450; x_wconf 80' lang='lat' dir='ltr'><strong>ﬂuentis</strong></span> 
     </span>
    </p>
   </div>
   <div class='ocr_carea' id='block_1_32' title="bbox 589 3485 3508 3559">
    <p class='ocr_par' dir='ltr' id='par_1_32' title="bbox 589 3485 3508 3559">
     <span class='ocr_line' id='line_1_32' title="bbox 589 3485 3508 3559; baseline -0.001 -15"><span class='ocrx_word' id='word_1_319' title='bbox 589 3493 755 3558; x_wconf 80' lang='lat' dir='ltr'><strong>Quets</strong></span> <span class='ocrx_word' id='word_1_320' title='bbox 776 3491 1008 3545; x_wconf 89' lang='lat' dir='ltr'><strong>mundus</strong></span> <span class='ocrx_word' id='word_1_321' title='bbox 1034 3490 1328 3558; x_wconf 90' lang='lat' dir='ltr'><strong>mundique</strong></span> <span class='ocrx_word' id='word_1_322' title='bbox 1357 3487 1581 3542; x_wconf 89' lang='lat' dir='ltr'><strong>subacta</strong></span> <span class='ocrx_word' id='word_1_323' title='bbox 1610 3486 1848 3556; x_wconf 79' lang='lat' dir='ltr'><strong>potentia</strong></span> <span class='ocrx_word' id='word_1_324' title='bbox 1877 3485 2094 3542; x_wconf 86' lang='lat' dir='ltr'><strong>Christo</strong></span> <span class='ocrx_word' id='word_1_325' title='bbox 2269 3488 2536 3559; x_wconf 86' lang='lat' dir='ltr'><strong>lngereris</strong></span> <span class='ocrx_word' id='word_1_326' title='bbox 2569 3495 2713 3544; x_wconf 88' lang='lat' dir='ltr'><strong>tutus</strong></span> <span class='ocrx_word' id='word_1_327' title='bbox 2743 3485 3033 3559; x_wconf 80' lang='lat' dir='ltr'><strong>Tyberinis</strong></span> <span class='ocrx_word' id='word_1_328' title='bbox 3060 3501 3199 3558; x_wconf 85' lang='lat' dir='ltr'><strong>eque</strong></span> <span class='ocrx_word' id='word_1_329' title='bbox 3233 3487 3508 3558; x_wconf 88' lang='lat' dir='ltr'><strong>procellis.</strong></span> 
     </span>
    </p>
   </div>
   <div class='ocr_carea' id='block_1_33' title="bbox 584 3577 1925 3648">
    <p class='ocr_par' dir='ltr' id='par_1_33' title="bbox 584 3577 1925 3648">
     <span class='ocr_line' id='line_1_33' title="bbox 584 3577 1925 3648; baseline -0.003 -12"><span class='ocrx_word' id='word_1_330' title='bbox 584 3582 720 3638; x_wconf 85' lang='lat' dir='ltr'><strong>llinc</strong></span> <span class='ocrx_word' id='word_1_331' title='bbox 747 3582 878 3648; x_wconf 86' lang='lat' dir='ltr'><strong>sale,</strong></span> <span class='ocrx_word' id='word_1_332' title='bbox 911 3590 1116 3648; x_wconf 84' lang='lat' dir='ltr'><strong>sancte,</strong></span> <span class='ocrx_word' id='word_1_333' title='bbox 1149 3589 1241 3636; x_wconf 92' lang='lat' dir='ltr'><strong>tuo</strong></span> <span class='ocrx_word' id='word_1_334' title='bbox 1270 3580 1489 3636; x_wconf 90' lang='lat' dir='ltr'><strong>condita</strong></span> <span class='ocrx_word' id='word_1_335' title='bbox 1513 3577 1709 3634; x_wconf 89' lang='lat' dir='ltr'><strong>salaria</strong></span> <span class='ocrx_word' id='word_1_336' title='bbox 1731 3577 1925 3648; x_wconf 87' lang='lat' dir='ltr'><strong>gaudet</strong></span> 
     </span>
    </p>
   </div>
   <div class='ocr_carea' id='block_1_34' title="bbox 1931 3712 2403 3788">
    <p class='ocr_par' dir='ltr' id='par_1_34' title="bbox 1931 3712 2403 3788">
     <span class='ocr_line' id='line_1_34' title="bbox 1931 3712 2403 3788; baseline -0.008 -1"><span class='ocrx_word' id='word_1_337' title='bbox 1931 3712 1962 3755; x_wconf 62' lang='grc' dir='ltr'><strong>δέ</strong></span> <span class='ocrx_word' id='word_1_338' title='bbox 2051 3730 2281 3788; x_wconf 83' lang='lat' dir='ltr'><strong>CAPUT</strong></span> <span class='ocrx_word' id='word_1_339' title='bbox 2318 3729 2403 3784; x_wconf 93' lang='lat' dir='ltr'><strong>Ill.</strong></span> 
     </span>
    </p>
   </div>
   <div class='ocr_carea' id='block_1_35' title="bbox 1932 3823 2540 3896">
    <p class='ocr_par' dir='ltr' id='par_1_35' title="bbox 1932 3823 2540 3896">
     <span class='ocr_line' id='line_1_35' title="bbox 1932 3823 2540 3896; baseline -0.003 -16"><span class='ocrx_word' id='word_1_340' title='bbox 1932 3825 2006 3881; x_wconf 86' lang='lat' dir='ltr'><strong>De</strong></span> <span class='ocrx_word' id='word_1_341' title='bbox 2035 3837 2224 3896; x_wconf 78' lang='lat' dir='ltr'><strong>septem</strong></span> <span class='ocrx_word' id='word_1_342' title='bbox 2265 3823 2540 3895; x_wconf 79' lang='lat' dir='ltr'><strong>fratribus.</strong></span> 
     </span>
    </p>
   </div>
   <div class='ocr_carea' id='block_1_36' title="bbox 581 3921 3640 4010">
    <p class='ocr_par' dir='ltr' id='par_1_36' title="bbox 581 3921 3640 4010">
     <span class='ocr_line' id='line_1_36' title="bbox 581 3921 3640 4010; baseline -0.003 -12"><span class='ocrx_word' id='word_1_343' title='bbox 581 3943 864 3999; x_wconf 86' lang='lat' dir='ltr'><strong>Tiburtina</strong></span> <span class='ocrx_word' id='word_1_344' title='bbox 902 3940 1033 4010; x_wconf 87' lang='lat' dir='ltr'><strong>tegit</strong></span> <span class='ocrx_word' id='word_1_345' title='bbox 1057 3940 1266 3995; x_wconf 87' lang='lat' dir='ltr'><strong>cineres</strong></span> <span class='ocrx_word' id='word_1_346' title='bbox 1296 3949 1503 4008; x_wconf 87' lang='lat' dir='ltr'><strong>septem</strong></span> <span class='ocrx_word' id='word_1_347' title='bbox 1540 3951 1735 4008; x_wconf 82' lang='lat' dir='ltr'><strong>aggere</strong></span> <span class='ocrx_word' id='word_1_348' title='bbox 1767 3936 1996 3991; x_wconf 85' lang='lat' dir='ltr'><strong>fratrum</strong></span> <span class='ocrx_word' id='word_1_349' title='bbox 2186 3921 2231 3982; x_wconf 86' lang='lat' dir='ltr'><strong>C</strong></span> <span class='ocrx_word' id='word_1_350' title='bbox 2262 3935 2541 4002; x_wconf 87' lang='lat' dir='ltr'><strong>Indignum</strong></span> <span class='ocrx_word' id='word_1_351' title='bbox 2571 3933 2658 3989; x_wconf 90' lang='lat' dir='ltr'><strong>ille</strong></span> <span class='ocrx_word' id='word_1_352' title='bbox 2686 3933 2866 3989; x_wconf 87' lang='lat' dir='ltr'><strong>ferens</strong></span> <span class='ocrx_word' id='word_1_353' title='bbox 2895 3949 3136 4004; x_wconf 82' lang='lat' dir='ltr'><strong>gemmas</strong></span> <span class='ocrx_word' id='word_1_354' title='bbox 3160 3949 3435 4006; x_wconf 83' lang='lat' dir='ltr'><strong>exponere</strong></span> <span class='ocrx_word' id='word_1_355' title='bbox 3454 3950 3640 4008; x_wconf 75' lang='lat' dir='ltr'><strong>porcis,</strong></span> 
     </span>
    </p>
   </div>
   <div class='ocr_carea' id='block_1_37' title="bbox 577 4027 3668 4103">
    <p class='ocr_par' dir='ltr' id='par_1_37' title="bbox 577 4027 3668 4103">
     <span class='ocr_line' id='line_1_37' title="bbox 577 4027 3668 4103; baseline -0.002 -15"><span class='ocrx_word' id='word_1_356' title='bbox 577 4035 748 4103; x_wconf 81' lang='lat' dir='ltr'><strong>Appia</strong></span> <span class='ocrx_word' id='word_1_357' title='bbox 772 4032 1000 4088; x_wconf 67' lang='lat' dir='ltr'><strong>Czeciliaz</strong></span> <span class='ocrx_word' id='word_1_358' title='bbox 1028 4038 1196 4085; x_wconf 87' lang='lat' dir='ltr'><strong>testes</strong></span> <span class='ocrx_word' id='word_1_359' title='bbox 1217 4039 1434 4088; x_wconf 84' lang='lat' dir='ltr'><strong>centum</strong></span> <span class='ocrx_word' id='word_1_360' title='bbox 1465 4029 1636 4083; x_wconf 91' lang='lat' dir='ltr'><strong>octies</strong></span> <span class='ocrx_word' id='word_1_361' title='bbox 1663 4029 1811 4082; x_wconf 88' lang='lat' dir='ltr'><strong>addit</strong></span> <span class='ocrx_word' id='word_1_362' title='bbox 1877 4045 1892 4060; x_wconf 77' lang='grc' dir='ltr'><strong><em>ο</em></strong></span> <span class='ocrx_word' id='word_1_363' title='bbox 2262 4027 2553 4098; x_wconf 83' lang='lat' dir='ltr'><strong>Lignorum</strong></span> <span class='ocrx_word' id='word_1_364' title='bbox 2578 4042 2642 4081; x_wconf 92' lang='lat' dir='ltr'><strong>ac</strong></span> <span class='ocrx_word' id='word_1_365' title='bbox 2665 4027 2902 4098; x_wconf 89' lang='lat' dir='ltr'><strong>lapidum</strong></span> <span class='ocrx_word' id='word_1_366' title='bbox 2936 4036 3089 4083; x_wconf 89' lang='lat' dir='ltr'><strong>tanto</strong></span> <span class='ocrx_word' id='word_1_367' title='bbox 3117 4030 3474 4084; x_wconf 89' lang='lat' dir='ltr'><strong>contunditur</strong></span> <span class='ocrx_word' id='word_1_368' title='bbox 3506 4030 3668 4085; x_wconf 85' lang='lat' dir='ltr'><strong>imbre</strong></span> 
     </span>
    </p>
   </div>
   <div class='ocr_carea' id='block_1_38' title="bbox 578 4115 3676 4191">
    <p class='ocr_par' dir='ltr' id='par_1_38' title="bbox 578 4115 3676 4191">
     <span class='ocr_line' id='line_1_38' title="bbox 578 4115 3676 4191; baseline -0.002 -14"><span class='ocrx_word' id='word_1_369' title='bbox 578 4124 705 4177; x_wconf 79' lang='lat' dir='ltr'><strong>Hree</strong></span> <span class='ocrx_word' id='word_1_370' title='bbox 733 4137 947 4191; x_wconf 91' lang='lat' dir='ltr'><strong>quoque</strong></span> <span class='ocrx_word' id='word_1_371' title='bbox 976 4120 1270 4175; x_wconf 89' lang='lat' dir='ltr'><strong>Trasitium</strong></span> <span class='ocrx_word' id='word_1_372' title='bbox 1297 4119 1488 4187; x_wconf 86' lang='lat' dir='ltr'><strong>recipit</strong></span> <span class='ocrx_word' id='word_1_373' title='bbox 1518 4119 1619 4173; x_wconf 91' lang='lat' dir='ltr'><strong>sub</strong></span> <span class='ocrx_word' id='word_1_374' title='bbox 1648 4119 1804 4172; x_wconf 88' lang='lat' dir='ltr'><strong>busta</strong></span> <span class='ocrx_word' id='word_1_375' title='bbox 1836 4115 2046 4182; x_wconf 89' lang='lat' dir='ltr'><strong>Calisti,</strong></span> <span class='ocrx_word' id='word_1_376' title='bbox 2263 4117 2397 4171; x_wconf 91' lang='lat' dir='ltr'><strong>Dum</strong></span> <span class='ocrx_word' id='word_1_377' title='bbox 2428 4126 2663 4171; x_wconf 78' lang='lat' dir='ltr'><strong>utentem</strong></span> <span class='ocrx_word' id='word_1_378' title='bbox 2696 4117 2848 4173; x_wconf 74' lang='lat' dir='ltr'><strong>cmlis</strong></span> <span class='ocrx_word' id='word_1_379' title='bbox 2877 4117 3196 4186; x_wconf 88' lang='lat' dir='ltr'><strong>capiendam</strong></span> <span class='ocrx_word' id='word_1_380' title='bbox 3223 4119 3501 4174; x_wconf 88' lang='lat' dir='ltr'><strong>emitteret</strong></span> <span class='ocrx_word' id='word_1_381' title='bbox 3525 4117 3676 4173; x_wconf 87' lang='lat' dir='ltr'><strong>astris</strong></span> 
     </span>
    </p>
   </div>
   <div class='ocr_carea' id='block_1_39' title="bbox 575 4206 3703 4279">
    <p class='ocr_par' dir='ltr' id='par_1_39' title="bbox 575 4206 3703 4279">
     <span class='ocr_line' id='line_1_39' title="bbox 575 4206 3703 4279; baseline -0.001 -14"><span class='ocrx_word' id='word_1_382' title='bbox 575 4212 755 4265; x_wconf 73' lang='lat' dir='ltr'><strong>Munia</strong></span> <span class='ocrx_word' id='word_1_383' title='bbox 777 4211 868 4279; x_wconf 90' lang='lat' dir='ltr'><strong>qui</strong></span> <span class='ocrx_word' id='word_1_384' title='bbox 887 4209 1189 4264; x_wconf 86' lang='lat' dir='ltr'><strong>veneranda</strong></span> <span class='ocrx_word' id='word_1_385' title='bbox 1214 4223 1432 4278; x_wconf 90' lang='lat' dir='ltr'><strong>gerens,</strong></span> <span class='ocrx_word' id='word_1_386' title='bbox 1457 4207 1660 4262; x_wconf 88' lang='lat' dir='ltr'><strong>assecla</strong></span> <span class='ocrx_word' id='word_1_387' title='bbox 1686 4223 1988 4272; x_wconf 87' lang='lat' dir='ltr'><strong>sacrorum,</strong></span> <span class='ocrx_word' id='word_1_388' title='bbox 2257 4206 2366 4263; x_wconf 85' lang='lat' dir='ltr'><strong>Nec</strong></span> <span class='ocrx_word' id='word_1_389' title='bbox 2395 4207 2558 4262; x_wconf 87' lang='lat' dir='ltr'><strong>decus</strong></span> <span class='ocrx_word' id='word_1_390' title='bbox 2594 4209 2694 4263; x_wconf 92' lang='lat' dir='ltr'><strong>hoc</strong></span> <span class='ocrx_word' id='word_1_391' title='bbox 2726 4209 3104 4278; x_wconf 87' lang='lat' dir='ltr'><strong>incorporeum</strong></span> <span class='ocrx_word' id='word_1_392' title='bbox 3137 4208 3281 4263; x_wconf 91' lang='lat' dir='ltr'><strong>subit</strong></span> <span class='ocrx_word' id='word_1_393' title='bbox 3311 4211 3516 4263; x_wconf 68' lang='lat' dir='ltr'><strong>aethera</strong></span> <span class='ocrx_word' id='word_1_394' title='bbox 3543 4206 3703 4262; x_wconf 84' lang='lat' dir='ltr'><strong>solum</strong></span> 
     </span>
    </p>
   </div>
   <div class='ocr_carea' id='block_1_40' title="bbox 577 4299 3504 4372">
    <p class='ocr_par' dir='ltr' id='par_1_40' title="bbox 577 4299 3504 4372">
     <span class='ocr_line' id='line_1_40' title="bbox 577 4299 3504 4372; baseline 0 -15"><span class='ocrx_word' id='word_1_395' title='bbox 577 4305 844 4372; x_wconf 87' lang='lat' dir='ltr'><strong>Tempore</strong></span> <span class='ocrx_word' id='word_1_396' title='bbox 870 4303 996 4356; x_wconf 91' lang='lat' dir='ltr'><strong>dum</strong></span> <span class='ocrx_word' id='word_1_397' title='bbox 1027 4302 1259 4371; x_wconf 89' lang='lat' dir='ltr'><strong>quodam</strong></span> <span class='ocrx_word' id='word_1_398' title='bbox 1291 4301 1492 4355; x_wconf 90' lang='lat' dir='ltr'><strong>Christi</strong></span> <span class='ocrx_word' id='word_1_399' title='bbox 1522 4314 1674 4353; x_wconf 90' lang='lat' dir='ltr'><strong>sacra</strong></span> <span class='ocrx_word' id='word_1_400' title='bbox 1703 4301 1930 4370; x_wconf 87' lang='lat' dir='ltr'><strong>mystica</strong></span> <span class='ocrx_word' id='word_1_401' title='bbox 1963 4301 2150 4366; x_wconf 78' lang='lat' dir='ltr'><strong>ferret,</strong></span> <span class='ocrx_word' id='word_1_402' title='bbox 2256 4299 2516 4369; x_wconf 86' lang='lat' dir='ltr'><strong>Corporei</strong></span> <span class='ocrx_word' id='word_1_403' title='bbox 2543 4300 2672 4370; x_wconf 89' lang='lat' dir='ltr'><strong>quin</strong></span> <span class='ocrx_word' id='word_1_404' title='bbox 2706 4311 2858 4370; x_wconf 88' lang='lat' dir='ltr'><strong>rapta</strong></span> <span class='ocrx_word' id='word_1_405' title='bbox 2881 4301 3038 4356; x_wconf 90' lang='lat' dir='ltr'><strong>simul</strong></span> <span class='ocrx_word' id='word_1_406' title='bbox 3066 4302 3324 4372; x_wconf 84' lang='lat' dir='ltr'><strong>mysteria</strong></span> <span class='ocrx_word' id='word_1_407' title='bbox 3350 4301 3504 4372; x_wconf 88' lang='lat' dir='ltr'><strong>panis</strong></span> 
     </span>
    </p>
   </div>
   <div class='ocr_carea' id='block_1_41' title="bbox 577 4390 3701 4466">
    <p class='ocr_par' dir='ltr' id='par_1_41' title="bbox 577 4390 3701 4466">
     <span class='ocr_line' id='line_1_41' title="bbox 577 4390 3701 4466; baseline -0.002 -16"><span class='ocrx_word' id='word_1_408' title='bbox 577 4395 852 4466; x_wconf 85' lang='lat' dir='ltr'><strong>Sacrilego</strong></span> <span class='ocrx_word' id='word_1_409' title='bbox 881 4393 1116 4451; x_wconf 68' lang='lat' dir='ltr'><strong>offensus</strong></span> <span class='ocrx_word' id='word_1_410' title='bbox 1147 4393 1383 4464; x_wconf 85' lang='lat' dir='ltr'><strong>capitur,</strong></span> <span class='ocrx_word' id='word_1_411' title='bbox 1413 4393 1754 4460; x_wconf 85' lang='lat' dir='ltr'><strong>trahiturque</strong></span> <span class='ocrx_word' id='word_1_412' title='bbox 1795 4393 2045 4457; x_wconf 87' lang='lat' dir='ltr'><strong>tumultu,</strong></span> <span class='ocrx_word' id='word_1_413' title='bbox 2258 4390 2559 4444; x_wconf 79' lang='lat' dir='ltr'><strong>Excutiunt</strong></span> <span class='ocrx_word' id='word_1_414' title='bbox 2588 4391 2838 4460; x_wconf 83' lang='lat' dir='ltr'><strong>equidem</strong></span> <span class='ocrx_word' id='word_1_415' title='bbox 2866 4401 3044 4446; x_wconf 88' lang='lat' dir='ltr'><strong>vestes</strong></span> <span class='ocrx_word' id='word_1_416' title='bbox 3075 4400 3129 4446; x_wconf 89' lang='lat' dir='ltr'><strong>et</strong></span> <span class='ocrx_word' id='word_1_417' title='bbox 3158 4391 3401 4445; x_wconf 88' lang='lat' dir='ltr'><strong>membra</strong></span> <span class='ocrx_word' id='word_1_418' title='bbox 3434 4390 3701 4446; x_wconf 84' lang='lat' dir='ltr'><strong>revolvunt</strong></span> 
     </span>
    </p>
   </div>
   <div class='ocr_carea' id='block_1_42' title="bbox 573 4480 3530 4556">
    <p class='ocr_par' dir='ltr' id='par_1_42' title="bbox 573 4480 3530 4556">
     <span class='ocr_line' id='line_1_42' title="bbox 573 4480 3530 4556; baseline -0 -16"><span class='ocrx_word' id='word_1_419' title='bbox 573 4488 809 4544; x_wconf 85' lang='lat' dir='ltr'><strong>Prodere</strong></span> <span class='ocrx_word' id='word_1_420' title='bbox 837 4486 1129 4543; x_wconf 88' lang='lat' dir='ltr'><strong>discutitur</strong></span> <span class='ocrx_word' id='word_1_421' title='bbox 1156 4484 1285 4556; x_wconf 89' lang='lat' dir='ltr'><strong>quid</strong></span> <span class='ocrx_word' id='word_1_422' title='bbox 1311 4493 1514 4541; x_wconf 87' lang='lat' dir='ltr'><strong>tectum</strong></span> <span class='ocrx_word' id='word_1_423' title='bbox 1550 4483 1814 4549; x_wconf 90' lang='lat' dir='ltr'><strong>occultius</strong></span> <span class='ocrx_word' id='word_1_424' title='bbox 1838 4484 2018 4539; x_wconf 91' lang='lat' dir='ltr'><strong>abdat.</strong></span> <span class='ocrx_word' id='word_1_425' title='bbox 2268 4480 2498 4544; x_wconf 90' lang='lat' dir='ltr'><strong>lnfandi,</strong></span> <span class='ocrx_word' id='word_1_426' title='bbox 2530 4497 2629 4536; x_wconf 88' lang='lat' dir='ltr'><strong>nec</strong></span> <span class='ocrx_word' id='word_1_427' title='bbox 2664 4497 2818 4536; x_wconf 84' lang='lat' dir='ltr'><strong>sacra</strong></span> <span class='ocrx_word' id='word_1_428' title='bbox 2848 4483 3027 4538; x_wconf 87' lang='lat' dir='ltr'><strong>valent</strong></span> <span class='ocrx_word' id='word_1_429' title='bbox 3053 4485 3291 4553; x_wconf 83' lang='lat' dir='ltr'><strong>reperire</strong></span> <span class='ocrx_word' id='word_1_430' title='bbox 3319 4496 3530 4556; x_wconf 87' lang='lat' dir='ltr'><strong>negata.</strong></span> 
     </span>
    </p>
   </div>
   <div class='ocr_carea' id='block_1_43' title="bbox 2062 4651 2409 4711">
    <p class='ocr_par' dir='ltr' id='par_1_43' title="bbox 2062 4651 2409 4711">
     <span class='ocr_line' id='line_1_43' title="bbox 2062 4651 2409 4711; baseline -0.006 -1"><span class='ocrx_word' id='word_1_431' title='bbox 2062 4651 2290 4711; x_wconf 78' lang='lat' dir='ltr'><strong>CAPUT</strong></span> <span class='ocrx_word' id='word_1_432' title='bbox 2321 4655 2409 4709; x_wconf 87' lang='lat' dir='ltr'><strong>IV.</strong></span> 
     </span>
    </p>
   </div>
   <div class='ocr_carea' id='block_1_44' title="bbox 1953 4766 2542 4836">
    <p class='ocr_par' dir='ltr' id='par_1_44' title="bbox 1953 4766 2542 4836">
     <span class='ocr_line' id='line_1_44' title="bbox 1953 4766 2542 4836; baseline -0.008 -15"><span class='ocrx_word' id='word_1_433' title='bbox 1953 4767 2029 4821; x_wconf 86' lang='lat' dir='ltr'><strong>De</strong></span> <span class='ocrx_word' id='word_1_434' title='bbox 2042 4778 2221 4821; x_wconf 76' lang='lat' dir='ltr'><strong>sancto</strong></span> <span class='ocrx_word' id='word_1_435' title='bbox 2245 4766 2542 4836; x_wconf 74' lang='lat' dir='ltr'><strong>Bonifacio.</strong></span> 
     </span>
    </p>
   </div>
   <div class='ocr_carea' id='block_1_45' title="bbox 570 4875 3654 4948">
    <p class='ocr_par' dir='ltr' id='par_1_45' title="bbox 570 4875 3654 4948">
     <span class='ocr_line' id='line_1_45' title="bbox 570 4875 3654 4948; baseline 0.001 -18"><span class='ocrx_word' id='word_1_436' title='bbox 570 4879 674 4932; x_wconf 86' lang='lat' dir='ltr'><strong>Pro</strong></span> <span class='ocrx_word' id='word_1_437' title='bbox 699 4878 905 4932; x_wconf 89' lang='lat' dir='ltr'><strong>meritis</strong></span> <span class='ocrx_word' id='word_1_438' title='bbox 930 4877 1152 4932; x_wconf 82' lang='lat' dir='ltr'><strong>decorat</strong></span> <span class='ocrx_word' id='word_1_439' title='bbox 1178 4875 1490 4932; x_wconf 80' lang='lat' dir='ltr'><strong>Bonifacius</strong></span> <span class='ocrx_word' id='word_1_440' title='bbox 1514 4876 1628 4932; x_wconf 75' lang='lat' dir='ltr'><strong>azde</strong></span> <span class='ocrx_word' id='word_1_441' title='bbox 1655 4876 1906 4932; x_wconf 81' lang='lat' dir='ltr'><strong>Latin..m</strong></span> <span class='ocrx_word' id='word_1_442' title='bbox 2261 4879 2486 4934; x_wconf 84' lang='lat' dir='ltr'><strong>Vincula</strong></span> <span class='ocrx_word' id='word_1_443' title='bbox 2517 4877 2895 4948; x_wconf 79' lang='lat' dir='ltr'><strong>praelambens,</strong></span> <span class='ocrx_word' id='word_1_444' title='bbox 2924 4877 3120 4932; x_wconf 88' lang='lat' dir='ltr'><strong>vinclis</strong></span> <span class='ocrx_word' id='word_1_445' title='bbox 3143 4878 3469 4948; x_wconf 91' lang='lat' dir='ltr'><strong>appenditur</strong></span> <span class='ocrx_word' id='word_1_446' title='bbox 3489 4877 3654 4943; x_wconf 86' lang='lat' dir='ltr'><strong>altus;</strong></span> 
     </span>
    </p>
   </div>
   <div class='ocr_carea' id='block_1_46' title="bbox 569 4967 3623 5040">
    <p class='ocr_par' dir='ltr' id='par_1_46' title="bbox 569 4967 3623 5040">
     <span class='ocr_line' id='line_1_46' title="bbox 569 4967 3623 5040; baseline 0.001 -19"><span class='ocrx_word' id='word_1_447' title='bbox 569 4967 833 5038; x_wconf 80' lang='lat' dir='ltr'><strong>Impensis</strong></span> <span class='ocrx_word' id='word_1_448' title='bbox 853 4967 1084 5022; x_wconf 83' lang='lat' dir='ltr'><strong>dominae</strong></span> <span class='ocrx_word' id='word_1_449' title='bbox 1113 4969 1329 5036; x_wconf 76' lang='lat' dir='ltr'><strong>pietatis</strong></span> <span class='ocrx_word' id='word_1_450' title='bbox 1351 4969 1558 5024; x_wconf 87' lang='lat' dir='ltr'><strong>honore</strong></span> <span class='ocrx_word' id='word_1_451' title='bbox 1581 4968 1728 5023; x_wconf 86' lang='lat' dir='ltr'><strong>lucra</strong></span> <span class='ocrx_word' id='word_1_452' title='bbox 1740 4978 1824 5034; x_wconf 67' lang='lat' dir='ltr'><strong>tre,</strong></span> <span class='ocrx_word' id='word_1_453' title='bbox 2256 4970 2506 5025; x_wconf 85' lang='lat' dir='ltr'><strong>Athletas</strong></span> <span class='ocrx_word' id='word_1_454' title='bbox 2536 4983 2778 5034; x_wconf 89' lang='lat' dir='ltr'><strong>armans,</strong></span> <span class='ocrx_word' id='word_1_455' title='bbox 2811 4984 2934 5024; x_wconf 82' lang='lat' dir='ltr'><strong>mox</strong></span> <span class='ocrx_word' id='word_1_456' title='bbox 2956 4979 3116 5038; x_wconf 90' lang='lat' dir='ltr'><strong>capto</strong></span> <span class='ocrx_word' id='word_1_457' title='bbox 3149 4979 3396 5024; x_wconf 89' lang='lat' dir='ltr'><strong>armatur</strong></span> <span class='ocrx_word' id='word_1_458' title='bbox 3422 4984 3623 5040; x_wconf 81' lang='lat' dir='ltr'><strong>agone;</strong></span> 
     </span>
    </p>
   </div>
   <div class='ocr_carea' id='block_1_47' title="bbox 569 5054 3532 5152">
    <p class='ocr_par' dir='ltr' id='par_1_47' title="bbox 569 5054 3532 5152">
     <span class='ocr_line' id='line_1_47' title="bbox 569 5054 3532 5152; baseline 0.003 -42"><span class='ocrx_word' id='word_1_459' title='bbox 569 5057 670 5123; x_wconf 85' lang='lat' dir='ltr'><strong>Qui</strong></span> <span class='ocrx_word' id='word_1_460' title='bbox 699 5056 828 5110; x_wconf 91' lang='lat' dir='ltr'><strong>dum</strong></span> <span class='ocrx_word' id='word_1_461' title='bbox 858 5054 1000 5110; x_wconf 88' lang='lat' dir='ltr'><strong>furta</strong></span> <span class='ocrx_word' id='word_1_462' title='bbox 1036 5056 1136 5152; x_wconf 75' lang='lat' dir='ltr'><strong>tori</strong></span> <span class='ocrx_word' id='word_1_463' title='bbox 1164 5057 1384 5128; x_wconf 84' lang='lat' dir='ltr'><strong>proprio</strong></span> <span class='ocrx_word' id='word_1_464' title='bbox 1415 5058 1613 5112; x_wconf 90' lang='lat' dir='ltr'><strong>sudore</strong></span> <span class='ocrx_word' id='word_1_465' title='bbox 1645 5057 1830 5152; x_wconf 45' lang='lat' dir='ltr'><strong>lava</strong></span> <span class='ocrx_word' id='word_1_466' title='bbox 2175 5073 2228 5132; x_wconf 83' lang='lat' dir='ltr'><strong>D</strong></span> <span class='ocrx_word' id='word_1_467' title='bbox 2256 5063 2520 5116; x_wconf 80' lang='lat' dir='ltr'><strong>Attollens</strong></span> <span class='ocrx_word' id='word_1_468' title='bbox 2549 5062 2757 5131; x_wconf 80' lang='lat' dir='ltr'><strong>plagas,</strong></span> <span class='ocrx_word' id='word_1_469' title='bbox 2791 5062 2960 5131; x_wconf 86' lang='lat' dir='ltr'><strong>plagis</strong></span> <span class='ocrx_word' id='word_1_470' title='bbox 2988 5060 3267 5116; x_wconf 87' lang='lat' dir='ltr'><strong>laceratur</strong></span> <span class='ocrx_word' id='word_1_471' title='bbox 3294 5063 3360 5118; x_wconf 89' lang='lat' dir='ltr'><strong>ad</strong></span> <span class='ocrx_word' id='word_1_472' title='bbox 3384 5077 3532 5128; x_wconf 83' lang='lat' dir='ltr'><strong>ossa;</strong></span> 
     </span>
    </p>
   </div>
   <div class='ocr_carea' id='block_1_48' title="bbox 569 5145 3486 5227">
    <p class='ocr_par' dir='ltr' id='par_1_48' title="bbox 569 5145 3486 5227">
     <span class='ocr_line' id='line_1_48' title="bbox 569 5145 3486 5227; baseline 0.001 -19"><span class='ocrx_word' id='word_1_473' title='bbox 569 5146 887 5208; x_wconf 65' lang='grc' dir='ltr'><strong>Ρΐοειπθηι»</strong></span> <span class='ocrx_word' id='word_1_474' title='bbox 925 5145 1104 5214; x_wconf 72' lang='lat' dir='ltr'><strong>superi</strong></span> <span class='ocrx_word' id='word_1_475' title='bbox 1134 5155 1266 5200; x_wconf 69' lang='grc' dir='ltr'><strong>ηυιυ</strong></span> <span class='ocrx_word' id='word_1_476' title='bbox 1297 5146 1684 5200; x_wconf 67' lang='grc' dir='ltr'><strong>ωοάοηῐιιίηίε</strong></span> <span class='ocrx_word' id='word_1_477' title='bbox 1711 5145 1820 5201; x_wconf 64' lang='grc' dir='ltr'><strong>πεί</strong></span> <span class='ocrx_word' id='word_1_478' title='bbox 2252 5154 2457 5209; x_wconf 76' lang='lat' dir='ltr'><strong>Aﬂixos</strong></span> <span class='ocrx_word' id='word_1_479' title='bbox 2483 5156 2722 5220; x_wconf 82' lang='lat' dir='ltr'><strong>firmans,</strong></span> <span class='ocrx_word' id='word_1_480' title='bbox 2753 5154 2974 5210; x_wconf 84' lang='lat' dir='ltr'><strong>calamis</strong></span> <span class='ocrx_word' id='word_1_481' title='bbox 3004 5155 3248 5226; x_wconf 75' lang='lat' dir='ltr'><strong>infigitur</strong></span> <span class='ocrx_word' id='word_1_482' title='bbox 3268 5171 3486 5227; x_wconf 81' lang='lat' dir='ltr'><strong>ungues,</strong></span> 
     </span>
    </p>
   </div>
   <div class='ocr_carea' id='block_1_49' title="bbox 569 5231 3606 5314">
    <p class='ocr_par' dir='ltr' id='par_1_49' title="bbox 569 5231 3606 5314">
     <span class='ocr_line' id='line_1_49' title="bbox 569 5231 3606 5314; baseline 0.004 -26"><span class='ocrx_word' id='word_1_483' title='bbox 569 5235 875 5288; x_wconf 80' lang='lat' dir='ltr'><strong>Decernunt</strong></span> <span class='ocrx_word' id='word_1_484' title='bbox 905 5235 1110 5303; x_wconf 88' lang='lat' dir='ltr'><strong>pariter</strong></span> <span class='ocrx_word' id='word_1_485' title='bbox 1135 5233 1447 5288; x_wconf 83' lang='lat' dir='ltr'><strong>Bonifacius</strong></span> <span class='ocrx_word' id='word_1_486' title='bbox 1473 5231 1618 5298; x_wconf 75' lang='lat' dir='ltr'><strong>alma</strong></span> <span class='ocrx_word' id='word_1_487' title='bbox 1644 5234 1880 5288; x_wconf 88' lang='lat' dir='ltr'><strong>levatum</strong></span> <span class='ocrx_word' id='word_1_488' title='bbox 2250 5239 2444 5296; x_wconf 81' lang='lat' dir='ltr'><strong>Praelia</strong></span> <span class='ocrx_word' id='word_1_489' title='bbox 2475 5241 2619 5297; x_wconf 89' lang='lat' dir='ltr'><strong>ferre</strong></span> <span class='ocrx_word' id='word_1_490' title='bbox 2647 5259 2868 5298; x_wconf 90' lang='lat' dir='ltr'><strong>movens</strong></span> <span class='ocrx_word' id='word_1_491' title='bbox 2895 5243 3038 5309; x_wconf 71' lang='lat' dir='ltr'><strong>lmte,</strong></span> <span class='ocrx_word' id='word_1_492' title='bbox 3071 5244 3178 5300; x_wconf 89' lang='lat' dir='ltr'><strong>fert</strong></span> <span class='ocrx_word' id='word_1_493' title='bbox 3205 5247 3389 5314; x_wconf 60' lang='lat' dir='ltr'><strong>praelia</strong></span> <span class='ocrx_word' id='word_1_494' title='bbox 3417 5245 3606 5308; x_wconf 67' lang='lat' dir='ltr'><strong>laetus;</strong></span> 
     </span>
    </p>
   </div>
   <div class='ocr_carea' id='block_1_50' title="bbox 568 5325 2111 5354">
    <p class='ocr_par' dir='ltr' id='par_1_50' title="bbox 568 5325 1797 5354">
     <span class='ocr_line' id='line_1_50' title="bbox 568 5325 1797 5354; baseline 0 0"><span class='ocrx_word' id='word_1_495' title='bbox 568 5327 802 5354; x_wconf 56' lang='lat' dir='ltr'><strong>pannis“</strong></span> <span class='ocrx_word' id='word_1_496' title='bbox 832 5325 1042 5354; x_wconf 57' lang='lat' dir='ltr'><strong>bunt...“</strong></span> <span class='ocrx_word' id='word_1_497' title='bbox 1065 5325 1265 5354; x_wconf 58' lang='lat' dir='ltr'><strong>Pindon</strong></span> <span class='ocrx_word' id='word_1_498' title='bbox 1298 5333 1566 5354; x_wconf 67' lang='grc' dir='ltr'><strong>νιιιΑαοιηΛΙιι</strong></span> <span class='ocrx_word' id='word_1_499' title='bbox 1601 5325 1797 5354; x_wconf 63' lang='grc' dir='ltr'><strong>ιῘΛηΛ-υι</strong></span> 
     </span>
    </p>
   </div>
   <div class='ocr_carea' id='block_1_51' title="bbox 2066 5325 3609 5354">
    <p class='ocr_par' dir='ltr' id='par_1_51' title="bbox 2251 5332 3609 5352">
     <span class='ocr_line' id='line_1_51' title="bbox 2251 5332 3609 5352; baseline -0.004 0"><span class='ocrx_word' id='word_1_500' title='bbox 2251 5332 2464 5352; x_wconf 35' lang='grc' dir='ltr'><strong>Πγ--.·ην</strong></span> <span class='ocrx_word' id='word_1_501' title='bbox 2601 5332 2623 5350; x_wconf 63' lang='grc' dir='ltr'><strong>Β</strong></span> <span class='ocrx_word' id='word_1_502' title='bbox 2978 5334 3010 5348; x_wconf 71' lang='grc' dir='ltr'><strong>ο.</strong></span> <span class='ocrx_word' id='word_1_503' title='bbox 3238 5336 3251 5348; x_wconf 68' lang='grc' dir='ltr'><strong>ο</strong></span> <span class='ocrx_word' id='word_1_504' title='bbox 3314 5338 3327 5346; x_wconf 73' lang='grc' dir='ltr'><strong>ο</strong></span> <span class='ocrx_word' id='word_1_505' title='bbox 3482 5336 3494 5346; x_wconf 79' lang='grc' dir='ltr'>ι</span> <span class='ocrx_word' id='word_1_506' title='bbox 3596 5335 3609 5346; x_wconf 77' lang='grc' dir='ltr'>ι</span> 
     </span>
    </p>
   </div>
  </div>
