3908 5426
133 327 216 386 ἨΘ
527 317 614 374 DE
638 316 910 375 CHRISTI
944 316 1325 376 TBIUMPHIS
1361 314 1547 373 APUD
1587 316 1870 374 ITALIAM
1907 317 2154 379 GESTIS
2192 316 2374 375 LIBRI
2405 314 2547 373 XIV.
2569 344 2641 359 --
2666 313 2794 372 LIB.
2832 316 2924 373 IX.
3246 318 3350 375 730

133 440 227 497 tam
251 432 494 493 coriorum
514 428 691 501 epulis
710 429 1058 500 gaudentem,
1086 428 1208 485 labe
1230 428 1440 500 popina:

132 523 346 593 lmmergi
373 528 615 576 mussant
641 519 798 585 socii,
825 529 1119 590 scortoque
1145 521 1317 575 teneri

133 618 272 680 Quem
301 620 501 677 rentur,
531 624 727 682 supera
756 611 1037 667 inveniunt
1067 611 1354 666 dulcedine
1394 610 1662 676 functum,

134 706 325 763 Mercari
351 713 561 760 saerata
590 713 801 775 petens,
832 704 1081 760 mercede
1108 713 1362 772 receptus

134 800 294 865 Allata,
320 812 468 853 sacer
502 798 617 867 ipse
642 796 864 861 emitur,
893 796 1178 866 pretioque
1214 794 1475 860 refertur,

134 894 330 963 Sparsus
354 888 709 953 aromatibus,
735 888 931 943 merito
955 887 1247 942 decoratur
1268 885 1476 943 honore
1500 901 1516 939 :

134 981 341 1038 leicola
364 979 509 1050 Agim
540 993 626 1034 res
651 992 988 1049 praecursore
1020 985 1274 1043 notatur;

133 1073 343 1130 Occurrit
365 1086 469 1126 non
493 1070 608 1141 jam
639 1069 863 1134 famulo,
901 1068 1033 1140 quin
1059 1082 1216 1124 serva
1240 1068 1414 1123 ﬁdelis

133 1169 268 1227 Obvia
291 1167 453 1224 fertur
470 1167 623 1232 hero,
656 1165 989 1236 capiensque
1013 1163 1249 1235 optabile
1280 1178 1498 1230 munus,

1695 435 1746 495 Α
1774 431 1937 489 Parta
1961 433 2090 491 sede
2118 433 2281 498 locat,
2309 431 2674 505 templumque
2703 433 2885 489 nitore
2910 441 3157 489 venustat
3174 476 3190 502 ,

1767 522 1949 578 Mundi
1974 532 2227 595 exempta
2254 524 2386 594 jugo
2407 538 2684 579 servorum
2712 523 2853 581 colla
2875 523 3118 592 resolvit,

1766 613 2043 670 Libertate
2074 630 2282 670 novans
2312 613 2563 681 famulos,
2597 615 2660 669 ﬂt
2684 614 2855 670 libera
2891 630 3042 681 vere,

1768 705 1906 759 Dum
1933 702 2134 760 Christi
2166 704 2423 759 famulam
2448 705 2607 759 factis
2635 719 2694 759 se
2722 704 2911 773 pandit
2938 703 3213 772 honestis;

1771 791 1927 849 Saecli
1952 808 2012 849 se
2030 792 2346 864 exspolians
2368 793 2602 863 pompis,
2627 794 2920 850 virtutibus
2944 805 3127 862 ornat,

1770 883 1881 938 Res
1912 891 2072 939 terrae
2095 882 2317 956 largita,
2341 883 2473 949 Deo,
2498 884 2721 941 ditescit
2748 887 2930 955 opimo

1768 972 2017 1029 Culmine
2039 973 2326 1041 virtutum,
2355 973 2631 1045 signisque
2658 990 2884 1032 corusca
2914 976 3159 1043 nitescit,

1770 1064 2276 1135 Consummausqne
2301 1065 2406 1136 piis
2431 1082 2651 1122 cursum
2681 1067 2917 1125 feliciter
2936 1071 3093 1135 actis,

1770 1156 2029 1229 Martyris
2065 1172 2192 1214 ossa
2213 1157 2398 1225 domo,
2427 1158 2570 1216 cmlo
2595 1174 2752 1217 mens
2784 1162 2987 1217 inditur
3009 1162 3141 1218 alto.

1551 1333 1781 1390 CAPUT
1824 1334 1889 1390 γ.

1234 1442 1318 1501 ’Βε
1342 1446 1540 1502 sanctis
1568 1445 1835 1518 Gorgonio
1870 1454 1919 1500 et
1964 1443 2250 1499 Dorotheo.

1697 1545 1746 1603 Β
1773 1558 2014 1614 Membra
2039 1558 2154 1628 rapi
2182 1556 2438 1613 semiusta
2463 1572 2688 1614 monens
2715 1559 2907 1616 nidore
2941 1560 3136 1617 lanista

1770 1649 1948 1720 Erigit
1972 1664 2098 1705 arce
2122 1649 2301 1705 crucis
2331 1650 2620 1706 sustollens
2641 1650 2763 1706 luce
2793 1652 3077 1723 triumphi,

1771 1741 2070 1812 Eductique
2098 1741 2261 1797 astris
2287 1750 2575 1812 penetrant
2600 1743 2841 1799 caelestia
2870 1744 3001 1801 laeti.

1772 1832 1980 1903 Raptus
2004 1841 2060 1889 et
2091 1832 2339 1904 angelico
2364 1834 2534 1890 suetis
2559 1834 2697 1891 duce
2735 1835 2979 1891 redditus
3008 1836 3121 1892 aris
3220 1903 3227 1910 _

1773 1926 1939 1981 Cessa
1969 1925 2171 1979 talenta
2201 1924 2335 1979 colit
2361 1940 2469 1995 quo
2507 1940 2733 1981 munere
2759 1926 2965 1980 vertice
2990 1925 3200 1997 plexus.

135 1565 231 1619 llaec
253 1562 380 1617 inter
403 1559 649 1631 geminas
669 1560 871 1616 meruit
902 1558 988 1614 via
1019 1558 1247 1631 pignore
1272 1559 1455 1615 lauros

132 1652 344 1721 Gorgonii
366 1652 524 1717 comi,
559 1651 816 1706 Dorothei
846 1658 902 1704 et
927 1651 1136 1705 honore
1171 1648 1392 1705 sodalis.

135 1744 391 1797 habuerant
416 1739 644 1796 comites
665 1738 790 1793 ﬂdei
814 1747 1076 1810 praestare
1107 1738 1293 1809 vigore

136 1831 256 1887 L‘nde
310 1844 514 1901 quoque
582 1829 637 1884 in
694 1828 895 1883 Christi
959 1828 1181 1884 dantem
1250 1835 1519 1883 tormenta
1582 1835 1666 1898 ty-

1316 1916 1597 1991 {rannum,

135 2015 381 2088 Ohjurgant
401 2015 655 2081 famulos,
679 2029 845 2085 seque
873 2014 979 2069 hac
1013 2013 1215 2084 pietate
1251 2012 1429 2066 nitere

135 2108 315 2164 Pectore
337 2117 388 2164 et
406 2123 498 2163 ore
523 2116 759 2184 notant;
797 2108 902 2162 hoc
929 2122 1049 2163 sese
1074 2105 1287 2160 fervere
1315 2104 1488 2170 cultu,

135 2200 350 2257 Omnibus
377 2202 515 2257 hunc
546 2200 793 2255 animum
819 2198 1007 2263 sociis,
1032 2198 1134 2252 hoc
1156 2196 1376 2251 vincere
1393 2194 1541 2265 jure.

133 2290 246 2345 Luce
267 2291 376 2346 data
401 2290 522 2357 hac,
554 2289 690 2344 totis
717 2286 1030 2342 lacerantur
1054 2285 1263 2340 viscera
1290 2283 1571 2348 membris,

133 2381 337 2452 Pelleque
360 2382 657 2453 discerpta,
686 2379 800 2436 sale
818 2388 874 2435 et
900 2378 1256 2433 infunduntur
1279 2386 1458 2443 aceto,

133 2471 322 2527 Fortiter
339 2473 446 2528 haec
472 2473 658 2542 passis
687 2470 853 2527 cratis
873 2472 1148 2526 substrata
1179 2466 1404 2537 iubetur

133 2563 229 2634 igne
256 2563 511 2634 vaporari,
544 2563 806 2633 lentoque
836 2561 1107 2617 calescere
1137 2559 1275 2625 fotu,

134 2656 191 2711 Ne
213 2656 333 2713 ierat
360 2667 614 2728 optantes
638 2656 836 2728 raptim
864 2654 1148 2711 succensio
1179 2661 1419 2719 mentes;
1498 2640 1501 2641 7

135 2748 347 2820 Reliquiae
373 2750 447 2805 sic
472 2751 587 2821 jam
611 2748 759 2804 victu
787 2756 992 2803 tortore
1022 2746 1314 2819 ﬂagrorum

137 2839 213 2896 Hie
231 2841 671 2910 super-adduntur,
694 2839 841 2894 vinci
870 2838 914 2894 si
947 2838 1085 2894 forte
1116 2837 1400 2907 coquendo

134 2930 235 2986 Ossa
257 2941 439 3004 queant
465 2931 630 3003 longo
665 2931 825 2987 tostis
846 2931 1043 2986 ardore
1073 2929 1322 2986 medullis
1346 2946 1361 2995 ;

136 3011 330 3093 Du'mque
348 3024 506 3096 pudet
529 3021 660 3079 ﬂdei
685 3022 973 3079 vulcanum
1004 3022 1200 3077 ardore
1221 3020 1528 3084 subactum,
1611 3020 1615 3024 ’

1771 2017 2039 2072 Maximus
2082 2018 2227 2072 hunc
2255 2018 2525 2088 sequitur.
2554 2017 2707 2087 cujus
2741 2018 2856 2073 vice
2880 2019 3043 2073 corda
3076 2005 3316 2090 piorum,

1772 2109 2035 2175 Roborat,
2064 2124 2128 2163 ac
2154 2118 2419 2178 pmstans
2443 2109 2650 2163 validus
2679 2110 2823 2166 cazde
2846 2110 3048 2166 aethera
3086 2119 3309 2181 captat:

1770 2198 2013 2255 Membra
2042 2198 2219 2253 solum
2259 2206 2480 2254 servant
2506 2199 2700 2255 solitus
2728 2215 2836 2269 quo
2858 2209 2984 2254 vota
3012 2198 3188 2254 litare.

1771 2292 1974 2347 Bassus
1994 2282 2190 2346 abinde
2219 2291 2364 2345 subit
2395 2290 2648 2361 Dionysia
2671 2307 2824 2347 sacra
2849 2291 3139 2366 refellensg

1772 2382 1952 2452 Atque
1986 2380 2112 2437 terit
2133 2380 2262 2435 ﬂatu
2292 2393 2556 2446 cererem,
2594 2381 2887 2452 spiramine
2916 2383 3069 2439 divos

1773 2474 1874 2542 Qui
1903 2483 2155 2530 sternens
2186 2473 2352 2538 tenui,
2378 2489 2549 2528 caesus
2574 2475 2704 2543 petit
2737 2476 2902 2530 ardua
2935 2476 3086 2540 caeli,

1775 2565 1868 2621 Sic
1894 2564 2094 2620 Fabius
2120 2564 2339 2636 longum
2370 2564 2564 2619 vinclis
2588 2574 2643 2619 et
2674 2581 2897 2622 carcere
2921 2567 3105 2643 tritus,

1772 2659 1935 2715 Astra
1968 2672 2125 2712 sacer
2154 2658 2372 2712 tandem
2400 2657 2715 2712 conscendit
2740 2657 2943 2713 vertice
2968 2657 3186 2729 plexus;

1772 2746 1984 2814 Victor,
2002 2755 2057 2803 et
2079 2749 2340 2802 emeritus
2362 2748 2485 2802 cmli
2515 2749 2833 2803 conscendit
2854 2734 3115 2805 honorem

1772 2836 1866 2892 Bis
1894 2848 2115 2893 centum
2144 2837 2538 2904 hanc,comunt
2563 2854 2779 2909 quoque
2801 2841 3082 2910 sexaginta
3108 2839 3358 2911 duoque:

1700 2902 1748 2966 (ἶ
1779 2927 2104 2999 Pignorihus
2133 2902 2305 2984 testes
2326 2944 2462 3000 quos
2491 2902 2607 2985 haec
2631 2902 2715 2984 via
2744 2930 2887 2985 celat
2912 2902 3116 2999 arenis,

1783 3018 1853 3074 Et
1876 3020 1965 3075 cui
1995 3020 2087 3075 dat
2114 3018 2316 3078 famam
2352 3029 2605 3077 ventrosa
2636 3022 2917 3078 cucurbita
2943 3021 3136 3078 clivus.

1522 3191 1754 3249 CAPUT
1812 3191 1902 3249 VI.

1276 3309 1354 3366 De
1374 3309 1570 3365 sanctis
1599 3305 1797 3363 Luccia
1817 3318 1863 3362 et
1895 3306 2105 3361 Acceia.

135 3421 239 3479 Tum
260 3428 536 3484 comitante
563 3427 862 3483 salutarem
884 3424 1085 3482 Luccia
1110 3433 1331 3482 caterva

136 3514 281 3587 Regis,
306 3530 357 3575 et
381 3520 595 3578 Aceeize
624 3520 859 3577 victoria
881 3521 1115 3576 barbara
1137 3518 1331 3583 comit,

134 3606 225 3674 Qui
239 3623 514 3684 properant
538 3613 787 3686 explere,
812 3610 921 3683 poli
945 3626 1004 3669 se
1032 3625 1159 3682 rege
1189 3616 1440 3673 vocante,

1776 3422 2011 3480 Zenonis
2042 3419 2272 3493 insignis
2298 3435 2523 3477 manans
2541 3420 2672 3493 juge
2703 3429 2854 3494 gutta
2878 3421 3189 3493 palaestram

1779 3514 1941 3571 Millia
1968 3529 2127 3585 quem
2156 3522 2365 3570 sectata
2394 3514 2582 3570 decem
2614 3522 2724 3570 tres
2755 3506 2919 3584 atque
2948 3514 3191 3571 ducenti.

1521 3758 1751 3816 CAPUT
1805 3750 1931 3813 VII.

846 3867 925 3921 De
966 3868 1163 3923 sanctis
1207 3868 1486 3934 Archelao,
1514 3866 1822 3940 Hippolyto,
1877 3863 2147 3920 Vincentio
2189 3874 2238 3918 et
2266 3865 2420 3919 sociis
2458 3879 2661 3918 eorum.

131 3976 403 4055 Romuleum
426 3978 603 4036 ditant
634 3980 800 4035 etiam
829 3981 916 4050 pia
946 3995 1171 4037 munera
1206 3990 1421 4053 portum

132 4068 403 4137 Archelaus,
435 4073 598 4128 simul
631 4071 970 4144 Hippolytus,
1006 4074 1323 4130 Vincentius
1347 4084 1560 4146 atque,

131 4158 352 4219 Praeterea
375 4164 556 4235 plures
577 4163 889 4231 Quiriacus,
917 4176 971 4220 et
997 4165 1376 4234 Herculianus,

135 4250 278 4309 Enitet
297 4254 381 4311 hic
409 4264 623 4327 martyr
652 4255 937 4325 fortisque,
967 4256 1272 4328 decensque
1298 4259 1669 4330 Hyacinthus,

131 4340 306 4412 Ignibus
328 4346 615 4404 immersus
644 4358 864 4419 superat
889 4349 981 4420 qui
1013 4350 1260 4407 incendia
1284 4352 1458 4417 Imtus.

132 4430 231 4488 Inde
252 4436 637 4510 datus’rapidis
666 4441 907 4510 spumosi
930 4439 1168 4498 ﬂuminis
1198 4442 1376 4508 undis,

132 4518 375 4582 Incolumis
403 4529 567 4585 siccas
598 4530 915 4586 redhibetur
942 4533 997 4587 in
1025 4549 1220 4604 aggere
1246 4533 1404 4603 ripae;

134 4608 239 4669 Tum
263 4617 677 4688 gladio'sectum
730 4622 907 4680 servis
933 4622 1215 4692 comitata,
1245 4637 1537 4695 capessens

1774 3976 1936 4042 Julia,
1964 3992 2090 4032 rure
2116 3991 2215 4032 suo
2236 3975 2437 4031 celebri
2464 3974 2701 4045 disponit
2723 3975 2949 4031 honore.

1776 4075 1973 4132 Titulis
1996 4074 2285 4143 triumphis
2307 4072 2423 4144 lege
2448 4071 2649 4127 Christi
2681 4070 2898 4144 [algidis

1776 4168 2045 4225 Notantur
2074 4168 2198 4222 istic
2228 4166 2553 4222 advenarum
2579 4174 2901 4237 martyrum,

1777 4259 1912 4315 Cum
1942 4257 2215 4324 Martiale,
2241 4257 2442 4327 Aprilis
2470 4271 2535 4312 ac
2572 4256 2864 4323 sodalium,

1779 4350 1978 4407 Felicis
2006 4361 2168 4423 atque
2193 4360 2514 4406 caeterorum
2542 4349 2777 4420 plurium

1781 4443 2025 4512 Istosque
2048 4452 2242 4513 praeter
2262 4441 2603 4511 cognitorum
2634 4441 2727 4494 uni
2764 4441 2891 4506 Deo,

1783 4531 1886 4600 Qui
1912 4534 2057 4587 circa
2087 4540 2142 4585 et
2176 4530 2317 4585 infra
2348 4531 2508 4585 laude
2536 4531 2710 4599 dignis
2738 4530 3023 4586 Romulam

1705 4595 1756 4655 Ῑ)
1782 4595 1984 4678 Urbem
2009 4630 2271 4676 coronant
2297 4619 2571 4676 eﬂ'erendo
2595 4595 2856 4676 I‘ascibus.

1556 4774 1784 4832 CAPUT
1822 4776 1955 4832 VIII.

1404 4906 1409 4909 -
1470 4865 1549 4923 De
1582 4878 1765 4923 sancto
1788 4866 2074 4938 Syluestro.

135 4961 383 5037 Sylvester,
412 4972 691 5028 cathedrm
715 4973 944 5029 sortitus
974 4975 1210 5030 culmina
1233 4976 1404 5040 Petri.

132 5054 310 5117 Patrem
344 5080 403 5121 se
429 5066 608 5136 plebis
631 5067 847 5138 magnis
869 5068 1220 5140 minimisque
1243 5070 1550 5141 probabat:

134 5145 349 5210 Errantes
378 5163 665 5223 revocans,
692 5167 969 5215 sectantes
994 5160 1183 5216 coelica
1207 5161 1454 5223 ﬁrmans,

133 5239 348 5349 Eegmine
375 5249 610 5311 sollicito
632 5251 869 5317 clerum,
900 5253 1266 5324 populumque
1294 5252 1624 5323 gubernans,

128 5328 207 5358 1)-..
231 5336 333 5358 -!;--
365 5339 404 5358 η

1782 4981 1959 5049 Atque
1988 4991 2188 5032 vacare
2212 4977 2325 5034 Deo
2345 4977 2582 5034 discreto
2608 4983 2854 5046 tempore
2889 4978 3183 5033 mandans.

1782 5070 2057 5127 Prmterea
2079 5079 2361 5127 certamen
2390 5069 2439 5125 ei
2471 5085 2594 5127 cum
2625 5071 2881 5141 gentibus
2910 5068 3138 5138 ingens,

1783 5163 1941 5219 Falsa
1970 5163 2230 5220 refutanti
2266 5163 2518 5230 assertis,
2545 5172 2599 5220 et
2628 5178 2761 5219 vera
2793 5160 2994 5225 tuenti,

1784 5252 2052 5325 Quodque
2076 5255 2227 5311 adid
2267 5269 2441 5327 usque
2487 5256 2693 5320 datum,
2747 5263 2945 5311 manus
2994 5261 3060 5306 ut
3113 5250 3400 5308 contraria
