3908 5426
605 387 704 440 751
1303 383 1695 440 FLODOARDI
1735 384 2050 442 CANONICI
2080 383 2421 440 REEiENSiS
2459 385 2821 443 OPUSCULA
2862 384 3184 442 METRICA.
3743 384 3823 442 75?.

605 500 854 553 incautos
887 495 1064 568 populi
1095 510 1344 566 suprema
1377 506 1530 568 peste
1555 498 1805 567 fatigans.
2205 503 2249 558 A
2279 494 2455 572 Seque
2485 499 2756 554 hominem
2782 499 3017 554 meminit
3049 499 3149 554 sub
3175 496 3484 554 conditione
3511 506 3741 552 creatum

604 589 877 643 Convocat
900 585 992 642 ille
1022 594 1208 654 patres
1235 586 1477 642 coelestia
1505 588 1644 642 dona
1672 596 1967 651 merentes,
2285 587 2576 645 Servorutn
2605 590 2787 652 simili,
2818 603 2978 660 atque
3008 591 3122 660 pari
3161 591 3251 660 qui
3277 598 3466 661 surgat
3504 589 3574 644 ab
3612 599 3748 654 ortu,

605 679 872 736 Praedicat
897 688 951 734 et
982 680 1150 736 ternis
1168 678 1374 749 jejunia
1404 680 1580 736 danda
1614 681 1826 748 diebus,
2282 680 2394 737 Nec
2420 698 2582 738 causa
2617 698 2714 752 par
2739 697 2861 738 esse
2883 683 2964 737 sui
2996 691 3074 736 tot
3099 682 3260 736 millia
3293 682 3467 752 perdi.

605 769 768 837 Queis
788 771 1044 841 precibus
1070 773 1256 838 castis,
1285 773 1533 842 votisque
1562 773 1766 828 insistit
1793 773 2023 837 anhelis,
2283 774 2494 829 Servati
2526 775 2578 828 in
2618 774 2853 830 tumidos
2877 773 3019 843 juris
3047 773 3414 829 reminiscitur
3437 772 3644 838 hostes,

605 861 769 917 Parte
795 865 896 917 sub
925 862 1030 918 hac
1061 862 1264 918 Christi
1293 872 1353 917 ut
1383 863 1669 919 manifesta
1697 865 1938 935 potentia
1967 865 2177 935 gliscat.
2283 866 2655 938 Subjectisque
2676 869 2839 939 pudet
2863 881 3120 923 concessa
3151 881 3346 937 negare
3374 885 3388 919 :
3425 870 3675 936 superbis

602 950 738 1006 Tum
761 961 948 1022 pastor
973 952 1122 1007 visus
1149 953 1323 1008 defert
1348 954 1607 1008 solamina
1639 953 1852 1018 Petrus,
2281 958 2538 1014 Hostibus
2558 973 2680 1014 esse
2709 968 2941 1030 patrem,
2964 957 3238 1013 crudelem
3271 957 3484 1012 civibus
3514 958 3717 1012 hostem
3743 975 3756 1011 :

603 1046 739 1102 Cum
770 1046 990 1102 monitis
1017 1047 1154 1102 sacri
1187 1056 1467 1102 sumantur
1497 1048 1549 1102 in
1571 1047 1760 1104 ordine
1781 1049 1910 1104 cleri
2284 1050 2528 1105 Victores
2557 1049 2704 1104 vitiis
2726 1050 3041 1119 populorum
3073 1051 3264 1104 cedere
3294 1048 3486 1111 victos,

605 1137 924 1193 Theodorus
950 1138 1151 1203 senior,
1179 1153 1241 1192 ac
1270 1137 1654 1204 Felicissimus,
1681 1147 1844 1208 atque
2281 1141 2512 1212 Legibus
2532 1149 2694 1211 atque
2726 1156 2845 1196 reos
2865 1139 3097 1210 propriis
3116 1141 3416 1212 grassantia
3448 1140 3650 1204 teneri;

602 1229 818 1285 Tertius
841 1231 926 1283 his
950 1229 1130 1284 socius
1158 1229 1460 1299 Dionysius,
1489 1229 1613 1286 inde
1638 1230 1892 1294 ministri,
2284 1231 2481 1301 Sit-que
2513 1230 2667 1302 juvat
2694 1231 2892 1285 virtute
2925 1230 3070 1287 feros
3100 1245 3427 1300 componere
3450 1245 3650 1294 mores,

604 1323 1010 1392 Romanusque,
1043 1330 1097 1375 et
1124 1322 1426 1376 Honoratus
1456 1321 1713 1393 mysteria
1744 1321 1897 1386 libet;
2283 1321 2514 1377 Vincere
2551 1322 2775 1382 saevitia.
2809 1322 2923 1377 sola
2956 1323 3156 1392 pietate
3195 1321 3440 1384 domari;

606 1415 701 1470 llis
727 1415 875 1484 prius
899 1414 1118 1468 annisus
1142 1414 1365 1482 posthac
1391 1413 1685 1482 descendat
1715 1413 1894 1484 agoni,
2281 1411 2588 1468 Contemnit
2621 1413 2793 1480 pictas
2824 1428 3034 1467 morum
3057 1411 3305 1467 consulta
3339 1427 3648 1474 sacrorum,

603 1507 832 1560 Additur
856 1515 909 1560 et
933 1507 1059 1576 quid
1090 1506 1406 1575 reppererit,
1441 1506 1567 1575 quid
1599 1505 1840 1560 muneris
1866 1505 2012 1569 edat,
2283 1500 2460 1571 Atque
2489 1502 2604 1556 dari
2635 1501 2886 1573 lacrytnis
2915 1501 3245 1555 mandantur
3274 1499 3501 1569 pignora
3537 1509 3767 1552 matrum.

603 1595 823 1651 llostem
849 1613 957 1664 quo
977 1597 1153 1650 dirum
1187 1595 1441 1664 subigens
1472 1597 1769 1651 certamine
1797 1595 2001 1650 vincat.
2282 1592 2507 1649 Pectora
2534 1593 2780 1664 percellit
2807 1603 3016 1663 stupor,
3056 1608 3121 1648 ac
3149 1601 3328 1648 metus
3365 1593 3556 1648 intima
3591 1591 3766 1663 pulsat,

601 1686 933 1755 Aggrcdicns
964 1685 1062 1740 init
1098 1701 1290 1739 aversa
1324 1694 1562 1740 terrente
1592 1685 1850 1749 cohorte;
2283 1682 2515 1738 Credere
2546 1699 2646 1739 nec
2668 1683 2810 1738 facili
2845 1685 3101 1738 suadetur
3141 1670 3549 1749 tramite;la.-ta

601 1778 902 1833 lustructus
948 1777 1232 1844 latebram,
1281 1778 1690 1848 intrepidusque
1727 1778 1984 1832 barathra
2014 1792 2180 1847 pene-
2215 1847 2235 1848 ί
2283 1774 2563 1844 Augentur
2592 1776 2814 1845 trepidis
2837 1775 3121 1838 solamina,
3155 1775 3378 1840 prmmia
3408 1776 3581 1839 callis,

1933 1867 2106 1940 [trat;
2208 1847 2256 1905 Β
2284 1864 2602 1934 Adjumenta
2627 1866 2745 1930 vim,
2783 1865 3035 1919 lamentis
3061 1865 3251 1935 gaudia
3282 1872 3536 1920 crescunt
3569 1881 3584 1929 ;

599 1957 884 2026 Appellens
915 1960 1128 2012 tandem
1157 1958 1331 2014 rabidi
1357 1959 1424 2014 ad
1451 1959 1643 2029 spelzea
1681 1959 1942 2030 chelydri,
2285 1955 2355 2011 Ut
2383 1971 2502 2026 qua:
2538 1956 2779 2026 lugentes
2808 1956 2977 2010 invisa
3012 1957 3078 2009 ad
3103 1955 3298 2010 moenia
3331 1956 3508 2009 ducta:

599 2050 1014 2118 Obtrudensque
1044 2051 1274 2114 hostem,
1303 2051 1486 2106 valvas
1517 2052 1617 2106 sibi
1641 2051 1790 2105 ducit
1819 2051 2039 2114 alienas,
2286 2047 2428 2101 Dura
2461 2048 2814 2113 resultabant,
2844 2047 3043 2102 hilares
3072 2062 3166 2100 sua
3199 2055 3338 2101 tecta
3370 2047 3626 2099 revisant.

599 2139 716 2194 Mox
749 2138 991 2209 chalybis
1020 2139 1196 2194 vinclo
1221 2139 1423 2209 cyclos,
1455 2148 1617 2208 atque
1641 2139 1780 2193 ostia
1813 2138 2004 2200 munit,
2286 2136 2436 2193 Unde
2465 2154 2681 2210 egressa
2703 2139 2809 2208 poli
2842 2139 3057 2207 pietatis
3091 2138 3296 2192 semina
3325 2137 3565 2206 pulsant,

603 2231 770 2286 Ferro
799 2243 961 2300 atque
987 2245 1096 2285 aere
1125 2230 1266 2285 luem
1295 2231 1546 2295 subdens,
1581 2241 1634 2286 et
1663 2231 1813 2286 clave
1843 2246 2129 2295 coercens;
2281 2227 2538 2283 Secessus
2565 2229 2774 2296 superis
2799 2242 3052 2296 proceres
3082 2241 3112 2280 a
3139 2227 3357 2280 sedibus
3393 2225 3512 2289 alti,

602 2326 738 2380 llinc
765 2325 875 2380 voti
901 2340 1119 2393 compos
1145 2325 1340 2395 repetit
1362 2326 1667 2396 spectacula
1701 2327 1895 2380 victor.
2282 2317 2418 2370 Dum
2439 2332 2599 2387 sapor
2626 2331 2886 2386 augurum
2911 2324 3162 2386 properat
3185 2316 3375 2368 sedare
3400 2313 3674 2377 tumultus,

595 2419 906 2490 Anguicolre
931 2419 1145 2474 demum
1176 2429 1426 2488 portenta
1452 2421 1675 2474 subacta
1704 2420 2015 2489 probantes,
2283 2408 2572 2479 Splendida
2600 2409 2885 2462 mittuntur
2915 2407 3027 2478 regi
3057 2407 3160 2461 duo
3184 2406 3384 2459 lumina
3415 2406 3598 2458 mundi

597 2509 780 2564 Livida
809 2510 1100 2580 projiciunt
1128 2510 1274 2564 exuti
1309 2511 1446 2578 pelle
1477 2511 1674 2577 ferina,
2281 2502 2525 2571 Claviger
2552 2501 2821 2555 mtltereus
2844 2499 3052 2568 Ccphas
3076 2507 3128 2553 et
3151 2499 3271 2568 quis
3299 2496 3401 2552 fuit
3428 2500 3584 2562 alter,

597 2600 996 2672 Candentisque
1027 2601 1128 2672 legi
1161 2611 1440 2672 gratantes
1461 2602 1705 2657 vestibus
1731 2602 1874 2672 agni.

2283 2591 2527 2645 Excoluit
2555 2599 2723 2644 totum
2751 2589 2914 2644 verbo
2943 2590 3032 2660 qui
3061 2589 3310 2659 gentibus
3330 2587 3517 2642 orbem
3537 2627 3552 2650 ,

597 2691 707 2747 Nec
733 2692 949 2762 longum
973 2700 1178 2757 cessat,
1207 2693 1390 2747 clauso
1422 2702 1692 2763 serpente,
1721 2701 1932 2746 cerasta
2284 2682 2459 2750 Seque
2484 2681 2686 2750 Deique
2715 2681 2894 2734 ferunt
2925 2679 3178 2742 monitus,
3198 2679 3467 2748 ﬁnemque
3490 2678 3648 2733 furori

604 2784 924 2838 Proturbarc
949 2785 1091 2853 pios,
1119 2783 1336 2853 instigat
1371 2781 1422 2836 in
1447 2798 1596 2836 arma
1626 2763 1914 2852 profanos;
2281 2774 2611 2844 Impositum,
2643 2774 2982 2842 domitosque
3009 2773 3237 2836 animos,
3270 2780 3324 2825 et
3353 2780 3506 2842 gesta
3530 2772 3736 2840 benigne

594 2873 930 2928 Christicolae
955 2874 1106 2927 divos
1134 2873 1400 2942 suplicent
1423 2873 1596 2926 edicta
1631 2881 1924 2942 propagat;
2283 2865 2498 2920 ltectori
2527 2880 2782 2938 superum
2815 2864 3083 2933 placuisse
3113 2861 3376 2916 levamiua
3417 2863 3676 2931 pandunt;

596 2966 758 3033 Qucis
785 2966 1017 3022 laceram
1047 2964 1260 3020 fervore
1289 2979 1428 3018 novo
1458 2964 1826 3032 quatientihus
1858 2964 2062 3017 urbem.
2281 2955 2458 3025 Seque
2498 2955 2680 3009 datum
2721 2955 2916 3008 missos
2955 2953 3170 3008 reducis
3209 2950 3457 3006 consulta
3494 2950 3704 3004 salutis:

595 3061 694 3128 Qui
738 3062 907 3132 magis
936 3060 1232 3130 impetitur,
1264 3066 1484 3113 sanctus
1507 3057 1691 3122 Pater,
1721 3057 1854 3112 urbe
1884 3055 2088 3119 relicta,
2279 3048 2479 3102 Audiat
2503 3062 2566 3101 ac
2592 3055 2833 3116 peragat.
2871 3060 2969 3100 nec
3003 3043 3194 3131 εωιίοὲι
3219 3043 3372 3113 iussa
3403 3052 3636 3098 Γειιυῑθί·

597 3153 840 3207 Soractis
875 3161 1085 3206 secreta
1118 3150 1281 3208 subit.
1317 3148 1538 3218 rurique
1567 3157 1807 3202 moratus
2281 3139 2618 3210 Sylvestrum
2645 3137 3014 3207 latebramque
3041 3144 3260 3203 notant,
3312 3144 3368 3190 et
3412 3148 3649 3204 quzerere
3696 3148 3810 3184 milii-

597 3242 731 3295 Cum
756 3240 884 3295 cleri
911 3239 1099 3294 cuneis
1121 3239 1295 3293 reddit
1321 3254 1416 3293 sua
1444 3245 1564 3290 vota
1597 3235 1848 3290 Tonanti.
2207 3223 2251 3284 C
3635 3223 3762 3293 [dant

597 3335 667 3386 At
691 3332 941 3400 princeps
971 3344 1131 3399 quem
1162 3343 1351 3384 suasus
1375 3328 1484 3397 agit
1505 3326 1830 3381 discriminis
1858 3340 2033 3386 crrer.
2284 3320 2432 3373 lluuc
2461 3320 2559 3373 sibi
2583 3319 2672 3390 qui
2701 3318 2877 3375 Valeat
2898 3319 3146 3374 confore
3171 3317 3384 3372 lavacra
3425 3315 3641 3376 salutis;

597 3421 1008 3484 Constantinus,
1039 3419 1115 3473 uti
1146 3427 1368 3473 sanetur
1398 3427 1597 3481 mente,
1625 3415 1814 3470 fetitur
2283 3416 2507 3484 Moxque
2528 3415 2698 3467 vicem
2724 3415 2936 3468 studeat
2968 3415 3124 3467 talem
3151 3413 3438 3466 redhibere
3460 3409 3704 3470 Tonanti;

593 3513 853 3581 Corpore,
877 3524 1144 3580 quemque
1168 3508 1386 3578 elephas
1409 3507 1526 3560 dira
1557 3505 1830 3576 prurigine
1853 3515 2050 3576 tttrpat,
2285 3506 2539 3559 Ecclesiae
2567 3505 2800 3559 inflictas
2835 3513 2988 3558 curet
3019 3502 3388 3557 moderamine
3414 3500 3598 3570 plagas

597 3601 708 3658 Nec
749 3602 905 3657 modo
930 3601 1121 3655 foedari
1155 3598 1388 3654 infandis
1418 3597 1561 3652 dolet
1581 3612 1676 3653 ora
1699 3597 1935 3668 papillis,
2284 3595 2551 3648 llestitnat
2579 3594 2831 3657 fabricas,
2864 3605 2984 3647 sese
3026 3591 3370 3661 spurcantine
3392 3599 3586 3658 purget

597 3691 737 3761 Quin
764 3707 1055 3763 properare
1081 3699 1241 3761 pavet
1268 3689 1482 3745 funesto
1508 3689 1612 3744 lata
1645 3704 1894 3756 veneno;
2283 3686 2608 3750 Daztnonico,
2639 3685 2832 3750 solum,
2868 3683 3006 3737 Deus
3036 3690 3118 3736 est
3151 3681 3242 3751 qui
3272 3697 3456 3746 verus,
3491 3680 3696 3742 adoret;

594 3785 795 3852 Quaerit
820 3783 1176 3853 aruspicibus,
1206 3783 1398 3851 quzerit
1423 3779 1673 3850 suﬁ‘ragia
1704 3781 1860 3847 divis,
2281 3775 2410 3843 Ejus
2441 3775 2573 3828 velle
2604 3775 2754 3844 sequi
2792 3784 2900 3828 toto
2931 3773 3213 3827 conamine
3243 3779 3438 3826 certet.

593 3874 890 3945 ()mnigeno
920 3871 1610 3944 exploratconaminejura
1645 3871 1887 3926 medela}.
2282 3868 2375 3922 llis
2403 3867 2558 3920 simul
2602 3866 2920 3934 astrigeram
2967 3865 3193 3935 posthac
3240 3863 3610 3933 repetentibus
3651 3858 3806 3917 aulam,

594 3965 744 4020 Nulla
773 3979 962 4018 manus
990 3964 1228 4033 prodest,
1261 3962 1405 4016 nullo
1435 3961 1702 4017 medicina
1735 3961 1918 4016 labore
2279 3961 2516 4014 Iuthutus
2547 3959 2754 4028 snperis
2783 3957 3030 4011 affatibus
3066 3957 3436 4025 induperator,

595 4055 838 4119 Proﬁcit,
867 4053 1106 4107 artiﬁces
1129 4058 1352 4106 cunctos
1382 4066 1469 4104 ars
1494 4051 1647 4104 irrita
1681 4049 1847 4115 fallit;
2279 4048 2523 4103 Accitunt
2555 4047 2694 4117 legat
2717 4046 2838 4100 divo
2864 4047 3129 4099 medicum
3151 4045 3371 4113 auspice
3404 4053 3610 4096 notum.

597 4146 696 4200 Ast
719 4145 1030 4197 inventores
1059 4141 1346 4206 scelerum,
1367 4141 1791 4208 umbrarumque
1815 4141 2046 4196 ministri
2280 4139 2372 4193 Ille
2395 4148 2549 4192 tuens
2575 4136 2760 4205 rapido
2793 4137 3019 4203 Augusti
3057 4150 3116 4189 se
3141 4135 3310 4188 milite
3341 4134 3512 4202 cingi,

595 4234 832 4287 Invisum
871 4239 1109 4286 tractant
1141 4229 1370 4292 facinus,
1409 4229 1676 4283 horrenda
1708 4229 1940 4283 lavacra.
2281 4225 2516 4294 Tempus
2546 4225 2736 4278 adesse
2769 4232 2920 4292 putat
2948 4223 3221 4292 capienda:
3246 4222 3514 4291 sanguine
3542 4218 3728 4288 palnta',

594 4322 812 4377 Crimen
837 4321 1154 4385 inauditum,
1177 4319 1453 4373 medicinae
1475 4318 1612 4372 dona
1642 4318 1896 4385 ferentes,
2279 4314 2454 4384 Atque
2496 4320 2678 4366 mouet
2699 4322 2948 4381 prompto
2977 4311 3154 4364 socios
3170 4319 3450 4364 certamen
3482 4308 3616 4362 inire

596 4415 904 4482 latsontique
930 4413 1001 4467 lui
1031 4412 1268 4467 maculas
1296 4413 1425 4466 dant
1445 4413 1702 4481 sanguine
1727 4423 1928 4480 sontes,

2280 4402 2526 4465 Pectore,
2559 4399 2936 4470 gestandaeque
2965 4399 3144 4453 crucis
3176 4399 3367 4454 vexilla
3404 4397 3651 4468 petenda,

596 4507 772 4574 Atque
802 4502 1016 4557 salubre
1041 4502 1141 4556 viri
1171 4501 1460 4556 multorutn
1499 4501 1688 4554 funera
1717 4501 1940 4556 dictant.
2207 4560 2250 4574 λ
2282 4488 2610 4546 Secundum
2648 4489 2929 4542 Dominum
2954 4488 3216 4558 exemplis
3244 4490 3311 4543 ad
3343 4503 3467 4542 vera
3508 4492 3780 4542 vocantem;

595 4560 825 4652 Mittitur
845 4611 973 4650 arva
1005 4596 1128 4660 teri,
1155 4594 1477 4648 famularum
1505 4593 1788 4648 adducitur
1809 4595 1972 4660 ordo;

2205 4560 2254 4618 Ῐ)
2283 4583 2477 4651 Sicque
2511 4581 2618 4636 Deo
2643 4595 2700 4634 se
2725 4581 3089 4645 committens,
3119 4594 3411 4649 oransque,
3443 4579 3707 4645 ferensque

597 4687 760 4741 Millia
789 4697 1036 4741 natorum
1068 4685 1372 4755 rapiuntur,
1406 4684 1571 4738 millia
1601 4693 1857 4749 matrum,
2279 4672 2472 4728 Oscula
2503 4671 2729 4741 paciﬁca
2754 4669 3025 4739 subjectos
3055 4687 3278 4726 munere
3305 4673 3502 4726 ﬁrmat.

595 4778 782 4832 Μοτιίε
812 4777 863 4830 in
889 4776 1207 4845 obsequ-ium
1247 4783 1446 4830 matres
1475 4789 1570 4829 sua
1598 4774 1818 4843 pignora
1844 4785 2058 4845 gestam
2086 4795 2098 4830 ε
2281 4763 2532 4834 Discipuli
2572 4762 2739 4817 fortes
2763 4773 2968 4832 patrem
2999 4764 3326 4817 comitantur
3349 4774 3586 4827 euntem,

594 4869 947 4923 Fundendum
970 4867 1189 4937 jamjam
1214 4868 1458 4923 nutriunt
1485 4883 1604 4937 qum
1633 4867 1769 4922 lacte
1792 4883 2060 4922 cruorem.

2278 4854 2588 4910 Gaudentes
2609 4855 2812 4921 pariter
2841 4853 2982 4921 plexi
3011 4867 3163 4923 mage
3189 4855 3422 4908 tormina
3461 4854 3615 4916 ferre,

597 4957 668 5011 Ut
693 4958 868 5011 visum
892 4972 1151 5027 superare
1185 4957 1354 5024 nefas,
1384 4958 1503 5011 data
1535 4957 1777 5012 criminis
1802 4959 1935 5012 hora
2279 4947 2449 5012 Qum“
2474 4953 2626 5015 Dim"?
2657 4945 2883 5011 δίιὶιιηοιί
2918 4943 3143 5013 dapibus
3174 4945 3436 4998 recubare
3457 4943 3662 4998 οίιάυείε

595 5049 677 5103 Ad
703 5048 851 5104 necis
876 5048 1174 5118 Augustum
1205 5048 1508 5116 spectacula
1535 5063 1674 5102 saeva
1705 5049 1988 5113 trahebat;
2272 5039 2370 5091 ASl
2398 5037 2486 5091 "bi
2509 5036 2767 5091 SOlliCilaS
2797 5044 3112 5105 Ροΐνθιιιυιη
3148 5035 3288 5105 regis
3320 5035 3373 5089 ill
3405 5037 3561 5095 mdes,

596 5141 712 5205 Quo
735 5139 936 5205 stricﬂs
965 5139 1156 5209 gladiis
1180 5140 1438 5194 scelerata
1471 5140 1680 5194 lavacra
1707 5150 1945 5210 petente,
2275 5127 2732 5182 Tandem‘bilaris
2751 5125 2947 5195 surgit,
2978 5127 3363 5194 stupidumque
3392 5125 3581 5179 salutat
3608 5119 3805 5175 ιιιιίρειηι

596 5229 762 5284 Obvia
789 5226 942 5282 turba
977 5228 1103 5294 ruit,
1128 5228 1324 5282 nudato
1350 5236 1568 5298 pectore
1605 5238 1860 5293 matrum,
2275 5220 2388 5274 ltex
2417 5219 2770 5284 resalutatus;
2811 5220 2964 5273 sedes
2990 5219 3236 5286 perducit
3266 5219 3319 5273 in
3347 5218 3501 5280 altas,

603 5318 770 5372 Passo
796 5319 965 5384 crine,
999 5328 1204 5372 trucem
1239 5316 1600 5386 lacrymarum
1621 5325 1676 5370 et
1703 5317 1921 5374 ﬂumine
1944 5328 2171 5374 mortem
2272 5313 2647 5382 lucipiensque
2672 5321 2826 5367 actus
2846 5318 2900 5363 et
2922 5309 3113 5364 cwlica
3144 5312 3260 5364 visa
3297 5299 3505 5373 Pelei",

597 5408 634 5420 ἢ
877 5418 881 5419 ν
959 5403 992 5422 ι

2275 5404 2706 5424 n-,..'._.--_-------
2741 5409 2888 5424 _-_-l
2948 5401 3034 5424 4...:
3071 5401 3140 5424 .I::
3192 5415 3308 5424 -..μ
3344 5401 3552 5424 ..εοιελζκβ
3579 5401 3687 5424 υἷα-
