3908 5426
69 308 139 362 733
421 295 505 350 DE
543 290 816 349 CHRISTI
855 285 1235 346 TRIUMPIHS
1274 282 1458 338 APUD
1497 276 1777 333 lTALIAll
1829 275 2073 332 GliSTlS
2109 274 2288 331 LIBRI
2334 275 2472 332 XIV.
2507 305 2572 314 —
2611 273 2736 327 LIB.
2782 273 2852 326 IX

1606 398 1652 452 A
1683 393 1785 460 Qui
1807 393 1910 452 sibi
1934 409 2075 448 θωνα
2099 393 2289 462 fugans
2320 392 2595 448 tribuisset
2615 389 2735 446 laeta
2763 387 2989 444 salutis:

67 423 187 481 |.tius
210 416 410 477 Petrus,
441 409 740 476 Paulusque
761 405 1008 460 sciuntur
1034 399 1256 464 alumni,

67 515 140 581 Qui
162 504 334 566 Christi
361 504 533 558 divina
565 499 660 554 Dei
692 493 1127 568 gentilibusdstic

69 606 392 661 ilonstrarnnt,
420 595 712 661 orbemque
743 589 830 659 pio
859 587 1146 657 splendore
1187 586 1508 643 venustant;

70 699 169 750 Iliae
196 698 339 746 testes
363 683 593 746 Domini,
627 679 896 752 primique
922 677 976 730 in
998 674 1127 730 sede
1155 683 1390 741 superna

70 786 334 840 Sanctorum
364 773 539 838 asciti,
575 771 697 828 caeli
727 771 1052 826 decorantur
1076 765 1129 818 in
1157 776 1303 825 arce,

71 879 353 929 Summorum
380 865 571 921 summi
605 878 891 935 procerum
923 855 1326 926 Omnircgeutis
1355 851 1536 907 amici.
1566 867 1582 900 ι

71 969 206 1022 (aesar
230 962 287 1016 ad
317 961 459 1015 lucc:
495 976 513 1009 ι
552 957 745 1012 horum
773 954 927 1010 vobis
949 967 1077 1007 utrm
1104 950 1242 1004 livea
1271 946 1449 1001 vultus

72 1051 311 1124 Exprimit?
341 1069 358 1102 ι
401 1047 734 1117 Ostendique
773 1044 872 1098 sibi
901 1047 1219 1112 argumenta
1250 1033 1510 1106 reposcit;

76 1143 267 1197 l'isorum
287 1141 481 1194 inlutus
509 1151 645 1208 papa
678 1141 1012 1190 monstrante
1040 1131 1241 1208 figuras
1269 1145 1281 1181 :

77 1232 267 1287 «Verius
294 1229 424 1285 haud
462 1201 756 1297 quidquam
793 1226 890 1280 hos
916 1222 1132 1294 (inquit)
1165 1201 1294 1273 mihi
1320 1216 1474 1286 jussa
1497 1213 1592 1269 de-

1331 1303 1523 1376 [disse,

76 1415 130 1469 Te
150 1429 249 1468 mox
276 1410 479 1474 ascisci,
509 1409 714 1465 debere
738 1406 954 1462 lavacra
984 1401 1174 1459 salutis

76 1507 131 1560 Te
157 1501 495 1566 nobisnostri,
531 1499 726 1569 quibus
763 1497 943 1552 ulcera
969 1503 1163 1550 cuncta
1191 1490 1463 1546 fatiscant.
1502 1507 1520 1541 ι

78 1598 212 1651 Latus
228 1595 284 1648 ad
314 1593 435 1657 ista,
472 1606 630 1646 sacer
659 1589 780 1643 fidei
809 1588 914 1642 fert
947 1586 1113 1642 ubera
1139 1583 1273 1654 regi,

80 1689 379 1756 llortaturque
409 1685 570 1739 fidem
599 1689 845 1753 prompta
876 1677 1264 1748 comprendere
1301 1683 1503 1730 mente.

79 1780 258 1834 Credere
277 1792 330 1833 se
354 1775 437 1830 ille
464 1774 654 1839 refert,
689 1775 916 1843 ideoque
946 1784 1173 1825 vocasse
1205 1775 1489 1838 patronum

83 1871 327 1940 llujnseum
356 1870 509 1940 legis,
541 1869 676 1922 ritus
702 1863 949 1936 quojure
977 1869 1246 1931 capessat.

83 1964 302 2017 Dictantur
323 1976 439 2015 mox
469 1966 752 2014 mansueto
779 1962 1047 2027 praecepta
1083 1961 1316 2022 tyranno
1346 1965 1358 2001 :

83 2053 334 2123 Tironique,
363 2067 496 2106 novo
530 2049 852 2106 submittere
887 2045 1020 2102 colla
1045 2052 1258 2113 parato,

83 2147 206 2201 Arida
229 2161 316 2214 pro
337 2144 564 2214 dapibus
592 2141 791 2196 dantur
811 2137 1012 2207 jejunia
1041 2134 1300 2197 summis;

85 2236 354 2304 llircinoque
384 2231 619 2303 ﬂagrans
649 2237 854 2284 ostrum
889 2234 1130 2281 mutatur
1153 2223 1390 2287 amictu;

84 2328 326 2398 Amplivagi
353 2342 444 2397 pro
474 2324 680 2379 lascivo
711 2321 919 2392 fulgore
939 2317 1126 2389 palati,

86 2419 192 2474 Invia
218 2420 522 2475 mandantur
549 2415 723 2471 stricti
747 2422 955 2470 secreta
993 2409 1220 2473 cubilis;

88 2513 162 2567 Pro
179 2513 378 2583 pompis,
416 2525 513 2580 pro
549 2507 770 2579 iudiciis
798 2504 1130 2568 crudelibus,
1169 2502 1310 2555 alma

87 2603 164 2660 Ore
186 2603 543 2675 triumphantis
579 2608 795 2656 resonet
825 2595 1095 2653 confessio
1121 2592 1346 2648 Christi.

89 2695 282 2751 Lamenti
308 2697 532 2767 gemitus
559 2691 809 2748 mulctati
834 2687 1114 2760 sanguinis
1138 2701 1317 2748 error,

91 2787 272 2842 Dclubra
296 2786 635 2850 claudantur;
667 2783 940 2838 larvarum
971 2777 1078 2831 liba
1108 2775 1412 2836 facessant;

92 2877 235 2931 Debita
259 2877 574 2948 pauperibus
599 2873 732 2928 ﬁsco
755 2873 1025 2926 donentur
1052 2865 1123 2920 ab
1153 2863 1298 2920 omni
1329 2879 1343 2926 ;

94 2967 269 3022 Vincula
292 2965 596 3023 carceribus
628 2974 740 3019 tota
769 2969 1082 3018 reserentur
1115 2955 1168 3009 in
1204 2953 1368 3018 urbe;

93 3056 265 3111 Exsiliis
285 3058 462 3122 etiam,
487 3065 544 3111 ct
575 3053 743 3108 variis
773 3048 1104 3106 cruciatibus
1139 3043 1246 3099 acti

92 3149 298 3204 Solentur
323 3150 504 3214 venia;
532 3148 734 3213 dentur
755 3140 1016 3198 solamina
1044 3135 1227 3199 fessis;

93 3239 312 3312 Legcutur
338 3241 479 3312 digni
501 3239 667 3306 digne
698 3236 812 3290 haec
839 3232 906 3286 ad
935 3228 1139 3300 agenda
1163 3221 1417 3279 ministri.

93 3330 261 3398 Excipit
285 3333 575 3401 Augustus,
611 3325 714 3380 fida
750 3335 965 3396 quoque
993 3327 1173 3374 mente
1201 3321 1482 3374 retractat,

92 3417 142 3473 Et
184 3418 432 3475 Christum
483 3431 674 3472 verum
725 3411 1120 3478 Dominumque
1174 3405 1449 3469 Deumque
1503 3409 1626 3468 pro-

1332 3489 1554 3564 [fessus,

95 3599 213 3655 Vana
235 3601 455 3670 probans
477 3597 794 3662 simulacra,
821 3592 999 3650 crucis
1025 3585 1302 3659 signacula
1322 3581 1490 3638 sumit

93 3692 430 3763 Pontilicisque
459 3707 625 3749 manu
650 3689 874 3759 insignis
897 3684 1319 3741 catechumenus
1352 3674 1488 3730 exit.

93 3783 207 3853 Papa
236 3787 394 3841 sacris
417 3795 616 3842 cautus
638 3781 784 3836 ducit
801 3777 1008 3849 jejunia
1036 3774 1210 3835 Ianus,

94 3871 420 3946 Eclesiamque
445 3875 535 3947 pio
559 3873 662 3928 sibi
679 3871 860 3943 jungit
881 3869 1071 3924 adesse
1094 3865 1302 3926 labore,

96 3962 270 4022 Ritihus
294 3967 561 4038 explicitis
585 3979 681 4035 per
706 3970 829 4016 vota
856 3957 1090 4014 celebria
1117 3953 1316 4025 dignis,

95 4055 283 4114 Conscia
303 4059 572 4130 surgentis
599 4054 800 4112 Christi
835 4053 1001 4107 instat
1018 4061 1240 4117 vespera
1269 4042 1414 4106 felix,

97 4147 329 4206 Eductura
354 4152 526 4224 nigris
556 4149 822 4204 altissima
853 4152 1067 4214 sceptra
1094 4137 1354 4204 tenebris,

97 4237 308 4310 Fonsque
332 4223 588 4312 perennis
616 4253 769 4308 aqua:
797 4234 1056 4307 praecelso
1082 4242 1306 4285 munere
1337 4223 1571 4295 lympha:

99 4329 285 4386 Fontem
309 4334 515 4404 implet,
537 4340 722 4404 pestes
747 4328 1092 4398 exstinguere
1117 4336 1223 4377 non
1248 4319 1406 4374 modo
1423 4313 1642 4376 mentis,

100 4421 314 4492 Corporis
335 4434 390 4480 at
419 4425 604 4478 valido
633 4419 945 4476 morborum
978 4416 1095 4471 dira
1124 4413 1324 4468 levare.

102 4509 316 4570 Summus
339 4515 378 4570 it
396 4513 627 4568 antistes
653 4523 923 4566 summum
944 4518 1166 4562 sacrare
1188 4498 1549 4572 Toparcham,

101 4599 174 4656 llle
195 4603 281 4659 Dei
301 4605 498 4661 summi
520 4603 780 4658 virtutem
809 4598 982 4654 fassus
1008 4593 1258 4658 herilem,

107 4689 331 4751 Sordibus
349 4695 602 4766 impuris,
627 4691 889 4762 sscvisque
919 4686 1192 4743 renuntiat
1219 4682 1365 4746 aris;

105 4781 317 4856 Tingitur
347 4796 402 4843 et
425 4785 603 4842 sacris
634 4784 776 4838 trino
804 4777 1132 4836 mersamine
1155 4775 1208 4828 iu
1230 4773 1413 4836 undis,

106 4871 159 4928 Et
179 4877 342 4932 subito
367 4877 522 4934 caelis
549 4875 619 4930 ad
650 4883 800 4939 vota,
829 4872 896 4927 ad
926 4866 1172 4941 prtesulis
1197 4879 1344 4926 orsa,

107 4965 200 5023 Lux
223 4972 388 5027 radiat
414 4969 649 5027 celebris
672 4979 935 5038 superans
961 4959 1272 5017 rutilamina
1306 4953 1452 5010 solis.

111 5056 220 5113 Tum
245 5062 478 5132 crepitus
515 5058 680 5114 fontis
708 5054 989 5113 stridentia
1021 5051 1160 5105 frixa
1190 5045 1432 5106 resultat,

112 5145 206 5212 Quo
225 5165 442 5221 surgens
470 5149 618 5204 lotus
645 5162 740 5203 rex
767 5154 947 5202 mente
979 5156 1042 5196 ac
1068 5152 1299 5210 corpore
1320 5134 1560 5192 mundus

114 5237 362 5308 Egreditur
393 5242 600 5303 salvus,
630 5238 828 5294 Christi
851 5237 964 5290 visa
988 5248 1081 5288 ora
1112 5230 1407 5300 professus.

116 5325 262 5385 Mente
287 5333 418 5387 nitet
438 5343 631 5401 purus,
669 5329 816 5399 pueri
856 5326 1019 5381 micat
1045 5337 1140 5376 ore
1168 5330 1423 5380 serenus;

3158 264 3262 322 754

1684 495 1838 549 llunc
1867 495 1956 564 qui
1985 493 2328 563 blasphemet
2357 491 2566 562 punitio
2598 490 2758 559 digna
2787 495 3046 556 sequatur
3077 504 3088 538 :

1685 584 2020 640 Christicolae
2045 582 2275 639 aﬂlictor
2298 597 2494 638 census
2514 589 2724 636 sectore
2750 585 3062 648 prematur:

1691 677 2031 732 Rornulidum
2062 692 2255 747 papam
2287 681 2574 730 veneretur
2597 672 2879 741 episcopus
2904 666 3080 724 omnis
3108 681 3121 718 :

1691 768 1748 823 Si
1780 784 1904 824 reus
1926 767 2221 823 Ecclesiam
2247 775 2414 837 petat,
2448 774 2506 819 ut
2525 777 2750 820 censore
2775 769 2986 831 tegatur
3010 776 3024 812 :

1692 862 1943 917 Praesulis
1966 861 2161 916 aunisu
2189 860 2344 915 modo
2374 857 2570 928 templa
2601 855 2844 912 locentur
2871 853 2923 906 in
2951 851 3082 906 urbe
3111 866 3124 902 :

1695 954 1954 1009 Caesareae
1976 951 2211 1006 fabricas
2232 950 2454 1005 decima:
2481 948 2794 1018 redigantur
2818 945 2870 997 in
2898 942 3088 996 altuas.

1695 1046 1844 1100 Albis
1868 1043 2148 1114 depositis,
2179 1041 2424 1096 ardentia
2456 1050 2515 1093 ut
2541 1049 2690 1094 ostra
2719 1034 2970 1098 resumit,

1698 1138 1926 1193 Mundus
1951 1145 2006 1191 et
2034 1133 2322 1190 incolumis
2353 1131 2499 1186 Petri
2530 1127 2806 1185 mausolca
2831 1127 3038 1186 visens,

1698 1233 1970 1290 Sternitur
2006 1232 2057 1286 iu
2087 1229 2302 1294 faciem,
2327 1225 2490 1296 capiti
2516 1223 2822 1279 diademate
2845 1221 3088 1288 dempto,

1697 1327 1764 1381 Et
1795 1323 2049 1395 lacrymis
2068 1330 2300 1376 stratum
2331 1317 2632 1390 Tyriosque
2654 1314 2888 1370 infundit
2911 1311 3170 1370 amictus,

1698 1418 1878 1488 Seque
1906 1430 2058 1471 reum
2093 1427 2402 1468 memorans
2431 1418 2619 1465 sancto
2648 1407 2716 1461 de
2743 1403 3007 1473 sanguine
3029 1401 3171 1466 fuso,

1699 1508 1925 1562 Etcibat
1958 1504 2136 1577 populi
2159 1505 2316 1559 ﬂetus
2343 1501 2682 1572 gemitusque
2707 1504 2966 1552 sonantes

1701 1599 1867 1654 Mixto
1896 1599 2180 1668 pangentis
2211 1597 2357 1651 luctu
2385 1607 2519 1649 nova
2544 1590 2736 1662 gaudia
2764 1589 2922 1643 laetis.

1701 1692 1814 1747 Rex
1846 1691 2041 1748 servile
2068 1702 2356 1760 aggressus
2379 1701 2534 1755 opus,
2563 1679 2973 1750 chlamydisquc
3001 1675 3228 1730 nitorem

1705 1785 1994 1854 ltejieiens,
2023 1783 2232 1837 insueta
2257 1779 2411 1849 petit,
2445 1776 2723 1844 fossorque
2755 1771 3026 1826 bidentem

1703 1878 1930 1946 Arripit,
1952 1886 2007 1930 et
2028 1875 2211 1946 glebas
2237 1886 2409 1942 prono
2439 1867 2723 1924 conamine
2745 1864 2926 1928 vertit,

1705 1971 1882 2039 Atque
1912 1968 2054 2022 viam
2081 1965 2268 2036 pandit
2293 1962 2433 2017 sacri
2461 1958 2772 2014 fundamina
2797 1951 2983 2021 templi

1706 2065 1822 2132 Qua
1855 2062 2089 2133 figantur
2115 2057 2417 2130 apostolici,
2447 2070 2554 2125 quo
2579 2065 2777 2107 curvus
2808 2047 3034 2108 honore,

1709 2157 1904 2226 Egesta
1934 2150 2274 2208 fundamenti
2300 2148 2490 2204 scrobe
2520 2146 2619 2200 rite
2641 2141 2872 2206 locandi,

1711 2249 1801 2305 Bis
1822 2263 1918 2303 sex
1950 2246 2056 2300 fert
2086 2242 2330 2298 humeris
2363 2238 2626 2310 cophinos
2657 2234 2850 2289 tellure
2879 2236 3150 2302 gravatos.

1709 2339 1991 2398 Curriculo
2020 2335 2265 2391 residens
2289 2331 2466 2386 aulam
2501 2329 2626 2383 hinc
2654 2340 2777 2380 cum
2807 2319 3035 2392 praesule
3055 2313 3293 2372 scandit:

1711 2435 1896 2490 Altera
1927 2432 2018 2487 lux
2055 2439 2232 2485 terras
2263 2438 2418 2480 roseo
2444 2420 2734 2492 spargebat
2756 2416 2977 2470 amictu.

1715 2528 1949 2582 Sanetus
1979 2533 2032 2578 et
2057 2518 2314 2576 Ecclesiae
2340 2529 2555 2572 sacrare
2584 2511 2782 2582 palatia
2818 2506 2994 2576 surgit
3025 2547 3028 2550 .

1717 2618 1830 2674 Rex
1858 2611 2242 2671 Laterauensis
2274 2609 2511 2672 fabricae,
2543 2605 2852 2675 passimque
2882 2595 3091 2653 revelat

1719 2706 2011 2766 Altithroni
2035 2705 2160 2775 juga
2185 2701 2286 2756 sub
2313 2697 2527 2752 Domini
2559 2710 2616 2750 se
2643 2693 2780 2747 colla
2810 2687 3042 2745 dedisse.

1719 2799 1859 2868 Lege
1889 2795 2016 2849 data
2040 2805 2244 2863 pauper
2265 2790 2310 2843 si
2342 2787 2464 2857 quis
2487 2799 2546 2841 se
2567 2784 2800 2840 subdere
2827 2777 3049 2834 Christo

1719 2888 1946 2957 Dcligat,
1973 2893 2031 2938 ut
2059 2891 2263 2936 vestem
2287 2879 2468 2948 capiat
2491 2875 2726 2932 candore
2751 2871 3042 2926 micantem

1723 2977 1942 3033 Munere
1966 2974 2215 3030 Caesareo
2241 2968 2552 3037 solidosque
2580 2966 2766 3020 decem
2795 2960 3118 3032 geminatos.

1649 3100 1692 3159 ρ
1726 3069 2000 3127 Accrescit
2026 3063 2238 3122 Domini
2266 3061 2476 3126 messis,
2504 3056 2812 3128 populique,
2843 3053 3078 3108 nitentes

1730 3161 1897 3215 Sacra
1926 3157 2021 3212 Dei
2051 3155 2273 3220 summi,
2305 3152 2558 3220 linquunt
2581 3147 2843 3202 scelerata
2873 3141 3098 3204 sacella;

1732 3253 1892 3307 blillia
1917 3249 2245 3306 candentum
2282 3245 2520 3300 renitent
2544 3241 2789 3296 duodena
2816 3237 3080 3297 virorum,

1730 3345 2002 3400 Infantum
2026 3348 2223 3411 prmter
2251 3345 2484 3392 matrum
2508 3345 2725 3403 quoque
2746 3327 2920 3385 debile
2948 3323 3156 3393 vulgus,

1731 3439 1970 3505 Quorum
1993 3441 2101 3488 stat
2124 3443 2382 3486 numerus
2404 3426 2524 3483 εωιί
2563 3434 2816 3479 mensnre
2836 3418 3083 3473 libratus.

1733 3527 2077 3584 Romulidum
2099 3521 2352 3578 Patribus
2378 3517 2500 3572 fidei
2528 3511 2857 3585 fugientibus
2885 3508 3017 3572 alta,

1736 3618 1891 3675 llaud
1910 3616 2042 3672 sinit
2065 3614 2366 3683 Augustum
2393 3606 2556 3662 Pater
2585 3601 2915 3673 indignarier
2944 3597 3142 3652 almus.

1736 3713 1829 3766 llle
1859 3708 2054 3763 throno
2082 3700 2327 3758 residens
2355 3696 2492 3754 aulae
2521 3695 2840 3765 plebemque
2866 3697 3156 3759 patresque

1737 3807 1943 3864 Lumen
1981 3802 2033 3856 in
2056 3800 2352 3854 :ethercum
2379 3788 2715 3848 radiantibus
2742 3785 2944 3841 excitat
2970 3781 3116 3836 orsis
3143 3796 3156 3832 :

1737 3898 1854 3954 Non
1886 3896 2084 3952 debere
2103 3892 2232 3946 deos
2259 3895 2465 3943 testans
2489 3881 2662 3938 dicive
2690 3878 2862 3934 colive

1741 3989 1843 4058 Qui
1882 3985 2130 4043 manibus
2151 3982 2286 4037 ﬁant
2309 3976 2609 4038 hominum,
2643 3979 2895 4026 tueantur
2915 3975 2971 4023 et
3006 3972 3152 4028 actu,

1742 4085 1890 4150 Quos
1915 4072 2314 4136 conservandos
2353 4074 2657 4126 rcstaureut
2678 4061 2892 4118 casibus
2924 4066 3110 4120 actos;

1745 4177 1840 4232 llis
1867 4189 1928 4230 se
1944 4171 2209 4244 conjicere
2231 4165 2478 4239 indignos
2517 4159 2820 4233 placamina
2845 4155 2968 4211 divo

1746 4268 1849 4336 Qui
1880 4277 2140 4337 reparare
2161 4257 2526 4332 queattritum
2554 4261 2608 4307 et
2635 4263 2893 4306 revocare
2919 4245 3182 4306 salutem;

1749 4369 2011 4437 Quodque
2041 4365 2092 4420 in
2117 4379 2175 4418 se
2200 4359 2404 4417 factum
2430 4355 2630 4426 liquida
2661 4357 2767 4406 stet
2787 4349 2904 4436 luce
2924 4345 3166 4417 probari,

1675 4468 1726 4528 D
1752 4466 2032 4524 Artificem
2057 4461 2334 4518 Christum
2361 4457 2466 4512 ritu
2489 4451 2800 4508 venerarier
2819 4461 2994 4516 aequo,

1759 4559 1913 4618 Unde
1942 4552 2317 4628 superstitiosa
2347 4555 2533 4620 petant
2555 4543 2667 4612 jam
2697 4539 2918 4594 numina
2951 4536 3137 4596 finem,

1759 4653 1920 4709 Solus
1956 4625 2212 4704 adoretur
2239 4641 2334 4712 qui
2364 4645 2557 4694 cuncta
2589 4631 2706 4702 quit
2731 4629 2892 4686 edere
2923 4625 3103 4688 solus;

1760 4745 1860 4814 Qui
1888 4750 2071 4798 servat
2094 4738 2306 4808 dignus,
2340 4745 2446 4785 non
2468 4729 2558 4798 qui
2582 4733 2849 4786 servatur,
2881 4721 3128 4786 honore;

1763 4838 1848 4893 Sit
1873 4833 2031 4891 cacis
2058 4832 2206 4887 visus
2239 4824 2437 4882 ianime
2481 4821 2597 4892 (sic)
2625 4816 2963 4887 imperitetur

1763 4928 2022 4992 Auditus;
2052 4923 2276 4981 desistat
2301 4914 2478 4974 abhis
2499 4912 2761 4984 sapientia
2794 4916 2976 4964 nostra
3001 4931 3022 4980 ;

1764 5021 1987 5080 Eclesia:
2014 5022 2237 5090 pateant
2265 5011 2494 5077 Christi,
2514 5023 2632 5078 qua:
2649 5007 2772 5078 jura
2810 5001 3082 5073 profanis

1767 5111 2100 5171 Flamiuibus
2125 5114 2362 5171 servata,
2385 5102 2489 5173 piis
2514 5103 2623 5157 sint
2648 5111 2801 5154 cessa
2838 5093 3168 5161 minisuis.

1770 5167 2196 5278 Cmpimusergo
2219 5167 2439 5270 operam
2462 5192 2687 5257 Christi,
2717 5201 2822 5259 quo
2850 5188 3031 5256 regia
3076 5167 3288 5252 ιοιιιινὶο

1770 5303 1968 5359 Nostra
2009 5303 2194 5360 micet,
2224 5291 2404 5348 videat
2431 5289 2633 5360 passim
2661 5292 2880 5338 romana
2907 5285 3209 5352 ροιρεως,

1771 5395 1923 5426 multa
1959 5396 2183 5426 οηιωροη
2213 5385 2390 5426 nnimn
2418 5380 2562 5426 (lllllii
2592 5371 2812 5426 vestiaia
2846 5383 3103 5426 llOSlI-n-
