3908 5426
1293 372 1686 432 FLODOARDI
1720 373 2038 432 CiNO‘NICl
2077 373 2423 431 REllENSlS
2452 369 2818 431 OPUSCULA
2852 366 3178 424 METRICA.

2125 475 2180 535 Α
2208 489 2334 547 llzcc
2358 505 2517 547 sacer
2545 501 2821 560 exponens
2850 485 2976 542 diva
3004 484 3216 541 ratione
3239 482 3486 550 resolvit,

2204 582 2454 639 rEmulus
2477 590 2533 637 et
2554 580 2698 637 veris
2729 579 2973 635 tradebat
3003 576 3143 634 colla
3182 574 3465 632 tumultus.

2210 672 2515 728 Restiterat
2538 670 2689 726 solus
2712 668 2839 725 belli
2866 667 3207 724 conﬂictibus
3232 680 3447 736 expers,

516 378 625 436 755

514 494 777 553 Praestitit
802 492 1046 565 Augusto
1072 491 1304 548 subitam
1329 494 1446 549 sine
1476 507 1627 549 more
1647 493 1875 561 salutem
1903 511 1917 548 :

422 574 430 626 ἶ
515 589 663 647 Urbe
692 572 1026 658 repellantur
1046 584 1264 641 Christo
1290 586 1541 642 vincente
1572 584 1807 658 profani.

446 671 453 678 ’
504 685 586 739 At
623 680 934 738 moderator
961 679 1029 736 ad
1067 679 1184 734 haee
1205 679 1394 749 pandit
1419 692 1527 749 qua
1560 687 1739 733 mente
1768 679 1991 734 colenda

510 776 644 831 Jura
671 773 790 839 Dei,
822 787 944 844 quae
967 772 1131 828 corde
1156 770 1405 841 ﬁagrent,
1436 784 1556 840 qum
1587 779 1778 841 sponte
1806 780 2095 841 petantur;

505 866 717 924 lnvitus
746 863 945 931 nullus,
976 864 1155 919 nullus
1184 864 1467 934 subigatur
1492 863 1718 918 adactus

414 972 425 980 ·
510 955 743 1012 Censeat
771 955 914 1011 ultro
940 955 1154 1010 animus
1175 946 1407 1024 justum,
1434 954 1696 1011 deliberet
1721 970 1957 1024 aequum,

513 1045 668 1114 Quod
690 1061 877 1102 verum
902 1045 1139 1101 inveniet
1161 1056 1337 1101 sumat
1362 1047 1568 1102 ratione
1598 1045 1811 1100 librata.

513 1138 669 1194 Hanc
686 1152 880 1194 omnes
903 1125 1059 1193 vanis
1083 1138 1245 1192 etiam
1276 1137 1495 1192 laudare
1519 1139 1727 1194 subacti

509 1228 711 1301 Legem
737 1242 859 1299 quae
877 1227 1082 1282 nullum
1107 1222 1354 1300 impellat
1370 1227 1685 1301 nullumque
1709 1229 1954 1300 repellat.

510 1319 660 1378 Urbe
686 1329 947 1378 coronata
973 1320 1161 1378 Phoebi
1186 1321 1277 1376 lux
1302 1321 1548 1393 lampade
1576 1322 1744 1377 multa

512 1410 788 1480 Vincitur,
824 1412 1121 1469 Ecclesiam
1148 1414 1420 1484 gratantia
1449 1413 1645 1484 gaudia
1672 1412 1901 1483 replent.

512 1502 841 1560 Sanctorum
869 1503 1034 1559 rutilo
1058 1512 1324 1560 ornantur
1351 1504 1641 1573 splendore
1669 1503 1952 1573 sepulcra;

512 1594 734 1651 Exsiliis
764 1595 901 1650 trusi
925 1593 1073 1650 claro
1098 1594 1199 1651 sub
1230 1594 1436 1650 honore
1455 1603 1743 1659 vocantur,

507 1684 721 1755 Quique
751 1698 847 1740 sua
879 1683 987 1739 laeti
1015 1684 1192 1754 patria
1223 1683 1491 1755 gaudente
1525 1684 1747 1754 recepti.

506 1776 670 1848 Regis
697 1785 753 1833 et
782 1777 939 1833 asciti
968 1779 1177 1835 meritis
1198 1786 1527 1834 venerantur
1556 1777 1740 1833 amici.

505 1868 717 1925 Interea
751 1870 985 1941 genitrix
1009 1871 1257 1941 Augusti,
1285 1868 1486 1926 femina
1514 1869 1631 1925 veri

511 1957 844 2026 Scrutatrix,
876 1959 1079 2015 llelena
1100 1968 1283 2031 partes
1311 1960 1577 2016 lustrabat
1608 1960 1727 2026 Eoi,

507 2050 802 2122 Bebrycias
823 2066 1120 2122 peragrans
1148 2054 1315 2108 urbes
1348 2065 1404 2108 et
1428 2067 1593 2124 regna
1620 2051 1866 2125 Pelasga,

507 2139 638 2207 Quae
659 2140 786 2195 dum
808 2150 1051 2197 monstra
1079 2141 1250 2197 Deum
1271 2143 1524 2197 venerari
1550 2150 1707 2198 cauta
1735 2150 1972 2209 renutat,

503 2230 704 2303 Deligit
737 2239 1011 2288 astrorum
1046 2233 1159 2304 regi
1188 2232 1507 2288 fatnularier
1526 2233 1653 2300 uni;

507 2321 666 2379 Unde
695 2323 885 2381 favens
905 2325 1076 2383 veteri
1096 2323 1279 2380 Judaea
1308 2324 1550 2380 litamina
1575 2333 1739 2382 secta:

505 2416 777 2473 Censebat
805 2417 1086 2485 sectanda,
1110 2428 1401 2490 monetque
1429 2419 1736 2475 hortamine
1765 2428 1952 2474 natum

507 2504 740 2564 Sumere
770 2506 1021 2565 Mosazam
1043 2510 1347 2580 priscorum
1378 2510 1593 2565 tramite
1614 2509 1809 2580 legem,

505 2598 663 2654 llaud
688 2599 835 2655 credi
871 2600 1068 2657 debere
1093 2600 1261 2656 Deum
1292 2601 1625 2658 cruciatibus
1664 2611 1872 2666 actum,

499 2691 600 2746 Ast
624 2691 702 2745 illi
732 2691 916 2748 divum
948 2693 1306 2749 medicamina
1339 2694 1459 2749 laeta
1487 2694 1729 2765 repulsa.

503 2781 716 2839 Gnatus
744 2783 814 2839 ad
836 2783 973 2852 haec,
1002 2800 1217 2841 summo
1241 2799 1361 2841 sese
1380 2786 1751 2841 moderamine
1773 2794 1987 2841 vectum

502 2873 730 2931 Culmen
763 2874 820 2931 in
842 2876 1105 2932 eximium
1135 2885 1395 2945 tractans,
1430 2879 1739 2948 praecedere
1766 2888 2001 2932 mentem

498 2965 830 3035 Humanam,
858 2976 918 3022 ut
943 2966 1159 3033 cmlum,
1186 2977 1381 3036 terras,
1414 2969 1595 3024 divina
1616 2968 1842 3034 fatetur,

499 3058 615 3116 Nec
641 3075 801 3130 quem
825 3058 1033 3130 delegit
1058 3061 1350 3119 defendere
1376 3064 1596 3118 numine
1620 3062 1848 3127 cultum,

499 3148 583 3205 Ne
608 3158 714 3204 tam
745 3152 989 3220 prtecelsi
1017 3152 1154 3208 ritus
1175 3153 1276 3209 sibi
1306 3152 1555 3209 conferat
1581 3168 1781 3220 ausus;

500 3239 768 3297 Doctores
790 3248 843 3296 at
872 3241 1241 3311 Christicolae,
1272 3244 1557 3315 gentisque
1582 3252 1811 3299 vetustte

500 3330 845 3389 Conveniant
875 3334 1136 3389 certaturi
1166 3334 1459 3390 libramine
1480 3333 1593 3389 veri

500 3421 648 3495 Lege
677 3437 853 3489 sacra,
874 3421 1036 3479 libris
1054 3423 1249 3491 cultus,
1271 3435 1327 3480 et
1359 3426 1609 3495 dogmate
1630 3423 1740 3479 divi

497 3512 724 3568 Alterna
748 3513 877 3584 quid
898 3516 1231 3585 praecipuum
1257 3516 1331 3571 sit
1357 3515 1452 3570 lite
1477 3514 1740 3580 revolent,

500 3603 784 3662 Cervicem
804 3605 890 3661 cui
917 3621 1162 3664 summus
1194 3622 1353 3678 apex,
1390 3608 1475 3663 cui
1506 3607 1701 3664 saecula
1729 3607 1985 3663 subdant.

505 3694 755 3768 Undique
778 3696 1037 3756 Rabbini.
1070 3698 1310 3771 legisque
1330 3698 1569 3755 citantur
1595 3697 1759 3753 amici

499 3787 768 3856 Carnalis,
793 3792 1082 3862 superique
1109 3787 1407 3863 gregantur
1434 3790 1698 3850 Flaminis
1735 3791 1945 3857 hostes,

499 3876 750 3933 Culmina
777 3888 1079 3936 sectantium
1112 3881 1295 3951 paleas
1322 3881 1568 3937 duodena
1592 3880 1869 3950 leguntur,

497 3967 820 4026 Romuleam
847 3970 1037 4028 Graeco
1067 3972 1333 4044 Latioque
1355 3973 1539 4045 lepore
1563 3972 1715 4043 politi

498 4061 712 4133 Quique
736 4063 947 4121 habiles
978 4064 1076 4121 visi
1105 4065 1297 4121 scriba)
1324 4066 1577 4137 legantur
1600 4065 1670 4121 ad
1698 4066 1910 4121 urbem.

496 4156 618 4213 Huc
648 4172 862 4228 quoque
882 4158 1167 4229 pontiﬁces
1188 4158 1390 4215 Christi
1417 4159 1617 4229 pietate
1641 4158 1879 4214 nitentes

497 4247 731 4304 Sedibus
754 4251 909 4305 asciti
939 4252 1107 4307 variis
1132 4252 1187 4306 in
1212 4252 1352 4307 bella
1378 4260 1665 4318 vocantur,

498 4338 750 4411 Dumque
782 4342 887 4411 legi
917 4341 1113 4397 alterni
1151 4341 1262 4398 litis
1289 4343 1383 4413 qui
1417 4358 1628 4398 summa
1659 4351 1950 4413 capessant

496 4435 803 4489 Censentur
838 4431 1038 4488 Christi
1073 4432 1287 4518 famuli,
1317 4433 1596 4507 Sylvester
1636 4434 1690 4491 in
1720 4450 1829 4490 uno

493 4520 659 4592 Spem
690 4522 828 4580 ﬁxus
857 4515 1086 4583 Domino
1105 4525 1189 4582 his
1208 4508 1356 4584 senis
1382 4542 1442 4582 se
1468 4526 1656 4598 objicit
1675 4542 1862 4586 unum.

491 4614 628 4671 Pars
652 4616 878 4672 adversa
904 4617 1018 4675 suis
1049 4617 1279 4673 horrens
1311 4619 1622 4689 superarier
1646 4618 1830 4683 armis,

490 4707 622 4765 Haec
646 4709 900 4779 prohibet
927 4710 1103 4782 tangi;
1131 4709 1314 4766 Caesar
1334 4711 1527 4782 probat
1546 4719 1671 4782 apta
1703 4711 2004 4781 triumpho;

488 4800 627 4858 Pars
651 4803 869 4873 inimica
900 4805 1015 4860 suis
1039 4805 1167 4860 dum
1191 4804 1454 4861 sternitur
1471 4805 1667 4860 obruta
1698 4805 1841 4869 telis,

492 4889 789 4945 Ethereus
814 4893 1091 4962 consurgit
1116 4905 1277 4962 agon,
1318 4892 1635 4963 capiturque
1675 4892 1931 4950 duellum.

496 4999 516 5032 ι
566 4979 952 5050 Blasphemant
983 4982 1158 5038 stolidi
1187 4990 1295 5040 tres
1325 4999 1424 5039 nos
1446 5000 1603 5040 orare
1626 4984 1917 5042 Tonantes.
1948 5006 1968 5039 ι

488 5070 636 5143 Papa
668 5070 819 5127 libris
840 5072 1029 5143 pandit
1051 5074 1246 5143 priscis
1270 5075 1371 5130 tria
1399 5075 1630 5133 Numine
1650 5092 1866 5132 summo

491 5163 811 5234 Complecti,
837 5173 1119 5237 totumque
1145 5184 1362 5239 creasse
1393 5168 1712 5225 triformiter
1734 5170 1934 5236 Unum,

492 5253 597 5322 Qui
623 5255 727 5311 sibi
751 5256 826 5312 nil
849 5257 1031 5328 dispar
1060 5258 1301 5330 majusve
1319 5259 1566 5315 minusve
1594 5270 1852 5331 receptet.

494 5342 616 5398 Uac
640 5344 743 5399 hoc
768 5344 903 5401 eliso
922 5348 1170 5418 geminus
1199 5348 1566 5417 prosternitur
1595 5350 1790 5405 hostis.

2200 765 2272 820 At
2301 764 2639 819 Zoroastrazo
2664 762 2817 817 nisus
2843 760 3122 817 molimine
3151 759 3395 824 Zambri,

2201 854 2260 909 ln
2287 869 2395 924 quo
2423 852 2674 923 sacrilegi
2697 850 2897 908 ﬁducia
2924 866 3137 907 summa
3165 849 3449 919 triumphi.

2133 989 2143 998 .
2201 943 2510 1015 Exprobrat
2537 943 2641 998 iste
2660 941 2765 997 levi
2786 950 2845 996 ut
2864 941 3030 997 sociis
3048 941 3357 997 certamine,
3374 940 3566 1003 versis.

2127 1071 2139 1083 η.
2202 1036 2427 1091 Actibus
2451 1044 2507 1091 et
2529 1050 2612 1102 se,
2638 1050 2747 1092 non
2769 1035 2972 1100 verbis,
3002 1033 3252 1090 conferre
3272 1033 3579 1106 palaestram

2201 1125 2403 1191 Poscit,
2432 1136 2487 1183 et
2518 1127 2842 1182 indomitum
2867 1126 3034 1197 quaari
3060 1140 3372 1195 saevumque
3402 1124 3719 1196 jttvencutn‘

2202 1215 2469 1272 Virtutem
2499 1217 2696 1273 summi
2721 1216 2903 1272 valido
2930 1231 3040 1288 quo
3076 1214 3320 1271 numinis
3345 1223 3472 1269 actu

2200 1306 2408 1373 Prodit,
2437 1317 2493 1363 et
2515 1309 2702 1363 audito
2731 1307 2948 1364 labatur
2971 1309 3191 1364 nomine
3221 1318 3443 1374 taurus;

2202 1398 2357 1465 Quod
2384 1398 2461 1453 nil
2490 1398 2636 1454 ferre
2666 1407 2832 1469 queat
2857 1399 3065 1465 vivens,
3104 1414 3207 1454 nec
3237 1399 3466 1454 sufferat
3495 1400 3641 1455 auris

2203 1491 2304 1546 Vix
2327 1490 2474 1545 haud
2504 1489 2613 1544 ulla
2638 1491 2749 1560 pati
2784 1490 2983 1557 valeat,
3013 1489 3098 1547 vel
3123 1490 3328 1546 habere
3358 1499 3623 1546 notatum.

2201 1580 2458 1637 Exhibito
2487 1581 2751 1651 juvenum
2777 1581 2949 1638 multo
2970 1583 3168 1638 sudore
3189 1582 3433 1653 juvenco

2202 1671 2464 1729 Cruribus
2486 1672 2769 1743 implicito,
2791 1673 2986 1729 vinclis
3014 1684 3070 1729 et
3097 1674 3315 1730 funibus
3338 1683 3489 1741 acto,

2202 1762 2508 1819 Fraudibus
2546 1764 2785 1821 innitens
2807 1764 3030 1821 insultat
3050 1778 3178 1820 vera
3205 1764 3431 1831 tenenti,

2124 1867 2171 1926 Β
2202 1856 2373 1912 Morte
2398 1856 2591 1927 probet
2614 1856 2819 1912 cultum
2852 1856 3138 1937 mandans,
3181 1856 3266 1912 vel
3304 1867 3481 1912 morte
3510 1855 3781 1927 probetur.

2210 1948 2402 2018 Coepta
2431 1949 2584 2019 sequi
2603 1947 2786 2019 justus
2810 1950 3024 2020 patiens
3052 1949 3277 2005 dimittit
3296 1950 3564 2018 iniquum.

2204 2039 2296 2095 llle
2321 2040 2477 2096 bovis
2501 2042 2679 2095 dirum
2705 2055 2960 2099 mussans
2985 2042 3372 2104 immurmurat
3400 2044 3541 2111 auri,
3590 2074 3597 2079 ο

2203 2130 2430 2186 Labitur
2456 2138 2620 2203 atque
2650 2132 2819 2188 miser
2843 2131 3053 2203 mugitu
3084 2131 3303 2189 ﬁamina
3334 2134 3611 2206 linquens,

2201 2218 2270 2275 Et
2294 2235 2429 2276 nece
2458 2229 2805 2292 spectantum
2837 2220 3200 2279 conste’rnans
3229 2225 3398 2279 corda
3425 2226 3690 2281 virorum.

2202 2310 2434 2366 Tollitur
2454 2308 2797 2383 ingeminans
2824 2311 3033 2368 clamor
3054 2313 3279 2369 confusa
3304 2328 3543 2370 coronae.

2203 2403 2273 2459 Ut
2301 2404 2384 2460 leo
2400 2403 2678 2475 Sylvester
2697 2405 2869 2461 fidens
2891 2406 3171 2463 interritus
3201 2416 3363 2477 astat,

2202 2496 2310 2552 Nec
2339 2497 2510 2552 turba:
2535 2505 2692 2553 curat
2712 2498 2996 2569 strepitus,
3029 2514 3132 2555 nec
3152 2498 3351 2570 probra
3383 2500 3649 2569 pavescit,

2199 2589 2366 2644 Fixus
2385 2604 2544 2658 opem
2568 2590 2724 2646 ccelis
2748 2597 2857 2645 tota
2886 2592 3014 2660 quin
3049 2602 3230 2646 mente
3262 2602 3558 2662 precatur;

2198 2680 2334 2734 Tum
2364 2692 2520 2754 rogat
2548 2683 2848 2754 Augustum
2872 2683 2957 2739 vel
2991 2698 3116 2739 sera
3148 2684 3365 2740 silentia
3401 2686 3654 2749 mandet;

2198 2772 2330 2838 Qum
2351 2788 2531 2841 voces,
2562 2774 2831 2845 ubi-iussa
2855 2785 3128 2844 premunt,
3161 2776 3377 2831 excelsa
3408 2776 3665 2831 sacerdos

2202 2868 2538 2933 Ascendens,
2569 2869 2638 2924 ad
2665 2884 2793 2924 vera
2818 2869 2920 2940 piis
2950 2869 3206 2940 populum
3234 2869 3401 2941 erigit
3420 2869 3561 2924 orsis
3595 2886 3611 2924 :

2200 2959 2272 3013 Se
2298 2961 2425 3016 vita:
2454 2970 2758 3029 auctorem,
2790 2965 3078 3022 Dominum
3106 2982 3164 3022 se
3194 2967 3338 3023 ferre
3358 2966 3549 3023 salutis

2195 3051 2435 3108 Auribus
2454 3053 2731 3123 Ausoniae,
2751 3057 2910 3112 amcis
2941 3059 3032 3127 qui
3065 3057 3292 3124 lumina,
3322 3058 3508 3115 surdis

2198 3141 2456 3199 Reddidit
2484 3145 2751 3214 auditum,
2775 3148 2943 3203 mutis
2963 3146 3219 3227 affamina
3243 3148 3465 3220 linguis,

2120 3235 2165 3296 (ἶ
2199 3236 2427 3291 Dextras
2454 3239 2692 3294 restituit
2718 3240 2946 3306 mancis,
2974 3241 3204 3310 vestigia
3240 3240 3453 3296 claudis
3481 3256 3496 3307 ;

2196 3325 2296 3383 llic
2319 3327 2484 3385 verbo
2512 3329 2711 3400 lepras,
2744 3332 2963 3387 morbos
2988 3331 3076 3387 hic
3112 3332 3319 3403 depulit
3340 3347 3554 3398 omnes,

2196 3416 2427 3475 Rettulit
2455 3430 2511 3476 et
2539 3421 2723 3478 reduci
2747 3422 3001 3479 defuncta
3031 3425 3297 3480 cadavera
3325 3425 3432 3480 luci
3465 3444 3480 3481 :

2193 3511 2287 3567 llle
2314 3512 2481 3568 Deum
2509 3527 2629 3570 sese
2668 3515 2885 3571 indiciis
2913 3517 3175 3586 patefecit
3202 3519 3421 3587 apertis

2192 3604 2264 3658 At
2286 3605 2379 3674 qui
2408 3616 2582 3662 morte
2602 3606 2748 3672 ferit,
2783 3607 2949 3679 vitam
2979 3608 3083 3663 nisi
3112 3609 3339 3683 reddere
3363 3607 3557 3679 possit,

2195 3693 2495 3768 Supremus
2518 3713 2622 3752 non
2650 3698 2740 3753 ille
2772 3697 2946 3753 Deus:
2973 3698 3216 3754 fraudem
3242 3715 3367 3754 nam
3402 3700 3596 3755 mortis
3618 3698 3776 3753 amici

2194 3788 2467 3843 Daemonis
2498 3789 2588 3844 hic
2620 3790 2856 3861 viguisse
2882 3791 3072 3862 liquet,
3103 3791 3156 3846 ni
3191 3800 3344 3861 rapta
3377 3791 3664 3861 rependat.

2193 3879 2413 3935 [Estuat
2438 3881 2723 3949 Abracius,
2758 3884 3015 3954 cultuque
3045 3893 3101 3939 et
3130 3885 3298 3941 corde
3331 3887 3536 3941 recisus

2102 4030 2110 4035 ,
2195 3973 2342 4029 Iusta
2370 3989 2473 4030 nec
2500 3990 2633 4031 aure
2660 3977 2801 4032 valet
2825 3977 3055 4047 patiens,
3097 3993 3197 4034 nec
3223 3993 3443 4034 sumere
3473 3987 3681 4045 mente,

2193 4066 2437 4122 Postulat
2462 4078 2516 4123 et
2545 4067 2752 4125 latrans
2779 4085 3086 4141 superasse,
3119 4070 3338 4127 silentia
3366 4071 3496 4141 poni

2193 4156 2544 4213 Colluctatori
2573 4158 2718 4224 belli,
2749 4174 2927 4229 neque
2946 4158 3073 4229 jura
3102 4160 3359 4232 relinqui.

2194 4247 2346 4304 llaud
2384 4248 2544 4306 Pater
2594 4249 2786 4324 [patet]
2815 4252 2866 4307 id
2900 4252 3145 4324 dignum,
3191 4254 3541 4325 priscumque
3596 4266 3785 4306 orasse

2764 4354 2767 4357 ‘
3366 4344 3719 4418 [prophetam

2190 4436 2330 4507 Papa
2356 4436 2543 4501 refert,
2583 4438 2870 4494 Dominum
2902 4439 3135 4509 vitaeque
3163 4439 3421 4507 necisque
3440 4444 3725 4508 potentem

2193 4524 2261 4580 Ut
2292 4527 2383 4597 qui
2410 4535 2585 4583 morte
2605 4538 2836 4598 premat,
2861 4528 3046 4585 ﬁubris
3071 4528 3163 4600 qui
3191 4538 3369 4584 motus
3396 4528 3589 4582 reddat

2112 4604 2160 4660 υ
2191 4604 2695 4685 l’ercutiat,‘sanet,
2721 4618 2933 4674 validus
2962 4619 3281 4687 moderator.
3303 4617 3559 4687 utrinque

2193 4703 2343 4761 l'nde
2366 4705 2845 4778 probum‘snperas
2878 4717 2998 4776 post
3026 4705 3212 4761 funera
3237 4704 3486 4761 conferat
3512 4718 3679 4758 auras

2190 4798 2380 4853 Omnia
2406 4784 2510 4853 rite
2530 4799 2632 4855 sibi
2661 4782 2770 4869 quo
2800 4788 3019 4855 credula
3044 4800 3210 4855 corda
3242 4806 3525 4870 parentur.

2189 4890 2363 4945 Instat
2392 4891 2459 4946 ad
2490 4876 2605 4946 haec
2633 4891 2825 4946 fallens
2866 4890 3017 4945 vafer
3053 4900 3217 4959 atque
3242 4889 3455 4945 silentis
3485 4886 3660 4959 poscit

2191 4980 2457 5038 Virtutem
2482 4992 2734 5052 repetens
2759 4983 2918 5053 pandi
2947 4981 3266 5055 solemniter
3304 4975 3465 5046 actis,

2192 5072 2486 5147 Spondenti
2518 5074 2684 5128 vitam
2716 5074 2978 5129 attonitus
3003 5073 3339 5144 demensque
3366 5080 3673 5143 repugnat;

2187 5164 2412 5235 Cogitur
2435 5173 2490 5219 at
2526 5164 3029 5220 Dominnm‘vcrum
3063 5177 3449 5234 summumque
3474 5160 3640 5216 fateri

2182 5253 2429 5309 Flamina
2458 5255 2551 5326 qui
2582 5257 2768 5310 functo
2804 5255 3025 5321 referat,
3056 5256 3305 5321 denotat,
3334 5264 3391 5311 et
3426 5254 3576 5309 addit

2184 5348 2361 5418 Seque
2387 5365 2620 5418 suosque
2649 5351 2800 5418 sequi
2823 5348 3000 5406 cultus
3029 5350 3517 5418 insignla'Christi,
