3908 5426
111 185 228 240 ’ῖὸῖ
571 184 659 244 DE
702 186 976 244 CHRISTI
1016 188 1392 246 TRIUMPHIS
1417 189 1601 246 APUD
1639 189 1918 244 ITALlAM
1953 191 2197 248 GESTIS
2251 195 2429 250 LIBRI
2473 196 2609 251 XIV.
2645 198 2856 252 —LIB.
2898 199 2988 253 IX.
3309 196 3416 252 738

109 304 415 359 Aur-arum
438 303 668 375 positos,
692 300 902 358 Numen
935 305 1293 359 monstrarier
1312 313 1486 375 optat,
1761 315 1804 370 Α
1837 305 1968 372 Quae
1989 305 2282 377 patefacta,
2315 307 2450 364 viris
2471 309 2700 366 diversae
2729 310 2902 381 partis
2931 306 3186 379 utrinque

109 393 536 464 Accedensque
561 393 690 450 ferae
715 409 909 451 nomen
941 396 1240 464 proclamat
1259 397 1400 462 Iesu,
1835 400 2083 453 Consona
2125 401 2357 467 testatis,
2385 404 2569 472 regina
2591 417 2845 474 aggressa
2876 415 3168 472 capessens

108 483 374 542 Nomine
398 487 500 542 sub
524 486 680 557 cujus
701 496 1013 542 revocatum
1041 503 1265 559 surgere
1297 498 1513 544 taurum
1834 492 1995 560 Spem
2025 493 2264 548 divinam
2294 493 2511 561 animis,
2536 495 2821 551 scrobibus
2851 496 3081 550 rimatur
3107 501 3332 565 operta;

136 585 398 646 mperat,
423 577 656 633 absolvit
679 577 907 648 laqueis,
939 586 994 633 et
1025 593 1251 649 pergere
1273 581 1515 634 mandat.
1835 583 1944 639 Nec
1981 599 2133 640 mora
2163 584 2320 657 longa
2344 586 2528 656 operi;
2557 587 2848 642 connivcnt
2869 595 2992 639 vota
3017 585 3216 639 labori:

115 669 402 727 Protinus
423 671 682 728 exsiliens
704 671 935 742 stupidte
963 671 1222 727 miracula
1250 672 1412 743 plebi,
1836 674 2026 730 Munus
2056 685 2112 731 et
2139 678 2404 732 ambitum
2432 678 2641 747 cupidis
2671 692 2730 733 se
2759 678 2962 733 visibus
2987 675 3172 743 offert;

115 761 419 818 Lzetitiam
438 762 625 833 justis,
660 755 949 820 maerorem
975 765 1236 835 importat
1259 765 1482 835 iniquis,
1835 769 2000 823 Tecta
2030 769 2121 823 diu
2152 768 2331 824 inﬁdis
2360 784 2558 824 arcana
2583 769 2833 824 ﬁdelibus
2864 769 3077 824 adsunt.

116 854 207 908 Ac
238 869 372 912 sese
402 838 920 910 armentis'viduata
951 854 1004 909 in
1032 868 1231 925 pascua
1263 856 1459 910 reddit.
1834 861 2039 917 Gaudia
2065 859 2159 916 sed
2183 860 2318 916 lucri
2349 862 2578 916 obnubit
2614 860 2867 916 titubatio
2891 861 3023 915 certi
3054 879 3064 912 :

119 943 400 1001 Vincenti
435 953 714 1016 prostrata
744 962 910 1002 ruens
935 948 1161 1019 vestigia
1187 949 1342 1003 turba
1840 953 1993 1017 Dum,
2022 951 2196 1006 tribus
2219 951 2477 1017 inventis,
2513 966 2632 1022 quae
2654 966 2788 1007 crux
2815 952 3020 1006 erectio
3050 951 3174 1005 vitis

124 1033 269 1089 Mox
293 1037 524 1092 adversa
551 1036 686 1106 petit
711 1051 940 1107 poscens
965 1037 1172 1093 victore
1196 1039 1452 1104 salutem,
1841 1041 2078 1097 Viviﬁca:
2102 1043 2318 1097 steterit
2344 1050 2500 1097 nutat
2522 1042 2792 1097 discussio
2819 1041 2958 1098 veri.

118 1126 374 1199 Ipsaque
407 1130 723 1201 regiparens
744 1129 930 1184 aulaeis
963 1130 1176 1200 publica
1211 1133 1382 1202 raptis
1837 1131 2056 1187 Arbiter
2084 1141 2140 1186 at
2167 1148 2414 1188 summus
2440 1148 2602 1188 curas
2629 1147 2960 1204 componere
2981 1131 3207 1188 anhelas

123 1219 462 1290 Egreditur,
495 1222 820 1290 veniamque
843 1221 958 1276 dari
989 1222 1091 1278 sibi
1124 1239 1294 1293 prona
1318 1230 1596 1293 precatur.
1838 1224 2162 1296 Disponens,
2197 1225 2436 1282 animum
2471 1226 2673 1294 regium
2699 1226 2921 1282 numine
2944 1225 3114 1296 tangit

129 1307 254 1364 Nec
285 1309 461 1365 solum
487 1310 590 1366 bos
613 1312 779 1366 sentit
800 1325 976 1382 opem,
1003 1313 1410 1383 pugnantiaque
1431 1330 1604 1368 arma.
1845 1315 2073 1372 Sidereo
2105 1333 2119 1370 ε
2150 1315 2400 1371 functum
2434 1315 2522 1369 illa
2552 1330 2745 1370 recens
2777 1329 3058 1386 exsangue
3088 1316 3322 1370 cadaver

125 1399 424 1471 Sylvestro
457 1401 731 1467 vincente,
762 1413 984 1472 crepant
1011 1405 1142 1473 quin
1171 1402 1388 1458 flamina
1413 1405 1565 1476 nigra
1839 1412 2076 1482 Imperat
2107 1410 2318 1476 inferri,
2345 1411 2546 1466 donum
2572 1411 2777 1465 virtute
2799 1409 3041 1479 probari.

125 1491 418 1563 Linquere
457 1509 536 1559 se,
563 1505 755 1565 captos
784 1496 907 1552 cteli
933 1512 1071 1567 quos
1111 1500 1286 1570 gratia
1319 1499 1497 1554 salvos
1839 1504 2153 1562 Produntur
2173 1503 2364 1576 gelidis
2393 1503 2658 1574 torpentia
2691 1503 2902 1559 viscera
2929 1502 3117 1567 venis;

130 1579 372 1648 Reddit,
398 1593 454 1638 et
479 1583 736 1641 mthereis
759 1587 943 1656 plures
977 1602 1136 1644 sacer
1165 1588 1331 1644 abluit
1358 1590 1536 1644 undis.
1839 1597 2189 1666 Αάιῃοιαεῳιθ
2214 1609 2438 1652 cruces:
2466 1594 2702 1664 poenalia
2735 1594 2878 1664 ligna
2909 1593 3182 1648 latronum

128 1673 355 1730 Crescit
383 1685 438 1730 et
467 1686 696 1732 ornatur
720 1677 940 1734 Christo
969 1679 1237 1750 desponsa
1264 1681 1512 1737 columba
1760 1686 1808 1745 Β
1838 1687 2202 1753 Temnuntur,
2227 1688 2428 1758 promit
2447 1687 2642 1743 vitalia
2665 1687 2860 1743 robora
2884 1686 3020 1751 vita,

137 1765 412 1836 Templis,
448 1768 792 1837 muneribus,
817 1771 1080 1841 cultuque
1105 1773 1316 1828 dicatur
1342 1788 1580 1838 animum,
1845 1779 1961 1833 Vita
1984 1779 2318 1850 resurgentis
2346 1778 2473 1832 vita:
2500 1779 2695 1834 arbore
2725 1776 2920 1847 gaudia
2943 1776 3200 1846 complet,

132 1855 378 1910 Exuitur
403 1857 596 1914 fractis
622 1859 791 1917 elisus
813 1862 1018 1918 viribus
1043 1863 1240 1929 hostis,
1837 1866 1938 1934 Qui
1969 1875 2302 1936 spectatores
2332 1867 2575 1923 redivivo
2601 1882 2828 1923 munere
2855 1881 3108 1937 pascens,

137 1948 367 2021 Egypti
395 1952 780 2024 pritnogenitis
811 1954 912 2010 sub
941 1964 1146 2012 tartara
1169 1958 1388 2024 mersis,
1841 1962 1984 2017 Inter
2014 1962 2276 2017 mirantes
2300 1976 2420 2016 sese
2448 1962 2679 2018 miratur
2701 1969 2942 2020 euntem.

132 2039 370 2098 Pellaeas
395 2043 544 2099 acies
566 2045 676 2101 imo
707 2061 926 2117 aequora
952 2049 1166 2120 gurgite
1191 2049 1436 2117 volvunt,
1841 2055 1933 2109 Sic
1959 2055 2084 2109 divo
2105 2055 2350 2110 renitens
2371 2070 2504 2110 crux
2528 2053 2824 2108 clariticata
2853 2052 3070 2116 decore,

141 2132 524 2207 Victricesque
553 2138 750 2208 aquilae
771 2139 898 2194 Jesu
927 2141 1152 2197 ductore
1177 2143 1510 2212 triumphant
1534 2185 1545 2196 .
1843 2147 2104 2202 Votorum
2132 2148 2430 2218 obsequiis,
2465 2146 2723 2216 claraque
2752 2145 3052 2201 assumitur
3079 2143 3222 2199 aula.

133 2223 324 2280 Sensit
353 2235 409 2282 et
442 2227 676 2285 internis
714 2245 970 2301 grassans
996 2230 1299 2288 Maxentius
1329 2233 1518 2300 armis,
1845 2238 1976 2305 Qua;
2003 2237 2164 2293 cultis
2194 2237 2358 2293 rutilo
2379 2237 2557 2292 radiat
2581 2237 2929 2306 laquearibus
2954 2249 3108 2290 auro.

133 2313 260 2380 Qui,
295 2323 518 2372 terrena
549 2328 732 2375 terens
755 2321 1044 2392 divinaque
1065 2322 1190 2390 jura
1218 2323 1509 2390 lacessens,
1846 2329 2044 2384 Fertur
2072 2337 2124 2385 et
2153 2329 2219 2383 ad
2249 2343 2431 2400 regem
2454 2328 2679 2399 pretiosi
2711 2328 2889 2398 portio
2913 2326 3042 2397 ligni
3077 2344 3090 2378 :

139 2405 247 2461 Par
270 2406 580 2464 Pharaonis
604 2410 806 2466 letbum
829 2413 976 2468 subit
1006 2413 1284 2482 improbus
1310 2415 1489 2480 undis,
1842 2420 1986 2474 Crux
2023 2419 2126 2474 sibi
2161 2427 2269 2474 tota
2303 2435 2530 2474 manens
2560 2419 2672 2474 late
2698 2433 2794 2474 sua
2829 2419 3026 2472 robora
3054 2415 3284 2487 spargit,

141 2503 436 2562 incurrens
464 2504 676 2561 foveam
696 2522 875 2578 pugna
905 2507 1008 2564 sibi
1035 2506 1225 2563 fraude
1254 2517 1524 2578 paratam,
1845 2510 2049 2564 Damna
2076 2525 2178 2566 nec
2207 2511 2443 2564 admittit
2465 2510 2614 2580 largo
2641 2525 2762 2564 cum
2792 2506 3000 2577 repleat
3027 2507 3214 2561 orbem

141 2595 283 2649 Dum
312 2597 438 2666 pius
466 2597 751 2653 exsultans
783 2598 1098 2656 caelestibus
1121 2600 1319 2656 emicat
1351 2600 1540 2656 armis.
1844 2601 2087 2666 Munere,
2113 2609 2435 2670 perpetuum
2463 2591 2706 2654 retinens
2733 2599 2850 2653 sine
2877 2612 3028 2653 more
3054 2597 3322 2665 vigorem.

139 2689 238 2745 Cui
273 2689 434 2746 caelis
463 2689 736 2761 patefacta
758 2691 940 2747 crucis
968 2692 1164 2747 vexilla
1190 2700 1502 2756 coruscant,
1844 2691 2010 2758 Queis
2031 2691 2214 2745 mttudi
2246 2692 2482 2760 pretium
2515 2689 2690 2744 divina
2724 2689 2922 2744 talenta
2948 2687 3146 2741 librata

148 2781 254 2837 Cui
294 2783 568 2852 promissa
602 2783 751 2839 favet
771 2783 996 2839 victoria
1027 2799 1160 2840 voce
1186 2799 1442 2854 superna.
1843 2784 2135 2839 Clavorum
2172 2797 2236 2838 ex
2262 2783 2380 2838 acie
2410 2783 2614 2852 regalis
2638 2781 2877 2837 culmina
2920 2780 3040 2834 coni

147 2871 248 2927 llis
279 2872 520 2943 genitrix
551 2873 782 2945 Augusti
818 2874 957 2930 actis
979 2873 1211 2930 feliciter
1233 2884 1392 2929 aucta
1845 2875 2115 2930 Tutantur
2134 2874 2357 2944 compti,
2387 2873 2638 2944 frenique
2671 2881 2958 2929 sacrantur
2987 2871 3233 2934 habenae,

137 2963 320 3033 Atque
342 2963 586 3019 animum
612 2964 826 3020 ﬁrmata
858 2965 964 3021 ﬁde
991 2973 1280 3036 percenset
1300 2965 1460 3021 amici
1740 2997 1744 3000 -
1784 3034 1803 3036 _
1846 2967 1939 3022 Vis
1969 2967 2124 3036 cujus
2151 2976 2418 3036 praestans
2438 2965 2884 3022 eﬂ‘renas'diﬁicit
2905 2965 3150 3028 umbras,

141 3055 409 3114 Tramitis
437 3060 504 3114 ad
535 3057 808 3128 Solymam
839 3075 936 3131 spe
965 3034 1289 3116 continuare
1313 3061 1580 3127 laborem,
1767 3034 1810 3094 ε
1844 3057 2000 3124 Quod
2032 3034 2412 3118 ﬁdei—meritis,
2445 3057 2702 3126 princeps
2727 3054 2963 3121 Iustine,
2996 3052 3260 3123 probasti.

141 3147 548 3220 Exsultansque
578 3161 791 3206 sacrata
816 3152 910 3207 Dei
939 3152 1057 3208 loca
1089 3153 1330 3209 lambere
1361 3153 1583 3223 plantis.
1842 3146 1952 3202 Nec
1985 3162 2137 3202 mare
2170 3146 2466 3204 frustratur
2492 3155 2653 3201 tanta:
2678 3145 2898 3200 virtutis
2917 3144 3146 3206 honore.

140 3241 434 3314 Expurgat
468 3242 644 3299 scelus
672 3243 959 3300 undecimi
977 3243 1148 3301 livore
1170 3254 1459 3318 patratum,

1458 3297 1459 3300 η
1840 3238 2008 3309 Cujus
2037 3238 2211 3295 sedati
2234 3237 2452 3304 fluctus,
2475 3239 2756 3295 obstructa
2779 3251 3001 3308 vorago.

143 3332 409 3399 Caesaris,
438 3334 742 3390 emundans
771 3335 994 3405 spurcis,
1014 3351 1170 3392 sacra
1193 3352 1319 3392 rura
1347 3335 1581 3402 sacellis,
1839 3329 2032 3385 Lintea
2071 3345 2194 3402 quae
2222 3339 2653 3386 texere'crucem
2692 3344 2870 3400 neque
2892 3341 3048 3384 cassa
3081 3324 3361 3384 residunt:

145 3423 436 3494 Religioue
465 3425 552 3496 pia
585 3427 894 3497 sanctisque
925 3427 1189 3484 altaribus
1232 3443 1456 3484 ornans.

1847 3421 2062 3477 Robore
2090 3421 2223 3491 quin
2254 3429 2473 3491 sumpto
2499 3420 2742 3487 morbos,
2775 3429 2832 3474 et
2866 3419 3071 3490 frigora
3095 3415 3321 3487 pellunt,

145 3511 480 3572 Perventum
517 3514 815 3586 Solymam,
847 3533 966 3588 qua
995 3518 1137 3573 lectu
1161 3528 1422 3588 coeperat,
1458 3518 1644 3574 haurit

1853 3511 2136 3567 Daemonas
2157 3510 2403 3580 cjiciunt,
2431 3511 2594 3566 cwcis
2617 3526 2712 3566 sua
2741 3509 2944 3564 lumina
2973 3507 3204 3562 reddunt
3230 3523 3240 3557 :

147 3603 510 3661 Per-scrutaris
539 3606 734 3673 oculis,
760 3608 1010 3678 interque
1038 3610 1271 3681 insignia
1305 3624 1489 3665 rerum
1848 3602 2006 3657 Mutis
2032 3616 2214 3657 sermo
2241 3603 2420 3667 datur,
2451 3601 2753 3672 paralytica
2776 3600 3019 3654 membra
3052 3597 3318 3652 levantur.

147 3694 412 3768 indagare
450 3699 634 3755 crucis
659 3701 810 3756 cordi
838 3702 989 3758 sedet
1017 3702 1217 3773 inclyta
1249 3703 1415 3774 ligna,
1847 3697 1904 3752 ln
1937 3696 2134 3752 vexilla
2165 3697 2344 3752 crucis
2369 3697 2616 3752 labarum
2658 3695 3046 3751 transvertitur
3072 3692 3279 3760 ingens.

149 3785 314 3853 Queis
335 3794 572 3860 pretium
599 3794 782 3849 cuncti
807 3793 972 3849 vitale
997 3797 1326 3865 pependerat
1349 3796 1520 3852 orbis.
1847 3790 2155 3846 Prteﬁcitur
2180 3790 2390 3857 cuneis,
2431 3789 2577 3845 acies
2600 3789 2840 3844 illustrat
2864 3788 3070 3842 honore

149 3877 282 3933 Dum
304 3880 393 3934 via
426 3881 572 3936 nulla
600 3892 770 3953 patet,
796 3899 902 3954 qua
929 3892 1069 3940 tecta
1090 3886 1292 3941 talenta
1316 3895 1593 3957 petantur,
1848 3881 2151 3952 Signiferos
2178 3881 2465 3953 sociosque
2499 3882 2651 3954 tegit,
2680 3896 2780 3936 nec
2816 3879 2967 3934 clade
3001 3878 3211 3931 laborat

148 3967 351 4027 Accitis
376 3972 532 4027 varia
555 3972 659 4028 sub
686 3975 996 4030 conditione
1022 3976 1320 4048 magistris,
1845 3975 2099 4040 Evector,
2128 3989 2232 4031 nec
2255 3974 2358 4029 tela
2380 3985 2583 4046 queunt
2613 3983 2880 4030 temerare
2909 3971 3194 4026 vehentem
3220 3984 3260 4048 ;/

148 4055 416 4132 Golgotha
448 4063 701 4135 supplicii
729 4063 1048 4122 discrimina
1077 4083 1240 4124 nosse
1269 4067 1513 4133 laborat;
1843 4070 2121 4140 Linquens
2143 4069 2295 4140 signa
2321 4070 2485 4144 perit,
2519 4067 2739 4140 gerulus
2769 4076 3028 4125 servatur,
3058 4064 3111 4118 in
3145 4062 3359 4114 hostes.

1616 4223 1844 4282 CAPUT
1892 4223 1984 4280 IX.

1113 4330 1193 4386 De
1216 4333 1416 4403 synodo
1438 4350 1556 4404 qua:
1581 4334 1725 4404 facta
1753 4346 1826 4390 est
1851 4336 1944 4390 sub
1969 4346 2157 4392 sancto
2197 4333 2479 4407 Sylvestro.
2539 4377 2547 4384 .

149 4442 414 4516 Sylvestri
447 4437 920 4513 imperio‘coeunt,
953 4451 1010 4499 et
1037 4442 1240 4498 lumina
1271 4442 1464 4499 Patres
1631 4498 1726 4534 ’,ω
1762 4451 1813 4509 D
1843 4449 2066 4521 Templa
2091 4451 2268 4505 nitent
2291 4451 2538 4514 fabricis,
2577 4447 2865 4524 sacrantur
2895 4466 3114 4506 munera
3150 4453 3386 4521 templis,

147 4534 437 4590 Catholica:
469 4541 723 4604 retegunt
747 4534 892 4599 ﬁdei,
922 4535 1292 4604 damnantque
1322 4535 1586 4604 rebelles;
1631 4517 1726 4537 ’Μ’
1843 4517 2074 4612 Pignora
2104 4542 2383 4612 apostolici
2410 4543 2622 4596 decoris
2645 4519 2812 4595 multo
2841 4555 2950 4594 :cre
2970 4550 3241 4611 teguntur.

146 4621 300 4680 Lucis
335 4634 391 4680 et
419 4623 682 4679 Ecclesia:
711 4624 980 4679 tutissima
1011 4625 1207 4680 robora
1232 4626 1471 4681 condunt
1496 4643 1511 4692 ;
1614 4633 1616 4635 ’
1841 4630 2052 4686 Emicat
2074 4631 2351 4700 oppressis
2381 4629 2607 4684 victoria
2643 4629 2788 4683 clara
2816 4632 3094 4697 tyrannis;

146 4713 481 4772 Pontiﬁcalis
511 4715 650 4786 apex
680 4715 898 4780 colitur,
927 4716 1168 4788 clerique
1202 4727 1424 4773 senatus
1841 4723 2107 4780 Gentibus
2134 4722 2388 4793 effulgent
2407 4721 2664 4795 praecelsa
2694 4729 2888 4790 tropma
2914 4723 3171 4784 subactis.

144 4803 372 4878 Legibus
399 4807 698 4871 instruitur
722 4823 737 4874 ;
761 4821 1042 4862 sacrorum
1063 4807 1184 4878 jura
1204 4807 1482 4876 feruntur;
1842 4813 2224 4882 Discussisque
2244 4811 2362 4881 pios
2395 4812 2635 4868 tenebris
2663 4810 2753 4866 lux
2779 4810 2898 4864 laeta
2926 4818 3200 4868 venustat.

1620 4985 1850 5044 CAPUT
1890 4987 1956 5042 Χ.

1320 5088 1387 5144 'le
1419 5090 1698 5154 Gallicana
1727 5105 1774 5152 et
1799 5096 2131 5155 Constantia.

144 5210 282 5268 Tunc
307 5209 639 5267 Gallicanos
659 5221 787 5278 rege
820 5214 1036 5264 mactus
1062 5206 1263 5284 inclyto
1697 5247 1700 5250 .
1851 5211 1967 5268 Rex
1990 5221 2226 5270 aestuare
2253 5214 2432 5264 mente
2462 5206 2628 5278 coepit
2657 5203 2842 5263 anxia,

141 5301 456 5362 Yictoriosis
481 5299 805 5358 sublevatus
825 5297 1030 5365 infulis,
1849 5304 2041 5361 sciens
2071 5299 2254 5363 necari
2277 5315 2437 5372 posse
2468 5303 2865 5366 natam,'quam
2912 5297 3077 5354 teri;

141 5399 263 5426 n-..
295 5407 487 5426 ι--Αι-.η
529 5397 768 5426 Acan-Ini“
791 5403 954 5426 nlnnn
977 5409 1129 5426 non-un
1166 5393 1413 5426 Ληνιιῖιηη

1376 5410 1413 5426 in
1847 5399 1960 5426 ιιι.-
1986 5398 2076 5426 211..
2098 5401 2272 5426 ..ζιηηη
2306 5407 2488 5426 ηιΛηιΛ
2519 5392 2707 5426 nnlnnu
2738 5391 2919 5426 nutris
