3908 5426
514 295 622 350 7.59
1214 299 1601 359 FLODOARDI
1641 304 1962 364 CANONICI
1991 307 2338 364 REMENSIS
2373 309 2738 368 OPUSCULA
2779 309 3104 365 METRICA.
3236 315 3278 338 ’ν

512 404 632 460 Mox
667 407 853 462 consul
877 416 934 463 ut
960 424 1235 482 generque
1257 414 1351 468 tiat
1376 415 1574 485 regius.
1616 437 1636 469 ι

508 498 703 554 Arrbze
723 499 970 556 feruntur
998 502 1140 559 inter
1161 503 1278 560 haec
1314 507 1655 576 altrinsecus,

508 587 734 645 Fratres
761 588 997 648 Joannes
1023 602 1186 664 atque
1207 595 1407 654 Paulus
1437 600 1668 670 virginis

509 677 682 734 Celsae
712 683 961 753 magistri
983 687 1249 741 castitatis
1279 689 1559 757 praesules,

508 770 821 842 Ambasqne
849 775 1000 846 virgo
1021 775 1286 832 Gallicani
1319 779 1462 835 lilios

504 856 620 913 Sibi
650 865 1134 920 retentatAtticam
1157 879 1318 938 atque
1347 871 1649 927 Artemiam

506 953 652 1020 Quas
675 972 772 1012 ore
795 960 935 1014 votis
958 961 1074 1030 ipsa
1098 961 1320 1019 Christo
1350 965 1587 1020 dedicat.

501 1045 707 1102 Procus
731 1049 958 1105 subinde
985 1053 1200 1110 clausus
1225 1056 1357 1111 urbe
1383 1057 1629 1112 Thraciae

508 1135 700 1192 Gentis
725 1139 1047 1211 Scytharum
1073 1145 1272 1201 inferre
1294 1163 1463 1216 pauca
1491 1150 1615 1204 dum
1641 1162 1804 1220 pavet

507 1227 916 1289 Formidolosus
941 1235 1092 1305 signa
1127 1238 1486 1306 multitudini,

480 1320 739 1375 .Acervat
767 1323 876 1378 aris
897 1340 1054 1380 sacra
1078 1325 1440 1398 Martialibus;

498 1409 758 1466 Increscit
787 1411 976 1478 hostis,
1001 1415 1337 1474 invalescunt
1375 1421 1574 1490 tristia,

498 1499 776 1572 Linquunt
803 1505 1039 1572 Quirites
1066 1510 1242 1580 signa,
1273 1514 1471 1569 cedunt
1493 1515 1763 1580 barbaris,

499 1592 764 1665 Princeps
786 1598 1035 1656 volutans
1060 1606 1291 1659 exeundi
1318 1609 1555 1677 copiam,

497 1683 722 1739 Portum
747 1687 938 1744 salutis
966 1695 1200 1762 satrapis
1226 1694 1580 1766 Constantine,

499 1773 670 1832 Paulo
709 1794 773 1833 ac
793 1781 1002 1848 Joanne
1033 1787 1283 1855 percipit,
1315 1798 1500 1845 votum
1526 1794 1636 1848 Deo

496 1868 724 1927 Summo
753 1874 998 1944 polorum
1027 1880 1119 1948 qui
1149 1893 1374 1936 monent
1403 1887 1674 1952 enuntiet,

499 1961 719 2017 Christo
751 1974 810 2018 ut
840 1965 1052 2021 dicetur
1077 1983 1267 2026 erutus
1298 1974 1625 2041 discrimini,

496 2049 728 2120 Fietque
756 2054 934 2109 victor
967 2072 1130 2124 quam
1159 2059 1351 2116 fuisset
1372 2063 1596 2117 clarior.

500 2140 762 2198 Voventis
785 2159 877 2198 ore
899 2146 1040 2215 quod
1067 2150 1354 2218 probatum
1380 2161 1436 2206 ut
1465 2163 1748 2222 personat,

502 2229 728 2288 Juvenis
754 2243 895 2290 statu
923 2237 1135 2294 videtur
1165 2256 1292 2296 ecce
1318 2245 1648 2312 praeminens

505 2321 744 2379 llumero
771 2327 951 2383 crucis
986 2331 1182 2385 vexilla
1206 2344 1486 2404 promptus
1513 2337 1796 2405 ingerens:

510 2433 525 2463 ι
568 2411 792 2469 Sectare
822 2426 876 2471 et
897 2419 1122 2492 (inquit)
1154 2439 1241 2476 me
1267 2440 1526 2480 mucrone
1553 2430 1843 2500 prmditus!
1880 2450 1902 2483 ι

501 2504 673 2571 Quom
699 2523 823 2563 mox
849 2523 1067 2567 secutus
1091 2514 1374 2572 bellicosos
1396 2533 1461 2572 en
1491 2520 1638 2576 videt

500 2596 663 2655 Viros
687 2603 940 2673 utrinque
976 2618 1309 2676 praeparatos
1329 2610 1541 2680 przelio,

508 2690 580 2746 Se
601 2693 921 2751 roborantes
951 2706 1113 2768 atque
1139 2701 1443 2768 prarbentes
1463 2719 1621 2773 opem

504 2784 976 2854 Subeatjubentes
1003 2801 1183 2847 castra
1213 2803 1360 2850 tutus
1390 2797 1620 2866 hostica,

495 2874 698 2931 Ensem
722 2889 986 2935 retectum
1018 2884 1145 2940 hinc
1175 2887 1299 2942 inde
1329 2903 1554 2946 securus
1583 2891 1784 2958 vibret,

499 2964 639 3020 Dum
673 2970 818 3040 regis
842 2973 908 3026 ad
939 2986 1151 3031 secreta
1175 2981 1390 3034 scandit
1409 2981 1649 3037 barbari.

495 3057 704 3124 Quibus
726 3062 817 3118 ille
843 3065 972 3122 visis
993 3083 1198 3136 pronus
1217 3073 1285 3127 ad
1324 3075 1550 3146 vestigia

496 3149 617 3206 Jam
643 3152 929 3225 Gallicani,
955 3171 1078 3216 vota
1102 3162 1352 3232 fundens,
1388 3170 1666 3232 sternitur,

496 3245 679 3300 Vitam
705 3250 939 3316 petendo
965 3268 1088 3307 cum
1119 3270 1343 3312 suorum
1368 3261 1652 3330 sanguine.

496 3335 596 3392 llis
622 3338 950 3408 impetratis,
979 3345 1195 3401 deditur
1221 3363 1343 3402 cum
1371 3349 1592 3416 liberis;

497 3428 744 3487 Posthac
771 3433 972 3490 tributa
996 3451 1056 3491 se
1084 3438 1306 3496 daturos
1341 3453 1618 3511 asserunt,

496 3525 682 3582 Paetis
711 3537 767 3582 et
794 3529 952 3584 hoste
979 3529 1283 3588 liberantur
1309 3535 1579 3593 Thracia.

493 3615 633 3672 llinc
651 3617 762 3688 jam
794 3620 997 3675 tribuni
1033 3623 1340 3694 redditique
1364 3627 1568 3685 milites

494 3705 694 3764 Christi
723 3721 987 3780 parantur
1013 3714 1246 3772 militare
1267 3719 1490 3775 muniis.

492 3799 756 3873 Princeps
778 3815 1048 3874 sacratur,
1080 3810 1284 3880 nuptiis
1309 3811 1609 3869 abstemius

491 3891 710 3950 Vovcns
739 3910 983 3964 manere,
1005 3898 1088 3954 sic
1114 3899 1477 3970 triumphator
1507 3904 1668 3959 redit.

489 3980 604 4037 Nec
626 3994 752 4040 ante
780 3985 1008 4042 Romam
1033 3991 1412 4058 provcltendus
1441 3991 1653 4060 introit,

493 4075 720 4131 Sacrata
751 4078 916 4136 Petro
937 4081 1174 4152 dirigens
1202 4082 1270 4136 ad
1301 4083 1512 4151 limina,

491 4165 686 4222 Crates
711 4169 884 4223 datori
913 4186 1073 4240 quam
1099 4173 1216 4228 litet
1246 4173 1507 4231 victorize.

489 4256 770 4325 Augustus
799 4258 924 4314 huic
948 4276 1070 4315 cum
1110 4263 1261 4331 prole
1295 4263 1474 4320 factus
1503 4267 1721 4333 obvius,

495 4345 568 4400 Ut
593 4347 759 4401 rescit
788 4358 932 4416 acta,
956 4351 1125 4422 cingit
1147 4352 1291 4406 hunc
1326 4354 1668 4424 amplexibus

492 4438 646 4493 Caelo
678 4440 885 4497 dicatas
916 4444 1238 4514 nuntiatque
1263 4445 1422 4501 ﬁlias.

490 4529 685 4583 Aulam
710 4531 914 4600 petenti
941 4547 1070 4602 rege
1095 4534 1232 4589 lulto
1257 4536 1496 4607 principi

491 4621 699 4692 Regina
729 4633 920 4679 sancta
945 4637 1106 4696 nepte
1127 4627 1255 4682 nixa
1287 4629 1455 4685 nobili

496 4714 748 4770 Occurrit
775 4716 915 4787 ejus,
941 4720 1269 4791 exhibetque
1293 4723 1520 4794 pignora

491 4806 774 4880 Lacrymis
801 4811 978 4879 opima
1011 4813 1332 4882 proluuntur
1361 4816 1578 4888 gaudia.

490 4897 743 4955 Privatus
767 4899 857 4957 ille
886 4903 1049 4973 gestit
1069 4904 1151 4960 ire
1179 4905 1435 4974 fascibus,

492 4991 666 5056 casis
690 4995 990 5051 vocationis
1018 5012 1198 5052 arcem
1227 4999 1541 5068 pra-ferens.

493 5084 738 5156 Rogatur
764 5097 944 5145 autem
975 5091 1162 5147 consul
1185 5093 1306 5146 aula
1333 5093 1592 5162 prodeat;

2115 423 2168 481 Α
2196 419 2426 477 Sumens
2451 422 2706 489 honores,
2733 424 2972 494 quinque
2993 422 3154 479 solvit
3176 423 3345 479 millia

2197 519 2773 586 Vernarum,‘habenis
2796 524 3076 579 servitutis
3101 525 3370 591 eximens,

2193 608 2340 676 Quos
2366 611 2500 665 ditat
2531 613 2678 668 arvis
2699 621 2862 683 atque
2881 615 3051 671 cessis
3076 616 3316 682 aedibus;

2193 704 2508 775 Censusque
2535 716 2732 775 praeter
2762 707 2993 763 filiarum
3017 709 3239 778 proprio

2191 796 2335 850 Foro
2364 797 2618 851 subactos
2645 798 2849 869 spargit
2877 798 3276 868 indigentibus;

2191 887 2490 958 Comesque
2515 900 2700 946 sancto
2725 890 2898 946 factus
2923 892 3167 948 llilarino
3190 894 3336 949 subit

2198 978 2421 1035 Virtutis
2449 981 2581 1047 alta,
2607 982 2850 1037 serviens
2876 983 3155 1050 egentibus
3179 1000 3193 1049 ;

2193 1069 2390 1126 Domos
2412 1071 2673 1143 benignus
2699 1073 2992 1144 hospitales
3015 1075 3271 1146 ampliat,

2191 1163 2334 1218 Socii
2370 1165 2645 1220 cohrerent
2673 1167 2764 1235 qui
2789 1166 2940 1221 fuere
2972 1167 3191 1222 servuli.

2191 1254 2453 1324 Vulgatur
2480 1255 2612 1310 orbe
2639 1255 2778 1311 fama
2809 1266 2921 1312 toto
2949 1257 3172 1328 prodiga
3197 1275 3210 1310 :

2189 1345 2394 1400 Ardent
2425 1347 2611 1402 videre
2634 1349 3042 1416 przeminentem
3068 1348 3343 1405 consulem

2190 1436 2364 1491 Pedes
2390 1438 2698 1492 ministrum
2723 1440 3018 1494 diluentem
3043 1453 3357 1510 pauperum.

2193 1527 2442 1583 llostensi
2472 1528 2525 1583 in
2553 1529 2687 1584 urbe
2712 1529 2911 1600 templa
2932 1530 3150 1585 Christo
3179 1529 3479 1594 construit,

2190 1616 2257 1670 Et
2285 1617 2623 1674 excubantes
2653 1618 2743 1673 hic
2765 1620 3041 1674 ministros
3071 1619 3325 1674 destinat.

2190 1709 2378 1764 Levita
2403 1725 2630 1780 magnus
2657 1710 2806 1766 visus
2834 1711 2961 1765 huic
2989 1710 3316 1765 Laurentius
3335 1751 3350 1774 ,

2115 1776 2163 1834 Β
2193 1800 2452 1856 Hortatur
2479 1776 2596 1872 ejus
2621 1804 2746 1859 edat
2766 1803 2936 1859 aedem
2963 1803 3200 1859 cultibus

2192 1894 2292 1960 Qui
2318 1894 2470 1964 jussa
2497 1895 2774 1964 supplens,
2809 1903 3083 1965 nuncupat
3108 1894 3481 1949 Laurentiam.

2191 1985 2456 2039 Praestare
2481 1984 2676 2054 prmsul
2704 1984 2845 2038 haud
2874 1985 3018 2038 favet
3042 1983 3397 2054 rogantibus;

2190 2075 2258 2127 At
2287 2075 2377 2144 qni
2407 2075 2636 2129 nitescat
2657 2075 2760 2130 hoc
2791 2076 2986 2130 decore
3010 2074 3212 2142 deligit.

2195 2166 2377 2220 Viccm
2408 2165 2652 2235 rependit
2679 2165 2998 2221 distributor
3025 2181 3312 2220 munerum

2193 2254 2534 2322 Tantamque
2560 2256 2771 2310 confert
2805 2255 3074 2310 claritatis
3109 2255 3336 2326 gloriam

2192 2348 2309 2414 Quo
2335 2347 2564 2417 spiritali
2597 2348 2808 2417 praediti
2832 2348 3070 2403 versutia

2190 2439 2537 2505 Mundentur,
2562 2439 2676 2508 ejus
2700 2448 2756 2493 ut
2781 2438 3030 2493 feruntur
3046 2439 3271 2494 visibus.

2191 2531 2384 2601 Magna
2410 2546 2539 2600 ergo
2567 2530 2736 2584 fultus
2763 2531 3056 2584 sanitatum
3080 2529 3251 2599 gratia

2191 2623 2452 2692 Splendet
2474 2622 2696 2676 micanti
2727 2622 3032 2676 sanctitatis
3063 2620 3238 2689 c0pia.

2190 2714 2328 2769 llinc
2354 2714 2599 2769 Julianus
2625 2713 2798 2768 hostis
2827 2713 3177 2778 innocentiae,

2195 2805 2261 2861 Ut
2285 2821 2343 2860 re
2368 2807 2571 2876 potitus
2591 2805 2835 2861 elevatur
2857 2806 3094 2874 publica,

2193 2899 2378 2953 Arctat
2407 2898 2626 2953 statutis
2659 2899 2988 2954 christianos
3013 2896 3254 2953 subdolis

2193 2988 2268 3045 Ne
2295 2991 2636 3060 possiderent
2664 2990 2967 3058 indigentes
2993 2989 3265 3058 quippiam
3301 3005 3317 3041 :

2192 3080 2326 3135 Tum
2358 3081 2621 3137 Gallicani
2651 3089 2813 3148 tecta,
2843 3082 2998 3151 queis
3023 3079 3293 3150 egentium

2190 3175 2359 3230 Levat
2389 3173 2623 3239 labores,
2653 3174 2698 3228 si
2728 3173 2850 3244 quis
2874 3173 3081 3243 ingredi
3109 3171 3267 3242 petit,

2190 3265 2400 3322 Titulos
2430 3269 2676 3332 daturus,
2707 3265 2996 3336 pensiones
3025 3273 3119 3318 aut
3143 3277 3330 3334 agens.

2192 3359 2378 3415 Ultore
2404 3368 2594 3428 captus
2616 3357 2920 3412 lancinatur
2954 3355 3234 3419 daemone;

2188 3449 2431 3505 Exactor
2459 3458 2611 3504 actus
2639 3457 2699 3503 ut
2727 3449 2892 3519 lepra:
2925 3445 3292 3516 spurcamine.

2188 3544 2466 3613 Responsa
2489 3541 2726 3612 produnt
2750 3540 2836 3594 his
2863 3540 3037 3610 rogati
3061 3538 3285 3608 spiritus

2189 3631 2390 3685 Rerum
2418 3629 2561 3700 quod
2588 3627 2704 3698 ejus
2729 3638 3086 3698 occupatores
3110 3641 3172 3680 ea

2187 3723 2372 3778 Vitare
2393 3721 2602 3791 possint
2631 3721 2774 3776 haud
2803 3736 2962 3776 secus
2997 3718 3235 3790 pericula
3254 3757 3272 3785 ,

2187 3813 2253 3868 Ni
2290 3813 2602 3869 Gallicanus
2625 3813 2728 3868 diis
2755 3821 2880 3883 agat
2901 3812 3167 3866 litamina.

2188 3903 2450 3960 Sanctum
2480 3905 2575 3960 sed
2599 3906 2762 3959 audet
2792 3903 2936 3968 inde,
2967 3918 3124 3958 nemo
3153 3901 3279 3956 dum
3309 3899 3487 3954 virum

2188 3995 2444 4059 Tentare,
2475 3996 2626 4052 dirus
2651 3994 2848 4066 praasul
2873 3994 3008 4049 aula:
3029 3994 3283 4058 destinat,

2188 4088 2438 4142 Mandata
2463 4088 2645 4159 legans
2675 4097 2735 4142 ut
2768 4087 2884 4144 deis
2912 4085 3052 4142 ferat
3074 4101 3233 4142 sacra

2186 4180 2423 4234 Latiisvc
2443 4179 2620 4244 cedat,
2652 4187 2745 4232 aut
2778 4188 3016 4234 remotus
3045 4178 3265 4243 tinibus,

2189 4269 2370 4325 Rebus
2397 4271 2616 4326 relictis.
2638 4269 2732 4325 llle
2753 4269 3044 4326 Alexandri
3067 4269 3200 4339 petit

2185 4361 2418 4417 Exertus
2441 4363 2650 4427 urbem,
2685 4377 2852 4432 seque
2879 4360 3284 4417 confessorihus

2108 4469 2162 4528 ι)
2187 4453 2384 4509 Christi
2413 4469 2513 4524 per
2539 4454 2662 4508 anni
2681 4453 2858 4524 jungit
2887 4453 3027 4507 ultro
3051 4451 3314 4508 circulum
3338 4467 3355 4518 ;

2186 4546 2412 4601 Deserta
2439 4546 2632 4601 deinde
2654 4545 2778 4615 jure
2798 4544 3010 4600 scandit
3032 4544 3202 4599 arduo
3229 4561 3244 4596 :

2186 4637 2301 4693 lluc
2333 4653 2508 4692 saevus
2529 4637 2702 4692 hostis
2729 4638 3005 4693 insecutus
3033 4635 3264 4705 principi

2185 4730 2347 4785 Jubet
2367 4731 2530 4784 beato
2556 4729 2712 4783 thura
2744 4739 2924 4783 sacret
2948 4728 3149 4798 impiis,

2187 4819 2291 4886 Qui
2318 4819 2586 4874 suasionis
2615 4828 2848 4889 temptor
2877 4833 3062 4874 ensem
3097 4815 3312 4872 subdita

2187 4907 2412 4964 Cervice
2442 4923 2662 4964 sumens
2683 4909 2835 4962 lactus
2860 4915 3007 4962 astra
3031 4903 3312 4976 competit.

2184 4999 2420 5054 Locatur
2437 4998 2552 5068 ejus
2576 5000 2707 5054 tedis
2735 4999 2874 5052 alma
2906 4997 3128 5061 nomini,

2191 5093 2306 5162 Qua
2333 5095 2474 5149 dona
2496 5088 2695 5150 Christi
2723 5094 2929 5147 honore
2953 5091 3157 5163 fulgent
3181 5087 3457 5161 martyris.

1946 5251 2176 5306 CAPUT
2215 5249 2307 5304 XI.

1545 5356 1622 5409 De
1651 5358 1842 5413 sanctis
1869 5361 2182 5418 m.:r!uribus
2223 5356 2436 5413 Joanne
2460 5368 2507 5411 et
2537 5355 2731 5410 Paulo.
