3908 5426
519 248 605 303 DE
637 245 910 303 CHRISTI
952 243 1326 301 TRIUMPIIIS
1362 241 1548 297 APUD
1586 240 1866 296 ITALIAM
1909 242 2155 297 GESTIS
2197 242 2374 296 LIBRI
2419 242 2557 297 XIV.
2582 273 2652 282 -—
2677 240 2800 294 LIB.
2835 240 2923 294 IX.

1692 361 1739 420 Α
1768 357 1877 412 Aut
1899 357 2188 412 obstinatis
2219 357 2357 412 colla
2389 373 2578 411 mucro
2608 365 2849 410 transeat
2868 396 2883 421 ,

1772 448 1851 504 Ne
1889 465 2017 520 rege
2050 449 2198 520 digni
2231 449 2321 519 qui
2353 450 2544 504 nutriti
2573 449 2719 516 regia

1770 543 2084 614 Vulgarium
2107 543 2384 598 «edantur
2411 543 2514 597 acti
2547 543 2845 597 obtutibus.

1775 653 1794 686 ι
1832 635 2089 690 Dominus
2116 643 2239 689 tuus
2269 635 2312 690 si
2334 633 2579 688 Julianus
2605 634 2923 705 (inquiunt),

1771 725 1976 780 Ilabeto
2007 741 2197 794 pacem
2225 725 2338 795 jam
2372 734 2462 778 tuo
2489 741 2611 778 cum
2640 726 2910 794 principe'

1770 816 1935 873 Nobis
1957 825 2014 869 at
2033 815 2172 870 alius
2202 832 2306 871 non
2334 815 2462 881 erit,
2489 815 2650 870 Pater
2673 816 2799 880 nisi,

1770 911 2049 976 Natusque
2071 911 2237 974 solus,
2273 921 2495 966 sanctus
2524 921 2686 980 atque
2713 909 2969 980 Spiritus.
3009 929 3028 963 ι

1772 1003 1822 1058 Is
1851 1019 2012 1073 quem
2049 1003 2363 1058 renuntiare
2392 1017 2499 1057 non
2525 1011 2609 1058 est
2633 1003 2879 1064 territus,

1773 1093 1910 1149 lluic
1941 1104 1994 1148 et
2025 1093 2119 1147 Dei
2151 1092 2424 1164 projectus
2453 1109 2482 1147 a
2513 1093 2896 1163 conspectibus

1775 1185 2098 1240 Perditionis
2125 1194 2230 1240 stat
2253 1200 2449 1254 parare
2479 1185 2796 1255 complices,

1777 1279 1984 1334 Suasor
2013 1278 2124 1332 alto
2143 1279 2448 1349 procubans
2479 1278 2780 1333 certamine

1773 1371 1999 1440 Aperire
2031 1379 2229 1424 terram
2262 1369 2434 1432 saevit,
2467 1377 2521 1423 et
2550 1368 2892 1422 venientibus

1775 1461 1946 1516 Ferus
1969 1459 2213 1529 sepulcra
2242 1461 2489 1530 providet
2520 1458 2839 1521 domestica,

1777 1552 1896 1607 Mox
1921 1561 1976 1606 et
2003 1552 2228 1606 resectis
2254 1552 2389 1605 colla
2419 1551 2719 1620 submergit
2747 1549 2939 1602 scrobe

1778 1640 2254 1712 Vulgansjubente
2274 1641 2417 1710 quod
2450 1640 2701 1695 esulares
2730 1640 2965 1693 Caesare.

1702 1719 1749 1778 Β
1780 1732 1951 1799 Quam
1980 1742 2103 1802 post
2128 1732 2419 1802 procellam
2453 1733 2565 1803 jam
2593 1748 2787 1786 sereno
2816 1732 3024 1787 reddito

1775 1826 1955 1880 Multa:
1978 1825 2202 1881 subacto
2231 1826 2458 1880 vindicis
2482 1833 2667 1894 strage
2699 1825 2885 1894 impio,

1775 1919 2100 1973 Sanctorum
2129 1933 2357 1988 agonem
2384 1917 2706 1971 conﬁtentes
2733 1917 3003 1968 dmmones

1771 2010 2030 2066 Possessa
2064 2017 2211 2064 tacto
2242 2025 2370 2063 vasa
2395 2008 2648 2076 linquunt
2681 2006 2886 2060 limine.

1772 2101 2086 2158 Tercntiani
2117 2101 2222 2155 huc
2248 2109 2370 2154 acta
2395 2099 2577 2170 proles
2603 2098 2822 2153 ﬂamine

1771 2193 1985 2249 Clamat
2010 2193 2186 2247 beatis
2215 2207 2334 2247 sese
2365 2193 2520 2246 aduri
2550 2190 2832 2244 fratribus.

1775 2285 1939 2340 Pater
1961 2284 2180 2354 periclis
2200 2284 2454 2338 incitatus
2481 2281 2597 2345 ﬁlii,

1774 2379 1830 2433 In
1856 2394 1952 2434 ora
1981 2379 2184 2448 lapsus,
2214 2377 2472 2446 praedicat
2494 2374 2728 2445 piacula,

1776 2469 1920 2524 Petit
1943 2471 2179 2534 lavacra,
2208 2469 2443 2523 luctibus
2473 2469 2565 2522 dat
2586 2469 2855 2536 lacrymas

1777 2559 1997 2614 Piorum
2027 2561 2095 2614 ad
2123 2576 2314 2614 urnam
2343 2559 2572 2614 solvitur
2595 2559 2722 2612 dum
2753 2555 2894 2609 ﬁlius

1777 2650 1906 2704 Tam
1935 2651 2204 2720 passionis
2233 2660 2383 2722 gesta
2413 2666 2531 2720 quae
2555 2655 2844 2718 peregerat

1774 2743 2141 2801 Conlessionis
2165 2743 2282 2798 dira
2307 2758 2544 2814 purgans
2569 2738 2825 2810 lacrymis

1773 2833 1953 2890 Certis
1990 2843 2145 2890 arata
2172 2834 2478 2906 propalavit
2501 2832 2731 2902 paginis.

130 257 209 311 761

129 389 143 421 ι
178 365 462 436 Iniquitatis
488 360 777 432 (inquiunt)
805 373 969 415 causa
1007 368 1108 413 tua:

125 456 478 514 Commuuioue
504 453 728 524 publica:
751 452 827 506 rei
855 450 1132 504 absumus.

124 549 222 603 Jam
259 557 307 601 te
337 546 625 601 salutatum
660 543 741 598 ire
773 559 880 598 non
907 543 1173 596 exibimus
1196 583 1212 607 ,

124 640 238 695 Nam
257 637 445 694 Christi
473 635 674 689 alumni
699 635 928 688 veritate
953 633 1216 703 degimus.

122 763 181 775 —
203 729 647 787 Considerandum
677 735 781 791 est,
816 726 900 780 bis
928 725 1093 779 refert
1122 732 1392 793 aposata,

124 823 237 879 Aula
265 822 490 877 nutritus
519 820 629 890 regi
661 820 852 874 adesse
875 818 1021 886 regia

125 917 300 970 Debere
323 913 542 982 primos,
573 920 633 964 ut
659 910 831 965 colam
854 909 1064 979 palatii.

125 1006 416 1061 Contemnar
441 1014 622 1057 autem
649 1021 660 1055 :
688 1018 874 1072 quaero
903 1017 973 1055 ne
999 999 1161 1055 temni
1182 1015 1397 1070 queam.
1424 1019 1442 1051 ι

123 1099 347 1152 Fratres:
376 1114 394 1148 ‹
421 1094 540 1150 Tibi
571 1096 708 1149 hanc
735 1095 976 1150 {eratnus
1004 1095 1143 1149 haud
1176 1095 1450 1164 injuriam,

123 1189 393 1244 llortalium
424 1203 584 1256 quem
618 1187 966 1258 praeferamus
1005 1195 1065 1239 ut
1095 1186 1220 1251 tibi;

124 1279 255 1342 lei,
283 1293 342 1332 ac
363 1278 484 1342 sali,
513 1277 724 1332 telluris
749 1285 909 1347 atque
946 1276 1251 1346 praesulem,

125 1369 206 1433 Qui
233 1367 352 1421 fecit
374 1381 600 1436 usquam
627 1367 887 1436 quidquid
919 1376 999 1420 est
1026 1366 1411 1436 praeponimus.

124 1457 442 1527 Hominisque
466 1458 786 1529 temporalis
812 1458 935 1511 inde
965 1458 1188 1528 gloriam

122 1553 362 1622 Fugimus,
390 1553 612 1622 superni
638 1554 780 1624 regis
811 1555 902 1608 ira:
927 1554 1136 1623 providi

125 1641 340 1714 'l‘eneque
367 1646 504 1700 scire
538 1661 638 1699 nec
669 1645 902 1699 salutatu
941 1656 1031 1700 tuo

128 1732 311 1786 Cultum
344 1748 440 1786 nos
465 1731 749 1801 adirejam
776 1735 999 1803 palatia.

126 1852 176 1861 —
197 1822 370 1877 Decem
395 1823 705 1893 (tyrannus)
733 1841 826 1878 vos
847 1825 1036 1878 diebus
1059 1825 1221 1879 edere

125 1910 334 1965 Concedo
362 1923 596 1967 mentem
625 1914 898 1970 cautionis
928 1915 1168 1980 tramite,

126 2001 384 2058 Sodalitate
407 2013 466 2058 ut
493 2017 690 2075 sponte
717 2017 902 2062 nostra
933 2009 1180 2073 utamini,

125 2097 211 2150 Aut
231 2097 458 2165 publicos
487 2098 736 2168 plectens
776 2110 834 2154 ut
864 2102 1049 2155 hostes
1079 2102 1266 2171 punio.
1287 2119 1306 2152 ι

125 2185 256 2242 Viros
276 2187 405 2242 beati
438 2200 554 2242 tum
584 2189 772 2245 lideles
797 2193 1082 2255 advocant,

124 2277 210 2333 Res
227 2281 528 2336 ordinantes
553 2298 686 2351 quas
711 2282 901 2352 reliqui
931 2296 1236 2352 praecavere

126 2369 236 2426 Toto
256 2383 494 2428 vacantes
526 2373 718 2442 copias
744 2377 1029 2445 egentibus

126 2461 422 2519 Induciarum
457 2466 745 2535 largiendo
774 2476 1035 2537 tempore.

126 2551 319 2610 Posthac
342 2556 704 2612 Terentianus
741 2560 839 2613 IlOS
863 2559 964 2614 sub
986 2559 1202 2628 propria

128 2646 324 2701 Adortus
352 2648 463 2704 aede
491 2657 619 2703 vota
655 2649 849 2704 dantes
881 2652 1117 2720 repperit
1144 2667 1156 2702 :

128 2735 164 2789 Δ
185 2749 294 2806 rege
314 2737 483 2793 fassus
503 2755 731 2794 aureum
758 2741 896 2796 mitti
919 2739 1109 2795 Jovem

127 2814 206 2883 Cat
227 2829 367 2884 thura
397 2831 654 2902 ﬂagrent,
681 2833 766 2888 his
787 2834 838 2888 ei
864 2833 1164 2901 litantibus,

1529 3007 1757 3065 CAPUT
1790 3010 1904 3064 XII.

1149 3094 1224 3148 De
1246 3097 1441 3152 sanctis
1468 3099 1749 3167 Januario,
1785 3104 2054 3168 Gordiano
2079 3111 2128 3156 et
2162 3116 2338 3156 socm.
2411 3112 2418 3117 '

184 3201 348 3258 Plures
365 3202 525 3257 beata
559 3201 951 3271 tergiversator
974 3219 1108 3260 nece
1696 3201 1740 3262 C

303 3294 498 3349 Christi
527 3295 770 3350 sacravit
795 3295 1007 3368 defuga.

185 3385 301 3438 Dum
324 3387 519 3440 crescit
539 3395 699 3440 atrox
727 3385 806 3440 ira
841 3389 967 3442 victi
995 3387 1248 3459 publicis,

304 3475 466 3545 Legat
495 3476 618 3546 pios
639 3477 929 3543 custodiis;

185 3566 296 3620 Diro
314 3568 639 3636 prehensum
655 3567 780 3635 jure
805 3569 1123 3626 Ianuarium

306 3657 454 3712 Tunc
478 3658 759 3714 Gordiano
781 3659 1003 3731 deputat
1027 3679 1042 3716 :

183 3745 250 3802 I’ii
269 3751 514 3806 sacerdos
555 3751 700 3820 regis
727 3751 900 3807 almus
924 3753 1103 3825 impiae

305 3839 469 3894 Datur
499 3839 634 3896 ferae
660 3841 885 3898 vicario.

183 3924 290 3995 Qui,
310 3927 434 3984 dum
459 3932 707 3987 modesto
733 3935 896 3989 verba
926 3936 1088 3992 corde
1114 3937 1365 4010 percipit,

308 4019 454 4076 Fidei
481 4023 726 4092 repletur
748 4025 988 4096 Spiritu;
1389 4025 1394 4029 ’

183 4111 348 4168 L'xore
367 4113 563 4183 juncta
589 4118 666 4172 sic
692 4117 898 4174 Marina
931 4122 1150 4178 nomine

307 4205 425 4260 Mox
455 4206 610 4262 fonte
636 4209 760 4264 divo
785 4211 1040 4282 tingitur;

182 4292 372 4350 Famuli
397 4306 647 4367 petentes
670 4315 826 4356 sacra
851 4304 1004 4358 denis
1031 4304 1324 4375 quinquies

307 4391 566 4450 Dominos
596 4406 894 4465 sequuntur
920 4401 1171 4470 amplius.

182 4477 297 4546 Qua:
318 4493 466 4554 gesta
499 4501 642 4541 saevo
669 4489 792 4542 dum
823 4490 1076 4545 feruntur
1097 4491 1326 4562 arbitro,

308 4573 537 4644 Scriptis
565 4587 850 4649 utrumque
876 4583 1127 4650 perculit,

180 4659 238 4716 Et
263 4662 594 4724 Gordianum
617 4671 910 4743 subrogato
929 4675 1116 4745 judice

1982 3218 2154 3272 Antro
2185 3215 2414 3271 retrudit
2447 3213 2693 3285 publico;

1845 3307 2320 3378 Castamjugalem
2347 3306 2479 3361 dans
2508 3320 2677 3374 aquas
2701 3304 2769 3358 ad
2795 3300 3006 3358 Salviae

1987 3398 2206 3454 Servire
2231 3398 2449 3452 mandat
2477 3396 2715 3452 rusticis.

1847 3489 2250 3545 Clementianus
2277 3487 2609 3543 Gordianum
2635 3487 2856 3542 sedibus

1988 3577 2240 3633 Vinctum
2268 3579 2478 3632 catenis
2507 3577 2765 3646 applicat,

1990 3759 2217 3814 Plumbo
2243 3775 2433 3814 severe
2460 3759 2707 3823 exeditur,

1850 3849 2252 3906 Confessionem
2276 3865 2375 3905 nec
2393 3849 2703 3918 relinquens
2729 3847 3000 3910 cmlicam,

1993 3944 2218 4000 Cervice
2243 3943 2409 3998 cmlos
2435 3943 2662 3997 obtinet.
2753 3963 2762 3974 ι

1850 4036 2085 4092 Canibus
2109 4038 2336 4091 cadaver
2363 4035 2546 4106 judice
2569 4044 2750 4091 actum
2781 4032 3018 4104 pessimo

1989 4127 2184 4184 Custos
2215 4128 2346 4199 tegit
2378 4143 2482 4182 non
2511 4127 2806 4191 dormiens,

1849 4219 2002 4287 Quod
2032 4219 2316 4274 christiani
2345 4227 2503 4275 nocte
2530 4217 2787 4272 milliario

1990 4311 2072 4367 Ab
2102 4313 2235 4368 urbe
2268 4321 2481 4381 raptmn
2514 4310 2804 4374 collocant,

1849 4401 2064 4457 Pridem
2097 4403 2241 4458 beati
2271 4403 2528 4474 martyris
2558 4417 2664 4473 quo
2694 4401 2919 4474 pignora

1991 4496 2228 4551 Collecta
2264 4504 2420 4550 erant
2447 4495 2752 4564 Epimachi,

1853 4588 2082 4658 Diesque
2114 4587 2252 4643 festo
2275 4586 2394 4641 laeta
2424 4594 2548 4641 voto
2575 4599 2859 4656 compares

1992 4679 2204 4735 Attollit
2225 4695 2330 4734 una
2359 4686 2647 4749 martyres.

1518 4875 1745 4933 CAPUT
1787 4874 1923 4930 XIII.

1440 5005 1528 5062 De
1542 5017 1724 5064 sancta
1755 5003 2052 5078 Pigmemo.

125 5123 231 5182 Hec
253 5127 361 5184 fera
386 5131 625 5198 crudelis
647 5135 853 5190 rabiem
879 5150 1092 5206 quoque
1122 5137 1383 5210 sanguine
1408 5139 1570 5216 tingit

125 5217 361 5290 Doctoris,
393 5225 496 5280 sub
527 5225 640 5297 lege
664 5229 758 5284 Dei
781 5245 894 5299 quo
921 5229 1062 5285 fotus
1092 5231 1336 5296 alumno,

124 5303 376 5426 :igrnenii,
414 5315 599 5372 Romae
627 5320 762 5374 tituli
791 5320 885 5390 qui
916 5319 1202 5392 Presbyter
1223 5320 1427 5387 almus;

1783 5229 2076 5287 Persarum
2105 5228 2242 5299 petit
2266 5228 2355 5284 ille
2381 5228 2579 5297 solum,
2614 5245 2722 5301 quo
2746 5225 2866 5278 luce
2895 5232 3185 5286 moratus,

1849 3668 1974 3736 Qui,
2005 3668 2160 3723 laude
2183 3667 2389 3723 Christi
2415 3667 2574 3722 fortis
2601 3677 2763 3737 atque
2789 3662 3082 3720 immobilis
3102 3703 3120 3729 ,

1783 5137 1922 5196 Nam
1945 5137 2109 5211 pudet
2129 5135 2354 5193 altorem
2383 5137 2564 5206 primo
2590 5153 2719 5195 mox
2749 5144 3001 5192 sternere
3025 5135 3206 5206 jussu.

1782 5320 2043 5392 Corporis
2071 5320 2318 5386 orhatur,
2342 5322 2543 5377 mentis
2563 5323 2660 5378 sed
2691 5314 2896 5372 lumine
2931 5317 3183 5384 polLens.

3243 237 3348 293 γοα
3365 303 3370 306 _

3219 5418 3378 5426 nn-..__
