3908 5426
502 381 610 441 763
1245 377 1644 437 FLODOARDl
1672 373 1995 435 CANONICI
2037 372 2390 430 REMENSIS
2419 372 2785 431 OPUSCULA
2816 370 3142 427 METRICA.
3653 362 3742 417 Ἱϐῑ

498 500 617 557 Diis
639 506 823 571 grates
852 496 1071 553 inflatus
1097 496 1209 569 agit
1237 505 1530 568 pompante
1559 504 1794 558 tumore,

499 591 867 660 Incensusque
895 590 1255 644 Aclnerontaeo
1283 587 1598 642 ﬂammante
1624 585 1832 641 furore

502 681 843 753 Praecipitem
867 679 1017 752 vergi
1049 678 1354 752 Tyberinas
1386 677 1609 733 mandat
1636 678 1692 733 in
1721 678 1912 732 undas.

2122 495 2166 554 Α
2200 489 2350 544 Mens
2386 489 2472 559 pia
2498 488 2576 544 sic
2603 490 2772 543 cmlos
2804 487 2998 558 repetit
3022 498 3167 540 terra
3197 481 3569 551 editaterram

2194 581 2427 652 Pignora
2441 596 2669 653 quasque
2685 579 2877 635 Abdon
2900 576 3103 632 tumulo
3124 575 3449 644 Seunenque
3470 577 3754 642 capessunt.

1981 818 2211 876 CAPUT
2252 816 2392 873 XIV.

1556 915 1635 970 De
1662 924 1846 971 sancto
1880 912 2132 970 Herculio
2159 909 2408 965 Ililarino
2429 914 2478 960 et
2506 902 2687 958 sociis.

508 1040 755 1096 Donatus
778 1036 953 1092 lector
981 1032 1286 1090 studiorum
1319 1031 1371 1086 in
1402 1044 1572 1101 agone
1595 1029 1796 1086 sodalis

509 1132 580 1188 Et
609 1126 1014 1199 condiscipulus
1044 1132 1236 1182 sancto
1262 1124 1367 1180 hoc
1389 1124 1490 1179 sub
1510 1131 1665 1192 patre
1694 1120 1939 1194 tyranni,

509 1222 655 1277 Ense
684 1219 821 1274 truci
853 1217 1066 1289 genitor
1087 1214 1431 1288 genitrixque
1452 1213 1541 1268 ubi
1573 1213 1753 1268 sidera
1783 1219 2028 1275 sumunt,

512 1310 697 1383 Fugit.
720 1308 1107 1378 Aricinamque
1136 1314 1322 1376 petens
1353 1303 1714 1375 apprenderat
1744 1303 1957 1358 urbem.

518 1404 786 1472 Dumque,
816 1400 906 1471 pio
935 1398 1157 1470 junctus
1178 1395 1442 1461 llilarino,
1471 1405 1630 1451 nocte
1661 1394 1855 1464 dieque

517 1493 658 1550 Vota
686 1493 798 1548 Deo
822 1490 1030 1563 legans,
1051 1487 1255 1560 jcjunia
1286 1488 1480 1544 crebra
1509 1486 1868 1557 frequentat,

515 1582 747 1639 Gentilis
775 1580 989 1637 Surana
1016 1579 1188 1637 oculis
1215 1595 1279 1637 ac
1307 1579 1473 1635 corde
1501 1577 1743 1634 tenebris

518 1677 707 1734 Obsita
736 1692 861 1733 cum
888 1676 1073 1748 genito
1099 1674 1295 1731 cellam
1324 1671 1628 1746 perrumpit
1655 1671 1894 1743 Opimam

518 1772 805 1842 Quamque
830 1769 937 1826 fide
964 1769 1228 1825 imbutam
1263 1767 1429 1823 Satiri
1452 1766 1583 1822 dant
1612 1763 1860 1836 przesulis
1883 1762 1963 1819 ori
1980 1796 2019 1827 ,.

522 1863 808 1920 Nascentis
838 1861 993 1918 laetus
1019 1859 1147 1917 fidei
1172 1860 1265 1932 qui
1295 1858 1500 1914 lumina
1522 1872 1753 1914 cernens

520 1955 703 2025 Atque
730 1956 841 2011 Deo
865 1951 1340 2026 grates_referens,
1370 1949 1577 2021 jejunia
1609 1949 1854 2014 mandat,

523 2045 653 2102 Fert
684 2045 896 2100 cineres
915 2052 1167 2111 stratum,
1193 2043 1286 2099 dat
1306 2042 1443 2098 dura
1474 2041 1653 2097 cilicia
1684 2041 1967 2105 amictum,

522 2118 751 2191 Instruit
774 2143 938 2205 atque
967 2133 1113 2189 lavat
1137 2174 1153 2199 ,
1189 2149 1312 2189 cum
1339 2148 1445 2203 qua
1476 2131 1623 2188 subit
1657 2130 1852 2186 unicus
1872 2129 2045 2183 undas

526 2228 842 2295 Herculius;
869 2228 1051 2283 lumen
1084 2242 1209 2282 mox
1237 2226 1391 2282 frons
1422 2223 1712 2281 tenebrosa
1744 2220 1973 2278 resumit

524 2322 594 2378 Et
622 2321 902 2378 Christum
924 2336 1113 2376 verum
1136 2321 1262 2377 vitae
1289 2319 1533 2388 lucisque
1555 2324 1832 2389 potentem

526 2414 817 2470 Exclamat
842 2412 1037 2469 mulier
1067 2453 1082 2480 ,
1106 2412 1346 2469 sobolem
1383 2412 1590 2467 radiata
1614 2424 1935 2467 reaoscens.

529 2505 683 2573 Quod
711 2506 877 2562 certis
897 2506 1119 2576 capiens
1145 2503 1457 2560 rumoribus
1494 2501 1864 2574 Apronianus,

528 2594 741 2653 Donato
768 2596 1057 2663 attonitum
1093 2596 1214 2651 diro
1241 2595 1540 2667 Spiramine
1559 2604 1784 2665 gnatum

533 2686 742 2754 Defert,
770 2688 863 2758 qui
891 2687 1058 2743 sociis
1084 2686 1330 2742 Hilarino
1358 2702 1423 2742 ac
1452 2685 1683 2757 praesule
1701 2684 1931 2755 junctis,

532 2779 739 2835 insistit
764 2781 1045 2851 precibus;
1071 2780 1225 2850 pulso
1252 2781 1332 2837 sic
1355 2779 1574 2836 flamine
1599 2780 1763 2845 votis,

535 2868 863 2924 Incolumem
894 2885 1143 2940 puerum,
1177 2871 1449 2943 gaudente
1476 2881 1725 2941 parente,
1748 2870 2029 2926 reformat.

534 2958 771 3016 Assidue
796 2960 925 3017 hinc
947 2962 1205 3032 gradibus
1230 2962 1405 3016 virtus
1434 2971 1490 3017 et
1513 2961 1685 3031 gloria
1712 2961 1910 3017 cressit

535 3051 764 3108 Accedit
791 3053 1014 3124 quidam
1037 3052 1347 3121 Eustasius,
1381 3053 1585 3109 fiscalia
1616 3052 1774 3124 cujus

542 3142 776 3206 Munera.
790 3153 849 3200 ut
870 3146 1157 3201 abdiderat
1181 3157 1363 3213 teme,
1386 3145 1697 3218 defungitur
1719 3160 1874 3200 uxor.

539 3235 636 3292 llle
663 3252 883 3307 gravem
913 3237 1153 3294 tolerans
1182 3246 1337 3294 torvo
1357 3247 1616 3295 exactore
1645 3238 1908 3301 furorem,

543 3328 735 3383 Donati
770 3330 906 3401 petit
931 3330 1188 3385 auxilium
1212 3331 1306 3400 qui
1329 3331 1495 3386 corde
1519 3329 1664 3384 fideli

541 3417 862 3475 Praesidium
896 3428 1155 3487 tractans,
1187 3436 1443 3492 superum
1466 3421 1613 3477 subit
1635 3419 1852 3492 aggeris
1877 3426 2095 3474 antrum

541 3508 751 3568 Nomen
777 3520 833 3569 et
855 3511 1157 3570 inclamans
1182 3510 1386 3571 functa:
1409 3528 1508 3569 uer
1538 3513 1762 3568 numina
1789 3510 1997 3567 Christi

2199 1022 2450 1091 Adjurat,
2473 1016 2654 1075 crucis
2679 1012 2978 1084 adjungens
3001 1009 3054 1065 in
3082 1008 3268 1080 stipite
3290 1004 3407 1070 fixi,

2207 1118 2347 1186 Quid
2372 1113 2578 1170 factum
2602 1109 2770 1174 dicat,
2798 1121 2903 1177 qua
2929 1111 3083 1174 rapta
3105 1101 3334 1173 pecunia
3365 1097 3503 1153 ﬁsci.

2205 1208 2363 1265 Iussa
2397 1203 2565 1260 refert
2595 1201 2703 1256 imo
2733 1196 2899 1253 verba
2935 1192 3223 1250 Eufrasina
3250 1187 3519 1261 sepulcro,

2207 1298 2374 1354 Tecta
2404 1294 2597 1351 domus
2624 1291 2775 1346 aditu
2809 1288 2977 1342 latrat
3001 1298 3123 1356 qua:
3151 1297 3283 1355 gaza
3310 1287 3572 1351 rogatur;

2206 1390 2308 1447 {Es
2334 1397 2522 1445 notum
2545 1382 2808 1455 egeritur,
2838 1379 3017 1451 pergit
3042 1377 3129 1432 vir
3164 1373 3313 1429 fasce
3344 1371 3575 1425 levatus.

2206 1486 2328 1542 Jam
2357 1480 2535 1553 dignis
2568 1476 2751 1534 Satiro
2774 1471 2982 1528 meritis
3010 1469 3078 1524 ad
3104 1482 3271 1539 regna
3297 1471 3513 1527 vocato,

2211 1577 2457 1632 Donatus
2480 1569 2653 1627 sacris
2676 1567 2793 1638 ejus
2821 1565 2939 1619 vice
2963 1561 3207 1631 fungitur
3233 1557 3366 1612 aris.

2211 1667 2314 1735 Qui
2343 1665 2471 1720 dum
2495 1663 2638 1725 diva,
2671 1658 2759 1714 die
2783 1655 3040 1727 quadam,
3073 1649 3332 1723 mysteria
3365 1650 3588 1709 tractat,

2214 1753 2509 1828 Sanguinis
2532 1760 2590 1807 et
2618 1747 2800 1819 superi
2823 1743 3037 1817 pupulis
3062 1743 3152 1796 dat
3181 1740 3320 1796 dona
3353 1735 3625 1825 minister,

2217 1849 2425 1920 lmpete
2451 1840 2639 1915 gentili
2666 1832 2932 1908 impulsus
2956 1832 3085 1897 ruit,
3117 1839 3281 1900 atque
3311 1831 3587 1920 sacratum

2218 1911 2557 2000 Coinmirinit
2580 1933 2836 1993 calicem;
2873 1935 3053 1983 motus
3075 1939 3198 1979 eum
3224 1920 3382 1991 plebe
3408 1911 3655 1971 sacerdos

2119 2025 2123 2031 ’
2218 2032 2487 2103 Augitur;
2525 2039 2781 2096 angorem
2812 2016 3017 2076 Christi
3045 2015 3139 2070 sed
3160 2013 3352 2067 dextra
3381 2012 3623 2067 serenat;

2218 2099 2386 2182 Lecta
2414 2118 2665 2190 equidem
2695 2114 3056 2169 d'erectantur
3086 2106 3393 2177 fragmenta
3427 2099 3613 2159 beato;

2218 2216 2316 2272 Ille
2341 2181 2568 2269 madens
2590 2204 2851 2284 lacrymis
2875 2210 3225 2268 sumeusque,
3249 2192 3341 2248 ubi
3365 2196 3490 2284 rota
3511 2181 3761 2258 profundit,

2224 2309 2286 2363 In
2310 2304 2551 2377 priscam
2577 2281 2801 2355 revocat
2826 2292 3059 2349 solidato
3082 2285 3350 2359 fragmine
3379 2281 3624 2337 formam.

2146 2381 2193 2441 Β
2223 2374 2513 2454 Barbaries
2536 2388 2785 2465 perculsa
2809 2384 2935 2441 novi
2964 2377 3272 2455 spectacula
3306 2374 3438 2430 facti

2226 2490 2534 2562 Aspiciens,
2562 2482 2786 2539 laudare
2817 2479 2985 2535 Deum
3010 2489 3136 2530 cum
3165 2471 3326 2545 plebe
3351 2480 3553 2525 canora

2229 2583 2447 2655 Incipit,
2477 2589 2640 2651 atque
2665 2577 2861 2633 animae
2882 2570 3024 2629 ‘citra
3053 2565 3331 2638 octoginta
3353 2562 3615 2617 dicantur.

2230 2676 2414 2732 Multis
2441 2680 2703 2745 praeterea
2734 2666 2904 2738 signis
2934 2661 3113 2719 divina
3143 2665 3390 2730 potestas

2235 2769 2502 2823 Donatum
2536 2762 2816 2817 illustrans
2848 2753 3005 2811 testis
3030 2748 3267 2808 sustollit
3292 2748 3538 2802 honore:

2239 2860 2447 2915 Tentus
2468 2855 2637 2920 enim,
2670 2841 2985 2923 pariterque
3008 2841 3306 2907 llilarinus,
3344 2836 3475 2893 Saxa
3495 2831 3685 2903 jubetur

2243 2951 2425 3006 Thure
2451 2958 2647 3017 rogare
2677 2944 2825 3006 dato,
2850 2937 3023 3009 jussis
3048 2934 3135 2990 cui
3163 2932 3268 2987 rite
3299 2928 3482 2984 reniso

2236 3046 2311 3102 Os
2340 3040 2533 3098 teritur
2561 3039 2743 3102 saxis;
2775 3032 3056 3090 Hilarinus
3085 3026 3327 3083 fustibus
3359 3029 3513 3076 actus

2239 3138 2521 3207 Temptam
2545 3130 2741 3201 linquit
2761 3129 3009 3189 humum,
3022 3119 3307 3192 quaesitam
3325 3109 3550 3186 percipit
3564 3105 3759 3207 aethram.

2241 3205 2393 3285 Ostia
2416 3222 2660 3280 membra
2691 3220 2857 3290 rapit,
2878 3219 3145 3273 Donatum
3170 3209 3411 3273 claustra
3440 3205 3686 3290 receptant

2240 3320 2340 3376 llic
2366 3330 2584 3390 quoque
2607 3315 2764 3387 plura
2792 3312 2937 3366 Deus
2964 3322 3062 3380 per
3091 3318 3253 3375 quem
3282 3295 3545 3390 magnalia
3566 3289 3761 3348 Christus

2238 3384 2598 3484 Dum-populo
2608 3384 2908 3478 plaudente
2931 3398 3090 3473 gerit,
3118 3395 3238 3450 diro
3260 3384 3392 3448 ense
3414 3392 3655 3484 resectum

2238 3478 2435 3559 Educit
2464 3478 2726 3564 tenebris,
2752 3507 2897 3551 vera:
2924 3489 3072 3561 capit
3094 3484 3303 3543 aethere
3327 3478 3482 3536 lucis.

1967 3644 2198 3702 CAPUT
2235 3638 2355 3696 XV.

1504 3757 1583 3813 De
1603 3756 1799 3813 sanctis
1822 3756 2029 3825 Prisco,
2066 3750 2405 3836 Priscilliano
2429 3755 2479 3803 et
2502 3744 2724 3801 caneris.

544 3875 660 3933 Hac
684 3881 882 3946 praeter
906 3872 1042 3930 istos
1065 3872 1208 3929 nube
1233 3869 1388 3928 multi
1417 3850 1640 3927 emlicos

548 3968 751 4025 Petunt
776 3968 1017 4023 honores
1046 3964 1354 4022 abdicando
1380 3973 1610 4020 terreos.

548 4061 774 4118 Priscus
807 4058 1062 4127 sacerdos
1091 4073 1223 4114 ense
1252 4056 1465 4113 scandit
1489 4057 1722 4121 aethera;

552 4152 927 4210 Priscillianus
953 4167 1114 4222 quem
1143 4161 1363 4207 secutus
1386 4149 1619 4205 clericus

558 4244 794 4301 Parilem
818 4257 1080 4300 coronam
1107 4251 1257 4298 sorte
1285 4240 1453 4297 sumit
1483 4238 1745 4310 compari.

557 4333 854 4388 Benedicta
880 4342 1098 4388 sectans
1124 4332 1225 4387 hos
1251 4332 1444 4402 pudica
1476 4330 1680 4384 femina

568 4422 727 4479 Subit
753 4423 965 4494 piorum
993 4436 1160 4493 regna
1191 4435 1289 4492 per
1311 4421 1558 4491 vestigia,

555 4515 795 4574 Faustus
816 4503 1159 4584 triumphans
1188 4522 1403 4583 sceptra
1431 4512 1542 4583 regi
1560 4508 1843 4581 jungitur;

556 4605 743 4663 Fausti
767 4606 1015 4673 Dafrosa,
1048 4616 1170 4678 post
1193 4607 1394 4679 jugalis
1423 4607 1676 4679 gloriam,

556 4697 725 4753 Exsul
749 4706 940 4770 negata
967 4686 1286 4771 segregatur
1312 4700 1484 4768 patria

558 4787 801 4859 Poloque
830 4791 899 4846 ab
928 4804 1060 4846 ense
1088 4790 1241 4862 pulsa
1273 4789 1435 4845 terris
1466 4789 1741 4855 sumitur;

559 4881 663 4948 Qui
691 4881 916 4937 Biviana
940 4881 1092 4952 prole
1114 4897 1236 4937 cum
1269 4881 1542 4936 Demetria

563 4972 793 5028 Florent'
812 4984 1086 5042 parentes,
1112 4973 1260 5029 clara
1290 4974 1435 5029 nacti
1466 4974 1692 5045 pignora
1721 4990 1735 5027 ε

2162 3850 2208 3912 C
2241 3855 2619 3918 Confessionis
2641 3851 2893 3909 enitescit
2920 3848 3116 3922 gloria,

2248 3951 2484 4007 Mentem
2510 3959 2746 4017 superna
2777 3941 2962 3998 condit
2992 3941 3134 3996 inter
3155 3935 3359 3994 sidera.

2245 4041 2432 4096 Funus
2463 4035 2701 4092 Joannes
2726 4032 2993 4104 gloriosus
3019 4029 3328 4103 presbyter,

2250 4130 2353 4187 Ubi
2389 4128 2504 4185 sole
2535 4126 2664 4183 bino
2688 4124 2846 4179 triste
2870 4123 2962 4177 dat
2988 4117 3380 4192 spectaculum,

2255 4220 2398 4276 Foro
2430 4216 2620 4288 rapina
2650 4204 2854 4285 colligit
2878 4209 3132 4268 laudabili

2251 4310 2368 4366 Piis
2394 4307 2646 4380 sepulcro
2669 4304 2931 4377 copulans
2957 4298 3295 4374 parentibus,

2248 4403 2457 4472 Quibus
2486 4399 2694 4456 sororis
2716 4396 2961 4453 membra
2983 4394 3095 4465 jam
3117 4392 3423 4463 jugaverat.

2249 4494 2423 4563 Quem
2451 4491 2720 4556 Julianus,
2759 4488 2887 4543 dum
2925 4500 3026 4542 nec
3056 4483 3245 4539 auditu
3271 4479 3461 4552 probat

2251 4587 2485 4659 Dignum
2517 4599 2638 4650 suo,
2664 4581 2974 4637 thbzeam
3005 4577 3075 4632 ad
3105 4590 3259 4629 aram
3289 4566 3519 4644 prmcipit

2250 4678 2475 4735 Cervice
2496 4675 2659 4747 plecti
2689 4692 2703 4729 :
2737 4687 2899 4744 quem
2924 4670 3054 4741 legit
3077 4664 3412 4723 Concordius

2252 4769 2377 4825 I‘ari
2410 4767 2669 4825 sacerdos
2693 4772 2844 4821 sorte
2867 4760 3080 4831 fulgens
3105 4755 3368 4828 praeditus

2264 4860 2605 4929 Sacrumque
2632 4855 2779 4911 cultu
2810 4851 3038 4908 honoris
3066 4860 3270 4904 ornans
3295 4838 3454 4900 debit'

2174 4970 2231 5033 ι)
2254 4951 2424 5007 Locat
2452 4950 2646 5005 beatos
2668 4954 2965 5018 martyrem
2992 4942 3134 4997 inter
3158 4945 3448 5009 martyres.
