3908 5426
153 375 246 434 769
674 376 763 432 DE
798 374 1075 433 CIIRIS’I‘I
1106 375 1483 434 TRIUMPIIIS
1517 376 1705 435 APUD
1730 375 2010 434 ITALIMI
2046 378 2222 435 LIBRI
2262 379 2401 451 XLV.
2433 413 2503 423 —
2533 380 2660 437 LIB.
2693 383 2760 439 Χ.
3318 385 3422 443 πο

152 494 392 561 Fingens,
422 495 796 568 instauratque
819 511 1003 559 novas,
1034 505 1354 567 reparatque
1380 494 1646 560 labantes,

152 587 253 642 Nec
278 588 456 643 minus
479 586 672 643 exsilio
699 587 864 642 trusis
890 588 1018 643 dare
1044 588 1323 643 commoda
1346 585 1547 642 sanctis

151 677 359 744 Insistit,
392 676 615 732 redimit
639 676 912 748 donatque
939 677 1090 733 exire
1121 676 1347 743 catenis,

1754 505 1801 559 Α
1831 496 1894 550 Et
1922 505 2080 566 p-irat
2109 495 2337 552 addictis
2364 497 2463 552 sibi
2492 498 2681 554 cmlica
2711 512 2870 571 regna
2897 497 3134 565 talentis,

1834 585 1998 655 Qneis
2028 587 2165 644 uitet
2193 587 2459 644 admissus
2490 589 2749 646 translato
2776 588 3010 645 culmine
3038 597 3271 646 mactus.

1611 846 1841 905 CAPUT
1880 845 1976 901 IX.

810 960 890 1017 De
912 961 1110 1017 sanctis
1154 959 1440 1015 Homisda
1468 977 1627 1032 papa,
1674 959 1938 1026 Germano
1978 966 2133 1027 atque
2173 952 2405 1025 Remigio
2434 951 2709 1023 episcopzs.

153 1075 273 1132 Hinc
299 1070 591 1130 Hormisda
620 1071 746 1128 colit
778 1070 1005 1136 clerum,
1034 1069 1314 1142 psallentia
1347 1070 1534 1136 tradit,

152 1166 352 1237 Templa
374 1166 542 1230 levat,
575 1163 698 1219 lites
727 1176 1054 1234 componere
1080 1177 1214 1233 pace
1244 1161 1479 1229 laborat,

151 1259 418 1315 Graiorum
447 1255 685 1311 tumidos
712 1255 877 1309 instat
903 1253 1094 1310 sedare
1118 1253 1405 1321 tumultus,

153 1351 269 1414 Nec,
288 1348 413 1419 quia
436 1346 715 1417 praecelsis
737 1353 955 1401 arcetur
974 1345 1231 1411 fascibus,
1261 1345 1372 1401 alto

151 1442 356 1497 Absistit
380 1450 589 1510 coepto;
625 1439 860 1495 monitus
887 1440 1085 1494 iterare
1107 1438 1367 1511 benignos

153 1533 285 1589 llaud
314 1533 511 1596 tardat,
540 1531 669 1587 licet
692 1532 934 1604 Augusto
964 1540 1246 1595 renuente,
1282 1541 1613 1601 sequestres.

152 1626 257 1694 Qui,
278 1625 429 1681 donis
460 1633 700 1690 tentans,
724 1638 825 1680 nec
849 1623 900 1677 vi
933 1638 1033 1679 nec
1058 1638 1281 1678 munere
1305 1632 1543 1694 prmstat.

152 1717 349 1784 Insuper
374 1715 595 1787 indigne
624 1714 792 1784 pulsis
818 1722 978 1785 negat
1006 1712 1235 1782 hospitis
1268 1712 1398 1777 alas,

153 1808 304 1875 Atque
327 1804 561 1875 superba
592 1804 777 1869 refert,
813 1813 1133 1875 sacrataque
1154 1804 1276 1875 jura
1308 1804 1538 1873 repellit.

153 1896 247 1950 Nec
273 1912 414 1950 mora
442 1897 741 1966 contempti
768 1897 1033 1967 persentit
1060 1895 1300 1950 numinis
1326 1896 1463 1950 iram
1487 1912 1503 1950 :

152 1985 271 2041 Ictus
290 1996 340 2039 et
361 1986 603 2042 :ethereo
629 1988 941 2042 submersus
965 1987 1020 2041 in
1055 1986 1240 2040 ultima
1276 1986 1403 2051 telo,

154 2076 352 2146 Dignum
385 2086 602 2145 sceptra
630 2058 800 2133 sacl‘is
822 2077 1067 2132 submitti
1097 2076 1286 2131 funere
1310 2077 1521 2146 pandit,

156 2168 302 2224 I‘lcxo’
315 2168 487 2239 justus
514 2184 587 2225 ac
612 2171 810 2241 injusto
836 2169 1079 2226 Justinus
1103 2170 1333 2239 adeptus

153 2257 428 2329 Imperium,
454 2260 605 2315 Petri
631 2262 779 2331 pacis
806 2262 942 2330 petit
970 2261 1152 2316 omine
1178 2260 1386 2326 sedem,

153 2346 346 2401 Foedera
372 2349 533 2421 digna
580 2351 670 2404 diu
702 2351 922 2405 monitis
944 2359 1174 2421 actuque
1198 2350 1482 2405 ferentem.

155 2434 264 2491 Vota
290 2438 428 2493 Patri
463 2442 710 2495 arrident
739 2460 752 2495 :
782 2441 1029 2512 legantur
1055 2441 1219 2510 ﬁgere
1245 2455 1433 2513 pacem

156 2525 335 2583 Sinceri
364 2528 566 2600 ﬁdique
594 2531 691 2585 viri
731 2532 929 2588 virtute
955 2532 1196 2602 probati;

155 2616 186 2670 C
203 2634 305 2687 quia
327 2619 655 2675 Germanum
689 2630 838 2677 tanto
864 2624 954 2678 dat
982 2638 1206 2677 munere
1230 2622 1469 2691 dignum.

158 2706 334 2778 Legatis
358 2709 494 2765 Petri
523 2711 606 2767 sic
630 2713 799 2782 gratia
832 2714 977 2768 celsa
1018 2712 1265 2784 refulget,

154 2799 387 2868 Augustus
418 2817 540 2857 cum
573 2805 927 2875 principibus,
957 2814 1253 2876 sanctaque
1277 2814 1519 2871 caterva,

162 2884 216 2940 Ut
241 2891 409 2958 procul
433 2908 731 2949 occurrens
754 2895 920 2964 regali
947 2911 1200 2966 egressus
1229 2897 1298 2950 ab
1326 2898 1462 2952 urbe

154 2977 362 3049 Excipiat
384 2985 578 3054 capitis
607 2986 828 3056 supplex
860 2988 945 3057 pia
982 2990 1223 3043 membra
1253 2990 1510 3059 supremi.

156 3066 410 3129 Tenentur
430 3078 673 3147 reprobi,
712 3080 945 3148 gaudent
974 3079 1173 3149 pietate
1201 3080 1437 3150 benigni,

155 3159 370 3221 Ecclesia}
394 3167 512 3221 cmli
530 3168 833 3239 junguntur
861 3168 1095 3225 culmina
1123 3184 1276 3240 pace,

1829 1070 2275 1135 Damnanturque
2301 1064 2404 1130 rei,
2431 1062 2567 1119 lucis
2593 1063 2853 1136 pacisque
2878 1064 3123 1124 rebelles.

1827 1158 2075 1213 Vincitur
2100 1154 2373 1227 impietas,
2403 1152 2601 1209 letbale
2628 1155 2964 1211 abscinditur
2990 1158 3165 1225 ulcus,

1826 1252 1912 1318 Et,
1940 1250 2091 1307 sanie
2120 1249 2363 1313 absecta,
2392 1246 2689 1327 laeto'stant
2715 1263 2944 1319 corpore
2970 1253 3229 1307 membra.

1825 1343 2036 1400 Gaudet
2060 1356 2191 1412 pace
2216 1340 2433 1405 Oriens,
2464 1349 2777 1410 reparatum
2803 1340 3000 1413 gaudet
3025 1351 3078 1399 et
3116 1343 3406 1414 Austrum;

1822 1435 2008 1491 Africa
2036 1434 2156 1490 lzeta
2185 1432 2329 1489 subit
2357 1430 2566 1487 sublata
2599 1447 2874 1490 resumere
2892 1432 3050 1502 jura;

1824 1527 1967 1584 Solis
1990 1528 2056 1583 ad
2086 1540 2340 1582 occasum
2367 1524 2591 1579 laudant
2615 1539 2647 1578 a
2673 1524 2888 1581 climate
2919 1526 3033 1582 Eoo

1825 1618 2032 1675 Salvati
2054 1618 2341 1676 Dominum
2366 1617 2518 1687 pueri
2545 1616 2686 1673 sacri
2715 1632 2812 1673 ore
2836 1618 3101 1690 magistri.

1822 1710 1992 1767 Gallia
2020 1712 2279 1767 doctrinm
2304 1724 2405 1766 nec
2428 1708 2662 1765 culmine
2684 1724 2838 1766 cassa
2868 1710 3081 1777 residit,

1820 1802 2070 1858 Exsultat
2094 1817 2215 1874 qua!
2241 1801 2485 1873 Remigio
2512 1799 2675 1856 rutilo
2694 1802 2913 1858 aetheris
2937 1810 3119 1858 astro:

1820 1896 1901 1951 Ac
1933 1905 2093 1951 terrae
2117 1894 2323 1948 cultore
2345 1893 2507 1958 bono,
2540 1890 2770 1948 feritatis
2798 1892 2980 1963 opimo

1819 1984 2052 2042 Vomere
2074 1985 2164 2055 qui
2195 1984 2316 2039 fidei
2342 1984 2537 2055 satagit
2563 1984 2692 2042 dum
2718 1984 2967 2040 scindere
2993 1984 3179 2051 corda,

1818 2074 2054 2130 Barbara
2083 2073 2380 2130 mirilleans
2404 2074 2588 2131 divino
2608 2075 2815 2131 semine
2835 2090 2978 2137 rura,

1816 2165 2006 2222 llessis
2034 2166 2238 2221 honore
2276 2180 2428 2222 novae
2453 2166 2799 2222 charismatis
2825 2166 2991 2222 ubere
3019 2177 3208 2223 macta:

1818 2256 2079 2311 l‘rimitiis
2112 2255 2309 2326 Cephze
2334 2256 2517 2313 studet
2540 2256 2739 2312 almam
2765 2273 2961 2313 ornare
2992 2260 3331 2326 cathedram,

1738 2364 1787 2423 Β
1818 2350 1950 2403 Dum
1977 2363 2071 2404 rex
2096 2351 2152 2404 in
2182 2349 2399 2406 Christo
2421 2348 2745 2415 Clodoveus,
2772 2350 2915 2406 Illius
2942 2348 3125 2419 hujus.

1819 2442 1950 2496 Auri
1976 2457 2041 2497 ac
2076 2457 2414 2514 gemmarum
2440 2445 2676 2515 pretiosa
2706 2445 2827 2502 luce
2857 2445 3133 2512 renidens,

1823 2532 2048 2604 Remigii
2074 2535 2238 2590 decus
2259 2536 2464 2591 obtenti
2489 2537 2800 2593 ductamine
2822 2538 2994 2607 regni,

1817 2627 2045 2699 Egregie
2068 2643 2266 2698 parens
2294 2629 2434 2699 patri
2471 2628 2696 2685 devotus
2727 2630 2999 2695 alumnus,

1817 2716 2043 2770 Primati
2070 2718 2271 2773 eximio
2296 2718 2499 2773 Christi
2530 2718 2619 2789 pia
2651 2734 2877 2775 munera
2909 2720 3110 2787 mittit;

1817 2807 1983 2863 Mittit
2009 2818 2064 2864 et
2088 2808 2328 2880 insignes
2351 2811 2468 2880 paci
2497 2808 2622 2864 data
2652 2810 2862 2866 Graecia
2888 2811 3093 2878 cultus;

1814 2898 2111 2970 Augustus,
2139 2916 2400 2973 regesque
2423 2900 2610 2957 colunt
2635 2904 2922 2960 ornatibus
2949 2903 3177 2969 urbem;

1814 2985 1976 3042 Clara
2004 2988 2081 3058 pii
2108 2990 2212 3044 sub
2243 2990 2448 3044 honore
2468 2988 2621 3045 Petri
2650 2991 2779 3045 dum
2804 2998 3093 3047 stemmata
3121 2990 3321 3061 legant,

1812 3077 1961 3149 Papa
1986 3079 2149 3135 etiam
2180 3095 2301 3135 cum
2325 3081 2489 3136 corda
2517 3089 2699 3152 parat,
2728 3089 2840 3137 tum
2866 3083 3062 3154 templa
3085 3092 3357 3149 venustat,

1814 3168 2016 3239 Sicque
2044 3171 2203 3226 datur
2231 3184 2357 3226 cum
2384 3179 2566 3226 mente
2591 3170 2741 3243 polo,
2763 3180 2879 3229 tum
2911 3187 3141 3245 corpore
3172 3172 3391 3243 templo.

1609 3346 1838 3403 CAPUT
1873 3345 1943 3401 Χ.

976 3435 1055 3490 De
1078 3435 1285 3491 Joanne
1311 3453 1450 3507 papa
1473 3478 1489 3505 ,
1521 3436 1857 3508 Symmacho,
1888 3437 2125 3491 Patricio
2154 3443 2309 3505 atque
2339 3431 2542 3489 Boetio.

152 3552 303 3606 Gratia
330 3569 530 3608 summa
561 3552 685 3607 dein
713 3552 901 3622 prima:
925 3552 1015 3605 dat
1037 3548 1158 3621 jura
1186 3549 1381 3605 Joanni

153 3645 300 3710 Sedis,
323 3655 374 3701 et
400 3647 616 3718 egregia
647 3645 832 3700 tribuit
862 3645 1151 3714 disponere
1179 3659 1334 3708 cura,

150 3738 404 3793 Ausoniam
436 3754 502 3794 ne
535 3754 727 3794 mucro
760 3745 932 3801 voret,
960 3751 1068 3806 quo
1097 3734 1303 3789 Graecia
1345 3734 1527 3788 aditur

151 3827 325 3898 Quique
349 3831 496 3886 decet
522 3830 667 3885 Petri
693 3830 928 3899 legatum
963 3829 1059 3882 hos
1090 3827 1291 3896 excipit
1312 3826 1475 3880 altus.

151 3919 360 3991 I‘ergeuti
390 3933 637 3978 sacratur
663 3937 858 3991 equus,
890 3931 1185 3989 vectorque
1217 3920 1381 3973 dicati

149 4012 365 4080 Corporis
395 4024 671 4070 assuetum
700 4013 968 4067 muliebre
996 4012 1192 4067 deinde
1226 4020 1473 4075 recusat,

147 4099 201 4152 At
225 4105 401 4170 gaudet
432 4106 644 4158 servire
668 4118 850 4166 sacro,
884 4103 1161 4171 geminare
1185 4101 1448 4155 laborem.

147 4188 358 4248 Culmina
389 4196 656 4251 celsorum
686 4194 829 4265 patri
859 4192 1168 4262 praestantis
1197 4192 1421 4247 honoris

148 4279 409 4341 Occurrunt
437 4289 737 4358 graduum:
760 4284 921 4341 caecis
954 4294 1011 4338 ut
1040 4284 1294 4339 sensibus
1322 4282 1465 4336 alma

148 4373 238 4429 Lux
262 4387 450 4446 pateat,
480 4379 662 4433 lumen
686 4387 916 4433 ccecatos
945 4378 1165 4430 innovat
1189 4375 1375 4440 orbes,

148 4466 294 4537 Atque
318 4470 400 4524 diu
431 4472 641 4527 clausas
667 4469 835 4526 intrat
866 4469 956 4523 lux
987 4468 1195 4524 reddita
1229 4477 1436 4539 portas,

147 4555 446 4633 Luciduaqne
472 4580 629 4618 manu
660 4572 831 4618 tactos
854 4560 990 4630 fugit
1014 4560 1205 4615 umbra
1238 4569 1469 4624 meatus,

150 4646 223 4733 Et,
247 4654 426 4733 populo
451 4655 705 4719 mirante,
738 4653 914 4724 palam
946 4666 1082 4705 nova
1118 4652 1319 4705 lumina
1350 4650 1574 4721 fulgent.

149 4722 401 4809 Sulq’icitur
432 4746 665 4811 culmen,
698 4745 869 4800 fastus
906 4742 1197 4799 flectuntur
1224 4758 1510 4805 enormes;

148 4827 422 4899 lmpcritans
457 4837 655 4892 mundo
688 4835 887 4907 Cephae
918 4835 1237 4889 incurvatur
1261 4834 1513 4898 alumno;

149 4919 228 4985 QUI
254 4926 394 4992 pctit,
421 4938 621 4991 oratur,
654 4926 883 4998 largitur
907 4935 963 4981 et
985 4925 1197 4981 obtinet
1227 4924 1388 4989 idem,

149 5009 364 5082 lmpetrat
394 5028 448 5076 et
475 5036 680 5089 pacem,
706 5019 1025 5092 prmceisum
1055 5026 1276 5088 praestat
1307 5017 1599 5085 honorem;

149 5100 413 5186 TWluetnr
443 5127 613 5170 saevus
636 5113 787 5169 furor
814 5112 922 5168 hoc
948 5112 1048 5166 sub
1074 5112 1281 5166 honore
1310 5108 1546 5177 piorum.

150 5192 228 5250 Dat
252 5203 469 5275 tenebris
491 5206 580 5275 qui
610 5206 729 5261 luce
752 5206 944 5266 nitent,
975 5203 1171 5273 quibus
1202 5200 1379 5255 uritur
1407 5200 1541 5268 urit,

147 5282 291 5396 ipsum
318 5274 471 5348 etiam
505 5274 711 5365 patrem
746 5297 847 5351 diri
873 5295 1120 5351 custodia
1146 5294 1313 5366 cingit
1339 5315 1354 5365 ;

1723 3538 1767 3598 (ἶ
1802 3554 1989 3611 Debita
2019 3560 2311 3624 perpetuas
2339 3550 2546 3605 crudeli
2580 3549 2766 3607 dautia
2792 3547 3059 3604 ﬂammas.

1797 3648 1919 3703 Jam
1951 3656 2133 3700 tamen
2163 3644 2429 3697 immanes
2457 3641 2681 3695 dederat
2711 3640 2829 3695 fera
2871 3639 3046 3694 bellua
3077 3639 3280 3704 clades,

1795 3741 2121 3813 lmpugnans
2149 3736 2294 3794 bello
2326 3736 2532 3790 fraudis
2558 3735 2645 3805 pia
2673 3735 2873 3789 moenia
2902 3735 3074 3804 pacis.

1796 3832 2157 3904 Symmachus
2185 3829 2415 3891 illuster,
2446 3842 2614 3899 gener
2638 3836 2803 3900 atque
2826 3827 3046 3884 Boetius
3072 3843 3204 3885 ense

1794 3924 2085 3978 Subierant
2113 3920 2266 3990 cujus
2286 3920 2539 3990 pretiosae
2567 3933 2791 3975 numera
2815 3919 3024 3988 palmae.

1791 4015 2028 4070 Patricio
2057 4015 2153 4070 sed
2179 4014 2495 4078 discinctus,
2527 4011 2849 4083 plantasque
2876 4019 3136 4078 retectus,

1789 4108 1964 4176 Atque
1993 4122 2186 4161 manus
2215 4107 2430 4161 vinctus
2458 4121 2596 4176 papa
2625 4106 2891 4174 religante
2915 4105 3146 4171 Joanne,

1788 4198 1996 4254 Inditus
2026 4197 2310 4267 ignivomte
2337 4195 2563 4252 Vulcani
2597 4198 2940 4269 immergitur
2965 4196 3104 4252 ollae.

1789 4290 2149 4361 Symmachus
2177 4289 2265 4345 hic
2289 4288 2479 4345 consul
2510 4291 2750 4361 genitam
2781 4291 3105 4362 cognomine
3129 4288 3334 4349 Gallam

1788 4383 2038 4440 Cultibus
2067 4384 2276 4439 enutrit
2305 4383 2534 4449 sanctis,
2565 4383 2652 4453 pia
2694 4383 2895 4438 lumina
2926 4383 3084 4449 fudit,

1788 4475 2008 4529 Tradita
2034 4490 2156 4546 quae
2185 4474 2441 4530 thalamis
2476 4490 2622 4530 anno
2650 4475 2868 4530 viduata
2897 4475 2998 4531 sub
3026 4475 3164 4544 ipso,

1786 4566 2035 4637 Disponit
2071 4567 2279 4622 servire
2310 4566 2443 4631 Deo,
2473 4583 2574 4622 nec
2600 4575 2848 4635 tempora
2877 4581 3080 4622 curans

1786 4656 1991 4710 Aitatis
2022 4665 2246 4720 tenera),
2279 4671 2378 4710 nec
2410 4670 2563 4723 opes,
2593 4655 2676 4707 vcl
2701 4654 2935 4707 culmina
2962 4654 3108 4708 smcli
3129 4695 3144 4718 ,

1786 4746 2079 4818 Sanguinis
2109 4744 2302 4816 igneoli
2331 4759 2431 4799 nec
2458 4742 2602 4797 foeda
2630 4751 2816 4797 notata
2850 4756 3165 4812 pavescens,

1784 4839 2120 4904 Barbariem,
2161 4852 2263 4893 nec
2291 4837 2435 4891 ferre
2462 4836 2600 4906 pilos
2634 4836 2916 4891 muliebria
2949 4849 3176 4891 servans

1710 4903 1758 4961 D
1785 4931 1868 4987 Nil
1901 4938 2160 5002 reputans
2196 4927 2399 4983 ftedum
2428 4903 2647 4985 Christo
2675 4929 2778 4985 nisi
2812 4927 3002 4983 fallare
3035 4935 3269 4991 tantum,

1784 5020 2097 5091 Militiaeque
2133 5019 2240 5091 poli
2282 5028 2393 5075 toto
2418 5034 2476 5074 se
2500 5029 2723 5090 pectore
2749 5019 2973 5084 dedens,

1783 5112 1963 5169 Castis
1992 5128 2052 5169 se
2079 5110 2281 5168 subicit
2308 5111 2527 5175 castris,
2560 5110 2850 5168 immobilis
2885 5124 3060 5167 annos

1784 5203 2122 5260 Continuaus
2152 5201 2355 5272 plures,
2384 5202 2743 5272 manibusque
2779 5209 2834 5256 et
2865 5209 3046 5255 mente
3078 5198 3332 5268 benigna,

1783 5293 2015 5368 Prodiga
2044 5294 2372 5368 pauperibus
2395 5293 2539 5349 votis
2565 5294 2768 5350 insistit
2797 5291 3081 5346 honestis:
