3908 5426
172 323 283 378 7ἳό
758 323 844 377 DE
882 322 1154 378 CHRISTI
1191 317 1565 377 TRIUMPHIS
1603 317 1791 374 APUD
1830 317 2109 373 ITALIAM
2147 319 2330 375 LIBRI
2369 321 2505 375 XIV.
2542 351 2611 362 —-
2642 321 2767 377 LIB.
2807 321 2871 375 Χ.
3336 322 3440 376 77/.

171 438 244 490 Et
270 435 447 489 ﬂexus
480 444 698 490 revocat
728 450 946 505 papam,
981 434 1340 505 precibusque
1366 439 1647 502 petentum

172 525 376 579 Reddit
403 525 684 591 collatum,
714 525 953 595 clerique
981 526 1248 580 levamine
1274 524 1485 577 fultum.
1538 586 1541 589 ἰ

172 613 265 668 Ille
288 613 635 684 Syracusiam
659 616 821 670 sociis
855 616 1143 671 comitatus
1172 616 1225 669 in
1256 614 1444 668 urbem

1783 439 1834 497 Α
1863 432 2187 498 Deveniens,
2225 433 2485 504 languore
2510 436 2658 506 gravi
2688 435 2833 491 subit
2863 436 3046 490 ultima
3083 434 3199 489 fati.

1867 523 2097 593 Pignora
2126 524 2354 595 depositi
2396 536 2642 596 repetens
2664 528 2792 582 urbs
2824 526 2991 581 Roma
3020 536 3284 597 receptat.

1580 740 1806 797 CAPUT
1845 739 1978 796 XIII.

824 852 902 906 De
954 853 1151 908 duobus
1221 852 1471 925 Pelagiis,
1537 853 1746 908 Joanne
1791 869 1991 924 quoque
2017 863 2063 906 et
2119 848 2394 906 Benedicto
2416 850 2685 923 episcopis.

169 966 448 1037 Pelagius,
483 968 696 1023 modico
724 968 946 1022 Patrum
975 970 1288 1023 moderante
1316 979 1507 1024 senatu

168 1060 449 1113 PI‘IPmlSSi
479 1059 693 1113 mulcta:
719 1069 1004 1128 suspectus
1033 1060 1260 1115 crimine
1290 1075 1459 1130 papae,

168 1150 501 1206 Provehitur
526 1152 714 1215 sacris,
748 1168 912 1221 seque
937 1151 1198 1222 approbat
1230 1154 1361 1207 urbe
1384 1161 1570 1208 coacta

164 1241 499 1308 lnnocuum,
522 1251 705 1296 monet
744 1257 807 1297 ac
837 1251 1024 1297 censet
1051 1258 1120 1298 ne
1148 1251 1292 1297 sorte
1320 1243 1498 1297 lucelli

168 1330 303 1398 Quis
326 1342 483 1402 petat
502 1333 755 1387 Ecclesiae
781 1333 1016 1399 culmen,
1046 1332 1128 1388 vel
1166 1342 1344 1404 captet
1377 1334 1661 1390 honorem.

166 1421 415 1478 Ornatus
446 1438 707 1493 reparans
732 1425 865 1489 aris,
891 1424 1201 1480 fundamina
1229 1425 1441 1495 templis

166 1511 431 1577 Instituit,
462 1511 719 1583 Petrique
743 1529 934 1568 urnam
964 1515 1065 1569 sub
1087 1523 1226 1570 tecta
1256 1517 1511 1585 capessit.

168 1603 499 1659 Sanctorum
529 1606 773 1675 sequitur
800 1614 1112 1662 restaurans
1141 1608 1297 1663 busta
1327 1606 1584 1675 Joannes,

167 1694 302 1761 Qua:
336 1711 476 1765 puro
503 1696 631 1750 colit
659 1694 873 1763 all‘ectu,
898 1706 1190 1751 veneratur
1210 1699 1433 1763 honore,

170 1784 445 1853 lmpensis
481 1795 664 1851 ornat,
688 1786 851 1852 dicat,
882 1796 936 1842 et
960 1802 1065 1842 non
1091 1788 1297 1857 integra
1327 1789 1556 1858 supplet.

168 1873 436 1930 Hostibus
456 1877 953 1946 oppressis,patrias
975 1878 1264 1948 tranquilla
1293 1877 1545 1933 feruntur

168 1963 423 2035 Ingratse,
457 1981 577 2036 qua:
600 1966 801 2037 pellere
821 1982 977 2037 opem
1000 1978 1222 2024 ventosa
1253 1968 1483 2025 laborat.

1863 969 1913 1023 Is
1936 978 2124 1024 contra
2150 968 2385 1024 retinere
2406 969 2620 1037 ducem,
2655 971 2884 1025 tutarier
2915 971 3125 1038 urbem,

1864 1062 2023 1117 Pacis
2049 1070 2104 1115 et
2124 1076 2293 1130 usque
2324 1062 2423 1132 piae
2450 1076 2548 1130 pro
2574 1078 2799 1119 munere
2821 1065 2888 1119 ad
2920 1064 3109 1119 ultima
3134 1076 3323 1121 certat.

1866 1155 1985 1211 Mox
2009 1156 2169 1212 famis
2198 1166 2252 1211 et
2286 1158 2445 1229 gladii
2470 1157 2746 1213 Benedicti
2782 1168 3023 1229 tempora
3055 1172 3336 1230 quassant,

1869 1248 2269 1319 Ausoniamque
2298 1258 2478 1304 terunt
2499 1251 2727 1315 gemina:
2756 1250 3074 1306 discrimina
3099 1266 3273 1322 ptenze
3306 1269 3318 1305 :

1868 1343 1953 1408 At,
1980 1343 2271 1399 miserante
2299 1344 2433 1409 Deo,
2462 1343 2614 1399 Nilus
2639 1344 2826 1401 solatia
2853 1346 3015 1416 legat.

1864 1430 2112 1503 Pelagius
2134 1434 2278 1489 hunc
2312 1436 2556 1505 sequitur
2588 1435 2773 1507 pelago
2798 1437 2965 1493 moris
2996 1438 3178 1494 obitur
3198 1442 3366 1515 (I88);

1866 1522 2153 1595 lnsurgunt
2188 1526 2435 1596 equidem
2458 1527 2640 1582 nimiae
2666 1543 2786 1583 cum
2811 1528 3052 1584 cladibus
3080 1532 3266 1597 undae;

1866 1611 2003 1668 llinc
2036 1614 2192 1669 saevis
2218 1615 2397 1685 agitur
2417 1616 2607 1686 gladiis
2635 1617 2784 1683 urbs,
2810 1618 2935 1672 inde
2972 1617 3245 1686 procellis,

1864 1701 2124 1769 Diluvies,
2152 1704 2420 1774 primique
2444 1712 2627 1775 putata
2649 1705 2885 1776 pericula
2919 1707 3087 1772 sazcli,

1863 1792 2092 1849 Comere
2117 1810 2224 1865 quo
2243 1796 2413 1850 valuit
2441 1812 2540 1854 nec
2568 1798 2775 1853 dest‘ajt
2804 1800 2944 1853 alma
2975 1801 3200 1867 decore;

1790 1877 1838 1937 Β
1866 1882 1963 1937 llic
1992 1894 2147 1954 pater
2169 1895 2331 1956 atque
2362 1886 2509 1943 Petri
2537 1896 2764 1960 argento
2791 1889 3094 1945 circumdat
3121 1900 3178 1946 et
3206 1907 3339 1948 auro

1870 1971 2192 2044 Relliquias,
2232 1978 2461 2049 aliisque
2491 1988 2646 2049 parat
2666 1980 2756 2050 pia
2783 1980 2941 2036 xenia
2972 1982 3205 2051 templis.

1574 2104 1805 2161 CAPUT
1866 2108 2007 2166 XIV.

1216 2210 1293 2264 De
1320 2223 1498 2267 animo
1535 2212 1783 2285 Gregorio
1810 2228 1858 2273 et
1890 2221 2128 2291 afﬁnibus
2155 2222 2289 2290 ejus.

167 2342 373 2412 Inclyta
403 2340 652 2413 Gregorii
678 2340 913 2396 subeunt
933 2340 1059 2397 hinc
1085 2341 1342 2404 culmina,
1370 2344 1541 2398 caulis

168 2433 537 2502 Excubiisque
566 2433 744 2503 gregis
770 2440 952 2486 custos
973 2431 1063 2501 qui
1091 2432 1317 2503 pervigil
1346 2433 1576 2498 instans,

168 2528 319 2581 Actis
348 2535 516 2595 atque
539 2527 678 2580 orsis
700 2525 810 2594 agit
842 2525 908 2578 ad
927 2524 1169 2579 cmlestia
1194 2535 1398 2594 pastos.

165 2617 203 2670 Α
229 2631 407 2685 puero
431 2614 643 2683 justus,
662 2615 927 2677 renitens,
955 2621 1008 2669 et
1060 2615 1323 2684 sanguine
1354 2614 1534 2670 clarus
1560 2636 1571 2670 :

167 2706 451 2775 Approbat
482 2706 584 2760 hoc
613 2715 805 2759 atavus
831 2704 1003 2770 Felix,
1036 2705 1339 2774 amitaeqna:
1368 2707 1540 2761 beata:

165 2796 425 2862 Tarsilla,
455 2796 718 2850 Emiliana
748 2810 930 2860 soror,
954 2810 1096 2864 quas,
1136 2806 1315 2850 mente
1351 2796 1562 2861 dicatae,

165 2888 494 2959 Augmentis
525 2902 744 2941 crevere
769 2886 871 2956 piis
898 2887 950 2940 in
979 2901 1168 2941 amore
1199 2887 1485 2953 Tonantis,

165 2978 411 3049 Corpore
432 2979 561 3032 dum
583 2978 741 3032 terris
770 2978 1045 3047 degentes,
1070 2986 1286 3046 pectora
1314 2977 1466 3033 caelis

170 3069 505 3132 Intulerant;
530 3068 686 3123 titulo
711 3083 938 3138 quarum
965 3066 1192 3122 Tarsilla
1224 3068 1431 3136 priore,

170 3163 301 3229 Quae
324 3166 581 3216 comebat
602 3160 723 3223 iter,
756 3159 937 3214 Felice
957 3169 1208 3224 vocante,
1238 3175 1472 3229 superna

166 3252 311 3308 Luce
343 3254 567 3306 domum
598 3251 812 3305 rutilam
837 3251 986 3321 prior
1018 3250 1247 3319 accipit;
1279 3251 1485 3306 arbiter
1514 3252 1663 3308 orbis

168 3344 359 3400 Visere
392 3344 720 3414 migrantem
750 3358 914 3411 quam
950 3357 1058 3397 non
1084 3343 1380 3398 contemnit
1404 3342 1575 3408 Iesus,

166 3435 336 3502 Quem
358 3435 538 3491 solum
563 3434 693 3497 llaec
720 3434 939 3503 capiens
965 3442 1202 3491 astantes
1223 3435 1414 3490 cedere
1445 3435 1687 3497 mandat,

167 3526 319 3581 Hunc
342 3541 516 3595 super
544 3533 692 3580 astra
721 3539 985 3594 sequens,
1016 3525 1310 3579 vincimina
1340 3532 1514 3580 terrea
1538 3524 1753 3580 transit.

172 3616 477 3673 Nectareus
510 3624 740 3671 testatur
767 3617 900 3671 odor
929 3616 1143 3671 venisse
1178 3616 1391 3687 piarum

165 3706 429 3762 Latorern
462 3706 677 3776 dapium
705 3704 939 3774 paradisi
969 3720 1193 3759 munere
1216 3704 1454 3774 plenum,

165 3800 265 3865 Qui
292 3800 448 3870 digni
478 3798 809 3870 fragrantem
834 3798 1014 3867 operis
1041 3798 1330 3867 spargebat
1356 3798 1614 3865 odorem;

165 3892 297 3945 Acta
329 3906 467 3945 caro
492 3890 605 3958 ipsa
632 3898 784 3944 notat
813 3889 1028 3953 cubitis,
1055 3888 1391 3958 genibusque
1421 3889 1659 3944 retectis.

166 3980 416 4035 Luminis
443 3980 584 4034 baud
606 3979 827 4049 longum
865 3978 1098 4033 invitans
1124 3977 1193 4031 ad
1221 3976 1355 4031 festa
1381 3992 1646 4044 sororem,

166 4068 443 4124 Terrenas
467 4076 707 4124 removet
736 4082 917 4133 curas,
944 4067 1218 4123 consortia
1243 4068 1504 4137 spondet,

165 4159 347 4215 Lattos
378 4160 546 4229 inque
573 4160 790 4225 choros,
815 4160 1044 4229 caelique
1076 4161 1127 4214 in
1157 4160 1352 4231 gaudia
1382 4159 1551 4214 ducit.

166 4251 416 4306 Stemma
438 4265 606 4320 nepos
633 4253 846 4322 generis
869 4252 1146 4307 decoravit
1168 4252 1410 4307 moribus
1431 4252 1607 4319 almis,

164 4344 377 4399 Extulit
403 4344 657 4415 ingeniis,
686 4344 878 4400 studiis
911 4346 1129 4401 excudit
1151 4346 1367 4416 opimis.

164 4435 494 4507 Gregorium
517 4433 773 4505 juvenem
804 4446 1047 4492 materna
1074 4437 1346 4509 legumina
1371 4437 1606 4505 alebant,

164 4526 273 4582 Nec
313 4526 523 4581 mollita
548 4525 703 4591 focis,
731 4527 891 4582 modo
921 4543 1109 4598 sparsa
1132 4528 1458 4598 liquentibus
1482 4530 1657 4584 undis.

165 4621 450 4688 Quemque
481 4618 878 4673 Cbaraxantem
903 4620 1069 4675 coeles
1098 4620 1384 4675 simulatus
1415 4630 1665 4690 egentem

164 4711 464 4780 Naufragio
490 4726 759 4780 pressum,
794 4710 1124 4781 aggreditur,
1149 4709 1403 4782 sull‘ragia
1431 4726 1683 4781 poscens,

165 4804 260 4857 Cui
307 4812 601 4873 postquam
632 4802 821 4857 loculis
848 4810 931 4857 ter
961 4818 1090 4857 sena
1123 4803 1447 4857 numismata
1470 4804 1678 4871 pendit,

164 4891 393 4947 Instanti
425 4901 481 4947 et
502 4892 754 4962 precibus
783 4892 885 4948 sibi
922 4892 1088 4949 multa
1120 4894 1324 4962 perisse
1346 4894 1615 4963 querenti,

167 4984 464 5041 Scutellam
488 4983 705 5047 matris,
736 4984 1086 5054 gerulamque
1107 4984 1393 5056 leguminis
1419 4982 1603 5051 addit;

164 5077 310 5143 Post,
342 5079 471 5143 dum
504 5077 834 5147 pauperibus
864 5078 946 5132 bis
968 5092 1063 5132 sex
1093 5079 1317 5134 obsonia
1337 5075 1465 5131 ferri

162 5168 413 5238 Praacipit
434 5165 733 5236 applicitis,
763 5168 933 5222 cernit
963 5182 1222 5236 superare
1245 5167 1516 5231 sedentes,

166 5260 398 5314 Mnudali
428 5273 726 5312 numerum
754 5259 936 5327 nequit
956 5268 1238 5327 aspectare
1266 5257 1530 5320 minister,

164 5349 262 5414 Qui
285 5356 544 5418 superest
558 5344 728 5414 jussis
748 5350 1025 5404 convivam
1050 5365 1271 5407 cernere
1289 5350 1437 5406 solus

1866 2352 2161 2407 Personam
2186 2368 2490 2424 nomenque
2519 2365 2703 2428 rogat;
2730 2367 2890 2428 negat
2918 2358 3007 2413 ille
3041 2368 3230 2415 notare

1862 2440 2105 2497 Nominis
2132 2443 2407 2509 indicium,
2441 2445 2677 2513 prodens
2715 2446 2765 2500 id
2788 2461 3035 2516 premere
3071 2450 3269 2504 mirum

1863 2528 1933 2583 Se
1960 2528 2211 2582 eductum
2233 2528 2349 2582 {ore
2374 2529 2656 2600 naufragio
2686 2531 2771 2586 cui
2799 2547 3029 2587 munera
3060 2534 3205 2589 vasis

1860 2617 2183 2683 Contulerit,
2216 2619 2317 2673 sibi
2341 2618 2551 2688 legarat
2576 2622 2718 2689 quod
2742 2620 2907 2676 Silvia
2936 2631 3134 2688 mater,

1862 2707 2025 2777 quue
2056 2707 2254 2763 habeat
2278 2717 2489 2763 certum
2522 2711 2680 2765 sedes
2710 2726 2769 2766 se
2792 2713 3033 2783 regmina
3060 2713 3207 2770 Petri

1863 2794 2219 2868 Sumpturum
2239 2838 2254 2864 ,
2278 2799 2356 2854 sic
2382 2793 2704 2869 dispositum
2730 2804 3102 2877 moderamine
3124 2822 3336 2864 summo

1785 2920 1829 2984 ρ
1862 2886 2175 2984 Caelicolam
2210 2902 2425 2957 quoque
2453 2892 2743 2984 sepandit,
2767 2892 3123 2965 perbibetque
3148 2913 3405 2967 pavorem

1859 2977 2112 3044 Attoniti,
2156 2995 2462 3036 memorans
2491 2979 2607 3049 ejus
2633 2998 2691 3039 se
2717 2984 2786 3039 ad
2819 2984 3001 3040 munia
3020 2986 3254 3043 missum

1858 3068 2169 3135 Custodem,
2186 3078 2348 3138 atque
2362 3086 2581 3141 precum
2593 3076 2839 3143 gerulum
2852 3089 3015 3145 super
3029 3084 3177 3131 astra
3194 3094 3440 3135 suarum.

1857 3160 2091 3216 Lubrica
2123 3161 2202 3215 sic
2225 3162 2409 3216 mundi
2439 3164 2825 3220 transcendens
2849 3167 3042 3236 gaudia
3066 3171 3296 3225 summis

1860 3249 2071 3304 Attollit
2100 3259 2335 3305 mentem
2359 3251 2549 3318 radiis,
2574 3252 2685 3308 sola
2712 3262 2956 3312 temnere
2976 3268 3278 3329 promptus,

1861 3337 2044 3393 Solum
2069 3341 2260 3395 ardere
2284 3341 2472 3407 Deum,
2514 3343 2725 3399 meritis
2748 3348 3032 3415 acquirere
3054 3349 3270 3417 cmlum,

1864 3427 2038 3499 thue
2064 3438 2218 3499 patet
2241 3430 2343 3486 sibi
2366 3432 2650 3487 missarum
2681 3437 2963 3504 percensio
3001 3454 3204 3505 rerum,

1860 3517 2115 3573 Notilicat
2143 3520 2272 3588 quid
2300 3530 2479 3575 mente
2505 3532 2677 3592 gerat,
2701 3540 3039 3596 quaecunque
3073 3528 3317 3585 latebant

1860 3610 2035 3667 Corde
2058 3613 2256 3683 aperit;
2288 3629 2409 3683 quae
2440 3630 2579 3669 vana
2612 3626 2756 3672 tenet
2783 3620 2988 3688 pietate
3010 3624 3260 3691 remittit,

1860 3702 2107 3758 Cultibus
2137 3713 2298 3774 atque
2325 3706 2499 3759 sacris
2536 3707 2753 3773 subicit,
2784 3709 3013 3781 largitur
3039 3714 3245 3783 egenis,

1857 3790 2084 3863 Ipseque
2116 3792 2290 3848 factus
2310 3810 2474 3865 egens
2502 3794 2777 3852 Christum
2800 3810 3042 3856 sectatur
3069 3818 3332 3877 egenum;

1858 3886 2171 3959 Militiaeque
2198 3888 2385 3945 locans
2410 3899 2535 3960 apto
2557 3890 2679 3946 οωιί
2705 3892 2896 3949 ordine
2922 3903 3149 3961 turmas,

1858 3980 2123 4049 Disponit,
2158 3980 2323 4046 fovet,
2346 3992 2582 4047 exercet,
2607 3984 2941 4051 moderatur,
2972 3988 3234 4055 adornat;

1856 4068 2002 4123 Inter
2023 4078 2078 4124 et
2105 4078 2319 4124 exertos
2348 4080 2566 4126 exertus
2593 4072 2770 4129 vibrat
2796 4090 3046 4147 agonem,

1857 4159 2116 4231 Tegmine
2138 4177 2263 4216 nam
2290 4162 2491 4218 trabea:
2511 4164 2687 4234 posito
2716 4168 3052 4239 gemmisque
3077 4173 3341 4241 coruscis,

1777 4265 1829 4325 ι)
1853 4252 2099 4324 Paupere
2127 4252 2438 4325 squalentes
2468 4255 2655 4311 habitu
2678 4272 2785 4312 non
2810 4259 3000 4315 horret
3024 4262 3284 4329 amictus;

1853 4345 2191 4415 Pauperibus
2225 4346 2429 4402 Christi
2468 4348 2597 4418 quin
2640 4366 2845 4421 pauper
2872 4360 2926 4406 et
2954 4352 3081 4423 ipse
3114 4356 3432 4414 ministrat:

1856 4435 2125 4491 Virtutum
2151 4436 2406 4507 locuples,
2432 4438 2696 4508 sapientia
2722 4441 2806 4495 cui
2830 4442 2982 4511 prior
3011 4458 3165 4510 auro,

1853 4528 2097 4583 Culmina
2124 4529 2381 4583 virtutum
2409 4529 2647 4599 lapidum
2682 4531 2892 4599 potiora
2920 4534 3121 4601 nitore,

1852 4620 2041 4677 Gratia
2071 4620 2305 4676 celestis
2333 4635 2552 4686 census,
2594 4621 2918 4691 habitusque
2942 4623 3167 4691 decore;

1853 4713 2043 4770 Omnia
2080 4715 2162 4769 cui
2189 4723 2401 4769 terrena
2417 4713 2626 4782 jacent,
2657 4715 2894 4771 ctelestia
2923 4728 3106 4774 mente

1853 4805 1977 4859 Sola
2000 4806 2207 4870 nitent;
2250 4804 2393 4859 inter
2420 4822 2540 4876 qua:
2575 4807 2781 4864 lumine
2806 4823 3001 4864 carnea
3045 4818 3269 4867 tranans

1853 4896 2133 4962 Versatur,
2164 4907 2364 4953 metam
2395 4898 2671 4968 aﬂectans,
2702 4910 2756 4956 et
2781 4902 3002 4973 prtemia
3031 4917 3304 4975 quaerens,

1855 4990 1938 5045 Nil
1968 5000 2239 5046 terrenum
2268 5001 2481 5062 aptans,
2515 4994 2589 5049 nil
2609 4994 2720 5063 jam
2744 4994 2964 5051 carnale
2987 4997 3301 5068 requirens,

1854 5081 1938 5137 Nil
1971 5081 2053 5135 vel
2078 5081 2283 5136 habens
2315 5082 2400 5137 vel
2424 5083 2627 5140 habere
2650 5085 2836 5141 sinens
2859 5100 2954 5141 sua
2977 5098 3131 5156 septa
3159 5082 3454 5158 colentcs‘;

1856 5173 2009 5230 Unde
2038 5187 2139 5226 nec
2175 5172 2432 5229 immunis
2465 5176 2671 5246 proprii
2700 5177 2747 5231 si
2776 5180 2917 5232 forte
2938 5185 3190 5245 repertus

1855 5262 1986 5330 Quis
2009 5271 2253 5317 servator
2283 5264 2414 5329 abit,
2439 5267 2593 5322 docet
2619 5267 2672 5322 id
2694 5267 3073 5336 paradigmate
3100 5266 3291 5321 Justus

1853 5352 2053 5422 lnjnste
2078 5360 2258 5409 custos
2280 5356 2461 5410 oneris
2485 5358 2815 5414 malecautus
2835 5357 3003 5410 avari.
