3908 5426
554 394 656 454 775

1269 392 1657 453 FLODOARDI
1694 392 2018 451 CANONlCl
2057 393 2402 454 REMENSIS
2431 395 2794 457 OPUSCULA
2817 397 3154 457 METRICA.‘
3692 402 3774 458 776

553 514 721 581 Quem
752 516 913 580 pater
942 516 1161 563 austero
1196 508 1466 564 medicum
1508 506 1866 563 medicamine
1907 521 2126 591 curans,
2155 510 2205 571 Λ
2235 507 2487 565 Proxima
2528 523 2677 565 mors
2708 525 2814 566 non
2852 513 3016 566 corda
3054 509 3247 581 quatit,
3296 511 3425 582 quin
3463 511 3680 581 proripit
3704 516 3774 572 in-

552 604 789 674 Corpora
810 600 1053 656 curantis
1080 609 1312 656 mentem
1334 615 1431 670 per
1458 599 1691 665 tormina
1719 608 1907 664 sanat;

552 695 795 764 Dumque
824 692 877 747 in
908 700 1082 747 morte
1110 690 1258 757 ferit,
1289 691 1474 761 plures
1496 706 1526 743 a
1553 699 1723 744 morte
1749 688 1979 754 reducit,

550 791 685 845 Dum
715 788 781 843 de
803 795 977 841 morte
1006 785 1149 839 levat
1178 799 1375 839 munus
1398 782 1559 837 vitale
1587 781 1843 853 resignat.

549 877 661 933 Nec
682 876 941 932 Dominus
970 883 1174 929 tantam
1208 873 1413 942 patitur
1438 872 1666 926 latuisse
1692 868 1975 933 medelam,
2050 852 2075 872 ⁶

546 968 924 1038 Germanoque
944 966 1118 1036 aperit
1139 963 1357 1019 functus
1393 963 1655 1018 solamina
1680 962 1820 1016 vivo.

544 1060 651 1117 Sed
680 1075 781 1115 nec
800 1057 1117 1114 dissimilem
1146 1056 1231 1111 cui
1258 1063 1409 1110 terna
1438 1054 1766 1108 numismata
1786 1053 1958 1108 frater

544 1150 862 1206 Contulerat
885 1148 1051 1204 sentit
1085 1145 1361 1208 mulctam,
1395 1144 1688 1214 auxiliique
1713 1142 1976 1209 levamen,

544 1244 705 1297 Patre
728 1238 1038 1297 monasterii
1063 1237 1153 1309 qui
1178 1237 1423 1308 proditus
1450 1251 1544 1290 ore
1567 1234 1762 1304 ligatur

543 1332 786 1404 Gregorii
830 1340 1034 1401 raptus,
1061 1342 1160 1381 nec
1190 1326 1365 1381 adhuc
1389 1324 1682 1380 vincimine
1710 1322 1870 1387 liber,

543 1425 810 1487 Cernitur,
838 1420 1014 1475 abbati
1045 1431 1297 1487 promens
1324 1430 1382 1471 se
1406 1428 1627 1470 carcere
1657 1413 1923 1478 clausum,

543 1520 676 1575 Dum
709 1514 877 1585 patris
905 1527 1002 1568 ore
1031 1511 1156 1565 data
1187 1518 1270 1565 est
1298 1508 1477 1563 oratio
1502 1506 1620 1563 fusa
1647 1506 1919 1578 sepulcro.

542 1607 636 1662 llis
658 1603 847 1673 reliqui
873 1609 1146 1672 aptantur,
1176 1608 1373 1654 cuncto
1405 1612 1621 1668 quoque
1648 1596 1797 1652 fasce
1836 1596 2113 1663 levantur;

538 1697 911 1768 chitimoque
941 1691 1101 1748 simul
1130 1690 1328 1746 bellum
1355 1699 1509 1760 pater
1538 1688 1753 1759 agmine
1778 1696 2006 1755 tractat,

538 1790 607 1845 Et
629 1787 827 1843 multos
855 1783 926 1838 ad
956 1796 1118 1853 regna
1146 1779 1276 1850 poli,
1307 1793 1641 1850 superasque
1666 1792 1903 1834 coronas

539 1880 784 1950 Delegat;
816 1890 1046 1947 quorum
1088 1872 1309 1945 quidam
1338 1882 1563 1927 ventura
1590 1871 1933 1942 pmphetant,

537 1973 676 2027 Ante
704 1962 1022 2038 obitumque
1049 1965 1228 2021 sciunt
1251 1978 1360 2034 quo
1399 1972 1617 2019 sumant
1645 1963 1837 2019 ordine
1864 1962 2091 2034 palmas.

539 2061 742 2130 Aspicit
767 2062 882 2119 hazc
911 2066 1169 2128 certoque
1200 2056 1369 2111 refert
1404 2054 1696 2112 Gerontius
1722 2069 1857 2120 ore;

536 2155 823 2223 Accipiunt
844 2153 1063 2222 quidam
1092 2149 1406 2220 peccamina
1435 2148 1599 2202 missa
1637 2148 1836 2214 vocati,

536 2246 834 2315 Securique
858 2245 1120 2314 migrant;
1145 2240 1340 2310 probat
1362 2240 1464 2294 hoc
1487 2239 1753 2293 Antonius
1787 2246 1934 2303 actu,

536 2338 649 2392 lloc
686 2336 921 2391 Merulus
963 2333 1239 2404 lacrymis,
1278 2331 1638 2402 precibusque
1676 2339 1925 2387 assuetus
1967 2337 2115 2384 uter-

1913 2436 2041 2490 que,

533 2523 718 2577 Florea
746 2534 903 2590 quem
929 2516 1083 2573 caelis
1108 2514 1270 2587 capiti
1292 2514 1507 2584 delapsa
1540 2528 1765 2579 corona,

532 2614 832 2669 Jucuudnm
868 2617 1151 2678 tutumque
1180 2607 1289 2677 agit
1319 2607 1384 2661 ad
1421 2606 1659 2661 ccelestia
1699 2619 1883 2676 regna.

533 2706 749 2762 Visibus
768 2715 823 2760 et
850 2703 1003 2759 testis
1033 2700 1330 2771 fragrantia
1360 2700 1495 2754 mira
1519 2699 1749 2769 sepulcri

532 2798 750 2852 Solatur
779 2795 995 2866 juvenis
1025 2806 1243 2861 pressus
1273 2792 1533 2861 languore
1566 2790 1823 2855 Joannes,

531 2891 790 2961 Erigitur,
818 2888 1109 2956 iussusque
1133 2884 1200 2938 ad
1230 2881 1340 2937 fata
1371 2883 1669 2952 propinqua
1699 2882 1876 2951 parari

528 2986 808 3048 Cmuatur,
836 2994 1041 3037 memor
1060 2985 1144 3033 est
1154 2977 1314 3048 jussi,
1347 2976 1673 3047 geminoque
1696 2975 1796 3030 sub
1823 2989 1966 3030 anno

529 3081 801 3149 Praeparat
826 3088 1129 3148 egressum,
1154 3071 1469 3141 accitusque
1499 3071 1542 3125 it
1560 3079 1742 3126 certus
1769 3072 1835 3126 ab
1860 3087 2014 3126 urna.

529 3170 792 3240 Egregius
815 3166 971 3220 Pater
994 3166 1210 3220 hortatu
1235 3161 1482 3231 votisque
1506 3160 1737 3224 laborat,

530 3261 702 3314 Lucra
727 3259 811 3313 sui
835 3255 1111 3312 cumulare
1132 3253 1335 3323 gregis,
1360 3251 1515 3319 juvat
1546 3254 1691 3321 aptio
1719 3268 1927 3307 summa

529 3350 683 3403 Velle
707 3363 924 3418 parans,
954 3362 1016 3400 ac
1039 3360 1198 3416 posse
1226 3344 1428 3407 ferens,
1456 3358 1760 3414 cogensque
1784 3343 2033 3398 rebelles.

531 3444 715 3497 Sensit
738 3441 1056 3496 Theodorus
1081 3440 1195 3493 haec
1226 3438 1386 3500 dona,
1425 3451 1754 3507 manumque
1782 3435 2106 3502 trahentem,

530 3534 760 3589 Immitis
796 3549 931 3600 puer
958 3532 1165 3594 irrisor,
1198 3540 1493 3600 captorque
1523 3530 1753 3600 piorum,

531 3627 747 3698 Accipit
776 3638 831 3681 et
857 3625 1089 3680 subitam
1119 3621 1376 3678 sorbente
1406 3624 1640 3677 dracone
1668 3621 1921 3686 salutem,

528 3719 800 3775 Faucibus
827 3724 1107 3785 exemptus
1138 3728 1370 3769 renuens
1415 3712 1815 3782 prohibensque
1844 3709 2107 3783 chelydri,

531 3810 804 3879 Qucnrpia
827 3816 954 3862 vota
972 3804 1182 3876 fugant,
1202 3812 1570 3871 mentemque,
1586 3810 1875 3871 etpectora
1900 3809 2111 3855 mutant

529 3901 698 3970 inque
733 3897 814 3953 dei
846 3896 990 3951 cultu
1018 3900 1263 3949 statuunt
1289 3901 1346 3947 et
1373 3893 1439 3947 ad
1462 3892 1663 3946 aethera
1692 3891 1932 3945 mittunt.

529 3990 816 4045 Fructibus
839 3988 924 4042 bis
954 3986 1161 4056 pollens
1184 3984 1375 4039 ductor
1396 3984 1569 4037 bonus
1595 3991 1759 4053 atque
1785 3982 1993 4037 citatitn

530 4082 791 4153 [tegmine
817 4094 1114 4151 pennarum
1145 4078 1294 4131 visus
1326 4077 1428 4130 hoc
1448 4076 1709 4130 scandere
1731 4075 1966 4129 omium:

529 4174 680 4227 Fune
707 4171 991 4229 ministerii
1018 4170 1287 4233 trahitur,
1315 4167 1474 4222 levita
1506 4166 1738 4229 levatur,

532 4265 728 4318 Verbis
753 4272 807 4318 et
827 4262 1001 4318 ollieio
1034 4262 1252 4331 dignum
1283 4260 1431 4330 capit
1457 4260 1576 4312 aula
1598 4260 1930 4322 ministrum,

528 4353 785 4407 Ecclesia:
806 4352 1085 4420 patrisque
1111 4350 1222 4402 dati
1258 4364 1515 4417 responsa
1542 4347 1827 4413 ferentem,

526 4445 825 4519 Sectantur
850 4441 1051 4497 fratres
1073 4456 1210 4511 quos
1240 4439 1593 4496 contubernia
1624 4451 1773 4510 grata

530 4536 822 4609 Dependit,
847 4535 1014 4590 maris
1034 4548 1251 4591 errores
1279 4548 1387 4603 quo
1408 4534 1589 4588 littore
1610 4533 1747 4586 vitet

532 4630 770 4687 Turbine
800 4627 1074 4684 mundano
1098 4635 1243 4682 tutus
1260 4625 1503 4682 cmlestia
1533 4623 1742 4695 ﬂagret.

526 4723 771 4792 Quorum
788 4718 1160 4775 Maximianus
1189 4717 1278 4771 ubi
1306 4717 1441 4772 redit
1467 4715 1606 4769 alma
1641 4716 1882 4772 revisens

526 4817 690 4885 Septa
718 4814 819 4884 sibi
849 4814 1022 4881 legata
1057 4809 1159 4864 [ide
1180 4825 1243 4865 ac
1270 4812 1468 4864 virtute
1493 4809 1727 4877 probatas

532 4907 745 4971 ldentis,
768 4915 824 4958 et
851 4903 1052 4974 egregii
1082 4902 1262 4956 tutela:
1287 4903 1502 4957 addicta
1520 4900 1790 4971 magistri,

528 4997 694 5052 Adi-ia
724 5004 954 5049 terrores
977 5006 1256 5060 smvasque
1281 4992 1514 5060 insurgit
1540 4992 1593 5045 in
1620 4991 1750 5054 iras,

531 5087 972 5154 Flaminibusquc
998 5083 1139 5138 feras
1174 5082 1479 5138 furibundis
1515 5083 1718 5137 excitat
1743 5081 1936 5145 undas,

3524 601 3685 676 [stans
3703 624 3716 671 ;

2229 689 2314 744 Nil
2339 691 2439 747 nisi
2467 706 2779 764 supremum
2811 702 3062 758 cernunt,
3086 710 3311 751 summa:
3346 695 3532 756 oscula
3559 699 3696 766 pacis

2227 779 2410 836 Mutua
2439 782 2591 848 dant,
2616 783 2705 852 pia
2727 784 2869 839 dona
2902 785 3004 839 via:
3026 785 3219 841 solatia
3248 796 3492 851 sumunt,
3598 799 3603 802 '

2226 869 2688 942 Committuntque
2711 874 2922 929 animas
2943 874 3035 944 qui
3058 891 3286 946 corpora
3322 885 3499 931 morte
3518 884 3740 932 coarctat
3758 895 3772 908 α

2225 960 2491 1017 Flectitur
2509 964 2853 1033 omnipotens
2876 965 3099 1035 trepidis
3129 966 3415 1022 clementia
3447 967 3627 1033 rebus,

2223 1049 2330 1105 Pro
2369 1053 2510 1106 miro
2543 1066 2766 1107 servare
2790 1055 2953 1109 modo
2973 1056 3284 1111 discrimine
3304 1068 3558 1123 censeas,

2223 1141 2463 1210 Quorum
2489 1143 2677 1200 adiens
2704 1147 2919 1216 stupido
2941 1147 3243 1204 tremefecit
3268 1149 3437 1205 corda
3468 1164 3680 1220 pavore.

2223 1232 2315 1288 Sic
2335 1234 2491 1304 plena
2515 1246 2639 1292 octo
2660 1245 2807 1291 natat
2829 1235 3167 1309 lympharum
3197 1240 3583 1310 hominumque
3612 1240 3771 1295 ticbus

2221 1323 2460 1397 Cymba,
2520 1327 2633 1384 Deo
2695 1342 2961 1400 peragens
3019 1331 3299 1401 proprium
3360 1331 3522 1386 modo
3589 1332 3768 1400 remige

3452 1421 3682 1497 [cursum
3696 1440 3710 1489 ;

2218 1507 2520 1567 Incolumes
2560 1526 2727 1579 nono,
2753 1512 2879 1569 dum
2905 1512 3243 1571 Cotronense
3266 1522 3507 1587 receptat

2217 1596 2461 1668 Gregorii
2493 1600 2644 1657 littus
2663 1602 2860 1667 socios,
2891 1618 3026 1675 quos
3059 1604 3441 1673 Maximianus,

2221 1688 2289 1745 Ut
2319 1689 2534 1747 lintrem
2563 1708 2815 1763 egressus
2840 1696 3105 1765 sequitur,
3141 1698 3277 1768 petit
3314 1697 3404 1752 illa
3451 1695 3763 1770 profundum,

2216 1777 2337 1834 Jam
2368 1796 2473 1836 non
2502 1781 2647 1839 ferre
2670 1784 2857 1839 valens
2886 1785 3162 1841 hominum
3189 1788 3307 1841 sine
3330 1788 3761 1857 ponderenuctus,

2144 1858 2191 1917 Β
2219 1870 2463 1941 Gregorii
2493 1875 2701 1929 meritis
2731 1876 2977 1933 homines
3002 1892 3122 1947 qua:
3156 1879 3300 1933 vexit
3327 1886 3383 1933 et
3412 1879 3603 1935 undas.

2220 1966 2532 2022 Maximiani
2558 1969 2671 2023 haec
2702 1968 2790 2023 ille
2819 1978 2997 2025 tamen
3024 1970 3233 2042 delegat
3264 1971 3483 2034 honori,

2218 2056 2441 2128 Propria
2474 2059 2601 2114 dum
2638 2061 2817 2116 vitans
2850 2060 3076 2117 fratrum
3102 2064 3371 2133 praeconia
3398 2063 3602 2134 pangit,

2219 2148 2382 2216 Queis
2410 2148 2638 2219 aliisque
2672 2150 2762 2221 pio
2794 2151 2999 2206 Christi
3029 2154 3130 2207 sub
3160 2147 3346 2208 amore
3374 2163 3595 2225 rogatus

2217 2242 2448 2308 Enodat,
2476 2242 2776 2313 retegitqne
2801 2243 2901 2297 viri
2933 2246 3188 2315 mysteria
3222 2244 3407 2299 clausa

2217 2332 2539 2389 Sermonum
2564 2334 2764 2395 invicti.
2800 2350 2897 2404 per
2921 2335 3101 2406 praelia
3131 2336 3278 2390 mille
3304 2336 3538 2404 probati,

2218 2425 2448 2481 Discutit
2469 2426 2867 2497 enucleansque
2903 2428 3191 2499 aenigmata
3223 2427 3346 2482 diva
3374 2427 3598 2493 revelat,

2217 2518 2566 2573 Sacramenta
2613 2521 2808 2590 aperit,
2845 2529 3051 2576 secreta
3083 2521 3322 2590 patentia
3353 2522 3545 2586 reddit,

2216 2608 2575 2679 Syrmateque
2601 2611 2799 2665 eximio
2826 2627 2922 2682 per
2949 2612 3100 2680 plura
3129 2610 3398 2665 volumina
3431 2611 3619 2666 condit.

2215 2700 2368 2757 Tunc
2413 2717 2625 2772 quoque
2664 2711 2972 2773 surgentem
3002 2711 3226 2756 ventura
3255 2701 3309 2756 in
3345 2701 3544 2757 lumina
3581 2710 3748 2772 pestem

2212 2794 2434 2858 Atterit,
2459 2804 2514 2849 et
2538 2797 2651 2850 veri
2684 2795 2882 2864 jaculis
2910 2795 3073 2849 fando
3097 2796 3299 2860 obruit,
3334 2804 3500 2866 atque

2213 2887 2537 2959 Oppressam
2564 2886 2779 2957 penitus
2804 2887 2976 2957 prima
3004 2887 3103 2942 sub
3123 2886 3336 2956 origine
3359 2887 3573 2957 mergit;

2214 2979 2412 3049 Sicque
2438 2978 2797 3049 triumphator
2819 2986 3067 3048 repetens
3092 2976 3325 3033 feliciter
3345 2978 3553 3042 urbem,

2212 3071 2377 3125 Clade
2409 3071 2767 3131 laborantem,
2802 3079 3014 3124 recreat
3040 3068 3322 3123 solaminis
3350 3069 3565 3132 orbam,

2213 3162 2405 3217 Pastor
2432 3170 2485 3216 et
2513 3160 2748 3232 eligitur,
2782 3170 2997 3230 pastore
3026 3176 3125 3231 per
3147 3161 3307 3214 anxia
3336 3170 3509 3232 rapto.

2214 3256 2349 3310 Dum
2379 3255 2572 3326 refugit
2601 3255 2849 3324 simplex,
2876 3254 3153 3324 indignum
3182 3254 3421 3309 culmine
3454 3262 3595 3308 tanto

2211 3344 2283 3399 Se
2329 3359 2577 3408 ceuseus,
2605 3344 2923 3414 apicemque
2963 3342 3180 3398 humilis
3223 3358 3329 3399 non
3353 3344 3581 3413 pondera
3609 3343 3751 3397 vitans

2213 3434 2720 3508 Sceptrigerumque
2752 3443 2940 3506 petens
2969 3443 3139 3490 teutat
3168 3450 3228 3491 se
3260 3434 3404 3491 fasce
3443 3436 3646 3500 resnlri,

2213 3527 2443 3581 Numine
2468 3527 2767 3597 percipitur
2793 3540 3021 3597 supero,
3052 3536 3360 3581 vacuantur
3390 3528 3588 3589 inanes.

2200 3616 2366 3673 irrita
2400 3628 2521 3672 vota
2548 3632 2759 3688 preces,
2793 3617 2973 3688 populi
3003 3627 3123 3672 acta
3152 3617 3406 3672 feruntur
3434 3618 3486 3672 in
3515 3617 3694 3681 aulam;

2212 3709 2511 3764 luctificam
2542 3724 2725 3780 regem
2755 3710 2893 3779 grati
2921 3710 3020 3764 sub
3050 3709 3256 3765 honore
3281 3709 3521 3779 patroni.

2213 3802 2506 3872 Legatique
2529 3801 2730 3857 hilares
2756 3802 3022 3873 gratantia
3041 3801 3193 3870 jussu
3219 3811 3525 3872 reportant.

2211 3893 2476 3962 Principis
2496 3894 2708 3954 anu’su.
2740 3894 2907 3957 clero,
2939 3893 3241 3964 populoque
3274 3905 3514 3965 petente,

2212 3983 2408 4038 Lectus
2430 3982 2495 4039 ad
2519 3985 2790 4038 excelsum
2821 3984 3036 4040 Christo
3061 3986 3373 4040 moderante
3398 3999 3661 4045 cacumen.

2212 4076 2503 4131 Commoda
2530 4091 2650 4144 qua!
2691 4077 2856 4147 plebi.
2889 4093 3008 4147 qum
3048 4079 3157 4132 siut
3187 4078 3288 4133 sibi
3315 4094 3552 4149 congrua
3579 4083 3753 4135 tractat.

2214 4167 2462 4235 Dzmsque
2485 4154 2750 4223 laboranti
2777 4168 2929 4223 verbi
2965 4167 3225 4222 solamina
3264 4168 3427 4238 vulgo

2210 4257 2475 4313 Culminis
2508 4259 2762 4325 exilium,
2791 4266 2953 4329 atque
2997 4259 3172 4329 fugam
3202 4259 3501 4313 meditatur
3539 4254 3754 4319 honoris;

2212 4349 2282 4403 At
2308 4356 2488 4403 servat
2510 4348 2720 4403 clausas
2759 4349 2975 4417 vigilum
3003 4348 3243 4403 custodia
3272 4358 3490 4418 portas.

2213 4441 2320 4496 Nec
2352 4441 2483 4495 lutet
2513 4441 2787 4495 urbicolas
2815 4439 3036 4495 humilis
3066 4440 3191 4509 quid
3222 4440 3417 4509 defuga
3458 4438 3657 4504 volvat;

2140 4553 2187 4612 ι)
2217 4537 2468 4589 Attamen
2496 4534 2740 4588 excubiis
2763 4535 2972 4589 cunctis
2998 4533 3310 4603 vigilantior
3341 4531 3433 4586 ille

2214 4623 2317 4680 Pct‘
2344 4624 2552 4679 medios
2584 4624 2715 4695 fugit
2745 4624 2982 4693 ignaros,
3010 4622 3253 4692 luditque
3276 4623 3547 4685 videntes,

2213 4716 2435 4769 Cratera
2467 4723 2649 4787 septus
2682 4716 3050 4784 latebramque
3080 4713 3286 4767 recedit
3313 4714 3560 4782 adeptus,

2213 4809 2278 4861 Et
2302 4816 2486 4861 manet
2514 4807 2818 4870 abstrusus,
2845 4806 3014 4861 donec
3032 4803 3234 4873 jejunia
3271 4803 3447 4873 plebis

2213 4897 2456 4967 Votaque
2478 4897 2819 4952 Romulidum
2845 4897 2999 4952 caelis
3022 4913 3156 4951 nova
3175 4897 3325 4966 signa
3357 4901 3642 4957 merentur,

2213 4989 2345 5043 Nam
2375 4988 2584 5044 duclrix
2613 4989 2883 5058 quondam
2906 4988 3087 5058 populi
3124 5001 3390 5056 peropaca
3416 4986 3647 5041 columna

2210 5080 2386 5134 Astris
2415 5080 2705 5143 irradians,
2734 5080 3009 5149 perfundit
3032 5080 3153 5134 luce
3183 5080 3489 5134 columnam
