3908 5426
146 338 234 395 777
569 334 657 388 ns
694 332 967 389 CHRISTI
997 332 1371 393 rutuuputs
1403 333 1590 393 aruo
1611 332 1893 393 mum
1931 337 2177 434 casus
2204 328 2384 396 usui
2425 330 2563 399 λιν.
2586 362 2654 373 -
2676 312 2805 387 LIB;
2852 331 2915 388 κ.

1709 454 1760 511 Α
1786 449 2080 517 Διιιιιὸιθεί
2106 450 2293 508 laudes
2322 463 2484 510 cantu
2508 455 2824 526 depromere
2846 455 3033 531 digna,
3094 502 3105 519 .

147 449 362 511 Ducitur,
387 443 709 515 indutusqne
736 444 825 515 pio
861 443 1153 500 decoratur
1178 446 1399 513 amictu,

146 530 375 595 Erebitur
395 534 585 597 sacris,
615 532 862 603 divaeque
885 534 1191 591 admittitur
1217 550 1328 591 arzr
1344 576 1362 602 ,

146 632 321 686 Sancto
345 625 628 698 insignitur
651 625 833 696 superi
853 626 1184 685 charismate
1211 627 1363 692 doni,

143 723 339 792 Quoque
364 716 694 773 redundabat
723 715 974 787 perfusus
998 715 1217 774 ﬂamine
1232 732 1469 782 summo,

144 808 317 867 Prasul
333 807 638 877 apostolica:
662 807 950 878 praefertur
979 809 1186 865 honore
1207 808 1501 865 cathedrae.

143 900 370 956 Fascibus
392 907 449 953 et
467 897 663 969 dignus
685 898 848 967 digne
874 898 974 953 sibi
1006 900 1212 954 credita
1252 907 1476 960 tractat.

143 994 352 1062 Dumque
375 1004 667 1060 reprensus
691 998 751 1046 ut
773 991 994 1061 indigne
1017 999 1131 1046 tam
1152 991 1313 1063 digna
1336 990 1575 1047 refutans

140 1085 365 1156 Culpatur
383 1084 537 1139 deses
558 1084 716 1153 quasi
743 1083 1062 1141 Ravennate
1093 1082 1327 1149 Joanne,

138 1177 250 1247 Apta
277 1173 530 1246 rependit,
561 1188 699 1243 opus
727 1175 967 1230 condens
994 1174 1304 1245 pastoribus
1324 1182 1507 1244 aptum

140 1266 374 1331 Eczlesim,
398 1266 692 1336 panditque
714 1266 914 1322 decens
948 1277 1008 1322 ut
1034 1268 1217 1323 vivere
1248 1276 1449 1333 rector,

138 1360 284 1427 Atque
314 1358 501 1414 docere
530 1356 750 1422 habeat,
779 1372 901 1413 sese
928 1373 1167 1423 servare,
1202 1373 1463 1428 suosque,

138 1448 280 1516 Quam
301 1455 468 1512 caute,
498 1462 665 1518 quam
687 1448 945 1515 discrete,
978 1464 1137 1518 quam
1168 1450 1331 1520 degat
1362 1449 1606 1505 honeste.

137 1540 239 1595 Inde
254 1554 345 1595 nec
373 1539 584 1595 absistit
615 1540 853 1605 monitis,
883 1539 1213 1611 scriptisque
1241 1541 1459 1603 docere,

137 1629 385 1702 Appositns
405 1645 468 1685 ac
496 1630 765 1700 sepositos
793 1639 952 1687 vocat
977 1646 1073 1687 ore
1100 1645 1395 1700 manuque.

139 1721 377 1791 Exemplo,
406 1723 677 1791 verboque
707 1721 949 1793 polorum
989 1721 1057 1777 ad
1097 1720 1331 1777 culmina
1357 1724 1606 1783 ductans,

137 1814 301 1871 Belica
328 1817 612 1887 disponens
637 1832 732 1886 per
754 1816 968 1872 subdita
990 1816 1194 1871 lumina
1223 1815 1408 1880 corda,

138 1909 410 1979 laudatque
438 1909 617 1965 latens
647 1908 820 1964 thecis
847 1907 1149 1964 celantibus
1177 1921 1393 1972 aurum,

143 2000 340 2059 Virtutes
362 2009 505 2056 notat
530 2000 769 2069 indiciis,
801 2002 1021 2073 vitaque
1044 2001 1288 2073 priorum

139 2092 313 2156 Pandit,
333 2101 386 2146 et
406 2107 672 2148 exercens
699 2100 875 2148 armat
916 2093 1243 2162 decoratqne
1274 2100 1551 2154 catervas,

140 2183 345 2239 ﬂamine
363 2193 571 2253 sumpta
604 2185 694 2256 pio
718 2185 842 2240 divo
870 2177 1115 2257 repletus
1129 2185 1196 2240 ab
1219 2201 1315 2241 ore

139 2272 300 2328 Pabula
324 2275 410 2330 dat
429 2276 708 2347 gregibus.
739 2276 989 2331 Testatur
1019 2276 1196 2332 scriba
1227 2275 1496 2341 minister,

139 2362 368 2420 Dictorum
386 2374 662 2437 exceptor,
695 2375 943 2438 relegens
968 2367 1142 2423 livore
1172 2375 1394 2424 coactus

140 2454 549 2523 Obtrectatorum,
573 2472 697 2528 quae
717 2457 832 2513 visa
853 2472 1049 2514 arcam
1072 2458 1319 2529 probarit

141 2539 312 2612 Scripta
335 2544 541 2611 Petrus,
563 2562 766 2618 supero
788 2545 994 2615 afﬂatu,
1020 2563 1087 2604 ne
1110 2548 1226 2603 fusa
1249 2558 1585 2612 crementur,

141 2629 278 2687 Morte
300 2644 559 2698 secutura,
584 2636 786 2707 juvans
818 2652 878 2693 se
905 2639 1140 2709 pandere
1171 2639 1311 2703 visa,

142 2721 315 2793 Quique
337 2724 485 2782 tidem
511 2727 721 2783 faciens
753 2740 959 2784 secreta
989 2736 1049 2783 nt
1071 2728 1302 2799 detegit,
1332 2716 1476 2784 clliat
1503 2747 1515 2782 :
1548 2799 1562 2811 ⁸

144 2812 243 2869 Post
262 2818 419 2885 patris
440 2819 556 2875 haec
586 2820 812 2884 obitum,
842 2822 1042 2877 vetitus
1069 2822 1301 2888 vivente,
1334 2821 1583 2889 revelatis

144 2902 315 2971 Utnive
339 2909 615 2966 candidior
648 2911 813 2982 capiti
839 2912 1078 2967 residere
1105 2912 1360 2968 columba

142 2993 467 3074 Transpttncto
498 3013 799 3057 monstrata
840 3003 961 3074 styli
996 3004 1354 3060 terebramine
1385 3006 1502 3058 vela

141 3083 323 3156 Iystica
350 3090 609 3146 caelorum
637 3091 765 3147 dum
788 3092 992 3163 colligit
1017 3109 1222 3165 organa
1246 3111 1443 3165 prmco,

140 3175 222 3230 Ore
246 3180 445 3235 trahens
470 3180 653 3250 superi
683 3181 862 3237 divina
888 3183 1173 3252 aenigmata
1206 3185 1388 3249 rostri,

140 3264 404 3327 Oromatum
424 3280 636 3328 reserat
660 3271 817 3343 queis
847 3272 1141 3329 Esecltielis
1179 3283 1394 3343 operta.

140 3354 230 3411 Non
254 3358 387 3415 illum
411 3376 649 3427 marcor,
675 3377 779 3416 non
811 3361 1052 3418 febribus
1094 3363 1290 3419 ins'tus
1320 3368 1501 3423 ardor.

139 3444 317 3504 Viscera
341 3452 415 3507 vel
443 3452 662 3508 concisa
693 3451 866 3517 dolor,
899 3468 993 3508 seu
1022 3454 1300 3525 gressibus
1323 3455 1555 3520 haerens,

138 3531 403 3595 Sollicitudo
423 3542 595 3604 urbis,
629 3542 917 3601 charorum
946 3555 1079 3599 cura
1102 3542 1359 3600 clientum

136 3622 258 3683 Haud
295 3644 499 3687 revocat
523 3632 742 3704 emptis,
771 3640 827 3689 et
849 3633 1013 3690 corda
1040 3645 1097 3690 et
1124 3651 1353 3705 corpora
1391 3645 1566 3701 curat,

135 3719 239 3777 Fata
264 3725 357 3795 ibo;
376 3726 421 3781 is
453 3728 682 3782 horrore
718 3727 877 3781 famis
905 3728 1133 3798 periisse
1169 3728 1342 3798 putati

137 3810 209 3866 Fle
238 3814 290 3881 it,
318 3827 372 3871 ut
390 3818 719 3874 exstinctum
762 3818 980 3888 propria
1009 3833 1170 3888 quem
1208 3820 1354 3873 crede
1391 3829 1671 3875 necasset:

140 3899 347 3976 Undique
370 3909 608 3966 collectis
637 3921 694 3965 et
722 3925 831 3980 quo
860 3924 1181 3965 succurrere
1207 3909 1411 3978 possit,

135 3992 486 4070 Quinquaginta
513 4002 670 4057 libris
695 4002 966 4073 quondam
1004 4000 1270 4056 frumenta
1298 4002 1527 4072 paravit.

135 4081 262 4143 Omni
289 4094 519 4159 poscenti
549 4094 853 4162 tribuebat;
883 4109 1071 4151 amore
1099 4094 1316 4150 tenebat

134 4173 201 4231 Nil
226 4179 453 4240 detentus
472 4199 661 4256 opum,
691 4187 886 4257 probat
913 4186 966 4240 id
995 4186 1259 4242 beremita
1286 4185 1524 4241 nutritor

134 4264 387 4344 Noricipis,
414 4278 614 4333 comite
651 4281 755 4335 hoc
781 4289 1092 4344 contentus,
1125 4289 1181 4336 et
1207 4280 1388 4335 omnia
1423 4280 1602 4335 mundi

134 4356 302 4417 Caetera
328 4366 645 4439 despiciens,
677 4378 880 4426 sortem
911 4384 1187 4441 praenosse
1216 4381 1496 4440 precatus,

133 4445 377 4522 Hercedis,
404 4472 525 4512 cum
552 4456 835 4531 Gregorio,
856 4461 944 4515 cui
974 4458 1146 4531 gloria
1172 4474 1395 4516 consors

90 4598 95 4608 ι
133 4538 340 4614 Eligitur,
367 4564 463 4605 nec
486 4566 680 4623 magna
706 4561 904 4622 putans
925 4552 1017 4623 qui
1046 4567 1301 4623 prospera
1332 4553 1477 4608 smcli

133 4631 429 4712 Tetnpserat,
450 4661 573 4703 esse
601 4662 787 4718 parem
827 4650 1011 4706 mundi
1048 4649 1335 4720 splendore
1364 4649 1565 4705 cluenti

131 4728 307 4804 Accipit
331 4734 468 4795 hunc
498 4754 647 4811 gazae
673 4740 868 4797 melius
893 4748 1127 4797 tractare
1154 4740 1356 4797 talenta

132 4814 220 4875 Nec
243 4826 333 4880 sibi
363 4829 490 4897 quin
531 4829 653 4886 aliis
680 4832 844 4886 tutari
872 4831 1155 4887 commoda
1180 4831 1303 4885 vita:

132 4907 272 4976 Quam
295 4918 597 4977 solatricem
624 4922 722 4978 sibi
752 4938 812 4979 se
830 4922 1122 4979 defendere
1148 4931 1348 4978 cattam

132 4999 212 5067 Qui
236 5017 401 5076 grates
427 5011 674 5069 referens
699 5029 965 5085 promissa
998 5012 1273 5084 implerier
1297 5017 1438 5070 orat.

132 5089 181 5128 PI
202 5107 303 5128 hum
325 5099 579 5128 “naua—:4
610 5102 745 5128 1..-2-
783 5105 881 5128 ,ξω
919 5104 1121 5128 ,εδ-...ειη
1151 5101 1277 5128 '-__:

1786 538 2031 597 Tendere
2050 556 2160 612 quo
2189 557 2432 610 gressum
2455 546 2644 604 doctor
2662 550 2922 621 verbique
2945 553 3194 608 minister

1784 628 2122 702 Approperat
2159 634 2300 705 fieri,
2322 636 2521 706 populo
2556 639 2866 696 retrahente
2893 653 3157 710 moratus,

1785 721 1947 779 Stare
1975 723 2094 781 loco
2127 726 2316 784 nolens
2339 729 2501 785 discit
2532 731 2759 789 saliente
2792 734 2995 792 locusta

1784 811 1884 870 Ast
1913 815 2002 871 ubi
2033 833 2195 888 posse
2226 820 2431 889 referre
2456 823 2603 892 pium
2640 822 2747 880 fert
2771 826 2938 882 infula
2967 830 3124 895 votis,

1782 906 2062 965 Almillcos
2088 908 2231 979 legat
2258 911 2438 969 colere
2465 913 2581 970 lucc
2613 914 2819 973 inculta
2848 919 3089 989 colonos,

1784 998 2101 1072 Expurgare
2130 1001 2281 1069 feris,
2307 1004 2527 1061 ditanda
2565 1008 2779 1080 novalia
2818 1013 3011 1081 spinis,

1785 1090 1977 1148 Cordis
2002 1109 2160 1150 arare
2195 1095 2370 1153 solum
2396 1099 2656 1168 perculta:
2686 1116 2907 1159 vomere
2935 1104 3150 1175 linguae,

1785 1181 1934 1237 Rura
1965 1184 2174 1253 replere
2202 1187 2305 1241 sati
2332 1190 2657 1246 cumulando
2685 1193 2892 1248 semine
2919 1194 3089 1250 verbi.

1782 1272 1902 1343 Ipse
1929 1276 2072 1342 quod
2099 1276 2319 1341 emittit,
2347 1276 2637 1350 pluresque
2663 1280 2866 1336 referre
2893 1285 3160 1355 maniplos

1786 1357 1859 1415 Ut
1895 1362 2292 1428 valeat,studet
2330 1366 2568 1431 hortatu,
2600 1369 2961 1441 precibusque
2990 1373 3221 1439 laborat,

1785 1451 2202 1525 Muneribusque
2224 1456 2397 1526 juvat,
2434 1459 2695 1516 miracula
2719 1462 2875 1532 plura
2898 1476 3159 1534 parentur

1784 1542 2004 1614 Legatis
2041 1555 2287 1614 praestat,
2319 1558 2535 1618 gentem
2567 1565 2690 1605 eum
2714 1552 2958 1624 principe
2977 1556 3172 1620 salvat,

1787 1632 1957 1688 Unius
1984 1643 2149 1704 atque
2180 1652 2371 1706 parum
2402 1639 2556 1708 regni
2583 1656 2805 1697 curasse
2829 1644 3098 1712 salutem;

1785 1723 2008 1793 Insuper
2039 1732 2307 1796 augentur
2332 1728 2512 1798 populi
2549 1744 2809 1801 regesque
2843 1735 3156 1807 propinqui;

1710 1826 1758 1887 Β
1785 1815 2020 1870 Barbara
2046 1818 2210 1872 corda
2248 1818 2394 1873 feras
2422 1820 2638 1877 discunt
2667 1822 2936 1894 deponere
2975 1837 3184 1882 tuentes
3209 1842 3225 1893 ;

1781 1904 2130 1976 Barbaraque
2158 1924 2254 1964 ora
2284 1910 2376 1965 Dei
2403 1920 2619 1967 certant
2643 1915 2962 1983 depromere
2992 1917 3214 1984 laudes;

1784 1997 2058 2053 Sternitur
2077 1998 2280 2055 Oceani
2302 2001 2391 2070 pia
2417 2002 2520 2057 sub
2547 2006 2773 2076 vestigia
2802 2005 3010 2074 fastus;

1782 2088 2028 2144 lndomiti
2062 2090 2229 2157 ferro,
2262 2092 2378 2147 miti
2402 2108 2653 2150 sermone
2689 2096 3008 2165 domantur;

1784 2178 1944 2235 Bellis
1965 2181 2240 2252 intrepidi,
2269 2192 2516 2240 metuunt
2551 2200 2648 2255 per
2676 2189 2842 2244 verba
2862 2188 3078 2261 ligari;~
3194 2251 3198 2255 ,

1782 2271 1984 2327 Terrea
2011 2273 2336 2343 despiciunt,
2368 2275 2608 2333 caelestia
2635 2278 2908 2335 mentibus
2936 2280 3131 2335 ardent
3156 2298 3171 2336 :

1782 2361 1953 2431 Hujus
1988 2379 2110 2434 qua:
2136 2366 2344 2420 meritis
2369 2366 2678 2425 clarescunt
2706 2372 2947 2440 prmstita
2985 2371 3166 2428 Patris

1781 2453 1883 2518 Qui
1912 2453 2109 2509 merito
2143 2455 2290 2524 genti
2320 2456 2561 2512 sancitur
2592 2458 2882 2527 Apostolus
2910 2460 3005 2516 illi.

1780 2542 2004 2613 Insuper
2030 2553 2085 2599 et
2115 2560 2312 2614 pueros
2337 2543 2574 2613 ejusdem
2605 2548 2783 2618 gentis
2811 2550 3032 2606 abactos

1782 2631 2035 2688 Externis
2060 2634 2235 2701 pretio
2267 2636 2539 2691 redimens
2569 2638 2877 2708 regionibus
2901 2650 3053 2711 aptat

1781 2719 2028 2776 Aitberei
2060 2722 2200 2777 lotos
2225 2722 2374 2788 fidei,
2410 2740 2714 2795 superoque
2739 2727 2943 2784 decori.

1783 2811 2048 2868 Sardinia:
2077 2828 2293 2885 quoque
2317 2816 2564 2872 ruricolis
2591 2833 2776 2873 errore
2800 2830 3011 2876 vetusto

1783 2902 1919 2956 Dum
1946 2903 2092 2959 volet
2112 2905 2331 2970 involvi,
2369 2907 2519 2977 pigra
2551 2907 2794 2977 praesulis
2819 2909 3062 2979 increpat
3086 2928 3204 2979 ora,

1779 2993 1933 3061 Quod
1954 2995 2096 3049 votis
2121 2996 2351 3050 cessisse
2379 2998 2614 3065 probans
2642 2998 2729 3067 pia
2761 3014 2985 3055 munera
3014 3002 3169 3059 lucis.

1780 3085 2016 3140 Proinde
2046 3086 2284 3161 llebrteis
2314 3088 2533 3157 rapiens
2558 3090 2625 3144 ad
2661 3089 2849 3145 cmlica
2874 3092 3031 3149 donis

1704 3169 1751 3230 C
1782 3179 2094 3248 Urnatuque
2118 3180 2313 3233 anima:
2338 3170 2601 3236 decoratis
2626 3190 2678 3237 et
2704 3183 2943 3239 vestibus
2971 3199 3176 3241 ornans

1782 3272 2003 3342 Insuper
2028 3282 2083 3326 et
2107 3272 2292 3340 pueris
2316 3272 2524 3327 heresis
2545 3289 2682 3341 quos
2704 3274 2822 3328 dira
2851 3274 3066 3331 fovebat

1779 3361 1959 3416 Patris
1980 3361 2263 3417 sollicitam
2292 3363 2488 3432 satagit
2523 3364 2854 3432 praetendere
2883 3380 3091 3421 curam.

1778 3451 1956 3507 Sentit
1984 3460 2040 3505 et
2070 3451 2342 3536 liesperiaa
2366 3454 2593 3507 rectoris
2622 3455 2852 3525 tegmina
2893 3456 3070 3521 tellus,

1779 3544 2112 3613 Ereptasque
2142 3546 2304 3598 urbes
2335 3544 2525 3613 recipit
2548 3543 2789 3598 Romana
2820 3556 3080 3615 potestas.

1778 3632 2052 3689 Laudibus
2085 3632 2212 3687 hinc
2243 3632 2430 3687 laudes
2455 3633 2739 3688 cumulans
2770 3637 3020 3691 centenis
3041 3646 3097 3692 et
3123 3639 3300 3696 instar

1776 3724 2030 3779 Carmina
2059 3722 2450 3791 comprendens
2480 3721 2660 3776 divina
2690 3722 2962 3779 volumina
2996 3728 3141 3797 cogit

1778 3817 2099 3882 Sacrorum,
2146 3825 2309 3886 atque
2365 3830 2556 3886 preces
2603 3814 2884 3872 cumulans
2922 3825 3038 3889 'quo
3069 3834 3222 3877 sacra
3269 3837 3365 3894 go-

3082 3910 3296 3983 [rantur

1778 4005 2018 4062 lnsinuat
2037 4013 2181 4070 voto,
2212 4003 2456 4058 ridentes
2486 4002 2709 4074 mystica
2737 4001 2917 4056 vultus

1777 4094 2027 4161 Perculit,
2056 4100 2218 4164 atque
2246 4092 2415 4149 oculis
2438 4093 2695 4164 mysteria
2717 4094 2979 4164 snnguine
3005 4096 3190 4164 pandit

1775 4187 1985 4253 Ruben,
2016 4185 2328 4256 carnalique
2364 4182 2526 4240 refert
2547 4199 2701 4240 sacra
2732 4198 2928 4239 carnea
2961 4186 3136 4251 cordi,

1775 4278 2178 4349 Triticeamque
2205 4257 2363 4332 docet
2400 4275 2597 4330 mutari
2628 4275 2681 4331 in
2706 4289 2869 4330 carne
2896 4274 3147 4336 farinam.

1775 4369 1853 4424 Ac
1880 4367 2023 4440 ligno
2054 4375 2263 4423 cretum
2292 4367 2536 4422 converti
2566 4364 2620 4420 in
2660 4365 2922 4436 sanguine
2952 4366 3165 4432 vinum;

1780 4461 1907 4517 llaac
1929 4460 2110 4516 carnis
2130 4473 2385 4529 promens
2412 4458 2583 4513 oculis
2613 4457 2701 4513 ubi
2732 4469 2951 4527 pectora
2982 4459 3182 4526 firmat,

1780 4553 1835 4608 In
1870 4554 2105 4623 priscam
2138 4560 2356 4621 reparat
2382 4549 2563 4604 divina
2596 4549 2837 4603 litamina
2863 4550 3124 4613 formam;

1780 4641 1892 4698 Nec
1916 4642 2093 4696 minus
2120 4640 2332 4711 egregie
2356 4637 2614 4709 pallarum
2644 4626 2856 4706 prodita
2896 4642 3091 4706 pannis
3117 4628 3150 4691 :-

1780 4733 2053 4804 Sanguine
2081 4745 2214 4802 quos
2244 4743 2401 4785 sacro
2427 4734 2639 4783 secreto
2669 4741 2733 4782 ac
2762 4727 2960 4783 robore
2988 4729 3223 4801 supplet,

1780 4822 2019 4878 Muneris
2045 4830 2100 4877 et
2128 4819 2324 4875 summi
2351 4819 2493 4873 dono
2518 4815 2731 4889 delegat
2758 4817 2939 4888 opimo
2956 4858 2972 4883 ,

1781 4917 1947 4973 Ossea
1974 4924 2281 4972 sanctorum
2319 4911 2593 4981 poscentis
2614 4910 2837 4982 pignora
2868 4911 3077 4979 missis,

1779 5008 1927 5076 Quos
1946 5016 2150 5062 temere
2174 5002 2449 5073 inspectos
2476 5000 2640 5057 nimis
2665 5001 2993 5073 indigneque
3031 5008 3267 5061 retectos

1790 5103 1813 5128 Α
1831 5117 1857 5128 Α
1882 5097 2031 5128 ..ξιιζιέ
2064 5098 2249 5128 Annlnc
2272 5092 2500 5128 marina":
2530 5102 2712 5128 mnnln
2736 5098 2993 5128 ποιήσωσιν-ο
