3908 5426
532 411 638 468 ἠδ
1203 407 1597 470 FLODOARDI
1632 401 1951 478 cauomct
1991 401 2333 460 REMENSIS
2373 403 2741 462 OPUSCULA
2779 402 3110 461 uermes.
3345 385 3348 389 ’
3645 389 3725 463 in

532 524 822 592 Temnens,
855 523 999 580 lumc
1027 523 1238 580 Domini
1266 537 1550 595 procerem
1580 521 1848 577 deducere
1873 517 2046 590 cogis,

531 613 595 670 Ni
620 632 743 671 mox
778 616 1040 672 abscedas
1071 616 1249 679 hodie,
1280 616 1565 686 privabere
1589 614 1701 668 vita

524 708 770 762 Instante
793 706 1130 762 hebdomada
1157 707 1324 763 sociis
1352 706 1512 762 simul
1542 703 1795 761 omnibus
1824 703 2019 758 auctis.

527 800 599 852 At
625 799 668 854 si
687 798 839 869 jussa
870 813 1102 870 sequens
1133 813 1311 869 pares,
1336 798 1566 853 evadere
1592 810 1780 866 poenas

1895 794 2114 852 [borum

527 887 680 945 Nunc
719 890 928 961 poteris
965 891 1210 954 subitas;
1241 905 1418 960 neque
1463 898 1518 943 tu
1559 901 1732 957 neque
1771 894 1897 958 quis
1934 897 2112 941 tamen

2142 537 2190 596 Α
2221 521 2518 590 Degenlum
2547 521 2635 576 hic
2665 529 2865 589 tecum,
2887 518 3001 590 jam
3030 533 3157 576 rura
3177 527 3406 593 paterna
3439 518 3627 576 reviset.
3656 541 3672 574 ι

2212 613 2450 684 Proripit
2477 613 2606 669 binc
2633 629 2692 669 se
2717 629 2838 669 mox
2881 615 3089 680 stratis,
3121 629 3185 668 ac
3215 614 3328 669 visa
3354 613 3574 680 revelat,

2119 709 2121 711 ’
2216 705 2507 774 Egreditur
2530 705 2729 777 septis;
2763 705 3102 775 complentur
3129 703 3330 759 lamina
3360 703 3543 768 factis;

2215 795 2446 867 Hospitii
2477 811 2602 851 nam
2628 795 2752 865 jure
2775 811 2996 864 carens,
3017 796 3316 866 adiensquc
3343 796 3582 864 Sabinos,

2215 887 2352 944 Cum
2375 889 2636 945 comitatu
2659 889 2777 960 ipso
2799 889 2906 943 vita
2927 888 3174 960 privatur
3195 889 3250 942 in
3278 902 3444 942 anno.

1949 1131 2182 1190 CAPUT
2222 1129 2344 1188 XX.

1411 1263 1488 1318 De
1525 1281 1585 1319 eo
1620 1264 1711 1327 qui
1742 1265 2040 1318 meretrices
2071 1262 2388 1317 monasterio
2415 1261 2579 1324 ipsius
2605 1258 2923 1313 introduxit.

525 1402 618 1457 Sic
639 1404 801 1456 etiam
834 1402 1032 1456 meruit
1053 1403 1258 1454 sentire
1289 1398 1618 1454 domesticus
1649 1397 1736 1452 ille

525 1493 791 1565 Supponis
820 1506 1058 1564 pmnam,
1085 1490 1176 1561 qui
1200 1490 1435 1545 claustra
1465 1489 1742 1544 recludere
1770 1487 1969 1541 scortis

520 1585 638 1640 Non
673 1586 870 1652 timuit,
895 1584 984 1642 cui
1013 1599 1277 1654 suspenso
1308 1583 1606 1652 Spiramine
1633 1582 1751 1637 diro

520 1676 811 1748 Gregorius
839 1677 985 1734 visus
1012 1693 1024 1729 :
1067 1695 1084 1728 ι
1120 1676 1258 1730 Mala
1283 1692 1387 1730 non
1416 1675 1508 1729 tibi
1533 1683 1728 1729 uetera
1763 1674 1941 1745 (dixit)

519 1768 822 1836 Sntliciunt,
859 1770 1078 1824 inimice
1102 1769 1217 1833 Dei,
1244 1784 1363 1840 quae
1397 1766 1628 1838 plurima
1654 1767 1856 1820 nostris

517 1857 778 1914 Gessistis
798 1858 1001 1930 septis?
1025 1856 1337 1914 Meretrices
1365 1857 1587 1926 insuper
1609 1856 1749 1911 istuc

2215 1391 2518 1449 introferre
2537 1401 2702 1445 ausus
2723 1388 2881 1444 ﬂuxa:
2904 1403 2998 1445 seu
3024 1388 3233 1444 ludicra
3257 1404 3456 1454 scenae,

2212 1485 2385 1544 Crede
2416 1484 2544 1539 mibi
2570 1482 2776 1537 idcirco
2801 1490 3070 1552 praesente
3097 1483 3299 1552 peribis
3329 1483 3384 1536 in
3413 1497 3564 1536 anno.
3590 1499 3611 1532 r

2213 1581 2313 1649 Qui
2349 1593 2407 1634 se
2439 1576 2764 1649 promittens
2799 1573 3094 1630 sceleratos
3117 1588 3317 1644 ponere
3348 1587 3542 1637 mores,

2213 1669 2414 1741 Deponi
2448 1666 2708 1736 reddique
2736 1663 2850 1720 solo
2885 1669 3174 1720 mandatur
3201 1667 3269 1720 ab
3291 1666 3424 1720 alto.

2210 1763 2279 1816 At
2302 1761 2428 1831 quia
2456 1757 2761 1813 dissimulat
2781 1771 2978 1826 pravos
3000 1772 3323 1826 componere
3354 1773 3569 1822 sensus,

2139 1832 2183 1891 Β
2212 1851 2522 1907 l‘erditione
2545 1864 2641 1905 sua
2664 1850 2808 1903 vatis
2829 1849 3027 1919 probat
3047 1850 3194 1904 edita
3221 1865 3372 1905 vera.

1951 2031 2179 2088 CAPUT
2228 2029 2371 2086 XXI.

1770 2147 1848 2203 De
1879 2149 2073 2203 visione
2095 2147 2262 2200 sancti
2293 2145 2537 2198 Anarew.

515 2283 626 2338 Nec
656 2283 834 2337 minus
858 2280 1100 2351 ejusdem
1127 2282 1298 2337 sensit
1329 2281 1594 2352 Supponis
1626 2284 1878 2340 alntnnns

514 2372 605 2428 Ille
626 2385 811 2426 necem
842 2386 949 2441 quo
979 2371 1186 2441 direpta
1212 2381 1293 2427 est
1323 2373 1514 2428 domus
1541 2384 1664 2444 apta
1696 2375 1956 2440 cubandi,

513 2463 614 2530 Qui
638 2463 740 2517 sibi
771 2470 931 2517 nocte
953 2477 1139 2517 senem
1174 2463 1346 2518 visum
1377 2474 1432 2520 ct
1452 2480 1511 2519 se
1534 2467 1916 2521 discutientem

510 2553 866 2622 lncrepitans,
883 2553 1208 2625 ,fatuumque
1233 2571 1432 2612 vocans
1455 2559 1827 2614 moderamine
1858 2561 2022 2633 virgae

512 2644 732 2701 Leniter
748 2654 1003 2714 attactus,
1028 2647 1203 2703 telluri
1227 2650 1491 2706 sternitur
1514 2651 1665 2718 imae;

511 2737 746 2808 Moxque
775 2753 958 2794 senem
994 2740 1211 2810 quidam
1238 2756 1336 2812 per
1358 2744 1564 2812 somnia
1594 2744 1826 2801 clericus
1847 2747 2022 2817 ipsum

509 2831 798 2902 Aspiciens
826 2832 1002 2898 audit,
1028 2842 1240 2903 surgat,
1262 2835 1556 2904 comitique
1589 2837 1808 2901 revelet,

512 2934 685 2979 meat
719 2933 778 2978 ut
800 2923 1076 2989 claustris,
1110 2940 1232 2980 sese
1261 2940 1363 2981 nec
1390 2938 1651 2994 provocet
1683 2931 1777 2985 irae

514 3015 692 3068 Sanus
713 3024 776 3082 ut
801 3015 882 3070 ire
909 3025 1093 3084 queat,
1126 3014 1498 3088 famulumque
1527 3034 1805 3076 resumere
1843 3036 2046 3078 caesum

511 3103 786 3171 Qurerenti
811 3105 934 3175 quis
961 3105 1040 3162 sic
1065 3105 1169 3160 sub
1187 3108 1418 3179 imagine
1447 3123 1609 3177 posse
1638 3112 1881 3178 renosci,

513 3196 728 3251 Asserit
754 3194 951 3264 ailictc,
981 3196 1209 3253 intuitus
1240 3214 1401 3268 quam
1427 3199 1630 3254 lumine
1658 3211 1876 3271 sumpto

2201 2275 2478 2346 Comperit
2507 2275 2778 2330 Andream
2811 2284 3055 2331 sanctum
3089 2277 3354 2346 sibijussa
3388 2279 3604 2347 dedisse,

2201 2365 2535 2437 Signatoque
2567 2365 2685 2421 loco
2709 2376 3041 2434 prostratum
3068 2367 3242 2422 ultore
3269 2372 3557 2440 superbum

2202 2459 2591 2515 Semianimem
2618 2460 2900 2514 inveniens
2917 2501 2931 2526 ,
2957 2461 3286 2516 clamoribus
3310 2464 3478 2517 acciet
3501 2476 3681 2526 omnes,

2201 2553 2279 2606 Ac
2301 2552 2401 2608 sub
2424 2552 2722 2622 apostolico
2753 2554 2844 2608 dat
2871 2553 3089 2609 nomine
3113 2553 3321 2608 famina
3359 2555 3500 2620 fuso,

2204 2644 2425 2716 Hocque
2459 2645 2560 2702 sibi
2587 2646 2776 2716 juncto
2807 2646 2994 2715 pandit
3023 2646 3276 2700 mandata
3305 2656 3547 2716 patrono,

2203 2715 2295 2790 ﬂle
2329 2751 2523 2806 vocans
2551 2735 2845 2790 monachos
2868 2737 3040 2805 culpae
3066 2739 3131 2792 de
3165 2738 3395 2791 crimine
3425 2738 3623 2806 quaerit,

2203 2824 2376 2894 Hujus
2397 2837 2450 2881 et
2481 2828 2696 2881 hortatu
2726 2827 3041 2882 convulsam
3064 2829 3296 2898 percipit
3320 2831 3488 2884 autem

2201 2917 2513 2972 Abscedens
2541 2919 2836 2973 restaur‘ari
2861 2916 3019 2985 jubet
3046 2919 3277 2989 amplius
3312 2919 3435 2974 illnc

2202 3009 2446 3080 Hospitio
2475 3027 2583 3066 non
2605 3027 2938 3082 praesumens
2963 3013 3234 3068 divertere
3265 3023 3496 3085 sumpti,

2206 3102 2451 3159 Domatis
2475 3112 2531 3157 at
2565 3104 2748 3160 vulsor
2778 3104 2921 3162 letho
2963 3105 3275 3177 procumbit
3303 3120 3506 3159 amaro.

1944 3377 2172 3436 CAPUT
2213 3380 2378 3436 XXII.

1644 3505 1720 3560 De
1741 3525 1800 3563 eo
1823 3510 1916 3580 qui
1937 3510 2132 3581 fontem
2164 3514 2328 3583 ipsius
2348 3513 2660 3584 inquinarit.

509 3635 798 3707 Presbyter
831 3636 918 3692 ille
945 3637 1109 3692 etiam
1137 3638 1374 3694 claustro
1396 3640 1652 3709 pnnlatus
1671 3643 1850 3698 eidem

507 3725 610 3793 Qui
647 3726 851 3782 fomem
882 3737 1132 3800 relegens
1154 3739 1339 3786 scorto
1368 3732 1639 3789 fabricare
1661 3733 1910 3790 lacunam

505 3819 696 3874 Infelix
720 3835 828 3875 non
853 3822 1074 3877 erubuit
1099 3821 1424 3894 furvumque
1446 3825 1682 3894 paravit,

509 3907 771 3965 Ultricem
801 3911 975 3968 vitare
997 3928 1216 3968 manum
1246 3931 1354 3970 non
1378 3932 1536 3996 posse
1560 3919 1841 3989 probavit;

507 3995 831 4054 Terribilem
861 4015 1021 4069 quem
1049 4003 1350 4072 prostibulo
1378 3995 1595 4062 traxere
1621 4008 1855 4064 ministri

504 4087 953 4157 Pontiﬁcisjussu
975 4090 1208 4146 Romani
1238 4093 1365 4148 talia
1403 4093 1581 4150 iantes

507 4177 579 4232 Se
605 4172 813 4246 gerere,
844 4179 1076 4234 attonito
1099 4195 1293 4250 papam
1324 4197 1423 4238 nec
1451 4184 1641 4239 adesse
1663 4189 1911 4255 querenti

506 4265 756 4322 Pandunt
784 4267 1107 4338 Gregorium
1139 4286 1298 4338 quem
1328 4272 1463 4327 laesit
1495 4274 1641 4328 l'onte
1667 4287 1874 4331 retecto

504 4357 731 4411 Aetibus
758 4357 1014 4428 indignis,
1039 4358 1294 4428 auditque
1311 4359 1506 4429 jubere
1536 4362 1773 4419 rubricis

507 4450 580 4502 Se
603 4457 820 4504 centum
852 4448 1006 4516 czedi,
1031 4465 1260 4520 quarum
1288 4453 1564 4508 cruciatus
1591 4455 1806 4510 acerbis

503 4534 854 4605 Verberibus,
883 4535 1223 4610 febriuznque
1245 4541 1428 4597 calens
1456 4557 1657 4614 angore
1683 4543 1878 4599 citatus

2117 3639 2162 3701 C
2195 3643 2360 3715 diger
2387 3659 2528 3715 equo
2557 3643 2846 3714 impositus
2871 3646 3042 3716 septis
3069 3647 3388 3703 redhibetur
3409 3648 3649 3723 anbeius;

2191 3733 2402 3790 Iudicat
2431 3735 2750 3801 admissum,
2778 3749 2938 3805 poena
2977 3735 3213 3792 laniatur
3236 3750 3451 3810 aperta;

2194 3825 2342 3879 lnter
2371 3833 2426 3879 et
2455 3826 2685 3880 assiduae
2713 3828 2884 3896 pestis
2911 3829 3245 3885 cruciamina
3274 3843 3426 3887 sexto

2192 3911 2312 3970 .lam
2337 3915 2546 3986 prolata
2570 3919 2656 3973 die
2679 3920 2893 3973 tandem
2924 3921 3249 3978 miserabilis
3270 3923 3451 3989 etllat;

2195 4005 2481 4077 Multisque
2509 4018 2794 4079 expertum
2821 4011 3164 4069 documentis
3191 4014 3313 4072 tabe
3338 4019 3581 4072 subactos

2194 4094 2389 4150 Polluti
2415 4098 2638 4154 sceleris
2674 4115 2780 4155 non
2813 4099 3035 4171 longum
3067 4104 3152 4160 bis
3183 4105 3372 4162 vivere
3393 4106 3653 4161 claustris.

2192 4184 2390 4240 Fertur
2414 4189 2593 4244 adhuc
2624 4190 2747 4246 istic
2775 4191 2933 4258 libra,
2959 4204 3014 4249 et
3037 4210 3293 4252 mensura
3326 4199 3465 4255 beati

2194 4276 2412 4350 Servari
2441 4283 2635 4348 patris,
2659 4290 2892 4338 attentet
2917 4286 2963 4339 si
2995 4287 3219 4356 quilibet
3243 4304 3307 4343 ex
3333 4291 3432 4345 hoc

2193 4369 2490 4425 Externum
2528 4373 2707 4429 nitens
2736 4375 2790 4430 in
2817 4392 2953 4447 opus
2979 4393 3307 4450 componere
3326 4397 3508 4452 panes,

2191 4460 2273 4516 Ad
2304 4478 2587 4520 numerum
2611 4481 2717 4522 non
2746 4470 3025 4537 perveniet
3051 4474 3259 4529 servire
3290 4484 3520 4540 suetum,

2193 4549 2396 4608 Mensis
2422 4555 2512 4622 qui
2547 4570 2808 4626 superare
2838 4559 2975 4615 solet
2995 4562 3230 4619 mirante
3257 4564 3520 4619 ministro.

1917 4719 2150 4779 CAPUT
2186 4723 2371 4780 XXlll.

1757 4849 1833 4906 De
1870 4853 2065 4910 visione
2089 4854 2313 4910 Joannis
2337 4855 2522 4913 levilre.

500 4995 657 5050 Talia
686 4993 810 5048 dum
840 4995 973 5048 serit
999 4993 1240 5049 historia:
1269 4995 1433 5051 levita
1461 4997 1700 5056 Joannes

503 5083 644 5137 Ecce
668 5082 967 5137 sacerdotis
991 5081 1277 5150 quemdam
1303 5087 1402 5140 sub
1430 5087 1661 5157 imagine
1681 5094 1887 5148 somnis

505 5170 665 5225 Stare
694 5171 1110 5226 cachinnantem
1139 5174 1343 5237 cernit,
1369 5190 1468 5230 cur
1489 5179 1694 5234 scribat
1722 5197 1908 5239 eorum

503 5265 637 5317 Acta
669 5263 987 5328 solutorum,
1024 5280 1254 5333 quorum
1287 5281 1394 5320 non
1425 5268 1624 5325 viderit
1653 5273 1785 5326 ora?

504 5353 611 5406 Istc
641 5352 806 5408 refert
825 5369 944 5409 sese
972 5356 1226 5412 ﬁdentius
1256 5357 1419 5411 cdere
1448 5374 1591 5424 rera,

2113 4993 2162 5054 ι)
2187 5011 2376 5067 Mortis
2404 5023 2458 5068 et
2481 5016 2701 5084 ancipiti
2727 5018 2902 5085 posito
2927 5022 3212 5078 nutamine
3243 5035 3464 5081 sanctus

2190 5101 2349 5156 Visus
2372 5101 2686 5174 Gregorius,
2709 5107 2942 5177 stipatus
2970 5110 3224 5180 utrinque
3242 5113 3442 5180 beatis,

2189 5191 2562 5259 Dextrorsnm,
2590 5211 2727 5266 papa
2749 5197 2988 5264 Nicolao,
3019 5200 3274 5272 almoque
3307 5205 3549 5259 ministro

2188 5281 2518 5350 Lazvorsnm,
2546 5285 2730 5351 Petro,
2762 5289 3002 5365 radiatus
3031 5290 3233 5348 lumine
3260 5296 3442 5360 multo,

2186 5371 2521 5426 lucrcnitans
2551 5393 2563 5426 :
2603 5395 2621 5426 ς
2655 5377 2871 5426 unum
2904 5379 3025 5426 lidni
3058 5398 3231 5426 ninam
3260 5384 3542 5426 Λιιιιίωςιίν
3573 5402 3593 5426 ι
