3908 5426
186 354 294 411 785
663 354 752 409 DE
782 354 1454 419 CHRISTI‘TRIUDIPIIIS
1496 364 1981 425 APUDITALIAM
2010 372 2255 429 CESTIS
2296 374 2471 428 LIBRI
2514 373 2720 429 XlV.—
2758 376 2883 431 LII].
2948 378 3013 432 X.
3337 376 3444 432 788

109 508 116 513 .
187 464 468 535 Evigilans
498 465 647 520 visor
676 484 870 537 pueros
901 469 1005 523 ciet
1026 480 1149 525 ante
1171 470 1436 540 jacentes,
1792 494 1839 550 Α
1874 481 2006 537 Dum
2034 484 2120 537 lux
2145 486 2408 540 aethereas
2441 486 2658 541 dimissa
2688 487 2901 543 retinuit
2922 490 2973 553 in
2995 506 3177 545 auras.

186 554 299 613 Nec
320 554 465 611 valet
491 557 700 627 erigere
731 559 919 614 stratis
942 559 1066 615 licet
1094 577 1216 617 orsa
1248 575 1493 620 serentes

1582 719 1809 775 CAPUT
1859 722 2046 778 XXIV.

1351 824 1427 879 De
1450 827 1646 884 visione
1678 831 1919 887 Mauritii
1946 835 2297 903 imperatoris.

188 948 447 1007 llauritio
469 952 835 1022 induperatori
860 967 1109 1023 perversa
1140 960 1342 1014 serenti
1872 963 1983 1019 Nec
2004 980 2151 1018 mora
2183 966 2491 1020 concutitur
2520 968 2645 1020 visis
2672 976 2851 1035 stupet
2884 982 2988 1021 rere
3017 968 3206 1038 rigenti

188 1040 450 1110 legibus,
480 1042 828 1111 athletasque
844 1056 974 1096 suos
1012 1052 1222 1101 mutare
1248 1049 1452 1103 vetanti
1874 1053 2018 1106 Five
2046 1070 2155 1123 prae
2181 1054 2382 1109 foribus
2413 1064 2602 1111 statuae
2629 1072 2686 1111 se
2716 1057 2967 1111 assistere
2988 1058 3210 1122 Christi,

186 1128 435 1184 Militiam
487 1131 722 1196 Christo,
752 1132 1009 1187 cohibens
1036 1135 1218 1189 animo
1239 1137 1444 1195 obstitit
1467 1140 1597 1197 alto.
1876 1146 2033 1201 Vocis
2052 1147 2119 1201 ad
2140 1145 2363 1217 efﬁgiem
2400 1148 2543 1215 (date
2573 1148 2914 1218 Manricium)
2944 1164 3075 1203 aure
3102 1146 3383 1217 fragorem
3454 1140 3457 1143 ’

184 1218 478 1290 lndignans
511 1221 694 1275 divina
725 1222 826 1275 sibi
861 1223 1079 1279 decreta
1108 1226 1355 1292 minanti,
1875 1238 2185 1306 Pcrcepisse
2212 1254 2435 1309 pavens,
2464 1250 2645 1307 raptus
2672 1240 2997 1309 propiusque
3027 1240 3285 1295 ministris

185 1309 299 1365 Res
320 1312 378 1365 in
402 1312 711 1381 pontificem
736 1322 935 1368 tractat
964 1330 1186 1371 versare
1207 1318 1479 1388 furorem;
1870 1319 2173 1388 Exhibitus,
2214 1326 2356 1394 capit
2384 1326 2609 1379 arbitrio
2635 1326 2893 1381 deliberet
2918 1328 3052 1395 ipse,

182 1401 322 1455 Cum
363 1403 541 1457 subito
578 1406 877 1460 monachus
914 1408 1131 1476 quidam
1174 1413 1519 1467 venerandus
1562 1415 1761 1470 amictu
1865 1416 2066 1470 Probra
2097 1416 2198 1470 sibi
2232 1424 2525 1484 praeponat,
2558 1414 2647 1468 ubi
2681 1416 2818 1470 male
2835 1425 2983 1485 gesta
3013 1417 3235 1485 rependi

184 1488 400 1545 Nudum
432 1494 723 1562 deportans
747 1496 979 1565 gladium
1005 1500 1185 1568 gladio
1206 1502 1509 1571 periturum
1868 1507 2024 1577 Eligit
2061 1508 2147 1562 hic
2178 1507 2229 1560 in
2255 1505 2505 1576 prtesenti
2531 1514 2736 1561 terrore
2760 1506 2945 1560 futuri.

183 1578 377 1635 Prodit
400 1580 742 1647 Mauritinm;
773 1584 968 1641 librato
987 1590 1235 1645 sensibus
1258 1590 1348 1645 ille
1802 1614 1811 1620 ·
1868 1598 1987 1651 Mox
2024 1599 2158 1653 tradi
2175 1596 2357 1664 jussus
2383 1612 2503 1651 cum
2531 1596 2683 1665 prole
2703 1606 2756 1650 et
2784 1597 3009 1665 conjuge
3039 1595 3236 1650 Phoca:

184 1670 443 1742 Prodigia
470 1676 720 1741 precibus
754 1684 993 1732 terrores
1013 1679 1179 1735 vertit
1199 1688 1255 1735 et
1275 1690 1395 1737 acta
1869 1688 1944 1743 De
1978 1704 2139 1759 grege
2170 1688 2401 1752 milium,
2432 1688 2699 1756 sumitque
2727 1686 2944 1741 oracula
2971 1688 3175 1741 sanctis

185 1759 359 1814 Prava
388 1761 493 1816 sibi
518 1761 667 1818 reddi
696 1768 947 1834 praesenti
979 1769 1153 1837 poscit
1176 1769 1230 1824 in
1255 1786 1371 1826 aevo
1872 1780 1997 1833 Diva
2029 1779 2178 1844 viris,
2208 1793 2463 1834 concessa
2493 1776 2711 1848 sibi‘pia
2734 1777 2872 1831 dona
2902 1776 3094 1831 salutis

185 1849 466 1916 Tormine,
495 1869 601 1923 quo
622 1865 806 1911 careat
826 1873 998 1928 preme
1031 1860 1150 1915 sine
1181 1860 1285 1915 line
1309 1861 1529 1917 futuras.
1869 1868 2159 1938 Naufragio
2179 1871 2333 1924 dom:
2356 1878 2532 1925 tamen
2562 1877 2617 1925 et
2658 1868 2967 1923 discrimine
2992 1868 3119 1921 vita:

182 1941 338 1997 Talia
361 1943 626 2016 Gregorio
652 1949 1001 2020 patribusque
1040 1956 1346 2021 precamina
1380 1956 1563 2010 multis
1868 1960 2150 2015 Glorilicat
2184 1960 2488 2023 Dominum,
2525 1967 2676 2029 grata
2709 1960 2807 2014 sub
2832 1958 2945 2027 lege
2976 1970 3235 2028 tyrannus

182 2031 459 2103 Allegans,
483 2051 684 2108 augens
706 2038 957 2111 lacrymis
976 2056 1189 2114 quoque
1214 2054 1334 2099 vota
1372 2045 1626 2116 profusis.
1799 2061 1847 2123 Β
1876 2048 1937 2102 Et
1974 2048 2118 2103 subit
2145 2049 2289 2101 illata
2314 2069 2341 2101 u
2366 2050 2546 2105 divino
2572 2050 2789 2103 numine
2818 2047 3092 2102 niulctam.

1590 2216 1820 2273 CAPUT
1865 2215 2032 2271 XXV.

1318 2331 1392 2387 De
1413 2333 1706 2388 humilitate
1727 2334 1891 2405 ipsius
1913 2332 2080 2386 sancti
2106 2328 2362 2400 Gregorii.

188 2457 286 2513 llic
316 2468 475 2527 pater
502 2459 780 2530 indignum
810 2476 868 2516 se
889 2462 1094 2519 visibus
1115 2464 1309 2519 asserit
1342 2466 1486 2533 altis,
1874 2467 1942 2521 Et
1967 2464 2125 2519 simul
2159 2478 2399 2519 excussae
2426 2464 2673 2527 densant,
2707 2463 3004 2518 rcdduntve
3030 2479 3313 2529 serenum;

185 2548 250 2601 Et
277 2563 338 2603 se
365 2548 627 2621 dejiejens
654 2551 897 2622 superari
931 2551 1048 2607 luce
1077 2555 1301 2609 minoris
1687 2595 1695 2605 .
1876 2557 2173 2627 Lampados
2193 2570 2434 2612 accensa:
2454 2554 2642 2610 crebro
2668 2554 2925 2610 divinitus
2951 2554 3085 2618 illic;

184 2640 609 2707 Commemorat,
640 2648 1004 2713 prosternenti
1028 2662 1147 2702 sese
1171 2648 1293 2713 sibi,
1327 2664 1422 2717 per
1446 2667 1504 2706 se
1872 2649 2075 2705 leica
2104 2649 2240 2703 dona
2266 2648 2357 2703 Dei
2386 2647 2710 2703 cumulatum
2754 2655 2808 2701 et
2836 2647 3022 2716 pandit
3044 2646 3271 2702 olivum.

182 2731 375 2787 Joanni
412 2744 650 2790 astratus
668 2736 1002 2806 jacuit,dum
1033 2750 1280 2809 surgeret
1310 2740 1417 2806 ille,
1877 2738 1987 2796 llas
2015 2741 2156 2797 inter
2183 2741 2399 2811 pietatis
2422 2755 2573 2810 opes,
2595 2739 2837 2795 cmlestia
2870 2747 3076 2794 mactus

188 2823 337 2877 Dicta
365 2839 463 2877 sua
489 2834 792 2881 extenuans
818 2828 885 2881 ad
916 2830 1087 2897 patris
1112 2829 1260 2899 larga
1288 2830 1495 2899 profata
1878 2831 2122 2889 Flamine
2146 2851 2306 2906 regna
2335 2836 2488 2907 petit,
2520 2833 2853 2904 qumsitaque
2884 2833 3100 2903 prmmia
3130 2834 3317 2897 sumit,

188 2911 362 2984 Magni
396 2915 713 2985 Augustini,
736 2920 937 2974 vocitat
964 2922 1278 2991 purgamina
1324 2922 1504 2987 farris,
1874 2924 2098 2980 Sidereo
2121 2934 2334 2980 mutans
2362 2926 2653 2980 humanum
2683 2924 2913 2979 culmine
2937 2925 3171 2988 culmen,

188 3007 262 3061 Ac
291 3015 447 3061 vetat
476 3008 590 3076 ipsa
631 3009 731 3079 legi
754 3026 991 3079 prmsens
1020 3012 1145 3065 dum
1174 3029 1399 3082 corpore
1428 3017 1577 3070 vivit.
1874 3016 2191 3074 Romulidas
2216 3030 2315 3086 ope
2341 3030 2443 3086 qua
2468 3015 2600 3070 fovit
2626 3015 2882 3070 bonitatis
2907 3013 3150 3068 alumnos

188 3099 510 3167 Sumpserat
530 3099 619 3155 hic
641 3102 812 3156 sancti
832 3101 1055 3159 Joannis
1080 3106 1305 3173 praesule
1327 3108 1556 3175 quodam
1877 3113 2219 3167 Desertorum
2250 3108 2434 3176 inopes
2463 3106 2695 3161 clamant
2724 3105 2983 3161 solamine
3013 3119 3171 3160 voces
3196 3121 3209 3156 :
3262 3122 3265 3123 ν

189 3187 459 3244 Trarlcnte
485 3190 723 3245 oblatam
751 3208 964 3249 summo
990 3210 1087 3263 pro
1121 3212 1341 3250 munere
1368 3208 1591 3263 vestem,
1874 3200 2218 3258 Successoris
2243 3214 2398 3269 opus,
2422 3199 2589 3254 solida
2617 3198 2938 3254 obtrectatio
2964 3212 3134 3266 papzn,

190 3278 466 3335 Paschasii
500 3298 623 3336 cum
650 3284 953 3343 dalmatica.
980 3303 1101 3356 qua:
1122 3287 1266 3341 illata
1298 3287 1398 3342 sub
1422 3304 1513 3342 ara
1875 3293 2085 3348 Livoris
2110 3292 2265 3363 rigidi
2299 3292 2503 3347 monitu
2531 3292 2797 3360 correptio
2826 3291 3018 3345 crebro

188 3369 466 3434 Servatur,
486 3372 723 3440 pluviam
747 3385 981 3444 optatam
1009 3392 1222 3449 quoque
1246 3380 1454 3449 prodita
1482 3380 1693 3450 prodit;
1793 3398 1837 3460 ς
1867 3383 2022 3451 Lata,
2051 3384 2230 3455 probri
2254 3384 2397 3451 linis,
2429 3381 2663 3453 querulae
2695 3381 2858 3436 tutela
2878 3388 3126 3437 catervae.

1582 3553 1813 3610 CAPUT
1860 3555 2047 3611 XXVI.

1381 3681 1457 3736 De
1477 3686 1861 3741 successoribus
1884 3687 2018 3742 beati
2048 3684 2285 3756 Gregorii

186 3804 539 3877 Gregorianze
560 3822 665 3876 qua
690 3808 903 3879 vigebat
930 3809 1113 3881 gloriae
1867 3820 2254 3885 Summamqne
2275 3813 2473 3870 Christi
2507 3810 2801 3881 praedicare
2829 3807 3078 3877 gloriam,

190 3896 473 3952 Sabiniani
503 3900 658 3953 testis
686 3911 769 3954 est
799 3901 1060 3969 decessio,
1870 3906 2051 3962 llostis
2072 3903 2279 3974 profani
2316 3903 2577 3972 dissipare
2599 3900 2861 3955 insaniam

185 3987 350 4057 lgnita
378 3991 629 4059 quamvis
649 3991 810 4046 addat
830 3993 966 4049 aula:
998 3994 1221 4062 lumina,
1574 4018 1577 4019 ν
1868 3996 2074 4051 Fanum
2100 3994 2242 4049 unde
2265 4002 2457 4048 cuncta
2482 3991 2624 4063 quod
2654 4000 2839 4046 tenere
2868 3990 3085 4044 numina

186 4080 433 4152 Foroque
459 4082 604 4138 farra
634 4085 722 4139 det
744 4084 901 4141 famis
937 4086 1038 4141 sub
1062 4096 1324 4158 tempore.
1870 4090 2029 4145 Stulti
2058 4097 2313 4161 putarunt
2334 4086 2606 4150 obtinens,
2635 4083 2877 4140 eliminat

187 4172 417 4229 Secutus
448 4175 607 4229 istum
637 4178 918 4246 praeminet
938 4178 1265 4243 Bonifacius,
1868 4183 2124 4240 Portenta
2147 4182 2353 4249 divum,
2386 4189 2569 4237 sacrat
2590 4178 2788 4234 almam
2821 4178 3023 4249 regiam

186 4262 292 4319 Nec
314 4264 561 4320 eﬂ'erenti
587 4265 710 4334 jura
735 4269 931 4322 cedens
969 4272 1180 4339 gratiae.
1874 4272 2120 4329 [lectoris
2146 4272 2330 4327 :ethrze
2366 4271 2557 4326 matris
2591 4278 2755 4340 atque
2781 4268 3028 4339 virginis,

185 4355 383 4409 Arcem
408 4364 645 4411 retentat
666 4372 729 4411 ac
751 4355 991 4413 favorem
1016 4360 1277 4430 principis
1871 4364 2087 4419 Addens
2111 4363 2369 4417 honorem
2398 4361 2613 4417 testium
2648 4358 2851 4416 Christi
2889 4358 3159 4423 omnium;

189 4444 299 4499 Una
330 4456 595 4513 meretur,
625 4458 680 4504 et
707 4459 906 4505 statuta
938 4462 1223 4522 praerogat
1873 4454 2009 4508 Hinc
2038 4452 2175 4509 festa
2204 4453 2401 4517 sancit,
2434 4462 2489 4508 et
2527 4450 2744 4508 colenda
2768 4449 3030 4518 praecipit,

186 4535 255 4591 Ut
285 4539 616 4607 pnesulatns
638 4556 793 4596 saera
826 4542 921 4617 fiat
946 4544 1113 4612 aptio.
1872 4544 2127 4599 Seelatnr
2153 4541 2317 4609 orbis,
2348 4548 2509 4611 atque
2534 4541 2694 4594 ritum
2725 4537 2969 4607 suscipit.
3066 4572 3073 4579 ο

186 4627 488 4685 Successor
512 4631 672 4699 hujus
696 4641 861 4699 sorte,
878 4633 1003 4700 jure
1028 4643 1082 4688 et
1110 4635 1344 4689 nominis
1874 4636 2104 4691 Seeutns
2143 4634 2230 4688 ille
2257 4633 2392 4687 colle
2420 4630 2711 4697 Gregorius
2746 4628 2864 4697 pio,

188 4720 369 4776 Variis
391 4721 518 4777 licet
543 4732 798 4791 gravetur
818 4734 969 4780 actus
999 4726 1268 4795 cladibus,
1874 4724 2156 4796 PrOpriam
2180 4731 2409 4777 caterva:
2431 4720 2627 4788 gaudet
2652 4719 2821 4775 aedem
2857 4732 3150 4789 pauperum

187 4810 399 4869 Ornarc
426 4814 518 4868 sed
546 4813 722 4885 legata
746 4817 901 4871 sudat
927 4817 1130 4882 munia,
1873 4817 2083 4881 Dicare,
2100 4814 2296 4871 Christi
2327 4813 2450 4867 dote
2475 4810 2654 4869 ditans
2680 4812 2867 4869 ubere.

1610 4992 1837 5049 CAPUT
1881 4990 2092 5045 XXVII.

1035 5130 1114 5184 De
1135 5132 1329 5185 sanctis
1353 5127 1661 5193 Deusdedit,
1694 5127 1973 5196 Bonifacio
1996 5136 2043 5180 et
2081 5120 2317 5177 llonono
2346 5120 2635 5192 episcopis.
