3908 5426
512 392 614 452 787
1217 391 1606 450 FLODOARDI
1635 391 1952 449 CANONICI
1980 390 2319 448 REMENSIS
2340 358 2701 448 OI’USCULA
2740 387 3062 446 METRICA.
3651 383 3722 444 783

512 511 672 564 Busta
693 517 872 575 ornat,
902 507 1155 579 cleroque
1183 508 1378 577 stipem
1409 507 1954 577 dependitopimam:
2047 513 2052 517 ‘
2117 531 2165 586 Α
2197 507 2320 563 Edit
2351 488 2610 579 praetcrea
2640 505 2842 578 plures,
2869 505 3183 575 stabilitque
3214 503 3478 569 labantes,

508 601 842 671 Supplicium
877 600 1136 670 reprobos
1167 599 1429 668 sequitur,
1464 599 1688 652 victoria
1709 599 1906 669 justos.
2200 602 2428 658 Nomine
2443 601 2711 670 justorum
2737 608 3062 668 reparatque
3083 613 3146 654 ac
3165 607 3410 652 munerat
3435 600 3591 665 mdes,

508 691 742 746 Consule
771 690 861 759 qui
886 691 1060 760 surgit
1094 698 1247 760 patre
1277 688 1474 758 przesul
1523 689 1794 742 Honorius
1819 687 1956 743 actis
2199 693 2340 748 Ditia
2363 693 2499 747 dona
2525 692 2686 755 dicat,
2712 690 2977 754 cumulat,
3008 689 3235 760 largitur
3254 698 3308 743 et
3335 687 3516 752 offert,

509 784 765 840 Pluribus
802 783 1020 854 effulget
1051 783 1240 848 claris,
1272 784 1573 851 ductorque
1599 783 1865 851 benignus
2201 782 2436 838 Sabbata
2474 792 2668 837 cuncta
2715 791 2897 837 sacrat
2946 797 3140 851 prece,
3192 781 3436 835 carmine
3461 821 3476 843 ,
3535 780 3722 837 laudibus

511 875 838 945 llesplendet
860 872 1009 937 cleri,
1042 882 1369 942 reparatque
1394 872 1629 942 colitque
1662 857 1913 924 decorem
3509 871 3671 944 μίτρη,

509 969 582 1019 ξε
605 967 666 1018 lis
693 964 1023 1033 apostolicae,
1051 975 1273 1033 argento
1295 979 1446 1017 sacra
1473 965 1688 1018 domata
1714 963 1900 1026 comit,

2202 967 2338 1022 llinc
2365 959 2652 1022 numerosa
2679 965 2818 1036 polis
2844 966 2985 1020 bona
3016 957 3381 1036 cent'uplicata
3418 957 3627 1034 receptat

503 1056 823 1128 Attollitque
856 1058 1060 1124 trabes,
1088 1055 1339 1127 templtim
1368 1057 1497 1128 tegit
1518 1071 1624 1110 tere
1651 1055 1838 1125 pctizo,

1869 1239 2096 1306 CAPUT
2136 1239 2370 1295 XXVIII.

1462 1351 1540 1407 De
1561 1363 1741 1412 sancto
1758 1353 2001 1410 Sererino
2030 1371 2165 1426 papa
2193 1363 2240 1408 et
2276 1333 2660 1408 successoribus
2683 1369 2817 1426 ejus.

502 1482 634 1540 Inde
656 1484 949 1541 Severinus
974 1485 1173 1542 thbo
1193 1501 1292 1558 per
1313 1487 1465 1560 signa
1497 1488 1666 1544 relato
2202 1487 2482 1558 Coguntur
2512 1502 2677 1558 super
2704 1487 2790 1562 his
2816 1494 2995 1555 patres
3015 1524 3031 1549 ,
3055 1483 3287 1553 dlvoque
3312 1490 3501 1538 senatu

504 1577 765 1633 Ecclesia:
793 1587 915 1648 post
928 1576 1171 1646 iacturas
1199 1579 1524 1648 internaque
1554 1578 1713 1642 bella,
2201 1578 2534 1648 Consulitur,
2563 1592 2750 1634 verum
2777 1577 3069 1642 excutitur,
3103 1575 3414 1645 plectuntur
3439 1573 3620 1643 iniqui.

504 1668 646 1724 Sede.
668 1669 814 1724 Petri
837 1669 1064 1724 allectus
1096 1680 1320 1725 renovat
1352 1686 1506 1726 sacra
1537 1671 1682 1740 lapsa
1718 1671 1908 1732 ruinis,
2199 1667 2583 1738 l’raesidiisque
2605 1669 2757 1740 ignes
2783 1675 2972 1724 contra
3007 1665 3316 1725 defenditur
3335 1665 3508 1726 orbis;

501 1758 832 1840 Mansuetus,
857 1760 1117 1823 clemens,
1148 1761 1397 1832 altorque
1437 1761 1698 1830 benignus
1723 1772 1998 1832 egeutum.
2199 1765 2265 1819 Et
2293 1764 2499 1835 clypeis
2521 1764 2737 1818 diversa
2767 1761 2910 1817 datis
2938 1776 3037 1830 per
3061 1759 3280 1815 climata
3298 1760 3516 1822 mundi,

502 1852 656 1906 Dona
682 1852 771 1922 pio
795 1852 1036 1906 cumulat
1063 1853 1234 1919 clero,
1266 1853 1538 1923 conquirit
1566 1852 1846 1916 alumnos;
2121 1882 2165 1941 Β
2194 1856 2507 1912 Increscunt
2530 1865 2583 1910 et
2600 1854 2712 1923 jam
2749 1854 2988 1909 adversa:
3016 1852 3300 1924 contraria
3317 1851 3490 1921 partis

500 1941 630 1998 Post
656 1944 997 2014 captivorum
1030 1944 1310 1999 miseranti
1342 1946 1506 1999 corde
1528 1946 1858 2014 redemptor.
2199 1949 2408 2016 Prailia,
2440 1956 2802 2019 regnatorque
2835 1946 2978 2014 sacri
3001 1945 3154 2015 ducis
3177 1945 3390 2015 impetit
3421 1960 3617 2008 arcem;

501 2033 774 2089 Externas
794 2049 1009 2102 quoque
1035 2033 1129 2088 alit
1147 2036 1351 2103 patrias
1371 2036 1614 2090 bonitate
1635 2034 1872 2090 Joannes
2196 2039 2427 2095 Mittitur
2454 2041 2726 2095 exarchus
2747 2039 2923 2094 socios
2951 2037 3208 2107 laqueare
3237 2036 3448 2100 ﬁdeles,

497 2121 662 2178 lstria
685 2140 806 2194 qua:
831 2126 1001 2190 novit,
1019 2123 1262 2188 Martino.
1281 2126 1498 2190 abbate,
1532 2137 1839 2196 sequestro,

2193 2132 2371 2202 Atque
2397 2141 2580 2186 tenere
2605 2140 2814 2200 patrem
2840 2147 2853 2194 ;
2888 2137 3035 2184 vetat
3059 2129 3166 2183 hoc
3195 2128 3483 2183 concordia
3527 2125 3721 2186 fratrum,

502 2215 829 2270 Dalmatiam
863 2225 1042 2270 tutans
1063 2216 1227 2270 etiam
1256 2215 1541 2271 clementia
1569 2232 1738 2286 parm.
2198 2223 2547 2287 Unanimnm,
2596 2223 2876 2294 plebisque
2924 2237 3112 2288 amor;
3163 2221 3291 2276 hinc
3341 2234 3548 2292 quoque
3584 2215 3726 2271 fraude

499 2309 640 2365 Hinc
659 2319 809 2380 grata
834 2309 1080 2364 mercede
1104 2310 1247 2379 capit
1270 2309 1353 2378 pia
1384 2310 1607 2380 pignora
1633 2306 1874 2370 Patrum.
3482 2309 3686 2383 [potitus,

493 2399 715 2456 Excolit
743 2400 858 2454 haec
882 2398 1128 2463 fabricis,
1151 2400 1410 2468 prteclare
1441 2409 1495 2453 et
1522 2399 1641 2454 luce
1674 2401 1875 2454 metalli
2061 2457 2064 2460 ,
2193 2409 2426 2464 Tuumn-
2451 2424 2619 2464 sacm
2643 2417 2816 2462 tectus
2845 2406 3073 2477 caligine
3105 2405 3284 2470 nubis,
3345 2465 3350 2468 _

501 2490 895 2562 Subjectosque
949 2491 1097 2548 fovet
1147 2506 1525 2562 prxsensque,
1577 2493 1927 2563 migransque
1989 2494 2090 2548 nii-
2193 2501 2327 2556 Cum
2356 2502 2533 2556 videat
2566 2501 2798 2570 reliquos
2823 2499 2993 2555 solum
3021 2507 3270 2568 spectare
3298 2494 3511 2550 satelles

1769 2583 2018 2656 [nistros.
2194 2588 2310 2646 Non
2336 2591 2480 2646 valet
2509 2591 2787 2654 eximium,
2811 2604 2969 2658 quem
2995 2588 3197 2657 cogitat
3221 2601 3352 2640 ense
3380 2586 3674 2646 necandum,

498 2673 820 2732 Theodorus
841 2676 962 2745 pius
992 2679 1116 2733 inde
1150 2688 1332 2748 pater,
1366 2687 1622 2748 tutorque
1657 2687 1958 2748 petentum,
2192 2681 2492 2741 Frustratis
2518 2683 2668 2738 necis
2700 2681 2930 2745 insidiis,
2961 2671 3500 2748 componere'paccm

499 2764 701 2821 Civiles
730 2765 874 2821 inter
898 2767 1171 2832 fremitus,
1195 2770 1515 2838 privataque
1537 2768 1674 2823 bella
1806 2769 1808 2771 ’
1833 2792 1842 2803 ·
2191 2773 2416 2844 Cogitur
2440 2773 2738 2827 instructor
2764 2770 2972 2824 fraudis
3000 2767 3257 2824 confusus
3297 2775 3515 2836 apertam

499 2855 791 2912 l‘ermanet
835 2857 1115 2920 innuotus,
1149 2868 1427 2924 constans,
1459 2867 1644 2913 castus
1667 2867 1831 2928 atque
1861 2858 2052 2925 fidelis,
2193 2865 2431 2921 Turbine
2469 2863 2728 2918 bellorum
2757 2877 2864 2932 quo
2888 2869 3034 2930 post,
3084 2859 3387 2926 mortisque
3435 2857 3648 2917 redact0.

499 2946 733 3015 [injectis
754 2963 1008 3018 parcens,
1039 2937 1407 3020 complectens
1447 2960 1593 3005 recta
1624 2935 1944 3019 sequentes;
2061 2949 2064 2952 ’
2192 2955 2455 3027 Dirigitur
2480 2953 2688 3009 trucior
2728 2949 3184 3020 manifestojussa
3219 2947 3402 3002 furore

498 3037 787 3093 Debellans
812 3038 1185 3108 damnatisque
1210 3039 1354 3094 feros
1377 3049 1434 3095 et
1463 3040 1528 3093 ad
1552 3049 1668 3094 atra
1694 3041 1956 3110 relapsos,

2193 3047 2294 3115 Qui
2319 3045 2527 3116 implet,
2557 3041 3024 3114 apostolicnmque
3053 3040 3150 3094 viri
3184 3038 3461 3110 proculcat
3488 3039 3727 3094 honorem;

497 3129 759 3186 Errantes
782 3146 1060 3198 revocans,
1077 3130 1436 3202 precibusque
1464 3127 1733 3203 minisque
1761 3117 2018 3188 coercens
2194 3139 2455 3207 lluncqne
2476 3135 2587 3190 aris
2604 3135 2872 3198 adimens,
2894 3133 3088 3187 Graias
3104 3132 3352 3202 perducit
3378 3131 3430 3184 in
3460 3130 3622 3182 nrbes.

499 3223 884 3292 Contemptum
912 3224 1134 3291 feriens,
1159 3235 1213 3280 et
1238 3226 1376 3280 colla
1415 3227 1665 3295 procacia
1696 3227 1985 3294 mulctans,
2119 3233 2165 3296 (ζ
2197 3229 2457 3302 Segregat
2485 3229 2616 3283 urbe
2647 3227 2794 3288 data.
2821 3224 3008 3294 nequit
3037 3225 3132 3278 sed
3161 3232 3342 3277 mente
3369 3223 3550 3285 beata;

498 3313 730 3384 Pignora
754 3322 942 3368 sancta
970 3313 1132 3379 levat,
1157 3329 1530 3384 rencransque
1555 3316 1736 3369 educit
1758 3316 1958 3379 arenis,
1982 3367 1984 3369 ,
2191 3323 2414 3396 Depellit
2440 3321 2596 3386 solio,
2628 3319 2772 3373 valet
2796 3316 2937 3372 haud
2959 3315 3229 3386 depellere
3258 3323 3382 3369 voto
3407 3334 3419 3368 ε

501 3410 750 3479 Πίεβοηῖί
780 3410 1015 3480 tempus:
1046 3426 1180 3465 θυνο
1210 3418 1546 3480 argentoque
1573 3409 1813 3473 (ίθεοτειῑν
2191 3421 2376 3477 Ruina:
2409 3423 2464 3470 et
2493 3401 2958 3481 Constantinopoli
2988 3418 3172 3464 manet
3198 3410 3404 3464 arbiter
3435 3409 3587 3466 idem.

503 3500 679 3571 Erigit
703 3509 863 3569 atque
889 3500 1052 3563 dicat,
1083 3498 1321 3554 fabricas
1347 3499 1438 3553 dat
1459 3514 1685 3554 munere
1713 3498 1910 3553 claras.
2190 3506 2590 3576 Clementisquc
2619 3505 2706 3574 pie
2733 3501 2958 3572 vestigia
2996 3509 3184 3556 sancta
3219 3510 3458 3561 secutus,

503 3591 641 3646 llinc
665 3589 875 3644 validus
898 3591 1011 3644 veri
1037 3591 1192 3644 tcstis
1226 3588 1489 3644 Martinus
1519 3589 1780 3644 honorem
1894 3587 1899 3591 ’
2188 3599 2493 3652 (Jllersones
2521 3595 2665 3650 subit
2688 3591 2940 3657 exilium;
2976 3607 3082 3661 quo
3109 3591 3287 3645 sidera
3316 3599 3494 3650 nacto.

499 3679 1122 3752 Suppletapostolicum,
1154 3680 1423 3750 dignoque
1452 3680 1563 3750 agit
1604 3679 1819 3750 agmine
1852 3679 2011 3745 bella,
2196 3689 2368 3756 Quam
2401 3685 2538 3741 ﬁdus
2569 3683 2761 3754 rigido,
2795 3695 2958 3752 quam
2990 3681 3061 3736 sit
3092 3680 3212 3748 pius
3243 3693 3374 3734 usus
3400 3691 3559 3747 agone

498 3774 766 3830 Tentatus
795 3773 1008 3844 probris
1031 3773 1261 3834 Domini.
1307 3773 1557 3843 fastuque
1579 3775 1834 3843 superbo,
2194 3777 2507 3841 confessor,
2559 3774 2887 3844 Christoque
2935 3770 3155 3842 placens
3175 3811 3189 3834 ,
3239 3778 3296 3824 et
3344 3769 3410 3822 ad
3441 3766 3609 3821 ultima
3637 3775 3735 3830 per-

495 3870 676 3939 Atque
701 3877 908 3922 tumore
930 3867 1230 3930 lacessitus,
1257 3883 1366 3936 quo
1394 3867 1529 3921 scita
1553 3875 1782 3936 paterna
2895 3924 2899 3929 ,
3505 3858 3677 3931 [stans.

506 3959 684 4023 \’nlsa,
712 3957 862 4014 furor
883 3973 1067 4015 sacras
1085 3957 1303 4014 Christo
1329 3973 1626 4014 conversus
1659 3959 1713 4013 in
1738 3974 1881 4022 aras,
2046 4027 2052 4030 _
2192 3961 2430 4016 Plurima
2460 3961 2736 4030 signorum
2769 3957 2936 4014 radiis
2977 3955 3238 4011 miracula
3266 3953 3515 4024 pandunt.

501 4051 698 4116 Dii-nit,
729 4049 868 4104 alma
891 4053 1033 4121 piam
1055 4059 1276 4105 vertens
1304 4051 1495 4105 altaria
1527 4065 1751 4121 pacem;

1891 4221 2119 4280 CAPUT
2161 4220 2357 4276 XXIX.

1712 4334 1792 4390 De
1810 4345 1991 4390 sancto
2020 4331 2255 4403 Eugenio
2292 4347 2450 4402 pupa.

500 4471 775 4542 Eugenins
802 4486 962 4540 quem
991 4471 1344 4539 prodiderant
1378 4470 1645 4526 cunabula
1675 4471 1871 4534 sacris,
2112 4447 2164 4506 Β
2191 4467 2332 4521 Cleri
2363 4464 2524 4524 altor,
2546 4461 2674 4532 justi
2703 4459 2899 4522 cultor,
2928 4457 3146 4528 pietatis
3165 4465 3393 4517 amator,

499 4561 848 4630 Tranquillus
873 4551 1123 4631 mitisque
1151 4558 1306 4626 nitet,
1336 4557 1557 4629 fatuque
1585 4558 1872 4628 benignus,
2193 4558 2421 4612 Semper
2447 4554 2692 4608 fucorum
2727 4565 2847 4605 cum
2876 4548 3040 4619 plebe,
3058 4555 3289 4602 canente
3318 4543 3515 4601 refutat.

497 4654 728 4726 Dapsilis
758 4653 1012 4726 indignis,
1027 4649 1248 4708 sanctus
1279 4653 1568 4723 probitate,
1604 4659 1863 4706 venustus

1901 4813 2128 4872 CAPUT
2168 4810 2339 4868 XXX.
2429 4807 2431 4809 ’

1535 4928 1611 4982 De
1637 4929 1831 4983 sanrlis
1867 4927 2136 4982 Vitalinno
2183 4936 2229 4979 et
2269 4920 2540 4977 Adeodato
2573 4918 2844 4989 episcopis.
