  <div class='ocr_page' id='page_1' title='image "/cluster/home/n/w/nwhite01/storage/ocr_20150623/135/hvd.32044015471758/403.png"; bbox 0 0 3908 5426; ppageno 0'>
   <div class='ocr_carea' id='block_1_1' title="bbox 546 403 2170 509">
    <p class='ocr_par' dir='ltr' id='par_1_1' title="bbox 546 423 2170 487">
     <span class='ocr_line' id='line_1_1' title="bbox 546 423 2170 487; baseline -0.005 0"><span class='ocrx_word' id='word_1_1' title='bbox 546 430 647 487; x_wconf 70' lang='grc'><em>791</em></span> <span class='ocrx_word' id='word_1_2' title='bbox 1225 429 1617 487; x_wconf 77' lang='lat' dir='ltr'><em>FLODOARDI</em></span> <span class='ocrx_word' id='word_1_3' title='bbox 1655 426 1973 484; x_wconf 80' lang='lat' dir='ltr'><em>CANONICI</em></span> <span class='ocrx_word' id='word_1_4' title='bbox 2010 423 2170 481; x_wconf 64' lang='grc' dir='ltr'><em>ΒΕΗΙ</em></span> 
     </span>
    </p>
   </div>
   <div class='ocr_carea' id='block_1_2' title="bbox 2198 403 3766 509">
    <p class='ocr_par' dir='ltr' id='par_1_2' title="bbox 2198 403 3766 509">
     <span class='ocr_line' id='line_1_2' title="bbox 2198 403 3766 509; baseline -0.006 -31"><span class='ocrx_word' id='word_1_5' title='bbox 2198 422 2357 509; x_wconf 67' lang='lat' dir='ltr'><em>:Nsls</em></span> <span class='ocrx_word' id='word_1_6' title='bbox 2406 423 2766 482; x_wconf 74' lang='lat' dir='ltr'><em>OPUSCULA</em></span> <span class='ocrx_word' id='word_1_7' title='bbox 2802 418 3129 477; x_wconf 62' lang='lat' dir='ltr'><em>unum.</em></span> <span class='ocrx_word' id='word_1_8' title='bbox 3174 428 3179 435; x_wconf 58' lang='grc' dir='ltr'>ί</span> <span class='ocrx_word' id='word_1_9' title='bbox 3340 448 3345 457; x_wconf 64' lang='grc' dir='ltr'><strong>ς</strong></span> <span class='ocrx_word' id='word_1_10' title='bbox 3681 403 3766 469; x_wconf 70' lang='grc' dir='ltr'><em>’Μ</em></span> 
     </span>
    </p>
   </div>
   <div class='ocr_carea' id='block_1_3' title="bbox 906 536 1745 594">
    <p class='ocr_par' dir='ltr' id='par_1_3' title="bbox 906 536 1745 594">
     <span class='ocr_line' id='line_1_3' title="bbox 906 536 1745 594; baseline 0.002 -3"><span class='ocrx_word' id='word_1_11' title='bbox 906 536 1014 592; x_wconf 78' lang='grc' dir='ltr'><em>ΧΗ.</em></span> <span class='ocrx_word' id='word_1_12' title='bbox 1041 570 1111 580; x_wconf 89' lang='lat'><em>-—</em></span> <span class='ocrx_word' id='word_1_13' title='bbox 1134 539 1208 593; x_wconf 80' lang='lat' dir='ltr'><em>De</em></span> <span class='ocrx_word' id='word_1_14' title='bbox 1245 553 1427 594; x_wconf 87' lang='lat' dir='ltr'><em>sancta</em></span> <span class='ocrx_word' id='word_1_15' title='bbox 1456 540 1745 594; x_wconf 77' lang='lat' dir='ltr'><em>Christian.</em></span> 
     </span>
    </p>
   </div>
   <div class='ocr_carea' id='block_1_4' title="bbox 903 609 1759 665">
    <p class='ocr_par' dir='ltr' id='par_1_4' title="bbox 903 609 1759 665">
     <span class='ocr_line' id='line_1_4' title="bbox 903 609 1759 665; baseline 0 -3"><span class='ocrx_word' id='word_1_16' title='bbox 903 609 1037 662; x_wconf 65' lang='lat' dir='ltr'><strong>XIII.</strong></span> <span class='ocrx_word' id='word_1_17' title='bbox 1059 640 1129 649; x_wconf 75' lang='grc' dir='ltr'><em>-ο</em></span> <span class='ocrx_word' id='word_1_18' title='bbox 1160 610 1236 665; x_wconf 85' lang='lat' dir='ltr'><em>De</em></span> <span class='ocrx_word' id='word_1_19' title='bbox 1254 622 1437 665; x_wconf 85' lang='lat' dir='ltr'><em>sancto</em></span> <span class='ocrx_word' id='word_1_20' title='bbox 1462 611 1759 664; x_wconf 82' lang='lat' dir='ltr'><em>Ambrosio.</em></span> 
     </span>
    </p>
   </div>
   <div class='ocr_carea' id='block_1_5' title="bbox 904 676 2163 735">
    <p class='ocr_par' dir='ltr' id='par_1_5' title="bbox 904 676 2163 735">
     <span class='ocr_line' id='line_1_5' title="bbox 904 676 2163 735; baseline -0.002 -2"><span class='ocrx_word' id='word_1_21' title='bbox 904 679 1044 734; x_wconf 80' lang='lat' dir='ltr'><strong>XIV.</strong></span> <span class='ocrx_word' id='word_1_22' title='bbox 1082 708 1154 720; x_wconf 90' lang='grc'><strong>--</strong></span> <span class='ocrx_word' id='word_1_23' title='bbox 1184 679 1257 735; x_wconf 89' lang='lat' dir='ltr'><em>De</em></span> <span class='ocrx_word' id='word_1_24' title='bbox 1282 681 1477 735; x_wconf 86' lang='lat' dir='ltr'><em>sanctis</em></span> <span class='ocrx_word' id='word_1_25' title='bbox 1499 677 1747 733; x_wconf 79' lang='lat' dir='ltr'><em>Cervasio</em></span> <span class='ocrx_word' id='word_1_26' title='bbox 1772 688 1817 733; x_wconf 86' lang='lat' dir='ltr'><em>et</em></span> <span class='ocrx_word' id='word_1_27' title='bbox 1865 676 2163 732; x_wconf 82' lang='lat' dir='ltr'><em>Protlmsio.</em></span> 
     </span>
    </p>
   </div>
   <div class='ocr_carea' id='block_1_6' title="bbox 901 747 2053 804">
    <p class='ocr_par' dir='ltr' id='par_1_6' title="bbox 901 747 2053 804">
     <span class='ocr_line' id='line_1_6' title="bbox 901 747 2053 804; baseline -0.002 -1"><span class='ocrx_word' id='word_1_28' title='bbox 901 747 1019 803; x_wconf 79' lang='lat' dir='ltr'><em>XV.</em></span> <span class='ocrx_word' id='word_1_29' title='bbox 1056 778 1128 789; x_wconf 89' lang='lat'><strong>—</strong></span> <span class='ocrx_word' id='word_1_30' title='bbox 1149 748 1227 804; x_wconf 89' lang='lat' dir='ltr'><em>De</em></span> <span class='ocrx_word' id='word_1_31' title='bbox 1253 750 1536 803; x_wconf 75' lang='lat' dir='ltr'><em>virtutibus</em></span> <span class='ocrx_word' id='word_1_32' title='bbox 1563 749 1735 803; x_wconf 85' lang='lat' dir='ltr'><em>sancti</em></span> <span class='ocrx_word' id='word_1_33' title='bbox 1774 748 2053 803; x_wconf 77' lang='lat' dir='ltr'><em>Ambrosii.</em></span> 
     </span>
    </p>
   </div>
   <div class='ocr_carea' id='block_1_7' title="bbox 902 815 2566 887">
    <p class='ocr_par' dir='ltr' id='par_1_7' title="bbox 902 815 2566 887">
     <span class='ocr_line' id='line_1_7' title="bbox 902 815 2566 887; baseline -0.004 -13"><span class='ocrx_word' id='word_1_34' title='bbox 902 817 1042 887; x_wconf 77' lang='lat' dir='ltr'><em>XVI.</em></span> <span class='ocrx_word' id='word_1_35' title='bbox 1063 848 1137 859; x_wconf 90' lang='lat'><strong>—</strong></span> <span class='ocrx_word' id='word_1_36' title='bbox 1157 818 1237 873; x_wconf 80' lang='lat' dir='ltr'><em>De</em></span> <span class='ocrx_word' id='word_1_37' title='bbox 1267 820 1463 874; x_wconf 85' lang='lat' dir='ltr'><em>sanctis</em></span> <span class='ocrx_word' id='word_1_38' title='bbox 1494 817 1733 872; x_wconf 73' lang='lat' dir='ltr'><em>Nasario</em></span> <span class='ocrx_word' id='word_1_39' title='bbox 1758 830 1805 873; x_wconf 81' lang='lat' dir='ltr'><em>et</em></span> <span class='ocrx_word' id='word_1_40' title='bbox 1828 817 2003 887; x_wconf 83' lang='lat' dir='ltr'><em>Celso,</em></span> <span class='ocrx_word' id='word_1_41' title='bbox 2045 815 2203 872; x_wconf 80' lang='lat' dir='ltr'><em>Vitoli</em></span> <span class='ocrx_word' id='word_1_42' title='bbox 2221 825 2271 871; x_wconf 79' lang='lat' dir='ltr'><em>ct</em></span> <span class='ocrx_word' id='word_1_43' title='bbox 2296 817 2566 887; x_wconf 78' lang='lat' dir='ltr'><em>Agricola.</em></span> 
     </span>
    </p>
   </div>
   <div class='ocr_carea' id='block_1_8' title="bbox 904 886 1921 945">
    <p class='ocr_par' dir='ltr' id='par_1_8' title="bbox 904 886 1921 945">
     <span class='ocr_line' id='line_1_8' title="bbox 904 886 1921 945; baseline 0.001 -3"><span class='ocrx_word' id='word_1_44' title='bbox 904 886 1065 943; x_wconf 78' lang='lat' dir='ltr'><em>XVII.</em></span> <span class='ocrx_word' id='word_1_45' title='bbox 1089 888 1251 943; x_wconf 82' lang='lat' dir='ltr'><em>-—De</em></span> <span class='ocrx_word' id='word_1_46' title='bbox 1280 891 1509 945; x_wconf 83' lang='lat' dir='ltr'><em>transitu</em></span> <span class='ocrx_word' id='word_1_47' title='bbox 1534 886 1595 944; x_wconf 88' lang='lat' dir='ltr'><em>S.</em></span> <span class='ocrx_word' id='word_1_48' title='bbox 1636 889 1921 943; x_wconf 79' lang='lat' dir='ltr'><em>Ambrosii.</em></span> 
     </span>
    </p>
   </div>
   <div class='ocr_carea' id='block_1_9' title="bbox 903 954 1875 1015">
    <p class='ocr_par' dir='ltr' id='par_1_9' title="bbox 903 954 1875 1015">
     <span class='ocr_line' id='line_1_9' title="bbox 903 954 1875 1015; baseline 0 -5"><span class='ocrx_word' id='word_1_49' title='bbox 903 957 1088 1015; x_wconf 77' lang='lat' dir='ltr'><strong>XVIII.</strong></span> <span class='ocrx_word' id='word_1_50' title='bbox 1117 988 1189 1000; x_wconf 93' lang='lat'><em>—-</em></span> <span class='ocrx_word' id='word_1_51' title='bbox 1211 960 1288 1014; x_wconf 81' lang='lat' dir='ltr'><em>De</em></span> <span class='ocrx_word' id='word_1_52' title='bbox 1309 969 1490 1014; x_wconf 84' lang='lat' dir='ltr'><em>sancto</em></span> <span class='ocrx_word' id='word_1_53' title='bbox 1530 954 1875 1014; x_wconf 84' lang='lat' dir='ltr'><em>Columbano.</em></span> 
     </span>
    </p>
   </div>
   <div class='ocr_carea' id='block_1_10' title="bbox 906 1026 2041 1083">
    <p class='ocr_par' dir='ltr' id='par_1_10' title="bbox 906 1026 2041 1083">
     <span class='ocr_line' id='line_1_10' title="bbox 906 1026 2041 1083; baseline -0.003 -1"><span class='ocrx_word' id='word_1_54' title='bbox 906 1027 1050 1082; x_wconf 79' lang='lat' dir='ltr'><strong>XIX.</strong></span> <span class='ocrx_word' id='word_1_55' title='bbox 1074 1058 1145 1068; x_wconf 92' lang='lat'><strong>—</strong></span> <span class='ocrx_word' id='word_1_56' title='bbox 1172 1029 1249 1083; x_wconf 86' lang='lat' dir='ltr'><em>De</em></span> <span class='ocrx_word' id='word_1_57' title='bbox 1272 1040 1453 1083; x_wconf 84' lang='lat' dir='ltr'><em>sancto</em></span> <span class='ocrx_word' id='word_1_58' title='bbox 1488 1026 1689 1083; x_wconf 78' lang='lat' dir='ltr'><em>Attalo.</em></span> <span class='ocrx_word' id='word_1_59' title='bbox 2038 1055 2041 1058; x_wconf 56' lang='grc' dir='ltr'>ν</span> 
     </span>
    </p>
   </div>
   <div class='ocr_carea' id='block_1_11' title="bbox 908 1096 2110 1166">
    <p class='ocr_par' dir='ltr' id='par_1_11' title="bbox 908 1096 2110 1166">
     <span class='ocr_line' id='line_1_11' title="bbox 908 1096 2110 1166; baseline 0.001 -15"><span class='ocrx_word' id='word_1_60' title='bbox 908 1097 1029 1151; x_wconf 80' lang='lat' dir='ltr'><em>XX.</em></span> <span class='ocrx_word' id='word_1_61' title='bbox 1060 1128 1130 1138; x_wconf 91' lang='lat'>—</span> <span class='ocrx_word' id='word_1_62' title='bbox 1165 1099 1244 1152; x_wconf 81' lang='lat' dir='ltr'><em>De</em></span> <span class='ocrx_word' id='word_1_63' title='bbox 1270 1100 1467 1153; x_wconf 85' lang='lat' dir='ltr'><em>sanctis</em></span> <span class='ocrx_word' id='word_1_64' title='bbox 1503 1097 1743 1166; x_wconf 81' lang='lat' dir='ltr'><em>Bertulfo</em></span> <span class='ocrx_word' id='word_1_65' title='bbox 1768 1106 1817 1150; x_wconf 80' lang='lat' dir='ltr'><em>et</em></span> <span class='ocrx_word' id='word_1_66' title='bbox 1840 1096 2110 1152; x_wconf 83' lang='lat' dir='ltr'><em>Enstasio.</em></span> 
     </span>
    </p>
   </div>
   <div class='ocr_carea' id='block_1_12' title="bbox 903 1166 2877 1236">
    <p class='ocr_par' dir='ltr' id='par_1_12' title="bbox 903 1166 2877 1236">
     <span class='ocr_line' id='line_1_12' title="bbox 903 1166 2877 1236; baseline 0.001 -16"><span class='ocrx_word' id='word_1_67' title='bbox 903 1166 1047 1220; x_wconf 72' lang='lat' dir='ltr'><strong>XXI.</strong></span> <span class='ocrx_word' id='word_1_68' title='bbox 1074 1199 1144 1208; x_wconf 97' lang='lat'><strong>—</strong></span> <span class='ocrx_word' id='word_1_69' title='bbox 1173 1168 1254 1222; x_wconf 82' lang='lat' dir='ltr'><em>De</em></span> <span class='ocrx_word' id='word_1_70' title='bbox 1271 1171 1468 1223; x_wconf 77' lang='lat' dir='ltr'><em>sanctis</em></span> <span class='ocrx_word' id='word_1_71' title='bbox 1494 1167 1779 1236; x_wconf 82' lang='lat' dir='ltr'><em>Blidulpho</em></span> <span class='ocrx_word' id='word_1_72' title='bbox 1805 1179 1854 1221; x_wconf 85' lang='lat' dir='ltr'><em>et</em></span> <span class='ocrx_word' id='word_1_73' title='bbox 1884 1166 2125 1222; x_wconf 69' lang='lat' dir='ltr'><em>Maroneo</em></span> <span class='ocrx_word' id='word_1_74' title='bbox 2154 1169 2432 1222; x_wconf 79' lang='lat' dir='ltr'><em>monacho.</em></span> <span class='ocrx_word' id='word_1_75' title='bbox 2874 1230 2877 1235; x_wconf 16' lang='grc' dir='ltr'>ι</span> 
     </span>
    </p>
   </div>
   <div class='ocr_carea' id='block_1_13' title="bbox 911 1236 2826 1310">
    <p class='ocr_par' dir='ltr' id='par_1_13' title="bbox 911 1236 2826 1310">
     <span class='ocr_line' id='line_1_13' title="bbox 911 1236 2826 1310; baseline 0.001 -21"><span class='ocrx_word' id='word_1_76' title='bbox 911 1236 1072 1292; x_wconf 79' lang='lat' dir='ltr'><em>XXII.</em></span> <span class='ocrx_word' id='word_1_77' title='bbox 1101 1267 1169 1278; x_wconf 89' lang='lat'><em>-—</em></span> <span class='ocrx_word' id='word_1_78' title='bbox 1192 1238 1269 1293; x_wconf 78' lang='lat' dir='ltr'><em>De</em></span> <span class='ocrx_word' id='word_1_79' title='bbox 1295 1237 1636 1310; x_wconf 85' lang='lat' dir='ltr'><em>Baudagario</em></span> <span class='ocrx_word' id='word_1_80' title='bbox 1659 1247 1707 1292; x_wconf 85' lang='lat' dir='ltr'><em>et</em></span> <span class='ocrx_word' id='word_1_81' title='bbox 1743 1239 1944 1292; x_wconf 78' lang='lat' dir='ltr'><em>cwteris</em></span> <span class='ocrx_word' id='word_1_82' title='bbox 1967 1238 2282 1306; x_wconf 79' lang='lat' dir='ltr'><em>quibusdam</em></span> <span class='ocrx_word' id='word_1_83' title='bbox 2308 1238 2506 1293; x_wconf 80' lang='lat' dir='ltr'><em>sanctis</em></span> <span class='ocrx_word' id='word_1_84' title='bbox 2532 1236 2826 1291; x_wconf 74' lang='lat' dir='ltr'><em>monachis.</em></span> 
     </span>
    </p>
   </div>
   <div class='ocr_carea' id='block_1_14' title="bbox 1294 1426 3005 1526">
    <p class='ocr_par' dir='ltr' id='par_1_14' title="bbox 1294 1426 3005 1526">
     <span class='ocr_line' id='line_1_14' title="bbox 1294 1426 3005 1526; baseline -0.005 0"><span class='ocrx_word' id='word_1_85' title='bbox 1294 1435 1760 1526; x_wconf 84' lang='lat' dir='ltr'><em>INCIPIT</em></span> <span class='ocrx_word' id='word_1_86' title='bbox 1831 1434 2191 1523; x_wconf 79' lang='lat' dir='ltr'><strong>LIBER</strong></span> <span class='ocrx_word' id='word_1_87' title='bbox 2263 1426 3005 1523; x_wconf 84' lang='lat' dir='ltr'><em>UNDECIMUS.</em></span> 
     </span>
    </p>
   </div>
   <div class='ocr_carea' id='block_1_15' title="bbox 1944 1644 2499 1703">
    <p class='ocr_par' dir='ltr' id='par_1_15' title="bbox 1944 1644 2499 1703">
     <span class='ocr_line' id='line_1_15' title="bbox 1944 1644 2499 1703; baseline -0.002 -2"><span class='ocrx_word' id='word_1_88' title='bbox 1944 1645 2172 1703; x_wconf 81' lang='lat' dir='ltr'><em>CAPUT</em></span> <span class='ocrx_word' id='word_1_89' title='bbox 2208 1644 2499 1703; x_wconf 78' lang='lat' dir='ltr'><em>PRIMUM.</em></span> 
     </span>
    </p>
   </div>
   <div class='ocr_carea' id='block_1_16' title="bbox 1446 1741 2934 1831">
    <p class='ocr_par' dir='ltr' id='par_1_16' title="bbox 1446 1741 2934 1831">
     <span class='ocr_line' id='line_1_16' title="bbox 1446 1741 2934 1831; baseline 0.003 -23"><span class='ocrx_word' id='word_1_90' title='bbox 1446 1754 1520 1810; x_wconf 85' lang='lat' dir='ltr'><em>De</em></span> <span class='ocrx_word' id='word_1_91' title='bbox 1544 1741 1738 1809; x_wconf 73' lang='lat' dir='ltr'><em>sanctis</em></span> <span class='ocrx_word' id='word_1_92' title='bbox 1771 1754 2060 1824; x_wconf 76' lang='lat' dir='ltr'><em>Agathone,</em></span> <span class='ocrx_word' id='word_1_93' title='bbox 2092 1756 2262 1813; x_wconf 81' lang='lat' dir='ltr'><em>Leone</em></span> <span class='ocrx_word' id='word_1_94' title='bbox 2286 1769 2332 1813; x_wconf 88' lang='lat' dir='ltr'><em>et</em></span> <span class='ocrx_word' id='word_1_95' title='bbox 2357 1758 2633 1813; x_wconf 79' lang='lat' dir='ltr'><em>Benedicto</em></span> <span class='ocrx_word' id='word_1_96' title='bbox 2660 1759 2934 1831; x_wconf 77' lang='lat' dir='ltr'><em>episcopis.</em></span> 
     </span>
    </p>
   </div>
   <div class='ocr_carea' id='block_1_17' title="bbox 542 1899 3665 1981">
    <p class='ocr_par' dir='ltr' id='par_1_17' title="bbox 542 1899 3665 1981">
     <span class='ocr_line' id='line_1_17' title="bbox 542 1899 3665 1981; baseline -0.001 -12"><span class='ocrx_word' id='word_1_97' title='bbox 542 1913 682 1969; x_wconf 89' lang='lat' dir='ltr'><em>Ilinc</em></span> <span class='ocrx_word' id='word_1_98' title='bbox 705 1911 814 1967; x_wconf 73' lang='lat' dir='ltr'><em>laeti</em></span> <span class='ocrx_word' id='word_1_99' title='bbox 860 1916 1090 1981; x_wconf 84' lang='lat' dir='ltr'><em>surgunt</em></span> <span class='ocrx_word' id='word_1_100' title='bbox 1112 1907 1409 1978; x_wconf 74' lang='lat' dir='ltr'><em>Agathonis</em></span> <span class='ocrx_word' id='word_1_101' title='bbox 1433 1914 1673 1976; x_wconf 85' lang='lat' dir='ltr'><em>tempora</em></span> <span class='ocrx_word' id='word_1_102' title='bbox 1706 1908 1894 1977; x_wconf 68' lang='lat' dir='ltr'><em>patris,</em></span> <span class='ocrx_word' id='word_1_103' title='bbox 2152 1899 2202 1957; x_wconf 77' lang='grc' dir='ltr'><strong>Α</strong></span> <span class='ocrx_word' id='word_1_104' title='bbox 2232 1906 2410 1963; x_wconf 70' lang='lat' dir='ltr'><em>Sexta:</em></span> <span class='ocrx_word' id='word_1_105' title='bbox 2433 1910 2567 1964; x_wconf 89' lang='lat' dir='ltr'><em>scita</em></span> <span class='ocrx_word' id='word_1_106' title='bbox 2595 1909 2792 1979; x_wconf 87' lang='lat' dir='ltr'><em>probat</em></span> <span class='ocrx_word' id='word_1_107' title='bbox 2825 1910 3045 1977; x_wconf 79' lang='lat' dir='ltr'><em>synodi,</em></span> <span class='ocrx_word' id='word_1_108' title='bbox 3070 1909 3405 1981; x_wconf 80' lang='lat' dir='ltr'><em>damnatque</em></span> <span class='ocrx_word' id='word_1_109' title='bbox 3434 1909 3665 1978; x_wconf 79' lang='lat' dir='ltr'><em>rebelles,</em></span> 
     </span>
    </p>
   </div>
   <div class='ocr_carea' id='block_1_18' title="bbox 541 1995 2048 2070">
    <p class='ocr_par' dir='ltr' id='par_1_18' title="bbox 541 1995 2048 2070">
     <span class='ocr_line' id='line_1_18' title="bbox 541 1995 2048 2070; baseline -0.007 -12"><span class='ocrx_word' id='word_1_110' title='bbox 541 2002 732 2058; x_wconf 74' lang='lat' dir='ltr'><em>Mtesta</em></span> <span class='ocrx_word' id='word_1_111' title='bbox 756 2000 974 2070; x_wconf 84' lang='lat' dir='ltr'><em>quidem</em></span> <span class='ocrx_word' id='word_1_112' title='bbox 988 1998 1218 2053; x_wconf 63' lang='lat' dir='ltr'><em>Phoebes</em></span> <span class='ocrx_word' id='word_1_113' title='bbox 1234 1996 1437 2068; x_wconf 87' lang='lat' dir='ltr'><em>pallore</em></span> <span class='ocrx_word' id='word_1_114' title='bbox 1457 1996 1717 2065; x_wconf 88' lang='lat' dir='ltr'><em>obituque</em></span> <span class='ocrx_word' id='word_1_115' title='bbox 1755 1995 2048 2062; x_wconf 76' lang='lat' dir='ltr'><em>Quiritum.</em></span> 
     </span>
    </p>
   </div>
   <div class='ocr_carea' id='block_1_19' title="bbox 540 2085 1877 2159">
    <p class='ocr_par' dir='ltr' id='par_1_19' title="bbox 540 2085 1877 2159">
     <span class='ocr_line' id='line_1_19' title="bbox 540 2085 1877 2159; baseline -0.005 -11"><span class='ocrx_word' id='word_1_116' title='bbox 540 2092 689 2148; x_wconf 63' lang='lat' dir='ltr'><em>Laeta</em></span> <span class='ocrx_word' id='word_1_117' title='bbox 719 2093 813 2146; x_wconf 90' lang='lat' dir='ltr'><em>sed</em></span> <span class='ocrx_word' id='word_1_118' title='bbox 839 2089 1092 2146; x_wconf 70' lang='lat' dir='ltr'><em>Ecclesize</em></span> <span class='ocrx_word' id='word_1_119' title='bbox 1115 2103 1246 2159; x_wconf 83' lang='lat' dir='ltr'><em>pace</em></span> <span class='ocrx_word' id='word_1_120' title='bbox 1273 2087 1594 2158; x_wconf 86' lang='lat' dir='ltr'><em>ahjectuque</em></span> <span class='ocrx_word' id='word_1_121' title='bbox 1616 2085 1877 2141; x_wconf 80' lang='lat' dir='ltr'><em>ferorum.</em></span> 
     </span>
    </p>
   </div>
   <div class='ocr_carea' id='block_1_20' title="bbox 541 2181 1827 2254">
    <p class='ocr_par' dir='ltr' id='par_1_20' title="bbox 541 2181 1827 2254">
     <span class='ocr_line' id='line_1_20' title="bbox 541 2181 1827 2254; baseline -0.002 -15"><span class='ocrx_word' id='word_1_122' title='bbox 541 2185 679 2239; x_wconf 86' lang='lat' dir='ltr'><em>Dum</em></span> <span class='ocrx_word' id='word_1_123' title='bbox 712 2199 864 2254; x_wconf 83' lang='lat' dir='ltr'><em>reges</em></span> <span class='ocrx_word' id='word_1_124' title='bbox 882 2191 1178 2253; x_wconf 72' lang='lat' dir='ltr'><em>patresque</em></span> <span class='ocrx_word' id='word_1_125' title='bbox 1203 2182 1349 2236; x_wconf 83' lang='lat' dir='ltr'><em>Petri</em></span> <span class='ocrx_word' id='word_1_126' title='bbox 1372 2181 1643 2235; x_wconf 88' lang='lat' dir='ltr'><em>consortia</em></span> <span class='ocrx_word' id='word_1_127' title='bbox 1684 2181 1827 2236; x_wconf 82' lang='lat' dir='ltr'><em>sedis</em></span> 
     </span>
    </p>
   </div>
   <div class='ocr_carea' id='block_1_21' title="bbox 540 2269 1822 2345">
    <p class='ocr_par' dir='ltr' id='par_1_21' title="bbox 540 2269 1822 2345">
     <span class='ocr_line' id='line_1_21' title="bbox 540 2269 1822 2345; baseline -0.006 -15"><span class='ocrx_word' id='word_1_128' title='bbox 540 2276 872 2345; x_wconf 77' lang='lat' dir='ltr'><em>Esposcunt,</em></span> <span class='ocrx_word' id='word_1_129' title='bbox 907 2271 1147 2329; x_wconf 81' lang='lat' dir='ltr'><em>hilarans</em></span> <span class='ocrx_word' id='word_1_130' title='bbox 1170 2270 1358 2342; x_wconf 84' lang='lat' dir='ltr'><em>legatis</em></span> <span class='ocrx_word' id='word_1_131' title='bbox 1387 2269 1557 2324; x_wconf 75' lang='lat' dir='ltr'><em>Roma</em></span> <span class='ocrx_word' id='word_1_132' title='bbox 1583 2284 1822 2325; x_wconf 83' lang='lat' dir='ltr'><strong><em>sororem</em></strong></span> 
     </span>
    </p>
   </div>
   <div class='ocr_carea' id='block_1_22' title="bbox 537 2362 1902 2433">
    <p class='ocr_par' dir='ltr' id='par_1_22' title="bbox 537 2362 1902 2433">
     <span class='ocr_line' id='line_1_22' title="bbox 537 2362 1902 2433; baseline -0.003 -13"><span class='ocrx_word' id='word_1_133' title='bbox 537 2366 755 2430; x_wconf 87' lang='lat' dir='ltr'><em>Imbuit,</em></span> <span class='ocrx_word' id='word_1_134' title='bbox 780 2374 835 2419; x_wconf 92' lang='lat' dir='ltr'><em>et</em></span> <span class='ocrx_word' id='word_1_135' title='bbox 857 2363 1289 2433; x_wconf 82' lang='lat' dir='ltr'><em>consanguineos</em></span> <span class='ocrx_word' id='word_1_136' title='bbox 1317 2362 1417 2420; x_wconf 85' lang='lat' dir='ltr'><em>sibi</em></span> <span class='ocrx_word' id='word_1_137' title='bbox 1442 2362 1609 2417; x_wconf 90' lang='lat' dir='ltr'><em>nectit</em></span> <span class='ocrx_word' id='word_1_138' title='bbox 1632 2364 1902 2426; x_wconf 90' lang='lat' dir='ltr'><em>alumnos,</em></span> 
     </span>
    </p>
   </div>
   <div class='ocr_carea' id='block_1_23' title="bbox 544 2451 1970 2523">
    <p class='ocr_par' dir='ltr' id='par_1_23' title="bbox 544 2451 1970 2523">
     <span class='ocr_line' id='line_1_23' title="bbox 544 2451 1970 2523; baseline -0.004 -12"><span class='ocrx_word' id='word_1_139' title='bbox 544 2456 900 2511; x_wconf 75' lang='lat' dir='ltr'><em>Setluctorcm</em></span> <span class='ocrx_word' id='word_1_140' title='bbox 931 2452 1136 2522; x_wconf 80' lang='lat' dir='ltr'><em>objicit,</em></span> <span class='ocrx_word' id='word_1_141' title='bbox 1166 2452 1397 2523; x_wconf 81' lang='lat' dir='ltr'><strong><em>primam</em></strong></span> <span class='ocrx_word' id='word_1_142' title='bbox 1422 2453 1623 2522; x_wconf 80' lang='lat' dir='ltr'><em>pietate</em></span> <span class='ocrx_word' id='word_1_143' title='bbox 1655 2451 1970 2507; x_wconf 78' lang='lat' dir='ltr'><em>cathedram</em></span> 
     </span>
    </p>
   </div>
   <div class='ocr_carea' id='block_1_24' title="bbox 538 2547 1807 2618">
    <p class='ocr_par' dir='ltr' id='par_1_24' title="bbox 538 2547 1807 2618">
     <span class='ocr_line' id='line_1_24' title="bbox 538 2547 1807 2618; baseline -0.009 -11"><span class='ocrx_word' id='word_1_144' title='bbox 538 2552 559 2607; x_wconf 88' lang='grc' dir='ltr'>ι</span> <span class='ocrx_word' id='word_1_145' title='bbox 584 2551 774 2606; x_wconf 90' lang='lat' dir='ltr'><em>lustrat</em></span> <span class='ocrx_word' id='word_1_146' title='bbox 794 2547 964 2608; x_wconf 90' lang='lat' dir='ltr'><em>Petri,</em></span> <span class='ocrx_word' id='word_1_147' title='bbox 1000 2547 1226 2617; x_wconf 89' lang='lat' dir='ltr'><em>telisque</em></span> <span class='ocrx_word' id='word_1_148' title='bbox 1247 2555 1512 2618; x_wconf 79' lang='lat' dir='ltr'><em>expurgat</em></span> <span class='ocrx_word' id='word_1_149' title='bbox 1533 2554 1807 2614; x_wconf 89' lang='lat' dir='ltr'><em>apertam;</em></span> 
     </span>
    </p>
   </div>
   <div class='ocr_carea' id='block_1_25' title="bbox 538 2635 1953 2709">
    <p class='ocr_par' dir='ltr' id='par_1_25' title="bbox 538 2635 1953 2709">
     <span class='ocr_line' id='line_1_25' title="bbox 538 2635 1953 2709; baseline -0.006 -14"><span class='ocrx_word' id='word_1_150' title='bbox 538 2641 717 2695; x_wconf 82' lang='lat' dir='ltr'><em>Imhre</em></span> <span class='ocrx_word' id='word_1_151' title='bbox 751 2637 1064 2695; x_wconf 70' lang='lat' dir='ltr'><em>venenifero</em></span> <span class='ocrx_word' id='word_1_152' title='bbox 1103 2646 1323 2709; x_wconf 80' lang='lat' dir='ltr'><em>turgens</em></span> <span class='ocrx_word' id='word_1_153' title='bbox 1349 2653 1470 2708; x_wconf 61' lang='lat' dir='ltr'><em>qua:</em></span> <span class='ocrx_word' id='word_1_154' title='bbox 1492 2636 1639 2690; x_wconf 85' lang='lat' dir='ltr'><em>nevit</em></span> <span class='ocrx_word' id='word_1_155' title='bbox 1673 2635 1953 2698; x_wconf 82' lang='lat' dir='ltr'><em>Arachne,</em></span> 
     </span>
    </p>
   </div>
   <div class='ocr_carea' id='block_1_26' title="bbox 538 2727 1838 2798">
    <p class='ocr_par' dir='ltr' id='par_1_26' title="bbox 538 2727 1838 2798">
     <span class='ocr_line' id='line_1_26' title="bbox 538 2727 1838 2798; baseline -0.002 -12"><span class='ocrx_word' id='word_1_156' title='bbox 538 2730 768 2786; x_wconf 81' lang='lat' dir='ltr'><em>Ahradit</em></span> <span class='ocrx_word' id='word_1_157' title='bbox 794 2729 1073 2798; x_wconf 76' lang='lat' dir='ltr'><em>reprobos,</em></span> <span class='ocrx_word' id='word_1_158' title='bbox 1112 2740 1239 2798; x_wconf 87' lang='lat' dir='ltr'><em>apto</em></span> <span class='ocrx_word' id='word_1_159' title='bbox 1262 2728 1391 2782; x_wconf 87' lang='lat' dir='ltr'><em>colit</em></span> <span class='ocrx_word' id='word_1_160' title='bbox 1419 2727 1516 2782; x_wconf 91' lang='lat' dir='ltr'><em>ord</em></span> <span class='ocrx_word' id='word_1_161' title='bbox 1541 2742 1607 2782; x_wconf 92' lang='lat' dir='ltr'><em>ne</em></span> <span class='ocrx_word' id='word_1_162' title='bbox 1630 2728 1838 2797; x_wconf 86' lang='lat' dir='ltr'><em>dignos.</em></span> 
     </span>
    </p>
   </div>
   <div class='ocr_carea' id='block_1_27' title="bbox 540 2818 1705 2889">
    <p class='ocr_par' dir='ltr' id='par_1_27' title="bbox 540 2818 1705 2889">
     <span class='ocr_line' id='line_1_27' title="bbox 540 2818 1705 2889; baseline -0.003 -13"><span class='ocrx_word' id='word_1_163' title='bbox 540 2822 738 2877; x_wconf 78' lang='lat' dir='ltr'><em>.Iunior</em></span> <span class='ocrx_word' id='word_1_164' title='bbox 758 2821 885 2877; x_wconf 89' lang='lat' dir='ltr'><em>inde</em></span> <span class='ocrx_word' id='word_1_165' title='bbox 912 2820 1020 2876; x_wconf 87' lang='lat' dir='ltr'><em>Leo</em></span> <span class='ocrx_word' id='word_1_166' title='bbox 1049 2819 1214 2875; x_wconf 86' lang='lat' dir='ltr'><em>Graio</em></span> <span class='ocrx_word' id='word_1_167' title='bbox 1236 2819 1499 2889; x_wconf 83' lang='lat' dir='ltr'><em>Latioque</em></span> <span class='ocrx_word' id='word_1_168' title='bbox 1523 2818 1705 2888; x_wconf 89' lang='lat' dir='ltr'><em>lepore</em></span> 
     </span>
    </p>
   </div>
   <div class='ocr_carea' id='block_1_28' title="bbox 538 2909 1799 2984">
    <p class='ocr_par' dir='ltr' id='par_1_28' title="bbox 538 2909 1799 2984">
     <span class='ocr_line' id='line_1_28' title="bbox 538 2909 1799 2984; baseline -0.003 -16"><span class='ocrx_word' id='word_1_169' title='bbox 538 2915 752 2982; x_wconf 75' lang='lat' dir='ltr'><em>Cultus,</em></span> <span class='ocrx_word' id='word_1_170' title='bbox 775 2920 829 2968; x_wconf 90' lang='lat' dir='ltr'><em>et</em></span> <span class='ocrx_word' id='word_1_171' title='bbox 856 2912 1129 2984; x_wconf 76' lang='lat' dir='ltr'><em>organicis</em></span> <span class='ocrx_word' id='word_1_172' title='bbox 1156 2920 1406 2968; x_wconf 85' lang='lat' dir='ltr'><em>assuetus</em></span> <span class='ocrx_word' id='word_1_173' title='bbox 1431 2925 1562 2966; x_wconf 88' lang='lat' dir='ltr'><em>voce</em></span> <span class='ocrx_word' id='word_1_174' title='bbox 1584 2909 1799 2966; x_wconf 89' lang='lat' dir='ltr'><em>choreis</em></span> 
     </span>
    </p>
   </div>
   <div class='ocr_carea' id='block_1_29' title="bbox 544 2998 2034 3069">
    <p class='ocr_par' dir='ltr' id='par_1_29' title="bbox 544 2998 2034 3069">
     <span class='ocr_line' id='line_1_29' title="bbox 544 2998 2034 3069; baseline -0.007 -6"><span class='ocrx_word' id='word_1_175' title='bbox 544 3005 758 3063; x_wconf 82' lang='lat' dir='ltr'><em>l‘lebem</em></span> <span class='ocrx_word' id='word_1_176' title='bbox 782 3005 847 3060; x_wconf 88' lang='lat' dir='ltr'><em>ad</em></span> <span class='ocrx_word' id='word_1_177' title='bbox 875 3004 1021 3059; x_wconf 88' lang='lat' dir='ltr'><em>celsa</em></span> <span class='ocrx_word' id='word_1_178' title='bbox 1044 3011 1223 3069; x_wconf 84' lang='lat' dir='ltr'><em>vocat,</em></span> <span class='ocrx_word' id='word_1_179' title='bbox 1259 3018 1518 3059; x_wconf 84' lang='lat' dir='ltr'><em>concessa</em></span> <span class='ocrx_word' id='word_1_180' title='bbox 1545 3000 1612 3056; x_wconf 89' lang='lat' dir='ltr'><em>ad</em></span> <span class='ocrx_word' id='word_1_181' title='bbox 1652 3000 1799 3059; x_wconf 89' lang='lat' dir='ltr'><em>lucra</em></span> <span class='ocrx_word' id='word_1_182' title='bbox 1832 2998 2034 3053; x_wconf 87' lang='lat' dir='ltr'><em>talenta</em></span> 
     </span>
    </p>
   </div>
   <div class='ocr_carea' id='block_1_30' title="bbox 551 3092 2064 3168">
    <p class='ocr_par' dir='ltr' id='par_1_30' title="bbox 551 3092 2064 3168">
     <span class='ocr_line' id='line_1_30' title="bbox 551 3092 2064 3168; baseline -0.005 -17"><span class='ocrx_word' id='word_1_183' title='bbox 551 3097 793 3168; x_wconf 74' lang='lat' dir='ltr'><em>Spargit,</em></span> <span class='ocrx_word' id='word_1_184' title='bbox 818 3097 1000 3166; x_wconf 81' lang='lat' dir='ltr'><em>largus</em></span> <span class='ocrx_word' id='word_1_185' title='bbox 1028 3097 1206 3166; x_wconf 88' lang='lat' dir='ltr'><em>inops,</em></span> <span class='ocrx_word' id='word_1_186' title='bbox 1239 3097 1564 3165; x_wconf 85' lang='lat' dir='ltr'><em>inopumque</em></span> <span class='ocrx_word' id='word_1_187' title='bbox 1594 3094 1873 3165; x_wconf 86' lang='lat' dir='ltr'><em>piissimus</em></span> <span class='ocrx_word' id='word_1_188' title='bbox 1900 3092 2064 3146; x_wconf 78' lang='lat' dir='ltr'><em>altor.</em></span> 
     </span>
    </p>
   </div>
   <div class='ocr_carea' id='block_1_31' title="bbox 2234 1996 3500 2073">
    <p class='ocr_par' dir='ltr' id='par_1_31' title="bbox 2234 1996 3500 2073">
     <span class='ocr_line' id='line_1_31' title="bbox 2234 1996 3500 2073; baseline 0.003 -20"><span class='ocrx_word' id='word_1_189' title='bbox 2234 1996 2517 2066; x_wconf 68' lang='lat' dir='ltr'><em>Subjectos</em></span> <span class='ocrx_word' id='word_1_190' title='bbox 2552 2000 2778 2066; x_wconf 80' lang='lat' dir='ltr'><em>refovet,</em></span> <span class='ocrx_word' id='word_1_191' title='bbox 2805 2000 2951 2056; x_wconf 87' lang='lat' dir='ltr'><em>sedis</em></span> <span class='ocrx_word' id='word_1_192' title='bbox 2974 2001 3059 2071; x_wconf 89' lang='lat' dir='ltr'><em>pia</em></span> <span class='ocrx_word' id='word_1_193' title='bbox 3080 1999 3206 2071; x_wconf 81' lang='lat' dir='ltr'><em>jura</em></span> <span class='ocrx_word' id='word_1_194' title='bbox 3240 2009 3500 2073; x_wconf 80' lang='lat' dir='ltr'><em>receptat,</em></span> 
     </span>
    </p>
   </div>
   <div class='ocr_carea' id='block_1_32' title="bbox 2234 2086 3551 2163">
    <p class='ocr_par' dir='ltr' id='par_1_32' title="bbox 2234 2086 3551 2163">
     <span class='ocr_line' id='line_1_32' title="bbox 2234 2086 3551 2163; baseline 0.003 -20"><span class='ocrx_word' id='word_1_195' title='bbox 2234 2086 2402 2145; x_wconf 89' lang='lat' dir='ltr'><em>Paulo</em></span> <span class='ocrx_word' id='word_1_196' title='bbox 2428 2090 2623 2163; x_wconf 75' lang='lat' dir='ltr'><em>templa</em></span> <span class='ocrx_word' id='word_1_197' title='bbox 2647 2091 2812 2157; x_wconf 76' lang='lat' dir='ltr'><em>dicat,</em></span> <span class='ocrx_word' id='word_1_198' title='bbox 2835 2092 2994 2147; x_wconf 89' lang='lat' dir='ltr'><em>donis</em></span> <span class='ocrx_word' id='word_1_199' title='bbox 3021 2101 3077 2147; x_wconf 86' lang='lat' dir='ltr'><em>et</em></span> <span class='ocrx_word' id='word_1_200' title='bbox 3102 2092 3340 2148; x_wconf 89' lang='lat' dir='ltr'><em>cultibus</em></span> <span class='ocrx_word' id='word_1_201' title='bbox 3372 2101 3551 2159; x_wconf 85' lang='lat' dir='ltr'><em>ornat,</em></span> 
     </span>
    </p>
   </div>
   <div class='ocr_carea' id='block_1_33' title="bbox 2235 2182 3462 2256">
    <p class='ocr_par' dir='ltr' id='par_1_33' title="bbox 2235 2182 3462 2256">
     <span class='ocr_line' id='line_1_33' title="bbox 2235 2182 3462 2256; baseline 0.003 -19"><span class='ocrx_word' id='word_1_202' title='bbox 2235 2182 2540 2253; x_wconf 86' lang='lat' dir='ltr'><em>Deliquium</em></span> <span class='ocrx_word' id='word_1_203' title='bbox 2567 2183 2710 2239; x_wconf 82' lang='lat' dir='ltr'><em>Iume</em></span> <span class='ocrx_word' id='word_1_204' title='bbox 2736 2184 2985 2255; x_wconf 85' lang='lat' dir='ltr'><em>sequitur</em></span> <span class='ocrx_word' id='word_1_205' title='bbox 3014 2184 3260 2240; x_wconf 84' lang='lat' dir='ltr'><em>decessio</em></span> <span class='ocrx_word' id='word_1_206' title='bbox 3287 2198 3462 2256; x_wconf 66' lang='lat' dir='ltr'><em>papae.</em></span> 
     </span>
    </p>
   </div>
   <div class='ocr_carea' id='block_1_34' title="bbox 2235 2271 3574 2331">
    <p class='ocr_par' dir='ltr' id='par_1_34' title="bbox 2235 2271 3574 2331">
     <span class='ocr_line' id='line_1_34' title="bbox 2235 2271 3574 2331; baseline 0.001 -4"><span class='ocrx_word' id='word_1_207' title='bbox 2235 2271 2537 2330; x_wconf 88' lang='lat' dir='ltr'><em>Instructus</em></span> <span class='ocrx_word' id='word_1_208' title='bbox 2566 2274 2741 2330; x_wconf 88' lang='lat' dir='ltr'><em>sacris</em></span> <span class='ocrx_word' id='word_1_209' title='bbox 2765 2273 3091 2330; x_wconf 85' lang='lat' dir='ltr'><em>Benedictus</em></span> <span class='ocrx_word' id='word_1_210' title='bbox 3121 2289 3277 2331; x_wconf 85' lang='lat' dir='ltr'><em>sacra</em></span> <span class='ocrx_word' id='word_1_211' title='bbox 3310 2273 3574 2330; x_wconf 90' lang='lat' dir='ltr'><em>secundus</em></span> 
     </span>
    </p>
   </div>
   <div class='ocr_carea' id='block_1_35' title="bbox 2236 2361 3568 2436">
    <p class='ocr_par' dir='ltr' id='par_1_35' title="bbox 2236 2361 3568 2436">
     <span class='ocr_line' id='line_1_35' title="bbox 2236 2361 3568 2436; baseline 0.001 -19"><span class='ocrx_word' id='word_1_212' title='bbox 2236 2361 2369 2418; x_wconf 83' lang='lat' dir='ltr'><em>Jura</em></span> <span class='ocrx_word' id='word_1_213' title='bbox 2390 2366 2558 2434; x_wconf 90' lang='lat' dir='ltr'><em>capit,</em></span> <span class='ocrx_word' id='word_1_214' title='bbox 2579 2365 2705 2422; x_wconf 88' lang='lat' dir='ltr'><em>divo</em></span> <span class='ocrx_word' id='word_1_215' title='bbox 2725 2365 2930 2436; x_wconf 74' lang='lat' dir='ltr'><em>sophia:</em></span> <span class='ocrx_word' id='word_1_216' title='bbox 2955 2365 3047 2436; x_wconf 85' lang='lat' dir='ltr'><em>qui</em></span> <span class='ocrx_word' id='word_1_217' title='bbox 3077 2365 3225 2422; x_wconf 87' lang='lat' dir='ltr'><em>l&#39;onte</em></span> <span class='ocrx_word' id='word_1_218' title='bbox 3246 2365 3568 2429; x_wconf 82' lang='lat' dir='ltr'><em>redundans,</em></span> 
     </span>
    </p>
   </div>
   <div class='ocr_carea' id='block_1_36' title="bbox 2237 2452 3599 2530">
    <p class='ocr_par' dir='ltr' id='par_1_36' title="bbox 2237 2452 3599 2530">
     <span class='ocr_line' id='line_1_36' title="bbox 2237 2452 3599 2530; baseline 0 -19"><span class='ocrx_word' id='word_1_219' title='bbox 2237 2452 2348 2511; x_wconf 84' lang='lat' dir='ltr'><em>Ore</em></span> <span class='ocrx_word' id='word_1_220' title='bbox 2373 2472 2644 2527; x_wconf 90' lang='lat' dir='ltr'><em>manuque</em></span> <span class='ocrx_word' id='word_1_221' title='bbox 2661 2457 2774 2512; x_wconf 89' lang='lat' dir='ltr'><em>dati</em></span> <span class='ocrx_word' id='word_1_222' title='bbox 2802 2472 2992 2513; x_wconf 89' lang='lat' dir='ltr'><em>munus</em></span> <span class='ocrx_word' id='word_1_223' title='bbox 3022 2458 3367 2530; x_wconf 81' lang='lat' dir='ltr'><em>cognominis</em></span> <span class='ocrx_word' id='word_1_224' title='bbox 3402 2456 3599 2527; x_wconf 82' lang='lat' dir='ltr'><em>implet,</em></span> 
     </span>
    </p>
   </div>
   <div class='ocr_carea' id='block_1_37' title="bbox 2238 2546 3558 2622">
    <p class='ocr_par' dir='ltr' id='par_1_37' title="bbox 2238 2546 3558 2622">
     <span class='ocr_line' id='line_1_37' title="bbox 2238 2546 3558 2622; baseline 0.001 -21"><span class='ocrx_word' id='word_1_225' title='bbox 2238 2546 2517 2619; x_wconf 83' lang='lat' dir='ltr'><em>Regminis</em></span> <span class='ocrx_word' id='word_1_226' title='bbox 2540 2559 2595 2603; x_wconf 91' lang='lat' dir='ltr'><em>et</em></span> <span class='ocrx_word' id='word_1_227' title='bbox 2632 2549 2826 2622; x_wconf 87' lang='lat' dir='ltr'><em>dignus</em></span> <span class='ocrx_word' id='word_1_228' title='bbox 2856 2549 3000 2621; x_wconf 85' lang='lat' dir='ltr'><em>larga</em></span> <span class='ocrx_word' id='word_1_229' title='bbox 3030 2550 3273 2606; x_wconf 88' lang='lat' dir='ltr'><em>bonitate</em></span> <span class='ocrx_word' id='word_1_230' title='bbox 3307 2549 3519 2605; x_wconf 79' lang='lat' dir='ltr'><em>renidet</em></span> <span class='ocrx_word' id='word_1_231' title='bbox 3544 2563 3558 2602; x_wconf 88' lang='lat'><strong>:</strong></span> 
     </span>
    </p>
   </div>
   <div class='ocr_carea' id='block_1_38' title="bbox 2236 2637 3537 2712">
    <p class='ocr_par' dir='ltr' id='par_1_38' title="bbox 2236 2637 3537 2712">
     <span class='ocr_line' id='line_1_38' title="bbox 2236 2637 3537 2712; baseline 0.005 -21"><span class='ocrx_word' id='word_1_232' title='bbox 2236 2637 2811 2711; x_wconf 80' lang='lat' dir='ltr'><em>Mansuetus,patiens,</em></span> <span class='ocrx_word' id='word_1_233' title='bbox 2842 2656 3027 2712; x_wconf 73' lang='lat' dir='ltr'><em>prona:</em></span> <span class='ocrx_word' id='word_1_234' title='bbox 3057 2641 3279 2701; x_wconf 79' lang='lat' dir='ltr'><em>virtutis</em></span> <span class='ocrx_word' id='word_1_235' title='bbox 3308 2651 3537 2697; x_wconf 87' lang='lat' dir='ltr'><em>amator.</em></span> 
     </span>
    </p>
   </div>
   <div class='ocr_carea' id='block_1_39' title="bbox 2237 2727 3614 2801">
    <p class='ocr_par' dir='ltr' id='par_1_39' title="bbox 2237 2727 3614 2801">
     <span class='ocr_line' id='line_1_39' title="bbox 2237 2727 3614 2801; baseline 0.001 -20"><span class='ocrx_word' id='word_1_236' title='bbox 2237 2727 2582 2798; x_wconf 90' lang='lat' dir='ltr'><em>Templorum</em></span> <span class='ocrx_word' id='word_1_237' title='bbox 2614 2740 2830 2801; x_wconf 86' lang='lat' dir='ltr'><em>reparat</em></span> <span class='ocrx_word' id='word_1_238' title='bbox 2852 2731 3057 2801; x_wconf 84' lang='lat' dir='ltr'><em>lapsus,</em></span> <span class='ocrx_word' id='word_1_239' title='bbox 3084 2731 3337 2801; x_wconf 82' lang='lat' dir='ltr'><em>dependit</em></span> <span class='ocrx_word' id='word_1_240' title='bbox 3370 2731 3614 2795; x_wconf 87' lang='lat' dir='ltr'><em>amictus,</em></span> 
     </span>
    </p>
   </div>
   <div class='ocr_carea' id='block_1_40' title="bbox 2235 2817 3502 2888">
    <p class='ocr_par' dir='ltr' id='par_1_40' title="bbox 2235 2817 3502 2888">
     <span class='ocr_line' id='line_1_40' title="bbox 2235 2817 3502 2888; baseline 0 -16"><span class='ocrx_word' id='word_1_241' title='bbox 2235 2817 2553 2888; x_wconf 83' lang='lat' dir='ltr'><em>Multiplicat</em></span> <span class='ocrx_word' id='word_1_242' title='bbox 2576 2819 2774 2885; x_wconf 90' lang='lat' dir='ltr'><em>cultus,</em></span> <span class='ocrx_word' id='word_1_243' title='bbox 2802 2818 3002 2875; x_wconf 84' lang='lat' dir='ltr'><em>attollit</em></span> <span class='ocrx_word' id='word_1_244' title='bbox 3032 2834 3258 2875; x_wconf 89' lang='lat' dir='ltr'><em>munere</em></span> <span class='ocrx_word' id='word_1_245' title='bbox 3284 2833 3502 2884; x_wconf 88' lang='lat' dir='ltr'><em>census,</em></span> 
     </span>
    </p>
   </div>
   <div class='ocr_carea' id='block_1_41' title="bbox 2233 2910 3605 2983">
    <p class='ocr_par' dir='ltr' id='par_1_41' title="bbox 2233 2910 3605 2983">
     <span class='ocr_line' id='line_1_41' title="bbox 2233 2910 3605 2983; baseline -0.001 -18"><span class='ocrx_word' id='word_1_246' title='bbox 2233 2910 2483 2967; x_wconf 68' lang='lat' dir='ltr'><em>Caesareo</em></span> <span class='ocrx_word' id='word_1_247' title='bbox 2508 2911 2706 2975; x_wconf 87' lang='lat' dir='ltr'><em>ﬂorent</em></span> <span class='ocrx_word' id='word_1_248' title='bbox 2731 2913 2936 2982; x_wconf 89' lang='lat' dir='ltr'><em>pariter</em></span> <span class='ocrx_word' id='word_1_249' title='bbox 2956 2920 3110 2983; x_wconf 88' lang='lat' dir='ltr'><em>pater</em></span> <span class='ocrx_word' id='word_1_250' title='bbox 3144 2912 3382 2983; x_wconf 86' lang='lat' dir='ltr'><em>urbsque</em></span> <span class='ocrx_word' id='word_1_251' title='bbox 3406 2911 3605 2975; x_wconf 82' lang='lat' dir='ltr'><em>favore;</em></span> 
     </span>
    </p>
   </div>
   <div class='ocr_carea' id='block_1_42' title="bbox 2233 2999 3633 3073">
    <p class='ocr_par' dir='ltr' id='par_1_42' title="bbox 2233 2999 3633 3073">
     <span class='ocr_line' id='line_1_42' title="bbox 2233 2999 3633 3073; baseline 0.004 -19"><span class='ocrx_word' id='word_1_252' title='bbox 2233 2999 2396 3071; x_wconf 85' lang='lat' dir='ltr'><em>Signa</em></span> <span class='ocrx_word' id='word_1_253' title='bbox 2427 3001 2551 3071; x_wconf 90' lang='lat' dir='ltr'><em>polo</em></span> <span class='ocrx_word' id='word_1_254' title='bbox 2581 3002 2804 3056; x_wconf 87' lang='lat' dir='ltr'><em>rutilant</em></span> <span class='ocrx_word' id='word_1_255' title='bbox 2833 3001 3091 3071; x_wconf 84' lang='lat' dir='ltr'><em>Bebiique</em></span> <span class='ocrx_word' id='word_1_256' title='bbox 3117 3002 3369 3057; x_wconf 88' lang='lat' dir='ltr'><em>incendia</em></span> <span class='ocrx_word' id='word_1_257' title='bbox 3390 3001 3633 3073; x_wconf 82' lang='lat' dir='ltr'><em>ﬂagrant:</em></span> 
     </span>
    </p>
   </div>
   <div class='ocr_carea' id='block_1_43' title="bbox 2228 3089 3521 3164">
    <p class='ocr_par' dir='ltr' id='par_1_43' title="bbox 2228 3089 3521 3164">
     <span class='ocr_line' id='line_1_43' title="bbox 2228 3089 3521 3164; baseline -0.002 -19"><span class='ocrx_word' id='word_1_258' title='bbox 2228 3090 2435 3146; x_wconf 62' lang='lat' dir='ltr'><em>Slactus</em></span> <span class='ocrx_word' id='word_1_259' title='bbox 2457 3091 2663 3146; x_wconf 85' lang='lat' dir='ltr'><em>honore</em></span> <span class='ocrx_word' id='word_1_260' title='bbox 2689 3105 2847 3146; x_wconf 87' lang='lat' dir='ltr'><em>sacer</em></span> <span class='ocrx_word' id='word_1_261' title='bbox 2879 3092 3028 3162; x_wconf 83' lang='lat' dir='ltr'><em>regni</em></span> <span class='ocrx_word' id='word_1_262' title='bbox 3068 3089 3284 3164; x_wconf 77' lang='lat' dir='ltr'><em>fastigia</em></span> <span class='ocrx_word' id='word_1_263' title='bbox 3313 3099 3521 3161; x_wconf 83' lang='lat' dir='ltr'><em>captat.</em></span> 
     </span>
    </p>
   </div>
   <div class='ocr_carea' id='block_1_44' title="bbox 1988 3272 2324 3329">
    <p class='ocr_par' dir='ltr' id='par_1_44' title="bbox 1988 3272 2324 3329">
     <span class='ocr_line' id='line_1_44' title="bbox 1988 3272 2324 3329; baseline -0.003 -1"><span class='ocrx_word' id='word_1_264' title='bbox 1988 3272 2219 3329; x_wconf 79' lang='lat' dir='ltr'><strong>CAPUT</strong></span> <span class='ocrx_word' id='word_1_265' title='bbox 2259 3272 2324 3327; x_wconf 87' lang='lat' dir='ltr'><em>II.</em></span> 
     </span>
    </p>
   </div>
   <div class='ocr_carea' id='block_1_45' title="bbox 1616 3380 2736 3452">
    <p class='ocr_par' dir='ltr' id='par_1_45' title="bbox 1616 3380 2736 3452">
     <span class='ocr_line' id='line_1_45' title="bbox 1616 3380 2736 3452; baseline 0.002 -18"><span class='ocrx_word' id='word_1_266' title='bbox 1616 3380 1692 3435; x_wconf 87' lang='lat' dir='ltr'><em>De</em></span> <span class='ocrx_word' id='word_1_267' title='bbox 1716 3381 1896 3452; x_wconf 83' lang='lat' dir='ltr'><em>quinto</em></span> <span class='ocrx_word' id='word_1_268' title='bbox 1919 3384 2147 3451; x_wconf 72' lang='lat' dir='ltr'><em>Joanne,</em></span> <span class='ocrx_word' id='word_1_269' title='bbox 2172 3385 2398 3441; x_wconf 80' lang='lat' dir='ltr'><em>Conone</em></span> <span class='ocrx_word' id='word_1_270' title='bbox 2417 3401 2478 3439; x_wconf 89' lang='lat' dir='ltr'><em>ac</em></span> <span class='ocrx_word' id='word_1_271' title='bbox 2515 3382 2736 3438; x_wconf 65' lang='lat' dir='ltr'><em>caneris.</em></span> 
     </span>
    </p>
   </div>
   <div class='ocr_carea' id='block_1_46' title="bbox 546 3532 1919 3605">
    <p class='ocr_par' dir='ltr' id='par_1_46' title="bbox 546 3532 1919 3605">
     <span class='ocr_line' id='line_1_46' title="bbox 546 3532 1919 3605; baseline -0.001 -14"><span class='ocrx_word' id='word_1_272' title='bbox 546 3535 729 3605; x_wconf 80' lang='lat' dir='ltr'><em>Stirpe</em></span> <span class='ocrx_word' id='word_1_273' title='bbox 751 3533 886 3605; x_wconf 80' lang='lat' dir='ltr'><em>Syra</em></span> <span class='ocrx_word' id='word_1_274' title='bbox 917 3534 1393 3603; x_wconf 83' lang='lat' dir='ltr'><em>vcniens,qnintus</em></span> <span class='ocrx_word' id='word_1_275' title='bbox 1415 3532 1657 3587; x_wconf 80' lang='lat' dir='ltr'><em>Romana</em></span> <span class='ocrx_word' id='word_1_276' title='bbox 1681 3532 1919 3589; x_wconf 81' lang='lat' dir='ltr'><em>Joannes</em></span> 
     </span>
    </p>
   </div>
   <div class='ocr_carea' id='block_1_47' title="bbox 541 3623 1742 3696">
    <p class='ocr_par' dir='ltr' id='par_1_47' title="bbox 541 3623 1742 3696">
     <span class='ocr_line' id='line_1_47' title="bbox 541 3623 1742 3696; baseline -0.004 -14"><span class='ocrx_word' id='word_1_277' title='bbox 541 3627 790 3682; x_wconf 73' lang='lat' dir='ltr'><em>Culmina</em></span> <span class='ocrx_word' id='word_1_278' title='bbox 819 3627 1069 3691; x_wconf 84' lang='lat' dir='ltr'><em>sortitur,</em></span> <span class='ocrx_word' id='word_1_279' title='bbox 1107 3624 1377 3696; x_wconf 81' lang='lat' dir='ltr'><em>generalis</em></span> <span class='ocrx_word' id='word_1_280' title='bbox 1404 3623 1606 3679; x_wconf 64' lang='lat' dir='ltr'><em>{uadere</em></span> <span class='ocrx_word' id='word_1_281' title='bbox 1634 3625 1742 3679; x_wconf 86' lang='lat' dir='ltr'><em>voti</em></span> 
     </span>
    </p>
   </div>
   <div class='ocr_carea' id='block_1_48' title="bbox 546 3719 2042 3783">
    <p class='ocr_par' dir='ltr' id='par_1_48' title="bbox 546 3719 2042 3783">
     <span class='ocr_line' id='line_1_48' title="bbox 546 3719 2042 3783; baseline -0.003 -7"><span class='ocrx_word' id='word_1_282' title='bbox 546 3722 817 3776; x_wconf 83' lang='lat' dir='ltr'><em>Strenuus</em></span> <span class='ocrx_word' id='word_1_283' title='bbox 836 3728 894 3775; x_wconf 90' lang='lat' dir='ltr'><em>et</em></span> <span class='ocrx_word' id='word_1_284' title='bbox 921 3721 1132 3783; x_wconf 88' lang='lat' dir='ltr'><em>doctus,</em></span> <span class='ocrx_word' id='word_1_285' title='bbox 1174 3719 1454 3775; x_wconf 88' lang='lat' dir='ltr'><em>moderata</em></span> <span class='ocrx_word' id='word_1_286' title='bbox 1491 3725 1547 3773; x_wconf 89' lang='lat' dir='ltr'><em>et</em></span> <span class='ocrx_word' id='word_1_287' title='bbox 1576 3726 1753 3773; x_wconf 89' lang='lat' dir='ltr'><em>mente</em></span> <span class='ocrx_word' id='word_1_288' title='bbox 1796 3733 2042 3773; x_wconf 83' lang='lat' dir='ltr'><em>serenus.</em></span> 
     </span>
    </p>
   </div>
   <div class='ocr_carea' id='block_1_49' title="bbox 545 3807 1870 3882">
    <p class='ocr_par' dir='ltr' id='par_1_49' title="bbox 545 3807 1870 3882">
     <span class='ocr_line' id='line_1_49' title="bbox 545 3807 1870 3882; baseline -0.002 -16"><span class='ocrx_word' id='word_1_289' title='bbox 545 3812 757 3882; x_wconf 77' lang='lat' dir='ltr'><em>Quique</em></span> <span class='ocrx_word' id='word_1_290' title='bbox 785 3810 930 3867; x_wconf 83' lang='lat' dir='ltr'><em>vices</em></span> <span class='ocrx_word' id='word_1_291' title='bbox 957 3811 1122 3870; x_wconf 65' lang='grc' dir='ltr'><em>θεαῖς,</em></span> <span class='ocrx_word' id='word_1_292' title='bbox 1150 3809 1375 3875; x_wconf 65' lang='lat' dir='ltr'><em>Graecis,</em></span> <span class='ocrx_word' id='word_1_293' title='bbox 1403 3808 1668 3863; x_wconf 80' lang='lat' dir='ltr'><em>libaverat</em></span> <span class='ocrx_word' id='word_1_294' title='bbox 1691 3807 1870 3876; x_wconf 85' lang='lat' dir='ltr'><em>hujus.</em></span> 
     </span>
    </p>
   </div>
   <div class='ocr_carea' id='block_1_50' title="bbox 541 3901 1774 3972">
    <p class='ocr_par' dir='ltr' id='par_1_50' title="bbox 541 3901 1774 3972">
     <span class='ocr_line' id='line_1_50' title="bbox 541 3901 1774 3972; baseline -0.002 -15"><span class='ocrx_word' id='word_1_295' title='bbox 541 3903 785 3960; x_wconf 78' lang='lat' dir='ltr'><em>Concilio</em></span> <span class='ocrx_word' id='word_1_296' title='bbox 811 3912 1025 3972; x_wconf 91' lang='lat' dir='ltr'><em>patrum</em></span> <span class='ocrx_word' id='word_1_297' title='bbox 1057 3903 1259 3972; x_wconf 85' lang='lat' dir='ltr'><em>pietate</em></span> <span class='ocrx_word' id='word_1_298' title='bbox 1279 3902 1565 3972; x_wconf 87' lang='lat' dir='ltr'><em>jugaverat</em></span> <span class='ocrx_word' id='word_1_299' title='bbox 1590 3901 1774 3965; x_wconf 84' lang='lat' dir='ltr'><em>urbes,</em></span> 
     </span>
    </p>
   </div>
   <div class='ocr_carea' id='block_1_51' title="bbox 545 3988 1893 4063">
    <p class='ocr_par' dir='ltr' id='par_1_51' title="bbox 545 3988 1893 4063">
     <span class='ocr_line' id='line_1_51' title="bbox 545 3988 1893 4063; baseline -0.004 -16"><span class='ocrx_word' id='word_1_300' title='bbox 545 3994 687 4049; x_wconf 77' lang='lat' dir='ltr'><em>I’ace</em></span> <span class='ocrx_word' id='word_1_301' title='bbox 710 3994 846 4049; x_wconf 88' lang='lat' dir='ltr'><em>nitet</em></span> <span class='ocrx_word' id='word_1_302' title='bbox 869 3994 1059 4063; x_wconf 69' lang='lat' dir='ltr'><em>patrue</em></span> <span class='ocrx_word' id='word_1_303' title='bbox 1086 4011 1099 4046; x_wconf 88' lang='lat'><strong>:</strong></span> <span class='ocrx_word' id='word_1_304' title='bbox 1134 3991 1329 4063; x_wconf 90' lang='lat' dir='ltr'><em>priscis</em></span> <span class='ocrx_word' id='word_1_305' title='bbox 1350 3993 1476 4046; x_wconf 88' lang='lat' dir='ltr'><em>dum</em></span> <span class='ocrx_word' id='word_1_306' title='bbox 1499 3988 1702 4046; x_wconf 73' lang='lat' dir='ltr'><em>l’uniea</em></span> <span class='ocrx_word' id='word_1_307' title='bbox 1728 4005 1893 4060; x_wconf 90' lang='lat' dir='ltr'><em>regna</em></span> 
     </span>
    </p>
   </div>
   <div class='ocr_carea' id='block_1_52' title="bbox 546 4081 1986 4153">
    <p class='ocr_par' dir='ltr' id='par_1_52' title="bbox 546 4081 1986 4153">
     <span class='ocr_line' id='line_1_52' title="bbox 546 4081 1986 4153; baseline -0.003 -16"><span class='ocrx_word' id='word_1_308' title='bbox 546 4084 859 4139; x_wconf 69' lang='lat' dir='ltr'><em>Reddantur</em></span> <span class='ocrx_word' id='word_1_309' title='bbox 886 4082 1164 4145; x_wconf 89' lang='lat' dir='ltr'><em>Dominus,</em></span> <span class='ocrx_word' id='word_1_310' title='bbox 1211 4092 1401 4153; x_wconf 85' lang='lat' dir='ltr'><em>gentes</em></span> <span class='ocrx_word' id='word_1_311' title='bbox 1428 4083 1528 4137; x_wconf 90' lang='lat' dir='ltr'><em>sub</em></span> <span class='ocrx_word' id='word_1_312' title='bbox 1550 4097 1683 4152; x_wconf 87' lang='lat' dir='ltr'><em>pace</em></span> <span class='ocrx_word' id='word_1_313' title='bbox 1713 4081 1986 4141; x_wconf 83' lang='lat' dir='ltr'><em>residunt,</em></span> 
     </span>
    </p>
   </div>
   <div class='ocr_carea' id='block_1_53' title="bbox 546 4171 1929 4244">
    <p class='ocr_par' dir='ltr' id='par_1_53' title="bbox 546 4171 1929 4244">
     <span class='ocr_line' id='line_1_53' title="bbox 546 4171 1929 4244; baseline -0.001 -19"><span class='ocrx_word' id='word_1_314' title='bbox 546 4171 864 4229; x_wconf 82' lang='lat' dir='ltr'><em>Firmantur</em></span> <span class='ocrx_word' id='word_1_315' title='bbox 887 4187 1102 4230; x_wconf 74' lang='lat' dir='ltr'><em>sacrata</em></span> <span class='ocrx_word' id='word_1_316' title='bbox 1142 4184 1356 4244; x_wconf 85' lang='lat' dir='ltr'><em>patrum</em></span> <span class='ocrx_word' id='word_1_317' title='bbox 1385 4173 1628 4228; x_wconf 85' lang='lat' dir='ltr'><em>consulta</em></span> <span class='ocrx_word' id='word_1_318' title='bbox 1661 4174 1929 4241; x_wconf 82' lang='lat' dir='ltr'><em>priorum;</em></span> 
     </span>
    </p>
   </div>
   <div class='ocr_carea' id='block_1_54' title="bbox 549 4264 1781 4329">
    <p class='ocr_par' dir='ltr' id='par_1_54' title="bbox 549 4264 1781 4329">
     <span class='ocr_line' id='line_1_54' title="bbox 549 4264 1781 4329; baseline -0.001 -11"><span class='ocrx_word' id='word_1_319' title='bbox 549 4264 875 4320; x_wconf 88' lang='lat' dir='ltr'><em>Sanctorum</em></span> <span class='ocrx_word' id='word_1_320' title='bbox 906 4274 1099 4321; x_wconf 61' lang='lat' dir='ltr'><em>turmas</em></span> <span class='ocrx_word' id='word_1_321' title='bbox 1132 4267 1374 4322; x_wconf 90' lang='lat' dir='ltr'><em>solantur</em></span> <span class='ocrx_word' id='word_1_322' title='bbox 1395 4279 1619 4320; x_wconf 90' lang='lat' dir='ltr'><em>munere</em></span> <span class='ocrx_word' id='word_1_323' title='bbox 1641 4265 1781 4329; x_wconf 87' lang='lat' dir='ltr'><em>dite;</em></span> 
     </span>
    </p>
   </div>
   <div class='ocr_carea' id='block_1_55' title="bbox 547 4354 2021 4427">
    <p class='ocr_par' dir='ltr' id='par_1_55' title="bbox 547 4354 2021 4427">
     <span class='ocr_line' id='line_1_55' title="bbox 547 4354 2021 4427; baseline -0.001 -18"><span class='ocrx_word' id='word_1_324' title='bbox 547 4355 826 4412; x_wconf 78' lang='lat' dir='ltr'><em>Scinditur</em></span> <span class='ocrx_word' id='word_1_325' title='bbox 853 4368 1106 4427; x_wconf 73' lang='lat' dir='ltr'><em>exempto</em></span> <span class='ocrx_word' id='word_1_326' title='bbox 1132 4358 1236 4413; x_wconf 88' lang='lat' dir='ltr'><em>hoc</em></span> <span class='ocrx_word' id='word_1_327' title='bbox 1258 4367 1431 4413; x_wconf 75' lang='lat' dir='ltr'><em>ccetus</em></span> <span class='ocrx_word' id='word_1_328' title='bbox 1478 4355 1692 4411; x_wconf 86' lang='lat' dir='ltr'><em>diversa</em></span> <span class='ocrx_word' id='word_1_329' title='bbox 1723 4354 2021 4425; x_wconf 81' lang='lat' dir='ltr'><em>petentum.</em></span> 
     </span>
    </p>
   </div>
   <div class='ocr_carea' id='block_1_56' title="bbox 548 4447 1952 4521">
    <p class='ocr_par' dir='ltr' id='par_1_56' title="bbox 548 4447 1952 4521">
     <span class='ocr_line' id='line_1_56' title="bbox 548 4447 1952 4521; baseline 0.001 -19"><span class='ocrx_word' id='word_1_330' title='bbox 548 4447 659 4503; x_wconf 87' lang='lat' dir='ltr'><em>Nec</em></span> <span class='ocrx_word' id='word_1_331' title='bbox 683 4450 821 4520; x_wconf 80' lang='lat' dir='ltr'><em>parti</em></span> <span class='ocrx_word' id='word_1_332' title='bbox 846 4465 975 4520; x_wconf 89' lang='lat' dir='ltr'><em>pars</em></span> <span class='ocrx_word' id='word_1_333' title='bbox 995 4450 1340 4521; x_wconf 86' lang='lat' dir='ltr'><em>obsequitur,</em></span> <span class='ocrx_word' id='word_1_334' title='bbox 1364 4465 1463 4505; x_wconf 89' lang='lat' dir='ltr'><em>nec</em></span> <span class='ocrx_word' id='word_1_335' title='bbox 1489 4449 1624 4504; x_wconf 84' lang='lat' dir='ltr'><em>bella</em></span> <span class='ocrx_word' id='word_1_336' title='bbox 1657 4449 1952 4514; x_wconf 81' lang='lat' dir='ltr'><em>facessunt,</em></span> 
     </span>
    </p>
   </div>
   <div class='ocr_carea' id='block_1_57' title="bbox 546 4540 1769 4611">
    <p class='ocr_par' dir='ltr' id='par_1_57' title="bbox 546 4540 1769 4611">
     <span class='ocr_line' id='line_1_57' title="bbox 546 4540 1769 4611; baseline -0.002 -16"><span class='ocrx_word' id='word_1_337' title='bbox 546 4541 728 4597; x_wconf 83' lang='lat' dir='ltr'><em>Donec</em></span> <span class='ocrx_word' id='word_1_338' title='bbox 750 4541 1053 4611; x_wconf 77' lang='lat' dir='ltr'><em>angelicum</em></span> <span class='ocrx_word' id='word_1_339' title='bbox 1083 4542 1214 4597; x_wconf 89' lang='lat' dir='ltr'><em>cleri</em></span> <span class='ocrx_word' id='word_1_340' title='bbox 1242 4541 1461 4597; x_wconf 88' lang='lat' dir='ltr'><em>decreta</em></span> <span class='ocrx_word' id='word_1_341' title='bbox 1491 4540 1769 4595; x_wconf 86' lang='lat' dir='ltr'><em>Cononem</em></span> 
     </span>
    </p>
   </div>
   <div class='ocr_carea' id='block_1_58' title="bbox 543 4633 2053 4706">
    <p class='ocr_par' dir='ltr' id='par_1_58' title="bbox 543 4633 2053 4706">
     <span class='ocr_line' id='line_1_58' title="bbox 543 4633 2053 4706; baseline -0.003 -18"><span class='ocrx_word' id='word_1_342' title='bbox 543 4633 832 4700; x_wconf 78' lang='lat' dir='ltr'><em>Attollunt,</em></span> <span class='ocrx_word' id='word_1_343' title='bbox 860 4645 1160 4706; x_wconf 81' lang='lat' dir='ltr'><em>aptantque</em></span> <span class='ocrx_word' id='word_1_344' title='bbox 1183 4634 1359 4689; x_wconf 86' lang='lat' dir='ltr'><em>virum</em></span> <span class='ocrx_word' id='word_1_345' title='bbox 1384 4650 1483 4706; x_wconf 89' lang='lat' dir='ltr'><em>per</em></span> <span class='ocrx_word' id='word_1_346' title='bbox 1504 4646 1699 4690; x_wconf 85' lang='lat' dir='ltr'><em>cuncta</em></span> <span class='ocrx_word' id='word_1_347' title='bbox 1738 4633 2053 4704; x_wconf 81' lang='lat' dir='ltr'><em>probatum,</em></span> 
     </span>
    </p>
   </div>
   <div class='ocr_carea' id='block_1_59' title="bbox 547 4723 1773 4797">
    <p class='ocr_par' dir='ltr' id='par_1_59' title="bbox 547 4723 1773 4797">
     <span class='ocr_line' id='line_1_59' title="bbox 547 4723 1773 4797; baseline -0.002 -18"><span class='ocrx_word' id='word_1_348' title='bbox 547 4723 866 4796; x_wconf 82' lang='lat' dir='ltr'><em>Relligionis</em></span> <span class='ocrx_word' id='word_1_349' title='bbox 892 4741 1029 4795; x_wconf 87' lang='lat' dir='ltr'><em>opus</em></span> <span class='ocrx_word' id='word_1_350' title='bbox 1051 4725 1292 4797; x_wconf 77' lang='lat' dir='ltr'><em>perfecto</em></span> <span class='ocrx_word' id='word_1_351' title='bbox 1317 4726 1479 4781; x_wconf 92' lang='lat' dir='ltr'><em>corde</em></span> <span class='ocrx_word' id='word_1_352' title='bbox 1504 4733 1773 4782; x_wconf 88' lang='lat' dir='ltr'><em>secutum.</em></span> 
     </span>
    </p>
   </div>
   <div class='ocr_carea' id='block_1_60' title="bbox 547 4814 1819 4884">
    <p class='ocr_par' dir='ltr' id='par_1_60' title="bbox 547 4814 1819 4884">
     <span class='ocr_line' id='line_1_60' title="bbox 547 4814 1819 4884; baseline 0 -15"><span class='ocrx_word' id='word_1_353' title='bbox 547 4817 693 4871; x_wconf 86' lang='lat' dir='ltr'><em>Ilicet</em></span> <span class='ocrx_word' id='word_1_354' title='bbox 720 4817 773 4870; x_wconf 90' lang='lat' dir='ltr'><em>in</em></span> <span class='ocrx_word' id='word_1_355' title='bbox 810 4816 1023 4872; x_wconf 86' lang='lat' dir='ltr'><em>Iaudem</em></span> <span class='ocrx_word' id='word_1_356' title='bbox 1063 4816 1220 4872; x_wconf 80' lang='lat' dir='ltr'><em>istius</em></span> <span class='ocrx_word' id='word_1_357' title='bbox 1248 4831 1372 4871; x_wconf 88' lang='lat' dir='ltr'><em>cum</em></span> <span class='ocrx_word' id='word_1_358' title='bbox 1402 4814 1555 4884; x_wconf 86' lang='lat' dir='ltr'><em>plebe</em></span> <span class='ocrx_word' id='word_1_359' title='bbox 1584 4815 1819 4882; x_wconf 84' lang='lat' dir='ltr'><em>Quirites</em></span> 
     </span>
    </p>
   </div>
   <div class='ocr_carea' id='block_1_61' title="bbox 548 4905 1906 4976">
    <p class='ocr_par' dir='ltr' id='par_1_61' title="bbox 548 4905 1906 4976">
     <span class='ocr_line' id='line_1_61' title="bbox 548 4905 1906 4976; baseline -0.003 -15"><span class='ocrx_word' id='word_1_360' title='bbox 548 4907 682 4961; x_wconf 88' lang='lat' dir='ltr'><em>Dum</em></span> <span class='ocrx_word' id='word_1_361' title='bbox 711 4917 908 4963; x_wconf 88' lang='lat' dir='ltr'><em>coeunt</em></span> <span class='ocrx_word' id='word_1_362' title='bbox 943 4908 1127 4976; x_wconf 83' lang='lat' dir='ltr'><em>digne,</em></span> <span class='ocrx_word' id='word_1_363' title='bbox 1157 4905 1370 4962; x_wconf 87' lang='lat' dir='ltr'><em>scandit</em></span> <span class='ocrx_word' id='word_1_364' title='bbox 1400 4905 1648 4959; x_wconf 87' lang='lat' dir='ltr'><em>sublimia</em></span> <span class='ocrx_word' id='word_1_365' title='bbox 1686 4906 1906 4973; x_wconf 74' lang='lat' dir='ltr'><em>dignus,</em></span> 
     </span>
    </p>
   </div>
   <div class='ocr_carea' id='block_1_62' title="bbox 546 4993 1885 5067">
    <p class='ocr_par' dir='ltr' id='par_1_62' title="bbox 546 4993 1885 5067">
     <span class='ocr_line' id='line_1_62' title="bbox 546 4993 1885 5067; baseline -0.001 -18"><span class='ocrx_word' id='word_1_366' title='bbox 546 4996 713 5065; x_wconf 79' lang='lat' dir='ltr'><em>Regia</em></span> <span class='ocrx_word' id='word_1_367' title='bbox 744 4995 884 5053; x_wconf 89' lang='lat' dir='ltr'><em>dona</em></span> <span class='ocrx_word' id='word_1_368' title='bbox 912 4996 1034 5067; x_wconf 90' lang='lat' dir='ltr'><em>pius</em></span> <span class='ocrx_word' id='word_1_369' title='bbox 1055 5005 1218 5064; x_wconf 86' lang='lat' dir='ltr'><em>caput</em></span> <span class='ocrx_word' id='word_1_370' title='bbox 1247 4994 1583 5066; x_wconf 78' lang='lat' dir='ltr'><em>Augustique</em></span> <span class='ocrx_word' id='word_1_371' title='bbox 1607 4993 1885 5058; x_wconf 81' lang='lat' dir='ltr'><em>favorem,</em></span> 
     </span>
    </p>
   </div>
   <div class='ocr_carea' id='block_1_63' title="bbox 547 5085 1768 5158">
    <p class='ocr_par' dir='ltr' id='par_1_63' title="bbox 547 5085 1768 5158">
     <span class='ocr_line' id='line_1_63' title="bbox 547 5085 1768 5158; baseline -0.003 -17"><span class='ocrx_word' id='word_1_372' title='bbox 547 5087 613 5141; x_wconf 86' lang='lat' dir='ltr'><em>Et</em></span> <span class='ocrx_word' id='word_1_373' title='bbox 644 5086 771 5142; x_wconf 88' lang='lat' dir='ltr'><em>licet</em></span> <span class='ocrx_word' id='word_1_374' title='bbox 799 5096 1033 5158; x_wconf 57' lang='lat' dir='ltr'><em>aegrotus</em></span> <span class='ocrx_word' id='word_1_375' title='bbox 1061 5086 1303 5143; x_wconf 86' lang='lat' dir='ltr'><em>coelestia</em></span> <span class='ocrx_word' id='word_1_376' title='bbox 1341 5085 1521 5140; x_wconf 88' lang='lat' dir='ltr'><em>munia</em></span> <span class='ocrx_word' id='word_1_377' title='bbox 1553 5092 1768 5139; x_wconf 86' lang='lat' dir='ltr'><em>tractat.</em></span> 
     </span>
    </p>
   </div>
   <div class='ocr_carea' id='block_1_64' title="bbox 544 5173 1812 5210">
    <p class='ocr_par' dir='ltr' id='par_1_64' title="bbox 544 5173 1812 5210">
     <span class='ocr_line' id='line_1_64' title="bbox 544 5173 1812 5210; baseline 0 0"><span class='ocrx_word' id='word_1_378' title='bbox 544 5177 655 5210; x_wconf 70' lang='lat' dir='ltr'><em>Nan</em></span> <span class='ocrx_word' id='word_1_379' title='bbox 686 5177 901 5210; x_wconf 66' lang='lat' dir='ltr'><em>Inus-vum</em></span> <span class='ocrx_word' id='word_1_380' title='bbox 1180 5177 1394 5210; x_wconf 64' lang='lat' dir='ltr'><em>’nl‘ll:nc</em></span> <span class='ocrx_word' id='word_1_381' title='bbox 1422 5174 1615 5210; x_wconf 67' lang='grc' dir='ltr'><strong>ΛΛῘΙηΙοι</strong></span> <span class='ocrx_word' id='word_1_382' title='bbox 1642 5173 1812 5210; x_wconf 65' lang='lat' dir='ltr'><em>&#39;n&#39;In&quot;:</em></span> 
     </span>
    </p>
   </div>
   <div class='ocr_carea' id='block_1_65' title="bbox 2163 3523 3725 3608">
    <p class='ocr_par' dir='ltr' id='par_1_65' title="bbox 2163 3523 3725 3608">
     <span class='ocr_line' id='line_1_65' title="bbox 2163 3523 3725 3608; baseline -0.003 -17"><span class='ocrx_word' id='word_1_383' title='bbox 2163 3523 2204 3581; x_wconf 76' lang='grc' dir='ltr'><strong>Β</strong></span> <span class='ocrx_word' id='word_1_384' title='bbox 2233 3537 2489 3592; x_wconf 86' lang='lat' dir='ltr'><em>Clancula</em></span> <span class='ocrx_word' id='word_1_385' title='bbox 2519 3550 2678 3605; x_wconf 88' lang='lat' dir='ltr'><em>quem</em></span> <span class='ocrx_word' id='word_1_386' title='bbox 2703 3544 2825 3605; x_wconf 87' lang='lat' dir='ltr'><em>post</em></span> <span class='ocrx_word' id='word_1_387' title='bbox 2853 3535 3099 3608; x_wconf 80' lang='lat' dir='ltr'><em>auguria,</em></span> <span class='ocrx_word' id='word_1_388' title='bbox 3129 3544 3185 3591; x_wconf 87' lang='lat' dir='ltr'><em>et</em></span> <span class='ocrx_word' id='word_1_389' title='bbox 3208 3535 3513 3593; x_wconf 85' lang='lat' dir='ltr'><em>cantamina</em></span> <span class='ocrx_word' id='word_1_390' title='bbox 3543 3533 3725 3589; x_wconf 83' lang='lat' dir='ltr'><em>tollunt.</em></span> 
     </span>
    </p>
   </div>
   <div class='ocr_carea' id='block_1_66' title="bbox 2194 3628 3550 3699">
    <p class='ocr_par' dir='ltr' id='par_1_66' title="bbox 2194 3628 3550 3699">
     <span class='ocr_line' id='line_1_66' title="bbox 2194 3628 3550 3699; baseline -0.002 -14"><span class='ocrx_word' id='word_1_391' title='bbox 2194 3647 2198 3650; x_wconf 61' lang='lat'><em>‘</em></span> <span class='ocrx_word' id='word_1_392' title='bbox 2232 3629 2437 3685; x_wconf 78' lang='lat' dir='ltr'><em>Pnesul</em></span> <span class='ocrx_word' id='word_1_393' title='bbox 2467 3630 2537 3683; x_wconf 85' lang='lat' dir='ltr'><em>ab</em></span> <span class='ocrx_word' id='word_1_394' title='bbox 2572 3629 2784 3699; x_wconf 86' lang='lat' dir='ltr'><em>incepta</em></span> <span class='ocrx_word' id='word_1_395' title='bbox 2815 3629 3009 3685; x_wconf 85' lang='lat' dir='ltr'><em>studiis</em></span> <span class='ocrx_word' id='word_1_396' title='bbox 3035 3629 3126 3699; x_wconf 85' lang='lat' dir='ltr'><em>qui</em></span> <span class='ocrx_word' id='word_1_397' title='bbox 3152 3636 3403 3687; x_wconf 86' lang='lat' dir='ltr'><em>creverat</em></span> <span class='ocrx_word' id='word_1_398' title='bbox 3431 3628 3550 3682; x_wconf 84' lang='lat' dir='ltr'><em>altis</em></span> 
     </span>
    </p>
   </div>
   <div class='ocr_carea' id='block_1_67' title="bbox 2231 3719 3578 3789">
    <p class='ocr_par' dir='ltr' id='par_1_67' title="bbox 2231 3719 3578 3789">
     <span class='ocr_line' id='line_1_67' title="bbox 2231 3719 3578 3789; baseline -0.004 -12"><span class='ocrx_word' id='word_1_399' title='bbox 2231 3719 2371 3777; x_wconf 88' lang='lat' dir='ltr'><em>Cleri</em></span> <span class='ocrx_word' id='word_1_400' title='bbox 2400 3720 2615 3784; x_wconf 90' lang='lat' dir='ltr'><em>militia,</em></span> <span class='ocrx_word' id='word_1_401' title='bbox 2642 3719 3009 3789; x_wconf 78' lang='lat' dir='ltr'><em>gradibusque</em></span> <span class='ocrx_word' id='word_1_402' title='bbox 3028 3720 3097 3773; x_wconf 89' lang='lat' dir='ltr'><em>ad</em></span> <span class='ocrx_word' id='word_1_403' title='bbox 3120 3734 3336 3775; x_wconf 88' lang='lat' dir='ltr'><em>summa</em></span> <span class='ocrx_word' id='word_1_404' title='bbox 3358 3727 3578 3775; x_wconf 87' lang='lat' dir='ltr'><em>vocatus</em></span> 
     </span>
    </p>
   </div>
   <div class='ocr_carea' id='block_1_68' title="bbox 2233 3809 3529 3880">
    <p class='ocr_par' dir='ltr' id='par_1_68' title="bbox 2233 3809 3529 3880">
     <span class='ocr_line' id='line_1_68' title="bbox 2233 3809 3529 3880; baseline -0.002 -15"><span class='ocrx_word' id='word_1_405' title='bbox 2233 3811 2508 3872; x_wconf 85' lang='lat' dir='ltr'><em>Subierat,</em></span> <span class='ocrx_word' id='word_1_406' title='bbox 2557 3810 2800 3879; x_wconf 88' lang='lat' dir='ltr'><em>votisque</em></span> <span class='ocrx_word' id='word_1_407' title='bbox 2825 3811 3034 3879; x_wconf 87' lang='lat' dir='ltr'><em>piorum</em></span> <span class='ocrx_word' id='word_1_408' title='bbox 3061 3810 3128 3863; x_wconf 89' lang='lat' dir='ltr'><em>ad</em></span> <span class='ocrx_word' id='word_1_409' title='bbox 3157 3810 3369 3880; x_wconf 83' lang='lat' dir='ltr'><em>singula</em></span> <span class='ocrx_word' id='word_1_410' title='bbox 3400 3809 3529 3864; x_wconf 81' lang='lat' dir='ltr'><em>fusis</em></span> 
     </span>
    </p>
   </div>
   <div class='ocr_carea' id='block_1_69' title="bbox 2230 3897 3573 3970">
    <p class='ocr_par' dir='ltr' id='par_1_69' title="bbox 2230 3897 3573 3970">
     <span class='ocr_line' id='line_1_69' title="bbox 2230 3897 3573 3970; baseline -0.003 -16"><span class='ocrx_word' id='word_1_411' title='bbox 2230 3899 2463 3970; x_wconf 86' lang='lat' dir='ltr'><em>Pignora</em></span> <span class='ocrx_word' id='word_1_412' title='bbox 2493 3898 2770 3961; x_wconf 86' lang='lat' dir='ltr'><em>ﬂoruerat,</em></span> <span class='ocrx_word' id='word_1_413' title='bbox 2802 3900 3001 3954; x_wconf 87' lang='lat' dir='ltr'><em>virtute</em></span> <span class='ocrx_word' id='word_1_414' title='bbox 3040 3906 3094 3953; x_wconf 91' lang='lat' dir='ltr'><em>et</em></span> <span class='ocrx_word' id='word_1_415' title='bbox 3129 3899 3365 3954; x_wconf 89' lang='lat' dir='ltr'><em>culmine</em></span> <span class='ocrx_word' id='word_1_416' title='bbox 3394 3897 3573 3961; x_wconf 89' lang='lat' dir='ltr'><em>ﬂoret;</em></span> 
     </span>
    </p>
   </div>
   <div class='ocr_carea' id='block_1_70' title="bbox 2232 3989 3603 4061">
    <p class='ocr_par' dir='ltr' id='par_1_70' title="bbox 2232 3989 3603 4061">
     <span class='ocr_line' id='line_1_70' title="bbox 2232 3989 3603 4061; baseline -0.004 -15"><span class='ocrx_word' id='word_1_417' title='bbox 2232 3994 2342 4047; x_wconf 71' lang='lat' dir='ltr'><em>Nec</em></span> <span class='ocrx_word' id='word_1_418' title='bbox 2366 3992 2511 4047; x_wconf 87' lang='lat' dir='ltr'><em>cedit</em></span> <span class='ocrx_word' id='word_1_419' title='bbox 2531 3991 2784 4061; x_wconf 87' lang='lat' dir='ltr'><em>sceptris,</em></span> <span class='ocrx_word' id='word_1_420' title='bbox 2820 4006 2920 4048; x_wconf 86' lang='lat' dir='ltr'><em>nec</em></span> <span class='ocrx_word' id='word_1_421' title='bbox 2942 3990 3096 4059; x_wconf 76' lang='lat' dir='ltr'><em>jussa</em></span> <span class='ocrx_word' id='word_1_422' title='bbox 3119 3989 3349 4061; x_wconf 78' lang='lat' dir='ltr'><em>profana</em></span> <span class='ocrx_word' id='word_1_423' title='bbox 3378 3998 3603 4046; x_wconf 83' lang='lat' dir='ltr'><em>veretur.</em></span> 
     </span>
    </p>
   </div>
   <div class='ocr_carea' id='block_1_71' title="bbox 2239 4082 3447 4153">
    <p class='ocr_par' dir='ltr' id='par_1_71' title="bbox 2239 4082 3447 4153">
     <span class='ocr_line' id='line_1_71' title="bbox 2239 4082 3447 4153; baseline -0.002 -16"><span class='ocrx_word' id='word_1_424' title='bbox 2239 4083 2500 4138; x_wconf 84' lang='lat' dir='ltr'><em>Immotos</em></span> <span class='ocrx_word' id='word_1_425' title='bbox 2520 4093 2797 4153; x_wconf 84' lang='lat' dir='ltr'><em>perstans,</em></span> <span class='ocrx_word' id='word_1_426' title='bbox 2828 4084 3022 4139; x_wconf 86' lang='lat' dir='ltr'><em>abduci</em></span> <span class='ocrx_word' id='word_1_427' title='bbox 3045 4085 3175 4138; x_wconf 77' lang='lat' dir='ltr'><em>sede</em></span> <span class='ocrx_word' id='word_1_428' title='bbox 3190 4082 3447 4152; x_wconf 84' lang='lat' dir='ltr'><em>jubetur;</em></span> 
     </span>
    </p>
   </div>
   <div class='ocr_carea' id='block_1_72' title="bbox 2232 4174 3565 4247">
    <p class='ocr_par' dir='ltr' id='par_1_72' title="bbox 2232 4174 3565 4247">
     <span class='ocr_line' id='line_1_72' title="bbox 2232 4174 3565 4247; baseline -0.001 -18"><span class='ocrx_word' id='word_1_429' title='bbox 2232 4177 2301 4229; x_wconf 79' lang='lat' dir='ltr'><em>At</em></span> <span class='ocrx_word' id='word_1_430' title='bbox 2329 4174 2477 4230; x_wconf 85' lang='lat' dir='ltr'><em>Petri</em></span> <span class='ocrx_word' id='word_1_431' title='bbox 2501 4176 2704 4231; x_wconf 79' lang='lat' dir='ltr'><em>auxilio</em></span> <span class='ocrx_word' id='word_1_432' title='bbox 2733 4175 2961 4246; x_wconf 86' lang='lat' dir='ltr'><em>pollens,</em></span> <span class='ocrx_word' id='word_1_433' title='bbox 2991 4184 3046 4247; x_wconf 89' lang='lat' dir='ltr'><em>et</em></span> <span class='ocrx_word' id='word_1_434' title='bbox 3066 4190 3253 4231; x_wconf 89' lang='lat' dir='ltr'><em>amore</em></span> <span class='ocrx_word' id='word_1_435' title='bbox 3272 4175 3565 4242; x_wconf 86' lang='lat' dir='ltr'><em>Quiritum,</em></span> 
     </span>
    </p>
   </div>
   <div class='ocr_carea' id='block_1_73' title="bbox 2233 4263 3597 4337">
    <p class='ocr_par' dir='ltr' id='par_1_73' title="bbox 2233 4263 3597 4337">
     <span class='ocr_line' id='line_1_73' title="bbox 2233 4263 3597 4337; baseline -0.004 -15"><span class='ocrx_word' id='word_1_436' title='bbox 2233 4267 2497 4322; x_wconf 87' lang='lat' dir='ltr'><em>Servatur</em></span> <span class='ocrx_word' id='word_1_437' title='bbox 2522 4267 2813 4331; x_wconf 65' lang='lat' dir='ltr'><em>cathedra&#39;,</em></span> <span class='ocrx_word' id='word_1_438' title='bbox 2847 4276 3136 4337; x_wconf 84' lang='lat' dir='ltr'><em>servatque</em></span> <span class='ocrx_word' id='word_1_439' title='bbox 3157 4265 3409 4337; x_wconf 86' lang='lat' dir='ltr'><em>satellitis</em></span> <span class='ocrx_word' id='word_1_440' title='bbox 3435 4263 3597 4318; x_wconf 83' lang='lat' dir='ltr'><em>hostis</em></span> 
     </span>
    </p>
   </div>
   <div class='ocr_carea' id='block_1_74' title="bbox 2232 4355 3511 4428">
    <p class='ocr_par' dir='ltr' id='par_1_74' title="bbox 2232 4355 3511 4428">
     <span class='ocr_line' id='line_1_74' title="bbox 2232 4355 3511 4428; baseline -0.002 -16"><span class='ocrx_word' id='word_1_441' title='bbox 2232 4356 2508 4428; x_wconf 85' lang='lat' dir='ltr'><em>Propitius</em></span> <span class='ocrx_word' id='word_1_442' title='bbox 2534 4358 2721 4423; x_wconf 86' lang='lat' dir='ltr'><em>vitam,</em></span> <span class='ocrx_word' id='word_1_443' title='bbox 2750 4358 2962 4427; x_wconf 87' lang='lat' dir='ltr'><em>probris</em></span> <span class='ocrx_word' id='word_1_444' title='bbox 2983 4357 3074 4425; x_wconf 86' lang='lat' dir='ltr'><em>qui</em></span> <span class='ocrx_word' id='word_1_445' title='bbox 3107 4355 3325 4425; x_wconf 84' lang='lat' dir='ltr'><em>pellitur</em></span> <span class='ocrx_word' id='word_1_446' title='bbox 3353 4355 3511 4419; x_wconf 87' lang='lat' dir='ltr'><em>urbe;</em></span> 
     </span>
    </p>
   </div>
   <div class='ocr_carea' id='block_1_75' title="bbox 2233 4443 3575 4519">
    <p class='ocr_par' dir='ltr' id='par_1_75' title="bbox 2233 4443 3575 4519">
     <span class='ocr_line' id='line_1_75' title="bbox 2233 4443 3575 4519; baseline -0.007 -16"><span class='ocrx_word' id='word_1_447' title='bbox 2233 4449 2348 4503; x_wconf 81' lang='lat' dir='ltr'><em>Rex</em></span> <span class='ocrx_word' id='word_1_448' title='bbox 2382 4450 2544 4504; x_wconf 90' lang='lat' dir='ltr'><em>etiam</em></span> <span class='ocrx_word' id='word_1_449' title='bbox 2578 4463 2768 4519; x_wconf 87' lang='lat' dir='ltr'><em>regno.</em></span> <span class='ocrx_word' id='word_1_450' title='bbox 2792 4448 2880 4516; x_wconf 87' lang='lat' dir='ltr'><em>pia</em></span> <span class='ocrx_word' id='word_1_451' title='bbox 2903 4446 3056 4517; x_wconf 87' lang='lat' dir='ltr'><em>plebs</em></span> <span class='ocrx_word' id='word_1_452' title='bbox 3086 4447 3159 4501; x_wconf 90' lang='lat' dir='ltr'><em>ita</em></span> <span class='ocrx_word' id='word_1_453' title='bbox 3190 4456 3326 4514; x_wconf 89' lang='lat' dir='ltr'><em>pace</em></span> <span class='ocrx_word' id='word_1_454' title='bbox 3356 4443 3575 4514; x_wconf 83' lang='lat' dir='ltr'><em>pmitur.</em></span> 
     </span>
    </p>
   </div>
   <div class='ocr_carea' id='block_1_76' title="bbox 2234 4536 3496 4601">
    <p class='ocr_par' dir='ltr' id='par_1_76' title="bbox 2234 4536 3496 4601">
     <span class='ocr_line' id='line_1_76' title="bbox 2234 4536 3496 4601; baseline -0.005 -5"><span class='ocrx_word' id='word_1_455' title='bbox 2234 4540 2457 4597; x_wconf 83' lang='lat' dir='ltr'><em>Munera</em></span> <span class='ocrx_word' id='word_1_456' title='bbox 2492 4540 2617 4595; x_wconf 91' lang='lat' dir='ltr'><em>diva</em></span> <span class='ocrx_word' id='word_1_457' title='bbox 2640 4541 2820 4595; x_wconf 85' lang='lat' dir='ltr'><em>erucis</em></span> <span class='ocrx_word' id='word_1_458' title='bbox 2842 4539 3074 4595; x_wconf 84' lang='lat' dir='ltr'><em>secretis</em></span> <span class='ocrx_word' id='word_1_459' title='bbox 3096 4538 3285 4601; x_wconf 81' lang='lat' dir='ltr'><em>abdita</em></span> <span class='ocrx_word' id='word_1_460' title='bbox 3324 4536 3496 4591; x_wconf 87' lang='lat' dir='ltr'><em>thecis</em></span> 
     </span>
    </p>
   </div>
   <div class='ocr_carea' id='block_1_77' title="bbox 2234 4621 3776 4701">
    <p class='ocr_par' dir='ltr' id='par_1_77' title="bbox 2234 4621 3776 4701">
     <span class='ocr_line' id='line_1_77' title="bbox 2234 4621 3776 4701; baseline -0.008 -14"><span class='ocrx_word' id='word_1_461' title='bbox 2234 4632 2369 4687; x_wconf 89' lang='lat' dir='ltr'><em>Iluic</em></span> <span class='ocrx_word' id='word_1_462' title='bbox 2410 4631 2641 4687; x_wconf 90' lang='lat' dir='ltr'><em>Domino</em></span> <span class='ocrx_word' id='word_1_463' title='bbox 2673 4639 2950 4701; x_wconf 83' lang='lat' dir='ltr'><em>retegente</em></span> <span class='ocrx_word' id='word_1_464' title='bbox 2981 4638 3187 4698; x_wconf 85' lang='lat' dir='ltr'><em>patent,</em></span> <span class='ocrx_word' id='word_1_465' title='bbox 3220 4635 3545 4683; x_wconf 79' lang='lat' dir='ltr'><em>venerantur</em></span> <span class='ocrx_word' id='word_1_466' title='bbox 3584 4621 3776 4676; x_wconf 65' lang='lat' dir='ltr'><em>honore.</em></span> 
     </span>
    </p>
   </div>
   <div class='ocr_carea' id='block_1_78' title="bbox 2235 4710 3562 4792">
    <p class='ocr_par' dir='ltr' id='par_1_78' title="bbox 2235 4710 3562 4792">
     <span class='ocr_line' id='line_1_78' title="bbox 2235 4710 3562 4792; baseline -0.008 -15"><span class='ocrx_word' id='word_1_467' title='bbox 2235 4710 2440 4778; x_wconf 84' lang='lat' dir='ltr'><em>Deinde</em></span> <span class='ocrx_word' id='word_1_468' title='bbox 2467 4723 2556 4792; x_wconf 89' lang='lat' dir='ltr'><em>pio</em></span> <span class='ocrx_word' id='word_1_469' title='bbox 2579 4722 2860 4791; x_wconf 87' lang='lat' dir='ltr'><em>sacrisque</em></span> <span class='ocrx_word' id='word_1_470' title='bbox 2879 4719 3133 4775; x_wconf 88' lang='lat' dir='ltr'><em>coluntur</em></span> <span class='ocrx_word' id='word_1_471' title='bbox 3162 4728 3407 4788; x_wconf 88' lang='lat' dir='ltr'><em>tempore</em></span> <span class='ocrx_word' id='word_1_472' title='bbox 3444 4714 3562 4769; x_wconf 79' lang='lat' dir='ltr'><em>lixu.</em></span> 
     </span>
    </p>
   </div>
   <div class='ocr_carea' id='block_1_79' title="bbox 2237 4805 3586 4883">
    <p class='ocr_par' dir='ltr' id='par_1_79' title="bbox 2237 4805 3586 4883">
     <span class='ocr_line' id='line_1_79' title="bbox 2237 4805 3586 4883; baseline -0.009 -13"><span class='ocrx_word' id='word_1_473' title='bbox 2237 4813 2337 4870; x_wconf 84' lang='lat' dir='ltr'><em>llic</em></span> <span class='ocrx_word' id='word_1_474' title='bbox 2365 4823 2516 4883; x_wconf 86' lang='lat' dir='ltr'><em>pater</em></span> <span class='ocrx_word' id='word_1_475' title='bbox 2542 4814 2781 4881; x_wconf 81' lang='lat' dir='ltr'><em>insignes</em></span> <span class='ocrx_word' id='word_1_476' title='bbox 2808 4819 3033 4869; x_wconf 82' lang='lat' dir='ltr'><em>renovat</em></span> <span class='ocrx_word' id='word_1_477' title='bbox 3053 4808 3351 4878; x_wconf 87' lang='lat' dir='ltr'><em>conditque</em></span> <span class='ocrx_word' id='word_1_478' title='bbox 3381 4805 3586 4862; x_wconf 87' lang='lat' dir='ltr'><em>decoris</em></span> 
     </span>
    </p>
   </div>
   <div class='ocr_carea' id='block_1_80' title="bbox 2163 4877 3490 4975">
    <p class='ocr_par' dir='ltr' id='par_1_80' title="bbox 2163 4877 3490 4975">
     <span class='ocr_line' id='line_1_80' title="bbox 2163 4877 3490 4975; baseline -0.005 -15"><span class='ocrx_word' id='word_1_479' title='bbox 2163 4877 2206 4938; x_wconf 63' lang='grc' dir='ltr'><em>ε</em></span> <span class='ocrx_word' id='word_1_480' title='bbox 2239 4877 2451 4975; x_wconf 75' lang='lat' dir='ltr'><em>Egregii</em></span> <span class='ocrx_word' id='word_1_481' title='bbox 2479 4877 2734 4967; x_wconf 69' lang='lat' dir='ltr'><em>fabricas,</em></span> <span class='ocrx_word' id='word_1_482' title='bbox 2758 4915 3042 4959; x_wconf 80' lang='lat' dir='ltr'><em>sacrorum</em></span> <span class='ocrx_word' id='word_1_483' title='bbox 3067 4877 3291 4969; x_wconf 86' lang='lat' dir='ltr'><em>percolit</em></span> <span class='ocrx_word' id='word_1_484' title='bbox 3323 4899 3490 4962; x_wconf 66' lang='lat' dir='ltr'><em>aedes,</em></span> 
     </span>
    </p>
   </div>
   <div class='ocr_carea' id='block_1_81' title="bbox 2238 4992 3426 5066">
    <p class='ocr_par' dir='ltr' id='par_1_81' title="bbox 2238 4992 3426 5066">
     <span class='ocr_line' id='line_1_81' title="bbox 2238 4992 3426 5066; baseline -0.008 -11"><span class='ocrx_word' id='word_1_485' title='bbox 2238 4999 2427 5055; x_wconf 88' lang='lat' dir='ltr'><em>Cultus</em></span> <span class='ocrx_word' id='word_1_486' title='bbox 2454 4996 2714 5063; x_wconf 87' lang='lat' dir='ltr'><em>instituit,</em></span> <span class='ocrx_word' id='word_1_487' title='bbox 2741 4996 2978 5066; x_wconf 87' lang='lat' dir='ltr'><em>pretiosa</em></span> <span class='ocrx_word' id='word_1_488' title='bbox 3004 4992 3224 5049; x_wconf 88' lang='lat' dir='ltr'><em>monilia</em></span> <span class='ocrx_word' id='word_1_489' title='bbox 3245 4992 3426 5056; x_wconf 87' lang='lat' dir='ltr'><em>endit;</em></span> 
     </span>
    </p>
   </div>
   <div class='ocr_carea' id='block_1_82' title="bbox 2236 5080 3578 5161">
    <p class='ocr_par' dir='ltr' id='par_1_82' title="bbox 2236 5080 3578 5161">
     <span class='ocr_line' id='line_1_82' title="bbox 2236 5080 3578 5161; baseline -0.01 -13"><span class='ocrx_word' id='word_1_490' title='bbox 2236 5092 2371 5148; x_wconf 82' lang='lat' dir='ltr'><em>Ossa</em></span> <span class='ocrx_word' id='word_1_491' title='bbox 2398 5090 2571 5161; x_wconf 88' lang='lat' dir='ltr'><em>patris</em></span> <span class='ocrx_word' id='word_1_492' title='bbox 2600 5087 2838 5143; x_wconf 89' lang='lat' dir='ltr'><em>monitus</em></span> <span class='ocrx_word' id='word_1_493' title='bbox 2864 5086 3005 5144; x_wconf 88' lang='lat' dir='ltr'><em>levat</em></span> <span class='ocrx_word' id='word_1_494' title='bbox 3030 5085 3344 5155; x_wconf 88' lang='lat' dir='ltr'><em>attollitque</em></span> <span class='ocrx_word' id='word_1_495' title='bbox 3366 5080 3578 5145; x_wconf 87' lang='lat' dir='ltr'><em>Leonis,</em></span> 
     </span>
    </p>
   </div>
   <div class='ocr_carea' id='block_1_83' title="bbox 2246 5177 3512 5210">
    <p class='ocr_par' dir='ltr' id='par_1_83' title="bbox 2246 5177 3512 5210">
     <span class='ocr_line' id='line_1_83' title="bbox 2246 5177 3512 5210; baseline 0 0"><span class='ocrx_word' id='word_1_496' title='bbox 2246 5187 2471 5210; x_wconf 58' lang='grc' dir='ltr'><em>Α-ησιειηο</em></span> <span class='ocrx_word' id='word_1_497' title='bbox 2498 5190 2720 5210; x_wconf 62' lang='grc' dir='ltr'><em>κ--ισιιηρ</em></span> <span class='ocrx_word' id='word_1_498' title='bbox 2746 5182 2932 5210; x_wconf 65' lang='grc' dir='ltr'><em>,κρυ-ιυ-</em></span> <span class='ocrx_word' id='word_1_499' title='bbox 2986 5179 3091 5210; x_wconf 66' lang='grc' dir='ltr'><em>ιικῖι</em></span> <span class='ocrx_word' id='word_1_500' title='bbox 3123 5178 3314 5210; x_wconf 60' lang='grc' dir='ltr'><em>Λολῖηο</em></span> <span class='ocrx_word' id='word_1_501' title='bbox 3346 5177 3480 5210; x_wconf 68' lang='grc' dir='ltr'><em>νῖιηο</em></span> <span class='ocrx_word' id='word_1_502' title='bbox 3499 5191 3512 5204; x_wconf 77' lang='grc' dir='ltr'><strong><em>ο</em></strong></span> 
     </span>
    </p>
   </div>
  </div>
