3908 5426
53 241 140 294 801
478 237 566 291 DE
602 234 873 291 CHRISTI
916 230 1292 290 TBIUMPHIS
1328 232 1512 290 APUD
1552 231 1832 288 ITALIAI
1869 233 2116 290 CESTIS
2151 232 2329 289 LlBRl
2370 234 2507 291 XIV;
2554 268 2622 278 -—-
2661 237 2789 294 LIB.
2834 239 2923 294 XI.

1653 349 1703 405 Δ
1732 343 1993 398 Crescere
2029 343 2218 396 temnit
2249 358 2385 398 onus
2415 342 2502 409 "',
2531 343 2683 398 nihili
2724 345 2909 400 feralia
2934 347 3118 416 pendit
3148 364 3160 404 :

53 352 291 406 Culmine
319 349 596 416 sublimat,
625 349 789 418 regali
813 347 934 417 jure
956 348 1195 402 decorat.

45 444 212 498 Ornat
236 442 440 496 honore
475 441 673 503 locum,
700 439 995 507 locupletat
1019 438 1254 493 cultibus
1282 454 1450 495 aram.

123 530 258 584 Tum
295 547 387 584 rex
422 547 544 585 cum
570 530 717 601 regni
744 529 976 600 satrapis
1005 529 1260 599 claroque
1283 538 1475 584 senatu

56 622 229 677 Rebus
253 621 570 676 consultans
601 621 827 691 trepidis
858 635 1180 675 succurrere
1204 636 1378 690 papae,

62 714 346 767 l'uanimes
369 712 572 766 Christi
604 710 860 781 Petrique
891 712 957 764 ad
984 711 1166 765 munia
1200 712 1394 766 reddit.

59 807 200 859 "aud
233 806 358 860 ullis
381 806 527 860 valet
555 805 722 860 averti
755 805 1022 876 serpentis
1047 805 1214 875 iniqui

59 898 380 960 Fraudibus,
410 896 554 951 haud
583 895 767 952 fratris
799 895 949 950 vafro
979 898 1256 952 molimine
1287 899 1438 954 missi

59 987 332 1050 Consiliis;
361 989 488 1056 quin
519 1003 776 1057 germano
807 987 1117 1043 discrimina
1148 991 1369 1061 prmfert

63 1076 326 1141 Ecclesiae,
359 1076 570 1146 fixaque
598 1076 822 1131 studens
845 1079 1144 1133 certamine
1173 1081 1292 1147 niti,

60 1166 298 1220 I’n-sulis
329 1167 379 1220 in
409 1167 548 1222 votis
571 1167 713 1238 legat
744 1169 994 1223 mandata
1020 1180 1270 1242 tyranno,

63 1259 276 1312 chlere
301 1259 402 1312 sub
427 1259 574 1328 pacis
596 1257 790 1329 Cepha:
819 1261 1056 1316 sullecta
1086 1265 1343 1333 rependat
1369 1283 1383 1320 :

63 1350 263 1417 Terque
287 1351 474 1405 eadem
505 1351 718 1421 repetit.
747 1350 930 1421 Neque
955 1367 1050 1407 cor
1079 1354 1286 1408 mollire
1314 1356 1546 1427 gelalum

64 1439 358 1494 Muneribus
390 1440 672 1511 suasisque
695 1440 859 1505 valet,
885 1458 982 1496 nec
1007 1443 1219 1514 proficit
1251 1445 1360 1498 ullo

66 1531 133 1581 Ad
162 1545 346 1597 pacem
379 1530 609 1599 rigidum
640 1531 1008 1588 moderamine
1038 1533 1256 1590 flectere
1285 1546 1490 1605 pectus.

68 1620 204 1674 L'ude
255 1635 488 1690 gregans
549 1631 756 1677 turmas
812 1622 1146 1681 Francorum
1216 1628 1328 1698 agit
1382 1629 1637 1696 agmina,

47 1786 50 1789 ‘
499 1737 506 1742 ε
1321 1718 1564 1790 [causam

68 1802 167 1869 Ipse
195 1811 417 1857 acturus
448 1804 821 1874 apostolicam,
855 1808 1198 1881 mediamque
1224 1812 1436 1868 terebat

69 1893 219 1945 ltecto
241 1893 377 1947 calle
408 1894 549 1947 viam
579 1909 700 1949 cum
727 1911 895 1966 papa;
931 1900 1176 1969 procacia
1208 1900 1388 1956 nitens

66 1981 272 2035 Pectora
306 1980 614 2050 mitificare,
648 1986 782 2054 petit
810 1985 920 2041 fera
953 1989 1114 2042 corda
1145 1991 1351 2045 moveri

67 2072 210 2140 Regis
240 2073 368 2126 item
400 2075 602 2140 missis,
633 2083 766 2132 cum'
782 2079 904 2148 quis
929 2082 1179 2134 mandata
1211 2097 1508 2153 precesque

69 2163 256 2233 Dirigit,
288 2165 568 2222 obtestans
597 2167 869 2224 fundendo
894 2187 922 2224 a
947 2173 1210 2242 sanguine
1233 2185 1438 2245 parcat.

66 2255 143 2309 ille
170 2258 340 2311 minas
364 2259 729 2334 contra-Patri
760 2264 977 2334 regique
1008 2265 1227 2335 relegat.

126 2349 210 2400 Ast
239 2350 290 2404 hi
325 2365 474 2421 Spem
503 2351 732 2407 Domino
762 2361 926 2408 totam
953 2357 1291 2414 committere
1314 2361 1470 2424 certi,

70 2439 127 2492 Se
153 2440 366 2495 Christo
404 2451 582 2497 tutore
613 2443 736 2513 tegi,
768 2445 854 2499 cui
885 2445 1021 2499 bella
1050 2458 1328 2514 geruntur.

69 2530 210 2597 Cujus
243 2547 403 2600 opem
434 2533 690 2604 princeps
713 2550 960 2604 poscens,
989 2539 1252 2605 promissa
1285 2550 1538 2609 proterro

71 2619 266 2674 Munera
295 2621 396 2676 fert
433 2623 716 2679 tribuenda
751 2625 936 2678 humili
969 2627 1223 2697 Patrique
1249 2631 1524 2702 grcigique.

72 2709 244 2780 Sicque
273 2713 396 2767 duci
421 2729 540 2769 sese
569 2715 810 2786 allegans
836 2717 1052 2788 fidoque
1079 2729 1326 2789 patrono,

73 2802 296 2872 Cmptum
323 2805 502 2875 carpit
530 2806 655 2868 iter,
680 2807 900 2863 mittens
929 2811 1232 2878 prmcedere
1257 2813 1542 2880 quosdam,

72 2894 134 2945 Ac
159 2908 371 2948 servare
397 2895 598 2962 aditus,
630 2907 892 2966 arctoque
918 2909 1097 2955 astare
1128 2914 1326 2957 meatu.

72 2981 395 3053 Comperiens
419 2987 592 3043 hostis
619 3003 802 3060 regem
833 3006 1184 3060 prmcurrere,
1215 3011 1416 3064 paucos

72 3069 255 3130 Junctis
283 3076 384 3131 hos
410 3079 599 3134 cuneis
620 3081 804 3137 subito
831 3083 1136 3152 insperatus
1161 3087 1389 3144 adorsul

74 3161 294 3218 Stratum
325 3180 388 3220 se
417 3167 498 3224 ire
526 3177 706 3238 putat,
731 3173 928 3242 stragis
959 3174 1054 3229 sed
1080 3175 1276 3231 damna
1305 3191 1566 3248 reportat.

65 3251 242 3324 .Victus
264 3266 322 3310 et
344 3272 375 3311 a
403 3260 608 3328 paucis,
639 3275 761 3316 cum
789 3263 1035 3333 pluribus
1060 3266 1174 3335 ipse
1203 3271 1498 3339 peremptis

71 3341 126 3408 lt,
153 3346 370 3416 solaque
396 3347 535 3420 fugat
561 3351 749 3421 positis
782 3368 879 3424 spe
905 3355 1096 3410 nititur
1120 3359 1311 3426 armis,

71 3435 223 3504 Atque
248 3447 485 3494 tremens
511 3441 661 3496 urbis
685 3456 807 3498 sese
835 3443 1124 3500 vallamine
1151 3447 1370 3502 claudit.

130 3527 193 3579 At
210 3531 338 3598 justi
364 3545 745 3600 perversurum
777 3535 1073 3590 munimine
1101 3551 1258 3591 verso

70 3612 315 3685 Diripiunt
341 3621 571 3690 praedas.
601 3621 730 3678 Post
752 3624 952 3680 eadem
983 3626 1210 3682 vindicis
1237 3628 1384 3683 ensis

72 3703 169 3760 Rex
194 3707 350 3766 Patre
375 3714 744 3782 prosequitur,
777 3715 942 3771 fultus
970 3717 1274 3774 celantibus
1298 3720 1509 3776 hostem

72 3793 315 3854 incumbit
337 3802 528 3866 muris,
562 3818 750 3872 pacem
779 3805 905 3859 dum
932 3821 1067 3875 papa
1098 3807 1378 3876 precando

74 3888 281 3947 hedera
314 3895 539 3964 pellacis
565 3897 633 3927 ⁸⁸⁸
663 3897 938 3968 compellit
967 3899 1104 3954 inire
1141 3899 1352 3954 fidelem
1385 3901 1474 3967 ¹⁹⁷,

76 3979 303 4039 Reddere
327 3985 566 4055 jurantis
588 4003 709 4056 qua:
741 4001 890 4057 rapta
926 3997 1164 4044 retentat
1191 3989 1394 4058 inique.

134 4072 222 4128 Sic
247 4090 344 4129 sua
369 4091 463 4131 rex
491 4089 738 4147 repetens
767 4077 1101 4134 Francorum
1133 4095 1316 4150 regna,
1351 4079 1513 4136 beato

75 4161 164 4216 Dat
191 4166 362 4220 socios
391 4166 540 4221 Patri
571 4167 816 4224 Romana
849 4171 917 4224 ad
947 4171 1146 4225 mtenia
1172 4171 1326 4225 fidos.

73 4249 281 4324 Jamque
310 4257 601 4310 revertenti
627 4259 945 4328 populorum
971 4260 1224 4314 examina
1255 4269 1498 4314 currunt

75 4342 224 4398 Obvia
253 4349 474 4416 pastori,
505 4358 687 4420 grates
714 4349 1010 4421 laudesque
1035 4350 1275 4406 ferentes

81 4435 303 4494 Eximias
325 4439 567 4496 Christo.
596 4442 739 4498 Cleri
774 4445 1062 4515 p0pulique
1087 4453 1321 4500 caterva:

81 4525 346 4598 Excipiunt
378 4529 598 4587 Patrem
626 4533 887 4602 praeclara
914 4545 1111 4604 tropaea
1143 4536 1447 4592 vehentem.

79 4615 158 4673 Ille
185 4619 405 4687 studens
432 4636 684 4678 recreare
713 4639 957 4694 gregem,
990 4625 1231 4696 neglecta
1257 4627 1464 4684 referre

81 4707 265 4777 Munia,
299 4715 583 4771 nocturnis
611 4726 828 4785 reparat
859 4716 1137 4786 psallentia
1167 4719 1358 4782 sacris,

78 4797 312 4874 Carmina
339 4805 496 4876 digna
523 4806 708 4863 choris
734 4817 915 4879 auget,
949 4806 1138 4864 solatia
1163 4809 1370 4877 pnnbet

77 4890 370 4963 Coritmoda,
394 4897 605 4955 devotis
633 4910 844 4955 certent
874 4911 932 4955 ut
955 4902 1150 4971 degere
1185 4897 1428 4971 psalmis.

140 4984 313 5044 llostis
341 5001 395 5046 at
419 5001 670 5053 assuetas
699 4993 917 5050 volvens
948 4994 1048 5049 sub
1077 5004 1297 5063 pectore
1327 4991 1572 5062 fraudes,

79 5075 357 5149 lngeminat
377 5084 622 5151 facinus,
650 5084 886 5155 periuria
925 5094 1054 5144 nota
1086 5087 1416 5156 lrequentat.

3218 237 3324 297 802

1739 433 2110 502 lnvadensque
2132 433 2341 498 relicta,
2368 434 2517 488 nefas
2539 435 2818 490 cumulare
2845 436 3076 502 laborat,

1737 523 1914 593 Atque
1942 523 2111 577 trahit
2144 522 2292 593 regni
2322 523 2388 557 m
2427 539 2607 578 secum
2640 527 2739 579 sub
2763 535 2962 581 tartara
2995 529 3139 584 vires
3195 525 3206 534 ’

1739 610 1902 666 Arma
1935 614 2095 684 rapit,
2120 629 2320 669 cuneos
2345 614 2506 684 cogit,
2545 615 2743 670 misera
2767 618 2979 686 agmina
3000 659 3014 681 ,

1739 702 1994 758 Ecclesia:
2017 714 2203 758 contra
2232 705 2496 766 columen,
2522 705 2623 758 fert
2650 707 2830 775 praelia
2857 708 3038 774 Petro,

1740 793 1807 849 Et
1837 811 1990 848 sacra
2023 797 2286 867 sacrilego
2312 798 2616 851 circumdat
2637 801 2836 854 mmnia
2869 799 3031 856 ΐςιτο.

1811 887 2009 944 Ρτιιιευι
2039 891 2266 946 amatori
2289 891 2489 947 Christi
2528 901 2677 946 notat
2707 892 2948 962 improba
2975 893 3084 962 regi

1740 977 1986 1049 Pippiuo,
2021 989 2140 1034 acta
2185 981 2351 1035 trucis
2385 990 2575 1035 contra
2599 983 2684 1051 pia
2725 993 2907 1037 castra
2947 982 3017 1013 '°°
3053 983 3324 1039 draconis.

1740 1070 1966 1140 Expedit
1989 1073 2075 1126 ille
2099 1088 2312 1139 manus,
2350 1073 2672 1144 ultriciaque
2705 1076 3073 1142 exeritarma,

1740 1161 1871 1218 Jure
1897 1163 2080 1219 calens
2105 1165 2158 1219 in
2190 1165 2439 1235 perjuros
2469 1166 2780 1221 certaminis
2809 1169 2972 1237 mqui.

1741 1255 2116 1327 Caes-arcisque
2139 1268 2193 1313 et
2229 1258 2422 1330 legatis
2452 1271 2508 1314 et
2532 1259 2776 1328 jussibus
2802 1262 3052 1326 obstans,

1742 1344 1851 1400 Nec
1876 1347 2127 1416 precibus
2153 1347 2362 1404 ceditvo
2390 1350 2569 1415 minis,
2595 1360 2690 1404 aut
2713 1367 2938 1407 munere
2961 1354 3135 1408 victus
3165 1371 3182 1421 ;

1742 1435 2062 1491 Terribilem
2089 1453 2210 1494 sese
2236 1440 2419 1509 pravis
2443 1441 2554 1495 acri
2587 1443 2784 1511 impete
2811 1443 3077 1512 prasbens.

1744 1525 1951 1581 Insistit
1983 1529 2226 1599 trepidis,
2276 1531 2404 1585 dum
2435 1532 2502 1562 ²⁰¹
2534 1532 2720 1589 clauso
2755 1543 3042 1604 extorquet
3077 1536 3146 1591 ab
3171 1538 3331 1595 hoste

1741 1614 1870 1670 Jura
1899 1617 2206 1686 reformari,
2230 1621 2416 1692 recipit
2445 1623 2736 1693 redditque
2770 1624 2930 1682 beato

1743 1706 1951 1778 Oppida
1983 1720 2134 1780 rapta
2162 1709 2346 1778 Petro,
2379 1714 2733 1784 reprimitque
2759 1717 3016 1772 tumentia
3045 1718 3203 1774 colla.

1739 1799 2011 1870 Hesperia:
2035 1803 2324 1859 moderans
2347 1805 2598 1874 regiones
2625 1821 2763 1876 pace
2792 1817 3031 1872 serenat,

1740 1887 2050 1946 Gaudentes
2070 1893 2170 1948 sub
2203 1895 2521 1964 apostolicis
2548 1911 2608 1951 se
2633 1897 2832 1953 dedere
2856 1898 3040 1954 frenis.

1809 1980 1952 2050 Papa
1992 1982 2102 2038 Deo
2127 1993 2309 2055 grates
2356 1985 2618 2055 referens,
2654 1989 2846 2044 turrim
2875 1991 3036 2060 erigit
3079 1990 3212 2047 aula:
3239 1993 3329 2056 '°’,

1736 2073 2068 2144 Argentique
2093 2074 2281 2131 colens
2305 2077 2470 2132 radiis
2492 2077 2714 2135 investit
2740 2089 2795 2135 et
2824 2083 2964 2134 auri.

1735 2163 1868 2220 JEre
1895 2166 2051 2220 tubas
2077 2166 2148 2197 ²⁰³
2172 2166 2295 2223 fuso
2328 2169 2552 2236 attollit,
2583 2171 2782 2240 quibus
2806 2173 3020 2242 agmina
3045 2171 3220 2243 plebis

1735 2256 2039 2310 Admoneat
2065 2257 2248 2313 laudes
2271 2267 2328 2313 et
2359 2269 2480 2314 vota
2512 2260 2717 2316 referre
2744 2261 2997 2316 Tonanti.

1738 2346 2002 2418 Prospera
2043 2349 2431 2420 Cunctipotens
2468 2361 2650 2421 auget,
2692 2363 3003 2407 removetur
3031 2365 3084 2408 et
3117 2355 3324 2421 hostis;

1735 2438 1988 2495 Prmsulis
2017 2442 2091 2496 ad’
2115 2450 2301 2496 nutum
2326 2458 2478 2514 reges
2499 2453 2556 2498 et
2585 2461 2747 2514 regna
2777 2457 3066 2516 reguntur;

1737 2526 1880 2585 Bella
1911 2541 2262 2601 soporantur,
2287 2543 2515 2602 surgunt
2538 2550 2696 2589 sacro
2723 2537 2914 2590 ordine
2945 2538 3120 2592 fastus

1737 2616 1956 2673 Publica
1987 2635 2074 2675 res
2109 2621 2330 2684 crescit,
2361 2621 2551 2676 dilatat
2574 2632 2759 2690 pastor
2783 2625 2943 2690 ovile,

1740 2709 1981 2766 Fallaces
2009 2721 2163 2767 cavet
2188 2712 2432 2778 insidias,
2458 2713 2636 2768 ablata
2669 2725 2930 2784 receptat.

1736 2795 2093 2870 Educeusque
2121 2816 2290 2856 novas
2320 2801 2518 2872 Cepha-
2547 2802 2835 2872 splendore
2860 2803 3165 2870 columnas,

1739 2886 1996 2943 Fabricat
2020 2890 2298 2955 ecclesias,
2330 2890 2512 2959 Petro,
2541 2893 2719 2958 fratri,
2747 2895 3052 2964 genitasque
3073 2896 3142 2928 ’⁸⁵
3166 2913 3181 2960 ;

1746 2977 1893 3045 Quas
1919 2979 2144 3034 fabricis
2169 2991 2346 3049 ornat,
2379 2982 2646 3054 donisque
2685 2984 2985 3041 nitentibus
3009 2996 3189 3058 auget,

1671 3046 1715 3106 (ἶ
1747 3072 1923 3140 Atque
1945 3070 2275 3139 Petronillaz,
2305 3046 2448 3145 regis
2473 3076 2704 3140 tuonitu,
2729 3092 2850 3132 ossa
2881 3046 3150 3134 venustat.

1816 3159 2045 3216 Actibus
2073 3161 2157 3217 his
2184 3162 2387 3231 clarus,
2429 3164 2732 3235 palmarum
2760 3177 2817 3222 et
2863 3167 3066 3224 lumine
3100 3179 3332 3234 mactus,

1742 3247 1972 3306 Praunia
2002 3252 2142 3309 celsa
2171 3255 2308 3324 petit
2335 3254 2497 3310 Petro
2523 3256 2746 3312 ductore
2767 3259 2978 3314 beatus.

2211 3345 2288 3400 De
2321 3344 2493 3400 Paulo
2522 3365 2660 3418 papa
2690 3350 2861 3420 (189).

1815 3431 2119 3490 Germanus
2151 3433 2430 3505 Stephano
2459 3439 2701 3492 succedit
2727 3442 2780 3494 in
2811 3441 3005 3515 ordine
3036 3440 3258 3508 Paulus,

1743 3524 1876 3580 Cum
1907 3542 2013 3594 quo
2035 3527 2261 3582 devotus
2296 3528 2495 3597 pietate
2516 3538 2568 3582 et
2602 3527 2722 3584 luce
2742 3532 2946 3599 sophia:

1744 3616 2026 3670 Claruerat
2054 3617 2302 3683 rutilans,
2334 3619 2747 3689 individuusque
2776 3622 2977 3678 sodalis

1743 3707 1987 3764 llaescrat
2016 3711 2068 3764 in
2098 3708 2281 3775 finem,
2307 3709 2392 3764 cui
2423 3726 2546 3766 mox
2578 3713 2944 3769 moderamina
2970 3713 3191 3779 cedunt,

1743 3797 1998 3867 Dispersa
2031 3809 2291 3854 renuente
2316 3815 2502 3866 manu,
2525 3814 2620 3855 ceu
2646 3801 2760 3856 sole
2794 3803 3050 3860 tenebris.

1817 3890 1918 3944 llic
1948 3891 2071 3960 pius
2101 3905 2164 3946 ac
2192 3891 2340 3947 mitis
2364 3892 2637 3947 tribulatis
2668 3893 2812 3949 ferre
2841 3894 3086 3949 levamen

1743 3978 2018 4045 Certabat,
2045 3979 2303 4050 languore
2331 3997 2528 4052 graves
2551 3983 2878 4055 inopumque
2901 3985 3151 4056 grabatta

1745 4066 1933 4125 Visere
1959 4081 2272 4138 consuetus,
2307 4074 2483 4128 tacita:
2510 4073 2610 4128 sub
2635 4076 2871 4144 tegmine
2902 4075 3074 4130 noctis
3105 4094 3120 4143 ;

1743 4158 2070 4218 Carceribus
2099 4179 2268 4218 nexos
2296 4164 2564 4230 adimeus,
2596 4165 2976 4237 redimensquc
3011 4168 3268 4224 subactos

1743 4252 2074 4320 Fenoribus,
2102 4256 2425 4326 pupillorum
2454 4269 2612 4328 pater
2639 4275 2702 4313 ac
2733 4259 3013 4314 viduarum
3040 4277 3056 4326 ;

1754 4341 2049 4399 Catholica:
2083 4354 2227 4399 tutor
2258 4347 2379 4400 lidei
2413 4363 2427 4410 ;
2460 4363 2569 4416 quo
2611 4351 2828 4403 tramite
2858 4364 3014 4420 reges

1673 4405 1728 4466 Β
1751 4434 2042 4501 Admouet,
2072 4437 2340 4499 hortatur,
2367 4405 2521 4504 petit,
2557 4435 2865 4506 insistitque
2903 4405 3085 4506 roponi

1748 4522 2036 4577 Schemata
2061 4522 2131 4552 ²⁰⁸
2161 4532 2472 4576 sanctorum
2501 4521 2822 4591 Domiuique
2844 4523 3006 4593 polita
3031 4525 3224 4577 nitore.

1746 4609 2021 4666 Mausolea
2062 4609 2540 4679 cnleusjustorum
2582 4612 2832 4681 provehit
2859 4613 3010 4667 urnis
3047 4630 3061 4677 ;

1745 4699 1922 4770 Atque
1949 4701 2069 4754 urbi
2102 4700 2356 4767 reddens,
2387 4701 2601 4755 cineres
2629 4701 2887 4756 sublimat
2907 4703 2960 4756 in
2991 4704 3152 4757 aulis.

1820 4797 1870 4851 ls
1894 4800 2144 4867 proprios
2166 4813 2386 4853 sacrare
2415 4797 2558 4852 lares
2588 4800 2690 4854 sub
2717 4798 2950 4853 culmine
2973 4799 3176 4856 Christi

1752 4891 2079 4962 Pignorihus
2101 4891 2332 4958 studuit,
2359 4905 2583 4949 comens
2611 4902 2669 4948 et
2698 4892 2914 4946 nomine
2940 4891 3162 4946 Patrum

1752 4983 2000 5040 Silvestri
2027 5001 2091 5040 ac
2117 4984 2406 5052 Stephani,
2429 4983 2724 5041 multorum
2756 4983 2872 5040 luce
2900 4984 2972 5015 ’θ’
2994 4986 3203 5053 piorqu

1748 5079 1972 5146 Insuper
2006 5077 2309 5144 illustratus,
2338 5073 2596 5148 opulento
2628 5087 2682 5132 et
2711 5090 2931 5132 munere
2961 5074 3235 5144 supplens.

1094 5213 1388 5271 GLOSSxE
1429 5206 1879 5273 MARGINALES
1921 5207 2345 5266 MABILLONII.

144 5324 206 5356 ⁸⁸⁸
230 5327 389 5384 dolosi
423 5328 663 5384 Aistnlli.

80 5395 142 5426 ιιιῖ
173 5395 302 5426 Dan;
398 5399 472 5426 £0:
499 5415 788 5426 ,πηιυιυηυιη

1042 5415 1070 5426 ιι
1081 5400 1217 5426 ι’-ιΛιιιι

740 5330 805 5362 ¹⁹⁷
829 5329 1135 5397 Pippinum.
1213 5331 1281 5365 ¹⁹⁸
1310 5338 1557 5400 peccata.
1638 5329 1704 5362 ³⁸⁸
1762 5327 1861 5400 siti
1884 5327 1952 5380 ad
1977 5337 2277 5400 mortem:
2307 5331 2380 5361 ὀο
2399 5328 2693 5382 Romanos.
2769 5325 3046 5381 "‘donee.
3123 5321 3356 5376 "’Sam

1001 5399 1022 5426 Α
1042 5400 1217 5426 ι-.’-ιΛη-ι
1251 5398 1322 5426 ΑΙ*
1350 5398 1656 5426 ιδιιίμιι..;¹.Α-ι
1851 5398 2111 5426 :Itlnnznnnn
2311 5402 2518 5426 I.A-nnlln
2569 5406 2888 5426 bunt-Il‘FIIlI‘

1251 5411 1296 5426 Α.
1311 5398 1322 5400 v
1350 5398 1656 5426 "."nn‘..:"._s

1754 5398 1824 5426 ὀδ
1851 5398 2111 5426 ἶηιηηῖηιιη
2211 5397 2282 5426 106
2311 5402 2518 5426 ’.Α-ιηιοη
2569 5406 2830 5426 anna-Italu-
