3908 5426
1126 260 1518 320 FLODOARDI
1555 260 1875 319 CANONtCt
1927 258 2273 352 asuENSIs
2312 254 2672 316 OPUSCULA
2713 253 3038 345 METRtCA.

3621 254 3731 311 εει

1023 484 1102 542 De
1127 486 1356 542 secundo
1366 486 1603 551 Adriano
1628 504 1788 557 papa,
1802 498 1851 544 et
1878 396 2171 543 11ῗίᾅῖἷο
2190 395 2419 557 gratante
2443 492 2642 548 nostra,
2657 480 2852 536 Carolo
2865 496 3066 552 quoque
3091 496 3225 551 rege.

530 593 669 650 llinc
701 607 855 650 sacra
885 594 1188 650 succedunt
1208 594 1432 650 Adriani
1453 594 1577 665 jura
1601 598 1842 654 θεραπηίη.

455 687 555 755 Qui
584 689 703 757 pius
727 703 791 742 ac
813 688 1051 757 placidus
1082 688 1348 750 lau.tatur,
1380 699 1435 742 et
1455 689 1648 744 ordine
1675 688 1875 752 clarus.

458 779 794 848 Pauperibus
821 781 1024 850 largus,
1050 778 1408 846 locupletibus
1432 790 1595 850 atque
1633 782 1929 851 benignus;

457 870 720 926 Omnibus
748 879 804 924 et
830 870 1059 933 medius,
1086 869 1216 925 nulli
1241 870 1342 923 nisi
1369 872 1569 926 charus
1598 873 1892 929 habendus.

456 958 808 1030 Co;ripa:iens
847 960 1052 1031 passis,
1079 962 1348 1031 patientes
1376 963 1622 1032 improha
1651 979 1901 1030 servans,

462 1052 863 1121 j‘a:sorumque
895 1052 1082 1107 ferens
1103 1068 1266 1127 causa
1286 1094 1300 1119 ,
1332 1053 1620 1125 longinqua
1648 1067 1896 1127 pererrat

465 1143 697 1214 Scriptis
748 1159 914 1215 regna
940 1184 955 1210 ,
993 1160 1218 1202 mouens
1253 1146 1481 1216 rigidos,
1528 1163 1787 1219 reparans
1834 1165 2048 1221 quoque

1725 1241 1975 1315 [fractos,

465 1329 804 1399 Iustitia-que
838 1331 979 1386 viam
1004 1344 1153 1401 justo
1179 1335 1546 1390 moderamine
1565 1338 1825 1405 pandens,

468 1421 649 1492 thue
676 1421 864 1478 Patres
893 1425 1074 1495 superi
1108 1426 1179 1459 ³⁵⁸
1208 1425 1370 1497 Regis
1399 1428 1683 1497 fastosque
1709 1438 1943 1489 coercet.

464 1513 544 1567 Ac
569 1514 793 1568 maculis
819 1529 1052 1585 purgare
1079 1517 1249 1585 nigris
1278 1519 1457 1588 regale
1479 1520 1548 1555 ³³⁷
1581 1521 1791 1575 laborat

465 1600 621 1657 Nune
648 1604 849 1661 monitu
878 1605 1096 1673 blando,
1123 1623 1268 1663 nunc
1310 1611 1600 1678 asperitate
1631 1612 1825 1667 cubile.

537 1691 689 1765 (195)
730 1693 1049 1750 Pontiﬁcem
1084 1698 1130 1752 is
1174 1710 1418 1755 nostrum
1453 1704 1617 1756 sumit
1646 1717 1936 1773 regemque
1965 1719 2054 1761 so-

1788 1793 1983 1867 μεθιεῖς,

468 1873 819 1933 llincmarum
841 1888 897 1933 et
916 1879 1201 1947 Carolum;
1234 1882 1519 1953 sociosque
1560 1883 1763 1940 laboris
1788 1886 2029 1956 adoptat.

471 1967 805 2038 Sceptraque
831 1970 909 2035 sic
926 1972 1130 2039 pariter
1160 1974 1324 2029 tutari
1347 1991 1374 2027 a
1401 1976 1630 2030 crimine
1656 1984 1848 2034 certat.

473 2059 530 2113 In
561 2060 745 2115 multis
778 2063 940 2116 etiam
963 2064 1143 2118 divina
1176 2067 1291 2135 lege
1316 2069 1566 2138 regendis

2069 588 2113 645 Λ
2144 598 2210 654 Et
2238 595 2532 652 rationales
2559 609 2656 664 per
2678 610 2836 666 agros
2861 594 2947 665 pia
2975 594 3180 650 semina
3209 608 3470 665 spargens
3501 612 3515 648 :

2146 688 2344 759 Utpnte
2372 688 2724 758 doctiloquus,
2764 687 2996 756 prudens
3015 726 3030 753 ,
3061 701 3331 756 sensuque
3358 685 3591 757 peritus,

2146 778 2447 837 Sollicitum
2472 779 2564 849 qui
2596 793 2653 833 se
2675 778 2931 849 gregibus
2954 764 3227 848 praebebat
3252 777 3484 831 alendis.

2214 871 2332 940 Quo
2360 867 2811 937 Patribusjuncto
2839 868 3009 924 solers
3034 869 3179 925 subit
3204 865 3315 922 alta
3344 868 3588 924 Marinus

2146 962 2429 1035 Regmina,
2480 963 2570 1034 qui
2618 960 2853 1033 placitus
2899 959 3127 1017 Domino
3163 969 3219 1016 et
3249 960 3417 1017 decus
3447 958 3598 1016 orbis
3628 960 3723 1015 ha.-

3458 1048 3658 1124 [betur,

2149 1144 2408 1216 Augustis
2436 1144 2654 1208 charus,
2682 1143 3003 1215 populorum
3040 1142 3233 1214 dignus
3258 1150 3476 1199 amator
3504 1162 3519 1199 :

2148 1234 2421 1291 Doctriuis
2446 1235 2708 1301 renitens,
2738 1234 2915 1290 sacris
2935 1244 2989 1289 et
3013 1235 3220 1289 semina
3260 1234 3385 1289 diva

2150 1326 2418 1387 Cordibus
2446 1327 2737 1381 infundens
2778 1326 3057 1380 hominum
3085 1342 3183 1396 per
3209 1326 3429 1381 climata
3461 1324 3666 1379 mundi.

2151 1418 2285 1477 Nam
2315 1420 2505 1476 Graios
2536 1433 2826 1489 superans,
2857 1417 3026 1489 pulsis
3058 1419 3362 1484 erroribus,
3394 1433 3560 1473 unam

2154 1510 2409 1567 Reddidit
2432 1509 2755 1575 EccleSiam,
2780 1510 3120 1579 scissumque
3153 1509 3326 1579 cor-git
3351 1508 3518 1563 ovile.

2228 1601 2343 1673 (t5)
2382 1598 2703 1657 Pontificem
2748 1608 2992 1656 nostrum
3041 1599 3332 1655 Folconem
3376 1598 3469 1654 hic
3510 1596 3731 1667 fascibus

3430 1691 3668 1764 {ornans,

2155 1788 2381 1845 Instruit
2410 1802 2531 1852 ore,
2556 1803 2718 1843 manu
2749 1785 2987 1858 pastoris
3011 1783 3396 1852 comerejura,

2159 1885 2494 1954 Jastitiaeque
2520 1886 2636 1959 ejus
2662 1887 2966 1957 congaudet
2996 1895 3277 1959 promptus
3307 1882 3506 1937 amori.

2161 1975 2329 2045 lnque
2362 1976 2661 2031 refutandis
2684 1985 2948 2047 priestans
2975 1955 3229 2043 suilragia
3258 1974 3468 2044 pravis,

2164 2064 2294 2119 Fct‘l
2327 2081 2384 2121 se
2412 2066 2737 2136 adjutorem,
2771 2066 2996 2120 multam
3025 2065 3330 2121 minitando
3358 2062 3598 2133 superbis

477 2149 637 2206 Ilunc
666 2164 910 2208 nostrum
937 2152 1155 2209 Patrem
1185 2158 1287 2213 sibi
1310 2156 1534 2213 fratrem
1562 2158 1821 2215 adsciscit
1853 2159 2061 2229 agonis.
2091 2153 2140 2213 B
2170 2154 2324 2211 lluac
2379 2155 2606 2211 fratrem
2655 2155 2803 2211 velut
2856 2156 3189 2227 amplectens
3217 2194 3230 2221 ,
3277 2151 3613 2208 incommoda
3657 2164 3729 2223 rc.-

474 2279 553 2335 Dc
576 2280 787 2336 Joanne
811 2298 947 2353 papa
971 2281 1118 2339 γιιι
1137 2294 1183 2339 et
1206 2284 1416 2339 Marino
1438 2285 1550 2356 ejus
1571 2304 1863 2341 sttrccssore
1890 2286 2058 2360 (196).

550 2416 665 2473 [loc
692 2431 849 2489 rapto
880 2420 1026 2490 capit
1051 2429 1276 2475 octavus
1312 2430 1587 2491 segmenta
1615 2421 1850 2481 Joannes

479 2507 743 2564 Culmiuis
768 2511 976 2577 eximii,
1004 2512 1206 2581 quique
1235 2511 1498 2567 elfulsisse
1540 2513 1716 2569 beatis

476 2596 714 2656 Moribus
741 2601 1054 2664 adstruitur,
1090 2603 1333 2658 doctrina
1357 2614 1584 2660 ornatus
1606 2612 1660 2659 et
1686 2604 1841 2661 actis.

478 2688 673 2746 Judicii
704 2704 907 2759 custos,
937 2696 1066 2750 recti
1099 2697 1316 2764 pietatis
1346 2704 1577 2752 amator.

480 2778 557 2835 De
592 2780 795 2837 Christi
825 2792 1009 2854 segete
1031 2784 1225 2841 crebro
1252 2786 1458 2840 zizania
1488 2786 1718 2856 pellens,

3402 2244 3564 2319 [velet
3589 2244 3668 2308 ”',

2169 2334 2348 2405 thue
2391 2337 2549 2392 ﬁdem
2590 2348 2772 2393 mouet
2805 2338 3081 2402 exhibeat,
3113 2335 3430 2405 scriptoque
3461 2332 3663 2387 revelet.

2170 2422 2340 2492 llnjus
2364 2434 2417 2481 et
2437 2427 2503 2481 ad
2532 2437 2718 2481 nutum
2750 2426 3004 2482 Patrihus
3033 2425 3290 2480 mandata
3321 2424 3619 2489 resignatis,

2170 2516 2553 2587 Contemptore
2589 2530 2752 2590 super
2770 2520 2923 2590 jubet
2949 2532 3209 2574 exercere
3246 2517 3487 2587 vigorem
3512 2532 3525 2567 :

2170 2606 2236 2660 Et
2268 2608 2406 2675 parti
2436 2608 2590 2663 istius
2610 2609 2863 2677 precibus
2889 2624 2948 2664 se
2977 2608 3175 2663 dedere
3202 2620 3405 2662 curans
3424 2645 3439 2670 ,

2171 2696 2200 2750 l~
2218 2711 2517 2751 rancorunr
2533 2714 2713 2769 regem
2744 2698 2997 2754 atTectum
3025 2699 3264 2755 retinere
3293 2706 3578 2768 paternum

2176 2788 2462 2851 Hortatur.
2497 2790 2680 2847 solans
2707 2792 2957 2863 votisque
2978 2790 3258 2865 juvamina
3281 2791 3547 2863 prazbens.

1951 2941 2178 2998 CAPUT
2217 2942 2307 2998 IV.

693 3048 771 3106 De
800 3049 950 3106 tertia
976 3048 1210 3106 Idriauo
1235 3067 1373 3124 papa
1398 3093 1413 3121 ,
1457 3060 1506 3107 et
1552 3049 1787 3108 Fulcoue
1835 3064 2013 3110 nostra
2062 3056 2290 3128 pra'utle
2327 3053 2487 3110 Carlo
2514 3069 2719 3125 quoque
2738 3053 2974 3124 Augusto
2993 3093 3008 3120 ,
3038 3060 3088 3108 et
3111 3053 3174 3107 de
3203 3051 3474 3124 Stephano
3502 3048 3565 3103 γ.

557 3189 669 3259 (Η)
693 3190 912 3245 Tertius
949 3190 1178 3245 emissos
1208 3190 1477 3244 Adrianus
1508 3192 1716 3246 honore
1742 3201 1977 3261 secutus,

486 3264 726 3358 Pr'csule
743 3279 858 3349 jam
882 3282 1024 3335 dicto
1049 3281 1284 3335 Folcoue
1307 3282 1559 3336 studente
1589 3293 1818 3351 paratur

487 3368 755 3451 Remeusi'
775 3373 935 3426 Pater
962 3372 1231 3434 Ecclesiae.
1260 3380 1463 3429 tutator
1492 3381 1544 3427 et
1577 3374 1737 3427 altor.

491 3461 623 3520 Jura
645 3462 748 3518 sibi
776 3459 987 3516 decoris
1016 3461 1237 3515 tirmans
1260 3470 1318 3514 ut
1342 3462 1557 3517 roboret
1588 3463 1721 3533 apti,

494 3554 564 3608 Et
590 3560 778 3608 contra
810 3551 1069 3607 adversos
1100 3552 1294 3609 solatia
1318 3553 1493 3607 debita
1532 3564 1768 3621 praestet,

495 3644 859 3721 Nostrumque
889 3643 1083 3699 aﬂ‘ectu
1116 3660 1292 3715 regem
1329 3646 1589 3714 genitoris
1624 3647 1862 3718 adoptel.

496 3734 823 3791 Praesulibus
850 3743 1054 3804 patrem
1077 3737 1319 3804 pandens
1344 3750 1403 3789 se
1428 3739 1531 3791 rLte
1555 3737 1730 3807 benigi
1755 3752 1865 3791 uzn.

568 3813 689 3891 Quo
717 3825 826 3879 cito
864 3814 1159 3894 praerepto,
1190 3824 1497 3894 Stephanus
1527 3828 1593 3881 de
1624 3828 1837 3883 nomine
1865 3828 2084 3898 quintus

497 3912 763 3969 Fasmbus
792 3916 1041 3971 erchitur
1064 3916 1308 3981 summis,
1344 3914 1435 3984 qui
1465 3927 1939 3985 prmiticmoratum

500 4006 817 4063 Pontilicem
842 4020 1084 4064 nostrmn
1108 4011 1325 4080 scriptis
1347 4013 1573 4067 solando
1596 4012 1863 4080 paternis,

502 4096 659 4153 llunc
687 4100 904 4169 dignum
931 4100 1137 4163 fratris,
1170 4102 1313 4157 hunc
1341 4106 1557 4159 nomine
1585 4113 1770 4159 censet
1809 4103 1970 4159 amici

504 4189 576 4244 Se
603 4202 908 4260 preruptum
935 4195 1155 4247 firmare
1183 4194 1250 4247 ab
1280 4211 1343 4248 co
1379 4212 1500 4265 qum
1527 4197 1629 4249 rite
1665 4205 1941 4263 petantur.

502 4280 597 4357 ille
629 4290 808 4335 tamen
837 4298 1052 4336 servum
1086 4284 1263 4351 potius
1288 4299 1345 4337 se
1378 4285 1609 4338 destinat
1636 4285 1801 4337 imum
1827 4326 1844 4351 ,

506 4371 832 4441 Attollitque
861 4372 1101 4435 Patrem,
1138 4372 1461 4443 Dominique
1509 4376 1772 4443 impendit
1800 4376 2084 4430 honorem.

505 4462 860 4533 Exoransque
899 4474 1179 4535 rogatores
1208 4481 1305 4535 pro
1343 4466 1593 4520 culminis
1622 4465 1739 4536 ejus
2070 4458 2073 4461 “

507 4543 706 4631 Reddit
734 4555 852 4611 luce
886 4557 1040 4624 alios,
1071 4573 1135 4613 ac
1156 4557 1345 4628 ﬂagrat
1368 4558 1516 4612 adire
1540 4558 1828 4613 videudmn
1861 4573 1875 4612 :

506 4645 815 4702 Barbarica:
842 4648 1136 4716 impediant
1162 4650 1311 4703 acies
1334 4650 1436 4703 nisi
1466 4658 1588 4703 vota
1621 4649 1818 4717 parati.

507 4738 679 4808 Ipsius
700 4755 828 4803 ergo
852 4755 1071 4808 precum
1104 4741 1278 4809 poscit
1307 4740 1603 4793 munimine
1638 4752 1863 4807 regnum

508 4830 643 4883 Tam
667 4831 834 4884 crudo
860 4831 1049 4885 redimi
1081 4846 1236 4886 saeva:
1260 4830 1571 4886 discrimine
1596 4831 1781 4899 pestis.

510 4922 583 4985 Se
611 4936 827 4989 quoque
855 4923 1038 4975 conari
1068 4932 1175 4976 tota
1204 4925 1401 4976 virtute
1423 4924 1581 4977 reniti

515 5010 638 5038 ητα..
671 5011 965 5038 ηηΛαΙΛΙῖι-ιιι
995 5010 1333 5040 Ι-ὶη.¹ΔσιιῖΙιιοο
1368 5021 1478 5040 ΛΙ-οὶ
1510 5012 1669 5042 ..ἶσα-ζ

2175 3193 2432 3248 Remensi
2464 3192 2724 3248 Ecclesice
2748 3191 2993 3268 Romana
3026 3189 3271 3262 praestita
3294 3188 3425 3245 sede

2176 3281 2501 3338 lutemerata
2525 3281 2639 3352 jugi
2670 3291 2956 3338 serventur
2983 3282 3209 3348 hoaore,
3239 3287 3498 3350 precatur
3528 3295 3543 3332 :

2103 3382 2148 3443 ρ
2175 3353 2383 3444 ‘Utpote
2412 3372 2551 3442 juris
2575 3372 2858 3464 apostolici
2890 3388 2987 3442 per
3016 3380 3211 3427 cuncta
3241 3370 3411 3435 litleli,

2182 3463 2355 3530 Quam
2379 3473 2591 3519 certare
2616 3459 2715 3518 sibi
2753 3473 2941 3518 contra
2973 3462 3152 3518 omnia
3182 3460 3344 3515 livida
3372 3459 3543 3525 norit;

2183 3556 2403 3612 Tradita
2431 3557 2777 3627 pauperibus,
2812 3555 3089 3624 sacrisque
3110 3553 3329 3607 addicta
3356 3549 3634 3627 ministris,

2185 3645 2291 3702 Sed
2315 3662 2568 3716 perversa
2608 3645 2738 3702 feris
2770 3646 2979 3715 direpta
3008 3644 3314 3700 furentibus
3343 3642 3508 3707 ursis,
3618 3630 3623 3637 ’

2182 3738 2414 3809 Α‹’]ιινοι
2434 3738 2601 3792 ειΙΙὶεἱς.
2624 3737 2856 3793 ercllere
2882 3737 3127 3792 faucibus
3158 3737 3316 3792 atris.

2183 3812 2463 3898 Ailgaudet
2492 3843 2735 3882 summus
2759 3830 3040 3897 redditque
3063 3828 3330 3883 levamiua
3367 3827 3591 3900 praesul,

2187 3920 2365 3989 Seque
2396 3921 2589 3990 probat
2622 3920 2809 3974 fratris
2839 3921 3090 3977 devotum
3122 3919 3175 3976 in
3199 3919 3324 3988 jure
3354 3935 3573 3974 manere
3600 3936 3612 3971 :

2187 4009 2344 4063 Huuc
2381 4010 2547 4064 etiam
2578 4018 2633 4063 et
2671 4019 2856 4064 natum
2883 4010 2984 4065 sub
3010 4008 3183 4079 patris
3210 4024 3398 4063 amore
3420 4008 3613 4073 lovcrc,

2186 4098 2355 4156 Noxia
2381 4116 2499 4170 qua:
2528 4101 2729 4168 patitur
2749 4115 2845 4156 ceu
2885 4102 3099 4170 propria
3123 4097 3289 4172 ﬂagra
3320 4099 3529 4167 dolere,

2192 4191 2547 4261 Assiduisque
2567 4190 2687 4261 'ejus
2716 4194 2965 4262 prccibus
2991 4207 3089 4261 pro
3128 4207 3260 4263 pace
3289 4208 3505 4262 rogare.

2189 4280 2365 4351 Atque
2395 4280 2559 4352 petita
2599 4283 2757 4337 modo
2795 4284 2880 4337 vel
2911 4294 3150 4353 tempore
3182 4282 3380 4337 cedere
3408 4282 3596 4353 digno,

2191 4373 2518 4429 Phesulibus
2547 4389 2773 4445 pervasa
2793 4371 2948 4442 jubet
2968 4392 3075 4445 quo
3108 4374 3332 4428 reddere
3360 4382 3555 4444 cogant

2192 4462 2513 4532 Raptorem;
2550 4464 2742 4528 sacris,
2772 4463 2975 4517 referat
3006 4463 3108 4518 nisi
3138 4472 3310 4532 rapta,
3345 4461 3627 4532 repellant.

2264 4555 2508 4625 Augusto
2534 4555 2777 4608 scribens
2807 4554 3017 4617 Carolo,
3045 4555 3317 4624 praeconia
3344 4554 3560 4608 Christo

2195 4644 2598 4715 lndupcratoris
2626 4662 2722 4714 pro
2744 4655 2933 4700 sancto
2964 4647 3141 4700 reddit
3176 4659 3386 4699 amore.

2120 4717 2169 4787 ί)
2198 4737 2315 4804 Quo
2342 4737 2572 4807 ﬂagrans
2595 4737 2805 4792 sublata
2837 4738 2925 4793 diu
2957 4736 3280 4807 patrimonia
3308 4745 3508 4789 nostrm

2198 4829 2525 4884 lteddiJerat
2547 4840 2749 4885 sancta:
2778 4844 2990 4884 summo
3022 4829 3122 4883 sub
3151 4822 3374 4883 nomine
3398 4827 3542 4893 sedi;

2196 4918 2277 4975 Ac
2302 4926 2485 4974 monet
2513 4928 2572 4973 ut
2606 4928 2830 4990 peragat
2878 4919 3019 4989 quod
3048 4919 3226 4974 adhuc
3256 4919 3389 4973 hinc
3434 4923 3595 4971 restat
3616 4925 3743 4983 agea-

3543 5005 3683 5044 Limn,
