3908 5426
95 288 197 349 .5
725 284 814 342 DE
848 284 1123 343 CHRISTI
1147 281 1533 343 ’INDHPHIS
1553 283 1638 340 AP

1833 282 2066 340 ['ALIAM
2106 283 2284 341 LlBlt.
2320 287 2458 342 ω’.
2482 285 2696 343 -—LlB.
2728 286 2842 345 Xll.
3270 290 3376 349 816

97 404 416 474 All'ectuque
444 410 628 461 monet
649 402 846 472 emptis
877 400 1128 457 insistere
1152 401 1294 456 votis
1711 412 1760 479 Α
1790 399 1993 457 Prazsul
2026 402 2355 469 apostolicus
2380 402 2541 473 hujus
2561 418 2776 475 quoque
2807 405 3049 475 regmina
3080 408 3307 473 firmans

99 497 233 567 Erga
260 496 565 552 Romanam
586 494 782 551 summi
807 491 1195 549 moderaminis
1216 506 1418 549 arcem.
1602 556 1615 565 κ
1788 493 2028 554 Roborat
2058 492 2312 551 Ecclesia:
2333 510 2455 564 qua:
2480 507 2605 551 sunt
2632 499 2756 552 data
2784 512 3007 553 munera
3038 507 3259 571 nostrzr,

96 588 442 661 nonquestos
464 604 524 644 se
552 587 769 657 indigna
802 586 934 656 pati,
964 583 1231 655 suffragia
1253 585 1390 655 legat
1421 598 1437 639 :
1575 645 1591 654 _
1787 588 1917 643 Jura
1955 586 2301 655 antiquorum
2332 603 2617 656 procerum
2639 605 2900 649 concessa
2921 591 3120 648 nitore.

99 677 256 735 lstitts
285 678 350 732 ad
373 677 553 733 Patris
578 676 907 747 mandatque
930 675 1206 745 juvamina
1234 673 1384 731 ferri.
1788 670 1958 728 Nemo
1986 677 2177 732 horum
2215 679 2509 749 quidquam
2541 681 2787 736 minuens
2816 678 3039 753 usurpet
3066 683 3271 755 inique,

101 765 188 822 Slc
212 768 626 838 peregrinantes
652 767 758 822 sub
781 782 970 821 amore
999 774 1053 821 et
1078 765 1295 821 nomine
1328 764 1472 825 Petri
1789 762 1900 820 Nec
1928 768 2125 836 pracsul
2156 768 2336 836 detur,
2361 785 2632 825 canonum
2668 771 2771 829 nisi
2807 772 2924 844 lege
2956 782 3193 843 petatur.

104 859 373 928 Suscipiat
399 860 560 930 petit,
586 874 651 914 ac
676 858 875 922 foveat,
907 868 1145 918 tueatur.
1171 858 1418 915 honoret.
1788 853 1915 911 llaec
1933 858 1977 910 si
2002 858 2125 927 quis
2149 860 2330 927 violet,
2357 861 2509 921 nisus
2531 870 2802 919 temerare
2827 873 3029 920 statuta
3051 905 3069 931 ,

102 948 237 1004 Pace
266 950 541 1004 laboranti
572 950 738 1005 totius
764 960 819 1004 et
841 948 1036 1003 ordine
1067 949 1217 1018 regni
1791 946 1931 1003 Sede
1963 948 2107 1005 Petri
2142 952 2302 1019 digne
2332 953 2499 1008 multa
2528 954 2771 1009 dictante
2798 966 3115 1025 prematur:

106 1040 449 1097 Gratcsinde
472 1040 659 1104 refert,
688 1049 1010 1110 crescatque
1044 1041 1298 1095 hortatur
1327 1049 1385 1096 ut
1408 1040 1632 1096 instans.
1789 1038 1947 1095 Edita
1971 1056 2321 1111 conservans,
2346 1045 2592 1100 benedici
2621 1056 3018 1116 promereatur.

174 1133 334 1190 Urbis
356 1134 667 1205 Lingoniczc
692 1144 920 1203 questus
941 1132 1154 1203 delegat
1181 1134 1382 1198 eidem,
1861 1130 2009 1203 (l98)
2035 1130 2285 1201 Pontilici
2311 1135 2438 1191 huic
2486 1145 2675 1192 nostro
2712 1136 2977 1208 synodum
3022 1136 3237 1207 delegat
3286 1144 3382 1193 ha-

102 1225 296 1281 Contra
326 1234 448 1279 rota
475 1223 647 1293 premi
668 1234 946 1294 pastorum
978 1224 1213 1278 culmine
1237 1223 1471 1293 plebem,
3054 1230 3307 1306 umnam“

101 1316 204 1372 Nec
230 1317 397 1387 digno
423 1316 717 1386 impetrare
747 1315 965 1370 Patrem
999 1314 1276 1369 molimine
1306 1315 1505 1369 lectum
1532 1331 1549 1371 :
1789 1314 1923 1373 Cum
1956 1317 2337 1373 nonnullarum
2369 1318 2647 1389 regionum
2675 1318 2947 1384 Patribus,
2980 1329 3146 1391 atque

105 1408 351 1463 Pontifici
379 1408 728 1478 Lugdunensi
755 1408 1007 1461 mamlata
1033 1408 1250 1463 dedisse
1790 1407 1938 1463 luter
1961 1410 2274 1481 Agrippina
2300 1421 2452 1468 trans
2476 1410 2897 1483 llhenensesque
2921 1421 3181 1483 patronos

104 1498 442 1571 Significans,
466 1515 621 1570 teque
645 1510 888 1570 optatum
915 1510 1155 1554 sacraret
1182 1502 1405 1561 honore.
1788 1501 1995 1558 Audire
2014 1503 2308 1572 :cquandas
2329 1501 2481 1571 justo
2510 1504 2882 1560 moderamine
2903 1520 3121 1563 causas.

99 1592 211 1658 Qua
230 1602 498 1646 renuente
524 1592 724 1660 diuque
749 1592 982 1645 instaurate
1013 1591 1197 1645 labore
1229 1591 1475 1647 vacantis
1790 1590 2080 1657 Postmodo
2108 1592 2151 1646 si
2185 1593 2379 1654 Valeat,
2414 1608 2653 1662 pncsens
2680 1595 2924 1657 accedat.
2955 1606 3011 1650 et
3043 1595 3147 1651 ista

102 1682 370 1748 Ecclesiae,
394 1697 452 1739 se
477 1682 786 1753 praelectum
818 1698 1065 1738 sacrasse
1093 1684 1319 1754 petenti.
1789 1684 1923 1740 Cum
1958 1686 2139 1741 nmltis
2172 1685 2294 1740 aliis
2324 1686 2533 1756 pariter
2566 1695 2867 1754 pertractct.
2884 1687 3130 1757 agendis.

104 1778 364 1844 Quocirca
387 1792 706 1847 properans,
737 1792 856 1847 qua:
883 1777 1078 1832 desunt
1104 1776 1326 1846 impleat
1346 1774 1488 1845 urbi,
1713 1762 1760 1824 Β
1791 1774 1946 1830 llunc
1970 1776 2207 1846 reliquos
2235 1792 2452 1847 quoque
2480 1776 2759 1832 Gallorum
2796 1773 3019 1848 vestigia
3053 1778 3275 1836 Patrum

103 1868 359 1938 llegmina
394 1870 653 1938 praeficiat
686 1870 911 1923 rectoris
951 1869 1050 1923 rite
1080 1868 1269 1929 dicati,
1790 1867 1935 1924 Urbe
1954 1868 2261 1941 Biturgeusi
2282 1886 2445 1940 super
2471 1870 2727 1926 admonet
2753 1871 2998 1942 improba
3035 1872 3167 1928 ferri

103 1958 532 2030 Prcs‘ulibusque
557 1958 676 2017 aliis
702 1973 853 2028 papa
879 1960 1093 2013 decreta
1133 1957 1351 2012 revclct.
1710 1996 1721 2007 .
1788 1956 1920 2011 .lura
1946 1969 2211 2029 querente
2231 1960 2355 2024 sibi,
2379 1960 2468 2015 cui
2499 1961 2826 2016 condoleant
2856 1962 3183 2018 miserantes
3209 1980 3225 2017 :

103 2052 186 2107 Ille
216 2064 447 2121 paratus
472 2052 539 2106 ad
572 2053 704 2115 haec,
730 2049 989 2115 Patribus
1016 2059 1282 2119 przccepta
1315 2047 1533 2103 retexit.
1788 2049 2147 2120 lucri-pilans,
2179 2067 2277 2106 cur
2306 2067 2414 2107 tton
2456 2063 2703 2107 reserent
2751 2064 3080 2125 przcsumpta
3135 2056 3387 2124 silentes,

104 2141 223 2215 Regi
243 2145 405 2215 jussa
432 2151 610 2207 notat,
632 2158 740 2213 quo
763 2157 823 2198 se
853 2143 1173 2211 prohibente
1199 2151 1442 2194 moratur
1790 2140 1891 2208 Qui
1920 2158 1978 2198 se
2008 2159 2109 2213 pro
2127 2159 2285 2200 muro
2312 2144 2525 2200 infestis
2564 2159 2840 2216 apponere
2859 2148 3080 2207 debent.

105 2235 231 2299 Rex,
260 2235 443 2291 donec
467 2234 699 2289 Romam
730 2234 934 2297 mittat,
963 2242 1281 2303 certamque
1302 2237 1544 2294 resumat
1786 2234 2022 2305 )ustitia:
2043 2237 2162 2292 zelo
2189 2238 2447 2309 quocirca
2465 2249 2767 2303 armentur,
2791 2255 3022 2310 agonem

105 2326 376 2392 Notitiam,
405 2337 531 2397 post
552 2343 613 2383 se
637 2327 783 2381 nulla
810 2326 1022 2380 ratione
1044 2324 1402 2396 premendum
1790 2329 2045 2400 Aggrcssi
2091 2330 2301 2384 Domini
2332 2330 2400 2384 ad
2443 2331 2830 2402 propriamque
2859 2333 3037 2388 redire
3066 2333 3383 2389 cathedram

105 2419 219 2475 Fert
241 2420 414 2490 jussis
439 2420 508 2475 ab
539 2418 875 2489 apostolicis,
900 2433 1075 2487 neque
1102 2418 1335 2472 tortninc
1360 2416 1576 2479 mortis.
1789 2420 2130 2491 Compellant
2158 2431 2627 2492 przesumptorem,
2660 2422 2943 2478 miseratio
2974 2438 3125 2493 papae

104 2496 107 2497 ν
168 2511 435 2567 Praeterea
473 2511 669 2580 patriis
694 2512 869 2582 poscit
896 2526 954 2566 se
976 2512 1102 2583 jure
1132 2512 1315 2566 doceri
1791 2510 1966 2579 Quam
1987 2511 2131 2566 cedit
2159 2513 2421 2568 duntaxat
2444 2513 2495 2569 ei
2530 2532 2543 2567 :
2572 2514 2620 2569 si
2652 2516 2953 2584 tempserit,
2978 2517 3127 2571 omni

106 2600 470 2683 Dogmatibus,
504 2616 660 2673 papa:
680 2603 838 2675 digne
860 2611 918 2657 ut
946 2618 1098 2659 sacra
1127 2602 1368 2669 culmina
1390 2610 1611 2669 βαίνειν
1718 2626 1723 2631 ·
1791 2599 2087 2658 Sacrorum
2112 2613 2388 2660 exsortem
2417 2603 2634 2674 penitus
2654 2618 2716 2660 se
2739 2606 2883 2661 norit
2906 2607 3134 2663 honore.

1589 2774 1783 2834 APUT
1840 2774 1905 2832 ν.

483 2884 563 2945 De
591 2884 856 2957 Stephano
879 2893 927 2939 ει
976 2882 1255 2943 Formoao.
1300 2887 1648 2944 translatione
1688 2906 1889 2962 quoque
1919 2900 2088 2946 sanet:
2123 2890 2311 2947 Caliin
2336 2892 2408 2946 ad
2431 2900 2667 2947 nostram
2695 2892 2900 2949 urbem.

171 2998 314 3071 (l97)
351 2996 651 3071 Formosus
681 2993 1016 3069 Stepharfum
1045 2999 1295 3071 sequitur
1320 3016 1334 3068 ;
1380 3001 1467 3055 cui
1517 3017 1700 3072 gram-
1723 3013 1770 3075 ο
1802 3003 2074 3074 Subjectis
2097 3019 2313 3074 quoque
2336 3004 2660 3076 prmsulibus
2691 3006 2782 3076 qui
2811 3004 3048 3061 indebita
3088 3013 3334 3075 poscant,

1242 3090 1409 3163 [ntata
1439 3102 1624 3151 noster
1794 3094 1874 3151 Ne
1900 3095 2120 3165 indigne
2146 3096 2347 3163 faveat,
2377 3097 2589 3161 suadet,
2620 3098 2722 3151 sub
2748 3096 2963 3151 tramite
2994 3097 3167 3167 pacis.

112 3182 295 3256 Dirigit
335 3184 615 3254 expositus
641 3198 803 3254 supra
838 3200 1002 3254 quam
1037 3200 1179 3256 sape
1208 3186 1480 3249 sacerdos,
1793 3186 1888 3255 [lle
1918 3188 2167 3258 rependit
2187 3187 2253 3242 ad
2279 3188 2412 3255 luce,
2451 3190 2705 3244 studeant
2737 3189 3106 3245 moderamina
3145 3186 3347 3245 summi

110 3272 463 3345 Cougaudens
499 3276 735 3331 subiisse
766 3276 915 3330 vices
938 3276 1079 3331 hunc
1102 3276 1345 3347 rcgminc
1366 3275 1540 3343 Petri,
1796 3276 2047 3333 chtoris
2068 3278 2270 3348 pariter
2301 3280 2481 3335 verbis
2504 3280 2756 3336 attollere
2789 3290 2845 3336 et
2875 3281 3033 3348 actis,

111 3366 211 3423 llas
237 3384 488 3424 sermone
517 3369 677 3424 simul
709 3371 955 3440 supplere
984 3372 1239 3443 decenter
1260 3381 1315 3425 et
1346 3382 1470 3427 actu
1794 3367 1957 3425 Juxta
1986 3370 2129 3440 quod
2154 3370 2348 3425 collata
2377 3371 2480 3427 sibi
2517 3371 2621 3427 fert
2647 3373 2823 3443 gratia
2852 3373 3049 3443 cuique
3075 3384 3091 3425 :

110 3460 205 3527 Qui
243 3460 442 3525 valeat,
471 3462 653 3517 solans
680 3462 839 3516 vehat
860 3463 927 3518 ad
957 3464 1164 3532 potiora
1190 3464 1526 3519 cathedram.
1796 3458 1876 3515 Ne
1912 3461 2067 3516 vacui
2100 3460 2201 3516 sub
2228 3476 2292 3516 ea
2320 3462 2466 3517 servi
2497 3462 2786 3532 culpentur
2806 3463 3017 3517 haberi.

109 3549 509 3623 l’ropitiumqne
539 3553 705 3609 Deum
741 3555 995 3610 Ecclesia:
1027 3565 1259 3611 testatur
1281 3557 1333 3610 itt
1364 3556 1525 3625 hujus
1570 3620 1575 3625 ,
1796 3550 1937 3619 Qui"
1969 3563 2124 3623 aplos
2148 3568 2246 3623 per
2271 3567 2391 3607 eam
2422 3553 2631 3609 fl'lIClIIs
2661 3553 2859 3610 ἐλπίδι·Γο
2887 3555 3155 3608 laborem.

108 3640 351 3713 culmine
376 3646 694 3711 monstrari,
726 3648 871 3715 quod
905 3655 1011 3699 tam
1044 3655 1312 3701 tractatur
1361 3646 1609 3703 honeste.
1795 3641 1985 3698 lllicita
2018 3644 2317 3709 inhibeant,
2352 3644 2679 3715 infandaque
2710 3647 2953 3716 germina
2994 3644 3216 3710 vellant,

113 3730 242 3787 lluic
274 3747 334 3788 se
361 3733 675 3804 subjiciens,
708 3734 1003 3791 famulatus
1023 3738 1202 3793 omnis
1229 3738 1491 3792 honorem
1800 3735 1869 3789 Et
1899 3732 2108 3789 cunctis
2137 3734 2339 3791 Christi
2364 3736 2581 3791 fatnulis
2610 3736 2867 3808 suffragia
2900 3745 3177 3807 pnestent.

114 3823 369 3894 Spondet,
397 3836 452 3881 et
481 3836 706 3882 excusat
730 3830 871 3897 quod
897 3844 1018 3883 eum
1053 3844 1156 3883 non
1186 3829 1367 3883 visere
1394 3837 1579 3884 currat
1609 3847 1622 3882 :
1798 3827 1973 3896 Cujus
1991 3827 2109 3897 opis
2136 3842 2295 3883 causa
2325 3828 2473 3897 cupit
2501 3827 2661 3897 hujus
2690 3842 2919 3882 noscere
2941 3841 3151 3890 curam,

112 3915 283 3997 Atque
314 3917 477 3974 refert
500 3933 701 3992 grates,
733 3926 875 3991 quod
905 3922 956 3976 in
982 3922 1263 3976 solaminis
1286 3938 1412 3977 orsa
1800 3923 2100 3992 Deplorans
2128 3923 2361 3977 miseras
2383 3922 2565 3975 clades
2593 3922 2982 3990 hominumque
3005 3919 3239 3984 labores,

115 4005 334 4072 Miserit,
361 4010 645 4065 insinuans
666 4010 813 4064 illim
838 4027 895 4067 se
920 4022 1110 4082 optare.
1132 4011 1443 4077 videndum,
1688 4010 1703 4025 '
1800 4018 1983 4075 nostis
2011 4029 2066 4074 et
2094 4018 2299 4089 antiqui
2331 4017 2604 4087 captantia
2636 4017 2770 4073 retia
2798 4016 3035 4081 fraudis,

116 4098 172 4154 Et
206 4117 264 4156 se
293 4103 462 4174 ipsius
494 4104 549 4158 in
579 4115 869 4159 OCClll'Slllll
901 4106 1043 4175 quod
1074 4107 1249 4175 signet
1277 4105 1504 4171 iturum,
1799 4111 1931 4177 Quis
1956 4125 2123 4177 genus
2147 4107 2442 4163 humanum
2471 4107 2674 4162 crudeli
2707 4107 2909 4177 pellicit
2939 4117 3081 4161 asw.

116 4187 456 4263 Proficuique
481 4194 641 4249 offert
669 4196 881 4250 decoris
908 4205 1183 4250 crementa
1217 4196 1494 4259 daturum,
1799 4199 1937 4254 llinc
1967 4199 2222 4264 haereses,
2267 4197 2391 4253 hinc
2414 4195 2573 4270 _bella
2626 4211 2868 4265 movens,
2910 4206 2967 4250 ct
2989 4195 3217 4252 crimine
3262 4210 3390 4265 gau-

118 4281 243 4352 Ejns
264 4294 318 4337 et
340 4286 407 4338 ad
434 4296 622 4339 nutum
657 4286 916 4356 Stephani
940 4302 1059 4341 sese
1084 4289 1245 4341 edere
1266 4286 1335 4318 ’θ’
1353 4288 1585 4357 jussum.
1743 4359 1753 4360 ί
3141 4284 3321 4360 [densi

120 4372 395 4446 Respcrsm
416 4367 671 4433 Ecclesiae
687 4378 939 4448 quaesitas
960 4379 1153 4432 robore
1175 4378 1347 4448 poscit
1724 4359 1780 4419 Ῑ)
1807 4383 2081 4454 Sanguine
2106 4382 2435 4448 fervescens,
2465 4381 2709 4437 odiorum
2744 4380 2929 4437 litibus
2959 4381 3179 4444 ardens,

120 4464 333 4547 Muniri,
373 4469 614 4540 ejusdem
645 4470 809 4535 yulszc
843 4485 910 4524 ne
939 4470 1153 4540 quando
1184 4471 1388 4540 rapinis
1424 4475 1429 4481 ’
1807 4476 1983 4544 Atque
2005 4473 2308 4530 Orientales
2329 4475 2627 4528 ltarreseum
2649 4472 2945 4527 schismate
2972 4484 3254 4540 rumpens.

121 4557 417 4615 Demantur
446 4562 639 4626 sacris,
664 4562 839 4616 avidis
873 4561 1215 4632 praedonibus
1241 4571 1395 4617 actzc.
1516 4635 1521 4641 _
1568 4570 1575 4574 ’
1610 4571 1614 4574 ‘
1810 4567 1965 4625 Unde
1989 4566 2298 4622 saderdotes
2316 4564 2592 4620 suadendo
2612 4572 2940 4629 commonet,
2962 4577 3114 4616 arma

189 4653 368 4726 Magni
400 4656 677 4726 pontificis
705 4656 908 4712 Christi
938 4656 1196 4724 testisque
1219 4654 1408 4710 Calisli
1811 4659 2147 4729 Corripiant,
2175 4673 2467 4727 areamque
2493 4656 2669 4712 levent
2691 4655 3005 4710 discrimine
3031 4667 3195 4710 saevo.

124 4744 357 4801 Membra
388 4747 493 4802 sibi
524 4748 696 4818 signis
721 4747 915 4802 collata
945 4746 1140 4814 abbate
1163 4745 1442 4815 Rodulpho
1580 4744 1620 4764 "

1811 4750 2150 4806 Conveniam
2176 4749 2341 4820 igitur
2364 4748 2596 4802 medium
2619 4746 2721 4801 sibi
2754 4752 2977 4816 poScere
2996 4742 3295 4805 Christum,

122 4836 257 4907 Cum
293 4839 455 4894 rebus
487 4851 677 4894 sancto
700 4841 967 4909 applicitis
992 4840 1084 4903 3",
1120 4838 1352 4893 avellere
1379 4837 1599 4905 quidam
1814 4842 1914 4907 Qui
1945 4839 2191 4895 consulta
2222 4841 2375 4899 ferat.
2407 4840 2497 4893 det
2518 4854 2698 4909 opem,
2729 4828 3005 4906 faciatque
3028 4835 3283 4893 salutem.

127 4925 271 4993 Quas
295 4928 586 4983 nitebatur.
632 4910 807 5000 Super
833 4930 918 4984 his
944 4928 1188 4983 consulta
1225 4926 1472 5007 requirit,
1814 4930 1896 4985 Ad
1929 4932 2071 5000 quod
2097 4928 2408 5000 pontiﬁcem
2436 4931 2637 4999 rogitat
2660 4928 2992 4984 contendere
3022 4934 3274 4983 nostrum

125 5021 506 5093 Auxiliumun
551 5026 704 5095 petit,
735 5025 883 5093 pravi
916 5040 1021 5094 quo
1040 5024 1161 5093 jure
1192 5020 1529 5093 premantur.
1812 5022 2060 5094 Accingi,
2088 5036 2414 5093 properare,
2438 5037 2622 5077 moras
2650 5021 2992 5089 disrumpere
3020 5022 3281 5077 cunctas.

196 5112 264 5168 Et
292 5102 417 5178 quia
476 5127 836 5178 compererat,
868 5115 1100 5178 quodam
1131 5115 1408 5171 molimine
1440 5101 1708 5169 summam
1814 5115 2200 5178 Auxiliumque
2230 5115 2385 5169 malis
2410 5115 2613 5169 mundo
2639 5111 2894 5169 conferre
2917 5115 3124 5170 ruenti.
