3908 5426
552 345 658 401 827
1293 346 1685 411 FLODOARN
1711 347 2033 405 CANONlCl

2225 345 2420 407 ENSIS
2449 344 2815 407 ορυεουω
2855 345 3179 409 METRICA.
3700 346 3783 402 ω

547 456 661 516 Nec
688 457 820 515 satis
838 465 922 515 est
941 458 1215 516 monuisse
1235 457 1422 525 semel,
1451 460 1794 530 monitusque
1820 468 2074 530 paternos
2149 471 2200 528 Α
2226 458 2337 516 Nec
2367 460 2561 516 vetitos
2584 460 2732 516 ineat
2758 460 2911 529 lines,
2929 460 3181 517 invadere
3210 467 3393 518 nitens

551 546 702 603 llaud
732 549 936 605 iterare
960 549 1125 620 piget,
1150 548 1339 604 Matris
1362 553 1688 606 succurrere
1707 549 1867 614 cladi,

550 639 766 710 Disponi
787 641 1053 711 synodum
1080 642 1315 711 generali
1341 641 1465 713 jure
1490 644 1803 714 gerendam,

542 730 626 784 Ad
653 745 817 802 quam
844 728 1064 807 festinet
1092 731 1239 789 nullo
1268 732 1596 802 impediente
1623 742 1870 801 retentus

540 821 786 877 Pondere
823 823 1065 893 desidiae,
1096 824 1320 880 uberius
1347 824 1509 880 simul
1545 827 1729 882 omnia
1759 833 2017 893 tractent,

540 910 671 976 Qua:
699 914 979 973 tractanda
1003 914 1144 971 sient
1175 932 1188 970 :
1229 916 1450 971 oracula
1481 917 1680 972 clarius
1707 919 1887 973 edant.

538 1003 845 1065 Barbaries:
873 1006 1050 1075 gentis
1074 1007 1195 1077 quis
1220 1007 1482 1064 Francic-a
1513 1023 1676 1080 regna
1710 1008 1964 1077 procellis

540 1092 877 1163 Turbantur,
908 1097 1134 1155 nimium
1165 1098 1337 1164 dolet;
1370 1109 1533 1169 atque
1569 1109 1630 1154 ut
1655 1100 1874 1154 dextera
1911 1116 2121 1157 summa

537 1185 648 1245 llas
676 1189 956 1257 reprimat.
986 1204 1270 1259 procerum
1296 1190 1498 1247 Christi
1539 1190 1795 1263 suffragia
1818 1193 2012 1262 poscit.

607 1275 839 1339 Privata:
868 1275 1000 1346 legis
1025 1280 1324 1334 munimine
1348 1280 1469 1349 jura
1494 1281 1662 1351 petita

537 1366 790 1424 Remensi
819 1369 924 1426 fert
950 1371 1205 1429 Ecclesia}
1239 1374 1518 1429 retinenda
1548 1375 1812 1440 docendo,

536 1463 615 1514 Ac
651 1461 986 1529 prohibendo
1012 1463 1186 1530 nefas,
1219 1480 1289 1521 ne
1315 1465 1438 1536 quis
1460 1475 1754 1537 praesumat
1781 1464 1965 1536 inique

538 1550 846 1608 Attrectare
874 1554 1048 1611 sacris
1072 1571 1320 1626 possessa
1348 1566 1438 1612 aut
1471 1558 1691 1613 demere
1716 1572 1870 1614 cassa
1893 1558 1980 1611 “l.

534 1641 803 1714 Nullaque.
831 1647 1170 1715 pontificum,
1196 1664 1381 1719 regum
1399 1690 1414 1715 ,
1442 1650 1776 1705 comitumve
1823 1659 2082 1720 potestas-

531 1733 722 1791 lllicite
748 1753 1036 1808 usu:pans,
1068 1743 1318 1811 proprios
1347 1740 1585 1798 inﬂectat
1611 1743 1665 1797 in
1695 1757 1825 1798 usus

2228 550 2448 607 Exlcrni
2478 567 2600 622 qua:
2624 562 2749 608 sunt
2759 551 2920 621 juris,
2946 554 3282 624 cupidusque
3313 555 3521 624 rapinis

2228 641 2528 709 Abstineat,
2560 644 2735 701 vitans
2761 657 2937 701 rectos
2961 647 3347 705 transcendere
3371 647 3538 701 calles

2226 730 2356 798 Quae
2380 731 2607 787 Domino
2634 732 3081 803 placeantsolerti
3110 744 3289 792 mente
3317 743 3597 800 retractet,

2225 820 2366 876 Ante
2401 822 2590 879 oculos
2616 833 2860 879 statuens
2892 823 3010 893 ejus
3031 826 3132 881 sub
3154 841 3339 881 amore
3364 826 3641 901 timorem.

2295 913 2436 970 Pace
2462 914 2760 972 laborantis
2784 917 3129 989 congaudens
3159 918 3407 989 pmsulis
3440 919 3579 975 actis

2224 1001 2490 1060 Admonet
2515 1004 2602 1060 his
2629 1013 2786 1060 cauto
2816 1005 3102 1060 Folconem
3133 1006 3382 1062 insistere
3411 1008 3558 1073 nisu,

2225 1093 2335 1147 Pax
2359 1094 2497 1150 odiis
2515 1110 2587 1153 ne
2604 1096 2904 1152 inconsulte
2931 1097 3155 1167 quaesita
3183 1096 3436 1164 facessat,
3561 1086 3569 1091 ’

2225 1184 2393 1256 Regia
2414 1202 2518 1242 neu
2549 1187 2676 1243 celsi
2712 1188 2926 1259 generis
2950 1188 3185 1244 scintilla
3227 1199 3459 1244 teratur.

2224 1275 2463 1332 Crimina
2493 1278 2811 1350 sceptrigeri
2842 1279 3091 1348 prudenti
3114 1282 3348 1341 arcenda
3381 1279 3630 1346 medella,

2225 1365 2486 1436 chtnine
2508 1383 2609 1438 pro.
2634 1369 2789 1441 regni
2811 1386 2878 1424 ne
2906 1370 3140 1439 pessima
3171 1369 3427 1426 scandala
3454 1380 3708 1443 surgant._

2294 1454 2521 1512 llortatu
2549 1457 2803 1514 Carolum
2832 1458 3014 1515 solans
3040 1468 3319 1530 gratanter
3342 1462 3596 1527 honorat,

2222 1544 2475 1602 Gaudeas
2495 1546 2636 1604 hunc
2665 1547 2856 1617 patriae
2880 1558 3190 1618 provectum
3221 1548 3457 1617 culmine
3479 1549 3640 1613 sedis,

2224 1637 2398 1705 Atque
2426 1644 2617 1705 petens
2641 1637 2859 1709 Christo
2886 1638 3144 1709 placitum
3176 1655 3273 1710 per
3302 1649 3549 1710 tempora
3577 1637 3722 1708 longa

2222 1726 2481 1784 Crescere
2506 1728 2742 1800 iustitia.
2775 1728 2995 1799 pietate,
3016 1740 3071 1784 et
3101 1729 3229 1787 lucc
3245 1730 3473 1799 sophize,

528 1825 663 1893 Qua:
685 1839 817 1883 sunt
840 1830 1119 1897 ECclesize,
1145 1848 1308 1901 quam
1336 1832 1565 1904 prmsnle
1593 1831 1735 1888 forte
1759 1842 2042 1890 vacantem

2225 1818 2301 1874 Ac
2327 1826 2509 1885 monet
2538 1827 2595 1874 ut
2624 1817 2912 1875 Dominum
2942 1820 3123 1878 cordis
3148 1835 3260 1891 prze
3289 1819 3496 1881 lumine
3519 1826 3694 1893 pone}.

526 1917 715 1974 Nullus
744 1931 802 1983 ut
835 1922 1079 1990 invadat,
1118 1924 1415 1980 violentum
1439 1927 1643 1996 aspiret
1675 1925 1730 1980 in
1757 1941 1949 1981 ausum
1975 1943 1996 1981 ι

524 2009 638 2067 Nec
667 2012 774 2069 nisi
797 2015 1066 2086 condigne
1097 2016 1298 2087 praesul
1328 2026 1601 2072 statuatur
1623 2018 1859 2085 honore,

525 2101 840 2171 Pontiﬁces.
874 2120 1055 2178 reges,
1085 2107 1283 2176 clerus,
1311 2108 1660 2179 subiectaque
1693 2109 1881 2178 plebes

524 2196 873 2266 Provideant,
902 2210 1162 2271 operante
1189 2202 1299 2257 Deo
1324 2209 1380 2256 ut
1400 2202 1541 2257 bene
1570 2202 1770 2256 tradita
1804 2207 2047 2267 servent,

524 2289 891 2362 Amplilicent,
924 2291 1207 2357 decorent,
1237 2307 1431 2365 supera
1462 2293 2060 2364 merccdepropagent.

526 2381 856 2453 Dispositum
887 2383 1049 2454 digne
1075 2386 1355 2456 praemisso
1379 2384 1609 2454 prtcsnle
1631 2383 1917 2456 quisquam

525 2471 641 2529 Non
679 2474 933 2532 mutilare
960 2476 1148 2547 decus,
1178 2492 1284 2532 non
1318 2476 1609 2532 immutare
1634 2475 1909 2532 subintrct
1937 2490 1953 2530 :

527 2562 723 2621 Usibus
747 2574 803 2620 at
829 2575 1084 2624 maneant
1111 2582 1393 2628 servorum
1420 2568 1603 2624 dedita
1627 2567 1840 2625 Christi

525 2660 741 2733 integra
765 2663 1029 2733 pontifici,
1061 2663 1238 2735 dignis
1263 2663 1548 2718 tractanda
1578 2661 1867 2718 ministris.

526 2750 651 2817 llzec
673 2761 863 2809 contra
890 2754 1135 2824 quisquis
1165 2754 1573 2824 praesumpserit
1601 2764 1724 2808 aeta
1764 2753 1973 2818 venire,

524 2843 620 2899 llis
648 2858 709 2900 se
733 2844 1050 2900 mulctatum
1078 2846 1232 2901 scitis
1262 2845 1609 2900 anathemate
1635 2844 1782 2900 norit
1810 2861 1825 2900 :

525 2938 787 2992 Scrvator
810 2937 978 2992 vitam
1007 2946 1280 2999 mercatur
1305 2937 1507 2993 habere
1534 2947 1846 3008 perennem.

595 3027 778 3096 Rebus
806 3030 1104 3101 Avennaci,
1130 3046 1294 3107 super
1322 3030 1450 3086 almi
1476 3039 1530 3104 et
1554 3029 1679 3101 jure
1707 3028 1919 3107 Calisti,

525 3115 662 3172 Tum
694 3117 910 3175 decreta
939 3121 1055 3191 pari
1080 3120 1332 3191 provexit
1363 3121 1558 3182 robore
1589 3119 1746 3176 fulta.

593 3210 859 3278 Praeterea
891 3212 1037 3282 quod
1068 3220 1411 3282 compererat
1432 3227 1529 3283 per
1551 3213 1708 3269 devia
1741 3210 2014 3288 quosdam,

521 3299 848 3357 Pontillcum
883 3303 1045 3370 ferri,
1073 3305 1392 3375 populisque
1420 3305 1666 3375 exempla
1689 3305 1860 3360 ruinae

523 3393 752 3456 Dedere,
782 3402 837 3451 ct
861 3395 1155 3475 increpitos
1177 3411 1285 3462 non
1314 3396 1476 3467 digna
1505 3396 1801 3471 rependere
1818 3394 2036 3475 suasis;_

520 3484 660 3551 Quin
695 3494 751 3539 et
775 3472 1045 3541 deteriora
1074 3487 1247 3557 sequi,
1274 3502 1372 3541 nec
1397 3487 1513 3555 dira
1539 3501 1734 3559 cavere
1765 3505 1785 3559 :_
1840 3540 1843 3545 .

521 3573 636 3629 Non
667 3575 787 3631 sine
820 3591 879 3631 se
905 3590 1144 3633 maerore
1179 3578 1327 3648 gravi
1355 3576 1588 3639 tolerare
1621 3574 1844 3635 fatetur.

518 3668 601 3721 Ad
642 3682 832 3737 pacem
869 3667 1109 3724 invitans
1134 3669 1478 3741 exstinguere
1502 3667 1757 3725 scandala
1783 3668 2007 3744 quaerit,

521 3759 844 3816 Pontificum
872 3762 1010 3817 fastu
1035 3760 1287 3816 Christus
1315 3761 1440 3831 quia
1476 3759 1737 3816 temnitur
1771 3770 1910 3815 atro.

520 3852 716 3908 Noster
742 3864 797 3908 et
829 3856 1059 3911 antistes
1085 3854 1251 3917 dolet,
1280 3852 1482 3924 arguit,
1515 3852 1781 3923 increpat,
1815 3852 1984 3922 angit.

520 3947 671 4004 Unde
700 3964 924 4005 monens
954 3950 1176 4005 mandat
1196 3948 1414 4019 junctos
1436 3949 1578 4003 hunc
1606 3961 1802 4016 cogere
1830 3945 2043 4019 Patres,

514 4046 689 4115 Atque
721 4044 857 4101 alios
884 4046 1062 4101 accire
1085 4046 1306 4119 probos,
1334 4046 1651 4115 decretaque
1671 4043 1807 4113 legis

515 4134 762 4191 l’audcre
788 4122 1002 4202 divinae,
1027 4137 1289 4209 synodum
1318 4124 1593 4199 celebrare
1619 4137 1805 4208 vigore

514 4227 678 4282 Cesso
704 4225 773 4258 ³⁰⁹
795 4226 935 4294 juris
962 4226 1242 4298 apostolici
1266 4226 1563 4289 munimine
1589 4224 1805 4292 fultam,

514 4318 688 4373 Noxia
721 4317 964 4373 vellendo
989 4320 1261 4388 gregibus,
1288 4318 1569 4387 profutura
1600 4315 1851 4371 serendo.

516 4413 585 4463 At
608 4411 651 4465 si
679 4410 810 4480 quid
840 4409 1006 4464 fuerit
1026 4424 1291 4480 perversa:
1314 4409 1426 4464 litis
1446 4409 1734 4474 obortum;

518 4501 775 4577 l'raesulis
795 4501 982 4556 eximii
1008 4511 1295 4557 serventur
1320 4498 1632 4570 cognitioni,

516 4595 688 4650 Dante
727 4594 835 4651 Deo
864 4594 1085 4673 dignum
1119 4594 1335 4649 valeant
1373 4603 1432 4646 nt
1457 4607 1672 4649 sumere
1694 4590 1880 4647 linem.

513 4687 613 4741 Cui
637 4701 697 4743 se
721 4686 949 4743 concilio
974 4695 1144 4743 tentet
1161 4686 1462 4742 subducere
1483 4700 1664 4751 nemo,

513 4777 772 4850 Quisquis
798 4779 1077 4850 apostolici
1102 4793 1327 4832 consors
1354 4776 1501 4846 cupit
1528 4792 1652 4837 esse
1674 4774 1895 4831 favoris.

583 4869 857 4926 Bellorum
881 4880 1059 4925 motus
1090 4885 1184 4941 per
1209 4868 1469 4925 Francica
1498 4884 1658 4939 regna
1688 4881 1968 4933 coercens,

514 4960 783 5018 Pritnates
812 4973 992 5017 monet
1020 4960 1273 5017 Ecclesiae
1301 4970 1517 5016 certare
1547 4946 1778 5027 laltore,’

512 5053 704 5110 Totius
725 5070 873 5112 cura:
898 5057 1149 5111 madeant
1176 5071 1244 5111 ne
1274 5070 1437 5126 regna
1466 5067 1681 5117 cruore,

514 5144 858 5217 Christicolas
886 5162 1042 5217 reges
1076 5146 1297 5201 hellisve
1326 5154 1607 5200 armentur
1635 5142 1857 5214 iniquis.

515 5240 819 5295 Attrectare
841 5240 994 5311 nefas
1017 5239 1498 5321 alienarinvadera
1516 5243 1750 5291 cessent.

516 5329 663 5362 ιὶιιηιι
697 5339 1024 5362 :nnnnnnlnn
1069 5329 1359 5362 nnnanunlin
1389 5340 1527 5362 nova
1558 5333 1837 5362 nrnmalnr

2223 1908 2469 1965 Jussibus
2495 1909 2822 1980 ipsiustotis
2848 1910 3130 1971 conatibus
3148 1910 3382 1969 haerens.

2223 1999 2418 2072 Diligat
2441 2008 2497 2055 et
2525 2010 2703 2056 servet
2731 2016 2851 2071 quin
2872 2001 3021 2072 justa
3046 2016 3121 2062 ac.
3141 2009 3285 2057 recta
3315 2000 3560 2072 probarit

2220 2089 2520 2151 Adtnoveat
2536 2092 2701 2161 justis
2728 2107 2933 2166 aurem,
2964 2093 3205 2152 divertat
3222 2093 3438 2163 iniquis.

2222 2180 2303 2235 Sit
2332 2182 2532 2237 virtute
2556 2181 2747 2246 animi,
2778 2180 2961 2239 carnis
2998 2183 3345 2255 praestantior
3374 2198 3505 2253 usu,

2217 2270 2476 2343 Corporis
2503 2286 2567 2353 ac
2589 2273 2787 2329 mentis
2817 2272 3001 2335 hostes
3028 2280 3087 2328 ut
3115 2282 3359 2334 sternere
3388 2274 3578 2344 possit.

2220 2361 2292 2419 Se
2319 2378 2534 2435 quoque
2562 2378 2684 2433 quas
2712 2363 2891 2427 valeat
2917 2365 3187 2434 spondens
3217 2374 3510 2436 augmenta
3535 2364 3781 2439 datume

2220 2454 2418 2519 Panem
2444 2468 2543 2526 pro
2573 2463 2727 2524 grato
2753 2455 3102 2519 benedictum
3131 2469 3356 2519 munere
3381 2455 3547 2525 legat,

2218 2549 2521 2616 Quaesierat
2543 2549 2772 2618 gemina:
2797 2563 2958 2619 quem
2987 2563 3090 2614 rex,
3117 2546 3221 2603 sub
3249 2547 3376 2603 dote
3396 2548 3602 2604 salutis.

2219 2640 2460 2697 Solertcs
2490 2656 2614 2697 cum
2635 2640 2760 2712 quis
2790 2649 3091 2706 tractentur
3115 2641 3402 2697 commoda
3429 2640 3671 2711 mandat,~

2216 2729 2387 2787 Immo
2409 2731 2747 2787 sacerdotem
2769 2730 3058 2788 Folconem
3087 2733 3153 2787 ad
3183 2732 3309 2788 talia
3340 2732 3537 2796 mittat,

2180 2878 2187 2881 _
2217 2823 2381 2892 Cuius
2409 2823 2650 2881 consiliis
2676 2823 2902 2879 utillima
2933 2839 3161 2895 qumque
3192 2825 3375 2881 decori

2216 2914 2480 2982 Edantur,
2513 2915 2656 2988 regis
2684 2914 2996 2986 cumulandi
3031 2926 3087 2972 et
3120 2916 3371 2972 culminis
3394 2925 3544 2989 apta.

2287 3006 2656 3084 Quorumdam
2680 3008 2906 3079 querulo
2932 3007 3158 3063 nimium
3187 3007 3426 3082 clamore
3452 3009 3679 3081 petitus.

2218 3098 2420 3156 Urbem
2444 3099 2664 3171 indigna
2695 3099 2804 3174 pati
2835 3101 3104 3170 queritur,
3137 3099 3414 3170 metuique
3444 3086 3692 3156 clientes:

2217 3194 2481 3249 Sedandis
2511 3194 2709 3266 quibus
2731 3193 2981 3250 exhibeat
3007 3210 3063 3250 se
3098 3193 3262 3250 Folco
3294 3194 3567 3264 reposcit.
3594 3250 3597 3253 λ

2216 3285 2506 3356 Comperto
2536 3287 2752 3340 tandem
2782 3286 2828 3340 is
2855 3286 2968 3340 veri
2995 3286 3364 3341 moderamine
3387 3283 3598 3355 praesul,

2215 3378 2387 3446 Quam
2415 3377 2487 3433 sit
2515 3376 2828 3455 apostolicis
2853 3377 3017 3453 fidusL
3037 3392 3198 3446 quam
3226 3374 3467 3450 jussibns
3500 3374 3678 3429 ardens
3696 3390 3727 3455 ;⁵

2216 3469 2413 3526 Parere
2437 3472 2689 3527 :ethereis
2719 3471 2940 3544 gaudet,
2969 3481 3260 3542 gratesque
3295 3470 3561 3540 rependit,

2215 3560 2500 3630 Spondens
2520 3577 2580 3618 se
2610 3563 2665 3618 in
2688 3563 2886 3632 quibus
2903 3561 3152 3634 expediat
3174 3552 3416 3632 praebere
3442 3559 3732 3628 benignum:

2214 3653 2387 3730 llujus
2417 3663 2471 3709 ct
2494 3655 2561 3709 ad
2590 3662 2775 3727 votum
2806 3670 2993 3729 regum
3023 3654 3287 3725 pressisse
3314 3651 3571 3707 duellum.

2214 3743 2541 3800 Prtesulibus
2570 3744 2791 3816 regique
2822 3745 2941 3800 ideo
2972 3745 3224 3816 mandata
3249 3741 3497 3813 dedisse,

2214 3839 2405 3896 Tutius
2435 3840 2551 3910 ipse
2578 3837 2721 3893 Petri
2749 3835 2921 3890 valeat
2948 3850 3055 3906 quo
3082 3835 3259 3906 visere
3293 3833 3501 3907 sedent.

2284 3932 2439 3986 llunc
2463 3945 2679 4004 quoque
2702 3930 2899 3992 fratris.
2919 3929 3124 3985 honore
3148 3925 3355 3992 colens,
3388 3922 3631 3999 specialia
3652 3920 3775 3993 legat

2214 4023 2393 4079 Munia
2432 4024 2747 4086 citatorum,
2775 4020 3053 4087 tutandum
3080 4034 3212 4089 pose
3234 4026 3256 4072 t
3275 4018 3558 4081 honorem,

2214 4113 2479 4169 Scandala
2505 4121 2803 4184 proterere,
2835 4120 2890 4165 et
2912 4109 3061 4180 pacis
3082 4096 3411 4181 c0nncctere
3436 4104 3605 4162 vincla
3632 4122 3647 4161 :

2214 4208 2457 4264 Frenare
2486 4207 2823 4278 implacidos,
2861 4215 2916 4259 et
2942 4203 3009 4258 ad
3036 4201 3230 4257 almam
3254 4215 3451 4270 cogere
3479 4212 3672 4270 pacem,

2215 4302 2381 4373 quue
2407 4300 2553 4357 Petri
2579 4299 2747 4355 latum
2777 4296 2907 4353 ftdat
2929 4295 3028 4350 sibi
3060 4308 3287 4348 munere
3309 4293 3531 4347 donum.
3570 4304 3573 4305 '

2214 4392 2563 4448 Lamhcrtutn
2591 4390 2910 4458 Auguslum,
2941 4384 3191 4441 Falconis
3216 4397 3383 4439 carne
3409 4380 3756 4454 propinquum,

2137 4498 2185 4557 ι)
2216 4486 2284 4543 Ut
2310 4484 2587 4556 proprium
2613 4497 2672 4538 se
2704 4480 2862 4537 tutari
2886 4479 3150 4535 solamine
3176 4487 3362 4532 natum

2216 4578 2560 4649 Significans,
2589 4575 2759 4631 nostri
2787 4573 3090 4645 gratissima
3115 4569 3359 4641 praesulis
3380 4566 3545 4637 elfert

2218 4671 2376 4731 Vota,
2407 4669 2605 4738 quibus
2627 4666 2773 4721 Petri
2805 4673 3098 4719 veneratur
3128 4661 3334 4717 honore
3362 4659 3677 4715 eathedram.

2286 4759 2587 4830 Saerilegos
2614 4756 2875 4830 quosdam
2904 4753 3103 4811 sacrati
3138 4751 3393 4808 culminis
3419 4758 3565 4806 atros

2215 4851 2528 4922 Carptores,
2552 4849 2749 4905 summi
2780 4845 2974 4916 capitis
3001 4844 3305 4904 clarissima
3333 4842 3571 4897 membra

2213 4945 2555 5000 Attemcrarc
2582 4956 2764 5005 ausos,
2790 4935 3153 5010 anathematis
3177 4950 3310 4989 ense
3339 4933 3542 4988 recisos

2213 5038 2528 5101 Notilicans.
2553 5042 2736 5090 monet
2763 5035 2906 5088 hunc
2930 5031 3097 5085 nodos
3121 5028 3298 5098 digna:
3326 5024 3523 5081 addere
3552 5018 3716 5077 multa)

2211 5129 2539 5201 Stchtrigeri
2565 5141 2779 5198 quoque
2802 5123 3013 5195 cognati
3040 5137 3139 5192 pro
3163 5119 3399 5176 culmine
3428 5124 3612 5172 certet.

2212 5221 2413 5291 Sicque
2432 5219 2707 5274 I’arisiaco
2745 5216 2930 5287 legans
2956 5212 3207 5268 mandata
3231 5219 3461 5280 patrono
3488 5205 3557 5239 '“

2210 5311 2322 5362 Hos
2348 5310 2679 5362 Anscherico
2709 5316 2862 5362 notat
2885 5320 3005 5361 esse
3038 5303 3262 5359 omnino
3289 5300 3577 5362 cavendos,
