3908 5426
96 309 197 363 875
656 302 748 356 DE
777 300 1051 360 GIIRISTI
1084 300 1457 360 TIIIUIIPIIIS
1484 301 1669 359 APUD
1707 302 1986 360 ITALIAM
2026 306 2205 363 LIBRI
2245 309 2382 365 XIV.
2416 343 2488 354 —-
2513 311 2640 370 LIB.
2684 314 2816 372 XIII.
3294 317 3398 376 85$

669 456 1141 547 INCIPIT
1212 457 1568 543 LIBER
1643 456 2165 553 DECIMUS
2236 466 2787 561 TERTIUS.

1503 600 1732 658 CAPUT
1770 603 2041 662 PRIMUM

925 711 1024 804 .De
1051 713 1246 768 sanctis
1300 711 1592 778 Theodoro,
1614 713 1853 780 Acontio,
1891 719 2111 776 Servulo
2140 732 2188 777 et
2229 723 2513 782 Januario.

94 848 216 916 Quis
244 861 534 902 numerare
561 855 723 916 queat
757 846 950 916 quibus
982 846 1246 900 illustrata
1288 845 1574 916 triumphis
1695 839 1741 895 Α
1770 845 2078 919 Languoris
2105 856 2254 912 novit
2277 859 2581 927 patienter?
2609 859 2866 918 Servulus
2894 879 3035 921 unus

96 941 258 994 Rtnna
285 939 420 992 nitet
445 938 670 1002 Christi,
701 939 823 992 dum
856 953 959 993 nec
986 937 1253 1008 magnalia
1284 935 1429 992 Petri
1775 937 1974 993 Rerum
2011 944 2202 1011 opibus
2238 963 2458 1019 pauper,
2493 951 2809 1008 meritorum
2838 971 3059 1012 munere
3090 960 3260 1021 dives,

95 1029 249 1083 Gesta
275 1030 438 1082 domo
465 1043 524 1082 se
558 1028 844 1097 complecti
880 1027 1114 1080 valuisse
1139 1027 1378 1097 resignet
1776 1030 1983 1103 Largus
2012 1042 2068 1089 et
2095 1036 2370 1107 indiguus,
2397 1041 2510 1096 sola
2539 1043 2739 1112 pietate
2766 1045 2958 1108 virilis.

96 1121 405 1188 Gregorius,
436 1120 534 1173 vel.
561 1119 833 1190 proposito
862 1119 1140 1173 discedere
1163 1127 1379 1183 cuncto,
1779 1123 1846 1177 Et
1879 1128 2072 1181 studiis
2103 1127 2276 1193 fortis,
2303 1131 2585 1187 Dominum
2609 1133 2829 1191 laudare
2856 1136 3040 1196 dolore

100 1212 222 1277 Quis
249 1211 502 1280 supplere
533 1221 683 1281 putet
712 1227 768 1265 se
798 1227 953 1280 posse
987 1211 1130 1280 quod
1154 1211 1243 1263 ille
1276 1209 1522 1280 negavit!
1783 1211 2003 1269 Obsitus
2030 1215 2334 1287 invigilans,
2367 1221 2521 1290 cujus
2545 1224 2805 1291 patientia
2829 1225 2994 1280 cmlos

99 1301 340 1370 Nunquid
366 1301 677 1356 Theodorus
706 1301 1024 1356 famulorum
1053 1316 1275 1355 cernere
1301 1300 1447 1354 solus
1785 1302 2072 1360 Exsultare
2097 1307 2244 1375 facit,
2276 1312 2424 1378 queis
2451 1313 2626 1365 dedita
2659 1315 2783 1368 dum
2809 1318 2941 1385 petit
2969 1326 3114 1371 astra

101 1393 328 1446 \‘isentis
352 1393 556 1446 vultum
594 1394 799 1448 Domini
831 1410 1124 1450 vocrmuue
1148 1393 1416 1463 loquentis
1787 1393 1935 1452 Mens
1966 1399 2050 1467 pia
2076 1401 2310 1455 cmlestis
2339 1405 2542 1473 spargit
2570 1402 2871 1475 fragrantia
2899 1416 3062 1473 tecta,

102 1483 233 1535 Aure
259 1483 413 1550 sequi
438 1484 649 1552 dignus,
673 1485 825 1553 cujus
853 1500 910 1538 se
932 1485 1124 1540 l’etrus
1146 1485 1340 1539 adesse
1786 1482 1942 1540 Ilanc
1971 1490 2325 1560 paradysiaco
2346 1494 2667 1562 depromens
2701 1505 2916 1552 nectare
2953 1498 3226 1554 functam?

103 1575 341 1654 Serviliis
372 1575 551 1644 patula
579 1587 897 1645 praesentem
922 1578 1040 1632 luce
1069 1579 1326 1647 probaret
1788 1579 2014 1635 Solusve
2037 1597 2241 1655 martyr
2269 1585 2462 1654 templa
2493 1585 2784 1643 Ianuarius

103 1664 246 1718 Salus
271 1650 340 1718 an
371 1666 888 1734 obsequiisdevotus
913 1668 1178 1722 Acontius
1201 1667 1319 1736 ejus
1786 1670 1946 1726 Vetat
1974 1673 2243 1742 inquinari
2273 1677 2562 1732 criminose
2591 1676 2799 1742 funere,

105 1756 311 1810 Vixerat
339 1757 597 1810 Ecclesize
623 1774 782 1827 quem
806 1760 1022 1827 dignum
1051 1760 1289 1829 pandere
1317 1757 1489 1828 signis
1787 1761 1995 1818 Mutare
2028 1765 2225 1820 vellera
2255 1782 2440 1823 suetus
2473 1780 2530 1823 ut
2560 1770 2829 1825 coloribus

105 1847 319 1900 Duceret
342 1862 406 1901 ac
435 1862 526 1916 per
548 1863 670 1904 eum
702 1850 995 1920 paralytiea
1014 1851 1251 1905 membra
1280 1848 1497 1905 levare?
1783 1854 1994 1909 Ardere
2019 1870 2079 1910 se
2106 1857 2374 1912 clamante
2413 1858 2528 1913 dire
2549 1860 2743 1928 spiritu

106 1937 215 1990 Visa
253 1937 336 1991 vel
367 1939 478 1992 Inec
510 1948 716 1994 tantum
743 1957 862 2011 qua:
889 1943 1046 2013 digna
1077 1942 1248 1998 salute
1278 1941 1453 2012 puella
1787 1941 2190 2016 Propelleretur
2219 1961 2250 2002 e
2275 1947 2446 2002 sacris
2472 1948 2811 2004 miserrime?

110 2025 378 2095 Iltenibus,
401 2037 494 2082 aut
520 2029 573 2083 in
601 2032 912 2100 apostolicis
933 2031 1164 2087 tolerare
1186 2032 1426 2088 laborem

1537 2186 1764 2243 CAPUT
1814 2185 1877 2242 II.

540 2299 616 2354 De
654 2300 850 2354 sanctis
874 2298 1185 2366 Deusdedit,
1221 2297 1512 2368 Victorino,
1537 2301 1838 2365 Anastasio,
1868 2268 2180 2365 Redempta,
2214 2295 2392 2364 Galla,
2423 2295 2649 2352 Romula
2677 2309 2723 2354 ct
2753 2298 2924 2356 Mosa.

109 2431 400 2503 llell'gionis
428 2449 562 2502 opus
593 2434 809 2489 solusne
842 2434 1121 2504 probabile
1152 2433 1339 2488 Romae
1705 2419 1751 2478 Β
1780 2430 1914 2487 lei
1943 2429 2269 2498 discipulum
2297 2429 2602 2498 linguarum
2629 2432 3119 2502 donaprobstrunt,

108 2520 332 2576 Patrarat
364 2534 513 2578 vates
535 2521 757 2592 jamjam
789 2539 948 2592 quem
983 2524 1158 2577 visere
1191 2525 1389 2576 iturum
1778 2523 2136 2592 Prtedictiqne
2165 2522 2343 2576 obitus
2376 2537 2498 2576 mox
2529 2522 2716 2577 {uttera
2747 2526 2910 2580 verba
2937 2537 3148 2582 secuta.

110 2611 333 2668 Ezechiel
364 2613 655 2683 Danielque
683 2595 1110 2684 legunthotique
1149 2621 1462 2684 patescunt,
1779 2612 2047 2682 Numquid
2088 2613 2431 2676 Anastasius,
2462 2613 2640 2668 blandi
2666 2631 2752 2668 res
2774 2631 2970 2685 ponere
2995 2620 3178 2673 mundi

114 2705 190 2758 llle
216 2705 526 2770 Deusdedit,
560 2715 651 2759 aut
674 2717 828 2760 sutor
855 2707 940 2760 cui
971 2706 1193 2760 sabbata
1226 2705 1398 2759 solum
1781 2703 2050 2758 Strenuus
2081 2704 2331 2758 inventus
2361 2704 2618 2760 Romanis
2648 2707 2865 2761 arcibus
2890 2724 3046 2772 unus,

113 2794 386 2853 Ediﬂeare
420 2797 659 2862 domum,
687 2796 1057 2868 fabricamque
1085 2799 1378 2852 extendere
1401 2797 1541 2864 visu,
1779 2793 1993 2850 Scrinia
2029 2795 2326 2858 dimittens,
2359 2798 2448 2866 qui
2477 2806 2652 2850 castra
2685 2800 2981 2855 monaStica
3029 2802 3178 2872 legit,

115 2888 333 2943 Ornatus
364 2889 543 2958 operis
573 2889 747 2958 dignis
780 2889 1048 2959 atquanlia
1080 2888 1275 2942 factis?
1777 2886 2155 2955 Emeritusque
2184 2887 2320 2955 polis
2347 2889 2552 2942 accitur
2579 2903 2710 2957 rupe
2748 2900 2994 2956 νοοιιιυε,

113 2981 204 3032 Aut
223 2978 535 3034 Victorinus
560 2979 692 3034 lavit
712 2979 845 3034 bene
869 2979 1097 3033 crimina
1127 2980 1273 3034 solus
1775 2977 2004 3046 Moxque
2034 2978 2272 3031 secuturi
2302 2979 2601 3031 recitantur
2624 2981 2675 3033 in
2699 2982 2887 3036 ordine
2916 2981 3139 3046 fratres,

118 3071 358 3137 Fletibus,
381 3085 439 3126 ut
463 3074 751 3127 commissa
768 3073 856 3140 pio
883 3072 1142 3127 solamine
1175 3070 1392 3125 functus
1775 3067 2045 3124 Obtentus
2069 3068 2321 3136 precibus
2355 3084 2456 3124 nec
2487 3084 2616 3124 voce
2645 3080 2860 3126 notatus
2881 3074 3121 3129 amicus?

116 3160 368 3218 Gauderet
397 3162 575 3216 laxata
602 3162 726 3226 sibi,
756 3161 964 3231 fulgore
992 3161 1238 3215 vibratus
1777 3159 1888 3212 Aut
1917 3175 2040 3214 cum
2067 3159 2346 3228 discipulis
2371 3163 2536 3214 vitam
2565 3177 2813 3231 prwcone
2838 3165 2994 3220 beato

116 3252 213 3318 Quo
241 3265 632 3310 monstraretur
661 3255 868 3309 meritis
895 3255 1137 3309 caruisse
1169 3253 1444 3309 tenebris?
1776 3252 2002 3322 Dignam
2029 3250 2290 3321 Gregorio
2325 3251 2512 3309 Romae
2538 3257 2648 3326 egit
2677 3256 2790 3311 sola
2829 3257 3148 3328 Redempta,

116 3343 271 3398 Militis
293 3360 364 3398 an
392 3355 597 3400 tantum
628 3346 784 3400 unius
815 3345 1054 3400 Romana
1082 3346 1344 3414 probatur
1775 3341 1972 3396 Mentis
2001 3341 2205 3397 honore
2236 3343 2437 3407 nitens,
2461 3353 2516 3399 et
2559 3346 2848 3401 ltirunline
2878 3347 3040 3418 digna
3067 3349 3364 3421 magistra?

118 3432 242 3489 Intra
264 3447 443 3491 castra
471 3437 648 3501 labor,
673 3427 912 3508 placidas
937 3446 994 3490 ut
1029 3438 1201 3493 visere
1229 3438 1383 3491 sedes
1777 3432 2005 3488 Romula
2038 3435 2354 3491 coalicorum
2389 3436 2654 3492 solamine
2683 3439 2794 3494 sola
2827 3439 2942 3495 leva
2978 3441 2994 3495 i

120 3524 188 3577 Sit
218 3527 467 3592 meritus,
501 3527 649 3582 solus
676 3529 959 3597 visumque
983 3526 1187 3582 referre
1214 3527 1446 3581 nitorem
1775 3523 2002 3578 Lumine
2034 3525 2280 3590 lustrari,
2316 3527 2523 3582 caelesti
2553 3538 2774 3584 nectare
2799 3532 2968 3598 pasci,

119 3615 318 3672 Gallave
354 3619 585 3689 patricio
613 3620 851 3674 renitens
891 3621 1132 3690 genitore
1156 3627 1402 3680 venusta,
1778 3613 2054 3668 {Ethcreis
2079 3616 2222 3685 fungi
2249 3617 2516 3684 exequiis,
2541 3625 2596 3670 et
2622 3617 2736 3671 luce
2766 3635 2998 3686 superna

121 3707 352 3766 Prmduee
384 3713 478 3766 sed
504 3712 686 3777 Petro,
711 3728 1016 3782 sponsoque
1046 3711 1322 3766 venustior
1351 3708 1495 3764 alto?
1702 3760 1744 3782 η
1779 3705 1925 3760 Mosa
1956 3706 2115 3761 Probi
2150 3723 2304 3762 soror
2329 3718 2421 3760 aut
2451 3709 2661 3776 superis
2692 3708 2803 3762 sola
2834 3718 2959 3777 apta
2991 3709 3203 3763 choreis

122 3798 203 3855 ἵει
231 3820 354 3872 puer
383 3805 650 3859 armentis
681 3805 954 3860 studiosus
979 3802 1364 3873 simplicitatis,
1701 3798 1747 3822 ν
1780 3798 2010 3861 Ascisci,
2037 3801 2296 3868 genitrice
2330 3800 2419 3853 Dei
2461 3802 2669 3856 viscnte
2696 3801 2876 3854 vocari

123 3889 269 3955 Quem
303 3895 382 3950 vis
411 3909 582 3964 prona
611 3894 758 3949 dedit
785 3894 960 3958 cmlis,
995 3895 1269 3964 terrisque
1296 3890 1610 3954 remissum.
1783 3887 1995 3943 Institui
2024 3890 2265 3956 tuonitis,
2292 3891 2513 3960 ipsaque
2537 3899 2754 3959 petente
2780 3890 3007 3944 resolvi?

1590 4019 1822 4078 CAPUT
1855 4021 1940 4076 III.

555 4133 631 4188 De
658 4136 854 4191 sanctis
880 4136 1205 4191 diversorum
1227 4134 1461 4188 locorum
1494 4133 1692 4202 Italiae,
1720 4133 1989 4188 Ilonorato
2016 4131 2236 4198 scilicet,
2269 4129 2535 4184 Libertina
2551 4137 2597 4183 et
2624 4130 2847 4183 caneris.

125 4241 180 4296 At
203 4244 318 4300 dum
349 4246 594 4317 Gregorii
629 4250 940 4303 venerando
970 4261 1209 4321 syrmate
1232 4256 1483 4318 prompta
1787 4247 2070 4316 Proposito
2098 4243 2296 4313 culpet,
2327 4242 2553 4297 strictim
2587 4240 2822 4295 libentur
2847 4240 3051 4311 opima.

125 4331 361 4391 Claudere
395 4340 728 4394 carminibus
756 4340 986 4394 modulis
1021 4340 1214 4394 diﬂ'usa
1253 4339 1423 4410 ligare
1785 4335 1978 4390 Divino
2007 4333 2090 4389 vel
2120 4331 2454 4387 Ilonoratum
2480 4330 2773 4400 spiramine
2801 4330 3017 4385 doctum

125 4420 280 4479 Conor
307 4428 528 4483 adortus
554 4429 659 4483 iter
684 4439 789 4484 tam
820 4431 1048 4494 celsum,
1079 4440 1186 4484 tam
1209 4431 1340 4502 juga
1366 4439 1608 4497 tentans,
1783 4426 2138 4496 Linquemus,
2170 4425 2412 4482 cmlestis
2439 4439 2595 4478 amor
2623 4424 2710 4478 cui
2734 4424 2922 4478 amica
2951 4422 3145 4486 suasit,

126 4511 282 4568 Ardua
308 4520 529 4573 convexi
560 4535 752 4575 vereor
780 4522 1096 4590 contingere
1126 4521 1270 4585 clivi,
1781 4517 2072 4588 Equoreae
2100 4519 2332 4573 samnite
2358 4517 2524 4584 dapes
2553 4515 2638 4568 cui
2669 4530 2802 4581 rupe
2829 4521 3088 4582 palantur
3121 4529 3134 4564 :

126 4596 266 4658 I’rata
291 4606 441 4662 beata
475 4610 737 4680 datosque
759 4626 855 4679 per
883 4611 1082 4682 inclyta
1108 4613 1350 4680 gramina
1379 4611 1541 4668 ﬂores
1783 4608 2070 4664 Multorum
2099 4621 2252 4679 pater
2279 4611 2544 4663 almorum
2574 4608 2666 4677 qui
2699 4607 2898 4660 vertice
2920 4616 3134 4671 ruptam

130 4689 394 4760 Squalidus
423 4699 651 4768 impuris
675 4700 952 4769 trepidans
981 4702 1282 4770 irrumpere
1313 4701 1466 4758 rivis.
1783 4704 1992 4761 Saxoso
2028 4707 2197 4762 latere
2222 4705 2412 4760 lubrici
2446 4720 2541 4774 per
2565 4719 2732 4773 prona
2775 4711 3019 4755 ruentem

131 4781 221 4836 Sed
248 4787 290 4840 si
317 4787 474 4843 ﬂante
505 4790 598 4843 Dei
628 4800 850 4844 currant
877 4791 1171 4860 spiramine
1192 4791 1352 4861 lapsi,
1784 4795 1951 4861 Fixit,
1973 4806 2028 4850 et
2059 4797 2110 4851 in
2137 4797 2337 4851 Christi
2370 4794 2892 4863 suspenditnomine
2915 4790 3135 4851 molem,

131 4870 328 4931 Ethere
362 4879 613 4933 dulciﬂuo
638 4881 856 4951 purgari
883 4897 1080 4951 spurca
1103 4882 1379 4946 valebunt.
1784 4885 2039 4958 Eripiens
2065 4888 2284 4950 cellam,
2319 4885 2518 4940 fratres
2542 4887 2692 4939 necis
2719 4884 2916 4951 impete
2943 4893 3185 4935 servans.

134 4961 346 5036 Ipsaque
371 4969 608 5023 aureolis
631 4971 786 5025 stilla:
820 4981 1106 5026 comentur
1131 4973 1333 5027 arenis.
1783 4979 1919 5033 Num
1957 4980 2292 5034 Libertinum
2333 4989 2541 5032 taceam
2571 4978 2661 5046 qui
2694 4974 2902 5029 assecla
2932 4969 3193 5030 Ilonorati

135 5051 234 5116 Quo
262 5067 432 5114 tamen
464 5061 581 5115 haec
602 5061 802 5115 aditum
830 5074 936 5116 tam
963 5063 1084 5115 lteta
1110 5063 1282 5118 vireta
1312 5061 1516 5132 petenti
1789 5071 2036 5124 Doctoris
2065 5069 2276 5126 meritis
2312 5067 2510 5124 eﬂttlsit
2535 5078 2590 5122 et
2620 5069 2734 5138 ipse
2771 5067 2989 5128 beatus,

134 5141 427 5206 Ausoniame
452 5168 637 5208 means
665 5167 762 5221 per
788 5169 935 5218 rura,
956 5169 1054 5222 per
1073 5156 1268 5223 oppida
1297 5167 1536 5224 quanam
1649 5229 1652 5232 ἢ
1785 5159 2157 5231 Prodigiisquc
2190 5160 2400 5214 micans
2427 5156 2672 5224 dejeetus
2705 5169 2845 5224 equo
2874 5150 3046 5223 ﬂagra
3105 5140 3405 5214 quondam)

136 5231 324 5302 Ignotos
347 5252 568 5297 nutante
595 5244 743 5298 sinus
771 5245 1036 5314 attingere
1061 5242 1224 5313 ﬂexu,
1785 5250 1918 5304 Dum
1945 5253 2068 5321 pius
2091 5254 2352 5320 impertit,
2383 5251 2597 5303 lacilcm
2631 5249 2681 5302 vi
2718 5245 2995 5316 pnestruit
3018 5247 3236 5296 amnem

141 5325 202 5364 An
230 5329 421 5364 οςιωιιυη
462 5333 627 5364 nul-0:0
652 5333 882 5364 ’.αιτιοι-ηις
915 5336 1131 5364 ιιηροῖηἶη
1167 5335 1300 5364 ιη’-ιζ

1784 5341 1970 5364 σερε---
2070 5354 2080 5362 .
2183 5341 2238 5362 γε-
2268 5341 2334 5362 I--,
2380 5358 2389 5362 -
2416 5339 2562 5362 t...-..:
2601 5338 2734 5362 -...._|..
2757 5331 2982 5362 n-l...ll:-
