3908 5426
529 179 637 238 sas
1197 216 1201 260 ζ
1282 146 1677 234 monetam
1709 176 2419 249 amoma-acuensrs
2457 181 2824 243 opuscuu
2861 185 3229 247 uernam.
3706 200 3799 262 εις

529 283 815 354 Involvens
837 297 1077 355 tenebris
1097 308 1424 370 praesentem
1457 299 1664 355 visibus
1680 299 1872 355 abdit?
2070 362 2073 365 η
2144 307 2194 367 Α
2225 299 2531 372 Discipulos
2554 302 2797 360 celebres
2826 304 3073 362 miranda
3100 307 3155 363 in
3190 307 3329 366 faeta
3360 311 3707 384 relinqui-us,

531 388 671 457 Quid
698 405 925 459 puerum
956 391 1061 445 luci
1090 392 1452 454 subtractum,
1475 401 1651 448 matre
1676 401 1965 462 querente,
2222 392 2464 459 Quorum
2495 395 2663 449 multa
2695 395 2864 452 latent
2885 412 3111 467 operum
3144 404 3457 458 veneranda
3475 407 3716 473 piorum,

533 483 764 553 Vimque
789 482 1020 548 ferente,
1047 483 1407 539 reformatum
1440 485 1675 554 vitaeque
1700 486 2008 551 reductum,
2222 486 2354 553 Qua:
2377 486 2533 541 ducis
2560 487 2745 542 eximii
2777 489 3266 559 pressere'silentia
3301 494 3489 559 nobis;

530 575 749 631 Attactu
778 575 964 646 caligae
990 577 1230 631 doctoris
1259 584 1548 631 stemmate
1567 575 1730 631 latae?
2219 579 2290 634 At
2317 594 2422 634 non
2446 579 2591 635 furta
2620 590 2814 637 vacant
2835 582 3068 655 olerum,
3096 584 3434 653 memorique
3460 587 3722 648 renident

529 664 694 735 Cujus
721 666 981 722 Honorati
1010 666 1340 721 Libertinive
1366 665 1607 721 feremus
2221 670 2402 727 Laude
2428 681 2650 734 retecta,
2686 674 2778 729 Dei
2807 675 2908 729 sub
2933 674 3137 729 honore
3160 675 3451 731 celebriter
3472 687 3616 743 acta,

531 755 665 819 Hoc,
696 758 907 813 meritis
938 756 1062 812 fidei
1093 758 1319 812 annisus
1345 757 1439 812 sed
1468 756 1659 811 matris
1682 764 1931 827 uterque.
2220 759 2481 815 Gramine
2504 759 2753 827 Servate,
2787 778 2990 834 prenso
3019 776 3212 835 angue,
3253 760 3442 820 tuente
3464 766 3699 833 latrone,

531 847 703 919 llujus
729 848 874 906 celsa
901 849 1002 903 viri
1035 849 1205 920 signis
1230 848 1493 919 patientia
1525 848 1739 919 magnis
1900 876 1905 880 ο
2222 847 2514 920 Suppliciis
2543 851 2707 922 digno
2727 854 3065 908 cruciatibus
3092 855 3247 911 hoste
3275 854 3482 923 soluto,

530 937 785 1008 Effertur,
809 941 1248 1011 correptorisque
1278 939 1535 1013 magistra
1562 939 1832 1010 magistri,
2221 942 2433 1013 Spebus
2455 939 2628 998 solato
2659 942 2890 1011 blandis,
2919 953 2974 1000 et
3003 961 3227 1001 munere
3250 948 3384 1002 foto.

1954 1136 2185 1196 CAPUT
2225 1139 2314 1196 IV.

1209 1249 1284 1306 De
1319 1251 1515 1307 sanctis
1538 1250 1775 1324 Equiuo,
1800 1250 2137 1320 Constantio,
2169 1250 2502 1315 Marcellino,
2539 1248 2792 1304 Νοηηοιο
2818 1258 2866 1303 et
2897 1234 3198 1318 Bonifacio.

531 1385 690 1454 Quid.
709 1383 941 1443 referam
974 1385 1252 1456 Equitium
1282 1386 1491 1441 rmlesti
1529 1395 1794 1456 operante
1818 1388 2117 1458 spadonem
2230 1386 2487 1456 Temptor
2507 1395 2562 1442 et
2587 1386 2701 1457 ipse
2726 1386 2800 1441 tui
2828 1392 3154 1455 templorum
3182 1395 3446 1457 etgratus
3468 1389 3679 1446 a‘m’icns

529 1476 822 1548 Chirurgo,
849 1477 1125 1546 castisque
1151 1477 1281 1530 viris
1307 1477 1550 1547 ipsisque
1577 1476 1773 1546 puellis
2227 1480 2451 1549 Magnus
2478 1480 2724 1535 mirificis
2744 1489 2800 1535 at
2823 1481 3239 1536 mansuetudine
3256 1481 3457 1550 major,
3520 1524 3523 1527 ι

531 1567 844 1628 Ductorem,
875 1576 1185 1635 sancteque
1213 1567 1311 1620 viae
1340 1568 1458 1620 sine
1487 1582 1640 1620 more
1666 1565 2009 1636 magistrum,
2226 1570 2358 1638 Qua:
2390 1571 2486 1625 tibi
2517 1562 2850 1634 Marcelline,
2885 1569 3054 1623 feram
3082 1558 3378 1640 praetionia,
3408 1573 3626 1642 pracsul,

528 1655 856 1730 Vcrgeutem
887 1672 945 1711 se
977 1656 1123 1721 imis,
1156 1666 1369 1710 mentes
1396 1660 1464 1711 ad
1490 1657 1635 1711 celsa
1667 1656 1961 1723 levantem,
2144 1696 2192 1757 Β
2228 1663 2492 1718 Virtutem
2518 1662 2775 1733 languore
2798 1664 2995 1717 sedens
3027 1676 3252 1732 operate
3273 1665 3512 1732 virilem,

530 1749 636 1816 Qui
664 1759 883 1804 certans
910 1749 1037 1802 dum
1068 1756 1242 1802 vectat
1263 1763 1393 1821 oves
1421 1749 1488 1802 ad
1520 1748 1661 1805 ovile
1688 1763 2006 1819 supernum,
2144 1748 2190 1757 ⁷
2221 1754 2381 1819 Dum,
2416 1753 2624 1809 fractus
2650 1756 2910 1824 podagra,
2936 1752 3278 1810 ﬂammarum
3307 1759 3506 1813 robora
3534 1756 3769 1829 frangis?

531 1839 849 1909 Suscipiells
877 1839 1274 1909 pluresreliam
1309 1853 1468 1906 quem
1494 1839 1737 1892 «Ιωιηυηυ
1767 1837 1984 1908 plenum
2221 1843 2388 1913 Queis
2410 1846 2576 1900 etiam
2618 1844 2907 1915 expediam
2941 1845 3231 1915 tranquille
3267 1845 3402 1899 dura
3428 1844 3683 1902 ferentcm

529 1933 707 1987 Corde
736 1932 880 1986 videt
907 1932 1168 1986 Satanam
1195 1931 1446 1987 vocitans
1471 1945 1752 1985 assumere
1775 1942 1925 2000 paret
1950 1945 1964 1993 ;
2220 1935 2532 1992 Nonnosum
2566 1935 2736 1991 titulis
2762 1945 3065 2006 aequantem
3106 1935 3248 1991 facta
3279 1938 3522 2007 priorum

534 2020 716 2092 thue
744 2024 1006 2093 probetur
1034 2037 1191 2093 opus,
1218 2022 1371 2091 capit
1393 2023 1540 2076 intra
1575 2031 1725 2090 septa
1758 2022 2046 2083 latronem,

2234 2029 2533 2097 Magnorum
2562 2028 2648 2082 ille
2674 2037 2885 2097 patrum
2909 2029 3095 2098 gestis,
3124 2028 3249 2082 dum
3284 2038 3557 2098 prteparat
3584 2029 3777 2083 hortum

534 2111 673 2167 Dum
700 2121 931 2169 vexatur
955 2112 1074 2168 OVlS
1099 2121 1342 2165 tentante
1369 2111 1477 2180 lupi
1505 2112 1706 2186 impete
1742 2123 1982 2165 mentem
2015 2126 2029 2164 ἶ
2222 2121 2356 2176 Acta
2385 2120 2524 2175 mole
2551 2121 2739 2189 procul
2764 2121 2933 2191 rupis,
2965 2128 3202 2175 sectatur
3236 2121 3505 2195 Achivum

533 2204 653 2272 Quo
675 2204 836 2260 simul
863 2204 1039 2275 eiecto
1065 2204 1276 2274 laqueis
1303 2204 1555 2260 evellitur
1576 2219 1741 2275 agna.

2222 2212 2543 2283 Gregorium
2571 2202 2852 2279 sanctum;
2884 2212 3113 2267 solidata
3150 2212 3399 2283 lampade
3428 2212 3571 2278 vitri,

531 2295 644 2352 Nec
666 2296 886 2366 longum
910 2294 1032 2350 lidei
1058 2295 1177 2350 zelo
1204 2293 1291 2348 iur
1320 2296 1564 2364 carpitur
1588 2295 1735 2363 igne,

2225 2304 2491 2358 Donatum
2518 2320 2533 2369 ;
2565 2303 2813 2373 repplens
2839 2304 2943 2359 olei
2980 2318 3147 2374 parvo
3173 2304 3414 2373 unguine
3441 2318 3567 2358 vasa

529 2388 634 2457 Qui
666 2389 892 2459 magicis
919 2386 1109 2467 cellam
1136 2403 1196 2442 se
1223 2387 1570 2456 suspendisse
1597 2386 1911 2454 frequenter
2225 2391 2431 2447 Cuncta
2464 2394 2782 2449 monasterii
2810 2394 2969 2465 signo
2994 2394 3196 2450 helisea
3233 2394 3503 2463 rependit.

533 2483 763 2538 Rettulit
789 2480 1013 2552 Equitii,
1045 2479 1281 2534 valuisse
1301 2493 1366 2561 ac
1387 2479 1584 2533 laudere
1609 2477 1836 2531 nullum.

2226 2483 2335 2540 Sed
2365 2501 2541 2555 neque
2568 2487 2816 2553 dissimili
2838 2488 3043 2553 renitet
3064 2486 3378 2561 Bonifacius
3409 2493 3532 2540 actu

534 2573 649 2629 Nec
685 2573 865 2627 minus
902 2574 1214 2640 absorptam
1240 2560 1465 2624 lactuca:
1489 2567 1710 2637 dapsilis
1740 2566 1904 2621 hamo
2227 2573 2321 2630 me
2351 2575 2674 2631 Ferentinas
2697 2577 2788 2647 qui
2823 2588 3146 2647 paupertate
3178 2560 3418 2631 feracem

532 2664 687 2720 Fruit
807 2662 1031 2736 Eximit]
1058 2663 1288 2717 aathncis
1318 2661 1560 2732 absorpti
1587 2659 1835 2715 faucibus
1865 2659 2079 2730 anguis.
2228 2666 2492 2723 Anglicus
2520 2670 2759 2724 animum
2790 2684 3078 2738 pressus-as
3101 2668 3243 2722 inter
3271 2677 3328 2724 et
3359 2677 3502 2729 acta,

529 2758 836 2829 lncrepanti
870 2757 936 2830 [Ῑ.
959 2756 1233 2828 Poscenti|
1262 2770 1562 2825 causasque
1590 2757 1789 2822 aditus,
1815 2755 2128 2809 borrurcfea
2229 2762 2365 2816 Dum
2404 2762 2631 2816 Domino
2654 2771 2839 2832 grates
2869 2761 3150 2830 (ιίμρεηιιεει
3177 2762 3408 2816 reddere
3438 2761 3584 2815 novit

536 2853 641 2921 Qui
671 2851 857 2923 superi
885 2852 1031 2908 ferro
1060 2851 1255 2907 medici
1279 2850 1486 2925 plectro
1509 2850 1622 2905 oris
1645 2850 1840 2906 adacto
1913 2848 2108 2922 [rcutis
2229 2854 2454 2925 Exigitis
2478 2853 2637 2911 stillis
2669 2854 2991 2923 apothecam
3024 2840 3078 2909 et
3100 2853 3243 2908 dolia
3274 2854 3451 2923 replet

534 2944 716 2999 Verbo
753 2931 846 2997 Dei
874 2942 1094 3013 capiens
1116 2940 1303 3010 jussus
1331 2955 1624 3015 properare
1653 2941 1887 3008 rigatqu
2230 2942 2458 3014 Ipsaque
2489 2945 2577 2999 vix
2603 2944 2782 2999 infusa
2811 2960 2962 3000 mero
2987 2945 3103 3000 sola
3134 2960 3362 2999 munere
3382 2953 3643 3016 spargunt.

533 3036 714 3091 lmbre
736 3036 961 3090 salutari
989 3035 1227 3090 sitientis
1250 3044 1472 3103 pectora
1497 3032 1673 3102 plebis
1874 3096 1877 3097 ν
2152 3050 2198 3114 c
2232 3034 2363 3102 Quae
2391 3044 2577 3090 custos
2603 3035 2771 3090 animi
2800 3035 3116 3106 prohibens,
3147 3050 3207 3090 se
3234 3037 3289 3090 in
3314 3052 3561 3106 corpore,
3584 3035 3738 3106 pan-li.

534 3128 675 3183 Dum
698 3128 897 3199 satagit
918 3127 1088 3197 galeis
1123 3128 1337 3181 animas
1366 3127 1587 3197 pietatis
1617 3133 1848 3182 onustus
2231 3124 2541 3181 Barbaricis
2568 3141 2787 3196 quoque
2811 3127 2937 3181 vina
2967 3128 3104 3182 viris
3134 3127 3186 3180 in
3214 3141 3344 3182 vase
3372 3126 3562 3196 pusillo

534 3219 767 3275 Lucrari
799 3206 1049 3280 Domino,
1080 3217 1230 3272 vicos
1253 3227 1310 3271 et
1337 3227 1520 3272 castra
1550 3230 1875 3286 peragrans,
2227 3216 2491 3272 Crescere
2514 3215 2642 3272 dum
2673 3218 3087 3287 prmStat,uasci
3115 3218 3209 3273 dat
3241 3218 3296 3273 in
3326 3218 3516 3274 usibus
3534 3217 3766 3271 haustum:

534 3314 792 3383 Corporis
813 3311 1060 3382 abiectus
1086 3311 1267 3381 specie
1294 3312 1388 3366 sed
1415 3322 1596 3366 mente
1621 3318 1907 3373 venustus,
2227 3309 2486 3384 Cymbala
2511 3310 2828 3365 concutiens
2851 3308 3149 3379 laudesque
3176 3324 3245 3364 ex
3268 3323 3366 3364 ore
3390 3308 3533 3364 beati

541 3401 864 3474 Subripitur
886 3417 1041 3473 papae
1070 3416 1376 3472 praeconem
1405 3401 1521 3473 lege
1547 3401 1900 3472 premendum
2228 3400 2575 3457 Przevenicns
2605 3401 2808 3457 Christi
2828 3401 3146 3472 plectendus
3163 3401 3350 3472 judice
3377 3413 3607 3465 summo,

450 3543 460 3558 .
538 3495 796 3552 Censura:
826 3495 1065 3566 subigat,
1099 3494 1373 3564 tantisque
1396 3502 1655 3565 [coerceat
1682 3492 1833 3546 ausis
1854 3532 1870 3558 ,
2227 3492 2569 3558 Praecinitur,
2606 3494 2832 3562 quaasita
2862 3492 3062 3563 planus
3086 3492 3280 3549 solatia
3314 3501 3531 3548 nactus.

538 3588 774 3656 Mittitur
798 3588 1074 3653 ascitum;
1116 3586 1585 3652 mutanturgcorda
1623 3595 1904 3657 petentum
1930 3599 1947 3640 ι
2226 3586 2403 3641 Aurea
2434 3601 2691 3657 perpesso
2720 3586 2969 3657 arguitur
2997 3586 3123 3642 dum
3155 3587 3351 3641 damna
3377 3593 3597 3655 nepote.-

536 3682 767 3738 Pectora
797 3690 1074 3738 tantorum
1105 3679 1294 3736 inculti
1317 3679 1607 3750 praesentia
1634 3686 1840 3742 terret;
2228 3680 2407 3735 Aurea
2436 3678 2589 3733 lucra
2614 3678 2807 3742 refert,
2829 3678 2979 3734 canit
3008 3678 3177 3733 ardua
3201 3680 3400 3743 damna
3428 3676 3637 3746 nepoti:

535 3773 798 3842 Arguitur
819 3772 1018 3842 prmsul
1047 3773 1306 3841 visusque
1329 3772 1559 3825 horrore
1582 3770 1837 3823 vibratur
2227 3766 2495 3824 Culminis
2521 3784 2655 3822 auro
2678 3767 2929 3823 affectata
2966 3778 3277 3824 removetur
3315 3767 3538 3823 honore.

536 3862 676 3937 Quid
702 3864 914 3919 Domini
953 3873 1113 3919 vexet
1142 3862 1429 3927 famulum,
1457 3863 1751 3933 rapidoque
1778 3859 1963 3915 volatu
2229 3856 2369 3924 Quin
2401 3873 2595 3927 parcre
2625 3857 2726 3912 sibi
2754 3859 2967 3913 ratione
2994 3858 3242 3913 carentia
3274 3871 3501 3929 cogens,

538 3957 710 4013 Sceda
736 3967 881 4012 meat
906 3956 1202 4028 prohibens
1227 3957 1349 4020 iter,
1375 3955 1608 4025 implens
1639 3954 1841 4009 lamina
1868 3952 2014 4008 vatis
2227 3947 2420 4002 Erttcis
2449 3958 2649 4003 tectum
2676 3949 2879 4018 juratis
2902 3949 3100 4004 liberat
3125 3951 3369 4003 hortum.

535 4049 769 4106 Invitum
792 4060 956 4121 atque
978 4052 1320 4106 latiseentcm
1349 4062 1640 4119 properare
1670 4047 1961 4101 monentis.
2227 4037 2339 4094 Nrc
2361 4041 2608 4095 miranda
2638 4040 2775 4095 adeo
2800 4057 2920 4111 qua:
2947 4042 3139 4111 dignus
3170 4042 3378 4095 honore
3403 4039 3646 4095 sacerdos

537 4141 753 4209 Yixerit
783 4144 873 4199 hic
899 4143 1076 4212 qualis
1102 4151 1372 4197 testantur
1399 4142 1536 4196 mira
1560 4139 1817 4209 sepulcri.
2227 4132 2497 4200 Gesserit,
2525 4146 2647 4190 acta
2686 4136 2906 4206 quidem
2939 4151 3108 4205 puero
3131 4134 3176 4189 si
3204 4144 3389 4189 mente
3420 4133 3686 4192 librentur,

538 4233 812 4288 Ruricolm
834 4248 960 4288 arca
987 4233 1336 4301 supersidens
1363 4232 1414 4286 vi
1445 4231 1680 4285 turbinis
1705 4236 1830 4283 acta
1940 4266 1941 4269 η
2228 4225 2475 4282 Ornante
2502 4226 2774 4296 indignos,
2806 4242 2929 4282 sese
2958 4227 3197 4281 undante
3231 4226 3567 4294 frequenter,

539 4325 719 4392 Atque
747 4322 962 4392 repulsa
991 4323 1216 4393 procul;
1246 4321 1475 4391 querula
1507 4321 1590 4377 sic
1618 4322 1747 4374 dum
1787 4317 1913 4372 terit
1938 4316 2126 4373 hostes
2229 4318 2438 4374 llorrea
2466 4317 2622 4391 fruge
2649 4321 2774 4374 data
2803 4321 3033 4383 sanctis,
3064 4321 3330 4375 exhausta
3353 4318 3582 4389 rapinis;

540 4413 686 4470 Voce
708 4413 1015 4478 lacessitus,
1051 4415 1182 4485 tegit
1211 4414 1392 4469 hostili
1421 4411 1638 4486 agmine
1662 4425 1886 4475 vernas,
2151 4403 2205 4463 D
2233 4410 2421 4467 Matris
2451 4413 2768 4482 compassns
2793 4412 3051 4485 lacrymis
3072 4427 3237 4482 prece
3269 4411 3442 4481 replet
3466 4410 3658 4479 opima,

539 4506 965 4576 Praesidiumqne
989 4506 1169 4563 ferens
1198 4513 1383 4562 servat
1414 4505 1677 4559 tutamine
1703 4507 1924 4558 multos.
2228 4499 2351 4569 Quo
2378 4513 2536 4573 raptu
2567 4518 2784 4573 quoque
2810 4505 3037 4573 gallinas
3063 4513 3229 4572 atque
3249 4502 3414 4571 eripit
3443 4502 3621 4560 hoste,

506 4669 513 4679 ι
540 4596 780 4654 Narcissi
806 4599 1010 4669 pariter
1035 4598 1307 4653 constanti
1339 4597 1458 4651 luce
1483 4597 1717 4660 renidet,
2230 4592 2491 4651 Plectitur
2516 4606 2571 4649 et
2600 4606 2750 4666 rapta
2790 4599 2997 4666 raptrix
3022 4595 3302 4666 vulpecula
3332 4596 3534 4665 praeda,

538 4689 822 4746 lllustraus
846 4689 949 4746 olei
981 4687 1101 4745 vice
1131 4688 1328 4759 templa
1352 4688 1706 4759 ﬂagrantibus
1728 4688 1907 4744 undis.
2230 4686 2349 4745 Non
2379 4697 2670 4758 spernente
2702 4688 2811 4746 Dem
2840 4687 2894 4750 in
2921 4689 3160 4757 minimis
3190 4688 3383 4743 audire
3404 4687 3643 4742 clientem

1943 4893 1949 4900 ’
2029 4863 2259 4922 CAPUT
2300 4865 2366 4923 V.

1652 5010 1655 5015 ι
1730 4974 1805 5031 De
1831 4987 2012 5033 sancto
2053 4976 2350 5034 Fortunato
2370 4980 2630 5050 episcopo.

541 5090 655 5154 Nec
679 5096 957 5153 Fortunati
981 5088 1289 5148 Tualcrtinze
1319 5099 1439 5146 acta
1460 5091 1665 5147 silenda
2236 5093 2439 5162 Degere
2458 5102 2722 5147 secretam
2751 5090 3001 5161 prohibet
3031 5080 3394 5159 thalamisque
3422 5096 3658 5143 remotam
3687 5092 3698 5133 ἑ

543 5188 795 5246 Pnesulis
818 5187 1013 5256 insigni
1044 5187 1297 5240 virtutum
1321 5184 1440 5238 luce
1464 5181 1710 5247 cluentis,
2234 5185 2534 5239 Audeutcm
2569 5185 2796 5239 Domino
2821 5184 3142 5238 sacrandum
3170 5183 3472 5251 irrumpere
3498 5175 3715 5248 templum

544 5278 648 5345 Qui
682 5294 841 5348 prece
869 5268 1132 5333 subnixus
1161 5275 1380 5329 hostilia
1401 5290 1542 5342 saepe
1570 5269 1788 5344 fugabat
2234 5275 2487 5345 Martyris
2528 5275 2758 5329 adventu
2788 5274 3021 5329 vindicta
3042 5287 3231 5327 severa
3259 5279 3504 5336 coercet;

546 5373 774 5426 Agmina
795 5374 1103 5426 snirituum.
1130 5374 1332 5426 cuneos
1358 5369 1583 5423 horrore
1606 5364 1842 5423 subactis
2234 5365 2404 5426 Quam
2437 5366 2587 5421 nisus
2616 5376 2799 5426 tegere
2831 5365 3095 5426 abripitur
3113 5373 3317 5419 tutator
3344 5365 3413 5418 ab
3436 5350 3615 5426 angue,
