3908 5426
113 324 214 376 837
656 323 742 378 DE
773 323 1047 379 CllRlSTl
1084 321 1465 379 TlilUMPlllS
1495 321 1682 378 APUD
1722 319 2006 376 lTALlASl
2040 318 2223 374 LlilRl
2264 318 2401 374 XIV.
2445 350 2512 361 —-
2552 318 2682 375 LIB.
2727 319 2861 374 Xlll.

116 430 360 490 Confessi
402 435 618 493 tandem
654 437 929 505 genitores
952 435 1179 490 crimina
1210 434 1397 505 culpte,

116 525 365 580 Pontifici
400 525 617 589 sistunt,
649 527 947 596 rabidoque
969 527 1153 580 labore
1180 526 1410 579 levatam

114 615 224 670 Nec
267 616 481 688 longum
515 625 634 686 post
671 617 993 672 incolumem
1025 618 1391 686 mundamque
1421 617 1704 672 reducunt.

117 705 363 775 llospitio
385 706 590 775 ejectus
620 706 795 774 privat
833 707 960 759 dum
993 706 1141 775 prole
1170 715 1450 775 parentem

118 796 229 850 Non
262 799 401 851 bene
428 807 749 851 tractantem
781 798 920 852 bona
947 797 1184 866 pertidus
1207 797 1404 865 hospes
1431 805 1617 866 aperte

119 885 268 941 llaud
298 888 492 940 admitt
528 887 691 940 ndum
717 894 868 939 notat
890 887 995 939 hoc
1017 901 1246 940 censore
1268 885 1529 956 fugatum.

117 978 346 1033 Lumina
376 978 643 1032 damnatis
671 978 961 1031 retlhihens
992 977 1079 1030 hic
1110 992 1246 1046 papa
1274 976 1553 1049 fenestris,

118 1066 327 1136 Eripuit
349 1082 563 1137 quoque
590 1066 812 1135 depulso
831 1064 1075 1134 jumenta
1104 1066 1303 1131 furore,

122 1158 181 1212 Et
202 1159 469 1228 quidquid
505 1160 662 1229 petiit
686 1161 943 1213 comitata
974 1166 1058 1211 est
1084 1158 1227 1211 actio
1253 1173 1490 1227 compos;

119 1252 395 1320 Approbat
424 1266 547 1306 orsa
580 1250 766 1314 Gothi,
802 1258 1113 1320 contempto
1142 1259 1315 1318 patre,
1341 1249 1495 1303 ruina

1736 445 1781 501 Α
1814 430 1940 485 Post
1969 445 2117 485 coxa:
2138 432 2380 485 attritum
2406 432 2560 501 rigidi
2586 432 2842 487 contritio
2872 432 3086 499 cordis:

1810 523 2065 593 Corporis
2093 532 2146 578 et
2176 522 2329 591 plexu
2363 524 2512 578 dura:
2543 525 2770 579 mollitio
2798 528 3034 591 tuentis;

1809 612 1963 668 Iussa
1993 614 2299 682 patrocinii,
2333 614 2489 669 velox
2519 615 2769 670 solidatio
2800 616 3050 680 membri,

1812 704 2042 775 Moxque
2073 715 2256 760 secuta
2288 706 2458 770 salus,
2498 718 2724 777 actoqne
2755 708 2939 763 dolore
2967 708 3208 775 medela,

1813 796 2081 866 Expertus
2113 813 2327 867 quoque
2355 798 2641 853 Marcellus
2669 801 2735 853 de
2760 812 2932 853 morte
2960 802 3218 858 reductus

1815 888 2012 955 Ejusin
2046 890 2278 944 adventu
2310 890 2530 944 decreta
2560 890 2748 944 sedilia
2780 890 3049 961 linquens,

1818 980 1961 1034 Voce
1991 980 2093 1034 levi
2135 980 2349 1035 rediens
2376 998 2389 1035 :
2417 979 2576 1048 hujus
2600 980 2727 1049 quid
2756 991 2874 1035 vota
2906 982 3174 1038 valerent!

1816 1072 1880 1124 At
1913 1070 1951 1123 F
1974 1080 2243 1125 irtunatus
2272 1072 2453 1127 fuerat
2477 1088 2575 1127 ceu
2604 1088 2834 1142 corpore
2858 1073 3057 1141 degens

1815 1159 2069 1230 Egrotos
2101 1162 2292 1217 solitus
2314 1178 2529 1228 curare,
2564 1164 2848 1218 absolvere
2878 1180 3071 1228 nexos,

1817 1248 2020 1304 Pellere
2048 1251 2363 1321 perniciem,
2387 1268 2487 1309 nec
2510 1254 2688 1309 adhuc
2711 1264 2833 1326 post
2860 1256 3048 1310 funera
3074 1268 3269 1313 ('cssat.

1594 1405 1820 1461 C.\l"UT
1860 1407 1948 1462 γι.

1300 1515 1380 1571 De
1407 1518 1601 1570 sanctis
1641 1515 1899 1587 Martyrio
1928 1526 1975 1571 el
2005 1516 2216 1572 Severo.

124 1631 325 1688 Extulit
351 1640 408 1687 et
437 1638 681 1687 sanctum
717 1629 1022 1687 veneranda
1056 1628 1269 1684 Valeria
1300 1637 1508 1698 patrem

124 1724 459 1795 Martyrium,
490 1724 678 1794 prunis
707 1739 901 1793 panem
936 1732 1156 1787 tectum,
1179 1732 1340 1790 atque
1368 1720 1546 1775 favilla

125 1817 217 1883 Qui
239 1817 399 1886 signo
430 1814 552 1869 ﬁdei
584 1832 687 1868 non
713 1824 857 1869 tactu
890 1814 1108 1883 insignit
1135 1812 1348 1866 adacto.

126 1907 341 1977 llacque
372 1907 715 1962 sacerdotem
743 1906 1040 1974 accipimus
1064 1905 1284 1973 regione
1308 1902 1571 1959 Severum

126 1996 395 2051 Enituisse
422 1995 605 2065 probis
634 1997 785 2050 mira:
807 1994 1020 2065 pietatis
1042 2004 1096 2047 et
1120 1994 1276 2056 actis,

127 2086 351 2159 Egrum
374 2088 483 2144 line
509 2089 689 2160 operis
719 2086 919 2143 vetitus
946 2086 1039 2157 qui
1068 2086 1246 2141 visere
1275 2084 1495 2141 tardans

1828 1629 2087 1699 Repperit
2118 1640 2172 1684 ut
2198 1630 2461 1696 functum,
2490 1630 2694 1703 plangit
2718 1633 2868 1690 necis
2901 1644 3069 1705 utque
3099 1648 3309 1692 reatum

1826 1718 2026 1788 Sicque
2056 1722 2239 1774 datum
2276 1721 2530 1791 lacrymis
2556 1724 2743 1793 recipit
2775 1725 3034 1793 tetrisque
3060 1729 3395 1797 redempLum

1825 1813 2134 1883 Suppliciis,
2166 1832 2326 1883 quem
2362 1818 2485 1869 dum
2513 1820 2720 1873 modica
2757 1821 3029 1876 trislaricr
3057 1824 3186 1877 hora

1747 1866 1791 1925 Β
1822 1904 1975 1960 Haud
2006 1908 2212 1975 patitur
2232 1906 2485 1962 Christus
2518 1926 2529 1961 :
2558 1911 2797 1964 redivivo
2833 1913 2898 1965 ad
2932 1924 3051 1966 vota
3080 1915 3293 1982 patroni

1821 1994 1980 2051 Flere
2011 1997 2103 2050 dat
2138 2013 2443 2064 excessum,
2473 2000 2552 2055 sic
2586 2011 2759 2056 terrea
2797 2004 3040 2072 linquere
3074 2006 3273 2071 laetum,

1823 2087 2068 2145 Fletibus
2098 2100 2153 2144 et
2182 2092 2416 2162 propriis
2444 2092 2611 2149 lotum
2641 2102 2695 2149 et
2720 2093 2980 2166 plangore
3010 2096 3217 2153 Severi.

1584 2274 1813 2335 CAPUT
1854 2278 1971 2334 Vll.

1032 2386 1108 2441 De
1142 2388 1409 2443 sacerdote
1438 2390 1527 2459 qui
1554 2391 1833 2462 defunctus
1864 2395 2036 2463 furem
2067 2392 2229 2447 vinxit
2268 2392 2525 2461 sepulcro.

132 2528 292 2594 Quam
324 2525 501 2596 viguit
538 2523 753 2595 dignus,
785 2538 947 2595 quam
979 2522 1145 2578 claris
1183 2524 1397 2579 actibus
1438 2524 1582 2581 altus

133 2620 401 2673 Laudibus
423 2619 526 2673 bac
552 2619 761 2673 Domini
793 2618 1001 2687 pollens
1031 2617 1251 2687 regione
1271 2619 1526 2673 sacerdos

132 2716 221 2780 Qui
252 2714 474 2769 functus
508 2712 683 2768 furem
710 2714 880 2767 vinxit
916 2714 1211 2768 tumulatus
1234 2725 1455 2769 euntem

132 2806 305 2860 Mirari
340 2808 576 2876 gaudent
600 2806 731 2861 socii
762 2805 1046 2875 splendore
1076 2808 1343 2877 magistri,

136 2897 325 2952 Vivens
357 2899 448 2967 qui
473 2898 612 2951 alma
643 2898 817 2962 docet,
841 2897 1127 2953 defunctus
1158 2900 1300 2953 furta
1325 2908 1559 2955 coercet.
1587 2890 1607 2954 ι’

133 2986 236 3042 Fur
268 2990 409 3042 vivis
447 2999 693 3043 metuens
724 2992 869 3044 cerni
910 2992 1126 3045 tabente
1164 2990 1364 3060 ligatur

136 3080 335 3136 Ponere
357 3097 457 3136 nec
487 3082 628 3151 potis
647 3091 731 3136 est
756 3083 1014 3152 prtedam,
1041 3098 1140 3137 nec
1166 3082 1308 3137 ferre
1336 3091 1601 3137 retentam

136 3172 275 3229 Vivis
297 3176 426 3227 dum
448 3174 680 3243 stupidis
710 3173 999 3229 adhibetur
1024 3174 1215 3229 funere
1248 3190 1440 3239 nexus,

136 3264 351 3331 Alferat,
381 3280 450 3319 an
482 3265 661 3336 rapiat
689 3266 989 3332 dubitatur,
1018 3266 1254 3337 pondere
1282 3278 1540 3330 onustus;

140 3354 264 3410 Dum
287 3356 501 3412 crimen
535 3356 710 3413 fassus
730 3358 984 3429 precibus
1014 3360 1174 3413 datur
1200 3360 1279 3414 ire
1307 3359 1535 3424 solutus,

1755 3364 1802 3427 C

1825 2527 1893 2581 Et
1921 2528 2011 2596 qui
2043 2535 2197 2596 rapta
2229 2526 2430 2581 vehens
2462 2526 2696 2581 vincitur
2718 2527 2840 2597 jure
2870 2527 3082 2593 latenti,

1822 2618 1993 2672 Fasce
2016 2618 2189 2687 palam
2221 2617 2417 2687 posito,
2439 2627 2728 2685 praestatur
2751 2634 2975 2687 pergere
3002 2619 3155 2674 liber.

1825 2707 1917 2763 Sic
1948 2708 2110 2762 etiam
2136 2708 2481 2762 Praenestinis
2511 2708 2561 2762 iu
2588 2709 2862 2763 montibus
2896 2710 2986 2763 ille

1824 2798 1895 2855 Ut
1932 2800 2062 2853 vixit
2085 2812 2238 2868 pater
2266 2799 2514 2869 egregius
2541 2800 2633 2852 dat
2663 2814 2889 2854 cernere
2917 2800 3154 2855 functus.

1826 2889 2088 2945 Mirantur
2116 2890 2266 2961 gnati
2297 2891 2451 2957 cujus
2479 2892 2603 2945 data
2636 2903 2793 2959 pacta
2822 2890 3040 2959 sepulti,

1824 2981 1925 3047 Qui
1950 2983 2092 3050 quod
2106 2980 2274 3034 ﬂabra
2304 2982 2521 3036 trahens
2537 2984 2784 3051 spondet,
2809 2983 3111 3037 tumulatus
3133 2980 3424 3055 adimplet,

1825 3071 2113 3141 Depositus
2142 3071 2458 3140 deponendo
2490 3071 2605 3127 loca
2628 3074 2773 3127 cedit
2806 3074 3003 3135 amico,

1821 3158 2125 3217 AJuiitteus
2151 3161 2377 3215 charum
2410 3171 2563 3231 parta
2593 3162 2721 3216 olim
2755 3162 2889 3217 cede
2914 3161 3180 3227 sodalem,

1826 3249 1911 3305 Ad
1940 3265 2126 3306 vocem
2154 3251 2388 3323 queruli,
2419 3254 2548 3308 dum
2574 3266 2634 3308 se
2662 3262 2852 3323 aptant
2881 3254 3121 3309 membra
3145 3252 3329 3308 soluti.

1563 3486 1787 3544 CAPUT
1820 3482 1957 3539 Vlll.

1114 3595 1192 3653 De
1220 3608 1398 3655 sancto
1428 3600 1705 3655 Benedicto
1733 3610 1779 3655 et
1809 3596 1988 3651 mur’tis
2010 3593 2124 3666 ejus
2152 3594 2448 3653 miraculis.

206 3706 387 3763 Laude
417 3708 525 3778 poli
552 3708 772 3780 dignum
801 3711 1007 3766 meritis
1027 3726 1190 3781 super
1218 3714 1419 3767 tetliera
1448 3724 1658 3780 notum,

142 3799 385 3869 Syrmate
412 3801 658 3872 Gregorii
692 3802 975 3872 lepidoque
998 3804 1269 3859 volumine
1292 3805 1513 3870 cultum,

142 3890 246 3955 Qua
275 3890 545 3946 celebrem
586 3892 764 3947 stolidi
796 3894 1144 3950 Benedictum
1179 3894 1335 3950 laude
1363 3896 1633 3953 feremus?

142 3981 358 4036 Cliinata
400 3997 496 4053 per
520 3984 705 4036 mundi
733 3995 925 4039 cuncto
948 3986 1267 4039 venerabilis
1300 3986 1416 4041 orbi

144 4075 237 4143 Qui
271 4077 489 4132 radians
520 4078 722 4133 Christi
758 4095 961 4134 cuneos
984 4080 1049 4112 '“
1079 4082 1146 4135 ad
1177 4082 1354 4136 sidera
1389 4084 1573 4139 mittit.

144 4166 237 4233 Qui
269 4185 401 4238 puer
429 4169 536 4223 alta
568 4169 771 4239 legens,
805 4172 936 4225 vicit
968 4173 1164 4241 probra
1198 4176 1361 4228 corde
1386 4177 1562 4239 senili;

144 4256 271 4311 Dum
305 4261 486 4313 mundi
518 4260 679 4315 flores
708 4271 766 4315 ut
787 4261 1021 4331 pulveris
1056 4266 1203 4318 arida
1235 4266 1471 4330 calcans,

146 4350 488 4420 Splendmem
518 4352 733 4421 generis
767 4354 953 4407 tumidi
986 4371 1106 4408 cum
1139 4355 1255 4410 lucc
1287 4357 1484 4426 leporis

147 4438 379 4507 Spernit,
402 4450 457 4495 et
481 4441 715 4496 incultus
743 4445 1019 4513 sapienter
1052 4447 1197 4499 culta
1241 4448 1573 4518 reliuqttem,

148 4527 323 4584 Rebus
349 4546 469 4584 cum
504 4532 697 4585 studiis
724 4535 843 4587 εαξη
874 4536 1006 4602 petit
1034 4537 1200 4589 ardua
1234 4538 1435 4591 missis.

150 4618 289 4691 (20!)
314 4618 537 4690 Quoque
559 4623 762 4688 animo,
794 4639 955 4693 quam
979 4635 1159 4680 mente
1179 4627 1268 4695 pia
1292 4626 1567 4696 m,‘probat
1594 4630 1735 4684 εκ·ιό

1470 4716 1677 4791 [μηδ’.
1761 4764 1810 4825 D
1837 4710 2194 4782 lrrepeusque
2226 4711 2424 4781 adytis,
2450 4714 2653 4782 patitur
2676 4715 2761 4768 vix
2795 4725 3011 4786 pectore
3040 4718 3235 4781 claudi,

1840 4804 2259 4825 ,ηηηηημηη
2289 4803 2451 4825 __..____
2900 4811 2947 4825 ..
2998 4808 3032 4825 ,ο

149 4793 369 4867 Ipsaque
406 4815 531 4855 mox
564 4813 716 4857 actus
743 4804 907 4858 etiam
941 4805 1234 4874 prmeuntia
1263 4807 1436 4878 signa,

152 4884 213 4938 Et
237 4888 458 4944 solidata
491 4894 761 4961 capisterii
793 4893 1029 4950 fractura
1062 4897 1241 4961 soluti,

154 4976 366 5035 Venmsi
396 4983 518 5052 fuga
546 4988 798 5049 rumoris,
830 4990 1119 5057 nutrixque
1147 4989 1356 5055 relicta,

156 5068 403 5129 Secessus
424 5077 617 5142 eremi,
643 5077 862 5147 soloque
893 5082 1129 5135 habitata
1164 5097 1260 5152 per
1280 5096 1451 5134 annos

156 5158 284 5188 'r.nn
316 5179 501 5188 ...ς-ρ---
557 5168 687 5188 εκγμκ
862 5169 898 5188 τι

1838 3709 2197 3778 Pastoresque
2230 3709 2281 3761 in
2307 3723 2435 3762 oves
2465 3707 2655 3762 mutati
2686 3710 2847 3764 corda
2880 3708 3073 3773 ferina,

1904 3801 2015 3857 Nec
2063 3812 2243 3855 tamen
2292 3800 2396 3854 hac
2438 3808 2675 3857 tentator
2724 3801 2901 3868 abest,
2952 3800 3303 3871 refugamque
3352 3804 3430 3857 la-

3173 3892 3360 3964 [cessit

1833 3981 2065 4052 Flagitii,
2094 3980 2408 4051 facibusque
2429 3980 2665 4037 libidinis
2693 3997 2729 4036 ιι
2750 3997 2853 4037 νοτε
2874 3982 3117 4038 membra

1834 4074 1921 4129 M0
1954 4074 2157 4127 tilicata
2190 4083 2363 4143 parat,
2389 4074 2595 4128 viscum
2627 4075 2956 4145 laqueosque
2980 4078 3243 4135 columba:

1833 4166 2081 4221 Culmina
2114 4174 2468 4235 transgressae
2496 4169 2877 4239 mundanaque
2916 4186 3043 4225 arce
3077 4172 3301 4242 relapsa

1834 4255 1961 4310 Ales
1991 4271 2145 4309 avem
2177 4257 2330 4323 nigra
2362 4257 2628 4311 candente
2654 4257 2725 4289 ’"
2746 4261 2879 4328 petit
2910 4261 3153 4329 improba
3182 4264 3388 4328 mitem,

1836 4346 1998 4402 Tetra
2026 4363 2233 4402 venena
2266 4348 2457 4402 animze
2474 4349 2812 4418 nigrantibus
2838 4352 3034 4407 incutit
3055 4353 3157 4408 alis
3185 4372 3200 4407 :

1837 4436 1941 4492 Sed
1965 4438 2146 4492 erucis
2174 4440 2237 4491 a-l
2270 4438 2480 4508 signum
2506 4454 2706 4495 vacuas
2733 4443 2960 4498 discedit
2983 4445 3034 4498 iu
3064 4461 3247 4499 auras.

1837 4528 2032 4582 Pectus
2065 4530 2403 4598 inexpertum
2432 4529 2767 4585 ﬂammarum
2786 4532 2932 4600 jacta
2959 4536 3185 4606 fatigant

1838 4621 2077 4691 Spicula,
2102 4631 2158 4675 et
2187 4621 2460 4675 obsessam
2485 4623 2650 4677 vallat
2680 4626 2759 4678 vis
2793 4627 2942 4696 ignea
2976 4641 3235 4693 mentem,

1838 4804 2263 4873 lucrcsceusque
2286 4803 2476 4866 alttun,
2504 4817 2917 4876 consumpserat
2939 4808 3123 4862 intima
3156 4824 3303 4879 gazae
3336 4810 3432 4878 ⁸³⁸,

1837 4894 1901 4948 Ni
1946 4906 2194 4951 servator
2220 4914 2382 4966 opum
2408 4898 2476 4929 ³¹⁶
2510 4900 2629 4953 caeli
2662 4910 2870 4955 secreta
2919 4910 3194 4970 petentqu

1838 4987 2033 5045 lndeus
2068 4990 2377 5056 consilium,
2407 4993 2652 5045 dextram
2680 4994 2780 5047 sob
2807 5009 2979 5064 agone
3017 4994 3253 5050 tulisset.

1841 5078 1977 5135 Dum
2006 5081 2250 5152 veprium
2283 5082 2522 5136 stimulis
2546 5084 2867 5138 cohibentur
2897 5085 2998 5139 tela
3024 5085 3247 5152 furoris,
