3908 5426
127 339 228 398 sta
335 307 354 361 ‘-
462 399 490 410 ,,
565 305 581 412 ξ
686 334 775 389 DE
801 331 1076 390 cnmsrt
1115 325 1494 388 ramuntis
1531 325 1668 384 APU

1846 325 2038 382 ιιιΑιιι
2077 327 2260 384 Limn
2290 315 2521 386 χινςέ-
2552 329 2678 389 LIB.
2715 327 2851 390 xm.
3284 332 3389 392 sto

567 467 571 490 ;
1574 437 1805 495 CAPUT
1844 439 1939 494 XI.

1452 550 1532 606 De
1556 563 1738 606 sancto
1772 551 2088 624 Frigdt'ano.

261 693 428 765 cuius
457 690 661 763 vigoris
683 683 956 758 Frigdiani
984 684 1248 742 sanctitas
1739 673 1792 732 Α
1958 687 2065 744 Sed
2098 702 2198 744 nec
2227 687 2434 744 minore
2461 690 2693 744 comitur
2719 690 2989 747 Placentia

262 785 483 840 Lucana
507 796 742 837 vernans
777 778 986 834 fulserit
1015 779 1113 833 sub
1139 777 1383 846 regmina
1960 776 2170 842 Nitore,
2207 779 2599 847 comprimente
2629 782 2867 852 turgidas
2895 781 3044 838 Pado

261 877 516 938 Flumen,
553 880 768 928 meatus
801 870 1063 926 derelicto
1093 869 1334 932 tramite,
1960 867 2256 941 Lymphas,
2293 869 2478 928 Sabini
2513 873 2760 943 mitigato
2783 874 2977 931 litteris

260 967 519 1022 Bastrum
541 962 782 1034 iubentis
808 970 1152 1032 prosecutum
1187 959 1466 1030 praadicat,
1964 957 2192 1018 Parente
2212 960 2366 1031 jusso
2391 962 2672 1034 prtesulari
2701 963 2944 1021 ﬂumine.

263 1061 434 1118 Sueta
460 1074 692 1133 parcens
717 1058 981 1129 dissipare
1015 1056 1236 1128 praedia.

1587 1193 1815 1252 CAPUT
1855 1195 1970 1254 XII.

1369 1303 1442 1360 De
1463 1316 1647 1362 sancto
1676 1305 1975 1377 Populonia
2011 1309 2186 1380 (205).

126 1449 294 1515 Quam
334 1444 474 1500 vix“
502 1440 732 1498 celebris
761 1441 1035 1512 quondam
1066 1441 1396 1512 ρορυιοηίηε
1423 1443 1640 1514 hospes,
1821 1422 2053 1494 Insignis
2087 1425 2296 1495 trepido
2327 1423 2578 1481 instantis
2603 1425 2913 1483 discrimine
2943 1427 3098 1495 Iethi,

126 1539 292 1607 Quam
321 1544 592 1607 praestans
620 1534 830 1589 meritis
853 1533 1050 1604 praesul
1081 1533 1381 1590 Cerbonius
1409 1533 1533 1589 altis
1820 1517 1986 1588 ιιιίιιιθ
2012 1518 2130 1600 CIC“
2155 1520 2332 1590 δρειίο
2355 1520 2590 1588 Clausus.
2616 1522 2858 1578 fervente
2883 1525 3062 1581 68'01‘8

129 1629 236 1684 Rex
263 1627 479 1684 Gothus
508 1634 808 1690 attentans,
835 1639 964 1679 urso
993 1632 1352 1690 monstrante,
1379 1633 1576 1691 tuetur,
1823 1608 2068 1674 Sidere":
2097 1621 2270 1668 ῑοοῐυε
2288 1615 2384 1668 sed
2408 1614 2549 1670 ηυδε
2579 1624 2797 1684 repente
2823 1631 3048 1672 corusca

128 1717 587 1786 Concelebratqne
619 1715 794 1770 virum
829 1715 921 1770 tali
949 1714 1168 1770 doctore
1196 1716 1434 1781 beatum,
1822 1703 2184 1774 Τεττῑὺίιίίιιιθ
2211 1704 2342 1762 feris
2371 1708 2664 1778 "1519""er
2688 1718 2871 1764 luenle
2898 1709 3148 1768 clientem

129 1809 292 1876 Quem
322 1819 450 1863 ιι-ιιι
479 1815 769 1863 censuerat
793 1805 1004 1861 beluina
1029 1806 1186 1861 fauce
1207 1807 1528 1862 vorandum.
1826 1791 2184 1856 Fulminibus,
2210 1810 2330 1862 qua:
2353 1797 2530 1852 vincla
2558 1797 2707 1870 fugat
2729 1801 2982 1870 pellitque
3007 1815 3302 1867 coronam;

129 1897 373 1952 Flamine
396 1912 558 1968 quem
585 1905 779 1952 sancto
805 1895 968 1952 funus
989 1897 1230 1966 viguisse
1263 1897 1504 1966 resignat

1751 1953 1798 1968 ἣ
1827 1883 2184 1956 Depulsisque
2213 1887 2353 1958 lupis
2381 1891 2525 1945 aries
2552 1899 2661 1945 stat
2690 1891 2891 1948 vellere
2915 1893 3082 1958 sicco,

130 1989 264 2044 Ante
294 1953 484 2060 fugalm
510 1997 681 2057 parm
701 1985 914 2055 jussum
945 1953 1251 2041 revgcarier
1282 1953 1432 2040 ιιι-[ἴω
1457 2003 1472 2042 :
1751 1953 1800 2013 Β
1830 1953 2160 2035 Τυήτὺὶηἰδιιε
2186 1953 2311 2035 duin
2342 1991 2541 2037 cuncta
2570 1983 2820 2050 madent,
2846 1985 2975 2040 dum
3005 1953 3149 2040 saeva
3181 1981 3383 2043 fatiscit

130 2078 397 2134 Imbribus
425 2076 728 2132 accinctum
759 2076 905 2131 sicco
934 2075 1030 2130 sed
1063 2077 1294 2145 tegmine
1324 2075 1519 2143 latum,
1829 2067 2062 2127 (Emere
2094 2073 2234 2128 victa
2259 2074 2427 2140 acies,
2455 2085 2643 2144 pastor
2667 2091 2776 2147 quo
2807 2077 3049 2148 regmine
3075 2086 3224 2134 tutus

133 2169 391 2226 Hostibus
416 2169 677 2233 advectis,
707 2167 908 2238 gerulis
938 2168 1004 2222 ad
1027 2167 1175 2238 jussa
1207 2168 1457 2224 revectis.
1829 2165 2028 2221 Ilostcs
2054 2165 2377 2238 prosubigit,
2406 2167 2676 2223 victorum
2716 2169 2912 2224 robora
2934 2168 3122 2235 vincit,

131 2260 238 2320 Nec
265 2265 454 2319 minus
476 2261 676 2318 eﬁ‘ulsit
704 2261 1018 2333 Fulgentius
1042 2261 1420 2327 Utriculensis,
1830 2254 2080 2311 Culmina
2107 2257 2425 2325 prosternit,
2458 2258 2658 2330 frangit
2683 2259 2986 2330 subicitque
3011 2270 3299 2333 tyrannum

132 2354 386 2427 Prodigio
422 2353 610 2421 simili,
635 2353 730 2424 sed
761 2354 942 2410 adhuc
972 2353 1220 2409 mortalia
1249 2361 1491 2426 gestans.
1833 2347 2124 2404 Mitilicans
2145 2363 2327 2405 acrem
2354 2348 2496 2406 ctelo
2517 2349 2806 2408 minitante
2826 2349 3060 2408 leonem.

1578 2482 1806 2539 CAPUT
1833 2480 1974 2548 XIII;

1460 2598 1538 2654 De
1564 2608 1745 2654 sancto
1770 2595 2093 2653 Herculani).

269 2727 440 2800 Cuius
467 2727 678 2801 rugitus
707 2723 1068 2784 llerculanum
1099 2745 1375 2786 murmure
1973 2726 2232 2800 Cuttsque
2257 2726 2446 2784 abacta
2473 2727 2717 2785 reclivite
2743 2737 2896 2801 grata
2925 2738 3168 2803 tergora;

268 2822 538 2879 Perusina
567 2838 766 2878 caesum
801 2824 1175 2878 contremiscit
1203 2822 1510 2893 praesulem,
1973 2816 2146 2873 Simul
2175 2819 2353 2874 soluto
2385 2820 2589 2875 conditi
2621 2820 2889 2877 cadavere

269 2912 470 2967 Hirata
502 2911 670 2967 functi
703 2913 838 2970 colla
867 2920 1016 2969 secta
1050 2915 1304 2984 martyris
1971 2907 2127 2963 Pueri
2153 2918 2397 2965 scatente
2425 2911 2690 2966 vermium
2719 2911 3033 2981 putredine;

272 3003 521 3060 Solidata
549 3018 740 3060 rursus
769 3019 834 3060 ac
859 3013 1045 3059 coacta
1074 3003 1314 3072 corpori,
1973 2997 2132 3054 Senis
2157 2997 2360 3065 micare
2395 3000 2637 3056 membra
2662 3008 2788 3070 post
2811 3009 3004 3071 quater
3038 3001 3154 3060 dies

273 3096 434 3154 Loris
457 3105 674 3154 resecta
694 3095 1006 3155 reﬂoruisse
1033 3096 1268 3164 viscera,
1974 3089 2173 3148 Decem
2205 3091 2458 3148 reductos
2483 3106 2582 3149 ceu
2605 3093 2693 3149 die
2720 3092 2894 3165 prima
2918 3096 3116 3153 exitus.

1550 3248 1780 3307 CAPUT
1821 3249 1962 3305 XIV.

1393 3355 1471 3415 De
1505 3375 1688 3418 sancto
1721 3362 1878 3419 Isaac
1902 3361 2179 3418 monacho.

140 3493 422 3565 Spoletum
451 3505 486 3547 e
509 3489 666 3562 Syria
695 3489 872 3560 qualis
898 3490 1212 3560 perdueitur
1238 3505 1435 3561 nospes
1757 3479 1804 3542 C
1837 3495 2060 3565 Quoque
2089 3493 2291 3550 caduca
2321 3491 2494 3564 magis
2517 3492 2717 3562 renuit,
2746 3510 3003 3552 mansura
3042 3499 3296 3569 capessit.

140 3585 483 3654 Almipotens
519 3583 672 3637 Isaac
704 3583 908 3652 reperit
933 3581 1194 3652 Gregoria
1223 3583 1377 3654 virgo
1833 3586 1966 3640 Mira
1997 3595 2180 3654 patrat
2203 3586 2436 3655 divoque
2465 3587 2654 3656 vigens
2679 3587 2973 3657 Spiramine
3000 3589 3186 3644 claret.

139 3669 341 3729 Tutore
368 3675 474 3730 hoc
512 3672 769 3728 thalamis
798 3671 1012 3742 fugiens
1036 3670 1256 3726 defensa
1289 3672 1538 3741 petulcis,
1835 3674 1961 3730 "33¢
1985 3674 2192 3728 olerum
2228 3673 2377 3729 fures
2405 3675 2678 3743 quondam
2708 3674 2924 3731 fervore
2944 3679 3259 3747 probantes,

141 3764 440 3838 Terrigena
459 3773 677 3836 tempto
705 3765 816 3832 regi
849 3779 968 3835 quae
991 3763 1236 3836 jungitur
1271 3767 1477 3821 aethrae.
1834 3763 2039 3818 Mutato
2066 3765 2260 3820 rastris
2287 3765 2513 3831 instant,
2540 3766 2631 3836 qui
2657 3765 2799 3821 furta
2822 3766 3113 3838 petebant:

141 3857 319 3916 Sentit
341 3870 398 3916 et
420 3861 654 3917 aedituus
681 3861 824 3916 votis
854 3859 1100 3915 infensus
1127 3862 1352 3930 opimis,
1835 3860 2003 3918 Part0
2033 3875 2092 3916 se
2119 3860 2380 3932 subigunt
2402 3862 2553 3930 operi
2581 3863 2635 3917 in
2667 3864 2941 3920 contraria
2971 3866 3137 3929 versi,

139 3948 390 4019 lmproha
416 3965 542 4005 mox
567 3949 759 4019 palma:
784 3949 872 4004 cui
897 3949 1063 4018 ﬂagra
1095 3951 1335 4004 coercuit
1365 3949 1512 4004 ultor
1839 3949 1974 4006 Vota
2010 3949 2094 4005 sui
2121 3949 2272 4004 obliti
2299 3958 2618 4022 secretaque
2641 3950 2796 4021 jussa
2833 3955 3026 4019 secuti,

143 4037 349 4104 Hostis,
379 4040 644 4109 agonistze
671 4039 888 4095 virtutis
919 4039 1163 4108 proditor
1182 4038 1338 4104 alta,
1840 4040 2082 4096 Crimina
2112 4049 2437 4108 temnentes,
2463 4042 2684 4112 pietatis
2709 4044 2891 4099 munia
2929 4044 3140 4110 dantes,

141 4129 290 4186 Illico
321 4131 659 4201 pellendum,
687 4141 912 4200 experto
942 4145 1001 4187 se
1027 4131 1219 4196 milite,
1247 4143 1519 4200 promens.
1841 4132 2105 4203 Quodque
2138 4135 2340 4204 probro
2371 4135 2578 4206 petiere
2605 4136 2773 4208 proba
2800 4139 3050 4194 mercede
3076 4143 3388 4209 reportant,

141 4222 408 4278 Certatim
433 4222 561 4279 dum
592 4221 766 4277 fertur
791 4222 986 4288 honos,
1019 4223 1145 4278 dum
1176 4237 1400 4277 munera
1427 4236 1556 4277 rura
1842 4224 2156 4301 Gaudentes
2184 4226 2368 4296 operis
2397 4226 2618 4298 inopino
2645 4241 2872 4284 munere
2893 4229 3086 4286 functi.

139 4311 351 4368 Cuncta
378 4311 559 4369 oblata
590 4312 752 4384 fugit,
772 4313 858 4367 vir
883 4313 1218 4383 paupertatis
1245 4312 1478 4376 amicus,
1843 4314 1936 4370 Sic
1962 4316 2130 4372 etiam
2161 4316 2430 4374 simulatis
2453 4318 2641 4388 inopes
2673 4318 2852 4376 aliena
2874 4326 3121 4391 petentes

142 4405 362 4483 Deserit
385 4403 680 4470 urbicolas,
701 4405 833 4474 legit
854 4405 1037 4460 abdita
1060 4403 1234 4460 lustra
1271 4403 1534 4461 ferarum.
1840 4407 2066 4480 Propria
2096 4410 2332 4467 contecti
2363 4421 2640 4485 segmenta
2668 4413 2874 4484 pudore
2899 4424 3204 4486 capessunt.

131 4496 247 4569 'llic
283 4512 498 4568 quoque
524 4497 819 4569 discipulis
837 4497 1030 4554 callem
1054 4497 1388 4553 sectantibus
1432 4505 1644 4552 arctum
1837 4501 2078 4558 Portitor
2110 4503 2306 4557 inﬁdus
2334 4503 2420 4559 sic’
2437 4519 2533 4558 ora
2563 4505 2764 4560 rubore
2793 4506 2995 4560 salubri

145 4587 379 4644 Sumere
403 4589 672 4659 depensos
697 4589 765 4645 ad
803 4588 1008 4645 victum
1037 4603 1230 4644 suasus
1259 4588 1483 4659 agellos,
1841 4592 2084 4662 Eripitur
2110 4593 2323 4664 plexus,
2348 4593 2576 4649 horrore
2604 4609 2635 4648 a
2668 4593 2858 4649 funere
2887 4603 3056 4651 tutus.

143 4677 297 4734 Vitat
323 4682 635 4752 pauperiem
661 4697 675 4734 :
702 4689 950 4736 metuens
987 4696 1056 4735 ne
1077 4681 1330 4751 perderet
1364 4680 1593 4745 almam;
1839 4681 1987 4749 Quas
2015 4683 2236 4738 virtutis
2259 4697 2392 4752 opes
2428 4699 2811 4754 nonnunquam
2838 4683 3040 4741 invicta
3071 4680 3321 4754 tege-bant

145 4767 435 4826 Cratestem
465 4785 573 4827 non
611 4784 734 4827 esse
769 4769 949 4828 latens
975 4771 1070 4842 qui
1102 4779 1280 4827 terrea
1309 4771 1524 4843 quierit.
1766 4764 1818 4824 D
1843 4769 2073 4839 Gaudia,
2105 4786 2403 4843 pugnacem
2433 4773 2666 4829 stimulis
2691 4771 2962 4829 servantia
2989 4781 3227 4833 mentem

1601 4923 1829 4981 CAPUT
1869 4923 1985 4979 XV.

1284 5030 1362 5090 De
1390 5036 1587 5090 sanctis
1630 5037 1903 5092 Florentio
1930 5049 1978 5092 et
2016 5038 2297 5092 Euluchio.
