3908 5426
561 249 666 308 847
719 211 722 214 ἢ
1247 251 1637 308 FLODOARDI
1664 252 1980 310 CANONICI
2027 251 2374 310 REMENSIS
2414 252 2783 313 OPUSCULA
2807 256 3133 315 METRICA.
3709 264 3782 320 848

553 366 730 436 Atque
753 365 1139 432 venenifcram,
1163 365 1359 421 sternit
1385 366 1708 436 perimitque
1739 381 2016 422 coronam.
2085 438 2087 441 τ
2163 377 2211 434 Α
2240 363 2506 418 Panditur
2536 366 2750 436 expleto
2781 369 2941 422 claris
2967 370 3266 426 certamine
3293 372 3486 443 signis.

553 460 758 513 Caetera
781 459 1043 528 qumrenti
1082 455 1341 529 suffragia
1365 467 1515 514 certa
1547 468 1810 528 parantur
2236 455 2356 527 Ipsa
2387 457 2552 512 etiam
2582 460 2746 514 vestis
2775 460 2960 514 divino
2991 477 3212 516 munere
3241 464 3394 517 testis

551 549 868 621 Plumigerae
895 551 1076 605 subito
1100 550 1273 605 series
1304 549 1506 620 perlata
1535 550 1779 604 cohortis
2234 545 2480 613 Accedit,
2519 550 2731 604 meri.is
2759 561 3008 606 avertere
3039 554 3265 609 vindicis
3295 557 3430 610 iram

549 638 763 694 Funera
791 640 907 694 dira
938 639 1122 694 levans
1154 648 1208 693 et
1237 639 1483 693 tristibus
1521 638 1657 691 atria
1691 653 1928 708 purgans
2236 638 2422 706 Sucta,
2454 641 2636 697 calore
2668 644 2989 714 hyperionio
3019 646 3365 717 flagrantibus
3388 649 3560 713 arvis,

549 729 863 800 Eulyehius,
898 745 1122 784 consors
1154 728 1205 782 in
1237 727 1371 782 calle
1399 743 1629 797 superna
1658 725 1872 797 petente
2238 729 2404 795 Dum,
2438 731 2648 800 prolata
2679 734 2890 803 replens
2927 736 3164 791 sitientia
3195 754 3320 792 rura
3351 740 3600 803 madore.

549 819 739 888 Hujus,
773 828 1072 874 turmarum
1103 821 1208 873 dux
1233 819 1634 887 instrnctorque
1665 818 1873 888 piarunt
1894 859 1909 882 ,
2237 820 2464 878 Nursica
2499 823 2744 879 fecundis
2777 826 3064 898 locupletat
3093 832 3291 897 pra‘dia
3320 831 3543 885 nimbis.

547 910 665 978 Qua
690 912 958 982 probitate
986 923 1177 982 regens
1200 911 1415 966 animas
1437 910 1503 966 ad
1528 910 1672 965 celsa
1703 908 1908 964 vocarit

1961 1057 2190 1118 CAPUT
2224 1060 2360 1117 XVI.

1886 1151 1962 1207 De
1997 1165 2178 1208 sancto
2216 1147 2467 1209 M’artino.

545 1281 773 1340 Marsica
806 1283 1017 1340 Martini
1043 1282 1168 1355 juga
1197 1298 1546 1352 promeruere
1578 1282 1879 1352 triumphos

1807 1297 1879 1339 ,οε
2238 1267 2329 1324 Sic
2355 1267 2484 1323 victi
2519 1265 2679 1324 furiis
2706 1269 2932 1325 victoris
2961 1270 3131 1340 gloria
3161 1268 3350 1326 claret.

545 1375 697 1442 Saepe
724 1375 906 1430 videre
928 1376 1065 1445 geri,
1093 1375 1262 1429 subici
1292 1374 1395 1428 atri
1435 1373 1570 1428 colla
1600 1373 1855 1427 draconis
2234 1363 2333 1420 Cui
2362 1364 2430 1419 de
2457 1380 2586 1435 rupe
2613 1363 2796 1420 ferens
2827 1365 3006 1434 prisco
3037 1368 3234 1420 undam
3265 1379 3492 1420 munere
3513 1362 3748 1420 Christus

539 1467 748 1524 Pellere
775 1469 1056 1538 praestanti
1087 1469 1311 1522 nitentis
1338 1467 1465 1522 sede
1493 1466 1802 1520 columnam
2233 1458 2406 1525 Quam
2435 1458 2601 1512 charo
2633 1457 2890 1512 famulum
2917 1459 3076 1512 docet
3103 1457 3467 1528 amplectatur
3495 1472 3674 1512 amore
3704 1498 3718 1511 .

539 1559 786 1616 Caelestis
814 1560 978 1615 rutilo
1000 1561 1125 1614 vitae
1152 1559 1440 1630 splendore
1467 1559 1757 1612 nitentem.
2229 1550 2394 1620 quue
2421 1551 2699 1619 repentina
2731 1550 3015 1606 muliebria
3041 1550 3150 1604 fata
3175 1551 3332 1604 ruina

537 1651 728 1706 Securi
765 1643 1032 1722 siquidem
1061 1652 1352 1722 penetrans
1373 1668 1472 1722 per
1499 1653 1692 1707 crebro
1724 1650 2009 1713 latebram.
2229 1641 2522 1698 NOIiﬁcanl
2545 1642 2750 1696 13353558
2779 1642 2946 1696 Deum
2974 1657 3094 1711 quae
3115 1641 3253 1695 1335i!
3281 1640 3563 1694 alumﬂﬂm
3587 1655 3603 1692 τ

533 1742 718 1814 Jungit
745 1759 804 1799 se
833 1754 1008 1800 strato
1034 1747 1320 1815 precibus,
1355 1747 1690 1814 tendensque
1721 1753 2014 1798 tremorem
2227 1731 2339 1788 Nec
2372 1735 2551 1788 minus
2581 1743 2637 1788 θι
2664 1732 2818 1803 Pueri
2849 1733 2982 1802 Ρτοίι
3011 1732 3146 1786 mira
3180 1731 3372 1786 τειδιίο
3403 1731 3540 1800 ιοβεί

533 1834 780 1891 lncutere
803 1838 980 1892 oranti
1011 1838 1232 1892 vinceda
1261 1838 1437 1892 thema
1471 1837 1744 1893 ministret
1771 1835 1977 1906 (205‘);

2153 1868 2196 1927 Β
2229 1821 2332 1877 I‘er
2362 1823 2587 1877 scabros
2615 1831 2727 1877 tute
2764 1822 3032 1891 scopulos,
3063 1835 3160 1891 per
3181 1836 3352 1892 prona
3379 1822 3619 1876 ruentiS'

532 1923 644 1981 Nec
669 1927 816 1980 valet
843 1927 1104 1982 inlectam
1139 1929 1430 1983 temnentis
1461 1931 1729 1998 str'ngere
1755 1941 2007 1990 carnem;

1932 1942 2007 1990 m;
2157 1911 2196 1927 "
2229 1913 2396 1983 Rupis
2424 1921 2478 1967 et
2512 1912 2714 1966 avulsae
2736 1911 2904 1966 saltus
2936 1927 3099 1981 super
3124 1913 3281 1967 obvia
3313 1920 3475 1978 tecta,

534 2012 852 2085 Titanisque
883 2015 972 2069 ubi
1007 2025 1089 2070 ter
1113 2025 1286 2070 metas
1317 2016 1586 2069 consumit
1613 2017 1792 2080 inane,

2227 2003 2550 2070 Speluncam
2583 2002 2756 2072 patris
2778 2002 3010 2070 impulsu
3047 2018 3115 2057 ne
3145 2002 3365 2057 laederet
3394 2013 3558 2063 actae:

533 2103 807 2158 Accensus
826 2101 1216 2175 'Phlcgetonttei
1248 2105 1457 2158 fervore
1488 2103 1689 2158 furoris

2224 2092 2341 2162 ipsa
2375 2103 2567 2147 catena
2594 2093 2807 2162 pedem,
2836 2093 3112 2147 Benedicti
3141 2092 3206 2146 ad
3229 2091 3385 2160 jussa
3413 2092 3701 2158 resolvens,

532 2195 744 2250 Ενοιηίι
767 2195 1054 2249 horriﬁcas
1081 2197 1283 2249 devexa
1317 2209 1416 2264 per
1443 2195 1582 2248 invia
1609 2195 1877 2258 ﬂammas,
2228 2185 2378 2255 Saepe
2416 2184 2687 2240 fatiscenti
2721 2185 2907 2238 tribuit
2929 2199 3048 2253 qua:
3075 2185 3270 2239 robora
3299 2186 3438 2239 recti

532 2284 681 2338 Dans
705 2284 898 2339 sesein
922 2282 1164 2354 praeceps
1191 2283 1396 2354 sparsis
1426 2301 1652 2340 nemora
1684 2285 1900 2356 ignibus
1923 2297 2112 2338 urens:
2225 2277 2597 2348 Funiculoque
2633 2277 2781 2332 dedit
2808 2277 2937 2332 ferri
2977 2275 3207 2330 traxisse
3239 2275 3501 2347 vigorem.

1962 2396 2186 2454 CAPUT
2220 2395 2386 2452 XVII.

1573 2512 1652 2567 De
1688 2513 1946 2568 monacho
1983 2512 2190 2566 nomine
2220 2505 2660 2578 Qua‘ragesimo.

529 2629 659 2696 Quis
689 2631 871 2701 quanti
900 2631 1080 2685 meriti
1108 2631 1194 2685 cui
1237 2629 1694 2700 Quadragesimus
1720 2632 1920 2700 hospes
2220 2626 2448 2681 Pulvere
2479 2623 2694 2678 vivifico
2728 2636 2956 2693 surgens
2990 2620 3188 2690 probat
3215 2635 3312 2675 ora
3340 2619 3564 2675 fricatns

530 2721 784 2776 Extiterit
839 2721 1156 2788 monachus,
1214 2721 1428 2792 fugiens
1478 2721 1816 2776 venerandus
1857 2723 2112 2783 honores,
2223 2717 2324 2772 Vix
2351 2715 2496 2769 letho
2525 2711 2778 2783 precibus
2807 2711 3231 2780 raptuslueique
3262 2711 3537 2765 reduetus.

1928 2830 2167 2886 CAPUT
2210 2828 2392 2883 XVIII.

1722 2920 1802 2976 De
1825 2919 2109 2976 Benedicto
2142 2919 2398 2975 monacho
2425 2926 2472 2971 et
2499 2914 2680 2969 Mena.

521 3051 829 3124 Campanus
853 3071 1068 3127 quoque
1105 3071 1266 3127 quam
1295 3057 1453 3113 nituit
1480 3052 1806 3112 Benedictus
1835 3057 1902 3112 ab
1924 3057 2055 3129 igne
2215 3053 2461 3111 Defensa:
2486 3049 2812 3120 proﬁtentur
2836 3062 2990 3117 apes,
3022 3060 3331 3118 pressaeque
3357 3047 3576 3119 rapinae,

523 3143 784 3200 Criminis
811 3147 1090 3212 immunis,
1122 3149 1305 3202 hostili
1343 3149 1594 3216 panditur
1623 3150 1746 3217 igne
2217 3147 2429 3217 Spretis
2457 3144 2724 3214 supplicio
2752 3144 2932 3198 verbis
2968 3145 3186 3197 invasor
3213 3145 3461 3207 adactus,

525 3231 732 3286 Cmtera
761 3244 1037 3290 vastantes
1065 3236 1277 3290 flamma
1310 3247 1594 3304 superante
1623 3251 1848 3306 vapores
1880 3254 1895 3304 ;
2138 3250 2182 3310 ρ
2216 3237 2494 3293 Mansuete
2519 3236 2633 3291 fera
2665 3251 2832 3305 prona
2865 3250 3072 3295 manus,
3109 3245 3231 3288 trux
3261 3234 3510 3289 subditus
3536 3230 3720 3289 hostis.

525 3322 788 3377 Iudicium
829 3325 1038 3379 accedit
1065 3326 1244 3394 potius
1272 3325 1518 3380 fervente
1545 3325 1729 3380 furore
2215 3329 2453 3400 Subjecti
2487 3327 2671 3382 ferula:
2701 3327 3039 3381 fremebundi
3066 3327 3306 3380 czedibus
3337 3326 3450 3380 ursi

526 3412 744 3470 Invicta:
761 3414 1057 3484 probitatis
1079 3431 1216 3486 opus
1244 3415 1465 3472 fornace
1493 3418 1780 3486 probante,
2212 3422 2443 3477 Ctesoris
2469 3420 2679 3476 lenibus
2710 3419 2978 3486 fugientes
3004 3417 3158 3472 mella
3183 3417 3430 3484 ﬂagellis.

522 3503 748 3574 Quoque
775 3506 951 3575 magis
975 3507 1176 3575 petitur
1208 3504 1470 3562 furiarum
1497 3508 1724 3562 ardente
1747 3507 1952 3575 calore,
2215 3512 2440 3568 Incestis
2471 3511 2711 3580 trepidus
2745 3511 2980 3564 latitanti
3011 3525 3236 3564 munere
3265 3510 3432 3565 caulis

525 3593 635 3646 Hoc
663 3593 835 3663 magis
863 3592 1124 3664 effulgens
1152 3595 1274 3648 auri
1309 3597 1620 3664 resplendet
1646 3598 1874 3662 honore,
2213 3601 2520 3671 Deprensus
2545 3600 2768 3655 sceleris
2796 3615 3041 3656 censura:
3064 3599 3185 3654 luce
3210 3608 3490 3668 stuprator

522 3679 636 3736 Non
669 3683 904 3748 audente
929 3699 1061 3754 rogo
1085 3684 1171 3740 vel
1199 3700 1409 3739 summa
1438 3685 1652 3741 fervere
1679 3696 1850 3742 veste.
2217 3691 2435 3760 Hocque
2465 3692 2752 3762 redarguto
2780 3690 2979 3746 servati
3009 3689 3236 3744 crimine
3266 3690 3469 3758 plures.

521 3773 694 3839 Quam
726 3774 896 3831 coluit
924 3784 1117 3830 sancte
1161 3768 1426 3830 Samnitia
1457 3777 1694 3832 culmina
1723 3777 1930 3845 Menas,

1967 3930 2200 3989 CAPUT
2241 3933 2381 3989 xxx.
2629 4007 2631 4009 ι

1139 4038 1216 4098 De
1245 4044 1598 4115 quadraginta
1637 4046 1847 4102 rusticis
1894 4057 1940 4102 et
1971 4048 2046 4102 eis
2079 4048 2168 4118 qui
2213 4057 2366 4116 caput
2413 4061 2586 4114 capra:
2631 4043 2907 4098 noluerunt
2935 4038 3182 4100 adorare.

521 4160 852 4214 Ausonidum
883 4173 990 4228 quo
1009 4159 1350 4214 constiterint
1373 4162 1458 4229 pia
1488 4163 1652 4216 corda
1680 4163 1918 4216 virorum
2206 4162 2316 4217 Aut
2342 4159 2492 4214 necis
2521 4158 2787 4229 asperitas
2819 4157 2984 4212 valuit
3011 4158 3266 4214 divellere
3287 4157 3524 4215 Christo.

524 4251 737 4303 ltohore
767 4248 1013 4303 ruricola:
1049 4257 1316 4303 testantur
1343 4250 1550 4306 viscere
1579 4261 1782 4321 tempto
2208 4252 2305 4306 llic
2333 4267 2547 4321 quoque
2575 4251 2668 4318 qui
2694 4265 2846 4304 caesa:
2877 4249 3116 4303 ridentes
3145 4264 3298 4304 sacra
3323 4251 3538 4318 capella:

521 4338 732 4403 Fortes,
761 4338 1024 4408 sacrilego
1049 4347 1187 4407 quas
1213 4339 1570 4410 quadraginta
1598 4343 1898 4409 prehensos
2205 4346 2338 4400 Dum
2370 4345 2561 4416 capitis
2600 4346 2824 4399 horrent
2846 4359 3002 4398 orare
3026 4345 3217 4398 insana
3247 4344 3458 4414 caprini

521 4431 759 4485 Barbara
787 4445 888 4487 nec
911 4445 1103 4487 manus
1133 4445 1263 4486 ense
1293 4431 1474 4486 minax
1503 4440 1604 4489 nec
1633 4433 1836 4489 funeris
1861 4436 2063 4490 horror
2129 4419 2177 4478 D
2206 4437 2559 4506 Splendorem
2587 4435 2739 4506 regni
2771 4435 3011 4505 capitum
3041 4437 3291 4492 mercede
3315 4447 3593 4506 pararunt.

1919 4592 2147 4650 CAPUT
2203 4593 2325 4647 XX.

1695 4698 1773 4753 De
1803 4705 1996 4756 sanctis
2033 4704 2280 4758 Amantio
2310 4715 2358 4758 et
2386 4702 2632 4760 Florida.

521 4816 694 4883 Quam
716 4811 907 4868 vaiida:
931 4813 1111 4868 senior
1136 4811 1351 4867 virtutis
1375 4812 1660 4867 Amantius
1687 4822 1810 4867 actu
2202 4814 2470 4880 Floridus,
2504 4825 2722 4872 enarrat
2751 4819 2967 4888 dapium
2995 4819 3340 4876 decoramine
3376 4829 3560 4891 pastus

521 4903 876 4974 Simplicitate
898 4902 1078 4958 nitens
1103 4901 1364 4956 eﬁ‘ulserit
1385 4917 1528 4971 aegra
1559 4902 1787 4958 levando
2204 4905 2483 4974 Multiplici
2511 4907 2706 4976 prmsul
2737 4909 2928 4964 crebro
2957 4917 3010 4963 et
3033 4911 3372 4964 saturamine
3407 4912 3606 4981 plenus,

523 4996 690 5050 Tactu
717 4993 956 5048 membra
981 5007 1174 5048 manus
1201 5002 1257 5048 et
1285 4994 1578 5061 apostolico
1608 4994 1748 5048 altus
1776 4996 2004 5061 honore,
2201 4995 2599 5066 Cregoriusque
2621 5007 2795 5066 pater,
2827 5001 3044 5070 Verique
3071 5002 3266 5056 nitoris
3297 5012 3504 5056 amator

522 5087 718 5154 Quam,
747 5085 924 5140 crucis
950 5081 1018 5140 ad
1045 5085 1281 5155 signum,
1301 5085 1480 5138 virosa
1507 5085 1825 5155 extinguere
1849 5087 2006 5141 fortis
2206 5087 2463 5156 Apposito
2485 5089 2680 5157 probat
2706 5089 2897 5146 insano
2921 5091 3179 5161 salvoque
3207 5104 3444 5160 recepto.

1963 5215 2190 5272 CAPUT
2231 5215 2371 5271 XXI.

1977 5305 2052 5362 De
2084 5308 2363 5363 Sanctulo.
