3908 5426
431 264 472 283 ν

103 309 198 368 εις
663 309 752 364 DE
787 308 1059 366 CHRISTI
1095 307 1471 366 TRIUMPIIIS
1495 309 1680 367 APUD
1715 309 1994 368 ITALIAM
2017 309 2202 366 LIBRI
2242 311 2379 366 XIV.
2422 341 2490 352 —
2529 309 2654 367 LIB.
2695 310 2833 367 XIII.
3241 307 3346 363 850

101 427 271 494 Atque
299 424 638 494 importunus
675 422 865 477 Bai-dis
889 424 1226 494 cingentibus
1254 425 1458 480 instans
1698 435 1742 492 Α
1776 425 1892 494 Ipse
1919 425 2194 478 occidendi
2224 433 2475 494 properat
2501 425 2617 480 vice
2640 426 2861 479 tendere
2890 424 3023 478 colla
3051 439 3064 487 ,

99 519 244 586 Quod
276 527 433 586 rogat
463 517 722 585 impertit,
747 515 958 572 confert
985 517 1127 586 quod
1157 533 1399 587 qua-rere
1429 518 1592 584 visus,
1779 517 2174 587 thjectusque
2202 519 2316 571 ensi
2351 517 2597 572 ferientis
2627 519 2869 572 continet
2899 518 3102 581 ulnam,

101 611 306 679 Mitigat
335 609 576 664 infensos
610 609 876 680 placidus,
905 610 1166 679 Ianusque
1196 609 1435 665 furentes
1781 611 2097 680 Elatamque
2136 609 2320 679 gelans
2365 610 2566 665 emollit
2605 610 2765 664 corda
2790 610 3108 677 ,furentum,

83 701 126 774 ,l
145 699 373 755 xbilarat
401 700 782 772 lymphamque
809 715 998 754 serens
1024 701 1152 770 legit
1183 702 1415 770 uuguina
1453 700 1608 765 laeta;
1779 701 1954 770 Atque
1985 716 2121 772 genu
2165 701 2303 755 ﬂexo
2329 703 2568 756 dirorum
2595 713 2812 771 pectora
2843 701 3036 762 flectit.

111 793 364 865 Pluraque
388 793 480 864 qui
519 793 705 863 paucis
734 808 832 864 per
859 808 918 848 se
942 793 1068 848 olim
1104 793 1265 847 millia
1298 794 1446 862 pavit
1784 793 2026 847 Mititicat
2073 795 2289 857 crudos,
2337 803 2549 849 atroces
2589 794 2838 863 SUIilegtil
2883 794 3066 847 hostes

103 882 290 944 Multos
314 898 454 954 pane
492 883 681 940 cibans
707 899 803 953 per
827 898 1042 938 servum
1075 893 1287 938 recreat
1316 897 1424 938 uno
1782 884 2191 953 Absolvensque
2215 901 2386 948 reum,
2415 895 2681 940 temerare
2702 886 2828 938 hinc
2849 893 3034 940 sancta
3062 892 3362 950 vacantem,

102 974 285 1030 Divina
318 974 561 1029 bonitate
585 975 714 1029 dato
738 973 1003 1044 fessisque
1033 983 1246 1045 reperto
1786 974 1994 1029 Dimitti
2017 973 2170 1041 jubet
2198 975 2485 1038 innocuos,
2516 975 2609 1029 dat
2639 974 2791 1029 abire
2822 975 3055 1036 solutos;

99 1064 357 1121 Edicolis
385 1065 490 1121 usti
520 1066 672 1121 testis
696 1067 1071 1135 reparantibus
1100 1067 1301 1133 aulam,
1785 1068 2030 1137 Dumque
2065 1069 2181 1123 neci
2215 1068 2372 1122 unius
2412 1083 2472 1124 se
2511 1082 2610 1138 pro
2649 1069 2953 1123 cervicibus
2981 1066 3139 1123 offert

101 1159 310 1228 Quique
336 1159 426 1215 die
452 1160 640 1230 paucis
673 1169 855 1230 posset
881 1160 1013 1216 satis
1039 1176 1159 1216 esse
1187 1162 1272 1216 vel
1299 1178 1404 1216 una
1785 1159 2004 1216 iactura
2047 1160 2244 1216 multos
2272 1162 2410 1215 liber
2433 1163 2582 1218 necis
2627 1161 2742 1232 ipse
2783 1161 3026 1216 resolvit.

101 1248 152 1303 In
179 1249 263 1304 bis
289 1249 529 1320 quinque
555 1265 682 1306 esus
705 1252 1011 1307 numerosis
1037 1251 1233 1306 sutIicit
1264 1268 1426 1317 unus,
1789 1253 1902 1310 Hoc
1937 1253 2136 1308 lethale
2161 1253 2360 1312 malum
2387 1253 2558 1322 rapidi
2599 1255 2652 1309 in
2682 1269 2834 1308 sacra
2860 1268 2988 1308 vasa
3017 1251 3216 1308 furoris

101 1343 431 1398 Accrescens
457 1345 658 1399 mensis
694 1344 969 1400 cumulato
1000 1344 1264 1414 fragmine
1291 1346 1461 1415 panis.
1784 1345 2077 1416 Sanguinis
2105 1347 2243 1399 hanc
2265 1345 2397 1416 justi
2427 1345 2633 1400 foveam
2665 1360 2974 1414 saevamque
2997 1343 3314 1415 charybdim

103 1433 214 1498 lste,
249 1432 345 1488 Dei
376 1443 646 1503 prmstans
671 1434 818 1490 celso
847 1435 1094 1490 sublimis
1124 1451 1333 1501 amore,
1785 1434 1996 1505 Martyr
2027 1436 2274 1490 Pontitici
2302 1435 2404 1490 fert
2430 1435 2706 1506 Eutychus
2736 1445 2860 1489 ante
2893 1434 3191 1504 Redempto

103 1521 206 1576 Non
233 1523 452 1577 dubitat
480 1525 754 1595 propriam
783 1523 938 1579 fratri
974 1526 1278 1595 dependere
1304 1526 1466 1579 vitam
1783 1527 2134 1596 Addiscitque
2160 1527 2477 1582 Ferentinas
2506 1529 2576 1582 ita
2608 1528 2714 1582 fine
2745 1527 3050 1598 propinquo

105 1613 523 1688 Subjectumque
561 1616 697 1689 fugae
725 1617 982 1690 sulfragia
1006 1634 1222 1674 sumere
1248 1634 1463 1689 cogens.
1785 1616 2088 1672 Humanam
2120 1618 2248 1675 ferri
2277 1628 2520 1673 sacratur
2550 1620 2616 1675 ad
2645 1618 2832 1674 ultima
2859 1631 3100 1673 carnem.

1495 1754 1726 1810 CAPUT
1765 1753 1938 1809 XXII.

803 1870 881 1926 De
924 1871 1118 1926 sanctis
1169 1872 1414 1942 Specioso
1463 1880 1513 1926 et
1557 1870 1809 1942 Gregorio
1861 1867 2111 1936 fratribus
2157 1877 2436 1936 sanctoque
2485 1863 2604 1930 Spe.

105 2005 265 2072 Quam
289 2012 479 2060 sancte
506 2011 670 2075 atque
694 2005 780 2075 pie
806 2005 1083 2062 Benedicti
1111 2007 1361 2076 dogmate
1401 2006 1578 2076 patris
1709 1993 1754 2051 Β
1786 2003 2108 2060 Notificatur
2129 2003 2277 2066 huic,
2300 2003 2529 2058 Domino
2557 2011 2858 2070 retegente,
2890 1999 3090 2056 laboris

105 2092 336 2149 Lustrati
368 2095 567 2149 fratres
593 2093 884 2166 Speciosus
904 2105 1195 2166 menteque
1216 2111 1386 2152 nexus
1789 2096 2096 2157 Terminus.
2125 2105 2179 2150 et
2206 2096 2460 2150 claustris
2491 2094 2802 2160 mandatur,
2832 2093 3036 2150 lumine
3063 2099 3277 2163 sumpto

104 2185 390 2256 Gregorius
419 2201 584 2257 gazas
609 2186 732 2242 coeli
766 2187 822 2241 in
854 2195 1066 2242 secreta
1095 2186 1269 2242 tulere
1786 2185 2062 2255 Corporis,
2097 2185 2318 2255 attiguis
2347 2185 2524 2240 lumen
2552 2199 2863 2256 respergere
2891 2184 3092 2248 cordis,

105 2271 244 2330 Illius
277 2291 556 2347 egressus,
588 2273 750 2344 hujus
779 2275 1084 2346 Speculatio
1109 2284 1394 2332 monstrat.
1789 2277 2066 2346 Obsequio
2091 2276 2306 2346 expleto
2343 2291 2590 2332 remeans
2615 2277 2852 2340 statione
2884 2275 3092 2337 revisa,

111 2361 172 2416 Ut
194 2366 403 2432 patiens
431 2364 635 2421 Christi
671 2367 773 2421 sub
803 2367 1028 2422 verbere
1061 2365 1385 2434 longanimis
1409 2368 1544 2436 Spes
1793 2369 1964 2424 Sacra
1990 2369 2127 2438 petit
2151 2367 2467 2434 mediusque
2495 2365 2689 2420 accitis
2721 2365 2983 2419 fratribus
3009 2372 3194 2418 astans
3213 2403 3227 2426 ,

104 2454 450 2520 Constiterit,
489 2469 664 2510 carcus
687 2455 828 2510 facie
851 2455 944 2511 sed
978 2456 1143 2512 corde
1171 2456 1459 2520 renidens,
1792 2460 2020 2514 Cantica
2050 2459 2170 2513 diva
2194 2466 2354 2512 sonat
2383 2467 2682 2524 cantusque
2707 2455 2930 2510 exordia
2969 2470 3233 2526 pangens,

109 2545 390 2601 Exteriore
421 2562 616 2608 carens
644 2547 790 2603 haud
814 2547 1076 2608 interiore
1098 2549 1292 2614 nitela,
1791 2548 2034 2605 Intentus
2068 2548 2320 2619 precibus
2350 2564 2472 2603 cum
2501 2547 2646 2603 votis
2676 2547 2853 2603 sidera
2891 2549 3124 2612 scandit,

105 2631 361 2690 Redditus
380 2639 652 2706 expromit
680 2648 800 2707 post
822 2637 980 2708 longa
1014 2639 1288 2693 volumina
1313 2639 1481 2694 visus.
1790 2642 1969 2712 Atque
2000 2641 2316 2696 columbino
2354 2641 2506 2696 visus
2526 2649 2714 2709 petere
2749 2650 2894 2695 astra
2933 2639 3114 2696 volatu
3199 2674 3201 2676 -

107 2727 377 2784 Annorum
407 2729 564 2786 denis
594 2731 809 2786 tandem
839 2741 1031 2802 quater
1056 2731 1281 2788 orbibus
1311 2731 1462 2788 actis.
1791 2731 2044 2788 Proditor
2073 2734 2174 2788 hac
2213 2741 2355 2788 meta
2393 2747 2554 2802 quam
2587 2730 2816 2802 siu'iplex
2845 2740 2968 2787 acta
2995 2730 3269 2804 palaestra.

1493 2843 1722 2900 CAPUT
1767 2844 1954 2900 XXIII.

527 2955 603 3010 De
642 2955 870 3026 quodam
916 2955 1216 3026 presbytero
1259 2952 1475 3010 Narsias
1522 2966 1569 3010 et
1613 2953 1787 3011 Proba
1835 2956 2072 3026 episcopo
2101 2965 2254 3026 atque
2285 2953 2551 3026 Stephano
2579 2955 2786 3012 abbate.

111 3061 364 3125 Nursicus
385 3069 473 3124 ille
504 3085 669 3126 senex
701 3070 907 3126 sociam
934 3070 1026 3140 qui
1057 3070 1242 3124 limine
1272 3069 1419 3138 pellit
1805 3068 1953 3124 llanc
1977 3083 2136 3123 secus
2165 3067 2394 3123 internis
2417 3068 2647 3125 rutilans
2673 3066 2968 3126 virtutibus
3007 3067 3192 3131 urbem

111 3157 278 3215 Morte
298 3174 515 3231 quoque
534 3160 826 3215 adstrictus
842 3159 1053 3230 paleam
1074 3159 1219 3214 velut
1247 3160 1367 3229 igne
1390 3174 1689 3230 pavescens
1798 3162 2151 3232 Contemptor
2181 3161 2490 3232 Stephanus
2513 3162 2695 3216 mundi
2723 3178 2884 3231 quam
2922 3158 3118 3224 robore
3139 3159 3298 3215 ﬁrmo
3375 3187 3378 3190 ~

109 3254 340 3308 Accendi
365 3255 626 3310 membris
662 3255 916 3325 prohibet
945 3254 1197 3324 prepiare
1227 3252 1452 3318 solutis,
1798 3255 2088 3311 Excellens
2119 3255 2284 3309 animi
2314 3255 2574 3325 patientis
2601 3253 2787 3310 cmlica
2818 3254 2958 3310 rexit

110 3349 275 3416 Quam
304 3353 464 3414 bene,
492 3365 654 3420 quam
679 3360 826 3405 caste
855 3349 1156 3418 injunctum
1181 3349 1421 3404 servavit
1441 3349 1583 3406 ovile
1719 3361 1761 3420 (ς
1797 3350 1984 3405 Castra
2011 3349 2199 3405 cluens
2228 3348 2353 3409 finis
2376 3349 2511 3403 clari
2547 3348 2818 3419 depromit
2847 3346 3060 3418 agonis.

109 3441 384 3494 Adventus
413 3439 555 3494 Petri
591 3440 852 3510 Paulique
881 3448 937 3496 et
965 3441 1143 3512 gratia
1173 3441 1375 3495 clamat
1800 3443 2059 3498 Cernitur
2080 3452 2136 3496 et
2163 3444 2330 3512 gestis
2361 3442 2632 3510 dictisque
2663 3451 2718 3504 et
2755 3456 2941 3505 amore
2978 3449 3272 3495 nocentum

110 3522 312 3585 laetitia
342 3532 574 3600 repetita
601 3532 749 3587 senis
776 3547 1025 3602 suprema
1059 3533 1326 3587 trahentis
1798 3534 1989 3588 Messis
2014 3544 2072 3588 ut
2096 3535 2332 3588 incensae
2361 3533 2651 3603 tranquilla
2683 3542 2863 3591 mente
2890 3531 3136 3587 levamen

111 3619 375 3688 Flamina,
407 3622 776 3694 decessusque
815 3624 969 3693 nigra
1000 3623 1290 3678 formidine
1315 3622 1471 3679 liber.
1794 3626 2068 3680 Amittens
2103 3624 2249 3678 dolet
2274 3624 2510 3688 authori,
2540 3639 2635 3677 sua
2667 3624 2861 3679 damna
2889 3621 3136 3679 refutans

112 3713 212 3768 Sed
243 3730 416 3785 neque
443 3715 716 3786 pontiticis
742 3715 985 3771 ﬂorentis
1013 3714 1252 3770 culmine
1281 3715 1406 3770 vitae
1797 3714 2196 3785 Flagitiumque
2225 3728 2447 3782 gemens
2474 3713 2628 3782 cujus
2653 3713 2943 3768 decoratur
2968 3711 3196 3777 honore,

114 3803 256 3862 Urbe
287 3805 516 3862 Reatina
545 3805 733 3873 Probi,
765 3807 863 3862 etsi
892 3807 1132 3878 pondere
1158 3821 1404 3875 pressum
1423 3846 1438 3871 ,
1798 3807 1988 3862 Exitus
2019 3807 2263 3876 angelico
2287 3822 2407 3877 qua:
2433 3821 2540 3862 non
2572 3806 2855 3876 przeseutia
2881 3805 3033 3860 visus

115 3896 412 3970 Languoris
449 3915 650 3970 supero
678 3897 973 3953 frustratur
995 3897 1198 3955 lumine
1221 3896 1382 3956 funus
1401 3937 1416 3961 ,
1800 3898 2044 3959 Mortalis
2077 3898 2320 3968 perferre
2346 3897 2508 3961 valet,
2536 3912 2636 3952 nec
2670 3895 2862 3951 cmlica
2890 3894 3098 3963 suffert,

115 3989 246 4042 Dum
275 3989 555 4045 Iuvenalis
586 3988 990 4059 Eleutheriique
1020 3988 1194 4055 nitore
1226 3987 1548 4041 tremiscens
1802 3989 1937 4042 Dum
1975 3998 2128 4057 pater
2159 3987 2420 4042 emeritus
2447 3984 2834 4055 comprendere
2869 3985 3083 4050 scandit
3111 3981 3261 4057 (206)

115 4075 229 4132 Non
265 4080 414 4134 valet
443 4095 694 4136 assessor
723 4081 993 4147 visentum
1024 4078 1168 4134 ferre
1195 4078 1481 4141 decorem;
1801 4080 2028 4136 Praemia
2061 4087 2337 4150 perpetua:
2365 4077 2624 4133 caelorum
2655 4078 2710 4134 in
2741 4092 2903 4148 regna
2933 4090 3166 4138 coronae.

119 4168 275 4235 Queis
296 4171 591 4227 comitatus
615 4171 727 4236 adit
754 4170 995 4241 gaudens
1023 4168 1267 4237 cmlestia
1298 4167 1526 4239 praesul.

1510 4320 1739 4378 CAPUT
1783 4319 1969 4377 XXIV.

2650 4385 2678 4413 ο

400 4434 481 4489 De
529 4435 735 4490 duobus
780 4435 1052 4489 monachis
1099 4433 1425 4490 Valentlonis
1469 4435 1674 4499 abbatis
1714 4444 1763 4489 et
1809 4445 1989 4488 sancto
2020 4430 2268 4486 Suranno
2297 4438 2454 4500 atque
2483 4428 2709 4481 diacono
2731 4425 2998 4494 quodam.

123 4569 422 4625 Barbariem
452 4568 673 4626 feritate
712 4584 904 4632 manus
941 4567 1008 4623 de
1040 4569 1233 4624 robore
1259 4567 1411 4641 pensi
1725 4548 1780 4610 Ῑ)
1810 4565 2144 4634 Pectoraque
2167 4561 2444 4637 excipiens
2471 4558 2703 4614 tremulo
2729 4556 3033 4616 vibramine
3059 4565 3239 4611 motus

121 4662 265 4728 Quos
299 4663 437 4717 alma
467 4662 741 4717 irnbuerat
767 4664 1036 4732 probitate
1061 4663 1308 4716 Valentio
1339 4641 1558 4726 fFatres,
1809 4659 1923 4713 Iloc
1946 4657 2182 4726 loquitur
2203 4655 2425 4709 sceleris
2453 4653 2683 4707 horrens
2708 4649 3022 4706 discrimina
3058 4648 3185 4706 saevi
3237 4637 3251 4663 '

123 4752 261 4806 Dum
287 4751 451 4807 functi
485 4752 697 4808 alterno
721 4753 1011 4808 reboantes
1040 4752 1280 4807 carmina
1315 4751 1572 4820 psallunt,
1806 4753 1885 4807 Ac
1916 4749 2140 4804 sufferre
2160 4759 2395 4803 tremens
2417 4747 2634 4816 pietatis
2655 4747 2890 4816 pondera
2920 4752 3104 4799 tantm.

123 4845 375 4904 Attonitis
411 4849 559 4905 clara
589 4849 748 4904 laniis
769 4863 984 4919 quoque
1013 4862 1142 4903 voce
1180 4846 1420 4902 fatentur
1809 4842 1927 4912 Ipse
1951 4855 2168 4909 quoque
2195 4839 2246 4892 id
2270 4853 2444 4892 caesor
2468 4836 2632 4892 Marsi
2665 4837 2765 4891 sub
2795 4849 2955 4891 sacra
2981 4829 3231 4890 ministri.

128 4935 296 5002 Quam
321 4955 443 4994 vere
477 4940 693 4995 Domini
725 4941 907 4995 vivant
933 4951 1052 5010 post
1081 4939 1273 4994 funera
1301 4935 1465 4992 servi.
1812 4933 2022 4989 Eventu
2051 4931 2238 5001 pandit
2262 4947 2277 4986 :
2312 4929 2510 4984 merito
2539 4943 2778 4998 caroque
2810 4927 3010 4984 cliente

141 5024 276 5083 dens
300 5030 456 5084 etiam
486 5029 710 5084 absecto
735 5027 929 5084 Sorani
957 5027 1160 5084 vertice
1187 5036 1375 5082 tonsus
1811 5023 2090 5092 Abscissa,
2116 5020 2326 5078 Domini
2349 5020 2554 5077 crudeli
2578 5020 2846 5076 addicitur
2867 5018 3043 5085 hosti.

1529 5179 1764 5238 CAPUT
1807 5177 1975 5238 XXV.

1159 5300 1233 5356 De
1255 5296 1452 5355 sanctis
1479 5294 1708 5364 Mellito,
1731 5294 2069 5365 Theopltaniu
2091 5303 2140 5348 et
2168 5291 2346 5345 Petro.
