3908 5426
581 393 681 449 851
1273 390 1663 447 FLODOARDI
1700 390 2019 450 CANONICI
2059 389 2403 445 REMENSIS
2441 346 2806 446 OPUSCULR
2833 355 3158 448 METRlCA:
3711 381 3794 442 ω

2177 512 2228 570 Α
2259 505 2512 562 Perditus
2540 507 2788 572 intereat,
2821 507 2907 562 cui
2930 504 3180 560 ﬂammea
3205 503 3320 559 visa
3345 502 3597 574 gebenna

2257 598 2490 670 lgneque
2513 598 2864 668 mergendus,
2887 598 3008 653 σαιιί
3041 605 3332 653 revocante
3362 594 3559 650 colono
3575 633 3593 656 ,

2257 689 2584 760 Regreditur
2609 689 2954 760 monitusque
2975 689 3159 758 probis
3188 702 3248 743 se
3269 688 3340 742 ita
3367 683 3658 756 supprimit
3687 684 3794 740 actia

2257 779 2486 835 Tartara
2515 780 2868 850 conSpexisse
2897 780 3077 834 nitens
3107 787 3168 834 ut
3196 779 3306 833 vita
3337 777 3619 847 loquatur;

2256 869 2374 938 Quo
2406 870 2612 936 tendat,
2637 886 2798 939 quam
2819 879 2969 926 certa
2998 879 3169 940 petat,
3197 884 3364 940 quam
3391 875 3518 922 nota
3551 866 3795 921 tremiscat

2256 958 2464 1028 Lingua
2495 959 2655 1016 simul
2687 969 2893 1017 testans
2913 969 2970 1016 et
3003 959 3232 1015 candida
3265 957 3410 1015 facta
3436 956 3736 1028 probantur.

580 506 850 562 Strenuus
873 515 932 563 ut
959 507 1123 572 rexit,
1151 506 1392 564 clemens
1416 519 1473 565 et
1499 508 1728 564 idoneus
1752 508 1926 574 urbis,

576 598 714 652 Fine
732 605 902 668 patet,
925 600 1050 653 dum
1077 599 1319 655 discussa
1353 599 1440 670 pia
1465 598 1572 654 fata
1609 610 1852 653 secutum

575 687 922 758 Tempestate
949 688 1118 758 liquet
1143 691 1421 761 praemissa
1450 690 1572 745 luce
1593 704 1883 756 serenum;

573 781 942 837 Membrorum
966 782 1216 837 columen
1247 782 1436 838 morbo
1467 782 1726 851 sanieque
1749 779 2009 836 ﬂuentum

573 871 947 944 Tabentisque
967 875 1158 944 probat
1184 873 1429 929 redolens
1449 871 1745 944 fragrantia
1771 871 1972 926 carnis.

575 963 774 1022 Petrus
802 973 980 1021 morte
1009 965 1155 1035 capit
1183 963 1506 1031 monachus,
1527 978 1596 1018 ne
1617 971 1792 1018 morte
1820 961 2058 1018 secunda

1139 1142 1247 1216 ﬁ.
1972 1111 2200 1172 CAPUT
2240 1112 2432 1168 xxvr.

1132 1200 1167 1218 κ’
1205 1200 1324 1295 ’,Βε
1369 1228 1564 1282 sanctis
1613 1225 1802 1283 Severo
1861 1239 1909 1283 et
1959 1226 2166 1301 Egistio
2206 1228 2507 1299 ceterisque
2566 1224 2829 1280 Ravenna?
2866 1225 3208 1294 martyribus.

574 1365 774 1421 Christi
802 1365 1112 1421 Ravennam
1142 1363 1444 1420 dedicatam
1472 1362 1678 1434 legibus

573 1456 772 1529 Cephea
797 1457 994 1512 cliente
1015 1456 1170 1526 jussa
1194 1457 1356 1510 dante
1383 1455 1623 1511 diximus

573 1550 692 1614 Quo
723 1548 885 1618 digna
911 1547 1065 1603 ccelis
1094 1545 1240 1600 ferre
1261 1553 1436 1601 certat
1465 1545 1691 1616 pignora

575 1641 811 1697 Severus
839 1641 1034 1695 horum
1065 1648 1272 1711 martyr
1296 1648 1462 1708 atque
1487 1637 1748 1707 pontifex.

573 1733 783 1788 Cruore
808 1732 1004 1788 lustrat
1032 1731 1172 1786 hanc
1195 1744 1486 1802 comesque
1512 1729 1749 1799 Egistius

571 1821 764 1878 Victor
787 1823 998 1878 solutor
1029 1837 1092 1877 ac
1120 1820 1441 1876 Valentinus
1467 1819 1648 1876 simul.

572 1914 677 1971 llic
707 1913 1050 1980 Ursicinum,
1073 1915 1200 1969 dum
1225 1913 1476 1982 palestrte
1497 1911 1734 1983 pondere
1813 1948 1815 1950 -

570 2008 807 2078 Jamjam
833 2007 1052 2063 labante
1078 2007 1216 2062 bella
1249 2015 1373 2076 post
1406 2004 1676 2060 acerrima

579 2099 785 2153 Paltnae
808 2099 910 2153 sub
937 2097 1129 2151 umbra
1159 2098 1386 2152 horrore
1412 2094 1544 2150 letbi
1572 2090 1864 2164 pendulum

573 2187 802 2254 Vitalis,
831 2188 988 2243 almae
1009 2186 1178 2256 prolis
1203 2186 1378 2242 almus
1405 2185 1604 2250 editor,

576 2280 899 2335 Gervasium
928 2292 1048 2332 cum
1076 2277 1247 2332 fratre
1272 2277 1364 2347 qui
1392 2276 1575 2347 genuit
1603 2274 1728 2345 polo

570 2372 764 2430 Suasis
794 2372 969 2426 beata:
998 2369 1220 2425 roborat
1246 2368 1568 2425 constantia:

569 2463 836 2520 Medicum
865 2462 1076 2520 medela
1101 2463 1398 2518 recreando
1427 2469 1650 2532 perpete

569 2555 741 2623 Quem
767 2555 905 2612 colla
937 2556 1090 2626 regni
1121 2553 1265 2610 ferre
1293 2554 1472 2611 firmat
1502 2567 1728 2608 munero

571 2647 796 2703 llonore
821 2647 982 2702 funus
1003 2661 1068 2701 ac
1093 2647 1313 2702 decorat
1343 2646 1547 2701 extimo
1565 2683 1580 2709 ,

577 2740 700 2811 Ipse
726 2749 781 2796 ct
810 2740 1002 2796 salutis
1037 2750 1232 2795 nactus
1263 2740 1446 2795 haurit
1472 2738 1755 2808 poculum,

540 2905 544 2908 η
574 2831 708 2891 Jesu
745 2840 998 2904 patenter
1024 2833 1274 2889 invocato
1295 2830 1514 2887 nomine
1532 2870 1546 2895 ,

2255 1361 2566 1429 Tcntusque
2592 1359 2790 1429 equino
2825 1357 3138 1413 lancinatur
3165 1356 3402 1413 tormine
3422 1395 3440 1422 ,

2256 1458 2424 1515 Ducis
2451 1457 2722 1512 resultans
2752 1455 2894 1510 ferre
2916 1453 3270 1510 contubernia

2255 1549 2432 1604 Fovea
2458 1548 2687 1618 supinus
2715 1548 2843 1602 hinc
2876 1545 3146 1617 profunda
3175 1545 3439 1614 mergitur

2257 1641 2535 1710 Saxisque
2563 1655 2784 1708 pressus
2815 1648 2959 1693 terra
2992 1647 3215 1707 opertus
3241 1636 3460 1692 abditur

2255 1735 2502 1804 Aulaque
2530 1733 2666 1789 lucis
2689 1733 2942 1793 Ursicino
2961 1731 3235 1803 jungitur.

2257 1821 2502 1890 Conjunx
2533 1823 2718 1877 relicta
2750 1822 3007 1894 martyris
3037 1820 3260 1877 Valeria

2257 1913 2522 1982 Regressa
2551 1913 2850 1969 Mediolana
2887 1914 3014 1968 dum
3045 1912 3239 1990 solatia

2259 2004 2497 2075 Repetit,
2525 2004 2744 2060 litantes
2778 2005 2982 2060 rustico
3011 2003 3241 2058 incurrit
3269 2001 3386 2060 Deo

2260 2096 2481 2151 Silvano
2509 2105 2734 2166 agentes
2756 2097 2918 2150 stulta
2946 2097 3162 2152 stultius
3188 2111 3371 2161 sacra;

2259 2187 2501 2242 Demissa
2535 2187 2641 2240 fixo
2662 2187 2816 2255 queis
2840 2189 3039 2242 veredo
3068 2188 3313 2257 poscitur

2256 2282 2634 2353 Coinquinatis
2659 2282 2930 2336 accubare
2957 2281 3208 2346 ferculis;

2256 2375 2477 2430 Refulat
2505 2375 2614 2439 illa,
2649 2374 2871 2429 infamia
2902 2376 3084 2430 vitans
3117 2373 3370 2442 prandia,

2256 2466 2324 2521 Et
2345 2467 2709 2520 Christianam
2737 2480 2867 2519 voce
2894 2465 3039 2519 fatur
3065 2465 3316 2535 publica;

2259 2557 2521 2626 Correpta
2550 2571 2718 2626 quare
2744 2557 2890 2611 caule
2930 2556 3095 2610 multa
3127 2558 3398 2623 tunditur,

2259 2647 2592 2716 Spiransque
2617 2648 2884 2702 destinata
2915 2657 3070 2703 vecta
3102 2650 3170 2703 ad
3207 2650 3410 2704 mmnia

2262 2736 2361 2790 Vix
2393 2736 2649 2791 semiviva
2674 2737 2896 2791 sedibus
2919 2737 3198 2793 reducitur

2256 2823 2533 2896 Biduoque
2561 2835 2774 2884 restans
2791 2837 2948 2900 parta
2973 2830 3188 2886 scandit
3211 2831 3470 2895 culmina.

1965 2978 2194 3037 CAPUT
2228 2942 2439 3043 xxvu;

1505 3070 1584 3127 De
1609 3081 1788 3127 sancto
1814 3070 2079 3127 Germano
2110 3073 2558 3130 Antissiodoremi
2587 3074 2844 3143 episcopo.

568 3208 879 3265 Germanus
902 3209 1019 3279 ipse
1042 3209 1242 3278 prmsul
1264 3206 1415 3262 urbis
1449 3205 1679 3278 gallicze,

568 3297 772 3354 Doctor
792 3298 996 3367 sophiae
1016 3297 1300 3368 fulgurans
1325 3297 1627 3350 vibramina
1641 3335 1658 3361 ,

567 3389 705 3446 Post
733 3391 900 3445 multa
928 3390 1060 3445 clari
1091 3389 1304 3444 roboris
1331 3388 1622 3460 magnalia,

568 3485 889 3554 Auimaeque
914 3493 1101 3554 raptos
1127 3483 1210 3538 bis
1239 3482 1533 3537 Britannos
1555 3481 1746 3536 funere

567 3573 689 3634 lluc
715 3575 864 3645 pacis
898 3583 1054 3630 actus
1085 3573 1392 3629 obtinendae
1417 3574 1612 3644 gratia,

572 3667 849 3737 Exceptus
879 3666 1000 3720 aula
1036 3666 1271 3737 gloriose
1303 3665 1583 3735 fungitur,

566 3761 798 3835 llicque,
831 3761 971 3816 inter
997 3759 1104 3816 alta
1134 3760 1440 3816 sanctitatis
1463 3759 1667 3814 lumina

2261 3212 2590 3280 Deprompta
2613 3211 2781 3277 letho,
2813 3213 3041 3267 suscitat
3059 3213 3412 3283 jnvenculum

2260 3303 2538 3358 Volusiani
2568 3304 2763 3358 nobilis
2789 3304 3123 3371 clientulum,

2259 3395 2596 3463 Dominoque
2631 3411 2688 3451 se
2719 3395 2947 3463 visente,
2989 3396 3243 3466 linquens
3286 3407 3481 3464 terrea,

2179 3520 2223 3582 C
2263 3483 2508 3552 Snperna
2542 3485 2753 3539 scandit
2782 3485 2901 3539 luce
2931 3496 3140 3541 mactus
3164 3488 3434 3556 culmina;

2259 3575 2423 3642 Queis
2455 3576 2599 3629 clara
2630 3575 2877 3645 splendet
2907 3578 3084 3632 celsus
3114 3579 3254 3633 inter
3278 3581 3456 3638 sidera

2256 3666 2406 3728 Plebi
2435 3665 2579 3723 fideli
2609 3668 2861 3723 comitate
2888 3669 3062 3740 regiaa

1958 3890 2183 3950 CAPUT
2208 3886 2442 3944 XXVIII.

1300 4012 1378 4074 De
1414 4010 1609 4066 sanctis
1659 4008 1984 4067 Theodosio.
2043 4007 2278 4068 Donato,
2337 4000 2671 4056 Secundiano
2719 4011 2768 4055 et
2834 3999 3078 4057 Romulo.

566 4151 662 4208 Sic
690 4147 776 4206 illa
809 4167 1084 4222 quonoam
1108 4146 1401 4206 marmoris
1423 4149 1575 4210 rubri
1599 4148 1687 4204 via

564 4243 816 4302 Rcctoris
844 4244 952 4298 alta
974 4253 1310 4314 praeparatur
1339 4242 1512 4313 gloria

566 4335 744 4388 Ductu
776 4335 975 4389 viantis
995 4348 1092 4404 per
1120 4334 1363 4402 pavenda
1395 4332 1570 4386 cmlici

565 4426 812 4482 Pastoris
835 4441 930 4482 ore
959 4424 1344 4501 fluctuantibus
1373 4423 1509 4488 dati,

566 4518 771 4578 Arentc
799 4517 924 4572 dum
953 4517 1145 4572 tellure
1167 4514 1453 4570 Theodosii

565 4608 803 4664 Pedibus
834 4607 1084 4678 paludem
1124 4608 1322 4662 milites
1350 4610 1508 4664 siccis
1540 4615 1752 4672 terunt,

573 4697 861 4755 Nunouam
886 4698 1076 4756 datura
1108 4714 1227 4772 quae
1249 4709 1433 4772 putata
1461 4709 1544 4755 cst
1569 4699 1814 4755 semitam

2258 4127 2867 4206 Presso‘ty'ran'nomcalle
2898 4137 3290 4202 inmstimabili,

2255 4224 2458 4279 Ductor
2485 4224 2803 4300 fidelislmta
2832 4224 2933 4280 fert
2961 4227 3262 4282 celeumata

2259 4315 2459 4370 Palma:
2481 4317 2656 4372 datori
2687 4319 2845 4389 digna
2874 4321 3007 4375 dans
3036 4321 3308 4389 praeconia

2171 4442 2225 4502 D
2256 4404 2581 4476 Mittensque
2612 4407 2745 4462 festa
2767 4407 3055 4462 "saecularis
3079 4411 3285 4479 glorim,

2253 4495 2447 4550 Grates
2478 4495 2588 4568 jugi
2623 4497 2844 4554 ferendo
2873 4504 3113 4569 persistit
3138 4503 3246 4558 die.

2254 4589 2492 4643 Donatus
2515 4600 2568 4644 et
2601 4591 2976 4648 Secundianns
3005 4594 3268 4650 Romulus

2255 4677 2508 4749 Sociique
2539 4695 2713 4751 agone
2741 4681 3010 4738 luminant
3035 4686 3408 4741 concordiam.

1957 4830 2187 4886 CAPUT
2211 4832 2405 4889 XXIX.

1632 4946 1708 5001 De
1730 4947 1924 5001 sanctis
1949 4945 2279 5015 Hermagora
2308 4962 2354 5004 et
2392 4947 2712 5004 Fortunato.

566 5078 732 5114 λίπειΛῖ
765 5079 1030 5114 Αἷδηῖηιιιη
1059 5083 1262 5114 multum
1295 5084 1531 5114 ΑηηῖΙιιῖη
1566 5086 1784 5114 ἐἶσιν-Αἵ»

2250 5084 2512 5114 vn'nlnlnm
2704 5087 3019 5114 ..Α-...ιΑ-..ω
3048 5087 3233 5114 Pan-.2...
3275 5103 3452 5114 ...Λαδίκη
