3908 5426
126 311 250 367 ’833
753 310 840 368 DE
865 311 1140 370 CHRISTI
1176 312 1554 374 TRIUMPHIS
1591 314 1778 374 APUD
1818 317 2100 376 lTALlAM
2129 319 2308 376 LIBRI
2336 320 2473 376 ΚΝ.
2496 349 2567 362 -
2588 318 2722 377 LIB.
2761 320 2902 379 XIV.
3299 316 3405 374 854

124 420 284 478 Istuc
310 425 381 477 ab
410 420 554 480 Urbe
575 436 760 479 amore
786 425 929 478 ducti
956 424 1139 495 gloriae
1747 434 1800 494 Α
1828 431 2021 488 Gladio
2044 431 2203 487 recisi
2234 433 2369 488 colla
2400 435 2670 489 scandunt
2694 434 2872 490 sidera

125 513 276 566 (ium
309 511 600 583 paedagogo
626 528 735 583 quo
765 514 1013 571 nitebant
1046 515 1317 585 praeduce,
1829 523 2006 580 Rosea
2024 522 2222 579 decore
2247 522 2502 579 luculenti
2522 533 2578 579 et
2606 524 2800 581 lacteo.

125 605 374 662 Doctore
402 606 576 665 Probo
607 605 813 680 [l’roto]
836 624 944 681 quo
966 609 1217 680 vigebant
1247 610 1299 666 in
1327 609 1454 677 ﬁde,
1741 632 1753 642 υ
2454 628 2463 636 ’

704 799 1165 896 INCIPIT
1248 803 1609 893 LIBER
1663 801 2185 895 DECIMUS
2256 800 2843 909 QUARTUS.

1543 1018 1772 1077 CAPUT
1812 1017 2104 1075 PRIMUM.

1343 1133 1420 1191 De
1453 1142 1635 1190 sancto
1667 1131 1926 1189 Michael:
1952 1102 2291 1205 archangelo.

126 1289 336 1346 Limite
355 1288 667 1362 Garganum
691 1289 890 1346 attollit
909 1287 1206 1361 Campania
1233 1287 1429 1343 collem
1827 1284 2127 1342 Nobilitant
2155 1302 2249 1341 ara
2281 1293 2445 1356 atque
2475 1286 2602 1342 dato
2636 1288 2958 1357 cognomine
2986 1296 3232 1353 comunt,

126 1378 374 1436 Lumine
392 1395 556 1449 quem
581 1393 780 1451 supero
813 1377 1119 1448 crebroque
1151 1377 1327 1431 nitore
1353 1381 1654 1431 vermstans
1828 1378 2031 1436 Sacras
2056 1379 2319 1450 adjiciunt
2342 1381 2510 1447 aedes,
2539 1380 2842 1451 penetralia
2872 1382 2999 1435 diva

126 1469 199 1525 Et
230 1469 422 1539 templi
451 1468 658 1526 fabrica
692 1468 924 1525 Michael
954 1467 1311 1538 archangelus
1340 1474 1544 1522 ornat:
1824 1474 2109 1529 Attentare
2137 1474 2333 1529 timent
2358 1473 2516 1544 pede,
2546 1474 2713 1530 limen
2744 1474 2882 1529 inire
2905 1486 3184 1531 verentur.

127 1562 382 1619 lucolere
406 1562 512 1618 hoc
534 1576 594 1618 se
620 1563 943 1633 depromens
968 1561 1255 1633 splendore
1285 1556 1556 1628 frequenti

1827 1568 2022 1625 Scitari
2054 1569 2197 1624 unde
2232 1583 2387 1624 sacer
2414 1582 2793 1639 summumque
2822 1570 3101 1638 requirere
3131 1584 3326 1641 papam

127 1652 413 1709 Virtutum
444 1654 664 1709 humani
698 1652 916 1724 generis
952 1666 1051 1722 pro
1073 1651 1192 1705 luce
1219 1651 1510 1713 datarum;

1508 1693 1510 1706 ι
1830 1659 2022 1729 Dcligit
2050 1674 2119 1714 an
2146 1659 2316 1715 sacris
2346 1669 2501 1729 egeat
2538 1660 2689 1715 locus
2719 1659 2834 1729 ipse
2860 1660 3051 1714 dicari.

136 1744 301 1813 Ουοεί
355 1745 556 1816 Prom“
585 1743 676 1800 me
695 1757 930 1815 sequens
979 1751 1195 1797 laurum
1235 1754 1455 1795 nemora
1486 1739 1595 1792 3m
1634 1752 1727 1792 ω’
1827 1748 1975 1804 Scita
1998 1757 2155 1819 pater
2189 1750 2364 1805 reddit
2394 1749 2758 1819 mandataque
2780 1748 2941 1820 digna
2982 1751 3248 1820 rependit.

1432 1827 1652 1902 "eum"
1827 1840 1920 1896 Sic
1953 1842 2191 1896 sananda
2223 1840 2427 1895 homini
2461 1849 2567 1894 tam
2595 1840 2737 1895 sacri
2762 1840 2960 1895 mmnia
2986 1840 3170 1911 templi

128 1924 422 1979 Armentis
448 1921 712 1994 refugam,
745 1923 856 1979 telo
885 1923 940 1978 in
971 1921 1247 1978 contraria
1283 1934 1443 1976 verso
1827 1930 1960 1985 Tam
1982 1930 2108 1987 celsi
2139 1930 2432 2001 provisoris
2461 1931 2741 2000 rogitanda
2764 1931 3040 1994 voluntas,

130 2013 289 2081 Quod
316 2015 544 2069 dederat
568 2014 707 2069 llxus
730 2013 779 2068 vi
805 2014 1020 2069 saucius
1045 2014 1279 2084 agminis
1306 2013 1401 2067 alii
1431 2029 1445 2065 :
1826 2022 2050 2091 Quaque
2080 2020 2167 2075 die
2193 2021 2317 2075 data
2348 2020 2618 2091 praecipue
2643 2020 2871 2075 victoria
2905 2020 3090 2086 fulsit,

127 2106 301 2175 “que
334 2106 565 2176 Pmbam
595 2106 747 2161 θῖνες
774 2105 1019 2159 facem“
1045 2104 1244 2175 ieiunia
1284 2104 1547 2157 mandans
1827 2114 1941 2169 llac
1965 2114 2208 2169 instante
2231 2127 2420 2183 preces
2442 2112 2633 2168 humili
2660 2111 2859 2181 pietate
2881 2111 3154 2180 ferantur,

130 2199 519 2270 Auspiciisque
543 2200 741 2255 docens
772 2199 1015 2253 divinum
1045 2199 1130 2254 his
1151 2212 1401 2269 qumrere
1434 2205 1645 2261 nutum,
1824 2203 2053 2272 Jejuniis
2081 2205 2337 2274 utrinque
2367 2203 2475 2259 Deo
2503 2204 2800 2274 perducere
2834 2214 3044 2259 certum

130 2288 230 2343 Cui
258 2305 510 2344 summus
530 2304 592 2345 se
616 2288 907 2345 noliﬂcans
936 2287 1043 2344 fert
1068 2290 1302 2343 nuncius
1326 2302 1451 2342 orsa
1824 2297 1907 2352 Ad
1935 2297 2094 2351 linem
2120 2306 2345 2367 accepto
2372 2295 2511 2350 ferat
2536 2305 2598 2350 ut
2621 2310 2718 2351 sua
2748 2310 2974 2349 munera
3003 2295 3278 2352 Christus.

132 2380 287 2436 Velle
316 2395 419 2435 suo
440 2380 678 2450 pandem
702 2392 813 2435 rem
839 2389 1049 2452 gestam
1072 2381 1161 2450 qui
1188 2378 1320 2449 jnga
1347 2387 1552 2443 servet.
1826 2387 1943 2443 Nox
1974 2388 2222 2442 umbram
2264 2387 2427 2441 terris
2451 2397 2734 2442 remearat
2761 2386 2941 2441 sidera
2969 2385 3142 2455 caelis,

134 2468 238 2535 Qui
270 2468 424 2524 colat
452 2469 682 2525 electum
717 2468 940 2539 reliquis
961 2484 1071 2540 pra:
1093 2472 1369 2524 montibus
1388 2482 1578 2523 unum.

1824 2480 1959 2536 Cum
1987 2470 2226 2543 veniens,
2254 2480 2482 2534 summis
2506 2479 2700 2534 dubios
2724 2480 3029 2534 moniturus
3048 2480 3118 2536 ab
3152 2479 3346 2546 astris,

131 2560 481 2614 Αδδυθεειιηι
502 2558 668 2629 ἱείιιιι·
689 2560 831 2614 “ms
856 2559 1039 2614 δαείη
1062 2559 1373 2614 εηίηῖδῑτυηι
1749 2541 1797 2600 Β
1829 2574 2031 2629 Militia:
2052 2574 2301 2645 princeps
2323 2587 2534 2643 superae
2564 2572 2791 2641 quaesita
2819 2571 3026 2627 revelat

137 2648 394 2707 Luminis
414 2647 665 2712 mtberei,
697 2648 957 2719 templum
983 2657 1275 2719 penetrare
1301 2661 1403 2702 nec
1429 2645 1548 2701 ausi

1519 2645 1548 2700 ιί
1716 2692 1719 2695 ν
1827 2665 1961 2721 Orsa
1992 2662 2259 2719 sacerdoti
2284 2663 2604 2734 jamdudum
2638 2661 2785 2730 iussa
2817 2662 3062 2731 petenti:

133 2742 255 2798 Pr:
276 2740 490 2797 foribus
513 2740 711 2797 devota
741 2748 940 2812 gerunt
960 2754 1027 2796 ac
1059 2738 1578 2832 laudibusjnstant;

1897 2752 2013 2809 Non
2049 2769 2184 2826 opus
2214 2762 2298 2811 est
2325 2762 2567 2808 vestrum
2608 2761 2819 2819 nostra,
2849 2753 3050 2823 inquit,
3088 2752 3289 2822 templa
3326 2750 3413 2808 di-

137 2829 408 2887 Hostibus
434 2830 562 2885 inde
587 2829 828 2885 lacessiti
855 2828 1114 2901 suffragia
1143 2828 1375 2900 poscunt
2365 2902 2375 2908 η
3157 2844 3342 2919 [eam

130 2920 385 2978 Praesidii
415 2919 667 2991 angelici,
706 2920 934 2977 Domino
957 2920 1163 2990 jejunia
1190 2920 1387 2983 libant;

1831 2940 2015 2996 Editor
2054 2941 2168 3011 ipse
2191 2939 2406 3009 quidem
2442 2940 2732 3012 dignoscar
2761 2946 2817 2995 et
2842 2939 2960 3010 ipse
2985 2938 3213 2995 dicator.

132 3012 251 3069 Nox
293 3012 662 3068 interveniens
688 3012 980 3068 dirimebat
1009 3011 1123 3065 sola
1154 3010 1421 3065 duellum.
1829 3029 1960 3096 vos,
1986 3040 2190 3084 "mlum
2219 3031 2470 3101 ingrcssi,
2494 3010 2706 3100 1ξορηιίε
2728 3031 3055 3097 asmmibus’
3093 3039 3223 3101 apta

138 3105 399 3162 Pontifici
428 3106 693 3162 assistens
721 3105 900 3161 dubiis
927 3104 1290 3175 archangelus
1316 3118 1464 3176 a‘gro
1672 3152 1677 3155 ι

1672 3152 1677 3155 ι
1832 3122 2013 3178 Sacris
2037 3133 2158 3179 vota
2199 3122 2538 3193 frequentate
2565 3132 2620 3179 et
2641 3123 2943 3193 depromite
2967 3123 3175 3189 laudes,

138 3198 278 3257 Dum
306 3197 474 3253 rebus
508 3198 707 3266 retegit
731 3205 985 3265 suscepta
1018 3196 1334 3266 precaniina
1365 3195 1525 3261 caelo,

1830 3214 2249 3284 Muneribusque
2273 3214 2416 3269 datis
2451 3215 2680 3286 populus
2704 3216 3075 3272 communicet
3104 3216 3234 3283 aris,

137 3289 411 3359 Tempora
440 3287 671 3358 praefigit
694 3288 837 3343 bello
865 3301 1033 3357 seque
1061 3283 1229 3340 affore
1252 3286 1547 3354 spondens,

1831 3283 2214 3377 Pandeturque
2243 3305 2423 3362 locum
2448 3283 2650 3362 memet
2675 3320 2921 3362 sacrasse
2947 3315 3222 3375 paratum.

139 3378 414 3435 Laatilicat
435 3395 628 3450 papam
660 3380 943 3449 promissae
975 3391 1201 3433 munere
1227 3378 1443 3447 palmae.

1834 3395 2126 3467 lteSponsis
2155 3396 2362 3452 alacres
2385 3404 2681 3466 properant
2705 3411 2841 3451 nova
2871 3397 3067 3467 gaudia
3097 3396 3245 3451 cives

136 3470 236 3526 llis
266 3470 398 3525 freti
429 3469 762 3539 janujamque
795 3469 919 3525 sinu
949 3469 1107 3540 quasi
1144 3475 1269 3521 vota
1298 3474 1550 3555 gerentes

1834 3484 2030 3553 Edere,
2056 3486 2335 3541 basilicam
2363 3486 2616 3550 subeunt,
2640 3483 2823 3539 divina
2861 3484 3210 3555 frequentant

139 3558 330 3633 Signis
355 3559 515 3615 obvia
543 3561 698 3630 signa
731 3560 944 3624 ferunt,
975 3557 1280 3613 certamine
1311 3554 1549 3610 fervent.

1836 3574 2036 3639 Munia,
2068 3576 2440 3644 miranturque
2463 3576 2682 3630 domum
2708 3575 2911 3630 virtute
2948 3554 3239 3630 micantem

138 3651 385 3707 θετικΐο
409 3660 529 3706 eral
549 3651 745 3706 Cum!“
770 3665 969 3719 ιηεὲηο
994 3648 1211 3703 vum"?
1239 3657 1477 3701 ίνθῐηοτθ
1836 3665 2087 3734 Angelica
2104 3706 2118 3730 ,
2156 3666 2429 3734 r'ubroque
2463 3664 2603 3719 altar
2623 3664 2889 3721 velamine
2912 3675 3188 3735 comptum

137 3740 378 3812 Fulgura
400 3741 591 3796 crebra
616 3740 819 3806 volare,
848 3740 1056 3809 apicem
1089 3737 1325 3808 caligine
1355 3736 1499 3807 cingi

1837 3757 1955 3811 Non
1986 3770 2122 3825 Opus
2144 3755 2442 3808 humanum
2478 3763 2753 3809 textumve
2775 3769 3065 3809 manumve
3100 3761 3344 3810 notante.

138 3832 208 3888 Et
238 3846 469 3904 superos
496 3832 638 3903 ignis
664 3831 881 3886 flamma
910 3830 1134 3886 rutilare
1160 3830 1463 3885 ministros.

1763 3879 1807 3939 Ο
1838 3846 2012 3901 Corda
2049 3844 2256 3914 replent
2285 3843 2456 3915 plebis
2485 3844 2573 3914 pia
2612 3844 2832 3913 gaudia,
2866 3845 3083 3900 deditur
3104 3846 3279 3901 almus

141 3922 451 3978 Tenentur
478 3931 687 3993 gentes,
719 3922 1072 3991 crelestiaque
1100 3934 1250 3975 arma
1278 3927 1538 3989 paventes

1765 3922 1807 3939 ν
1838 3939 1981 3995 Ordo
2004 3940 2379 3996 ministrorum
2419 3939 2609 3994 laudes
2635 3947 2690 3994 et
2714 3939 2960 3995 carmina
2985 3940 3107 3995 diva

143 4013 442 4087 Diﬂngiunt
471 4015 679 4084 passim
706 4015 933 4085 telisque
967 4024 1225 4085 petuntur
1251 4014 1320 4068 ab
1340 4013 1464 4080 alto,

1774 4016 1779 4021 ’
1839 4033 2172 4089 Continuare
2194 4032 2301 4097 die,
2333 4039 2496 4086 noctu
2516 4045 2652 4087 nam
2684 4046 2843 4086 nemo
2866 4047 2968 4087 nec
2993 4046 3158 4088 ausus

142 4107 429 4177 Neapolim
461 4107 597 4187 lapsi
628 4107 863 4164 subeunt
894 4108 1326 4179 trepidantiaque
1354 4108 1560 4160 intrant
1839 4124 2123 4194 Invigilam
2154 4137 2253 4177 nec
2283 4123 2425 4177 imm
2447 4122 2623 4193 adytis
2652 4122 2877 4193 vestigia
2904 4118 3066 4177 πεπρ,

142 4196 371 4266 Maenia,
399 4214 515 4255 rem
547 4199 825 4270 replicant,
854 4207 1187 4270 expertaque
1212 4198 1436 4254 fulmina
1469 4204 1678 4251 tractan

1624 4203 1726 4250 ""-
1840 4215 1992 4269 Stilla
2025 4214 2141 4271 ﬂuit
2171 4229 2302 4268 saxo
2329 4228 2435 4282 quo
2468 4212 2702 4283 tegmine
2725 4213 2959 4284 protegit
2978 4213 3167 4277 aedem,

142 4290 462 4347 Prostratos
491 4292 748 4357 rccitant,
781 4291 983 4348 Christi
1011 4293 1280 4362 praeconia
1308 4296 1565 4360 pungunt,

1845 4307 2049 4363 Lucida
2079 4321 2197 4377 quae
2220 4306 2408 4361 vitrea:
2434 4306 2685 4376 guttatim
2713 4304 2954 4360 illabitur
2983 4321 3135 4360 urnae
3161 4320 3178 4359 :

145 4385 364 4441 Numen
393 4386 769 4458 magnificam,
799 4386 1041 4441 cervices
1072 4385 1304 4440 subdere
1329 4382 1586 4455 gaudent.

1844 4401 2027 4458 Dulcis
2052 4409 2107 4454 et
2130 4399 2197 4454 ad
2225 4400 2444 4453 morbos
2469 4408 2595 4468 potu
2627 4397 2959 4453 medicabilis
2990 4399 3207 4464 hausta,

145 4476 282 4531 Hinc
322 4474 595 4546 Sipontini
625 4486 808 4547 εταιεε
833 4486 888 4533 ει
916 4485 1037 4543 "‘83
1067 4476 1269 4539 daturin
1842 4493 2035 4558 Quam,
2061 4501 2183 4559 post
2203 4503 2357 4542 sacra
2382 4488 2499 4554 Dei,
2525 4489 2666 4542 soliti
2695 4496 2912 4557 gustare
2937 4486 3139 4548 ﬁdeles,

145 4566 397 4621 Culmina
419 4566 564 4622 celsa
592 4575 787 4636 petunt
812 4566 1141 4634 inventaque
1175 4563 1373 4621 moenia
1403 4558 1587 4631 templi

1843 4558 2173 4650 llepellitque
2206 4578 2382 4632 febres
2410 4580 2675 4648 aegrisque
2698 4580 2944 4633 medetur
2971 4578 3216 4643 anhelis;

150 4656 476 4712 Lustrantes
501 4656 768 4727 impressa
795 4656 980 4711 vident
1010 4653 1236 4724 vestigia
1270 4651 1423 4706 saxis

1843 4672 2279 4739 l’rwstantnrque
2301 4670 2406 4738 piis
2429 4669 2515 4723 hic
2538 4668 2763 4737 plurima
2793 4670 2929 4723 dona
2962 4669 3151 4722 salutis

147 4744 474 4803 Clariﬁcant
498 4747 618 4804 εωιί
642 4762 920 4816 procerem
949 4746 1240 4816 praesentia
1276 4742 1428 4810 cujus
1764 4827 1803 4834 __
1840 4764 2111 4834 Angelicis
2130 4761 2254 4816 datu
2283 4759 2539 4815 subsidiis
2560 4759 2805 4815 bonitate
2832 4758 3116 4815 Tonantis.

151 4840 265 4898 [loc
285 4849 437 4912 patet
464 4841 683 4905 indicio,
719 4838 983 4895 decoralit
1015 4838 1287 4895 testudine
1314 4849 1556 4890 marmor
1761 4827 1813 4886 υ

1607 4982 1835 5041 CAPUT
1870 4982 1933 5038 ll.

1175 5098 1249 5153 De
1277 5103 1456 5152 sancto
1481 5095 1744 5163 Aristone,
1771 5097 1925 5153 Justo
1950 5105 1998 5151 et
2026 5094 2180 5151 sociia
2213 5106 2413 5148 eorum.
