3908 5426
497 271 605 340 855
771 272 774 275 Α
878 278 925 291 ““
1162 274 1556 335 FLODOARDI
1594 276 1918 347 CANONICI
1960 278 2040 351 RE

2185 275 2305 337 lSlS
2342 276 2704 349 OPUSCULA
2746 273 3049 344 METRICA
3312 282 3317 286 ’
3637 266 3728 342 856

460 410 464 413 Α
1947 389 2003 453 ελ

1947 387 2173 453 CAPUT
2211 388 2296 445 Ill.
3128 444 3144 453 _
3419 404 3439 423 ’

1318 498 1396 553 De
1417 500 1610 561 sanctis
1637 497 1845 567 Prisco,
1878 500 2163 566 Antonino,
2193 502 2397 557 Aristeo
2426 510 2579 571 atque
2612 498 2865 557 Paulina.

489 631 703 697 Attollit
729 630 969 702 Capuam
994 632 1214 687 tradens
1251 647 1387 687 nova
1421 634 1668 703 dogmata
1697 632 1917 691 Priscus
2106 621 2154 680 Α
2185 637 2473 705 Mulclatus
2501 635 2756 692 mulctata
2780 633 2913 704 piat,
2936 645 3227 703 pulsusque
3246 623 3462 687 reducit

488 725 747 795 Antiqua:
773 723 998 777 rutilans
1028 722 1229 791 Christi
1257 723 1475 792 pietatis
1502 724 1776 789 alumnus,
2179 729 2260 784 Ad
2296 738 2513 801 portum
2544 727 2712 782 maris
2736 725 2904 781 insani
2940 723 3223 802 dispendia
3252 737 3446 793 passos

487 814 626 867 Cum
665 829 774 883 quo
800 812 1099 874 Antonino,
1134 812 1362 880 puerilia
1392 813 1634 868 membra
1665 822 1935 869 sacraute.
2179 817 2579 888 Nanfragioque
2604 816 2747 885 rapit
2778 813 3013 869 Probum
3044 813 3251 884 prolem
3277 822 3441 882 atque
3468 810 3698 872 maritam

486 904 734 976 Martyrii
757 905 938 976 palma
969 904 1096 960 colit
1121 905 1263 960 hanc
1288 905 1513 963 antistes
1542 907 1813 961 Aristeas.
2182 910 2485 966 Daantonica
2524 907 2761 963 sobolem
2793 903 3092 975 lymphauti
3119 910 3271 974 peste
3288 901 3545 973 jugalem,

485 995 686 1060 FeliCiS
711 994 921 1054 (κιλλιοα
943 995 1161 1053 decorat
1195 995 1454 1052 Ρίιυιίῐιιιε
1476 1013 1699 1068 agones.
1742 1012 1753 1035 '
2178 1006 2244 1066 Et
2274 1005 2434 1061 simul
2463 1013 2681 1074 ereptos
2708 1000 2926 1057 Christo
2953 1014 3075 1055 cum
3105 998 3346 1068 pluribus
3370 995 3547 1052 offert.

485 1093 635 1150 Qttns
669 1087 862 1155 raptim
892 1088 1129 1156 tetigisse
1153 1087 1306 1156 juvat
1332 1087 1580 1144 Nolensis
1606 1089 1693 1145 hic
1726 1089 1919 1149 almus.
2178 1102 2477 1172 Regressus
2496 1098 2701 1153 laribus
2732 1096 2857 1151 dum
2887 1101 3088 1150 tractat
3118 1091 3279 1162 digna
3307 1091 3585 1156 decenter.

483 1181 778 1259 Presbyter
801 1181 1059 1237 astrictus
1085 1182 1353 1252 Dravique
1373 1183 1652 1241 obtutibus
1675 1197 1833 1241 actus

2175 1190 2381 1263 Anguis
2406 1191 2533 1245 item
2554 1188 2757 1259 petitur
2779 1185 2966 1241 rabido
2992 1183 3156 1238 livore
3186 1180 3439 1235 furentis.

485 1275 765 1338 Fictorum
793 1273 928 1331 nihil
949 1288 1069 1329 esse
1098 1275 1258 1330 docet
1283 1286 1532 1346 portenta
1564 1278 1826 1347 deorum;
2177 1284 2512 1341 Obscuratur
2541 1290 2718 1345 atrox,
2741 1280 2923 1349 [lme
2949 1285 3189 1332 caecatur
3222 1274 3443 1343 iniquus

485 1366 759 1436 impulsus
784 1380 998 1436 quoque
1020 1365 1301 1437 sacrilegis
1326 1366 1499 1423 libare
1526 1368 1741 1440 figuris:
1880 1434 1898 1450 η
2178 1375 2462 1431 Scrutatur
2487 1371 2709 1440 rogitat,
2740 1369 2970 1439 caligine
3005 1379 3244 1436 pressus,
3278 1371 3546 1435 apertum,

491 1478 525 1515 ιη
563 1457 762 1523 Hostes
791 1458 947 1524 estis,
971 1457 1069 1522 ait,
1105 1467 1411 1521 vestrorum
1442 1461 1542 1515 hoc
1574 1476 1800 1517 munere
1822 1462 2004 1517 divum
2178 1463 2382 1531 Quaerit
2409 1473 2464 1517 et
2490 1460 2804 1529 alloquitur,
2832 1459 2981 1518 videt
2999 1472 3064 1512 ac
3083 1455 3184 1513 sibi
3206 1454 3428 1526 prodier
3452 1460 3592 1518 orat.

486 1550 658 1617 Queis
688 1546 779 1604 me
798 1548 1065 1621 producto
1097 1551 1310 1606 eveniet
1336 1552 1478 1621 quod
1509 1553 1740 1622 contigit
1764 1553 1872 1618 illis
2181 1554 2616 1624 Prmsentemque
2644 1560 2802 1606 tuens
2829 1548 3043 1606 absenti
3066 1556 3246 1603 mente
3269 1544 3520 1620 requirit,

482 1640 720 1713 Felicem
748 1638 972 1696 fratrem
998 1641 1196 1708 quibus
1216 1641 1529 1700 exhibuisse
1548 1642 1774 1713 doletis;
2176 1645 2366 1716 Palpat
2389 1654 2446 1700 ut
2469 1645 2523 1704 in
2553 1642 2796 1706 tenebris
2816 1655 2953 1712 puro
2980 1638 3194 1695 fervore
3215 1637 3345 1693 diei.

491 1729 566 1785 At
592 1730 803 1786 Domini
836 1730 1090 1801 indagare
1111 1731 1214 1785 mei
1245 1731 1291 1786 si
1324 1733 1544 1788 numina
1569 1734 1717 1789 cordi
1747 1743 1852 1805 est,
2178 1735 2443 1792 Demenle
2462 1736 2634 1800 eluso,
2669 1733 2890 1789 latebrae
2914 1732 3049 1804 petit
3080 1731 3269 1786 intima
3292 1727 3445 1785 Felix

483 1820 738 1893 ,lnppiler
764 1836 799 1877 ο
835 1819 942 1893 [ιιι]
983 1822 1235 1893 princeps
1262 1831 1403 1887 ruat,
1432 1824 1499 1885 ad
1531 1824 1794 1896 Capitolia
1818 1826 2039 1885 ducant
2177 1826 2291 1885 Nec
2319 1841 2470 1881 mora
2493 1821 2817 1895 regreditur,
2850 1822 3030 1885 vultus
3054 1821 3155 1877 sub
3182 1819 3346 1875 corde
3367 1817 3612 1873 volutans

485 1914 728 1969 Auribus
749 1913 1026 1982 oppressis
1040 1912 1203 1983 iudex
1227 1914 1373 1970 hunc
1393 1915 1585 1981 robore
1607 1918 1829 1973 mandat
2102 1979 2149 1990 _
2178 1919 2438 1990 Captator
2462 1918 2730 1982 stolidus;
2760 1916 2855 1971 sed
2877 1915 3024 1985 iussa
3047 1913 3265 1972 obturat
3301 1911 3544 1967 arachne

487 2002 749 2070 Obtundi,
776 1979 1090 2077 celsumque
1117 2005 1233 2060 dari
1264 1979 1551 2078 aptarique
1579 2017 1833 2077 catastae;
2102 1979 2151 2045 Β
2177 1979 2464 2067 introitum
2494 2008 2618 2064 telis
2656 1979 2951 2078 perniciter
2976 2018 3103 2067 aere
3128 2003 3327 2067 ductis,

485 2094 748 2149 Truditur
776 2094 905 2155 hinc
935 2095 1094 2151 caecis
1116 2096 1361 2153 barathri
1387 2097 1658 2168 siccisque
1694 2099 1932 2161 tenebris
2179 2104 2517 2172 Tutaturque
2540 2101 2711 2172 pium,
2742 2100 2877 2159 ludit
2901 2097 3170 2157 velamine
3189 2107 3416 2158 saevum,

482 2184 731 2261 ﬂexibus
753 2186 1032 2252 astrictus,
1058 2193 1380 2247 sternuntur
1408 2190 1661 2251 acumina
1685 2197 1837 2261 tergo
2178 2195 2606 2263 Pmdonemque
2632 2192 2735 2254 levi
2761 2205 2826 2246 ac
2854 2189 3063 2254 dirimit
3092 2186 3412 2250 discrimine
3434 2181 3677 2256 pradamt

487 2279 700 2348 Aspera
728 2286 991 2340 testarum
1023 2276 1334 2335 recubantis
1356 2278 1554 2336 vellere
1583 2295 1856 2348 somnum,
2179 2283 2464 2340 Frustrato
2487 2282 2716 2337 cedente
2744 2280 2893 2351 lupo,
2922 2278 3058 2350 petit
3081 2291 3256 2350 agnus
3276 2274 3445 2346 ovile,

485 2372 569 2445 Ae
601 2367 789 2427 fractae
808 2368 1011 2427 lectum
1032 2368 1230 2427 cocleae
1254 2370 1606 2426 mucronibus
1629 2380 1864 2429 armant.
2179 2376 2460 2432 Fomentis
2485 2375 2693 2431 altricis
2717 2374 2838 2430 ovis
2869 2374 2987 2429 sine
3016 2384 3168 2426 more
3193 2369 3400 2439 potitus
3429 2383 3445 2422 :

486 2461 697 2517 Visitur
716 2460 803 2518 his
828 2461 1042 2532 superis
1068 2461 1300 2530 divoque
1323 2463 1504 2518 nitore
1532 2462 1764 2530 levatur,
2182 2469 2349 2539 Cujus
2375 2468 2630 2524 subsidiis
2654 2468 2824 2522 alitur
2849 2464 3074 2520 minime
3099 2477 3197 2518 ora
3234 2469 3459 2525 tuetur;

482 2554 765 2623 Nocteque
792 2552 892 2608 sub
919 2553 1093 2608 media
1120 2553 1292 2609 scissa
1327 2554 1481 2609 trabe
1509 2553 1704 2610 dissilit
1724 2553 1873 2611 orbis
2180 2560 2292 2617 Lac
2316 2560 2523 2629 puerile
2550 2560 2698 2628 capit
2717 2566 3011 2627 servatque
3039 2554 3197 2610 virile
3226 2554 3515 2608 libramen.

492 2645 669 2714 tirura
696 2642 892 2714 duplex
923 2643 1061 2699 ῑθηεί
1093 2643 1187 2724 (ἰοί
1223 2652 1498 2714 Presserat
1523 2659 1626 2700 axe
1650 2644 1850 2713 solum.
2181 2654 2274 2709 Sic
2299 2663 2482 2712 ternos
2503 2653 2716 2724 agitans
2741 2665 2935 2706 cursus
2962 2650 3211 2719 lunaeque
3243 2646 3485 2708 labores.

484 2736 677 2814 Adque
701 2734 1039 2791 sacerdotem
1062 2736 1236 2807 ruptis
1260 2737 1550 2796 mandatur
1578 2736 1789 2801 ahenis,

2182 2744 2499 2799 Pontilicem
2539 2751 2662 2812 post
2691 2739 3007 2795 larvicolanl
3036 2738 3128 2798 dat
3150 2736 3380 2792 credere
3398 2731 3676 2800 Christum,

482 2825 915 2896 Pontilicemqne
944 2840 1102 2881 suum
1122 2824 1411 2896 egrediens
1441 2826 1765 2896 perquirere
1787 2825 1947 2891 liber.
2180 2832 2333 2890 Eruit
2358 2841 2415 2888 et
2444 2831 2702 2900 templum
2731 2828 2916 2888 divino
2939 2826 3161 2883 numine
3186 2838 3430 2890 versum.

480 2902 879 2990 litventnmqtte
902 2916 1024 2972 urbi
1048 2914 1362 2986 laribusque
1390 2917 1623 2973 educere
1656 2926 1818 2973 caute
2179 2922 2281 2988 Qui
2311 2934 2573 2992 responsa
2598 2918 2784 2984 dabat,
2816 2917 3027 2989 fugiens
3051 2915 3145 2971 ubi
3169 2914 3318 2970 cedit
3340 2911 3550 2983 Apollo.

481 3007 555 3074 Et
579 3014 780 3063 tectum
805 3006 1072 3074 refovere,
1104 3007 1248 3064 domi
1273 3007 1398 3063 dum
1427 3008 1584 3063 turbo
1611 3008 1837 3064 residat.
2179 3014 2408 3070 Actibus
2442 3012 2527 3067 his
2555 3011 2758 3075 clarus,
2779 3008 2996 3065 virtutis
3018 3007 3224 3062 honore
3250 3004 3507 3069 decorus,

482 3100 589 3167 Qui
617 3098 801 3157 senior
828 3113 930 3164 nec
955 3096 1102 3165 ferre
1129 3098 1318 3156 valens
1344 3107 1639 3166 tormenta,
1664 3097 1905 3153 ferarum
2184 3105 2320 3160 Dum
2350 3105 2553 3176 petitur
2573 3110 2767 3161 cuncta
2791 3098 2987 3170 praesul
3012 3098 3258 3153 fervente
3287 3103 3527 3160 caterva,

480 3178 682 3249 Lustra
703 3187 945 3257 fovebat,
973 3202 1141 3257 agens
1169 3188 1337 3257 vitam
1358 3203 1610 3263 suprema
1640 3188 1967 3255 trahentem,

2106 3243 2150 3263 ,,
2182 3194 2488 3256 Pontiﬁcali
2519 3194 2681 3251 alium
2706 3206 2943 3253 renuens
2971 3190 3099 3259 legit
3121 3202 3250 3243 arce
3280 3186 3581 3242 levandum.

482 3276 713 3346 Fl‘iliOl'e
733 3275 1067 3342 οοηίθοῐυιη.
1089 3276 1249 3339 famis
1278 3284 1334 3346 ει
1362 3276 1679 3339 discrimina
1705 3284 1950 3346 passum.
2104 3275 2150 3306 υ
2182 3286 2414 3345 Pacilice
2438 3284 2561 3341 inde
2591 3291 2734 3342 meat
2757 3282 3005 3338 duodena
3036 3278 3312 3339 volumina
3336 3275 3524 3331 thbi

487 3369 781 3441 lnvenicns
804 3368 956 3431 Felix
986 3377 1109 3440 post
1127 3370 1320 3427 crebra
1343 3369 1620 3431 volumina
1645 3369 1815 3434 saltus
2185 3378 2325 3433 Hinc
2350 3376 2624 3435 hominem
2657 3374 2869 3445 magnis
2892 3369 3128 3441 locuples
3157 3367 3467 3435 virtutibus,
3492 3364 3617 3437 exit,

486 3461 609 3531 iam
633 3460 868 3539 rigidum
897 3460 1187 3531 immotum
1215 3459 1760 3539 gelidumquejaccre
1785 3460 2037 3539 cadaver,
2185 3469 2256 3526 Se
2281 3468 2427 3524 velut
2450 3475 2607 3523 oratu
2634 3476 2888 3521 sternens
2913 3462 3178 3521 altaribus
3205 3460 3388 3525 almis,

487 3549 710 3621 ﬁstuat
731 3550 874 3606 unde
897 3559 1107 3622 patrem
1136 3550 1364 3619 relevet,
1395 3549 1614 3619 flantem
1648 3550 1835 3619 ultima
1862 3560 2030 3618 curetl

1877 3560 2042 3619 mret.
2183 3561 2313 3616 Post
2335 3558 2603 3615 celebrata
2631 3555 2718 3611 die
2739 3553 2939 3610 Christi
2967 3551 3229 3624 mysteria
3256 3563 3420 3613 sacro

488 3643 579 3721 Εῑε
610 3644 747 3716 ιποιι
769 3643 907 3707 mira
936 3643 1099 3719 ﬁdes!
1128 3643 1366 3714 Ρβηάθνθ
1390 3642 1444 3698 in
1469 3642 1713 3713 senilibus
1739 3657 1901 3709 uvam
2182 3648 2323 3704 Pace
2342 3647 2467 3705 data
2496 3645 2708 3701 cunctis
2733 3643 2953 3700 subiens
2973 3641 3217 3697 coelestia
3244 3639 3422 3706 Felix,

487 3737 635 3808 Ecce
663 3736 813 3793 videt
848 3735 1095 3807 stupidus
1121 3751 1241 3808 quae
1262 3750 1430 3807 grana
1455 3733 1691 3803 iacentis
1718 3734 1772 3788 in
1801 3748 1899 3793 ore
2183 3739 2311 3797 Post
2335 3738 2515 3794 crucis
2551 3744 2772 3792 exactos
2800 3735 2969 3792 multo
2995 3733 3098 3789 sub
3125 3747 3296 3804 agone
3325 3729 3619 3802 triumphos

487 3830 686 3895 Pressa
715 3831 862 3891 senis
899 3838 1154 3906 recreant
1181 3828 1422 3889 animum
1448 3827 1811 3896 attolluntque
1842 3824 2080 3895 relatum
2185 3830 2382 3888 Felicis
2411 3829 2603 3900 ραιωω
2632 3827 2805 3885 titulis
2833 3826 3067 3886 feliciter
3093 3840 3246 3881 usus.

484 3922 719 3989 11180ιὶιο
747 3922 959 3999 dulcem
986 3920 1091 3978 fert
1120 3935 1311 3992 aspera
1343 3920 1495 3992 sylva
1529 3934 1780 3999 saporem
2120 3932 2131 3939 ‘
2185 3922 2514 3994 Presbytero
2539 3921 2698 3983 datur
2726 3917 2976 3988 llelpidio
3001 3924 3230 3976 curante
3257 3913 3541 3985 sepulchro

491 3997 875 4089 Lactitiamque
900 4013 1035 4073 meri
1066 4014 1374 4084 tribuerunt
1400 3997 1621 4084 cuspide
1652 4010 1822 4089 dumi.
2185 4014 2546 4085 Pinceusique
2569 4011 2685 4071 solo
2712 4011 2911 4075 renitet
2935 4009 3152 4074 virtutis
3172 4010 3373 4079 epimo.

491 4105 823 4175 Aggreditur
840 4103 988 4161 Felix
1011 4102 1153 4161 ulnis
1174 4103 1524 4174 humerisque
1547 4110 1784 4173 reportat
2189 4106 2304 4163 Hoc
2326 4119 2542 4176 quoque
2564 4102 2873 4172 pontiﬁcem
2897 4100 3109 4161 felicem
3139 4099 3260 4155 lucc.
3281 4097 3509 4168 potitum

497 4199 653 4250 léure
680 4208 887 4271 parem
914 4196 1113 4266 tugurii
1138 4205 1192 4251 et
1220 4195 1451 4263 vidualis
1480 4194 1718 4253 culmine
1745 4195 1960 4260 condit,
2189 4196 2447 4252 Mirorum
2479 4209 2509 4250 a
2539 4207 2708 4264 puero
2736 4191 3058 4260 culmenque
3089 4190 3349 4255 decenter
3383 4189 3646 4257 adeptum.

493 4284 886 4359 Occultumque
910 4283 1081 4359 fovet,
1111 4293 1409 4356 cautusque
1432 4283 1689 4339 alimenta
1720 4283 2009 4339 ministrat.
2189 4285 2429 4358 Martyrii
2456 4284 2618 4340 sociis
2646 4291 2730 4337 ter
2757 4282 2895 4337 deno
2920 4288 3207 4335 stemmate
3237 4279 3415 4343 nexis,

494 4355 705 4443 Captus
734 4373 862 4428 item
899 4355 1108 4445 martyr
1135 4355 1347 4429 Circeio
1370 4372 1586 4428 deditur
1623 4373 1747 4428 exul
2117 4404 2147 4459 _v
2196 4355 2486 4447 Presbyter
2508 4372 2790 4450 Helpidius
2820 4370 3038 4459 Noleusi
3070 4369 3299 4437 collocat
3321 4367 3467 4431 aula,

499 4463 644 4539 ﬁexa
670 4478 858 4543 secare
882 4464 1022 4546 apici
1052 4480 1071 4548 ξ
1103 4463 1372 4539 damnatis
1404 4463 1587 4538 vivere
1621 4478 1864 4534 consors,
2113 4457 2168 4530 Il,

1910 4639 2139 4697 CAPUT
2197 4639 2288 4695 Ν.

1834 4748 1910 4819 De
1936 4761 2121 4806 sancta
2149 4751 2371 4806 Juliana

503 4887 738 4949 lrradiat
765 4886 964 4942 Cumas
987 4885 1143 4941 fortis
1170 4884 1382 4940 Juliana
1417 4884 1622 4949 virago.
2198 4884 2411 4941 Invenit
2431 4882 2518 4937 hic
2544 4880 2755 4937 cunctis
2784 4879 3072 4935 truciorem
3105 4877 3425 4934 horroribus
3447 4875 3634 4930 hostem

452 4999 464 5014 ν
509 4981 665 5053 Quae,
694 4988 814 5049 post
839 4976 1099 5047 chttitum
1130 4977 1288 5039 bellis
1321 4985 1481 5047 caput
1505 4976 1676 5041 beatis
1707 4975 1905 5049 iniqui,
2195 4980 2410 5048 interna
2441 4976 2704 5049 oppositis
2737 4967 3070 5042 externaque
3096 4972 3235 5027 bella
3265 4978 3571 5029 moventem,
