3908 5426
144 216 230 278 85Ὶ
695 211 784 270 DE
819 211 1092 271 CHRISTI
1132 212 1509 276 TRIUMPIIIS
1548 210 1734 274 APUD
1768 211 2048 270 ITALIAM
2073 215 2255 275 LIBRI
2289 219 2424 278 XIV.
2467 251 2534 262 —
2568 221 2694 278 LIB.
2742 222 2884 280 XIV.
3237 207 3350 281 858

1559 347 1793 412 CAPUT
1850 347 1916 404 ν.

1289 487 1368 543 De
1395 485 1682 559 Spoletana
1714 485 1884 544 sancti
1910 483 2072 542 Pauli
2101 487 2337 546 ecclesia.

147 627 378 701 SpOIeIllm
406 619 566 677 rutilo
585 619 806 675 Patrum
839 621 1122 691 splendore
1141 621 1394 678 decoram
1707 603 1758 664 Α
1787 619 2068 676 Obczecata
2105 622 2269 678 minis
2291 631 2376 676 ast
2402 623 2668 680 illustrata
2702 627 2975 697 trophzeis.

144 718 439 780 Prretulimus
457 713 767 784 claramque
796 715 902 784 piis
933 714 1242 784 celsamque
1278 715 1569 786 palaestris.
1787 712 2062 782 Frangere
2086 713 2326 768 clausam
2354 717 2540 771 adiens
2563 718 2876 788 prohibetur
2909 720 3046 776 inire
3069 729 3365 790 patentem,

146 813 268 870 llanc
291 810 440 865 etiam
471 805 619 860 Pauli
645 806 849 876 pollens
878 807 1120 862 Ecclesia
1146 807 1340 862 lustrat
1787 804 1958 870 Quam
1990 805 2114 858 dum
2153 805 2330 860 lumen
2359 809 2494 874 adit,
2529 812 2792 865 tumidum
2832 813 3007 883 caligo
3032 814 3262 888 subegit,

145 905 198 960 Et
214 903 370 972 palma
394 899 532 962 lidei,
569 898 802 968 caligine
827 899 1057 953 luminat
1082 899 1274 964 hostis,
1787 895 2037 966 Euroque
2064 907 2290 959 cazcato.
2322 899 2444 956 ﬁdei
2478 900 2689 974 fulgore
2723 903 2989 972 ﬂagrante

146 995 303 1052 Clausa
335 992 436 1065 lupi
467 990 646 1057 furiis,
677 991 801 1062 agni
833 991 926 1046 sed
955 1000 1140 1064 aperta
1173 993 1482 1069 triumphis,
1788 988 2034 1048 Ecclesia
2062 989 2251 1047 invasu
2285 993 2656 1052 reurimuntur
2679 997 2897 1056 luminis
2921 998 3124 1058 hostes.
3171 1043 3174 1048 .

1564 1186 1793 1245 CAPUT
1831 1189 1922 1245 VI.

1290 1322 1370 1377 De
1399 1329 1579 1376 sancto
1606 1319 1912 1376 Eleutherio
1941 1333 2193 1396 martyre.

145 1464 289 1523 patris
315 1460 608 1518 Eleutherii
639 1460 884 1532 probitas
913 1458 1001 1514 hic
1037 1457 1183 1514 clara
1217 1467 1498 1524 coruscat,
1789 1453 1888 1521 Qui
1917 1457 2244 1528 signansque
2273 1471 2415 1515 diem
2442 1460 2790 1532 gaudensque
2816 1460 2882 1516 ad
2914 1461 3132 1532 praemia
3158 1462 3338 1519 fertur

141 1559 204 1612 Ad
229 1557 376 1610 vitam
409 1553 678 1624 lacrymas
704 1553 859 1624 cujus
885 1566 1170 1607 revocasse
1193 1552 1429 1606 cadaver
1791 1549 2011 1620 Mystica
2043 1553 2216 1621 poscit
2243 1568 2413 1609 ovans
2437 1570 2658 1610 carmen
2687 1555 2916 1625 prolibat
2937 1566 2991 1614 et
3015 1558 3265 1628 hymnos,

143 1648 354 1704 'l'estibus
372 1646 594 1701 asseclis
623 1645 918 1717 Gregorius
946 1645 1144 1698 asserit
1171 1643 1375 1708 almus;
1790 1642 1956 1698 Ferre
1986 1660 2212 1701 monens
2245 1645 2457 1710 fratres,
2485 1648 2593 1702 ciet
2613 1648 2682 1704 ad
2719 1664 2885 1720 regna
2907 1650 3016 1704 alta
3039 1651 3276 1705 sodalem
3308 1669 3322 1704 :

142 1741 228 1796 Nec
253 1741 361 1796 silet
380 1739 587 1794 obtenti
623 1754 719 1809 per
739 1753 862 1792 eum
891 1737 993 1791 sibi
1024 1737 1163 1790 dona
1193 1737 1430 1806 vigoris,
1798 1753 1816 1784 ι
1866 1733 2025 1805 Urse,
2055 1737 2176 1792 veni
2207 1736 2481 1794 clamans!
2522 1758 2541 1790 ι
2579 1741 2713 1796 socii
2745 1757 2847 1797 nec
2878 1752 3058 1798 mente
3087 1750 3378 1812 capessunt

142 1832 328 1886 Firmati
349 1831 594 1887 columen
628 1830 893 1885 stomachi
915 1828 1121 1900 jejunia
1157 1830 1259 1883 rite
1788 1828 1967 1892 Dicta,
1996 1845 2096 1885 nec
2140 1831 2429 1886 advertunt
2456 1833 2601 1901 quod
2631 1833 2809 1889 fassus
2838 1850 3000 1904 quem
3031 1835 3305 1900 vocitarit,
3363 1865 3371 1890 .-

141 1923 276 1978 i‘crre
299 1923 492 1989 datum,
519 1923 681 1994 positi
711 1922 797 1978 vel
825 1923 1043 1978 vincere
1073 1921 1329 1992 ponderis
1348 1936 1586 1990 aequum.
1789 1923 1925 1976 Dum
1968 1931 2090 1992 post
2118 1923 2261 1978 scire
2286 1923 2448 1978 datur
2475 1937 2748 1982 semotum
2779 1929 2998 1982 tramite
3024 1928 3184 1999 longo
3269 1960 3274 1967 -

139 2017 192 2069 At
210 2015 318 2068 dum
343 2030 533 2087 magna
563 2023 744 2085 patrat
763 2015 1028 2084 premitur
1059 2024 1236 2070 tamen
1266 2014 1382 2084 ipse
1409 2015 1610 2070 libratu
1794 2014 2106 2070 Decessisse
2133 2025 2348 2084 patrem
2375 2017 2538 2072 rebus
2567 2018 2904 2088 cognominis
2938 2017 3146 2087 hujus,-

140 2107 308 2162 Divinaz
334 2108 647 2164 moderante
672 2123 866 2164 manus
891 2109 1004 2178 qui,
1032 2109 1158 2164 sede
1192 2117 1466 2176 receptura
1793 2107 2066 2163 Memento
2091 2107 2196 2162 hoc
2222 2106 2417 2162 fultum
2446 2109 2778 2168 venerandis
2805 2110 3020 2165 actibus
3050 2110 3169 2180 ipso

139 2199 552 2269 Applicitumque,
583 2201 740 2272 nigro
771 2216 998 2270 puerum
1023 2200 1368 2270 spurcamine
1394 2209 1609 2270 purgat,
1713 2215 1760 2276 Β
1790 2207 2056 2273 Suprema
2087 2208 2198 2256 stat
2223 2201 2518 2258 Eleutherii
2559 2217 2668 2272 quo
2693 2217 2824 2257 voce
2848 2203 3104 2257 citatum.

139 2291 278 2356 Quem
301 2293 538 2347 trucibus
559 2292 777 2348 solvunt
808 2293 895 2363 pia
925 2292 1279 2347 contubernia
1303 2292 1519 2361 vinclis,
1800 2299 2109 2370 virgineam
2141 2305 2299 2364 pater
2334 2294 2426 2351 hic
2453 2304 2690 2350 mentem
2714 2295 2840 2349 dum
2875 2296 3092 2351 dotibus
3118 2305 3298 2359 ornat,

138 2381 415 2453 Insuetoque
438 2383 833 2440 feruntnoctes
859 2385 1085 2440 ductare
1111 2387 1347 2454 quietas,
1791 2389 2008 2448 Christo
2043 2384 2358 2442 defunctam
2385 2424 2403 2452 ,
2455 2384 2830 2453 mundumque
2852 2423 2872 2453 ,
2923 2393 3245 2455 patremque
3291 2396 3390 2439 neo

139 2473 421 2544 Tripudians
443 2478 606 2532 donis
629 2487 782 2546 pater
812 2486 973 2546 atque
1005 2479 1304 2547 improvida
1334 2477 1547 2545 iactans
3075 2477 3316 2550 [gantctn

141 2564 312 2621 Gaudia
347 2569 730 2638 supprimitur,
759 2584 930 2638 puero
953 2570 1019 2624 ad
1037 2571 1164 2641 juga
1197 2570 1370 2640 prisca
1397 2571 1645 2641 relapso;
1799 2576 1967 2632 Aurea
1995 2573 2134 2628 dona
2168 2571 2339 2626 lutum
2368 2570 2554 2640 sponsi
2581 2568 2868 2640 splendore
2888 2577 3203 2640 putantem,-

141 2657 279 2723 Quem
297 2657 550 2732 Iaerymm
573 2662 790 2716 demum
820 2669 876 2716 et
898 2662 1173 2716 redimunt
1196 2662 1408 2732 jejunia
1440 2663 1672 2720 fratrum
1796 2667 1971 2733 Quam
2003 2665 2082 2722 sic
2101 2663 2268 2734 digna
2294 2663 2461 2732 capit,
2496 2661 2608 2733 regi
2639 2677 2801 2730 quam
2825 2671 2978 2732 grata
3010 2673 3174 2728 super

141 2748 454 2822 Perlecteque
479 2763 668 2809 manet
703 2753 904 2825 degens
933 2755 984 2808 in
1014 2764 1210 2810 caetera
1245 2755 1400 2811 liber.
1797 2756 2050 2811 Ruricola
2079 2763 2302 2824 accepto
2332 2754 2706 2823 increpitaque
2730 2751 2938 2816 latrone
2965 2750 3168 2820 fugato,

141 2840 429 2900 Germanum
464 2845 554 2902 hic
590 2846 815 2902 fratrem
845 2845 1050 2902 clarum
1079 2847 1352 2916 probitate
1388 2846 1660 2914 Joannem
1799 2847 1957 2903 I-Iaud
1991 2849 2196 2917 aliquid
2213 2846 2354 2916 juris
2385 2861 2472 2901 res
2500 2846 2554 2900 in
2587 2845 2843 2900 candoris
2869 2842 3107 2898 habente

140 2934 382 2994 Extulerat
408 2939 661 3011 prazscita
691 2939 793 3015 piae
815 2940 900 2999 cui
929 2939 1102 3016 gloria
1131 2950 1314 3008 metas,
1809 2939 1898 2996 Vel
1926 2951 2193 2997 temerare
2220 2939 2436 2994 valente
2460 2938 2645 2994 datum
2672 2935 2777 2992 nisi
2806 2934 3018 3006 virgine
3045 2938 3284 3003 portum.

1568 3096 1796 3153 CAPUT
1832 3095 1946 3152 VII.

1316 3203 1396 3261 De
1429 3220 1612 3263 sancto
1646 3209 1854 3266 Joanne
1880 3207 2200 3279 confessore.

136 3337 338 3396 Joannes
363 3341 579 3413 Syriam
605 3339 823 3396 virtutis
840 3340 1077 3396 culmine
1100 3340 1349 3411 linquens
1691 3393 1693 3396 .
1809 3342 2091 3397 Roboreos
2123 3339 2239 3394 sine
2271 3351 2422 3392 more
2444 3335 2630 3391 vident
2658 3333 2911 3390 frondere
2939 3332 3195 3397 lacertos.

137 3426 507 3500 Ausoniamque
536 3439 746 3501 petens,
778 3428 1146 3483 Penarensem
1181 3429 1448 3484 illuminat
1473 3430 1691 3486 urbem.
1809 3431 2117 3500 Vestirique
2146 3429 2274 3482 dato
2305 3441 2410 3480 non
2439 3426 2490 3480 in
2525 3439 2623 3479 sua
2649 3431 2890 3494 tempora
2921 3422 3089 3476 cultu.

135 3514 536 3591 Perquircnsque
563 3520 739 3574 locum
773 3528 900 3573 tuta:
929 3527 984 3574 et
1012 3520 1260 3576 stationis
1284 3520 1540 3592 agellum,
1728 3540 1773 3603 ρ
1807 3524 2047 3580 Scitalus
2073 3521 2193 3592 quis
2212 3527 2266 3574 et
2289 3520 2431 3573 unde
2453 3519 2671 3572 domum
2705 3531 2812 3586 quo
2835 3515 2960 3584 jure
2990 3520 3234 3584 moretur
3314 3575 3318 3580 δ
3365 3515 3368 3518 ’

137 3606 371 3664 Psalterio
403 3611 514 3665 lato
546 3610 640 3665 sed
676 3624 800 3665 m0!
830 3609 896 3663 ad
921 3619 1050 3664 V013
1075 3609 1272 3677 Telam,
1807 3618 1878 3672 Se
1899 3614 2100 3672 Christi
2132 3613 2289 3668 modo
2320 3611 2546 3667 servitio
2581 3610 2794 3665 venisse
2827 3608 3048 3671 fatetur,

136 3697 304 3768 Deligft
330 3701 417 3756 hic
440 3711 661 3768 sumpto
686 3700 880 3754 collata
913 3700 1220 3755 habitacula
1259 3702 1448 3772 signo;

1806 3711 1918 3765 Hoc
1949 3726 2007 3765 se
2038 3709 2163 3778 jure
2189 3707 2345 3770 locis,
2373 3706 2478 3760 hoc
2503 3705 2682 3758 sidere
2713 3703 2932 3756 ruribus
2963 3700 3088 3754 illis.

137 3788 321 3846 Certior
340 3793 588 3864 angelico
618 3791 744 3860 quin
775 3791 973 3845 famine
995 3792 1241 3861 protinus
1264 3794 1416 3846 audit

1792 3800 1935 3855 ’Visa
1975 3799 2154 3854 ferunt
2179 3796 2414 3868 populis,
2441 3793 2724 3849 turmatim
2757 3793 2921 3846 densa
2949 3789 3201 3844 feruntur

138 3878 271 3937 Hunc
296 3883 394 3938 sibi
423 3886 528 3938 rite
560 3885 737 3938 locum
763 3883 992 3937 Domino
1013 3893 1304 3951 praestante
1323 3884 1647 3953 parandum,
1804 3890 2053 3960 Agmina,
2075 3888 2340 3959 stipantes
2365 3893 2561 3940 coeunt
2593 3885 2708 3938 haec
2738 3883 2911 3936 visere
2943 3890 3168 3944 turmae;

136 3969 343 4043 Degendi
373 3985 590 4043 portum
615 3990 918 4046 cursusque
943 3975 1150 4044 vimque
1173 3975 1440 4028 levamen.
1807 3981 1997 4034 Castra
2028 3979 2278 4034 locantur
2304 3977 2467 4031 humo
2504 3975 2620 4029 solo
2651 3973 2938 4043 gaudentia
2966 3970 3137 4036 coelo,

137 4061 350 4118 Canebat
375 4065 622 4134 glacialis
655 4067 866 4135 hyems,
900 4080 1092 4120 nemus
1127 4080 1288 4119 omne
1317 4065 1526 4134 rigebat
1812 4071 2114 4126 Praeﬁcitnr
2141 4068 2432 4124 certaturis
2460 4065 2780 4124 certaminis
2808 4077 3042 4132 auspex;

135 4151 371 4210 Duratum
410 4159 727 4227 nudumque
755 4173 908 4212 coma
941 4157 1314 4228 scriptumque
1347 4158 1566 4228 pruina,
1813 4163 2087 4233 Aggregat
2116 4170 2278 4230 atque
2304 4159 2440 4230 regit
2471 4157 2701 4212 Domino
2727 4155 3045 4210 moderante
3071 4158 3362 4216 catervas;

137 4240 312 4312 llleque
341 4250 440 4302 sub
465 4249 614 4302 vidui
640 4249 912 4304 residebat
943 4248 1180 4319 tegmine
1201 4248 1365 4320 ligni;
1814 4255 1907 4308 Sic
1946 4262 2139 4323 quater
2165 4251 2409 4306 undenos
2438 4249 2647 4320 pollens
2678 4246 2970 4302 virtutibus
3002 4257 3176 4299 annos

134 4331 322 4391 Veram
356 4339 483 4394 fessi
515 4349 640 4410 post
667 4338 824 4409 longa
853 4338 1123 4393 volumina
1153 4340 1348 4405 salius,
1815 4349 1954 4407 llinc
1977 4355 2225 4420 sumptus
2248 4346 2435 4418 requie
2467 4344 2663 4400 renitet
2683 4341 2988 4413 splendoris
3013 4341 3239 4395 honore.
3363 4409 3365 4411 ι

135 4421 328 4485 Erroris
357 4431 487 4486 dum
519 4440 648 4489 nota
673 4440 866 4508 petunt
893 4431 1157 4488 solamina
1180 4432 1350 4504 longi,

1567 4581 1795 4641 CAPUT
1836 4585 1969 4641 VIII.

1340 4717 1419 4772 De
1449 4729 1632 4772 sancto
1664 4718 1922 4772 Cassiano
1950 4726 2195 4786 martyre.

139 4855 281 4926 Syllae
306 4857 485 4912 forum
515 4870 624 4926 qua
657 4853 950 4911 Cassianus
971 4853 1143 4925 gloria
1749 4837 1798 4896 Ι)
1829 4850 2099 4918 Datusquc
2122 4843 2280 4900 saevis
2313 4840 2657 4911 dissipandus
2680 4838 2937 4910 parvulis,

137 4947 378 5014 Illustrat,
401 4950 542 5012 edit,
578 4955 943 5016 concrepante
966 4947 1209 4999 carmine
1825 4937 2001 4994 Sumit
2029 4950 2214 4992 severa
2241 4932 2387 4987 mille
2420 4934 2635 4986 vinctus
2659 4930 2907 4984 vulnera.

135 5039 364 5095 Clemens
384 5041 700 5111 palrestram
725 5037 1002 5093 disserens
1030 5035 1296 5100 Aurelius,
1823 5026 2115 5082 Crescente
2140 5041 2296 5096 pmna
2329 5025 2456 5076 dum
2483 5022 2686 5076 fatiscit
2710 5019 2976 5082 carnifex,

136 5129 348 5186 Pictoris
370 5142 491 5186 arte
521 5145 586 5184 se
611 5131 834 5184 docente
859 5138 912 5181 et
940 5127 1169 5196 hospite.
1822 5115 2013 5171 Pueris
2043 5115 2282 5185 magistri
2311 5128 2409 5182 per
2434 5122 2612 5167 cutem
2646 5111 2976 5172 ludentibus.
3041 5129 3059 5142 -

135 5219 273 5274 Altor
292 5222 488 5282 scolari
527 5221 617 5275 hic
640 5220 977 5290 praestitutus
1007 5219 1230 5290 agmini,
1821 5210 1968 5276 Quas
1996 5212 2112 5280 ipse
2140 5210 2308 5264 durus
2339 5207 2527 5261 ἀθειοΓ
2564 5204 2811 5260 wider”
2841 5203 3005 5268 ηοιῖεε

140 5311 505 5385 Spernensque
537 5313 709 5368 sacris
736 5311 1044 5384 supplicare
1075 5311 1342 5375 formulis,
1825 5302 2068 5358 Tandem
2103 5315 2284 5356 moras
2321 5298 2583 5352 luctantis
2603 5295 2728 5349 olim
2753 5293 2977 5362 spiricus

139 5400 333 5426 1...---.ι.-
363 5406 558 5426 ___.I_.__
591 5405 792 5426 _____I:__-
828 5412 885 5426 --.
916 5403 1172 5426 .....--.l:.__..

1829 5393 2089 5426 Ilion-un...
2122 5392 2343 5426 Ιιιιοιηαῖα
2381 5389 2600 5426 mandat
2640 5385 2841 5426 nhcnIvi
2871 5385 3011 5426 Πριια
