3908 5426
190 326 280 382 861
720 322 808 378 DE
836 320 1105 379 CIIRISTI
1134 319 1507 378 TRIUMPIIIS
1543 321 1728 378 APUD
1757 321 2036 377 ITALIAM
2063 321 2240 378 LIBRI
2262 321 2401 378 XIV.
2425 351 2496 364 —
2531 322 2659 378 LIB.
2697 307 2837 379 XIV.
3315 306 3421 382 863

190 436 392 506 Ignibus
415 432 666 488 immunis
692 433 955 489 scelerum
989 442 1144 488 necat
1176 443 1294 487 atra
1313 447 1575 502 vaporum
1770 437 1820 496 Α
1850 431 2150 488 Verborum
2178 433 2385 503 gladius
2416 434 2790 505 plectrumque
2813 436 3144 493 abscinditur
3163 439 3294 505 oris,

191 526 545 595 Edomitisque
573 524 704 581 focis
725 534 928 594 perstat
951 525 1147 580 Christi
1180 525 1356 580 hostia
1387 525 1602 580 victrix.
1852 523 2078 580 Interior
2100 523 2192 577 sed
2222 525 2375 593 plena
2401 526 2529 579 serit
2555 528 2820 595 pnrconia
2848 526 3060 596 lingua;

193 618 334 685 Quod
360 626 628 686 nequeunt
655 617 851 671 clibani
881 618 1076 670 dantur
1105 617 1352 685 supplere
1375 615 1648 686 chelydri;
1851 613 2132 682 lutpetitur
2159 617 2314 669 srevis
2347 617 2539 669 totiens
2561 617 2810 672 decorata
2834 619 3068 689 sagittis.

193 707 522 765 Marcescunt
541 718 722 764 tamen
753 707 971 764 aetherei
998 707 1194 761 virtute
1223 705 1502 774 triumphi,
1853 703 2108 758 Bellatrix
2143 703 2294 774 pulsa
2324 714 2380 759 et
2396 704 2595 774 jaculis
2628 721 2779 761 mens
2803 709 2997 764 emicat
3024 709 3205 766 astris.

1595 857 1822 914 CAPUT
1871 856 2008 912 XIII.

1498 970 1575 1024 De
1601 982 1782 1026 sancto
1813 969 2112 1024 Ambrosio.

192 1103 425 1159 Comitur
451 1099 724 1155 Ambrosii
753 1099 962 1154 meritis
993 1099 1121 1154 urbs
1152 1099 1476 1165 Mediolana,
1854 1101 2092 1156 Sincerae
2119 1100 2242 1156 fidei
2271 1099 2556 1156 candentia
2585 1100 2786 1155 vellera
2822 1102 3024 1167 subdit,

193 1195 350 1262 Quam
379 1191 547 1261 gestis
567 1198 728 1259 atque
754 1205 848 1245 ore
873 1190 1003 1245 colit
1030 1191 1320 1245 virtutibus
1347 1201 1507 1246 eruat
1527 1232 1542 1257 ,
1857 1191 2081 1262 Singula
2109 1191 2309 1246 militiae
2333 1200 2568 1246 tractans
2591 1207 2805 1261 quoque
2827 1193 3006 1247 munia
3031 1193 3184 1254 divze,

193 1283 310 1350 Quae
338 1281 556 1334 monitis
587 1280 891 1350 Augustini,
919 1280 1165 1347 Pauline,
1190 1283 1454 1352 resignas.
1857 1287 2118 1344 Omnibus
2149 1287 2212 1340 ad
2244 1301 2511 1340 summum
2540 1285 2844 1342 Izetantibus
2873 1288 2984 1341 exit
3012 1289 3294 1350 honorem,

193 1376 334 1429 IIunc
355 1382 510 1442 pater
539 1371 796 1426 infantem
830 1372 1037 1427 caelesti
1070 1374 1319 1427 examine
1349 1376 1505 1429 cunis
1857 1382 2205 1450 Antistesque
2226 1381 2383 1435 datus
2407 1390 2596 1436 sancte
2623 1391 2968 1438 sacrosancta
2996 1383 3288 1449 ministrat,

192 1463 427 1517 Ittvasum
453 1462 684 1517 miratur
713 1477 870 1532 apum
909 1477 1033 1518 mox
1062 1476 1206 1517 astra
1233 1474 1512 1534 petentum

1857 1477 2082 1533 Actibus
2111 1476 2366 1546 effulgens
2393 1477 2604 1532 Domini
2637 1477 2925 1547 splendore
2957 1480 3219 1534 coruscis.

193 1554 409 1623 Prmsagi
419 1563 547 1622 tque
571 1553 746 1606 virum
772 1553 1016 1608 cmlestia
1046 1553 1204 1608 mella
1229 1555 1504 1609 daturum.

1857 1568 2136 1638 Approbat
2156 1568 2207 1624 id
2238 1578 2377 1622 tacta
2399 1569 2641 1638 gaudens
2670 1568 2964 1640 paralytica
2990 1578 3139 1624 veste

193 1646 254 1697 At
282 1657 434 1708 puer,
463 1653 744 1698 ostentans
771 1658 926 1699 sacro
951 1658 1010 1698 se
1039 1659 1188 1699 more
1207 1644 1513 1711 colendum,

1860 1661 1926 1716 Et
1953 1661 2170 1731 proprio
2195 1661 2408 1714 rediens
2437 1660 2613 1716 alieno
2645 1661 2823 1714 vincta
2849 1661 3048 1714 ducatu
3071 1676 3085 1725 ;

193 1737 449 1808 Porgehat
474 1737 598 1792 ludo
623 1738 867 1791 venerari
892 1736 1102 1805 virgine
1131 1738 1373 1792 dextram

1861 1753 2036 1822 Atque
2063 1752 2280 1822 indigna
2308 1752 2440 1820 petit
2466 1751 2667 1805 claram
2688 1753 2919 1806 cunuixa
2950 1751 3222 1805 lucernam

197 1825 607 1896 Vaticinausque
629 1827 812 1881 datum
846 1829 1179 1883 memorabat
1208 1842 1264 1880 se
1285 1827 1475 1882 ordine
1500 1837 1702 1882 vatum.
1864 1844 2075 1899 venere
2101 1842 2448 1907 caudeisiim,
2479 1841 2683 1895 ieihum
2715 1841 2818 1895 sibi
2849 1841 3010 1894 siuna
3050 1841 3236 1908 vii-ago

194 1915 419 1971 Eductus
443 1913 628 1970 ferulis
657 1915 988 1986 rutilausque
1016 1918 1189 1972 nitore
1219 1918 1422 1985 sopita:

1863 1935 2059 1989 Tracta
2092 1944 2240 1988 veste
2268 1934 2429 2003 rapit,
2461 1932 2854 2000 temerariaque
2877 1945 3027 1984 arma
3056 1929 3324 1990 retundit:

192 2007 414 2061 Auribus
450 2007 657 2061 accitur
681 2022 964 2078 procerum
989 2008 1234 2062 consulta
1271 2018 1534 2062 notatum.
1863 2024 2122 2094 [imperii
2154 2025 2240 2078 hic
2265 2025 2426 2077 eiism
2457 2022 2587 2078 Ειίςε
2607 2023 2901 2092 spiramine
2921 2020 3135 2075 tenens

195 2096 300 2165 Ipse
325 2113 549 2168 quoque
581 2099 784 2152 ascitus
821 2098 1072 2168 princeps
1103 2098 1383 2166 legumque
1410 2100 1690 2166 magister,

1452 2100 1690 2166 ’θείεωτν
1868 2112 2121 2168 Iliezabcl
2148 2114 2364 2168 rabidos
2392 2115 2545 2183 nigro
2572 2114 2742 2168 livore
2785 2112 2995 2164 furores

195 2191 413 2245 Tutatur
445 2191 698 2259 patriam,
724 2191 950 2261 populos
977 2191 1137 2263 regit.
1170 2191 1385 2246 ordinat
1417 2193 1595 2246 urbes.
1865 2206 1979 2271 Qus
2007 2203 2220 2257 fraudes
2251 2204 2389 2259 iiosii
2411 2204 2634 2258 coluber
2661 2201 2884 2256 molimi-
2917 2208 3106 2270 aperto

194 2280 292 2336 llac
315 2297 414 2351 0pc
452 2281 748 2337 Mediolano
772 2292 966 2352 patens
996 2282 1206 2352 fastigia
1237 2292 1418 2352 partes
1865 2295 2166 2362 Esquirens
2190 2294 2336 2357 odia,
2371 2293 2591 2346 exilium
2625 2301 2799 2360 parat,
2835 2291 3027 2343 incitat
3055 2303 3188 2342 auro

196 2372 381 2428 Nititur
409 2383 648 2428 exsectae
676 2373 876 2428 Christi
902 2389 1027 2429 core
1059 2374 1176 2443 (sic)
1207 2375 1368 2428 vestis
1791 2427 1834 2452 η
1865 2383 2306 2452 Culntinihusque
2333 2383 2542 2435 animos
2567 2382 2740 2450 pactis
2767 2381 2818 2434 in
2861 2379 2972 2432 tela
3003 2377 3226 2432 furoris.

328 2427 333 2428 ν
912 2427 952 2429 ρ
1062 2427 1073 2443 ι
1156 2427 1171 2440 ,
2334 2427 2542 2435 -.-....-_
2568 2427 2739 2450 ru-.-
2861 2427 2971 2432 ---μ

198 2463 302 2530 Quo
328 2463 584 2534 templum
613 2465 790 2518 studio
822 2466 1119 2534 ingreditur
1142 2466 1448 2535 scissasque
1470 2466 1762 2535 phalanges
1791 2427 1836 2484 Β
1866 2473 1972 2527 Nec
1992 2473 2147 2527 Jesus
2176 2482 2352 2526 tamen
2384 2473 2642 2524 athletam
2673 2487 2768 2525 sua
2799 2479 2976 2525 castra
3003 2479 3278 2538 rpgcmem

199 2555 486 2612 Pacificare
517 2566 692 2626 parat,
726 2558 852 2611 dum
875 2566 994 2611 vota
1029 2559 1081 2611 in
1112 2557 1263 2626 plura
1285 2557 1565 2623 feruntur;

1867 2567 2099 2630 Deserit,
2131 2566 2346 2634 adjutor
2374 2564 2582 2619 validus
2609 2563 2707 2618 sibi
2741 2563 2902 2617 corda
2937 2561 3202 2614 ferentum

194 2645 405 2700 Infantis
442 2661 548 2702 vox
576 2648 907 2701 Ambrosium
938 2650 1030 2702 dat
1058 2649 1259 2702 honore
1291 2649 1616 2703 sacrandum
1863 2659 2022 2714 peni;
2059 2659 2126 2712 ab
2154 2657 2364 2712 insidiis
2390 2658 2600 2712 hostem
2631 2664 2919 2724 servatque
2940 2653 3216 2709 clientem.

198 2735 444 2792 Conversn
479 2753 585 2806 qua
609 2737 807 2792 dividui
851 2739 904 2792 in
934 2739 1251 2808 diversaque
1279 2739 1416 2807 rapti
1864 2747 2028 2803 Latro
2050 2748 2192 2818 quod
2217 2756 2473 2816 expertus
2500 2747 2785 2816 laqueique
2810 2754 3033 2814 parator
3053 2743 3232 2813 operti

197 2829 525 2884 Conveniunt
553 2831 607 2886 in
629 2840 788 2901 pacta
815 2831 940 2897 viri,
971 2846 1123 2886 mens
1143 2831 1395 2886 omnibus
1423 2845 1529 2884 una
1867 2838 2114 2893 Vicinum
2137 2838 2227 2908 qui
2259 2853 2316 2893 se
2339 2835 2592 2893 Ecclesia:
2615 2837 2718 2891 fert
2747 2837 2935 2892 tollere
2958 2845 3172 2904 raptum

197 2918 420 2988 luditur,
448 2922 800 2977 Ambrosium
832 2937 991 2978 sacro
1015 2923 1116 2978 sibi
1142 2924 1264 2993 jure
1287 2921 1575 2977 dicandum

1868 2929 1934 2985 Ut
1965 2939 2128 2998 queat
2150 2929 2387 2999 ejusdem
2419 2927 2594 2983 facilis
2616 2928 2846 2982 crimine
2877 2927 3089 2980 culmen
3129 2923 3299 2994 (207).

199 3009 545 3067 Conclamant
570 3013 823 3082 utrinque
846 3013 1005 3067 simul
1042 3013 1383 3068 concorditer
1411 3027 1623 3070 omnes.
1868 3018 2032 3089 Cujus
2062 3019 2113 3072 in
2137 3021 2421 3073 adversum
2446 3018 2738 3073 tentamina
2768 3017 2931 3072 ducta
2965 3024 3207 3069 tenorem

199 3101 284 3156 Ille
308 3103 488 3175 fugam
529 3105 794 3158 meditans
815 3118 1014 3158 savum
1043 3103 1348 3158 instaurare
1373 3103 1606 3157 tribunal
1871 3111 1986 3177 Qrto
2017 3119 2167 3180 putat
2195 3109 2441 3179 abripere
2469 3108 2735 3178 abripitur
2753 3106 3048 3178 gestamine
3077 3112 3284 3166 vectus,

200 3191 458 3264 Praecipit,
488 3194 862 3262 applicitisque
895 3195 1000 3248 reis
1025 3202 1289 3249 tormenta
1317 3193 1558 3260 volutat;
1871 3201 2094 3268 Quoque
2119 3199 2206 3252 die
2236 3208 2444 3269 patrem
2492 3207 2643 3251 ratus
2680 3206 2951 3252 extorrem
2981 3209 3100 3249 esse
3145 3189 3446 3263 ferendum,

201 3281 301 3336 Nec
327 3299 608 3338 removere
627 3285 769 3339 valet
796 3285 1055 3354 cmptisve
1088 3285 1356 3339 abducere
1386 3286 1596 3354 plebem
1873 3290 2006 3344 Exul
2037 3289 2166 3352 abit,
2204 3303 2359 3344 versa
2389 3289 2439 3342 in
2468 3289 2688 3358 proprio
2716 3285 2815 3342 sibi
2848 3287 3048 3341 vertice
3077 3282 3285 3339 fraude.

201 3373 527 3428 Clamantem
561 3391 574 3428 :
643 3394 660 3427 ί
699 3375 873 3444 Super
922 3375 1192 3430 addantur
1247 3385 1334 3430 tua
1383 3377 1607 3430 crimina
1671 3392 1768 3430 no-
1876 3379 2221 3434 ScitDomini
2253 3379 2472 3432 monitis
2503 3384 2684 3431 tamen
2715 3377 2925 3430 hostem
2949 3374 3140 3444 praesul
3171 3387 3356 3426 amare

1509 3465 1640 3535 [υἱεῖ
1675 3486 1692 3516 ι
1725 3473 1727 3475 ’
1872 3472 2347 3539 Proscriptumquc
2378 3470 2562 3522 levans
2586 3468 2779 3536 opibus
2811 3465 3003 3518 solatia
3031 3462 3260 3528 confert,

199 3548 407 3606 Pendus
433 3551 575 3606 inire
599 3552 782 3622 legens
805 3554 1007 3622 sophiae
1045 3563 1352 3616 revocatur,
1388 3554 1564 3622 inepta
1876 3563 1937 3615 Et
1967 3562 2090 3613 licet
2124 3561 2234 3628 ipse
2260 3575 2413 3626 mque
2445 3561 2659 3626 plexum
2689 3555 2948 3624 scjudice
2979 3553 3198 3606 clamet.

205 3640 484 3697 Sacrando
510 3643 611 3698 sibi
634 3653 812 3700 scorta
842 3644 1062 3699 adhibet
1085 3659 1186 3700 nec
1216 3655 1337 3699 \Oitl
1369 3645 1596 3699 reﬂectit
1879 3650 1994 3703 Non
2028 3659 2208 3702 tamen
2239 3658 2355 3702 atra
2379 3661 2569 3700 manus
2593 3654 2750 3714 pavet
2773 3645 2971 3698 addere
2999 3639 3276 3696 fraudibus
3301 3652 3452 3693 arma

203 3732 527 3789 Ceruentum
559 3735 796 3807 ferrique
818 3736 919 3792 sibi
945 3739 1062 3792 bzec
1085 3747 1304 3806 peccata
1337 3747 1642 3808 rogantum.
1799 3778 1842 3837 Ο
1874 3739 2151 3810 Pugnaces
2179 3738 2304 3792 dum
2331 3752 2472 3791 saeva
2503 3735 2648 3790 viros
2674 3735 2766 3788 dat
2797 3732 2995 3788 femina
3021 3730 3207 3782 valvas

198 3821 410 3880 Nisibus
438 3827 524 3882 his
556 3828 724 3884 cassis
755 3829 988 3898 fugiendi
1020 3839 1257 3897 tempora
1286 3838 1472 3898 captat
1801 3821 1842 3837 υ
1877 3830 2171 3886 Obstrucre
2199 3829 2455 3884 Ecclesiae
2482 3839 2802 3896 sacramque
2830 3823 3090 3893 repellere
3127 3821 3356 3889 plebem.

199 3913 568 3986 Egressusque
597 3919 780 3972 urbem
805 3918 904 3972 sub
935 3929 1081 3972 vasta
1109 3919 1320 3973 silentia
1349 3919 1524 3974 noctis
1876 3922 1945 3976 At
1977 3921 2235 3974 Dominus
2262 3928 2518 3990 priestare
2547 3917 2724 3972 solens
2754 3931 2821 3968 ex
2845 3916 3002 3968 hoste
3039 3923 3238 3980 troptea

201 4004 262 4058 Et
284 4006 530 4061 Ticinum
562 4023 619 4062 se
641 4007 780 4063 ferre
805 4018 998 4078 putans
1026 4018 1171 4064 recto
1196 4010 1407 4080 agmine
1437 4023 1703 4078 gressum,
1881 4012 2058 4068 Effera
2090 4013 2404 4084 belligerum
2431 4011 2672 4065 demutat
2697 4009 2857 4061 corda
2890 4008 3134 4061 virorum

201 4093 350 4151 Mane
377 4107 626 4166 repertus
654 4099 805 4153 adest
831 4109 1000 4167 portae
1023 4101 1171 4155 urbis
1199 4100 1551 4164 Mcdiolauae;
1880 4104 2110 4157 Servare
2132 4103 2398 4165 inventos,
2427 4101 2714 4156 admittere
2742 4097 2925 4152 limine
2949 4097 3100 4149 fidos.

201 4187 328 4240 Acta
355 4198 580 4258 stupens
601 4191 742 4246 aries
769 4192 980 4245 Domini
1010 4192 1332 4247 attollendus
1365 4193 1492 4248 ovili
1884 4192 2049 4260 quue
2079 4205 2293 4260 parum,
2322 4191 2422 4244 nisi
2446 4205 2566 4243 cum
2592 4186 2787 4258 populo
2809 4194 2930 4242 vota
2953 4199 3100 4241 anna
3132 4178 3458 4254 profundam

201 4274 468 4333 Iuventus
493 4280 721 4349 capitur,
747 4288 924 4335 tentus
950 4291 1219 4348 servatur,
1249 4282 1474 4336 adactus
1883 4283 2060 4351 Atque
2088 4283 2255 4336 Deum
2286 4281 2444 4335 simul
2471 4281 2682 4335 attollat
2712 4296 2832 4335 cum
2855 4279 3010 4349 plebe
3035 4277 3285 4342 satelles;

201 4365 478 4436 Alligitur,
509 4371 701 4440 gaudet
729 4373 935 4440 raptari
956 4373 1023 4426 ad
1050 4388 1204 4427 sacra
1237 4371 1575 4442 Toparcltam
1883 4373 2183 4428 Paseautur
2219 4374 2419 4442 pariter
2448 4371 2552 4436 leo,
2589 4372 2708 4435 bos,
2742 4371 2917 4438 lupus,
2949 4385 3117 4440 agnus
3145 4377 3200 4424 et
3247 4365 3456 4422 bardus.

201 4456 378 4512 Caesar
409 4471 468 4513 et
501 4463 549 4513 in
581 4462 830 4517 comitem
870 4463 1128 4532 przedicta
1159 4463 1430 4532 implerier
1462 4477 1588 4516 orsa
1886 4463 1997 4518 Nec
2034 4465 2155 4518 silet
2182 4466 2409 4518 antistes
2444 4472 2621 4518 tantos
2647 4464 2890 4532 ingratus
2919 4462 3180 4526 honores,

203 4544 360 4610 Queis
394 4550 594 4618 przesul
618 4551 776 4605 veluti
798 4553 983 4622 jussus
1015 4553 1284 4622 darejura
1308 4559 1538 4604 mearat.
1883 4552 2110 4607 Comere
2135 4553 2398 4622 gratificis
2432 4552 2663 4621 insignia
2689 4551 2940 4604 laudibus
2969 4549 3157 4610 edens,

201 4632 394 4706 Eﬂ'ugit
428 4640 557 4694 hinc
585 4640 778 4695 iterum
824 4651 1035 4698 secreta
1065 4642 1370 4697 habitacula
1399 4655 1667 4710 quaerens,
1885 4643 1951 4697 Et
1975 4643 2246 4697 Christum
2287 4641 2518 4696 modulis
2567 4654 2823 4696 resonare
2876 4639 3177 4693 celeumate
3235 4637 3471 4700 tradens.

203 4727 318 4783 Alta
350 4732 540 4786 subire
561 4747 780 4801 pavens,
807 4750 976 4804 agnus
1003 4750 1227 4790 censore
1254 4735 1450 4788 minaci
1887 4732 2220 4804 l’iymnidicis
2249 4732 2474 4786 reboare
2504 4731 2684 4785 choris
2718 4744 2785 4784 ex
2807 4744 2913 4799 quo
2937 4727 3074 4782 alma
3104 4734 3288 4782 suetus

203 4816 455 4879 Proditur
481 4833 726 4892 exactus,
757 4829 1012 4896 purisque
1033 4826 1245 4882 ablutus
1275 4827 1327 4881 in
1352 4825 1530 4890 undis,
1809 4817 1856 4876 D
1883 4824 2150 4880 Occiduus
2173 4826 2357 4897 pangit
2388 4825 2504 4880 sine
2532 4824 2702 4880 limite
2724 4823 2965 4879 carmina
2992 4820 3171 4877 limes.

1592 4937 1819 4994 CAPUT
1873 4939 2018 4997 XIV.

1289 5051 1369 5107 De
1392 5051 1586 5105 sanctis
1621 5048 1870 5106 Gervasio
1893 5061 2047 5122 atque
2079 5042 2350 5101 Protario.

2236 5188 2411 5200 ---ιρι-
2443 5191 2631 5200 ---......-
2675 5177 2945 5200 -ε....ε......ιι
2975 5174 3238 5200 ..υ-ξηειηοοα
