  <div class='ocr_page' id='page_1' title='image "/cluster/home/n/w/nwhite01/storage/ocr_20150623/135/hvd.32044015471758/439.png"; bbox 0 0 3908 5426; ppageno 0'>
   <div class='ocr_carea' id='block_1_1' title="bbox 516 321 3754 413">
    <p class='ocr_par' dir='ltr' id='par_1_1' title="bbox 516 321 3754 413">
     <span class='ocr_line' id='line_1_1' title="bbox 516 321 3754 413; baseline -0.004 0"><span class='ocrx_word' id='word_1_1' title='bbox 516 347 625 413; x_wconf 73' lang='lat'><strong>863</strong></span> <span class='ocrx_word' id='word_1_2' title='bbox 1203 353 1596 413; x_wconf 75' lang='lat' dir='ltr'><strong>FLODOARDI</strong></span> <span class='ocrx_word' id='word_1_3' title='bbox 1630 352 1949 411; x_wconf 79' lang='lat' dir='ltr'><strong>CANONlCl</strong></span> <span class='ocrx_word' id='word_1_4' title='bbox 1990 351 2332 410; x_wconf 75' lang='lat' dir='ltr'><strong>REMENSIS</strong></span> <span class='ocrx_word' id='word_1_5' title='bbox 2362 349 2725 411; x_wconf 72' lang='lat' dir='ltr'><strong>OPUSCULA</strong></span> <span class='ocrx_word' id='word_1_6' title='bbox 2769 321 3097 405; x_wconf 54' lang='lat' dir='ltr'><strong>METRICA:</strong></span> <span class='ocrx_word' id='word_1_7' title='bbox 3198 370 3203 375; x_wconf 91' lang='grc'><strong>·</strong></span> <span class='ocrx_word' id='word_1_8' title='bbox 3666 344 3754 402; x_wconf 67' lang='grc'><strong>886</strong></span> 
     </span>
    </p>
   </div>
   <div class='ocr_carea' id='block_1_2' title="bbox 517 446 3672 547">
    <p class='ocr_par' dir='ltr' id='par_1_2' title="bbox 517 446 3672 547">
     <span class='ocr_line' id='line_1_2' title="bbox 517 446 3672 547; baseline -0.003 -18"><span class='ocrx_word' id='word_1_9' title='bbox 517 462 794 529; x_wconf 64' lang='lat' dir='ltr'><strong>Sollicitus</strong></span> <span class='ocrx_word' id='word_1_10' title='bbox 813 484 968 526; x_wconf 75' lang='lat' dir='ltr'><strong>sacer</strong></span> <span class='ocrx_word' id='word_1_11' title='bbox 995 484 1057 526; x_wconf 88' lang='lat' dir='ltr'><strong>ac</strong></span> <span class='ocrx_word' id='word_1_12' title='bbox 1083 477 1280 523; x_wconf 89' lang='lat' dir='ltr'><strong>nutans</strong></span> <span class='ocrx_word' id='word_1_13' title='bbox 1308 470 1395 523; x_wconf 86' lang='lat' dir='ltr'><strong>ubi</strong></span> <span class='ocrx_word' id='word_1_14' title='bbox 1430 469 1541 523; x_wconf 87' lang='lat' dir='ltr'><strong>visa</strong></span> <span class='ocrx_word' id='word_1_15' title='bbox 1566 469 1826 547; x_wconf 86' lang='lat' dir='ltr'><strong>recedunt</strong></span> <span class='ocrx_word' id='word_1_16' title='bbox 2119 476 2167 534; x_wconf 76' lang='grc' dir='ltr'><strong>Α</strong></span> <span class='ocrx_word' id='word_1_17' title='bbox 2200 446 2423 523; x_wconf 81' lang='lat' dir='ltr'><strong>Nomina</strong></span> <span class='ocrx_word' id='word_1_18' title='bbox 2457 482 2579 523; x_wconf 82' lang='lat' dir='ltr'><strong>mox</strong></span> <span class='ocrx_word' id='word_1_19' title='bbox 2605 473 2865 536; x_wconf 87' lang='lat' dir='ltr'><strong>actusque</strong></span> <span class='ocrx_word' id='word_1_20' title='bbox 2894 473 3067 531; x_wconf 84' lang='lat' dir='ltr'><strong>notat,</strong></span> <span class='ocrx_word' id='word_1_21' title='bbox 3094 463 3422 534; x_wconf 84' lang='lat' dir='ltr'><strong>patrimonia</strong></span> <span class='ocrx_word' id='word_1_22' title='bbox 3449 470 3672 524; x_wconf 85' lang='lat' dir='ltr'><strong>cuncta.</strong></span> 
     </span>
    </p>
   </div>
   <div class='ocr_carea' id='block_1_3' title="bbox 518 556 3667 633">
    <p class='ocr_par' dir='ltr' id='par_1_3' title="bbox 518 556 3667 633">
     <span class='ocr_line' id='line_1_3' title="bbox 518 556 3667 633; baseline -0.002 -15"><span class='ocrx_word' id='word_1_23' title='bbox 518 562 660 619; x_wconf 83' lang='lat' dir='ltr'><strong>Vera</strong></span> <span class='ocrx_word' id='word_1_24' title='bbox 697 564 827 633; x_wconf 90' lang='lat' dir='ltr'><strong>petit</strong></span> <span class='ocrx_word' id='word_1_25' title='bbox 859 564 1050 633; x_wconf 85' lang='lat' dir='ltr'><strong>repeti,</strong></span> <span class='ocrx_word' id='word_1_26' title='bbox 1080 560 1126 616; x_wconf 90' lang='lat' dir='ltr'><strong>si</strong></span> <span class='ocrx_word' id='word_1_27' title='bbox 1164 576 1321 626; x_wconf 81' lang='lat' dir='ltr'><strong>vana,</strong></span> <span class='ocrx_word' id='word_1_28' title='bbox 1369 560 1639 615; x_wconf 77' lang='lat' dir='ltr'><strong>facessere</strong></span> <span class='ocrx_word' id='word_1_29' title='bbox 1665 559 1862 615; x_wconf 83' lang='lat' dir='ltr'><strong>ventis.</strong></span> <span class='ocrx_word' id='word_1_30' title='bbox 2201 557 2373 614; x_wconf 89' lang='lat' dir='ltr'><strong>Pensa</strong></span> <span class='ocrx_word' id='word_1_31' title='bbox 2400 557 2537 623; x_wconf 88' lang='lat' dir='ltr'><strong>foro,</strong></span> <span class='ocrx_word' id='word_1_32' title='bbox 2569 557 2802 629; x_wconf 90' lang='lat' dir='ltr'><strong>indignis</strong></span> <span class='ocrx_word' id='word_1_33' title='bbox 2836 556 3158 627; x_wconf 82' lang='lat' dir='ltr'><strong>famulisque</strong></span> <span class='ocrx_word' id='word_1_34' title='bbox 3184 556 3409 613; x_wconf 86' lang='lat' dir='ltr'><strong>ferenda</strong></span> <span class='ocrx_word' id='word_1_35' title='bbox 3450 557 3667 620; x_wconf 84' lang='lat' dir='ltr'><strong>solutis.</strong></span> 
     </span>
    </p>
   </div>
   <div class='ocr_carea' id='block_1_4' title="bbox 520 646 3707 725">
    <p class='ocr_par' dir='ltr' id='par_1_4' title="bbox 520 646 3707 725">
     <span class='ocr_line' id='line_1_4' title="bbox 520 646 3707 725; baseline -0.003 -12"><span class='ocrx_word' id='word_1_36' title='bbox 520 658 765 725; x_wconf 75' lang='lat' dir='ltr'><strong>Augetur</strong></span> <span class='ocrx_word' id='word_1_37' title='bbox 781 669 944 725; x_wconf 88' lang='lat' dir='ltr'><strong>parco</strong></span> <span class='ocrx_word' id='word_1_38' title='bbox 970 653 1206 721; x_wconf 86' lang='lat' dir='ltr'><strong>devotio,</strong></span> <span class='ocrx_word' id='word_1_39' title='bbox 1232 654 1345 708; x_wconf 91' lang='lat' dir='ltr'><strong>visa</strong></span> <span class='ocrx_word' id='word_1_40' title='bbox 1378 661 1690 718; x_wconf 81' lang='lat' dir='ltr'><strong>recurmnt,</strong></span> <span class='ocrx_word' id='word_1_41' title='bbox 2202 648 2397 718; x_wconf 83' lang='lat' dir='ltr'><strong>Sicque</strong></span> <span class='ocrx_word' id='word_1_42' title='bbox 2422 650 2608 704; x_wconf 86' lang='lat' dir='ltr'><strong>decem</strong></span> <span class='ocrx_word' id='word_1_43' title='bbox 2639 648 2889 717; x_wconf 85' lang='lat' dir='ltr'><strong>precibus</strong></span> <span class='ocrx_word' id='word_1_44' title='bbox 2915 646 3169 718; x_wconf 90' lang='lat' dir='ltr'><strong>lectuque</strong></span> <span class='ocrx_word' id='word_1_45' title='bbox 3191 662 3388 704; x_wconf 87' lang='lat' dir='ltr'><strong>vacare</strong></span> <span class='ocrx_word' id='word_1_46' title='bbox 3412 647 3518 704; x_wconf 85' lang='lat' dir='ltr'><strong>sub</strong></span> <span class='ocrx_word' id='word_1_47' title='bbox 3543 650 3707 714; x_wconf 85' lang='lat' dir='ltr'><strong>annis,</strong></span> 
     </span>
    </p>
   </div>
   <div class='ocr_carea' id='block_1_5' title="bbox 520 740 3690 817">
    <p class='ocr_par' dir='ltr' id='par_1_5' title="bbox 520 740 3690 817">
     <span class='ocr_line' id='line_1_5' title="bbox 520 740 3690 817; baseline -0 -16"><span class='ocrx_word' id='word_1_48' title='bbox 520 745 638 802; x_wconf 83' lang='lat' dir='ltr'><strong>Jam</strong></span> <span class='ocrx_word' id='word_1_49' title='bbox 666 760 885 817; x_wconf 90' lang='lat' dir='ltr'><strong>quoque</strong></span> <span class='ocrx_word' id='word_1_50' title='bbox 913 746 1210 800; x_wconf 77' lang='lat' dir='ltr'><strong>marcentis</strong></span> <span class='ocrx_word' id='word_1_51' title='bbox 1244 757 1435 799; x_wconf 89' lang='lat' dir='ltr'><strong>vocem</strong></span> <span class='ocrx_word' id='word_1_52' title='bbox 1466 742 1592 799; x_wconf 89' lang='lat' dir='ltr'><strong>dum</strong></span> <span class='ocrx_word' id='word_1_53' title='bbox 1620 743 1784 798; x_wconf 88' lang='lat' dir='ltr'><strong>tertia</strong></span> <span class='ocrx_word' id='word_1_54' title='bbox 1810 741 1937 813; x_wconf 88' lang='lat' dir='ltr'><strong>galli</strong></span> <span class='ocrx_word' id='word_1_55' title='bbox 2074 794 2077 799; x_wconf 75' lang='grc'>,</span> <span class='ocrx_word' id='word_1_56' title='bbox 2203 740 2273 797; x_wconf 90' lang='lat' dir='ltr'><strong>Ut</strong></span> <span class='ocrx_word' id='word_1_57' title='bbox 2299 742 2457 798; x_wconf 88' lang='lat' dir='ltr'><strong>datur</strong></span> <span class='ocrx_word' id='word_1_58' title='bbox 2487 747 2554 797; x_wconf 88' lang='lat' dir='ltr'><strong>ad</strong></span> <span class='ocrx_word' id='word_1_59' title='bbox 2577 741 2810 811; x_wconf 80' lang='lat' dir='ltr'><strong>palmam</strong></span> <span class='ocrx_word' id='word_1_60' title='bbox 2833 757 3073 813; x_wconf 83' lang='lat' dir='ltr'><strong>quonam</strong></span> <span class='ocrx_word' id='word_1_61' title='bbox 3095 743 3392 799; x_wconf 74' lang='lat' dir='ltr'><strong>certamine</strong></span> <span class='ocrx_word' id='word_1_62' title='bbox 3418 744 3690 811; x_wconf 79' lang='lat' dir='ltr'><strong>scandant,</strong></span> 
     </span>
    </p>
   </div>
   <div class='ocr_carea' id='block_1_6' title="bbox 517 831 3393 907">
    <p class='ocr_par' dir='ltr' id='par_1_6' title="bbox 517 831 3393 907">
     <span class='ocr_line' id='line_1_6' title="bbox 517 831 3393 907; baseline -0.002 -12"><span class='ocrx_word' id='word_1_63' title='bbox 517 840 637 895; x_wconf 78' lang='lat' dir='ltr'><strong>Nox</strong></span> <span class='ocrx_word' id='word_1_64' title='bbox 668 840 938 905; x_wconf 87' lang='lat' dir='ltr'><strong>redhibet,</strong></span> <span class='ocrx_word' id='word_1_65' title='bbox 968 838 1199 894; x_wconf 88' lang='lat' dir='ltr'><strong>redeunt</strong></span> <span class='ocrx_word' id='word_1_66' title='bbox 1237 836 1339 893; x_wconf 90' lang='lat' dir='ltr'><strong>visi</strong></span> <span class='ocrx_word' id='word_1_67' title='bbox 1367 853 1430 892; x_wconf 91' lang='lat' dir='ltr'><strong>ac</strong></span> <span class='ocrx_word' id='word_1_68' title='bbox 1459 838 1763 907; x_wconf 84' lang='lat' dir='ltr'><strong>produntur</strong></span> <span class='ocrx_word' id='word_1_69' title='bbox 1786 836 2003 906; x_wconf 74' lang='lat' dir='ltr'><strong>epltmbi</strong></span> <span class='ocrx_word' id='word_1_70' title='bbox 2202 831 2490 890; x_wconf 89' lang='lat' dir='ltr'><strong>Sacricolis</strong></span> <span class='ocrx_word' id='word_1_71' title='bbox 2511 842 2571 889; x_wconf 80' lang='lat' dir='ltr'><strong>ut</strong></span> <span class='ocrx_word' id='word_1_72' title='bbox 2599 835 2788 899; x_wconf 88' lang='lat' dir='ltr'><strong>delati,</strong></span> <span class='ocrx_word' id='word_1_73' title='bbox 2822 850 3083 906; x_wconf 89' lang='lat' dir='ltr'><strong>responsa</strong></span> <span class='ocrx_word' id='word_1_74' title='bbox 3120 836 3393 905; x_wconf 87' lang='lat' dir='ltr'><strong>negarint,</strong></span> 
     </span>
    </p>
   </div>
   <div class='ocr_carea' id='block_1_7' title="bbox 510 923 3645 1001">
    <p class='ocr_par' dir='ltr' id='par_1_7' title="bbox 510 923 3645 1001">
     <span class='ocr_line' id='line_1_7' title="bbox 510 923 3645 1001; baseline -0.002 -12"><span class='ocrx_word' id='word_1_75' title='bbox 510 933 752 989; x_wconf 87' lang='lat' dir='ltr'><strong>lnsomni</strong></span> <span class='ocrx_word' id='word_1_76' title='bbox 792 947 855 987; x_wconf 90' lang='lat' dir='ltr'><strong>ac</strong></span> <span class='ocrx_word' id='word_1_77' title='bbox 885 931 1102 1001; x_wconf 85' lang='lat' dir='ltr'><strong>stupido</strong></span> <span class='ocrx_word' id='word_1_78' title='bbox 1139 944 1419 999; x_wconf 79' lang='lat' dir='ltr'><strong>vacuoque</strong></span> <span class='ocrx_word' id='word_1_79' title='bbox 1445 937 1503 983; x_wconf 92' lang='lat' dir='ltr'><strong>ut</strong></span> <span class='ocrx_word' id='word_1_80' title='bbox 1539 934 1765 999; x_wconf 83' lang='lat' dir='ltr'><strong>corpore</strong></span> <span class='ocrx_word' id='word_1_81' title='bbox 1799 927 1943 984; x_wconf 86' lang='lat' dir='ltr'><strong>fesso</strong></span> <span class='ocrx_word' id='word_1_82' title='bbox 2204 923 2370 993; x_wconf 86' lang='lat' dir='ltr'><strong>Digna</strong></span> <span class='ocrx_word' id='word_1_83' title='bbox 2394 925 2511 979; x_wconf 88' lang='lat' dir='ltr'><strong>deis</strong></span> <span class='ocrx_word' id='word_1_84' title='bbox 2542 926 2675 980; x_wconf 90' lang='lat' dir='ltr'><strong>tenti</strong></span> <span class='ocrx_word' id='word_1_85' title='bbox 2706 934 2765 979; x_wconf 93' lang='lat' dir='ltr'><strong>ut</strong></span> <span class='ocrx_word' id='word_1_86' title='bbox 2791 925 2937 980; x_wconf 90' lang='lat' dir='ltr'><strong>fanis</strong></span> <span class='ocrx_word' id='word_1_87' title='bbox 2964 941 3119 981; x_wconf 85' lang='lat' dir='ltr'><strong>sacra</strong></span> <span class='ocrx_word' id='word_1_88' title='bbox 3144 925 3289 981; x_wconf 88' lang='lat' dir='ltr'><strong>ferre</strong></span> <span class='ocrx_word' id='word_1_89' title='bbox 3312 937 3645 982; x_wconf 84' lang='lat' dir='ltr'><strong>monentur:</strong></span> 
     </span>
    </p>
   </div>
   <div class='ocr_carea' id='block_1_8' title="bbox 511 1016 3630 1089">
    <p class='ocr_par' dir='ltr' id='par_1_8' title="bbox 511 1016 3630 1089">
     <span class='ocr_line' id='line_1_8' title="bbox 511 1016 3630 1089; baseline -0.001 -12"><span class='ocrx_word' id='word_1_90' title='bbox 511 1022 730 1078; x_wconf 87' lang='lat' dir='ltr'><strong>Tertius</strong></span> <span class='ocrx_word' id='word_1_91' title='bbox 768 1023 869 1077; x_wconf 88' lang='lat' dir='ltr'><strong>hos</strong></span> <span class='ocrx_word' id='word_1_92' title='bbox 894 1021 1081 1077; x_wconf 88' lang='lat' dir='ltr'><strong>dnctat</strong></span> <span class='ocrx_word' id='word_1_93' title='bbox 1105 1020 1329 1076; x_wconf 90' lang='lat' dir='ltr'><strong>Paulum</strong></span> <span class='ocrx_word' id='word_1_94' title='bbox 1353 1035 1512 1089; x_wconf 86' lang='lat' dir='ltr'><strong>quem</strong></span> <span class='ocrx_word' id='word_1_95' title='bbox 1541 1021 1763 1075; x_wconf 82' lang='lat' dir='ltr'><strong>schema</strong></span> <span class='ocrx_word' id='word_1_96' title='bbox 1792 1018 1987 1082; x_wconf 86' lang='lat' dir='ltr'><strong>ﬁgurat</strong></span> <span class='ocrx_word' id='word_1_97' title='bbox 2200 1018 2350 1072; x_wconf 82' lang='lat' dir='ltr'><strong>Vana</strong></span> <span class='ocrx_word' id='word_1_98' title='bbox 2382 1018 2530 1086; x_wconf 91' lang='lat' dir='ltr'><strong>prior</strong></span> <span class='ocrx_word' id='word_1_99' title='bbox 2554 1017 2806 1087; x_wconf 88' lang='lat' dir='ltr'><strong>ﬁgmenta</strong></span> <span class='ocrx_word' id='word_1_100' title='bbox 2835 1018 3057 1083; x_wconf 90' lang='lat' dir='ltr'><strong>docens,</strong></span> <span class='ocrx_word' id='word_1_101' title='bbox 3088 1032 3186 1087; x_wconf 90' lang='lat' dir='ltr'><strong>per</strong></span> <span class='ocrx_word' id='word_1_102' title='bbox 3207 1016 3378 1073; x_wconf 82' lang='lat' dir='ltr'><strong>ﬂabra</strong></span> <span class='ocrx_word' id='word_1_103' title='bbox 3406 1017 3630 1088; x_wconf 88' lang='lat' dir='ltr'><strong>jubelur</strong></span> 
     </span>
    </p>
   </div>
   <div class='ocr_carea' id='block_1_9' title="bbox 510 1105 3729 1184">
    <p class='ocr_par' dir='ltr' id='par_1_9' title="bbox 510 1105 3729 1184">
     <span class='ocr_line' id='line_1_9' title="bbox 510 1105 3729 1184; baseline -0.002 -16"><span class='ocrx_word' id='word_1_104' title='bbox 510 1116 723 1184; x_wconf 83' lang='lat' dir='ltr'><strong>Quique</strong></span> <span class='ocrx_word' id='word_1_105' title='bbox 744 1124 938 1168; x_wconf 86' lang='lat' dir='ltr'><strong>notans</strong></span> <span class='ocrx_word' id='word_1_106' title='bbox 963 1113 1140 1169; x_wconf 90' lang='lat' dir='ltr'><strong>socios</strong></span> <span class='ocrx_word' id='word_1_107' title='bbox 1161 1113 1349 1181; x_wconf 81' lang='lat' dir='ltr'><strong>pandit</strong></span> <span class='ocrx_word' id='word_1_108' title='bbox 1376 1127 1469 1167; x_wconf 87' lang='lat' dir='ltr'><strong>sua</strong></span> <span class='ocrx_word' id='word_1_109' title='bbox 1486 1126 1637 1180; x_wconf 71' lang='lat' dir='ltr'><strong>Jussa</strong></span> <span class='ocrx_word' id='word_1_110' title='bbox 1677 1119 1892 1166; x_wconf 84' lang='lat' dir='ltr'><strong>secutos</strong></span> <span class='ocrx_word' id='word_1_111' title='bbox 2199 1105 2407 1160; x_wconf 90' lang='lat' dir='ltr'><strong>Plnmbi</strong></span> <span class='ocrx_word' id='word_1_112' title='bbox 2429 1106 2580 1160; x_wconf 79' lang='lat' dir='ltr'><strong>exire</strong></span> <span class='ocrx_word' id='word_1_113' title='bbox 2607 1106 2884 1160; x_wconf 81' lang='lat' dir='ltr'><strong>hominem</strong></span> <span class='ocrx_word' id='word_1_114' title='bbox 2910 1121 2925 1171; x_wconf 89' lang='lat'><strong>;</strong></span> <span class='ocrx_word' id='word_1_115' title='bbox 2956 1105 3216 1161; x_wconf 89' lang='lat' dir='ltr'><strong>suadetur</strong></span> <span class='ocrx_word' id='word_1_116' title='bbox 3238 1121 3305 1161; x_wconf 86' lang='lat' dir='ltr'><strong>ac</strong></span> <span class='ocrx_word' id='word_1_117' title='bbox 3338 1105 3481 1161; x_wconf 84' lang='lat' dir='ltr'><strong>alter</strong></span> <span class='ocrx_word' id='word_1_118' title='bbox 3504 1108 3573 1161; x_wconf 89' lang='lat' dir='ltr'><strong>ad</strong></span> <span class='ocrx_word' id='word_1_119' title='bbox 3605 1117 3729 1172; x_wconf 84' lang='lat' dir='ltr'><strong>atra,</strong></span> 
     </span>
    </p>
   </div>
   <div class='ocr_carea' id='block_1_10' title="bbox 511 1197 3756 1275">
    <p class='ocr_par' dir='ltr' id='par_1_10' title="bbox 511 1197 3756 1275">
     <span class='ocr_line' id='line_1_10' title="bbox 511 1197 3756 1275; baseline -0.002 -15"><span class='ocrx_word' id='word_1_120' title='bbox 511 1206 669 1261; x_wconf 71' lang='lat' dir='ltr'><strong>Sacli</strong></span> <span class='ocrx_word' id='word_1_121' title='bbox 699 1208 1010 1260; x_wconf 75' lang='lat' dir='ltr'><strong>adversatos</strong></span> <span class='ocrx_word' id='word_1_122' title='bbox 1037 1202 1268 1275; x_wconf 84' lang='lat' dir='ltr'><strong>pompis.</strong></span> <span class='ocrx_word' id='word_1_123' title='bbox 1300 1202 1638 1275; x_wconf 77' lang='lat' dir='ltr'><strong>vestigiaque</strong></span> <span class='ocrx_word' id='word_1_124' title='bbox 1673 1202 1765 1256; x_wconf 85' lang='lat' dir='ltr'><strong>alti</strong></span> <span class='ocrx_word' id='word_1_125' title='bbox 2200 1197 2252 1253; x_wconf 83' lang='lat' dir='ltr'><strong>ls</strong></span> <span class='ocrx_word' id='word_1_126' title='bbox 2296 1214 2511 1272; x_wconf 84' lang='lat' dir='ltr'><strong>quoque</strong></span> <span class='ocrx_word' id='word_1_127' title='bbox 2554 1201 2874 1257; x_wconf 82' lang='lat' dir='ltr'><strong>suadentem</strong></span> <span class='ocrx_word' id='word_1_128' title='bbox 2924 1198 3184 1258; x_wconf 88' lang='lat' dir='ltr'><strong>miserum</strong></span> <span class='ocrx_word' id='word_1_129' title='bbox 3229 1198 3607 1272; x_wconf 82' lang='lat' dir='ltr'><strong>trepidumque</strong></span> <span class='ocrx_word' id='word_1_130' title='bbox 3641 1200 3756 1261; x_wconf 79' lang='lat' dir='ltr'><strong>resi-</strong></span> 
     </span>
    </p>
   </div>
   <div class='ocr_carea' id='block_1_11' title="bbox 512 1276 3697 1377">
    <p class='ocr_par' dir='ltr' id='par_1_11' title="bbox 512 1276 3697 1377">
     <span class='ocr_line' id='line_1_11' title="bbox 512 1276 3697 1377; baseline -0.002 -26"><span class='ocrx_word' id='word_1_131' title='bbox 512 1296 763 1351; x_wconf 83' lang='lat' dir='ltr'><strong>Sectatus</strong></span> <span class='ocrx_word' id='word_1_132' title='bbox 790 1294 1023 1358; x_wconf 83' lang='lat' dir='ltr'><strong>Domini,</strong></span> <span class='ocrx_word' id='word_1_133' title='bbox 1053 1292 1264 1349; x_wconf 87' lang='lat' dir='ltr'><strong>culmen</strong></span> <span class='ocrx_word' id='word_1_134' title='bbox 1291 1292 1562 1365; x_wconf 85' lang='lat' dir='ltr'><strong>sprevisse</strong></span> <span class='ocrx_word' id='word_1_135' title='bbox 1591 1291 1881 1358; x_wconf 89' lang='lat' dir='ltr'><strong>caducum,</strong></span> <span class='ocrx_word' id='word_1_136' title='bbox 2967 1276 2971 1280; x_wconf 58' lang='grc'><em>’</em></span> <span class='ocrx_word' id='word_1_137' title='bbox 3370 1358 3449 1377; x_wconf 41' lang='grc' dir='ltr'><strong><em>ψ</em></strong></span> <span class='ocrx_word' id='word_1_138' title='bbox 3492 1290 3697 1363; x_wconf 86' lang='lat' dir='ltr'><strong>[gnans,</strong></span> 
     </span>
    </p>
   </div>
   <div class='ocr_carea' id='block_1_12' title="bbox 511 1380 3569 1455">
    <p class='ocr_par' dir='ltr' id='par_1_12' title="bbox 511 1380 3569 1455">
     <span class='ocr_line' id='line_1_12' title="bbox 511 1380 3569 1455; baseline -0.001 -15"><span class='ocrx_word' id='word_1_139' title='bbox 511 1386 751 1455; x_wconf 84' lang='lat' dir='ltr'><strong>Binaque</strong></span> <span class='ocrx_word' id='word_1_140' title='bbox 776 1384 1061 1441; x_wconf 76' lang='lat' dir='ltr'><strong>conclusos</strong></span> <span class='ocrx_word' id='word_1_141' title='bbox 1085 1382 1357 1452; x_wconf 84' lang='lat' dir='ltr'><strong>quondam</strong></span> <span class='ocrx_word' id='word_1_142' title='bbox 1383 1380 1459 1437; x_wconf 70' lang='lat' dir='ltr'><strong>Sic</strong></span> <span class='ocrx_word' id='word_1_143' title='bbox 1485 1382 1654 1437; x_wconf 91' lang='lat' dir='ltr'><strong>lustra</strong></span> <span class='ocrx_word' id='word_1_144' title='bbox 1692 1382 1904 1437; x_wconf 86' lang='lat' dir='ltr'><strong>dicasse</strong></span> <span class='ocrx_word' id='word_1_145' title='bbox 2197 1381 2452 1441; x_wconf 77' lang='lat' dir='ltr'><strong>Fnstibus</strong></span> <span class='ocrx_word' id='word_1_146' title='bbox 2481 1383 2751 1450; x_wconf 86' lang='lat' dir='ltr'><strong>atteritur,</strong></span> <span class='ocrx_word' id='word_1_147' title='bbox 2783 1383 3061 1455; x_wconf 85' lang='lat' dir='ltr'><strong>majorque</strong></span> <span class='ocrx_word' id='word_1_148' title='bbox 3085 1385 3152 1439; x_wconf 89' lang='lat' dir='ltr'><strong>ad</strong></span> <span class='ocrx_word' id='word_1_149' title='bbox 3171 1384 3308 1455; x_wconf 72' lang='lat' dir='ltr'><strong>bella</strong></span> <span class='ocrx_word' id='word_1_150' title='bbox 3333 1384 3569 1448; x_wconf 86' lang='lat' dir='ltr'><strong>levatur,</strong></span> 
     </span>
    </p>
   </div>
   <div class='ocr_carea' id='block_1_13' title="bbox 513 1462 3599 1548">
    <p class='ocr_par' dir='ltr' id='par_1_13' title="bbox 513 1462 3599 1548">
     <span class='ocr_line' id='line_1_13' title="bbox 513 1462 3599 1548; baseline 0 -19"><span class='ocrx_word' id='word_1_151' title='bbox 513 1474 855 1542; x_wconf 80' lang='lat' dir='ltr'><strong>Servilioque</strong></span> <span class='ocrx_word' id='word_1_152' title='bbox 878 1462 973 1528; x_wconf 25' lang='lat' dir='ltr'><strong>Dii</strong></span> <span class='ocrx_word' id='word_1_153' title='bbox 1010 1473 1254 1542; x_wconf 81' lang='lat' dir='ltr'><strong>divaeque</strong></span> <span class='ocrx_word' id='word_1_154' title='bbox 1280 1486 1504 1527; x_wconf 85' lang='lat' dir='ltr'><strong>vacasse</strong></span> <span class='ocrx_word' id='word_1_155' title='bbox 1530 1472 1733 1542; x_wconf 75' lang='lat' dir='ltr'><strong>suphite</strong></span> <span class='ocrx_word' id='word_1_156' title='bbox 2197 1471 2547 1542; x_wconf 85' lang='lat' dir='ltr'><strong>Compatiens</strong></span> <span class='ocrx_word' id='word_1_157' title='bbox 2579 1475 2719 1529; x_wconf 85' lang='lat' dir='ltr'><strong>hosti</strong></span> <span class='ocrx_word' id='word_1_158' title='bbox 2748 1475 2940 1530; x_wconf 87' lang='lat' dir='ltr'><strong>doctus</strong></span> <span class='ocrx_word' id='word_1_159' title='bbox 2966 1477 3338 1548; x_wconf 88' lang='lat' dir='ltr'><strong>paradigmate</strong></span> <span class='ocrx_word' id='word_1_160' title='bbox 3369 1476 3599 1540; x_wconf 84' lang='lat' dir='ltr'><strong>Christi,</strong></span> 
     </span>
    </p>
   </div>
   <div class='ocr_carea' id='block_1_14' title="bbox 508 1559 3669 1636">
    <p class='ocr_par' dir='ltr' id='par_1_14' title="bbox 508 1559 3669 1636">
     <span class='ocr_line' id='line_1_14' title="bbox 508 1559 3669 1636; baseline 0.001 -17"><span class='ocrx_word' id='word_1_161' title='bbox 508 1563 772 1636; x_wconf 68' lang='lat' dir='ltr'><strong>Mat-tyrio</strong></span> <span class='ocrx_word' id='word_1_162' title='bbox 801 1564 964 1635; x_wconf 82' lang='lat' dir='ltr'><strong>digno</strong></span> <span class='ocrx_word' id='word_1_163' title='bbox 988 1564 1159 1619; x_wconf 90' lang='lat' dir='ltr'><strong>donec</strong></span> <span class='ocrx_word' id='word_1_164' title='bbox 1178 1577 1405 1618; x_wconf 83' lang='lat' dir='ltr'><strong>vernare</strong></span> <span class='ocrx_word' id='word_1_165' title='bbox 1443 1562 1689 1632; x_wconf 86' lang='lat' dir='ltr'><strong>probati;</strong></span> <span class='ocrx_word' id='word_1_166' title='bbox 2199 1559 2398 1631; x_wconf 90' lang='lat' dir='ltr'><strong>Sicque</strong></span> <span class='ocrx_word' id='word_1_167' title='bbox 2418 1562 2575 1619; x_wconf 89' lang='lat' dir='ltr'><strong>datus</strong></span> <span class='ocrx_word' id='word_1_168' title='bbox 2605 1564 2798 1635; x_wconf 79' lang='lat' dir='ltr'><strong>gladiis</strong></span> <span class='ocrx_word' id='word_1_169' title='bbox 2825 1579 2950 1620; x_wconf 91' lang='lat' dir='ltr'><strong>cum</strong></span> <span class='ocrx_word' id='word_1_170' title='bbox 2972 1564 3140 1623; x_wconf 84' lang='lat' dir='ltr'><strong>fratre</strong></span> <span class='ocrx_word' id='word_1_171' title='bbox 3166 1567 3455 1623; x_wconf 88' lang='lat' dir='ltr'><strong>asciscitur</strong></span> <span class='ocrx_word' id='word_1_172' title='bbox 3485 1572 3669 1627; x_wconf 87' lang='lat' dir='ltr'><strong>astris.</strong></span> 
     </span>
    </p>
   </div>
   <div class='ocr_carea' id='block_1_15' title="bbox 509 1651 3589 1730">
    <p class='ocr_par' dir='ltr' id='par_1_15' title="bbox 509 1651 3589 1730">
     <span class='ocr_line' id='line_1_15' title="bbox 509 1651 3589 1730; baseline 0.004 -24"><span class='ocrx_word' id='word_1_173' title='bbox 509 1659 740 1723; x_wconf 66' lang='lat' dir='ltr'><strong>cii-pora</strong></span> <span class='ocrx_word' id='word_1_174' title='bbox 766 1671 873 1726; x_wconf 87' lang='lat' dir='ltr'><strong>quo</strong></span> <span class='ocrx_word' id='word_1_175' title='bbox 897 1653 1077 1709; x_wconf 86' lang='lat' dir='ltr'><strong>fundit</strong></span> <span class='ocrx_word' id='word_1_176' title='bbox 1097 1662 1224 1710; x_wconf 86' lang='lat' dir='ltr'><strong>vota</strong></span> <span class='ocrx_word' id='word_1_177' title='bbox 1257 1652 1580 1708; x_wconf 86' lang='lat' dir='ltr'><strong>invenienda</strong></span> <span class='ocrx_word' id='word_1_178' title='bbox 1609 1651 1804 1708; x_wconf 85' lang='lat' dir='ltr'><strong>locello</strong></span> <span class='ocrx_word' id='word_1_179' title='bbox 2197 1652 2437 1719; x_wconf 80' lang='lat' dir='ltr'><strong>Quorum</strong></span> <span class='ocrx_word' id='word_1_180' title='bbox 2469 1654 2559 1714; x_wconf 87' lang='lat' dir='ltr'><strong>ubi</strong></span> <span class='ocrx_word' id='word_1_181' title='bbox 2588 1654 2654 1712; x_wconf 85' lang='lat' dir='ltr'><strong>de</strong></span> <span class='ocrx_word' id='word_1_182' title='bbox 2687 1656 2812 1711; x_wconf 87' lang='lat' dir='ltr'><strong>trita</strong></span> <span class='ocrx_word' id='word_1_183' title='bbox 2844 1655 3105 1712; x_wconf 91' lang='lat' dir='ltr'><strong>tolluntur</strong></span> <span class='ocrx_word' id='word_1_184' title='bbox 3141 1658 3372 1730; x_wconf 87' lang='lat' dir='ltr'><strong>pignora</strong></span> <span class='ocrx_word' id='word_1_185' title='bbox 3402 1662 3589 1723; x_wconf 80' lang='lat' dir='ltr'><strong>tumba</strong></span> 
     </span>
    </p>
   </div>
   <div class='ocr_carea' id='block_1_16' title="bbox 507 1733 3332 1817">
    <p class='ocr_par' dir='ltr' id='par_1_16' title="bbox 507 1733 3332 1817">
     <span class='ocr_line' id='line_1_16' title="bbox 507 1733 3332 1817; baseline 0.001 -14"><span class='ocrx_word' id='word_1_186' title='bbox 507 1749 707 1804; x_wconf 71' lang='lat' dir='ltr'><strong>Arcam</strong></span> <span class='ocrx_word' id='word_1_187' title='bbox 729 1747 1077 1803; x_wconf 83' lang='lat' dir='ltr'><strong>exultandam</strong></span> <span class='ocrx_word' id='word_1_188' title='bbox 1114 1738 1483 1817; x_wconf 77' lang='lat' dir='ltr'><strong>templumque</strong></span> <span class='ocrx_word' id='word_1_189' title='bbox 1509 1744 1721 1800; x_wconf 84' lang='lat' dir='ltr'><strong>celebre</strong></span> <span class='ocrx_word' id='word_1_190' title='bbox 1757 1743 2049 1815; x_wconf 87' lang='lat' dir='ltr'><strong>parandum</strong></span> <span class='ocrx_word' id='word_1_191' title='bbox 2075 1763 2090 1813; x_wconf 90' lang='lat'><strong>;</strong></span> <span class='ocrx_word' id='word_1_192' title='bbox 2132 1816 2141 1817; x_wconf 16' lang='grc' dir='ltr'>ί</span> <span class='ocrx_word' id='word_1_193' title='bbox 2196 1733 2441 1798; x_wconf 69' lang='lat' dir='ltr'><strong>Condita</strong></span> <span class='ocrx_word' id='word_1_194' title='bbox 2461 1744 2671 1801; x_wconf 86' lang='lat' dir='ltr'><strong>lecticis</strong></span> <span class='ocrx_word' id='word_1_195' title='bbox 2702 1746 2932 1816; x_wconf 84' lang='lat' dir='ltr'><strong>insignia</strong></span> <span class='ocrx_word' id='word_1_196' title='bbox 2963 1747 3118 1817; x_wconf 88' lang='lat' dir='ltr'><strong>plura</strong></span> <span class='ocrx_word' id='word_1_197' title='bbox 3140 1749 3332 1806; x_wconf 90' lang='lat' dir='ltr'><strong>salutis</strong></span> 
     </span>
    </p>
   </div>
   <div class='ocr_carea' id='block_1_17' title="bbox 507 1816 3504 1908">
    <p class='ocr_par' dir='ltr' id='par_1_17' title="bbox 507 1816 3504 1908">
     <span class='ocr_line' id='line_1_17' title="bbox 507 1816 3504 1908; baseline 0.001 -13"><span class='ocrx_word' id='word_1_198' title='bbox 507 1836 739 1895; x_wconf 77' lang='lat' dir='ltr'><strong>Numina</strong></span> <span class='ocrx_word' id='word_1_199' title='bbox 765 1839 992 1893; x_wconf 89' lang='lat' dir='ltr'><strong>scitatus</strong></span> <span class='ocrx_word' id='word_1_200' title='bbox 1019 1838 1164 1908; x_wconf 90' lang='lat' dir='ltr'><strong>capit</strong></span> <span class='ocrx_word' id='word_1_201' title='bbox 1188 1816 1467 1892; x_wconf 84' lang='lat' dir='ltr'><strong>inventum</strong></span> <span class='ocrx_word' id='word_1_202' title='bbox 1493 1836 1572 1890; x_wconf 92' lang='lat' dir='ltr'><strong>ire</strong></span> <span class='ocrx_word' id='word_1_203' title='bbox 1596 1833 1833 1890; x_wconf 86' lang='lat' dir='ltr'><strong>libellum</strong></span> <span class='ocrx_word' id='word_1_204' title='bbox 2127 1816 2166 1874; x_wconf 76' lang='grc' dir='ltr'><strong>Β</strong></span> <span class='ocrx_word' id='word_1_205' title='bbox 2197 1831 2443 1895; x_wconf 74' lang='lat' dir='ltr'><strong>Pnestita</strong></span> <span class='ocrx_word' id='word_1_206' title='bbox 2474 1836 2723 1903; x_wconf 77' lang='lat' dir='ltr'><strong>defessis,</strong></span> <span class='ocrx_word' id='word_1_207' title='bbox 2754 1824 2924 1892; x_wconf 26' lang='lat' dir='ltr'><strong>titulo.</strong></span> <span class='ocrx_word' id='word_1_208' title='bbox 2938 1816 3253 1908; x_wconf 82' lang='lat' dir='ltr'><strong>panduntur</strong></span> <span class='ocrx_word' id='word_1_209' title='bbox 3278 1821 3504 1900; x_wconf 78' lang='lat' dir='ltr'><strong>honoris</strong></span> 
     </span>
    </p>
   </div>
   <div class='ocr_carea' id='block_1_18' title="bbox 506 1920 3401 2000">
    <p class='ocr_par' dir='ltr' id='par_1_18' title="bbox 506 1920 3401 2000">
     <span class='ocr_line' id='line_1_18' title="bbox 506 1920 3401 2000; baseline -0 -16"><span class='ocrx_word' id='word_1_210' title='bbox 506 1928 740 1986; x_wconf 81' lang='lat' dir='ltr'><strong>Nomina</strong></span> <span class='ocrx_word' id='word_1_211' title='bbox 763 1943 872 2000; x_wconf 89' lang='lat' dir='ltr'><strong>quo</strong></span> <span class='ocrx_word' id='word_1_212' title='bbox 898 1928 1260 1999; x_wconf 83' lang='lat' dir='ltr'><strong>meritumque</strong></span> <span class='ocrx_word' id='word_1_213' title='bbox 1285 1927 1429 1997; x_wconf 77' lang='lat' dir='ltr'><strong>legal</strong></span> <span class='ocrx_word' id='word_1_214' title='bbox 1455 1934 1810 1997; x_wconf 87' lang='lat' dir='ltr'><strong>sumptasque</strong></span> <span class='ocrx_word' id='word_1_215' title='bbox 1838 1943 2091 1988; x_wconf 84' lang='lat' dir='ltr'><strong>coronas,</strong></span> <span class='ocrx_word' id='word_1_216' title='bbox 2195 1920 2525 1996; x_wconf 78' lang='lat' dir='ltr'><strong>Martyribus</strong></span> <span class='ocrx_word' id='word_1_217' title='bbox 2548 1924 2664 1991; x_wconf 88' lang='lat' dir='ltr'><strong>lati,</strong></span> <span class='ocrx_word' id='word_1_218' title='bbox 2694 1927 2897 1997; x_wconf 89' lang='lat' dir='ltr'><strong>pietate</strong></span> <span class='ocrx_word' id='word_1_219' title='bbox 2919 1936 2975 1983; x_wconf 93' lang='lat' dir='ltr'><strong>et</strong></span> <span class='ocrx_word' id='word_1_220' title='bbox 2995 1931 3244 1999; x_wconf 74' lang='lat' dir='ltr'><strong>praesulis</strong></span> <span class='ocrx_word' id='word_1_221' title='bbox 3272 1931 3401 1988; x_wconf 86' lang='lat' dir='ltr'><strong>almi</strong></span> 
     </span>
    </p>
   </div>
   <div class='ocr_carea' id='block_1_19' title="bbox 506 2006 3564 2093">
    <p class='ocr_par' dir='ltr' id='par_1_19' title="bbox 506 2006 3564 2093">
     <span class='ocr_line' id='line_1_19' title="bbox 506 2006 3564 2093; baseline 0.001 -16"><span class='ocrx_word' id='word_1_222' title='bbox 506 2022 601 2077; x_wconf 91' lang='lat' dir='ltr'><strong>llle</strong></span> <span class='ocrx_word' id='word_1_223' title='bbox 628 2006 779 2077; x_wconf 75' lang='lat' dir='ltr'><strong>ciens</strong></span> <span class='ocrx_word' id='word_1_224' title='bbox 799 2021 999 2076; x_wconf 76' lang='lat' dir='ltr'><strong>fratres</strong></span> <span class='ocrx_word' id='word_1_225' title='bbox 1030 2021 1258 2082; x_wconf 71' lang='lat' dir='ltr'><strong>telluris,</strong></span> <span class='ocrx_word' id='word_1_226' title='bbox 1290 2020 1341 2073; x_wconf 91' lang='lat' dir='ltr'><strong>in</strong></span> <span class='ocrx_word' id='word_1_227' title='bbox 1365 2020 1556 2074; x_wconf 89' lang='lat' dir='ltr'><strong>ordine</strong></span> <span class='ocrx_word' id='word_1_228' title='bbox 1580 2018 1809 2088; x_wconf 88' lang='lat' dir='ltr'><strong>primus,</strong></span> <span class='ocrx_word' id='word_1_229' title='bbox 2194 2015 2491 2087; x_wconf 82' lang='lat' dir='ltr'><strong>Martyrum</strong></span> <span class='ocrx_word' id='word_1_230' title='bbox 2522 2016 2645 2090; x_wconf 78' lang='lat' dir='ltr'><strong>(sic)</strong></span> <span class='ocrx_word' id='word_1_231' title='bbox 2680 2027 2932 2075; x_wconf 89' lang='lat' dir='ltr'><strong>attrectat</strong></span> <span class='ocrx_word' id='word_1_232' title='bbox 2960 2018 3085 2077; x_wconf 88' lang='lat' dir='ltr'><strong>ﬁdei</strong></span> <span class='ocrx_word' id='word_1_233' title='bbox 3115 2022 3379 2083; x_wconf 85' lang='lat' dir='ltr'><strong>velamina</strong></span> <span class='ocrx_word' id='word_1_234' title='bbox 3411 2026 3564 2093; x_wconf 83' lang='lat' dir='ltr'><strong>nisu,</strong></span> 
     </span>
    </p>
   </div>
   <div class='ocr_carea' id='block_1_20' title="bbox 508 2104 3493 2185">
    <p class='ocr_par' dir='ltr' id='par_1_20' title="bbox 508 2104 3493 2185">
     <span class='ocr_line' id='line_1_20' title="bbox 508 2104 3493 2185; baseline 0.001 -18"><span class='ocrx_word' id='word_1_235' title='bbox 508 2112 685 2184; x_wconf 83' lang='lat' dir='ltr'><strong>Tetga</strong></span> <span class='ocrx_word' id='word_1_236' title='bbox 708 2110 883 2182; x_wconf 89' lang='lat' dir='ltr'><strong>aperit</strong></span> <span class='ocrx_word' id='word_1_237' title='bbox 910 2110 1189 2176; x_wconf 85' lang='lat' dir='ltr'><strong>fodiendo;</strong></span> <span class='ocrx_word' id='word_1_238' title='bbox 1215 2110 1303 2165; x_wconf 92' lang='lat' dir='ltr'><strong>diu</strong></span> <span class='ocrx_word' id='word_1_239' title='bbox 1330 2116 1540 2165; x_wconf 84' lang='lat' dir='ltr'><strong>secreta</strong></span> <span class='ocrx_word' id='word_1_240' title='bbox 1564 2117 1851 2179; x_wconf 89' lang='lat' dir='ltr'><strong>patescunt</strong></span> <span class='ocrx_word' id='word_1_241' title='bbox 2193 2104 2339 2165; x_wconf 84' lang='lat' dir='ltr'><strong>Luco</strong></span> <span class='ocrx_word' id='word_1_242' title='bbox 2370 2105 2701 2162; x_wconf 86' lang='lat' dir='ltr'><strong>reformatur</strong></span> <span class='ocrx_word' id='word_1_243' title='bbox 2737 2123 2913 2166; x_wconf 59' lang='lat' dir='ltr'><strong>cacus</strong></span> <span class='ocrx_word' id='word_1_244' title='bbox 2944 2111 3191 2170; x_wconf 86' lang='lat' dir='ltr'><strong>radiante</strong></span> <span class='ocrx_word' id='word_1_245' title='bbox 3219 2113 3493 2185; x_wconf 77' lang='lat' dir='ltr'><strong>Severus;</strong></span> 
     </span>
    </p>
   </div>
   <div class='ocr_carea' id='block_1_21' title="bbox 512 2190 3457 2277">
    <p class='ocr_par' dir='ltr' id='par_1_21' title="bbox 512 2190 3457 2277">
     <span class='ocr_line' id='line_1_21' title="bbox 512 2190 3457 2277; baseline -0.001 -18"><span class='ocrx_word' id='word_1_246' title='bbox 512 2203 735 2260; x_wconf 79' lang='lat' dir='ltr'><strong>Munera</strong></span> <span class='ocrx_word' id='word_1_247' title='bbox 765 2218 868 2261; x_wconf 84' lang='lat' dir='ltr'><strong>nec</strong></span> <span class='ocrx_word' id='word_1_248' title='bbox 886 2211 1143 2273; x_wconf 86' lang='lat' dir='ltr'><strong>corrupta</strong></span> <span class='ocrx_word' id='word_1_249' title='bbox 1176 2203 1282 2259; x_wconf 90' lang='lat' dir='ltr'><strong>situ</strong></span> <span class='ocrx_word' id='word_1_250' title='bbox 1308 2216 1409 2258; x_wconf 91' lang='lat' dir='ltr'><strong>nec</strong></span> <span class='ocrx_word' id='word_1_251' title='bbox 1439 2201 1564 2256; x_wconf 88' lang='lat' dir='ltr'><strong>tabe</strong></span> <span class='ocrx_word' id='word_1_252' title='bbox 1592 2199 1767 2256; x_wconf 82' lang='lat' dir='ltr'><strong>soluta</strong></span> <span class='ocrx_word' id='word_1_253' title='bbox 2199 2190 2475 2250; x_wconf 75' lang='lat' dir='ltr'><strong>Clil‘anlm‘</strong></span> <span class='ocrx_word' id='word_1_254' title='bbox 2495 2195 2654 2267; x_wconf 73' lang='lat' dir='ltr'><strong>nigro</strong></span> <span class='ocrx_word' id='word_1_255' title='bbox 2684 2197 2892 2261; x_wconf 73' lang='lat' dir='ltr'><strong>obsessi</strong></span> <span class='ocrx_word' id='word_1_256' title='bbox 2925 2196 3225 2273; x_wconf 77' lang='lat' dir='ltr'><strong>Spiramitte</strong></span> <span class='ocrx_word' id='word_1_257' title='bbox 3252 2204 3457 2277; x_wconf 85' lang='lat' dir='ltr'><strong>plures,</strong></span> 
     </span>
    </p>
   </div>
   <div class='ocr_carea' id='block_1_22' title="bbox 513 2283 3531 2367">
    <p class='ocr_par' dir='ltr' id='par_1_22' title="bbox 513 2283 3531 2367">
     <span class='ocr_line' id='line_1_22' title="bbox 513 2283 3531 2367; baseline 0.001 -16"><span class='ocrx_word' id='word_1_258' title='bbox 513 2295 691 2365; x_wconf 84' lang='lat' dir='ltr'><strong>thue</strong></span> <span class='ocrx_word' id='word_1_259' title='bbox 718 2296 809 2350; x_wconf 91' lang='lat' dir='ltr'><strong>diu</strong></span> <span class='ocrx_word' id='word_1_260' title='bbox 846 2296 1021 2366; x_wconf 84' lang='lat' dir='ltr'><strong>posita</strong></span> <span class='ocrx_word' id='word_1_261' title='bbox 1059 2296 1163 2350; x_wconf 86' lang='lat' dir='ltr'><strong>hac</strong></span> <span class='ocrx_word' id='word_1_262' title='bbox 1184 2293 1447 2364; x_wconf 84' lang='lat' dir='ltr'><strong>fragranti</strong></span> <span class='ocrx_word' id='word_1_263' title='bbox 1478 2301 1701 2347; x_wconf 87' lang='lat' dir='ltr'><strong>nectare</strong></span> <span class='ocrx_word' id='word_1_264' title='bbox 1739 2303 1958 2362; x_wconf 86' lang='lat' dir='ltr'><strong>sparsa;</strong></span> <span class='ocrx_word' id='word_1_265' title='bbox 2198 2283 2494 2341; x_wconf 87' lang='lat' dir='ltr'><strong>Gratanter</strong></span> <span class='ocrx_word' id='word_1_266' title='bbox 2512 2303 2602 2357; x_wconf 67' lang='lat' dir='ltr'><strong>lue</strong></span> <span class='ocrx_word' id='word_1_267' title='bbox 2626 2299 2959 2347; x_wconf 84' lang='lat' dir='ltr'><strong>revertentes</strong></span> <span class='ocrx_word' id='word_1_268' title='bbox 2983 2292 3037 2348; x_wconf 87' lang='lat' dir='ltr'><strong>vi</strong></span> <span class='ocrx_word' id='word_1_269' title='bbox 3066 2292 3289 2351; x_wconf 90' lang='lat' dir='ltr'><strong>luminis</strong></span> <span class='ocrx_word' id='word_1_270' title='bbox 3310 2308 3531 2367; x_wconf 81' lang='lat' dir='ltr'><strong>augent,</strong></span> 
     </span>
    </p>
   </div>
   <div class='ocr_carea' id='block_1_23' title="bbox 507 2374 3412 2461">
    <p class='ocr_par' dir='ltr' id='par_1_23' title="bbox 507 2374 3412 2461">
     <span class='ocr_line' id='line_1_23' title="bbox 507 2374 3412 2461; baseline -0.001 -17"><span class='ocrx_word' id='word_1_271' title='bbox 507 2374 803 2456; x_wconf 78' lang='lat' dir='ltr'><strong>Expectata</strong></span> <span class='ocrx_word' id='word_1_272' title='bbox 827 2396 974 2461; x_wconf 89' lang='lat' dir='ltr'><strong>patet</strong></span> <span class='ocrx_word' id='word_1_273' title='bbox 1009 2387 1256 2461; x_wconf 83' lang='lat' dir='ltr'><strong>pandens</strong></span> <span class='ocrx_word' id='word_1_274' title='bbox 1282 2382 1549 2455; x_wconf 86' lang='lat' dir='ltr'><strong>promissa</strong></span> <span class='ocrx_word' id='word_1_275' title='bbox 1579 2382 1795 2438; x_wconf 90' lang='lat' dir='ltr'><strong>libellus</strong></span> <span class='ocrx_word' id='word_1_276' title='bbox 1828 2399 1843 2436; x_wconf 93' lang='lat'><strong>:</strong></span> <span class='ocrx_word' id='word_1_277' title='bbox 2197 2376 2454 2434; x_wconf 47' lang='lat' dir='ltr'><strong>Et&#39;clesia:</strong></span> <span class='ocrx_word' id='word_1_278' title='bbox 2479 2379 2728 2437; x_wconf 92' lang='lat' dir='ltr'><strong>minuunt</strong></span> <span class='ocrx_word' id='word_1_279' title='bbox 2754 2384 2907 2453; x_wconf 87' lang='lat' dir='ltr'><strong>pravi</strong></span> <span class='ocrx_word' id='word_1_280' title='bbox 2930 2382 3170 2457; x_wconf 84' lang='lat' dir='ltr'><strong>fomenta</strong></span> <span class='ocrx_word' id='word_1_281' title='bbox 3189 2385 3412 2454; x_wconf 89' lang='lat' dir='ltr'><strong>furoris,</strong></span> 
     </span>
    </p>
   </div>
   <div class='ocr_carea' id='block_1_24' title="bbox 508 2467 3486 2547">
    <p class='ocr_par' dir='ltr' id='par_1_24' title="bbox 508 2467 3486 2547">
     <span class='ocr_line' id='line_1_24' title="bbox 508 2467 3486 2547; baseline 0 -13"><span class='ocrx_word' id='word_1_282' title='bbox 508 2478 730 2538; x_wconf 79' lang='lat' dir='ltr'><strong>Abdidit</strong></span> <span class='ocrx_word' id='word_1_283' title='bbox 754 2487 814 2534; x_wconf 89' lang='lat' dir='ltr'><strong>ut</strong></span> <span class='ocrx_word' id='word_1_284' title='bbox 846 2490 975 2536; x_wconf 90' lang='lat' dir='ltr'><strong>nato</strong></span> <span class='ocrx_word' id='word_1_285' title='bbox 999 2479 1297 2536; x_wconf 87' lang='lat' dir='ltr'><strong>comitante</strong></span> <span class='ocrx_word' id='word_1_286' title='bbox 1321 2478 1439 2534; x_wconf 72' lang='lat' dir='ltr'><strong>haec</strong></span> <span class='ocrx_word' id='word_1_287' title='bbox 1461 2486 1618 2546; x_wconf 74' lang='lat' dir='ltr'><strong>rapta</strong></span> <span class='ocrx_word' id='word_1_288' title='bbox 1644 2474 1946 2547; x_wconf 83' lang='lat' dir='ltr'><strong>Philippus,</strong></span> <span class='ocrx_word' id='word_1_289' title='bbox 2194 2467 2574 2540; x_wconf 90' lang='lat' dir='ltr'><strong>lncipiuntque</strong></span> <span class='ocrx_word' id='word_1_290' title='bbox 2597 2471 2727 2529; x_wconf 76' lang='lat' dir='ltr'><strong>fera:</strong></span> <span class='ocrx_word' id='word_1_291' title='bbox 2761 2476 2967 2531; x_wconf 89' lang='lat' dir='ltr'><strong>sensim</strong></span> <span class='ocrx_word' id='word_1_292' title='bbox 2988 2492 3266 2534; x_wconf 85' lang='lat' dir='ltr'><strong>rarescere</strong></span> <span class='ocrx_word' id='word_1_293' title='bbox 3296 2481 3486 2546; x_wconf 65' lang='lat' dir='ltr'><strong>turbae,</strong></span> 
     </span>
    </p>
   </div>
   <div class='ocr_carea' id='block_1_25' title="bbox 505 2554 3494 2645">
    <p class='ocr_par' dir='ltr' id='par_1_25' title="bbox 505 2554 3494 2645">
     <span class='ocr_line' id='line_1_25' title="bbox 505 2554 3494 2645; baseline 0 -18"><span class='ocrx_word' id='word_1_294' title='bbox 505 2568 690 2628; x_wconf 81' lang='lat' dir='ltr'><strong>Edidit</strong></span> <span class='ocrx_word' id='word_1_295' title='bbox 715 2580 773 2627; x_wconf 92' lang='lat' dir='ltr'><strong>ut</strong></span> <span class='ocrx_word' id='word_1_296' title='bbox 794 2573 1040 2645; x_wconf 87' lang='lat' dir='ltr'><strong>geminos</strong></span> <span class='ocrx_word' id='word_1_297' title='bbox 1061 2569 1237 2627; x_wconf 78' lang='lat' dir='ltr'><strong>Vitale</strong></span> <span class='ocrx_word' id='word_1_298' title='bbox 1260 2568 1480 2626; x_wconf 84' lang='lat' dir='ltr'><strong>Valeria</strong></span> <span class='ocrx_word' id='word_1_299' title='bbox 1520 2576 1697 2642; x_wconf 85' lang='lat' dir='ltr'><strong>patre,</strong></span> <span class='ocrx_word' id='word_1_300' title='bbox 1810 2638 1817 2644; x_wconf 26' lang='lat'><strong><em>&#39;</em></strong></span> <span class='ocrx_word' id='word_1_301' title='bbox 2200 2559 2364 2632; x_wconf 84' lang='lat' dir='ltr'><strong>Inque</strong></span> <span class='ocrx_word' id='word_1_302' title='bbox 2385 2564 2727 2622; x_wconf 85' lang='lat' dir='ltr'><strong>sacerdotem</strong></span> <span class='ocrx_word' id='word_1_303' title='bbox 2750 2566 2954 2625; x_wconf 85' lang='lat' dir='ltr'><strong>Christi</strong></span> <span class='ocrx_word' id='word_1_304' title='bbox 2975 2570 3154 2626; x_wconf 80' lang='lat' dir='ltr'><strong>excita</strong></span> <span class='ocrx_word' id='word_1_305' title='bbox 3187 2571 3292 2645; x_wconf 86' lang='lat' dir='ltr'><strong>tela</strong></span> <span class='ocrx_word' id='word_1_306' title='bbox 3316 2554 3494 2637; x_wconf 76' lang='lat' dir='ltr'><strong>relidi.</strong></span> 
     </span>
    </p>
   </div>
   <div class='ocr_carea' id='block_1_26' title="bbox 1971 2715 2358 2776">
    <p class='ocr_par' dir='ltr' id='par_1_26' title="bbox 1971 2715 2358 2776">
     <span class='ocr_line' id='line_1_26' title="bbox 1971 2715 2358 2776; baseline 0.008 -4"><span class='ocrx_word' id='word_1_307' title='bbox 1971 2715 2203 2775; x_wconf 69' lang='lat' dir='ltr'><strong>CAPUT</strong></span> <span class='ocrx_word' id='word_1_308' title='bbox 2241 2718 2358 2776; x_wconf 78' lang='lat' dir='ltr'><strong>XV.</strong></span> 
     </span>
    </p>
   </div>
   <div class='ocr_carea' id='block_1_27' title="bbox 1676 2833 2585 2892">
    <p class='ocr_par' dir='ltr' id='par_1_27' title="bbox 1676 2833 2585 2892">
     <span class='ocr_line' id='line_1_27' title="bbox 1676 2833 2585 2892; baseline 0.003 -3"><span class='ocrx_word' id='word_1_309' title='bbox 1676 2833 1756 2891; x_wconf 80' lang='lat' dir='ltr'><strong>De</strong></span> <span class='ocrx_word' id='word_1_310' title='bbox 1784 2834 2068 2890; x_wconf 75' lang='lat' dir='ltr'><strong>virtutibus</strong></span> <span class='ocrx_word' id='word_1_311' title='bbox 2098 2837 2281 2891; x_wconf 82' lang='lat' dir='ltr'><strong>sancti</strong></span> <span class='ocrx_word' id='word_1_312' title='bbox 2303 2836 2585 2892; x_wconf 78' lang='lat' dir='ltr'><strong>Ambrosii.</strong></span> 
     </span>
    </p>
   </div>
   <div class='ocr_carea' id='block_1_28' title="bbox 510 2954 3536 3045">
    <p class='ocr_par' dir='ltr' id='par_1_28' title="bbox 510 2954 3536 3045">
     <span class='ocr_line' id='line_1_28' title="bbox 510 2954 3536 3045; baseline 0.002 -14"><span class='ocrx_word' id='word_1_313' title='bbox 510 2972 721 3031; x_wconf 76' lang='lat' dir='ltr'><strong>Saevam</strong></span> <span class='ocrx_word' id='word_1_314' title='bbox 749 2972 894 3029; x_wconf 85' lang='lat' dir='ltr'><strong>intra</strong></span> <span class='ocrx_word' id='word_1_315' title='bbox 920 2987 1171 3045; x_wconf 69' lang='lat' dir='ltr'><strong>quamius</strong></span> <span class='ocrx_word' id='word_1_316' title='bbox 1197 2970 1377 3030; x_wconf 87' lang='lat' dir='ltr'><strong>aulam</strong></span> <span class='ocrx_word' id='word_1_317' title='bbox 1408 2972 1563 3045; x_wconf 88' lang='lat' dir='ltr'><strong>nigra</strong></span> <span class='ocrx_word' id='word_1_318' title='bbox 1618 2987 1896 3031; x_wconf 87' lang='lat' dir='ltr'><strong>murmura</strong></span> <span class='ocrx_word' id='word_1_319' title='bbox 1938 2990 2087 3030; x_wconf 70' lang='lat' dir='ltr'><strong>mus.</strong></span> <span class='ocrx_word' id='word_1_320' title='bbox 2120 2954 2166 3018; x_wconf 74' lang='grc' dir='ltr'>Ο</span> <span class='ocrx_word' id='word_1_321' title='bbox 2197 2973 2335 3043; x_wconf 69' lang='lat' dir='ltr'><strong>Quid</strong></span> <span class='ocrx_word' id='word_1_322' title='bbox 2362 2974 2686 3031; x_wconf 87' lang='lat' dir='ltr'><strong>Zoroastreo</strong></span> <span class='ocrx_word' id='word_1_323' title='bbox 2709 2990 3003 3034; x_wconf 88' lang='lat' dir='ltr'><strong>succensus</strong></span> <span class='ocrx_word' id='word_1_324' title='bbox 3029 2979 3193 3035; x_wconf 87' lang='lat' dir='ltr'><strong>corda</strong></span> <span class='ocrx_word' id='word_1_325' title='bbox 3224 2978 3427 3037; x_wconf 78' lang='lat' dir='ltr'><strong>furoris</strong></span> <span class='ocrx_word' id='word_1_326' title='bbox 3529 3004 3536 3015; x_wconf 64' lang='grc' dir='ltr'><strong>ν</strong></span> 
     </span>
    </p>
   </div>
   <div class='ocr_carea' id='block_1_29' title="bbox 978 3062 3427 3145">
    <p class='ocr_par' dir='ltr' id='par_1_29' title="bbox 978 3062 3427 3145">
     <span class='ocr_line' id='line_1_29' title="bbox 978 3062 3427 3145; baseline 0.003 -24"><span class='ocrx_word' id='word_1_327' title='bbox 978 3114 983 3121; x_wconf 84' lang='grc'><em>.</em></span> <span class='ocrx_word' id='word_1_328' title='bbox 1855 3067 2020 3145; x_wconf 78' lang='lat' dir='ltr'><strong>(sent,</strong></span> <span class='ocrx_word' id='word_1_329' title='bbox 2199 3065 2282 3122; x_wconf 91' lang='lat' dir='ltr'><strong>Sit</strong></span> <span class='ocrx_word' id='word_1_330' title='bbox 2303 3082 2497 3123; x_wconf 84' lang='lat' dir='ltr'><strong>suasus</strong></span> <span class='ocrx_word' id='word_1_331' title='bbox 2513 3067 2663 3137; x_wconf 84' lang='lat' dir='ltr'><strong>justo</strong></span> <span class='ocrx_word' id='word_1_332' title='bbox 2685 3067 2911 3125; x_wconf 90' lang='lat' dir='ltr'><strong>insidias</strong></span> <span class='ocrx_word' id='word_1_333' title='bbox 2941 3068 3153 3126; x_wconf 90' lang='lat' dir='ltr'><strong>fervore</strong></span> <span class='ocrx_word' id='word_1_334' title='bbox 3184 3072 3381 3129; x_wconf 87' lang='lat' dir='ltr'><strong>ferocis</strong></span> <span class='ocrx_word' id='word_1_335' title='bbox 3420 3062 3427 3069; x_wconf 76' lang='grc'><em>’</em></span> 
     </span>
    </p>
   </div>
   <div class='ocr_carea' id='block_1_30' title="bbox 503 3155 2046 3231">
    <p class='ocr_par' dir='ltr' id='par_1_30' title="bbox 503 3157 1806 3231">
     <span class='ocr_line' id='line_1_30' title="bbox 503 3157 1806 3231; baseline 0.002 -17"><span class='ocrx_word' id='word_1_336' title='bbox 503 3157 729 3214; x_wconf 80' lang='lat' dir='ltr'><strong>Confusi</strong></span> <span class='ocrx_word' id='word_1_337' title='bbox 767 3158 1017 3214; x_wconf 79' lang='lat' dir='ltr'><strong>recidunt</strong></span> <span class='ocrx_word' id='word_1_338' title='bbox 1038 3168 1215 3216; x_wconf 91' lang='lat' dir='ltr'><strong>tamen</strong></span> <span class='ocrx_word' id='word_1_339' title='bbox 1243 3158 1503 3215; x_wconf 88' lang='lat' dir='ltr'><strong>insultare</strong></span> <span class='ocrx_word' id='word_1_340' title='bbox 1525 3169 1806 3231; x_wconf 84' lang='lat' dir='ltr'><strong>parantes.</strong></span> 
     </span>
    </p>
   </div>
   <div class='ocr_carea' id='block_1_31' title="bbox 2006 3155 3549 3231">
    <p class='ocr_par' dir='ltr' id='par_1_31' title="bbox 2071 3155 3549 3231">
     <span class='ocr_line' id='line_1_31' title="bbox 2071 3155 3549 3231; baseline 0.007 -22"><span class='ocrx_word' id='word_1_341' title='bbox 2071 3192 2087 3209; x_wconf 86' lang='lat'><strong>.</strong></span> <span class='ocrx_word' id='word_1_342' title='bbox 2198 3155 2443 3214; x_wconf 77' lang='lat' dir='ltr'><strong>Tendere</strong></span> <span class='ocrx_word' id='word_1_343' title='bbox 2467 3159 2814 3231; x_wconf 70' lang='lat' dir='ltr'><strong>sceptrigerze</strong></span> <span class='ocrx_word' id='word_1_344' title='bbox 2833 3160 3061 3225; x_wconf 84' lang='lat' dir='ltr'><strong>doctori,</strong></span> <span class='ocrx_word' id='word_1_345' title='bbox 3093 3174 3344 3221; x_wconf 84' lang='lat' dir='ltr'><strong>avertere</strong></span> <span class='ocrx_word' id='word_1_346' title='bbox 3370 3174 3549 3222; x_wconf 84' lang='lat' dir='ltr'><strong>castra</strong></span> 
     </span>
    </p>
   </div>
   <div class='ocr_carea' id='block_1_32' title="bbox 503 3246 3338 3323">
    <p class='ocr_par' dir='ltr' id='par_1_32' title="bbox 503 3246 3338 3323">
     <span class='ocr_line' id='line_1_32' title="bbox 503 3246 3338 3323; baseline 0 -17"><span class='ocrx_word' id='word_1_347' title='bbox 503 3249 802 3306; x_wconf 75' lang='lat' dir='ltr'><strong>llecticolis</strong></span> <span class='ocrx_word' id='word_1_348' title='bbox 833 3249 1036 3307; x_wconf 87' lang='lat' dir='ltr'><strong>Zahulo</strong></span> <span class='ocrx_word' id='word_1_349' title='bbox 1064 3251 1193 3306; x_wconf 92' lang='lat' dir='ltr'><strong>dum</strong></span> <span class='ocrx_word' id='word_1_350' title='bbox 1214 3251 1434 3322; x_wconf 87' lang='lat' dir='ltr'><strong>quidam</strong></span> <span class='ocrx_word' id='word_1_351' title='bbox 1452 3262 1716 3322; x_wconf 88' lang='lat' dir='ltr'><strong>.arreptus</strong></span> <span class='ocrx_word' id='word_1_352' title='bbox 1736 3268 1928 3309; x_wconf 89' lang='lat' dir='ltr'><strong>eorum</strong></span> <span class='ocrx_word' id='word_1_353' title='bbox 2195 3246 2471 3313; x_wconf 57' lang='lat' dir='ltr'><strong>Ecclesiae,</strong></span> <span class='ocrx_word' id='word_1_354' title='bbox 2493 3264 2600 3319; x_wconf 92' lang='lat' dir='ltr'><strong>quo</strong></span> <span class='ocrx_word' id='word_1_355' title='bbox 2627 3246 3149 3323; x_wconf 36' lang='lat' dir='ltr'><strong>sacriﬁcus’fastigia</strong></span> <span class='ocrx_word' id='word_1_356' title='bbox 3183 3255 3338 3311; x_wconf 87' lang='lat' dir='ltr'><strong>nisus</strong></span> 
     </span>
    </p>
   </div>
   <div class='ocr_carea' id='block_1_33' title="bbox 503 3339 3420 3416">
    <p class='ocr_par' dir='ltr' id='par_1_33' title="bbox 503 3339 3420 3416">
     <span class='ocr_line' id='line_1_33' title="bbox 503 3339 3420 3416; baseline 0.002 -20"><span class='ocrx_word' id='word_1_357' title='bbox 503 3339 715 3398; x_wconf 85' lang='lat' dir='ltr'><strong>Invitus</strong></span> <span class='ocrx_word' id='word_1_358' title='bbox 739 3341 836 3397; x_wconf 82' lang='lat' dir='ltr'><strong>dat</strong></span> <span class='ocrx_word' id='word_1_359' title='bbox 857 3358 987 3398; x_wconf 86' lang='lat' dir='ltr'><strong>vera</strong></span> <span class='ocrx_word' id='word_1_360' title='bbox 1014 3341 1161 3409; x_wconf 90' lang='lat' dir='ltr'><strong>licet,</strong></span> <span class='ocrx_word' id='word_1_361' title='bbox 1184 3343 1343 3400; x_wconf 89' lang='lat' dir='ltr'><strong>laude</strong></span> <span class='ocrx_word' id='word_1_362' title='bbox 1372 3344 1533 3414; x_wconf 88' lang='lat' dir='ltr'><strong>erigit</strong></span> <span class='ocrx_word' id='word_1_363' title='bbox 1557 3345 1790 3413; x_wconf 89' lang='lat' dir='ltr'><strong>hostem,</strong></span> <span class='ocrx_word' id='word_1_364' title='bbox 2198 3340 2499 3396; x_wconf 88' lang='lat' dir='ltr'><strong>Scantlerat</strong></span> <span class='ocrx_word' id='word_1_365' title='bbox 2522 3341 2752 3397; x_wconf 88' lang='lat' dir='ltr'><strong>obscura</strong></span> <span class='ocrx_word' id='word_1_366' title='bbox 2788 3343 2966 3399; x_wconf 78' lang='lat' dir='ltr'><strong>tacita:</strong></span> <span class='ocrx_word' id='word_1_367' title='bbox 2986 3343 3215 3416; x_wconf 84' lang='lat' dir='ltr'><strong>caligine</strong></span> <span class='ocrx_word' id='word_1_368' title='bbox 3244 3346 3420 3401; x_wconf 88' lang='lat' dir='ltr'><strong>noctis</strong></span> 
     </span>
    </p>
   </div>
   <div class='ocr_carea' id='block_1_34' title="bbox 503 3433 3470 3507">
    <p class='ocr_par' dir='ltr' id='par_1_34' title="bbox 503 3433 3470 3507">
     <span class='ocr_line' id='line_1_34' title="bbox 503 3433 3470 3507; baseline 0.001 -18"><span class='ocrx_word' id='word_1_369' title='bbox 503 3433 811 3489; x_wconf 86' lang='lat' dir='ltr'><strong>Cuntttrbat</strong></span> <span class='ocrx_word' id='word_1_370' title='bbox 836 3434 1036 3501; x_wconf 87' lang='lat' dir='ltr'><strong>socios,</strong></span> <span class='ocrx_word' id='word_1_371' title='bbox 1065 3434 1323 3506; x_wconf 85' lang='lat' dir='ltr'><strong>pietatem</strong></span> <span class='ocrx_word' id='word_1_372' title='bbox 1351 3436 1567 3492; x_wconf 88' lang='lat' dir='ltr'><strong>nescius</strong></span> <span class='ocrx_word' id='word_1_373' title='bbox 1586 3435 1763 3504; x_wconf 83' lang='lat' dir='ltr'><strong>eﬁ‘ert,</strong></span> <span class='ocrx_word' id='word_1_374' title='bbox 2194 3434 2644 3506; x_wconf 88' lang='lat' dir='ltr'><strong>Culminibusque</strong></span> <span class='ocrx_word' id='word_1_375' title='bbox 2672 3435 2842 3490; x_wconf 88' lang='lat' dir='ltr'><strong>litans</strong></span> <span class='ocrx_word' id='word_1_376' title='bbox 2874 3436 2997 3492; x_wconf 89' lang='lat' dir='ltr'><strong>lites</strong></span> <span class='ocrx_word' id='word_1_377' title='bbox 3021 3438 3204 3493; x_wconf 79' lang='lat' dir='ltr'><strong>excire</strong></span> <span class='ocrx_word' id='word_1_378' title='bbox 3234 3445 3470 3507; x_wconf 85' lang='lat' dir='ltr'><strong>pararat,</strong></span> 
     </span>
    </p>
   </div>
   <div class='ocr_carea' id='block_1_35' title="bbox 503 3523 3326 3599">
    <p class='ocr_par' dir='ltr' id='par_1_35' title="bbox 503 3523 3326 3599">
     <span class='ocr_line' id='line_1_35' title="bbox 503 3523 3326 3599; baseline 0.001 -18"><span class='ocrx_word' id='word_1_379' title='bbox 503 3523 570 3581; x_wconf 84' lang='lat' dir='ltr'><strong>Di</strong></span> <span class='ocrx_word' id='word_1_380' title='bbox 594 3541 634 3581; x_wconf 45' lang='lat' dir='ltr'><strong>‘a</strong></span> <span class='ocrx_word' id='word_1_381' title='bbox 663 3534 841 3582; x_wconf 88' lang='lat' dir='ltr'><strong>truces</strong></span> <span class='ocrx_word' id='word_1_382' title='bbox 871 3525 941 3582; x_wconf 88' lang='lat' dir='ltr'><strong>ad</strong></span> <span class='ocrx_word' id='word_1_383' title='bbox 954 3527 1080 3583; x_wconf 16' lang='lat' dir='ltr'><strong>alunt</strong></span> <span class='ocrx_word' id='word_1_384' title='bbox 1122 3527 1368 3594; x_wconf 88' lang='lat' dir='ltr'><strong>comites,</strong></span> <span class='ocrx_word' id='word_1_385' title='bbox 1392 3529 1776 3599; x_wconf 89' lang='lat' dir='ltr'><strong>perimuntque</strong></span> <span class='ocrx_word' id='word_1_386' title='bbox 1822 3530 2086 3599; x_wconf 85' lang='lat' dir='ltr'><strong>sodalem,</strong></span> <span class='ocrx_word' id='word_1_387' title='bbox 2198 3524 2382 3583; x_wconf 81' lang='lat' dir='ltr'><strong>Versis</strong></span> <span class='ocrx_word' id='word_1_388' title='bbox 2408 3542 2472 3582; x_wconf 91' lang='lat' dir='ltr'><strong>ac</strong></span> <span class='ocrx_word' id='word_1_389' title='bbox 2494 3528 2656 3591; x_wconf 90' lang='lat' dir='ltr'><strong>votis,</strong></span> <span class='ocrx_word' id='word_1_390' title='bbox 2692 3528 2817 3583; x_wconf 92' lang='lat' dir='ltr'><strong>odio</strong></span> <span class='ocrx_word' id='word_1_391' title='bbox 2837 3543 2938 3599; x_wconf 90' lang='lat' dir='ltr'><strong>pro</strong></span> <span class='ocrx_word' id='word_1_392' title='bbox 2962 3528 3109 3585; x_wconf 70' lang='lat' dir='ltr'><strong>caede</strong></span> <span class='ocrx_word' id='word_1_393' title='bbox 3133 3531 3326 3598; x_wconf 89' lang='lat' dir='ltr'><strong>petito,</strong></span> 
     </span>
    </p>
   </div>
   <div class='ocr_carea' id='block_1_36' title="bbox 502 3612 3615 3696">
    <p class='ocr_par' dir='ltr' id='par_1_36' title="bbox 502 3612 3615 3696">
     <span class='ocr_line' id='line_1_36' title="bbox 502 3612 3615 3696; baseline 0.002 -22"><span class='ocrx_word' id='word_1_394' title='bbox 502 3616 741 3674; x_wconf 83' lang='lat' dir='ltr'><strong>Invisum</strong></span> <span class='ocrx_word' id='word_1_395' title='bbox 769 3618 911 3675; x_wconf 92' lang='lat' dir='ltr'><strong>veris</strong></span> <span class='ocrx_word' id='word_1_396' title='bbox 939 3612 1212 3675; x_wconf 82' lang='lat' dir='ltr'><strong>cumulant</strong></span> <span class='ocrx_word' id='word_1_397' title='bbox 1239 3620 1340 3676; x_wconf 87' lang='lat' dir='ltr'><strong>s&#39;bi</strong></span> <span class='ocrx_word' id='word_1_398' title='bbox 1371 3621 1569 3690; x_wconf 89' lang='lat' dir='ltr'><strong>probra</strong></span> <span class='ocrx_word' id='word_1_399' title='bbox 1598 3622 1873 3696; x_wconf 84' lang='lat' dir='ltr'><strong>decorem,</strong></span> <span class='ocrx_word' id='word_1_400' title='bbox 2195 3620 2430 3675; x_wconf 88' lang='lat' dir='ltr'><strong>Sanctus</strong></span> <span class='ocrx_word' id='word_1_401' title='bbox 2459 3633 2614 3674; x_wconf 88' lang='lat' dir='ltr'><strong>amor</strong></span> <span class='ocrx_word' id='word_1_402' title='bbox 2635 3619 2782 3675; x_wconf 87' lang='lat' dir='ltr'><strong>Patri</strong></span> <span class='ocrx_word' id='word_1_403' title='bbox 2811 3628 3062 3675; x_wconf 88' lang='lat' dir='ltr'><strong>natorum</strong></span> <span class='ocrx_word' id='word_1_404' title='bbox 3091 3621 3145 3675; x_wconf 89' lang='lat' dir='ltr'><strong>in</strong></span> <span class='ocrx_word' id='word_1_405' title='bbox 3172 3622 3338 3678; x_wconf 93' lang='lat' dir='ltr'><strong>corde</strong></span> <span class='ocrx_word' id='word_1_406' title='bbox 3360 3621 3615 3695; x_wconf 82' lang='lat' dir='ltr'><strong>ﬂagravit.</strong></span> 
     </span>
    </p>
   </div>
   <div class='ocr_carea' id='block_1_37' title="bbox 503 3709 3526 3784">
    <p class='ocr_par' dir='ltr' id='par_1_37' title="bbox 503 3709 3526 3784">
     <span class='ocr_line' id='line_1_37' title="bbox 503 3709 3526 3784; baseline 0.002 -19"><span class='ocrx_word' id='word_1_407' title='bbox 503 3709 677 3781; x_wconf 88' lang='lat' dir='ltr'><strong>Digno</strong></span> <span class='ocrx_word' id='word_1_408' title='bbox 699 3711 942 3781; x_wconf 84' lang='lat' dir='ltr'><strong>pontiﬁci</strong></span> <span class='ocrx_word' id='word_1_409' title='bbox 967 3711 1185 3768; x_wconf 82' lang='lat' dir='ltr'><strong>Christo</strong></span> <span class='ocrx_word' id='word_1_410' title='bbox 1210 3712 1378 3769; x_wconf 82' lang='lat' dir='ltr'><strong>decus</strong></span> <span class='ocrx_word' id='word_1_411' title='bbox 1410 3728 1575 3770; x_wconf 90' lang='lat' dir='ltr'><strong>omne</strong></span> <span class='ocrx_word' id='word_1_412' title='bbox 1600 3714 1823 3784; x_wconf 82' lang='lat' dir='ltr'><strong>ferenti,</strong></span> <span class='ocrx_word' id='word_1_413' title='bbox 2190 3709 2437 3765; x_wconf 81' lang='lat' dir='ltr'><strong>Prodidit</strong></span> <span class='ocrx_word' id='word_1_414' title='bbox 2467 3719 2629 3780; x_wconf 82' lang='lat' dir='ltr'><strong>atque</strong></span> <span class='ocrx_word' id='word_1_415' title='bbox 2660 3720 2842 3766; x_wconf 84' lang='lat' dir='ltr'><strong>truces</strong></span> <span class='ocrx_word' id='word_1_416' title='bbox 2863 3725 2922 3767; x_wconf 87' lang='lat' dir='ltr'><strong>se</strong></span> <span class='ocrx_word' id='word_1_417' title='bbox 2943 3711 3218 3784; x_wconf 77' lang='lat' dir='ltr'><strong>delegasse</strong></span> <span class='ocrx_word' id='word_1_418' title='bbox 3249 3714 3526 3771; x_wconf 85' lang='lat' dir='ltr'><strong>ministros</strong></span> 
     </span>
    </p>
   </div>
   <div class='ocr_carea' id='block_1_38' title="bbox 503 3800 3439 3879">
    <p class='ocr_par' dir='ltr' id='par_1_38' title="bbox 503 3800 3439 3879">
     <span class='ocr_line' id='line_1_38' title="bbox 503 3800 3439 3879; baseline 0.001 -22"><span class='ocrx_word' id='word_1_419' title='bbox 503 3800 634 3860; x_wconf 64' lang='lat' dir='ltr'><strong>Haec</strong></span> <span class='ocrx_word' id='word_1_420' title='bbox 658 3802 759 3860; x_wconf 88' lang='lat' dir='ltr'><strong>sibi</strong></span> <span class='ocrx_word' id='word_1_421' title='bbox 785 3802 879 3875; x_wconf 86' lang='lat' dir='ltr'><strong>qui</strong></span> <span class='ocrx_word' id='word_1_422' title='bbox 908 3812 1132 3875; x_wconf 78' lang='lat' dir='ltr'><strong>praestat</strong></span> <span class='ocrx_word' id='word_1_423' title='bbox 1156 3805 1399 3861; x_wconf 76' lang='lat' dir='ltr'><strong>ccclestia</strong></span> <span class='ocrx_word' id='word_1_424' title='bbox 1423 3822 1648 3863; x_wconf 85' lang='lat' dir='ltr'><strong>munera</strong></span> <span class='ocrx_word' id='word_1_425' title='bbox 1679 3823 1862 3879; x_wconf 75' lang='lat' dir='ltr'><strong>servo,</strong></span> <span class='ocrx_word' id='word_1_426' title='bbox 2188 3801 2421 3858; x_wconf 83' lang='lat' dir='ltr'><strong>Altniﬁci</strong></span> <span class='ocrx_word' id='word_1_427' title='bbox 2442 3802 2668 3857; x_wconf 90' lang='lat' dir='ltr'><strong>invisam</strong></span> <span class='ocrx_word' id='word_1_428' title='bbox 2693 3802 2877 3874; x_wconf 87' lang='lat' dir='ltr'><strong>pravis</strong></span> <span class='ocrx_word' id='word_1_429' title='bbox 2899 3803 3220 3875; x_wconf 80' lang='lat' dir='ltr'><strong>extinguere</strong></span> <span class='ocrx_word' id='word_1_430' title='bbox 3248 3805 3439 3872; x_wconf 90' lang='lat' dir='ltr'><strong>vitam,</strong></span> 
     </span>
    </p>
   </div>
   <div class='ocr_carea' id='block_1_39' title="bbox 503 3884 2046 3976">
    <p class='ocr_par' dir='ltr' id='par_1_39' title="bbox 503 3892 2027 3976">
     <span class='ocr_line' id='line_1_39' title="bbox 503 3892 2027 3976; baseline 0.007 -27"><span class='ocrx_word' id='word_1_431' title='bbox 503 3892 609 3963; x_wconf 83' lang='lat' dir='ltr'><strong>Qui</strong></span> <span class='ocrx_word' id='word_1_432' title='bbox 635 3899 834 3967; x_wconf 78' lang='lat' dir='ltr'><strong>supero</strong></span> <span class='ocrx_word' id='word_1_433' title='bbox 869 3895 1172 3976; x_wconf 87' lang='lat' dir='ltr'><strong>adstantem</strong></span> <span class='ocrx_word' id='word_1_434' title='bbox 1205 3899 1377 3953; x_wconf 90' lang='lat' dir='ltr'><strong>munit</strong></span> <span class='ocrx_word' id='word_1_435' title='bbox 1402 3899 1530 3956; x_wconf 88' lang='lat' dir='ltr'><strong>dum</strong></span> <span class='ocrx_word' id='word_1_436' title='bbox 1564 3898 1769 3958; x_wconf 88' lang='lat' dir='ltr'><strong>famine</strong></span> <span class='ocrx_word' id='word_1_437' title='bbox 1782 3902 2027 3975; x_wconf 88' lang='lat' dir='ltr'><strong>plebem,</strong></span> 
     </span>
    </p>
   </div>
   <div class='ocr_carea' id='block_1_40' title="bbox 1930 3884 3473 3976">
    <p class='ocr_par' dir='ltr' id='par_1_40' title="bbox 1930 3884 3473 3972">
     <span class='ocr_line' id='line_1_40' title="bbox 1930 3884 3473 3972; baseline 0.005 -27"><span class='ocrx_word' id='word_1_438' title='bbox 1930 3917 2027 3972; x_wconf 53' lang='grc' dir='ltr'><strong>,ω’</strong></span> <span class='ocrx_word' id='word_1_439' title='bbox 2188 3892 2299 3950; x_wconf 82' lang='lat' dir='ltr'><strong>Nec</strong></span> <span class='ocrx_word' id='word_1_440' title='bbox 2328 3894 2516 3949; x_wconf 87' lang='lat' dir='ltr'><strong>saltem</strong></span> <span class='ocrx_word' id='word_1_441' title='bbox 2539 3894 2773 3950; x_wconf 89' lang='lat' dir='ltr'><strong>valuisse</strong></span> <span class='ocrx_word' id='word_1_442' title='bbox 2800 3895 2992 3951; x_wconf 91' lang='lat' dir='ltr'><strong>domus</strong></span> <span class='ocrx_word' id='word_1_443' title='bbox 3013 3896 3276 3951; x_wconf 83' lang='lat' dir='ltr'><strong>accedere</strong></span> <span class='ocrx_word' id='word_1_444' title='bbox 3303 3884 3473 3968; x_wconf 82' lang='lat' dir='ltr'><strong>septis</strong></span> 
     </span>
    </p>
   </div>
   <div class='ocr_carea' id='block_1_41' title="bbox 504 3985 3421 4060">
    <p class='ocr_par' dir='ltr' id='par_1_41' title="bbox 504 3985 3421 4060">
     <span class='ocr_line' id='line_1_41' title="bbox 504 3985 3421 4060; baseline 0.001 -18"><span class='ocrx_word' id='word_1_445' title='bbox 504 3985 767 4044; x_wconf 85' lang='lat' dir='ltr'><strong>Cominus</strong></span> <span class='ocrx_word' id='word_1_446' title='bbox 794 3988 1063 4046; x_wconf 68' lang='lat' dir='ltr'><strong>mthereus</strong></span> <span class='ocrx_word' id='word_1_447' title='bbox 1083 3991 1231 4047; x_wconf 86' lang='lat' dir='ltr'><strong>visus</strong></span> <span class='ocrx_word' id='word_1_448' title='bbox 1253 3991 1553 4048; x_wconf 88' lang='lat' dir='ltr'><strong>consistere</strong></span> <span class='ocrx_word' id='word_1_449' title='bbox 1587 3993 1745 4060; x_wconf 88' lang='lat' dir='ltr'><strong>civis,</strong></span> <span class='ocrx_word' id='word_1_450' title='bbox 2189 3987 2440 4057; x_wconf 87' lang='lat' dir='ltr'><strong>Undique</strong></span> <span class='ocrx_word' id='word_1_451' title='bbox 2470 3987 2691 4044; x_wconf 65' lang='lat' dir='ltr'><strong>munita:</strong></span> <span class='ocrx_word' id='word_1_452' title='bbox 2716 3987 2900 4044; x_wconf 89' lang='lat' dir='ltr'><strong>invicti</strong></span> <span class='ocrx_word' id='word_1_453' title='bbox 2920 3986 3230 4044; x_wconf 84' lang='lat' dir='ltr'><strong>fervoribus</strong></span> <span class='ocrx_word' id='word_1_454' title='bbox 3259 3989 3421 4059; x_wconf 85' lang='lat' dir='ltr'><strong>ignis,</strong></span> 
     </span>
    </p>
   </div>
   <div class='ocr_carea' id='block_1_42' title="bbox 498 4077 3584 4155">
    <p class='ocr_par' dir='ltr' id='par_1_42' title="bbox 498 4077 3584 4155">
     <span class='ocr_line' id='line_1_42' title="bbox 498 4077 3584 4155; baseline 0.002 -25"><span class='ocrx_word' id='word_1_455' title='bbox 498 4077 635 4138; x_wconf 71' lang='lat' dir='ltr'><strong>Auri</strong></span> <span class='ocrx_word' id='word_1_456' title='bbox 665 4079 755 4151; x_wconf 88' lang='lat' dir='ltr'><strong>qni</strong></span> <span class='ocrx_word' id='word_1_457' title='bbox 787 4079 1012 4138; x_wconf 84' lang='lat' dir='ltr'><strong>inferret</strong></span> <span class='ocrx_word' id='word_1_458' title='bbox 1034 4083 1231 4152; x_wconf 90' lang='lat' dir='ltr'><strong>p0pnlo</strong></span> <span class='ocrx_word' id='word_1_459' title='bbox 1259 4100 1379 4155; x_wconf 74' lang='lat' dir='ltr'><strong>qua:</strong></span> <span class='ocrx_word' id='word_1_460' title='bbox 1398 4083 1518 4154; x_wconf 80' lang='lat' dir='ltr'><strong>jura</strong></span> <span class='ocrx_word' id='word_1_461' title='bbox 1546 4087 1798 4144; x_wconf 77' lang='lat' dir='ltr'><strong>serenda.</strong></span> <span class='ocrx_word' id='word_1_462' title='bbox 2188 4078 2419 4134; x_wconf 90' lang='lat' dir='ltr'><strong>Defenso</strong></span> <span class='ocrx_word' id='word_1_463' title='bbox 2438 4078 2608 4148; x_wconf 87' lang='lat' dir='ltr'><strong>justo,</strong></span> <span class='ocrx_word' id='word_1_464' title='bbox 2634 4094 2835 4135; x_wconf 66' lang='lat' dir='ltr'><strong>saavum</strong></span> <span class='ocrx_word' id='word_1_465' title='bbox 2864 4079 3330 4137; x_wconf 87' lang='lat' dir='ltr'><strong>intlammantibus</strong></span> <span class='ocrx_word' id='word_1_466' title='bbox 3349 4081 3584 4146; x_wconf 76' lang='lat' dir='ltr'><strong>hostem;</strong></span> 
     </span>
    </p>
   </div>
   <div class='ocr_carea' id='block_1_43' title="bbox 501 4167 2044 4245">
    <p class='ocr_par' dir='ltr' id='par_1_43' title="bbox 501 4167 1839 4237">
     <span class='ocr_line' id='line_1_43' title="bbox 501 4167 1839 4237; baseline 0.006 -8"><span class='ocrx_word' id='word_1_467' title='bbox 501 4168 757 4229; x_wconf 62' lang='lat' dir='ltr'><strong>Emulus</strong></span> <span class='ocrx_word' id='word_1_468' title='bbox 784 4172 902 4229; x_wconf 65' lang='lat' dir='ltr'><strong>haec</strong></span> <span class='ocrx_word' id='word_1_469' title='bbox 928 4175 1100 4229; x_wconf 87' lang='lat' dir='ltr'><strong>cernit</strong></span> <span class='ocrx_word' id='word_1_470' title='bbox 1130 4167 1343 4232; x_wconf 81' lang='lat' dir='ltr'><strong>fervens</strong></span> <span class='ocrx_word' id='word_1_471' title='bbox 1372 4177 1598 4235; x_wconf 82' lang='lat' dir='ltr'><strong>infestus</strong></span> <span class='ocrx_word' id='word_1_472' title='bbox 1628 4189 1683 4235; x_wconf 90' lang='lat' dir='ltr'><strong>et</strong></span> <span class='ocrx_word' id='word_1_473' title='bbox 1710 4195 1839 4237; x_wconf 85' lang='lat' dir='ltr'><strong>acer</strong></span> 
     </span>
    </p>
   </div>
   <div class='ocr_carea' id='block_1_44' title="bbox 2052 4167 3595 4245">
    <p class='ocr_par' dir='ltr' id='par_1_44' title="bbox 2188 4170 3595 4245">
     <span class='ocr_line' id='line_1_44' title="bbox 2188 4170 3595 4245; baseline 0.001 -20"><span class='ocrx_word' id='word_1_474' title='bbox 2188 4170 2284 4227; x_wconf 87' lang='lat' dir='ltr'><strong>llis</strong></span> <span class='ocrx_word' id='word_1_475' title='bbox 2315 4179 2519 4227; x_wconf 89' lang='lat' dir='ltr'><strong>stratas</strong></span> <span class='ocrx_word' id='word_1_476' title='bbox 2541 4171 2774 4228; x_wconf 84' lang='lat' dir='ltr'><strong>cessisse</strong></span> <span class='ocrx_word' id='word_1_477' title='bbox 2805 4170 2988 4241; x_wconf 85' lang='lat' dir='ltr'><strong>nigras</strong></span> <span class='ocrx_word' id='word_1_478' title='bbox 3017 4172 3410 4245; x_wconf 77' lang='lat' dir='ltr'><strong>congressibus</strong></span> <span class='ocrx_word' id='word_1_479' title='bbox 3437 4181 3595 4227; x_wconf 81' lang='lat' dir='ltr'><strong>artes.</strong></span> 
     </span>
    </p>
   </div>
   <div class='ocr_carea' id='block_1_45' title="bbox 501 4259 3556 4371">
    <p class='ocr_par' dir='ltr' id='par_1_45' title="bbox 501 4259 3556 4371">
     <span class='ocr_line' id='line_1_45' title="bbox 501 4259 3556 4371; baseline 0.002 -61"><span class='ocrx_word' id='word_1_480' title='bbox 501 4259 853 4331; x_wconf 84' lang='lat' dir='ltr'><strong>Invictusque</strong></span> <span class='ocrx_word' id='word_1_481' title='bbox 878 4264 991 4326; x_wconf 85' lang='lat' dir='ltr'><strong>suis</strong></span> <span class='ocrx_word' id='word_1_482' title='bbox 1012 4263 1201 4334; x_wconf 89' lang='lat' dir='ltr'><strong>pellaci</strong></span> <span class='ocrx_word' id='word_1_483' title='bbox 1226 4266 1465 4322; x_wconf 85' lang='lat' dir='ltr'><strong>creditus</strong></span> <span class='ocrx_word' id='word_1_484' title='bbox 1500 4282 1620 4334; x_wconf 82' lang='lat' dir='ltr'><strong>ore,</strong></span> <span class='ocrx_word' id='word_1_485' title='bbox 2110 4308 2162 4371; x_wconf 66' lang='grc' dir='ltr'><strong>ι)</strong></span> <span class='ocrx_word' id='word_1_486' title='bbox 2189 4262 2477 4332; x_wconf 88' lang='lat' dir='ltr'><strong>lnsurgnnt</strong></span> <span class='ocrx_word' id='word_1_487' title='bbox 2509 4261 2796 4318; x_wconf 86' lang='lat' dir='ltr'><strong>manifesta</strong></span> <span class='ocrx_word' id='word_1_488' title='bbox 2828 4264 3138 4345; x_wconf 89' lang='lat' dir='ltr'><strong>caduntque</strong></span> <span class='ocrx_word' id='word_1_489' title='bbox 3172 4263 3332 4319; x_wconf 89' lang='lat' dir='ltr'><strong>relisa</strong></span> <span class='ocrx_word' id='word_1_490' title='bbox 3361 4263 3556 4319; x_wconf 85' lang='lat' dir='ltr'><strong>duella.</strong></span> 
     </span>
     <span class='ocr_line' id='line_1_46' title="bbox 504 4348 3556 4371; baseline 0.002 -8"><span class='ocrx_word' id='word_1_491' title='bbox 504 4348 694 4371; x_wconf 45' lang='grc' dir='ltr'><strong>αρε,</strong></span> <span class='ocrx_word' id='word_1_492' title='bbox 731 4350 818 4371; x_wconf 67' lang='grc' dir='ltr'><strong>---ε</strong></span> <span class='ocrx_word' id='word_1_493' title='bbox 850 4357 998 4371; x_wconf 40' lang='grc' dir='ltr'><strong>,Αμμ</strong></span> <span class='ocrx_word' id='word_1_494' title='bbox 1035 4366 1222 4371; x_wconf 21' lang='grc' dir='ltr'><strong>,Δηώ</strong></span> <span class='ocrx_word' id='word_1_495' title='bbox 1417 4355 1450 4371; x_wconf 92' lang='grc'><strong>..</strong></span> <span class='ocrx_word' id='word_1_496' title='bbox 1517 4358 1528 4369; x_wconf 95' lang='grc'>.</span> <span class='ocrx_word' id='word_1_497' title='bbox 1635 4356 1657 4371; x_wconf 88' lang='grc'><strong>,.</strong></span> <span class='ocrx_word' id='word_1_498' title='bbox 1771 4358 1805 4371; x_wconf 92' lang='grc'><strong>..</strong></span> <span class='ocrx_word' id='word_1_499' title='bbox 2191 4353 2234 4371; x_wconf 68' lang='grc' dir='ltr'><strong>,τ</strong></span> <span class='ocrx_word' id='word_1_500' title='bbox 2276 4368 2316 4371; x_wconf 20' lang='grc' dir='ltr'>ὼ</span> <span class='ocrx_word' id='word_1_501' title='bbox 2475 4352 2575 4371; x_wconf 41' lang='grc' dir='ltr'><strong>.--μ</strong></span> <span class='ocrx_word' id='word_1_502' title='bbox 2792 4351 2824 4371; x_wconf 29' lang='grc' dir='ltr'><strong>,μ</strong></span> <span class='ocrx_word' id='word_1_503' title='bbox 2853 4361 3054 4371; x_wconf 31' lang='grc' dir='ltr'><strong>μμ,μῄ</strong></span> <span class='ocrx_word' id='word_1_504' title='bbox 3090 4352 3324 4371; x_wconf 22' lang='lat' dir='ltr'><strong>ab-“</strong></span> 
     </span>
    </p>
   </div>
   <div class='ocr_carea' id='block_1_46' title="bbox 503 4348 3561 4428">
    <p class='ocr_par' dir='ltr' id='par_1_46' title="bbox 503 4348 3561 4428">
     <span class='ocr_line' id='line_1_47' title="bbox 503 4348 3561 4428; baseline -0.001 -18"><span class='ocrx_word' id='word_1_505' title='bbox 503 4348 699 4405; x_wconf 83' lang='lat' dir='ltr'><strong>Omnia</strong></span> <span class='ocrx_word' id='word_1_506' title='bbox 726 4350 820 4419; x_wconf 88' lang='lat' dir='ltr'><strong>qui</strong></span> <span class='ocrx_word' id='word_1_507' title='bbox 850 4357 1004 4406; x_wconf 64' lang='lat' dir='ltr'><strong>tetra:</strong></span> <span class='ocrx_word' id='word_1_508' title='bbox 1031 4366 1297 4422; x_wconf 79' lang='lat' dir='ltr'><strong>spernens</strong></span> <span class='ocrx_word' id='word_1_509' title='bbox 1325 4355 1603 4412; x_wconf 83' lang='lat' dir='ltr'><strong>molimina</strong></span> <span class='ocrx_word' id='word_1_510' title='bbox 1630 4356 1857 4428; x_wconf 81' lang='lat' dir='ltr'><strong>fraudis,</strong></span> <span class='ocrx_word' id='word_1_511' title='bbox 2110 4348 2161 4371; x_wconf 83' lang='grc'><strong>⁸¹</strong></span> <span class='ocrx_word' id='word_1_512' title='bbox 2190 4353 2323 4410; x_wconf 86' lang='lat' dir='ltr'><strong>Nam</strong></span> <span class='ocrx_word' id='word_1_513' title='bbox 2348 4352 2579 4423; x_wconf 66' lang='lat' dir='ltr'><strong>Quodam</strong></span> <span class='ocrx_word' id='word_1_514' title='bbox 2605 4352 2761 4407; x_wconf 91' lang='lat' dir='ltr'><strong>datus</strong></span> <span class='ocrx_word' id='word_1_515' title='bbox 2792 4351 3059 4407; x_wconf 89' lang='lat' dir='ltr'><strong>insontem</strong></span> <span class='ocrx_word' id='word_1_516' title='bbox 3083 4352 3332 4423; x_wconf 82' lang='lat' dir='ltr'><strong>jugulare</strong></span> <span class='ocrx_word' id='word_1_517' title='bbox 3350 4352 3561 4408; x_wconf 80' lang='lat' dir='ltr'><strong>satelles</strong></span> 
     </span>
    </p>
   </div>
   <div class='ocr_carea' id='block_1_47' title="bbox 506 4436 3544 4517">
    <p class='ocr_par' dir='ltr' id='par_1_47' title="bbox 506 4436 3544 4517">
     <span class='ocr_line' id='line_1_48' title="bbox 506 4436 3544 4517; baseline -0 -21"><span class='ocrx_word' id='word_1_518' title='bbox 506 4440 661 4508; x_wconf 80' lang='lat' dir='ltr'><strong>Quod</strong></span> <span class='ocrx_word' id='word_1_519' title='bbox 686 4439 837 4497; x_wconf 76' lang='lat' dir='ltr'><strong>ferus</strong></span> <span class='ocrx_word' id='word_1_520' title='bbox 856 4442 1156 4498; x_wconf 80' lang='lat' dir='ltr'><strong>umbrabat</strong></span> <span class='ocrx_word' id='word_1_521' title='bbox 1179 4444 1343 4516; x_wconf 75' lang='lat' dir='ltr'><strong>coepit</strong></span> <span class='ocrx_word' id='word_1_522' title='bbox 1370 4436 1687 4517; x_wconf 77' lang='lat' dir='ltr'><strong>depromere</strong></span> <span class='ocrx_word' id='word_1_523' title='bbox 1712 4450 1894 4513; x_wconf 76' lang='grc' dir='ltr'><strong>ιυηιεη</strong></span> <span class='ocrx_word' id='word_1_524' title='bbox 1911 4493 1925 4508; x_wconf 88' lang='grc'><em>,</em></span> <span class='ocrx_word' id='word_1_525' title='bbox 2186 4444 2502 4499; x_wconf 75' lang='lat' dir='ltr'><strong>Castiticum</strong></span> <span class='ocrx_word' id='word_1_526' title='bbox 2534 4443 2725 4505; x_wconf 83' lang='lat' dir='ltr'><strong>stricto</strong></span> <span class='ocrx_word' id='word_1_527' title='bbox 2752 4451 3044 4513; x_wconf 90' lang='lat' dir='ltr'><strong>penetrans</strong></span> <span class='ocrx_word' id='word_1_528' title='bbox 3073 4459 3333 4499; x_wconf 83' lang='lat' dir='ltr'><strong>mucrone</strong></span> <span class='ocrx_word' id='word_1_529' title='bbox 3354 4443 3544 4508; x_wconf 85' lang='lat' dir='ltr'><strong>cubile,</strong></span> 
     </span>
    </p>
   </div>
   <div class='ocr_carea' id='block_1_48' title="bbox 502 4530 2045 4607">
    <p class='ocr_par' dir='ltr' id='par_1_48' title="bbox 502 4530 1857 4607">
     <span class='ocr_line' id='line_1_49' title="bbox 502 4530 1857 4607; baseline 0.012 -21"><span class='ocrx_word' id='word_1_530' title='bbox 502 4530 744 4605; x_wconf 89' lang='lat' dir='ltr'><strong>Contigit</strong></span> <span class='ocrx_word' id='word_1_531' title='bbox 772 4532 876 4590; x_wconf 89' lang='lat' dir='ltr'><strong>hoc</strong></span> <span class='ocrx_word' id='word_1_532' title='bbox 904 4532 1051 4607; x_wconf 86' lang='lat' dir='ltr'><strong>vigili</strong></span> <span class='ocrx_word' id='word_1_533' title='bbox 1074 4538 1308 4593; x_wconf 85' lang='lat' dir='ltr'><strong>servanti</strong></span> <span class='ocrx_word' id='word_1_534' title='bbox 1335 4538 1558 4595; x_wconf 89' lang='lat' dir='ltr'><strong>oracula</strong></span> <span class='ocrx_word' id='word_1_535' title='bbox 1586 4551 1797 4599; x_wconf 89' lang='lat' dir='ltr'><strong>mente:</strong></span> <span class='ocrx_word' id='word_1_536' title='bbox 1830 4568 1857 4603; x_wconf 59' lang='grc' dir='ltr'><strong>λ</strong></span> 
     </span>
    </p>
   </div>
   <div class='ocr_carea' id='block_1_49' title="bbox 2071 4530 3614 4607">
    <p class='ocr_par' dir='ltr' id='par_1_49' title="bbox 2187 4533 3614 4607">
     <span class='ocr_line' id='line_1_50' title="bbox 2187 4533 3614 4607; baseline 0 -18"><span class='ocrx_word' id='word_1_537' title='bbox 2187 4535 2322 4589; x_wconf 89' lang='lat' dir='ltr'><strong>Dntn</strong></span> <span class='ocrx_word' id='word_1_538' title='bbox 2353 4551 2567 4591; x_wconf 87' lang='lat' dir='ltr'><strong>sacrum</strong></span> <span class='ocrx_word' id='word_1_539' title='bbox 2598 4534 2764 4590; x_wconf 88' lang='lat' dir='ltr'><strong>librat</strong></span> <span class='ocrx_word' id='word_1_540' title='bbox 2786 4537 2838 4591; x_wconf 94' lang='lat' dir='ltr'><strong>in</strong></span> <span class='ocrx_word' id='word_1_541' title='bbox 2865 4533 3111 4607; x_wconf 74' lang='lat' dir='ltr'><strong>jugulum</strong></span> <span class='ocrx_word' id='word_1_542' title='bbox 3139 4534 3375 4605; x_wconf 87' lang='lat' dir='ltr'><strong>deﬁgere</strong></span> <span class='ocrx_word' id='word_1_543' title='bbox 3397 4535 3614 4601; x_wconf 79' lang='lat' dir='ltr'><strong>ferruml</strong></span> 
     </span>
    </p>
   </div>
   <div class='ocr_carea' id='block_1_50' title="bbox 500 4624 3351 4701">
    <p class='ocr_par' dir='ltr' id='par_1_50' title="bbox 500 4624 3351 4701">
     <span class='ocr_line' id='line_1_51' title="bbox 500 4624 3351 4701; baseline 0 -18"><span class='ocrx_word' id='word_1_544' title='bbox 500 4624 604 4683; x_wconf 80' lang='lat' dir='ltr'><strong>Ast</strong></span> <span class='ocrx_word' id='word_1_545' title='bbox 624 4625 760 4681; x_wconf 89' lang='lat' dir='ltr'><strong>alias</strong></span> <span class='ocrx_word' id='word_1_546' title='bbox 792 4626 995 4683; x_wconf 86' lang='lat' dir='ltr'><strong>tumide</strong></span> <span class='ocrx_word' id='word_1_547' title='bbox 1016 4636 1207 4699; x_wconf 91' lang='lat' dir='ltr'><strong>pactas</strong></span> <span class='ocrx_word' id='word_1_548' title='bbox 1233 4629 1644 4699; x_wconf 88' lang='lat' dir='ltr'><strong>prohibentibus</strong></span> <span class='ocrx_word' id='word_1_549' title='bbox 1671 4648 1834 4691; x_wconf 86' lang='lat' dir='ltr'><strong>aures</strong></span> <span class='ocrx_word' id='word_1_550' title='bbox 2184 4627 2448 4687; x_wconf 82' lang='lat' dir='ltr'><strong>Attonitis</strong></span> <span class='ocrx_word' id='word_1_551' title='bbox 2472 4642 2632 4683; x_wconf 86' lang='lat' dir='ltr'><strong>arens</strong></span> <span class='ocrx_word' id='word_1_552' title='bbox 2653 4628 2832 4685; x_wconf 85' lang='lat' dir='ltr'><strong>nervis</strong></span> <span class='ocrx_word' id='word_1_553' title='bbox 2847 4627 3101 4699; x_wconf 79' lang='lat' dir='ltr'><strong>iunctura</strong></span> <span class='ocrx_word' id='word_1_554' title='bbox 3126 4631 3351 4701; x_wconf 88' lang='lat' dir='ltr'><strong>rigescit</strong></span> 
     </span>
    </p>
   </div>
   <div class='ocr_carea' id='block_1_51' title="bbox 494 4711 3478 4797">
    <p class='ocr_par' dir='ltr' id='par_1_51' title="bbox 494 4711 3478 4797">
     <span class='ocr_line' id='line_1_52' title="bbox 494 4711 3478 4797; baseline 0.002 -29"><span class='ocrx_word' id='word_1_555' title='bbox 494 4711 718 4786; x_wconf 79' lang='lat' dir='ltr'><strong>Regalis</strong></span> <span class='ocrx_word' id='word_1_556' title='bbox 749 4714 971 4772; x_wconf 82' lang='lat' dir='ltr'><strong>thalami</strong></span> <span class='ocrx_word' id='word_1_557' title='bbox 995 4719 1263 4775; x_wconf 84' lang='lat' dir='ltr'><strong>tutoribus</strong></span> <span class='ocrx_word' id='word_1_558' title='bbox 1290 4720 1406 4777; x_wconf 81' lang='lat' dir='ltr'><strong>oria</strong></span> <span class='ocrx_word' id='word_1_559' title='bbox 1433 4737 1561 4778; x_wconf 77' lang='lat' dir='ltr'><strong>vere</strong></span> <span class='ocrx_word' id='word_1_560' title='bbox 1589 4723 1768 4797; x_wconf 74' lang='lat'><strong>(207&#39;)</strong></span> <span class='ocrx_word' id='word_1_561' title='bbox 2185 4717 2295 4774; x_wconf 86' lang='lat' dir='ltr'><strong>Nec</strong></span> <span class='ocrx_word' id='word_1_562' title='bbox 2325 4717 2465 4774; x_wconf 91' lang='lat' dir='ltr'><strong>valet</strong></span> <span class='ocrx_word' id='word_1_563' title='bbox 2490 4717 2684 4774; x_wconf 90' lang='lat' dir='ltr'><strong>elatam</strong></span> <span class='ocrx_word' id='word_1_564' title='bbox 2715 4719 2985 4776; x_wconf 84' lang='lat' dir='ltr'><strong>moderari</strong></span> <span class='ocrx_word' id='word_1_565' title='bbox 3014 4720 3249 4776; x_wconf 84' lang='lat' dir='ltr'><strong>motibus</strong></span> <span class='ocrx_word' id='word_1_566' title='bbox 3277 4720 3478 4786; x_wconf 88' lang='lat' dir='ltr'><strong>ulnam,</strong></span> 
     </span>
    </p>
   </div>
   <div class='ocr_carea' id='block_1_52' title="bbox 503 4805 3638 4892">
    <p class='ocr_par' dir='ltr' id='par_1_52' title="bbox 503 4805 3638 4892">
     <span class='ocr_line' id='line_1_53' title="bbox 503 4805 3638 4892; baseline 0.001 -33"><span class='ocrx_word' id='word_1_567' title='bbox 503 4805 741 4873; x_wconf 84' lang='lat' dir='ltr'><strong>Quaesita</strong></span> <span class='ocrx_word' id='word_1_568' title='bbox 773 4808 1016 4889; x_wconf 87' lang='lat' dir='ltr'><strong>assensis</strong></span> <span class='ocrx_word' id='word_1_569' title='bbox 1043 4809 1369 4882; x_wconf 85' lang='lat' dir='ltr'><strong>fugientibus</strong></span> <span class='ocrx_word' id='word_1_570' title='bbox 1393 4829 1490 4871; x_wconf 90' lang='lat' dir='ltr'><strong>ore</strong></span> <span class='ocrx_word' id='word_1_571' title='bbox 1510 4820 1709 4886; x_wconf 76' lang='lat' dir='ltr'><strong>parato</strong></span> <span class='ocrx_word' id='word_1_572' title='bbox 2185 4811 2323 4867; x_wconf 90' lang='lat' dir='ltr'><strong>Dum</strong></span> <span class='ocrx_word' id='word_1_573' title='bbox 2352 4813 2564 4867; x_wconf 89' lang='lat' dir='ltr'><strong>tandem</strong></span> <span class='ocrx_word' id='word_1_574' title='bbox 2596 4809 2771 4877; x_wconf 90' lang='lat' dir='ltr'><strong>fassus</strong></span> <span class='ocrx_word' id='word_1_575' title='bbox 2801 4812 3006 4866; x_wconf 88' lang='lat' dir='ltr'><strong>crimen</strong></span> <span class='ocrx_word' id='word_1_576' title='bbox 3038 4811 3376 4892; x_wconf 57' lang='lat' dir='ltr'><strong>dominaeque</strong></span> <span class='ocrx_word' id='word_1_577' title='bbox 3399 4809 3638 4874; x_wconf 88' lang='lat' dir='ltr'><strong>furorem,</strong></span> 
     </span>
    </p>
   </div>
   <div class='ocr_carea' id='block_1_53' title="bbox 498 4894 3543 4975">
    <p class='ocr_par' dir='ltr' id='par_1_53' title="bbox 498 4894 3543 4975">
     <span class='ocr_line' id='line_1_54' title="bbox 498 4894 3543 4975; baseline 0.003 -26"><span class='ocrx_word' id='word_1_578' title='bbox 498 4894 777 4951; x_wconf 84' lang='lat' dir='ltr'><strong>Pontiﬁcis</strong></span> <span class='ocrx_word' id='word_1_579' title='bbox 798 4912 922 4952; x_wconf 82' lang='lat' dir='ltr'><strong>mox</strong></span> <span class='ocrx_word' id='word_1_580' title='bbox 951 4898 1046 4954; x_wconf 84' lang='lat' dir='ltr'><strong>sed</strong></span> <span class='ocrx_word' id='word_1_581' title='bbox 1074 4899 1237 4970; x_wconf 85' lang='lat' dir='ltr'><strong>lapsis</strong></span> <span class='ocrx_word' id='word_1_582' title='bbox 1265 4902 1561 4975; x_wconf 84' lang='lat' dir='ltr'><strong>capuloque</strong></span> <span class='ocrx_word' id='word_1_583' title='bbox 1591 4905 1796 4975; x_wconf 89' lang='lat' dir='ltr'><strong>relatis,</strong></span> <span class='ocrx_word' id='word_1_584' title='bbox 2184 4903 2352 4971; x_wconf 88' lang='lat' dir='ltr'><strong>Quem</strong></span> <span class='ocrx_word' id='word_1_585' title='bbox 2374 4904 2503 4959; x_wconf 89' lang='lat' dir='ltr'><strong>dare</strong></span> <span class='ocrx_word' id='word_1_586' title='bbox 2525 4903 2641 4959; x_wconf 88' lang='lat' dir='ltr'><strong>adit</strong></span> <span class='ocrx_word' id='word_1_587' title='bbox 2666 4904 2822 4959; x_wconf 88' lang='lat' dir='ltr'><strong>morti</strong></span> <span class='ocrx_word' id='word_1_588' title='bbox 2850 4903 3162 4959; x_wconf 89' lang='lat' dir='ltr'><strong>redhibetur</strong></span> <span class='ocrx_word' id='word_1_589' title='bbox 3189 4910 3345 4972; x_wconf 84' lang='lat' dir='ltr'><strong>patre</strong></span> <span class='ocrx_word' id='word_1_590' title='bbox 3365 4900 3543 4957; x_wconf 86' lang='lat' dir='ltr'><strong>saluti.</strong></span> 
     </span>
    </p>
   </div>
   <div class='ocr_carea' id='block_1_54' title="bbox 496 4988 3463 5068">
    <p class='ocr_par' dir='ltr' id='par_1_54' title="bbox 496 4988 3463 5068">
     <span class='ocr_line' id='line_1_55' title="bbox 496 4988 3463 5068; baseline 0 -20"><span class='ocrx_word' id='word_1_591' title='bbox 496 4988 742 5049; x_wconf 72' lang='lat' dir='ltr'><strong>Praesule</strong></span> <span class='ocrx_word' id='word_1_592' title='bbox 773 4998 1062 5059; x_wconf 88' lang='lat' dir='ltr'><strong>tractante,</strong></span> <span class='ocrx_word' id='word_1_593' title='bbox 1095 4994 1239 5050; x_wconf 89' lang='lat' dir='ltr'><strong>haud</strong></span> <span class='ocrx_word' id='word_1_594' title='bbox 1267 4998 1457 5054; x_wconf 91' lang='lat' dir='ltr'><strong>audire</strong></span> <span class='ocrx_word' id='word_1_595' title='bbox 1487 4998 1790 5057; x_wconf 88' lang='lat' dir='ltr'><strong>valentibus</strong></span> <span class='ocrx_word' id='word_1_596' title='bbox 1811 5000 1943 5068; x_wconf 90' lang='lat' dir='ltr'><strong>illis,</strong></span> <span class='ocrx_word' id='word_1_597' title='bbox 2183 4996 2291 5053; x_wconf 82' lang='lat' dir='ltr'><strong>Nec</strong></span> <span class='ocrx_word' id='word_1_598' title='bbox 2315 4997 2539 5067; x_wconf 89' lang='lat' dir='ltr'><strong>pavidus</strong></span> <span class='ocrx_word' id='word_1_599' title='bbox 2570 5012 2726 5068; x_wconf 89' lang='lat' dir='ltr'><strong>reges</strong></span> <span class='ocrx_word' id='word_1_600' title='bbox 2759 4997 3071 5066; x_wconf 87' lang='lat' dir='ltr'><strong>trepidusve</strong></span> <span class='ocrx_word' id='word_1_601' title='bbox 3099 5004 3287 5051; x_wconf 89' lang='lat' dir='ltr'><strong>orator</strong></span> <span class='ocrx_word' id='word_1_602' title='bbox 3309 4995 3463 5049; x_wconf 82' lang='lat' dir='ltr'><strong>adire</strong></span> 
     </span>
    </p>
   </div>
   <div class='ocr_carea' id='block_1_55' title="bbox 494 5080 3537 5162">
    <p class='ocr_par' dir='ltr' id='par_1_55' title="bbox 494 5080 3537 5162">
     <span class='ocr_line' id='line_1_56' title="bbox 494 5080 3537 5162; baseline -0 -25"><span class='ocrx_word' id='word_1_603' title='bbox 494 5080 709 5155; x_wconf 71' lang='lat' dir='ltr'><strong>Organa</strong></span> <span class='ocrx_word' id='word_1_604' title='bbox 740 5085 831 5154; x_wconf 89' lang='lat' dir='ltr'><strong>qui</strong></span> <span class='ocrx_word' id='word_1_605' title='bbox 853 5083 977 5140; x_wconf 88' lang='lat' dir='ltr'><strong>ﬁdei</strong></span> <span class='ocrx_word' id='word_1_606' title='bbox 999 5086 1139 5142; x_wconf 91' lang='lat' dir='ltr'><strong>fastu</strong></span> <span class='ocrx_word' id='word_1_607' title='bbox 1170 5100 1437 5159; x_wconf 90' lang='lat' dir='ltr'><strong>tempsere</strong></span> <span class='ocrx_word' id='word_1_608' title='bbox 1461 5093 1719 5162; x_wconf 88' lang='lat' dir='ltr'><strong>superbo.</strong></span> <span class='ocrx_word' id='word_1_609' title='bbox 2182 5085 2282 5146; x_wconf 85' lang='lat' dir='ltr'><strong>Hic</strong></span> <span class='ocrx_word' id='word_1_610' title='bbox 2304 5096 2457 5157; x_wconf 91' lang='lat' dir='ltr'><strong>pater</strong></span> <span class='ocrx_word' id='word_1_611' title='bbox 2480 5086 2752 5151; x_wconf 77' lang='lat' dir='ltr'><strong>extimuit,</strong></span> <span class='ocrx_word' id='word_1_612' title='bbox 2777 5100 2918 5142; x_wconf 65' lang='lat' dir='ltr'><strong>casso</strong></span> <span class='ocrx_word' id='word_1_613' title='bbox 2945 5085 3088 5155; x_wconf 88' lang='lat' dir='ltr'><strong>quod</strong></span> <span class='ocrx_word' id='word_1_614' title='bbox 3117 5098 3243 5155; x_wconf 89' lang='lat' dir='ltr'><strong>rege</strong></span> <span class='ocrx_word' id='word_1_615' title='bbox 3278 5091 3537 5154; x_wconf 82' lang='lat' dir='ltr'><strong>tyrannus</strong></span> 
     </span>
    </p>
   </div>
   <div class='ocr_carea' id='block_1_56' title="bbox 492 5170 3543 5254">
    <p class='ocr_par' dir='ltr' id='par_1_56' title="bbox 492 5170 3543 5254">
     <span class='ocr_line' id='line_1_57' title="bbox 492 5170 3543 5254; baseline 0.002 -29"><span class='ocrx_word' id='word_1_616' title='bbox 492 5170 613 5241; x_wconf 84' lang='lat' dir='ltr'><strong>Ipse</strong></span> <span class='ocrx_word' id='word_1_617' title='bbox 642 5176 941 5232; x_wconf 88' lang='lat' dir='ltr'><strong>sacerdotis</strong></span> <span class='ocrx_word' id='word_1_618' title='bbox 961 5175 1211 5234; x_wconf 89' lang='lat' dir='ltr'><strong>Christus</strong></span> <span class='ocrx_word' id='word_1_619' title='bbox 1238 5189 1515 5254; x_wconf 86' lang='lat' dir='ltr'><strong>protector</strong></span> <span class='ocrx_word' id='word_1_620' title='bbox 1538 5191 1593 5237; x_wconf 88' lang='lat' dir='ltr'><strong>et</strong></span> <span class='ocrx_word' id='word_1_621' title='bbox 1622 5183 1783 5252; x_wconf 92' lang='lat' dir='ltr'><strong>ultor,</strong></span> <span class='ocrx_word' id='word_1_622' title='bbox 2180 5180 2423 5239; x_wconf 85' lang='lat' dir='ltr'><strong>lniremit</strong></span> <span class='ocrx_word' id='word_1_623' title='bbox 2442 5180 2749 5235; x_wconf 89' lang='lat' dir='ltr'><strong>admonitus</strong></span> <span class='ocrx_word' id='word_1_624' title='bbox 2770 5180 3051 5250; x_wconf 87' lang='lat' dir='ltr'><strong>sacrisque</strong></span> <span class='ocrx_word' id='word_1_625' title='bbox 3076 5186 3321 5233; x_wconf 90' lang='lat' dir='ltr'><strong>remotus</strong></span> <span class='ocrx_word' id='word_1_626' title='bbox 3341 5178 3412 5231; x_wconf 89' lang='lat' dir='ltr'><strong>ab</strong></span> <span class='ocrx_word' id='word_1_627' title='bbox 3435 5175 3543 5231; x_wconf 82' lang='lat' dir='ltr'><strong>aris</strong></span> 
     </span>
    </p>
   </div>
   <div class='ocr_carea' id='block_1_57' title="bbox 494 5260 3439 5345">
    <p class='ocr_par' dir='ltr' id='par_1_57' title="bbox 494 5260 3439 5345">
     <span class='ocr_line' id='line_1_58' title="bbox 494 5260 3439 5345; baseline -0.002 -15"><span class='ocrx_word' id='word_1_628' title='bbox 494 5260 797 5345; x_wconf 57' lang='lat' dir='ltr'><strong>lMetuens</strong></span> <span class='ocrx_word' id='word_1_629' title='bbox 828 5265 1088 5322; x_wconf 69' lang='lat' dir='ltr'><strong>famuium</strong></span> <span class='ocrx_word' id='word_1_630' title='bbox 1129 5279 1327 5327; x_wconf 85' lang='lat' dir='ltr'><strong>cuncto</strong></span> <span class='ocrx_word' id='word_1_631' title='bbox 1355 5272 1608 5328; x_wconf 86' lang='lat' dir='ltr'><strong>servabat</strong></span> <span class='ocrx_word' id='word_1_632' title='bbox 1629 5274 1697 5329; x_wconf 93' lang='lat' dir='ltr'><strong>ab</strong></span> <span class='ocrx_word' id='word_1_633' title='bbox 1717 5282 1859 5333; x_wconf 87' lang='lat' dir='ltr'><strong>astu.</strong></span> <span class='ocrx_word' id='word_1_634' title='bbox 2181 5276 2473 5331; x_wconf 90' lang='lat' dir='ltr'><strong>Innocuum</strong></span> <span class='ocrx_word' id='word_1_635' title='bbox 2504 5275 2629 5331; x_wconf 91' lang='lat' dir='ltr'><strong>dum</strong></span> <span class='ocrx_word' id='word_1_636' title='bbox 2660 5273 2919 5345; x_wconf 77' lang='lat' dir='ltr'><strong>pceniteat</strong></span> <span class='ocrx_word' id='word_1_637' title='bbox 2940 5271 3139 5326; x_wconf 91' lang='lat' dir='ltr'><strong>fudisse</strong></span> <span class='ocrx_word' id='word_1_638' title='bbox 3167 5284 3439 5325; x_wconf 89' lang='lat' dir='ltr'><strong>cruorem.</strong></span> 
     </span>
    </p>
   </div>
   <div class='ocr_carea' id='block_1_58' title="bbox 497 5341 3451 5426">
    <p class='ocr_par' dir='ltr' id='par_1_58' title="bbox 497 5341 3451 5426">
     <span class='ocr_line' id='line_1_59' title="bbox 497 5341 3451 5426; baseline 0.002 -17"><span class='ocrx_word' id='word_1_639' title='bbox 497 5341 763 5413; x_wconf 44' lang='lat' dir='ltr'><strong>Nechlet</strong></span> <span class='ocrx_word' id='word_1_640' title='bbox 788 5358 903 5416; x_wconf 65' lang='lat' dir='ltr'><strong>haec</strong></span> <span class='ocrx_word' id='word_1_641' title='bbox 934 5361 1106 5416; x_wconf 91' lang='lat' dir='ltr'><strong>hostis</strong></span> <span class='ocrx_word' id='word_1_642' title='bbox 1134 5363 1299 5417; x_wconf 90' lang='lat' dir='ltr'><strong>vilent</strong></span> <span class='ocrx_word' id='word_1_643' title='bbox 1327 5364 1413 5418; x_wconf 90' lang='lat' dir='ltr'><strong>cui</strong></span> <span class='ocrx_word' id='word_1_644' title='bbox 1441 5366 1669 5421; x_wconf 85' lang='lat' dir='ltr'><strong>verbera</strong></span> <span class='ocrx_word' id='word_1_645' title='bbox 1698 5368 1881 5426; x_wconf 88' lang='lat' dir='ltr'><strong>carnis</strong></span> <span class='ocrx_word' id='word_1_646' title='bbox 2178 5369 2249 5423; x_wconf 81' lang='lat' dir='ltr'><strong>At</strong></span> <span class='ocrx_word' id='word_1_647' title='bbox 2270 5368 2398 5426; x_wconf 83' lang='lat' dir='ltr'><strong>quia</strong></span> <span class='ocrx_word' id='word_1_648' title='bbox 2419 5341 2983 5423; x_wconf 83' lang='lat' dir='ltr'><strong>contemnitconsulta</strong></span> <span class='ocrx_word' id='word_1_649' title='bbox 3019 5362 3257 5418; x_wconf 88' lang='lat' dir='ltr'><strong>salubria</strong></span> <span class='ocrx_word' id='word_1_650' title='bbox 3292 5362 3451 5423; x_wconf 87' lang='lat' dir='ltr'><strong>vatis.</strong></span> 
     </span>
    </p>
   </div>
  </div>
