3908 5426
162 181 258 244 885

163 294 383 368 Spernit,
413 291 646 349 lemineo
672 291 878 350 fractus
901 303 1109 351 terrore
1127 295 1349 350 fatiscit.

161 388 250 441 Ast
269 385 412 440 aliter
445 383 779 440 Theodosius
803 395 1090 456 correptus
1116 396 1171 441 et
1195 385 1335 441 orsis

161 481 442 550 lncrepitus
469 480 619 534 duris
647 480 823 534 audiri
840 479 1067 550 presule
1093 480 1269 534 dictus

161 574 232 628 Ac
259 571 482 626 Domino
512 571 765 642 indiguus
787 571 1081 641 jussusque
1105 571 1295 625 audire
1325 578 1631 625 monentem

163 667 431 720 Decretum
461 679 723 721 revocare
750 666 1011 734 datasque
1042 665 1298 719 revellere
1326 665 1492 734 leges,

160 755 281 809 Dum
311 755 460 810 daret
490 754 543 808 in
575 754 781 809 Christi
811 755 969 810 szevis
996 755 1082 825 pia
1113 764 1291 808 castra
1325 755 1650 824 triumphos,

159 847 425 918 Accipiens
444 846 653 916 placide
682 846 920 902 monitus
947 855 1271 915 austeraque
1285 845 1438 913 jussa

160 937 258 992 Non
284 937 383 990 nisi
412 937 514 991 sub
538 936 660 991 ﬁdei
693 936 846 991 titulo
881 952 1071 1007 parere
1101 939 1278 991 suasis

159 1028 356 1082 Obtinet
377 1036 645 1080 annutans
673 1028 846 1082 sacris
872 1027 1133 1081 accedere
1160 1035 1361 1080 vatem.

159 1117 237 1171 Sic
260 1116 523 1185 quondam
546 1132 711 1186 super
731 1117 985 1171 admissis
1015 1132 1200 1171 errore
1229 1117 1440 1186 piaclis,

157 1209 339 1280 lnjuste
367 1216 600 1264 innocuo
627 1207 928 1274 multorum,
956 1208 1216 1276 sanguine
1244 1207 1386 1273 fuso,

159 1302 368 1355 Atnotus
396 1299 614 1368 templis
641 1299 888 1368 divisque
916 1292 1165 1369 repulsus
1194 1300 1260 1353 ab
1286 1298 1423 1360 aris,

158 1387 372 1444 Praesule
391 1388 672 1443 caelestem
703 1389 879 1443 solum
905 1399 1184 1460 spectante
1207 1392 1480 1456 decorem,

160 1478 293 1533 Haud
319 1481 509 1535 horret
545 1480 735 1549 suplici
758 1481 920 1536 vilem
949 1483 1149 1552 pietate
1180 1485 1453 1552 repelsam

159 1567 253 1624 Nec
275 1570 472 1638 gaudet
502 1570 657 1623 venia
681 1569 858 1626 luctus
883 1571 987 1626 nisi
1014 1571 1137 1643 jure
1159 1572 1358 1638 soluto,

158 1660 282 1728 Lege
304 1659 467 1714 etiam
499 1660 699 1729 scripta
731 1676 887 1716 sacro
919 1661 1091 1718 latore
1130 1665 1357 1733 probata

159 1752 272 1819 Qua:
304 1752 485 1807 valeat
513 1748 748 1808 subitum
775 1750 928 1810 scitis
957 1753 1175 1826 placare
1203 1754 1440 1811 furorem

159 1845 396 1900 Suhdenti
421 1844 646 1900 monitis
669 1856 884 1916 sceptra
911 1847 1211 1918 imperialia
1239 1849 1431 1904 sacris.

158 1937 319 1994 Altera
343 1939 622 1995 substrato
647 1937 876 1996 victoria
915 1941 1132 1998 ducitur
1162 1942 1319 1998 hoste
1346 1961 1359 1998 :

159 2023 262 2084 Prte
288 2029 504 2099 reliquis
537 2045 633 2085 rex
657 2028 1003 2086 Ambrosium
1025 2029 1154 2088 colit
1183 2035 1433 2090 omnibus
1465 2050 1649 2100 unum,

160 2117 262 2174 Prae
278 2121 481 2176 cunctis
504 2123 558 2175 in
585 2121 706 2190 jura
732 2120 927 2191 probat
954 2136 1113 2194 quem
1145 2123 1265 2178 diva
1293 2138 1574 2190 severum,

163 2207 317 2278 thue
341 2211 485 2278 pium
519 2212 680 2282 digne
701 2211 1009 2282 perculsum
1041 2215 1267 2268 verbere
1299 2217 1512 2270 tuulela:

163 2297 402 2355 Conciliat
430 2302 690 2367 Domino,
714 2303 794 2358 sic
816 2305 1083 2376 sacrilego
1113 2304 1285 2360 hostis
1317 2307 1567 2362 habetur.

162 2389 254 2446 Nec
277 2395 462 2448 metuit
491 2393 673 2448 vitans
701 2410 870 2464 pravo
904 2394 1050 2450 ferre
1078 2412 1172 2452 ora
1205 2405 1459 2467 tyranno,

160 2483 330 2554 Arguit
352 2500 416 2540 ac
441 2484 656 2540 facinus
677 2496 909 2542 austerae
934 2497 1174 2558 syrmate
1202 2489 1436 2551 schedze,

160 2572 332 2630 Omnia
358 2587 674 2632 cernentem
695 2593 1004 2649 proponens
1027 2579 1252 2634 crimina
1287 2579 1530 2645 damnat,

160 2667 543 2742 immunemque
575 2673 740 2728 trucis
763 2672 939 2729 reddit
961 2689 1020 2729 se
1048 2675 1387 2744 proditionis,

161 2753 359 2815 Munera
387 2760 677 2830 rejicieus,
707 2765 872 2818 etiam
897 2763 949 2818 in
974 2779 1136 2836 prece
1159 2781 1290 2835 pace
1319 2774 1510 2837 negata

161 2845 498 2920 lmpugnatori
523 2853 675 2922 pacis
702 2853 953 2924 hostique
976 2855 1194 2925 quietis.

162 2937 314 2994 Exciti
339 2941 420 2998 his
449 2959 708 3014 proceres
745 2945 892 3000 infidi
921 2962 1062 3002 szeva
1088 2947 1384 3005 frementes

159 3026 404 3089 Jumentis
452 3035 699 3104 requiem
733 3035 1028 3092 Ecclesium
1077 3048 1306 3094 stratum
1339 3040 1418 3094 ire
1447 3041 1722 3096 minantur

161 3118 273 3175 Post
291 3123 388 3178 sibi
420 3126 746 3194 promissam
776 3130 954 3198 stygio
983 3130 1292 3185 contamine
1322 3131 1576 3199 palmam.

159 3209 218 3263 At
239 3210 491 3270 Dominus
523 3215 706 3286 justus
730 3227 905 3274 sortes
941 3219 1281 3274 discriminat
1309 3237 1463 3292 aequa

161 3299 318 3358 Lauce
343 3306 525 3373 datas,
547 3308 770 3364 sceleris
794 3311 1000 3380 patitur
1027 3327 1127 3367 nec
1153 3323 1366 3382 sceptra
1391 3316 1573 3371 Valere

162 3395 300 3450 Sorte
328 3399 657 3469 superjusta
687 3418 753 3456 ne
780 3404 970 3458 dextra
999 3405 1208 3460 feratur
1239 3407 1460 3476 iniquis,

159 3480 370 3540 Justitite
396 3491 671 3561 dignoque
695 3493 798 3562 piis
821 3494 913 3546 dat
942 3497 1146 3550 honore
1171 3498 1494 3567 triumphos.

162 3568 262 3626 Rex
289 3574 358 3628 ita
379 3577 606 3634 devotus
626 3581 850 3648 pedibus
878 3583 1212 3652 provolvitur
1241 3586 1368 3640 abui

163 3657 358 3722 Tutoris
379 3666 678 3740 famulique
701 3672 874 3728 fidelis
895 3675 961 3728 ad
987 3675 1170 3729 omnia
1200 3676 1421 3742 Christi,

160 3753 469 3818 Calcandum
498 3765 601 3820 sibi
638 3769 1018 3840 sceptrilegum
1062 3773 1152 3842 qui
1191 3782 1460 3828 straverat
1488 3774 1720 3844 hostem,

160 3845 313 3919 Hujus
338 3870 396 3910 se
424 3859 634 3914 meritis
655 3870 964 3930 protectans
985 3873 1039 3917 et
1073 3880 1234 3934 prece
1267 3874 1470 3932 tutum;

161 3936 370 4011 Moxque
399 3947 476 4002 rei
503 3950 714 4004 veniam
740 3951 884 4006 facili
915 3955 1131 4010 datione
1158 3966 1447 4026 capessunt
1474 3975 1488 4014 :

162 4025 276 4093 Qua:
298 4035 405 4104 regi
431 4039 538 4090 uua
567 4038 714 4107 pium
744 4040 1000 4096 ductabat
1032 4044 1206 4112 gratia
1227 4025 1464 4115 patrem.

159 4118 246 4186 Qui
271 4135 469 4192 quanta
497 4128 743 4186 bonitate
774 4133 959 4200 vigens
984 4150 1146 4204 quam
1177 4138 1339 4192 corde
1367 4139 1600 4211 benigno

159 4212 388 4270 Astiterit
407 4219 628 4275 miseris
653 4230 922 4276 testantur
941 4240 1083 4296 saepe
1105 4227 1278 4282 soluta

160 4298 364 4360 Vincula
393 4323 654 4365 nexorum
681 4328 694 4366 :
723 4315 917 4369 studiis
955 4317 1151 4386 legatio
1182 4319 1414 4386 fervens,

160 4391 306 4450 Callis
325 4407 379 4453 et
412 4399 532 4468 ipse
562 4400 715 4457 labor
744 4404 912 4477 longi,
945 4424 1309 4482 proceresque
1339 4413 1516 4482 petiti,

161 4483 346 4545 Excitte
370 4505 608 4550 maerore
633 4495 759 4551 ferae
796 4501 966 4567 patris
993 4500 1233 4570 improha
1263 4502 1444 4560 ﬂentis

159 4578 348 4641 Gaudia
381 4587 660 4646 laeta'ntum
695 4594 833 4662 rapti
863 4595 1177 4651 discrimine
1204 4599 1400 4664 sontis,

165 4671 289 4730 Ultio
314 4680 630 4748 prosiliens,
665 4682 944 4740 Stiliconis
970 4687 1146 4742 cessio
1168 4690 1413 4759 supplex,

160 4762 402 4825 Redditus
429 4772 599 4828 ex’ilio
628 4790 893 4845 supremae
921 4780 1189 4834 obnoxius
1219 4781 1332 4836 irze.

161 4853 264 4919 Quo
284 4875 378 4927 per
399 4877 526 4917 eum
559 4864 738 4932 plures
765 4867 914 4921 missi
947 4884 1158 4938 quoque
1177 4871 1359 4940 judice
1387 4871 1642 4940 gaudent.

162 4943 290 5003 Felle
307 4965 400 5005 cor
422 4953 665 5023 impliciti
687 4955 802 5010 haec
822 4955 986 5010 etiam
1013 4959 1266 5027 praetoria
1290 4961 1410 5013 duri

162 5030 349 5094 Judicis
379 5041 664 5098 obstructo
689 5055 966 5114 portarum
989 5047 1174 5106 limine
1199 5050 1380 5104 fantur

161 5119 280 5179 Lata
305 5128 357 5182 in
383 5145 508 5185 eum
532 5146 746 5202 quoque
769 5139 1049 5191 intercutis
1076 5140 1292 5195 oracula
1324 5139 1477 5203 vatis,

162 5210 254 5283 Spe
273 5229 480 5275 cassata
506 5222 780 5280 hominum
813 5241 975 5294 quam
1007 5229 1233 5286 fastibus
1271 5230 1358 5285 ille
1382 5229 1608 5298 locarat,

162 5304 279 5362 Dum
302 5314 488 5382 nequit
511 5315 807 5372 Ecclesiam
831 5318 1043 5389 fugiens
1066 5335 1354 5392 penetrare
1376 5332 1676 5391 patentem.

161 5392 245 5426 “in
271 5410 422 5426 n-I-_
449 5406 646 5426 -_:...2._

1747 2984 1792 3047 C

714 180 803 237 DE
833 180 1106 239 CHRiSTI
1143 178 1523 238 TRIUMPHIS
1558 177 1745 236 APUD
1783 177 2064 236 ITALIAM
2108 180 2283 236 LIBRI
2325 181 2458 238 XIV.
2501 211 2570 226 σ-
2607 181 2736 238 LIB.
2764 165 2920 238 XIV.“

3305 167 3427 248 Μ

1756 303 1806 362 Α
1835 290 2178 362 Pansophius
2201 310 2339 365 puer
2360 295 2473 366 ipse
2499 295 2625 364 legit
2648 305 2768 365 post
2790 305 2948 366 rupta
2975 305 3184 353 cruentt

1829 382 1983 437 Retia
2009 385 2279 452 praedonis
2299 386 2427 440 lethi
2451 387 2516 441 de
2539 387 2695 442 fauce
2718 389 2986 444 revulsus.

1830 471 2001 544 Hujus
2023 476 2092 529 ab
2120 474 2278 530 hoste
2301 477 2387 546 pia
2419 487 2477 530 ut
2499 478 2667 545 potuit
2693 480 2978 547 praesentia
3003 479 3129 535 ferri

1829 562 2162 619 Moustratur
2193 563 2354 619 Probi
2381 581 2551 636 puero
2577 567 2696 622 diro
2726 568 2934 639 hospite
2953 579 3133 640 capto,

1826 651 2074 708 Pontilici
2108 655 2295 720 misso,
2326 655 2507 725 nilque
2541 655 2657 724 ejus
2683 658 2733 712 in
2766 661 2899 715 urbe
2930 672 3175 730 gravato,

1824 744 2136 817 Moeniaque
2158 763 2381 816 egresso
2417 757 2572 804 truce
2607 765 2915 820 possessore
2943 763 3186 823 recepto,

1825 833 2048 890 Iuratus
2071 837 2198 892 dum
2225 853 2284 892 se
2312 839 2662 896 Ambrosium
2687 841 2930 898 timuisse
2961 845 3168 898 revelat

1825 926 2038 996 Raptor
2063 937 2117 983 et
2140 929 2270 985 hinc
2299 931 2488 985 urbem
2515 947 2672 988 secus
2705 942 3022 1005 expectasse
3053 938 3331 992 veredum.

1827 1015 1968 1084 Quid
1996 1027 2143 1088 patet
2171 1020 2271 1074 iste
2292 1020 2760 1091 queat'Niceutius
2785 1025 2976 1080 ordine
3004 1025 3182 1083 clarus

1829 1105 2083 1164 Salv-ilico
2107 1110 2272 1164 sentit
2298 1112 2516 1181 capiens
2544 1127 2744 1183 angore
2772 1115 3062 1179 medelam,

1827 1196 2186 1268 Calcatusque
2213 1201 2402 1269 pedem
2427 1203 2695 1260 salvatum
2721 1217 2781 1259 se
2813 1203 2926 1260 fore
2950 1204 3190 1276 gaudens

1825 1288 2048 1343 Attactu
2078 1291 2246 1346 calcis
2267 1291 2518 1362 donoque
2548 1303 2810 1363 sequente
2839 1296 3053 1351 salutis.

1827 1378 2001 1446 Quam
2035 1381 2179 1436 celer
2203 1383 2317 1438 oris
2347 1384 2539 1449 honor,
2575 1399 2738 1455 quam
2784 1385 2989 1442 famina
3033 1383 3190 1458 plena
3231 1388 3432 1460 vigore:

1828 1468 2084 1524 Miratum
2112 1471 2315 1528 famulo
2346 1474 2625 1530 Stiliconis
2655 1474 2874 1531 ﬂamine
2905 1487 3062 1548 rapto

1827 1560 2044 1616 Crudeli
2075 1563 2289 1618 arbitrii
2320 1566 2553 1620 necdum
2585 1581 2839 1622 sermone
2861 1577 3082 1635 peracto

1752 1641 1802 1703 Β
1832 1653 2000 1721 llujus
2027 1654 2326 1727 falsiloquis
2348 1657 2532 1728 plures
2561 1659 2877 1716 discrimina
2900 1663 3116 1719 schedis

1827 1741 2152 1802 Constiterit
2175 1763 2363 1818 passos
2388 1766 2485 1806 nec
2510 1751 2704 1808 vinclis
2733 1753 2893 1824 digna
2918 1764 3152 1812 secutos.

1827 1835 1942 1892 Nec
1976 1853 2082 1892 non
2108 1840 2198 1896 ille
2229 1857 2456 1898 monens
2481 1843 2629 1899 facili
2655 1845 2746 1914 qui
2775 1845 2960 1915 splene
2987 1849 3312 1906 cachinnum

1825 1931 2068 1988 Alterius
2092 1931 2242 2002 lapsu
2272 1935 2551 2004 proprium
2573 1937 2870 1992 observare
2899 1949 3154 1995 monetur

1825 2022 1895 2078 Et
1918 2023 2102 2096 lapsus
2130 2041 2236 2080 non
2261 2039 2398 2080 vana
2429 2042 2523 2082 sua
2553 2029 2750 2098 probat
2776 2043 2902 2084 orsa
2941 2031 3116 2085 ruina.

1828 2113 2124 2172 Successor
2149 2118 2460 2174 decedentis
2488 2133 2706 2190 quoque
2742 2120 3128 2192 Simplicianus

1825 2205 1948 2260 Vim
1977 2209 2129 2263 verbi
2160 2213 2306 2264 tenui
2334 2213 2602 2281 persentit
2633 2228 2762 2268 voce
2794 2213 3018 2280 relatus,

1824 2298 1992 2370 quue
2015 2302 2204 2371 procul
2229 2305 2433 2374 positos
2453 2313 2644 2374 stupor
2667 2314 2898 2376 occupat
2925 2320 3019 2361 ore
3045 2317 3323 2374 serentes;

1824 2389 2065 2447 Barbara
2094 2394 2352 2450 virtutem
2400 2411 2616 2467 quoque
2647 2397 2891 2466 praesulis
2933 2411 3028 2452 ora
3062 2398 3376 2467 loquuntur,

1824 2481 2271 2556 Francorumque
2303 2489 2457 2543 ducis
2486 2496 2732 2558 sumptus
2755 2489 2873 2543 fuso
2922 2489 3074 2544 hoste
3109 2491 3411 2562 triumphus

1826 2573 1999 2644 Hujus
2028 2578 2287 2634 amicitiis
2319 2589 2532 2649 partum
2564 2594 2723 2650 quem
2755 2581 2897 2635 fama
2924 2579 3156 2647 fatetur,

1826 2666 2148 2725 Currentem
2177 2670 2402 2742 imperio
2426 2671 2603 2726 valeat
2637 2673 2728 2742 qui
2752 2671 2918 2744 figere
2948 2672 3136 2728 solem.

1826 2757 2000 2826 Quam
2025 2761 2195 2833 viguit
2216 2765 2426 2829 doctus,
2450 2778 2614 2833 quam
2635 2765 2783 2819 celso
2810 2764 3027 2820 ﬂamine
3058 2765 3249 2834 plenus

1827 2849 2049 2907 Semina
2073 2854 2240 2908 densa
2271 2862 2459 2910 notant
2488 2865 2662 2910 terras
2693 2856 2990 2910 animantia
3016 2857 3171 2924 caelo,

1827 2943 2016 3015 Regna
2047 2945 2260 3015 replens
2286 2961 2491 3013 rumor,
2523 2956 2904 3018 compertaque
2930 2947 3093 3014 fama,

1825 3035 2224 3106 Persarumque
2256 3038 2419 3093 duces
2440 3039 2663 3108 sophico
2693 3038 2902 3108 fulgore
2930 3039 3175 3095 cluentes

1826 3125 1993 3180 Multo
2016 3126 2152 3181 calle
2181 3127 2388 3198 fatigati
2415 3128 2628 3184 fervore
2651 3128 2869 3185 videndi

1823 3216 1938 3270 Eoo
1967 3227 2151 3273 notum
2183 3218 2562 3288 splendoribus
2592 3221 2729 3276 urbe
2755 3223 3037 3291 disertum,

1825 3308 2064 3375 Quorum
2087 3311 2330 3378 qumsitis
2363 3311 2545 3366 divina
2575 3312 2694 3368 luce
2722 3315 3000 3369 vibrandis

1826 3401 2061 3455 Cardine
2095 3417 2218 3455 cum
2244 3403 2418 3456 noctis
2446 3403 2536 3456 lux
2567 3413 2652 3458 est
2681 3406 2968 3475 absumpta
2999 3406 3125 3460 diei.

1827 3491 2185 3562 Symmachus
2217 3493 2305 3546 ille
2327 3493 2494 3547 etiam
2515 3495 2666 3565 cujus
2690 3495 2842 3550 labor
2861 3497 3039 3552 omnis
3063 3499 3115 3551 iu
3137 3514 3254 3566 ore,

1827 3583 1929 3650 Qui
1961 3599 2116 3654 reges
2141 3599 2430 3652 superasse
2453 3596 2650 3653 putans
2675 3587 2960 3656 splendore
2987 3587 3205 3658 leporis,

1827 3673 2137 3744 Sacrilegos
2161 3675 2296 3731 ritus
2325 3677 2602 3745 repetebat
2626 3685 2682 3731 et
2704 3678 2866 3747 impia
2894 3678 2998 3733 liba

1824 3766 2038 3835 Accipit
2067 3776 2125 3819 ut
2147 3767 2348 3820 cultum
2373 3769 2591 3837 pietatis
2612 3769 2818 3824 honore
2843 3770 3118 3838 volumen,

1824 3856 2054 3912 Lumine
2079 3859 2289 3914 cwlesti
2315 3860 2545 3929 divoque
2579 3876 2771 3932 sapore
2795 3862 3071 3929 refertum,

1825 3949 1981 4005 Haud
2012 3951 2170 4006 dictis
2199 3952 2425 4020 posthac
2447 3953 2540 4022 qui
2571 3954 2801 4009 reddere
2830 3955 3072 4024 praesulis
3095 3959 3274 4015 audet.

1826 4043 2332 4097 Marcomannorum
2359 4045 2552 4113 probat
2582 4045 2683 4101 hoc
2712 4047 2894 4118 regina
2919 4048 3122 4104 relictis

1828 4133 2083 4188 Errorum
2111 4135 2348 4190 tenebris
2376 4145 2583 4190 tantum
2609 4153 2827 4194 rumore
2853 4140 3022 4205 beati,

1828 4225 2093 4295 Percepto
2113 4243 2362 4297 quaerens
2391 4243 2587 4298 supero
2615 4244 2734 4298 qua:
2757 4229 2958 4286 lumine
2979 4236 3158 4303 spargi

1752 4322 1802 4381 ι)
1829 4316 2045 4388 Legatis
2069 4319 2179 4374 sale
2196 4335 2256 4374 se
2277 4321 2409 4390 petit
2436 4320 2538 4374 hoc
2572 4323 2845 4378 condirier
2871 4324 3035 4390 almo,

1826 4409 2216 4480 Accipieusque
2238 4412 2343 4466 cati
2368 4412 2758 4468 catechismum
2782 4414 2900 4469 luce
2923 4416 3086 4470 libelli

1829 4500 1948 4555 Stat
1973 4517 2161 4571 pacem
2187 4503 2414 4557 suadere
2443 4518 2640 4559 curans
2670 4521 2930 4574 persuasa
2952 4507 3242 4578 jugandam

1828 4592 2235 4663 Romulidisque
2257 4593 2427 4648 ferum
2454 4595 2655 4666 subigit
2684 4612 2804 4651 cum
2833 4607 2990 4668 gente
3013 4610 3318 4670 tyranuum.

1827 4683 1944 4751 Quo
1964 4685 2247 4754 splendore
2279 4685 2371 4738 Dei
2405 4687 2622 4741 radians
2649 4703 2756 4757 quo
2777 4688 2992 4745 ﬂamine
3019 4693 3224 4763 pollens

1826 4775 1952 4830 llaec
1970 4785 2136 4840 serat,
2161 4777 2396 4831 annixus
2431 4778 2648 4842 tabulis.
2677 4779 2896 4835 Pauline
2919 4782 3098 4848 beate,

1826 4868 1988 4923 Felici
2021 4868 2266 4937 stupidus
2293 4870 2538 4924 meruisti
2573 4886 2796 4928 cernere
2817 4873 2958 4938 visu,

1825 4961 2002 5029 Atque
2025 4962 2271 5015 coronari
2299 4959 2504 5028 justum
2527 4962 2782 5018 rutilante
2808 4964 3054 5036 benigna:

1827 5050 2144 5121 Obnubique
2168 5051 2482 5117 voluntatis,
2515 5068 2613 5121 pro
2641 5055 2871 5125 tegmine
2899 5060 3063 5125 scuti,

1825 5141 2231 5214 lutrogredique
2265 5144 2416 5197 vides
2445 5146 2609 5214 proba
2636 5148 2816 5201 divum
2847 5148 3152 5206 habitacula
3186 5144 3424 5226 Rarum,

1826 5233 1955 5290 Jura
1999 5237 2088 5291 Dei
2117 5235 2323 5290 rimans
2345 5245 2495 5292 vates
2526 5237 2652 5292 du‘m
2680 5239 2866 5294 etelica
2902 5250 3118 5297 tractat.

1828 5327 1927 5393 Qui
1958 5338 2160 5398 quanto
2187 5308 2399 5382 fervore
2430 5329 2565 5396 Deo,
2587 5345 2746 5399 quam
2773 5331 2910 5384 fixus
2931 5333 3162 5389 adhmsrt
