3908 5426
519 228 632 296 867
1205 242 1471 301 FLODOA
1481 243 1600 300 BD!
1633 243 1958 303 CANONICI
1995 247 2339 306 REMENSIS
2375 245 2740 306 OPUSCULA
2775 241 3081 306 METRICA
3675 252 3757 312 868

521 352 825 424 Amplaqne
845 354 1172 424 pauperibus
1195 356 1523 424 patrimonia
1549 358 1655 413 lata
1683 360 1878 426 beatis,
2129 370 2181 429 Α
2215 360 2308 416 Vir
2337 362 2500 432 quino
2538 369 2822 430 satagente
2847 361 2971 417 dein
2998 371 3215 432 pastore
3239 363 3562 433 gerendum.

522 445 729 500 Praedia
753 444 996 516 quaajuri
1024 447 1278 503 Ecclesiae
1302 465 1550 519 possessa
1581 451 1852 517 dicantur,
2210 453 2414 510 Pensus
2437 463 2492 510 et
2517 460 2742 510 exactus
2769 454 2948 524 prodit
2969 454 3055 524 pia
3085 463 3301 524 pectora
3329 454 3506 510 luctus

525 537 935 609 Strenuitasque
963 540 1317 605 interventus,
1348 543 1463 610 opis
1491 543 1690 596 arduus
1717 554 1887 611 actus,
2210 546 2288 601 Ac
2313 546 2490 602 ﬂentis
2514 547 2727 601 bonitas
2753 546 2926 601 aliena
2949 546 3121 616 piacla
3147 547 3425 616 jacentum

521 629 743 686 Cunctae
765 632 1069 688 sollicitudo
1101 632 1192 686 Dei
1223 642 1372 688 stans
1400 634 1582 688 sedula
1612 634 1805 704 plebis,
2208 637 2472 709 Editaque
2493 647 2713 708 aspecto
2738 639 2971 708 suspiria
2998 638 3176 694 tristia
3205 639 3405 707 probro

520 722 770 796 Frugalis
790 724 984 794 pietas,
1017 723 1220 794 jejunia
1248 723 1418 780 ferme
1443 741 1541 796 per
1567 740 1758 780 onmes
2213 728 2446 785 Urbibus
2469 731 2674 786 orbatis
2697 730 2949 800 lacrymm
2969 745 3135 800 quam
3162 745 3302 800 δερμα
3329 731 3496 786 malm
3551 769 3554 772 .

521 817 848 872 Continuata
876 818 1012 881 dies.
1033 817 1283 887 precibus
1313 818 1590 887 vigilantia
1618 817 1785 873 castis
2207 821 2384 892 Atque
2415 823 2580 877 Deum
2611 835 2824 892 semper
2846 821 3080 877 sitientis
3110 823 3272 878 corde
3302 822 3572 893 profusae!

521 911 588 966 Et
607 920 854 967 sanctum
891 921 1123 967 testatur
1145 926 1300 981 opus,
1334 927 1590 965 manuum
1613 910 1764 966 labor
1790 917 1966 981 aptus,
2207 913 2324 970 Non
2351 930 2409 970 se
2437 922 2609 970 morte
2637 913 2785 985 quati
2812 913 2968 984 cujus
2993 915 3235 970 bonitate
3265 913 3470 970 fatetur

523 1004 721 1060 Dictati
744 1005 1042 1074 scriptique
1065 1004 1207 1068 libri,
1240 1005 1388 1059 verbi
1414 1019 1599 1074 aequor
1627 1005 1789 1069 arati,
2209 1005 2436 1062 Servum
2473 1022 2534 1062 se
2569 1008 2884 1072 ardentem,
2908 1015 3111 1076 quanto
3136 1007 3275 1062 Deus
3302 1007 3505 1063 ambiat
3535 1007 3668 1078 igne,

519 1095 757 1168 Indignis
783 1099 1061 1168 captisque
1091 1111 1282 1152 manus
1307 1098 1427 1152 data
1457 1111 1680 1152 munera
1714 1097 1880 1166 largte
2207 1098 2433 1154 Lumine
2463 1114 2569 1168 quo
2593 1098 2786 1154 lustret
2811 1101 3074 1156 mirorum
3101 1100 3341 1154 culmine
3369 1099 3561 1153 claret.

522 1190 589 1245 Et
610 1192 726 1245 sine
748 1192 853 1246 line
890 1206 1115 1246 manens
1141 1189 1365 1244 fraterni
1398 1189 1576 1244 cultus
1603 1190 1806 1244 amoris
1832 1205 1846 1242 :
2207 1191 2263 1245 Id
2285 1207 2499 1261 quoque
2527 1200 2842 1246 sanctorum
2873 1190 3042 1245 multo
3073 1191 3244 1246 celata
3271 1192 3370 1246 sub
3398 1206 3515 1244 aevo

522 1280 819 1338 Servitium
844 1283 896 1338 in
928 1284 1104 1339 sacris
1134 1282 1322 1339 solerti
1338 1281 1462 1352 jure
1493 1282 1726 1338 solutum
2192 1282 2438 1353 Pignora
2464 1283 2594 1339 huic
2621 1284 2785 1355 digno
2811 1283 2973 1355 digne
2993 1282 3262 1354 patefacta
3287 1283 3580 1354 resignant.

1954 1435 2184 1494 CAPUT
2226 1436 2364 1494 XVI.

1433 1548 1511 1607 De
1538 1551 1731 1608 sanctis
1757 1549 1996 1606 Nazario
2017 1561 2062 1605 et
2096 1541 2262 1606 Celso
2287 1549 2444 1605 Vitali
2469 1560 2518 1607 et
2543 1551 2811 1624 Agricola.

517 1693 756 1762 Quorum
778 1689 1071 1747 Nazarium
1095 1689 1423 1758 Cclsumque
1454 1687 1628 1742 nitore
1660 1686 1866 1742 levatos
2129 1672 2176 1731 Β
2205 1687 2528 1758 Terrigenas
2563 1690 2706 1743 unde
2741 1689 2857 1757 ipse
2880 1703 3044 1745 ruens
3067 1687 3315 1744 volvatur
3341 1688 3393 1743 in
3425 1689 3550 1744 ima.

513 1787 853 1843 Praetulimus
875 1783 1000 1838 divo
1029 1792 1265 1837 mentem
1297 1780 1588 1836 irradiante
1613 1779 1787 1844 beati;
2206 1779 2368 1834 Vitali
2404 1779 2498 1834 sed
2534 1788 2591 1833 et
2611 1780 2876 1849 Agricola:
2905 1782 3002 1836 dat
3030 1781 3224 1850 templa
3255 1781 3448 1835 beatus

515 1879 663 1947 Quos
685 1879 802 1933 vice
822 1876 1060 1941 thesauri
1083 1875 1222 1945 jussi
1249 1886 1468 1929 servare
1487 1872 1664 1927 coloni
2201 1870 2526 1926 Florentinte
2552 1872 2692 1937 urbi,
2722 1888 2857 1941 quos
2891 1873 3038 1944 larga
3063 1872 3298 1928 Bononia
3325 1872 3488 1927 mittit
3519 1889 3532 1924 :

514 1971 816 2027 Commisso
843 1968 1063 2022 minime
1096 1966 1368 2021 audebant
1393 1963 1672 2018 discedere
1701 1963 1770 2018 ab
1806 1961 1987 2029 horto,
2203 1962 2304 2031 Qui
2334 1963 2497 2017 fortes
2521 1971 2642 2031 post
2680 1963 2835 2033 plura
2867 1966 3034 2020 trucis
3063 1964 3401 2019 cruciamina
3429 1963 3603 2034 ﬂagri,

515 2063 650 2118 Dum
678 2075 838 2131 gazas
863 2074 1019 2114 sacer
1046 2059 1258 2131 ignotas
1281 2055 1599 2111 custodibus
1630 2054 1828 2109 aull'ert
1930 2105 1939 2112 .
2203 2053 2474 2109 Eximium
2500 2054 2590 2108 {ixi
2624 2070 2789 2110 cruce
2818 2055 3210 2111 nanciscuntnr
3234 2057 3518 2112 honorem.

515 2153 694 2223 thue
722 2153 841 2208 loco
867 2152 952 2206 his
973 2159 1099 2221 apto
1127 2150 1323 2204 merito
1350 2147 1638 2220 splendore
1667 2145 1861 2203 locatis
2201 2143 2435 2216 Pignora
2455 2145 2706 2215 judaicas
2736 2147 2880 2203 inter
2903 2148 3172 2217 permixta
3200 2147 3440 2203 latebras

513 2245 802 2300 Gratiﬁcos
823 2253 999 2300 ctetus
1028 2242 1212 2297 divino
1240 2241 1443 2296 lumine
1474 2238 1700 2311 repplet,
2202 2235 2500 2293 Nonnullos
2523 2238 2703 2309 ignota
2728 2237 2912 2307 jacent
2943 2240 3262 2295 mortalibus
3288 2254 3482 2305 annos,

512 2337 733 2394 Civibus
763 2335 1026 2392 Ecclesiae
1059 2350 1271 2406 superae
1299 2332 1750 2412 applandentibus
1775 2331 1946 2399 urbis,
2205 2328 2389 2385 Donec
2414 2330 2660 2400 pontiﬁci
2693 2330 2814 2385 diva
2839 2345 2898 2386 se
2925 2330 3047 2388 luce
3069 2340 3348 2397 notantes,

509 2428 741 2502 Ingemit
761 2429 933 2484 hostis
961 2437 1116 2483 atrox
1143 2425 1383 2497 torqueri
1415 2442 1473 2480 se
1493 2433 1648 2496 patre
1669 2434 1894 2494 questus
2203 2420 2316 2476 Hoc
2340 2432 2492 2476 natre
2515 2422 2764 2477 lmtantnr
2787 2422 2954 2494 digno
2984 2425 3220 2480 retinere
3239 2423 3437 2480 decore

508 2523 820 2586 Ambrosio,
852 2536 1040 2576 vocem
1065 2520 1323 2589 strepitus
1353 2519 1444 2588 qui
1470 2532 1670 2589 ponere
1687 2515 1894 2586 jussus.
2205 2508 2533 2584 SeCernique
2554 2514 2725 2586 nigris
2747 2515 2865 2570 auri
2891 2531 2990 2572 ceu
3017 2515 3194 2587 fulgor
3225 2516 3429 2571 arenis.

511 2614 670 2670 Ponit
697 2621 747 2668 et
781 2611 954 2668 inflari
978 2610 1325 2666 Ambrosium
1352 2611 1565 2666 nescire
1595 2609 1830 2679 capessit
1859 2626 1873 2661 :
2203 2604 2411 2660 Laetitia
2442 2606 2625 2676 populi
2649 2607 2982 2662 cruciatibus
3009 2609 3243 2679 agminis
3271 2608 3381 2662 atri

510 2705 664 2761 Haud
688 2705 835 2760 illum
874 2705 1010 2775 ipse,
1039 2704 1172 2758 fides
1197 2703 1326 2772 quin
1355 2710 1606 2771 torqueat
1631 2701 1738 2755 alta
1767 2713 2048 2756 sacrorum
2205 2696 2316 2752 Hos
2339 2698 2499 2752 simul
2521 2712 2616 2752 ara
2649 2699 2793 2768 capit
2820 2709 3131 2755 sanctorum
3155 2700 3355 2754 lumina
3384 2699 3616 2770 pandens

509 2798 652 2870 Ignis
674 2807 728 2856 et
761 2797 973 2853 invidiae
995 2795 1176 2852 doleat
1213 2795 1356 2864 quod
1380 2794 1642 2849 scandere
1665 2792 1860 2850 cmlnm
2207 2791 2411 2846 Divina:
2431 2792 2576 2847 circa
2613 2791 2871 2847 famulum
2895 2792 3156 2850 bonitatis
3184 2808 3450 2865 amorem.

1943 2948 2173 3006 CAPUT
2211 2948 2374 3005 XVII.

1711 3063 1789 3119 De
1812 3065 2038 3119 transitu
2065 3064 2234 3118 sancti
2257 3063 2540 3120 Ambrosii.

511 3201 628 3270 Qua
657 3215 808 3270 spem
839 3198 1091 3255 fundarat
1113 3199 1258 3270 fungi
1281 3213 1348 3254 ne
1372 3208 1544 3253 morte
1567 3208 1791 3267 paveret
2119 3183 2165 3246 C
2198 3195 2546 3267 Splendor-em
2585 3200 2854 3258 Ambrosii
2874 3211 3069 3259 coeunt
3093 3201 3300 3260 servire
3320 3203 3562 3278 benigni,

514 3293 772 3351 Testatur
792 3292 918 3346 felix
945 3293 1127 3347 obitus
1162 3291 1391 3358 finisque
1412 3289 1602 3345 beatus
2197 3285 2362 3342 Millia
2388 3298 2637 3346 natorum
2672 3307 2903 3362 superna
2927 3294 2995 3348 ad
3022 3295 3205 3348 munia
3229 3305 3472 3366 currunt,

508 3386 714 3442 Militia:
733 3385 911 3458 palma
935 3385 1108 3456 digna:
1126 3390 1394 3452 clamque
1421 3382 1701 3452 palaestrae,
2196 3376 2722 3450 Fervidaj'sttpantur
2746 3383 2946 3440 diversi
2971 3385 3225 3441 examina
3248 3385 3391 3454 juris

508 3479 743 3537 Numine
769 3481 1051 3552 pmscitus
1076 3492 1274 3548 supero
1301 3477 1568 3548 sociisque
1596 3475 1818 3531 relatus.
2198 3467 2442 3538 Tangere
2463 3481 2764 3542 gestamen,
2798 3475 2988 3531 saltem
3019 3480 3342 3549 appmpiare
3367 3477 3626 3535 laborant.

507 3573 601 3631 llle
628 3573 790 3628 etiam
817 3573 958 3627 risus
981 3571 1104 3626 divo
1127 3570 1372 3626 radiatus
1393 3569 1460 3624 ab
1481 3583 1576 3624 ore
2196 3558 2307 3613 Nec
2333 3560 2532 3618 charos
2560 3562 2691 3619 latet
2719 3563 2992 3632 absentes,
3019 3582 3120 3622 nec
3143 3567 3338 3639 linquit
3367 3579 3625 3631 amantes,

507 3666 764 3722 Ατι-ίάετε
787 3664 889 3718 sibi
921 3663 1204 3718 Dominum
1231 3676 1340 3733 quo
1369 3661 1544 3717 cernit
1570 3661 1770 3725 Iesum,
2195 3647 2321 3705 Eois
2350 3653 2664 3709 transmissa
2689 3656 2819 3713 viris
2847 3659 2990 3728 quod
3019 3661 3218 3714 scheda
3244 3661 3513 3730 profatur,

508 3756 777 3813 Laudensi
800 3772 922 3812 cum
949 3756 1181 3826 prtesnle
1211 3756 1258 3810 ei
1285 3756 1410 3810 dum
1440 3763 1563 3810 vota
1597 3752 1900 3824 profundit,
2197 3737 2356 3794 Visus
2383 3743 2724 3801 υῑίδεείειθηε
2757 3761 2878 3817 qua?
2900 3746 3006 3802 re"
3026 3749 3306 3805 orantibus
3328 3749 3505 3814 almis.

507 3850 844 3920 Auditasque
875 3864 1062 3918 preces
1079 3846 1192 3918 jam
1222 3849 1396 3919 gratia
1425 3847 1620 3903 blanda
1649 3846 1875 3900 revelat.

2198 3830 2588 3903 lmponensqne
2619 3851 2810 3892 manus
2834 3838 3143 3908 pariterque
3167 3842 3482 3909 precamina
3505 3841 3710 3898 fundens
3725 3854 3741 3905 ;

508 3943 676 4010 Qneis
707 3943 946 3996 animum
968 3957 1185 4012 semper
1215 3942 1356 3997 fixus
1381 3956 1482 3997 nec
1513 3949 1685 3995 morte
1713 3939 1938 4004 recedit,
2194 3927 2432 3982 Ζθηοδίο
2454 3926 2885 3999 Ὲιοτοηιίιιίείιιιθ
2913 3931 3180 3986 [ﬂamina
3221 3942 3467 4001 Ροτιειηεν

509 4035 648 4090 Dum
675 4033 856 4089 crucis
884 4034 934 4088 in
963 4037 1201 4104 speciem
1225 4035 1491 4091 distentus
1514 4032 1739 4088 brachia
1765 4031 1918 4086 caelis
2194 4017 2348 4088 51990
2375 4025 2591 4088 τοεειιυε
2616 4020 2788 4084 adet“.
2825 4021 3009 4076 urbem
3037 4022 3348 4078 discrimine
3382 4023 3562 4089 501V“.

509 4124 746 4180 Felicem
775 4126 916 4180 votis
944 4127 1178 4180 animam
1210 4127 1594 4182 comitantibus
1622 4125 1805 4179 infert.
2193 4107 2446 4163 θείθεεοε
2471 4123 2744 4175 recreans»
2770 4125 2866 4180 Spe
2894 4110 3085 4169 deinde
3115 4112 3287 4168 εειίυιθ
3309 4111 3620 4168 reformatis-

509 4216 872 4272 Vercellensis
895 4219 1049 4274 adest
1076 4219 1272 4289 pracsul
1301 4219 1520 4274 caeleste
1550 4231 1805 4272 vocamen

1718 4231 1805 4270 ,θη
2192 4196 2474 4254 Mascezeli
2500 4199 2806 4268 desperanti
2834 4199 3048 4256 feritate
3073 4201 3261 4270 pericli

509 4305 732 4369 Excitns
757 4307 974 4375 capiens
1003 4308 1228 4373 somnis,
1259 4309 1349 4363 ubi
1375 4325 1496 4364 mox
1530 4307 1801 4362 abiturum

2191 4289 2448 4361 Impetrat
2470 4291 2740 4384 precibus,
2777 4292 3105 4364 signansque
3132 4294 3420 4366 enigmate
3444 4295 3683 4365 palmam,

508 4403 686 4469 Atque
707 4415 1043 4454 recessurum
1073 4398 1294 4454 monitis
1315 4398 1668 4468 prodentibus
1694 4396 1844 4450 audit
1862 4433 1878 4454 .

2192 4382 2298 4437 Ter
2327 4385 2478 4438 netat
2499 4382 2723 4453 appulso
2749 4393 3080 4472 tempusque
3107 4384 3392 4456 locumque
3423 4386 3619 4441 bacillo.

509 4490 671 4549 Lucis
694 4493 993 4564 honoratus
1017 4491 1152 4547 diva:
1183 4491 1444 4564 mysteria
1485 4489 1734 4555 tradens;

2125 4542 2165 4564 ἢ
2189 4472 2566 4544 Gazarnmque
2602 4475 2722 4531 loco
2749 4478 3012 4545 quaerenti
3044 4475 3246 4531 lumina
3274 4492 3417 4534 caeco

507 4584 639 4653 Quae
661 4592 722 4640 ιιι
753 4561 899 4654 capit
924 4542 1523 4638 Ambrosinstummam
1545 4580 1818 4637 libamiuis
1841 4577 1956 4645 alti,
2121 4542 2166 4596 θ
2191 4560 2350 4617 Claro
2374 4563 2677 4620 albatorum
2702 4568 2989 4622 comitatus
3015 4567 3220 4622 honore
3242 4568 3503 4634 virorum.

507 4677 686 4732 Lzetns
726 4677 827 4732 init
852 4677 1068 4746 vitaque
1095 4673 1304 4729 cibatus
1333 4675 1384 4728 in
1424 4675 1624 4728 a=tbera
1653 4672 1844 4741 surgit.

1841 4711 1844 4721 ,
2189 4657 2490 4726 Apparens,
2521 4655 2682 4712 sociis
2709 4670 3003 4712 occurrere
3030 4657 3384 4714 Mediolanam

508 4765 794 4822 'I‘ransitns
819 4767 906 4821 hic
934 4765 1129 4821 celebri
1163 4763 1379 4818 Pascha:
1404 4762 1689 4832 splendore
1718 4759 1952 4824 nitescit,

1875 4759 1952 4824 :it,
2189 4747 2460 4818 Praecipit,
2487 4755 2545 4802 ut
2584 4747 2757 4803 valeat
2779 4749 2899 4804 luce
2922 4749 3195 4805 exsultare
3221 4751 3418 4821 petita;

505 4857 669 4914 Israel
697 4859 950 4913 tenebras
985 4861 1096 4912 exit
1116 4873 1221 4927 qua
1245 4866 1401 4912 nocte
1431 4855 1651 4927 Canopi,

2193 4839 2352 4896 Paret
2377 4856 2546 4897 ovans
2574 4841 2735 4912 palpo
2757 4855 2878 4911 qua
2908 4856 3013 4897 non
3041 4841 3301 4897 inviserat
3329 4851 3452 4896 ante

504 4946 777 5005 Caelicola:
802 4949 974 5002 civem
1000 4948 1234 5018 paradisi
1265 4963 1441 5020 regua‘
1463 4947 1711 5001 colonum
2192 4929 2387 4987 “milia
2427 4932 2562 4987 caue
2596 4932 2732 5000 Ρθιίι
2762 4939 2930 4998 Γεθιοο
2961 4931 3214 5002 (“Ciaque
3242 4931 3508 4996 53101305.

504 5037 725 5095 Festive
747 5039 1042 5108 excipiunt,
1072 5039 1226 5109 agnis
1256 5038 1310 5091 in
1336 5036 1558 5092 ﬂumine
1584 5035 1708 5090 lotis
2190 5023 2390 5078 Obvius
2423 5024 2534 5094 ipse
2564 5024 2651 5078 die
2680 5031 2938 5091 patronos
2960 5022 3149 5077 urbem
3176 5021 3422 5077 ineuntes

506 5129 697 5186 Fontis
722 5107 881 5198 aquai
904 5129 1055 5191 vivae,
1079 5107 1228 5198 patet
1249 5128 1374 5182 almi
1403 5128 1572 5198 gloria
1601 5127 1761 5192 vatis,
2193 5113 2344 5168 lianc
2369 5113 2689 5170 Sisinnium.
2720 5112 3092 5170 Alexandrum
3141 5127 3379 5183 quoque,
3421 5107 3745 5180 Martyrium-

506 5218 895 5288 Aspicinnlque
923 5218 1102 5272 subire
1134 5219 1385 5272 thronum
1410 5217 1681 5285 digitoque
1713 5217 2002 5286 loquuntur
3526 5202 3675 5274 [ιιιιθο

507 5303 705 5361 lllustri
732 5307 972 5362 residere
1006 5315 1211 5376 patrem
1239 5304 1444 5377 fulgore
1478 5307 1762 5359 nitentem.
2191 5300 2312 5358 Mox
2336 5298 2601 5371 promissa
2623 5299 2769 5369 capit
2792 5295 2964 5354 loculo
2988 5295 3090 5353 sibi
3115 5310 3341 5350 munera
3372 5302 3520 5348 tacto.

511 5394 674 5426 QIA‘In
704 5396 906 5426 Μῖηηηιε
936 5396 1052 5426 nlui»
1081 5396 1236 5426 run-nu
1265 5396 1496 5426 Iuni-nan
1524 5394 1744 5426 ηΑΙΔοηῖο

2193 5393 2339 5426 Πριω
2365 5392 2638 5426 Τι-ἷιιηιῖοισι
2669 5405 2802 5426 mmn
2842 5387 3301 5426 nmenI'Annnni-j
3329 5399 3447 5426 rura
