3908 5426
137 283 227 343 sse
495 240 500 245 ’
670 273 756 329 ΒΕ
784 269 1058 329 cunisn
1087 267 1466 329 TRIUMPHIS
1485 267 1672 326 APUD
1694 266 1972 325 mrum
2002 267 2177 322 LIBRI
2209 267 2348 323 xiv.
2379 296 2449 310 .-
2487 267 2614 324 LIB.
2662 267 2794 326 xw.

135 397 330 458 Hostica
361 389 510 447 turba
538 388 666 444 furit
695 390 977 444 ﬂammans
1001 387 1169 442 livore
1195 386 1450 449 duellum,

137 485 408 558 Quaastibus
437 491 550 536 atra
581 481 709 543 ciet,
750 481 902 551 nigra
933 481 1152 533 numina
1185 477 1414 531 luctibus
1439 481 1619 540 ornat,

137 579 572 646 Comprensosque
609 571 726 640 pios
749 569 959 638 spurcis
984 566 1256 622 maculare
1288 565 1516 630 laborat,

140 671 288 736 Atque
313 663 631 718 reluctantes
656 658 836 729 ﬂagris
859 658 970 712 fere
997 658 1062 711 ad
1091 657 1291 711 extima
1323 656 1499 708 Cil'llll.

137 757 235 814 Nox
261 758 495 821 superest
521 759 752 813 tantum,
783 756 958 802 terras
976 746 1206 816 caligine
1233 760 1449 814 pressas

138 847 237 914 Qua
267 849 532 912 retegente
561 840 713 894 color
743 843 904 892 rebus
934 838 1058 892 dum
1090 837 1200 890 sole
1233 837 1490 899 refertur,

139 938 334 995 Oblatas
357 934 501 989 claro
526 932 807 986 lucrantur
831 945 1000 1000 agone
1029 943 1280 983 coronas.

138 1029 484 1098 Cappadocum
511 1027 580 1080 de
603 1034 762 1094 gente
789 1038 953 1078 senex
990 1021 1262 1077 Sisinnius
1290 1022 1482 1076 horum

137 1121 323 1176 Primus
345 1119 548 1172 honore
581 1117 808 1178 nitente,
842 1115 968 1168 tuba
1001 1124 1160 1183 caput
1188 1115 1324 1167 ictus
1353 1114 1526 1166 ahena

140 1207 402 1264 Confossus
435 1205 707 1260 hominem
750 1218 963 1272 quoque
987 1205 1226 1257 membra
1260 1203 1539 1256 securibus
1561 1202 1696 1268 exit,

140 1297 321 1352 Limine
345 1296 410 1350 ab
439 1293 694 1349 Ecclesia:
721 1293 980 1348 caelorum
1013 1293 1248 1346 culmina
1280 1291 1564 1346 scandens.

142 1387 399 1442 Martvrius
425 1395 628 1453 grates,
662 1394 838 1439 tentus
869 1400 968 1438 nec
1002 1384 1238 1448 mobilis,
1263 1382 1418 1438 eﬂert

144 1480 366 1536 Salviftco
393 1479 641 1542 Domino,
672 1479 1003 1547 sudibusque
1030 1477 1234 1530 foratus
1259 1478 1455 1541 acutis.

143 1572 345 1628 Verticis
369 1586 398 1625 e
431 1570 603 1640 plagis
627 1578 833 1639 perstat
857 1579 1104 1623 saturare
1134 1569 1416 1638 bipennes,

143 1665 356 1734 Dumque
385 1677 581 1717 cruore
613 1664 836 1714 madens
868 1663 1044 1730 agtur
1073 1659 1240 1714 libare
1271 1659 1532 1729 profanis,

144 1755 264 1811 Calle
293 1753 476 1810 volans
504 1753 608 1806 alio
637 1753 782 1806 subit
811 1763 954 1806 astra
984 1761 1166 1806 actore
1189 1752 1414 1806 solutus.

143 1844 376 1899 lnsultant
402 1843 561 1898 casis
588 1843 936 1901 bacchantes.
966 1841 1194 1910 pendula
1223 1841 1362 1895 collo

145 1933 364 2005 Martyris
389 1949 488 1988 ora
518 1932 689 2002 ligant
723 1932 916 1985 tinnitu
951 1941 1005 1985 et
1035 1946 1164 1985 voce
1193 1940 1477 2002 crepantes

146 2025 417 2081 Prostratos
435 2024 581 2080 ultor
604 2024 855 2079 Christus
884 2039 990 2092 quo
1015 2024 1276 2087 vindicet,
1305 2024 1537 2091 addunt;

147 2117 268 2170 Inter
288 2115 588 2170 Alexander
619 2115 829 2169 functos
859 2115 1162 2170 advertitur
1200 2116 1392 2170 halaus

147 2205 323 2276 Aspera
349 2221 574 2277 quaeque
599 2207 744 2262 subit
775 2216 978 2262 tractus
1005 2208 1129 2261 dum
1161 2209 1274 2262 dira
1303 2207 1529 2263 calentis

149 2296 347 2351 Ventum
375 2297 439 2351 ad
468 2299 627 2351 busta
655 2297 768 2367 rogi
799 2298 1039 2351 condunt
1059 2312 1166 2366 quo
1198 2311 1425 2366 corpora
1454 2297 1628 2362 crudi,

149 2383 421 2455 Spirantem
442 2401 576 2454 ergo
600 2386 791 2456 jubent
820 2387 988 2441 libare
1012 2386 1096 2440 Vel
1128 2387 1252 2456 igne
1287 2386 1538 2458 ﬂagrare.

149 2477 225 2530 Ille
250 2477 412 2533 minas
438 2477 657 2532 calcans
687 2479 827 2547 rapit
865 2479 972 2532 alto
1009 2478 1115 2532 fine
1141 2493 1418 2534 coronam.

149 2567 308 2623 Excita
335 2585 430 2625 nec
457 2585 519 2624 se
547 2571 698 2625 abdit
727 2571 980 2635 vindicta,
1016 2572 1305 2625 nec-incita
1333 2571 1548 2640 dignam

151 2659 252 2715 Iiox
282 2662 493 2718 adhibet
530 2663 814 2729 mulclam;
845 2662 1039 2718 ctelum
1071 2673 1244 2717 tamen
1273 2663 1470 2732 abripit
1498 2663 1684 2718 umbra

151 2751 368 2808 Proxima
401 2754 655 2816 terrenis,
689 2763 864 2808 terras
893 2755 1157 2809 velamine
1183 2771 1411 2816 caecans,

153 2842 465 2914 Cacatosqne
497 2847 761 2899 umbratis
799 2847 1042 2915 popuios.
1072 2847 1235 2901 micat
1265 2848 1476 2916 ignibus
1507 2861 1602 2900 aer
1631 2864 1645 2900 :

152 2937 368 2994 Fulmina
399 2940 592 2994 crebra
620 2939 822 3003 volant,
853 2941 1056 2995 lethum
1087 2939 1404 2996 mortalibus
1431 2942 1600 2995 mthra

153 3027 357 3085 lntentat
380 3030 638 3099 trepidis;
671 3030 958 3084 mendaces
989 3045 1112 3084 vera
1153 3029 1351 3097 profari

155 3116 416 3190 Coguntur,
449 3120 568 3175 fieri
596 3121 710 3176 haec
741 3132 1046 3174 sanctorum
1081 3121 1201 3174 luce
1235 3122 1485 3187 fatentes,

156 3205 208 3260 Ili
234 3209 353 3263 socii
376 3209 670 3273 Ambrosii,
701 3209 920 3279 capiunt
949 3208 1033 3264 his
1059 3209 1256 3262 lumina
1285 3208 1436 3273 caeci,

154 3295 404 3355 Czecantur
437 3299 591 3365 saevi,
619 3299 842 3354 rutilant
870 3299 1154 3370 splendore
1187 3299 1424 3369 benigni,

3278 268 3381 328 870

1718 391 1768 450 Α
1795 383 2063 438 Ambrosii
2094 382 2303 437 meritis
2333 382 2663 453 applaudunt
2687 383 2903 452 agmina
2943 383 3088 449 caeli,

1797 474 2146 544 Congaudent
2169 474 2321 544 justi,
2353 474 2520 529 livore
2551 484 2798 529 teruntur
2823 475 3024 546 iniqui;

1797 567 1902 622 Ore
1928 579 2194 621 venenato
2217 565 2416 619 famam
2442 567 2531 635 qui
2564 583 2788 636 carpere
2821 570 2960 624 vatis

1809 659 2120 722 I‘entarant,
2157 656 2339 711 subito
2369 669 2666 728 carpuntur
2690 659 2900 713 vindice
2928 659 3070 732 rapti

1799 751 1965 818 Inque
1992 750 2163 802 oculis
2191 765 2421 817 quorum
2454 764 2622 803 nexas
2651 749 2881 805 avellere
2912 760 3120 810 mentes

1799 840 1974 894 Patris
2001 855 2184 892 amore
2213 849 2424 908 petunt,
2450 840 2646 893 mnlcta
2674 841 2946 894 velluntur
2975 841 3171 901 abacti.

1797 931 1895 983 Ast
1923 929 2006 983 ille
2033 941 2086 982 et
2115 930 2321 983 meritis
2352 931 2669 984 meritorum
2700 941 2753 985 et
2778 931 2977 986 lumine
3008 944 3172 990 cretis

1799 1021 2017 1075 ILmiiret
2045 1023 2272 1091 genitis,
2302 1038 2530 1091 quorum
2563 1023 2840 1090 Paulinus,
2875 1027 3105 1091 honore,

1797 1112 2058 1168 Culminis
2084 1113 2286 1183 egregii
2319 1114 2601 1184 sapidiqne
2630 1118 2807 1169 nitore
2837 1116 3056 1186 leporis,

1798 1204 2092 1258 Ausoniam
2121 1214 2345 1259 decorat
2378 1216 2526 1260 trans
2557 1217 2612 1259 et
2642 1222 2792 1260 mare
2819 1207 3018 1260 lumina
3046 1217 3248 1278 portat.

1801 1295 2053 1349 Ecclesiae
2083 1296 2248 1350 decus
2273 1293 2502 1360 illustre,
2535 1295 2893 1365 Angus:inus,
2923 1308 2979 1350 et
3009 1296 3158 1351 orbis

1802 1383 1988 1438 Totins
2019 1386 2310 1439 instructor
2336 1384 2649 1454 fraudisque
2677 1386 2889 1440 hostilis
2922 1386 3180 1449 abactor,

1803 1476 2032 1532 Lumine
2069 1477 2161 1546 qui
2199 1485 2454 1532 cunctum
2487 1477 2658 1546 replet
2688 1478 2832 1532 almo
2885 1486 2941 1532 et
2988 1478 3194 1532 semine
3242 1493 3396 1530 inun-

3156 1571 3279 1623 duni
3305 1585 3320 1636 ς

1806 1658 2068 1714 Martinus
2097 1659 2369 1729 specimen
2400 1658 2674 1715 Gallorum
2703 1659 2894 1713 ductor
2925 1667 2978 1714 et
3006 1569 3146 1714 altorE

1733 1749 1780 1807 B
1807 1749 2143 1803 Candentum
2175 1751 2295 1820 pius
2323 1767 2606 1821 agnorum,
2634 1750 2988 1819 columenque
3018 1765 3112 1805 sac
3141 1765 3300 1805 orum

1801 1840 2136 1910 Ceiumaque
2163 1839 2499 1910 pontificum,
2539 1841 2746 1909 pollens
2778 1840 2943 1894 tutela
2974 1841 3212 1909 piorum,

1804 1929 1970 1998 Cujus
1998 1931 2064 1983 ad
2095 1930 2384 1999 exsequias
2415 1931 2596 1984 divina
2637 1930 2876 1999 potentia
2904 1939 3111 1998 patrem

1805 2020 2087 2075 Transfert
2115 2020 2460 2074 Ambrosium
2491 2022 2586 2074 sed
2621 2035 2720 2075 nec
2749 2020 2984 2074 statione
3014 2025 3281 2074 remotum
3307 2057 3322 2071 .

1804 2109 2078 2180 Hesperiis
2107 2121 2250 2164 astat
2277 2109 2464 2174 Gallis,
2495 2119 2551 2166 et
2575 2110 2762 2165 funera
2793 2119 2982 2174 curat;

1805 2203 2087 2258 Mediolani
2117 2204 2227 2257 aris
2252 2205 2438 2274 praesit
2466 2202 2777 2272 Turoniqne
2814 2204 3108 2272 sepulcris,

1809 2294 1968 2350 Urnae
1994 2311 2189 2350 munus
2216 2296 2326 2366 agit
2349 2311 2448 2350 nec
2477 2296 2596 2350 diva
2622 2296 2865 2351 litamina
2890 2294 3104 2365 linquit,

1804 2388 2042 2456 Corpore
2070 2390 2219 2444 adest
2244 2388 2460 2459 p0pnlo,
2491 2389 2785 2458 spiramine
2811 2391 2979 2445 servit
3009 2389 3202 2446 amico.

1809 2480 1875 2534 Et
1905 2481 2026 2548 quis
2053 2491 2247 2535 cuncta
2272 2482 2446 2550 patris
2471 2496 2697 2534 narrare
2719 2479 2948 2549 insignia
2977 2479 3110 2534 tanti

1807 2571 2127 2636 Prwvaleat,
2155 2589 2383 2642 quorum
2416 2574 2506 2642 qui
2534 2574 2655 2636 scit,
2681 2575 2820 2641 sapit
2851 2572 3056 2635 omnia,
3083 2569 3397 2626 summam?

1807 2662 1940 2716 Nam
1972 2663 2097 2718 licet
2126 2665 2395 2717 addantur
2418 2664 2578 2719 dictis
2619 2661 2958 2732 quamplura,
2990 2661 3188 2716 residet

1808 2757 2038 2810 Maxima
2070 2768 2346 2828 gestorum
2372 2758 2464 2812 sed
2490 2773 2615 2828 pars
2643 2758 2844 2810 intacta
2877 2771 3171 2810 sacrorum.

1810 2848 2008 2918 Utpote
2033 2849 2125 2918 qui
2152 2850 2349 2915 studio,
2375 2849 2616 2902 doctrina
2647 2857 2702 2900 et
2727 2847 2961 2902 culmine
2990 2847 3114 2900 vitae

1807 2942 2019 2996 Italiam
2061 2940 2298 3008 eripiens
2322 2940 2560 2994 tenebris
2588 2939 2653 2993 ad
2684 2939 2934 3009 dogmata
2963 2937 3149 3004 vertit,

1811 3034 2100 3089 Catholicae
2130 3033 2253 3087 fidei
2281 3040 2475 3087 cuncto
2505 3032 2636 3087 dans
2661 3031 2860 3086 lumina
2889 3032 3114 3094 mundo,

1813 3125 1922 3180 Nos
1948 3139 2162 3195 quoque
2191 3123 2431 3194 perpetui
2469 3124 2683 3193 rapiens
2718 3140 2748 3177 a
2776 3123 2991 3177 turbine
3013 3121 3146 3177 lethi

1807 3215 2056 3271 Perferat
2092 3216 2310 3272 auxiliis
2336 3223 2536 3271 aeterna
2566 3215 2632 3271 ad
2664 3216 2858 3287 gaudia
2883 3215 3047 3270 lucis!

240 3452 359 3521 Qua.-
383 3463 688 3526 sequuntur
716 3467 871 3524 capp.
903 3452 970 3510 19
995 3462 1050 3509 et
1079 3452 1148 3508 20
1175 3453 1342 3509 edidit
1381 3450 1746 3517 Mabillonius,
1778 3451 1896 3507 Act.
1924 3451 2024 3508 SS.
2055 3453 2174 3508 ord.
2200 3452 2257 3509 S.
2287 3453 2512 3520 Bened.,
2541 3462 2672 3509 tom.
2701 3453 2766 3520 It,
2792 3469 2916 3525 pag.
2945 3454 3017 3509 20
3041 3461 3098 3509 et
3121 3469 3276 3524 seqq.

1538 3601 1766 3659 CAPUT
1801 3600 1988 3657 XVIII.

1446 3718 1527 3778 De
1554 3731 1738 3773 sancto
1763 3715 2111 3770 Columbano.

213 3862 433 3920 Diversae
458 3859 720 3933 Hesperia
743 3859 933 3931 patria:
957 3857 1202 3914 radiante
1233 3853 1528 3918 nitescunt,

156 3953 366 4011 Diversis
403 3955 565 4010 simul
588 3954 836 4009 hostibus
863 3952 1162 4005 illustratur
1187 3955 1242 4001 et
1274 3948 1409 4014 ipsa.

212 4044 488 4100 Ambrosio
514 4044 777 4113 insignem
803 4049 954 4095 vates
985 4038 1119 4108 petit
1148 4034 1378 4105 inclytus
1411 4031 1597 4086 urbem
1621 4027 1714 4060 ³⁸⁸⁶

156 4134 304 4191 Gente
330 4137 696 4192 Columbanus
720 4135 1006 4189 Scotorum
1030 4141 1085 4184 et
1109 4128 1372 4199 sanguine
1401 4131 1602 4180 cretus.

155 4225 238 4293 Qui
261 4230 372 4298 pius
396 4245 424 4282 a
455 4243 626 4298 puero
649 4226 784 4279 vixit
814 4223 1077 4278 mirabilis
1101 4235 1239 4285 aevo,

156 4314 331 4372 Christi
378 4331 558 4374 castra
585 4316 655 4350 ³⁸³
691 4317 894 4378 locans,
930 4314 1202 4382 multoque
1245 4310 1362 4365 haec
1409 4305 1582 4362 milite
1622 4319 1710 4361 re-

1441 4399 1639 4472 [plens.

157 4493 395 4565 Propositi
424 4507 597 4553 metas
624 4497 785 4568 hujus
813 4495 1028 4551 virtutis
1051 4495 1268 4550 odorem

159 4583 279 4642 Nare
301 4604 532 4658 sequens
556 4591 732 4654 avida,
758 4589 919 4659 paulo
948 4588 1250 4641 excessisse
1279 4583 1519 4638 videbor.

159 4676 286 4734 Finis
313 4691 366 4734 at
386 4681 531 4736 hunc
557 4681 703 4734 italis
726 4681 978 4749 quoniam
1003 4677 1298 4746 impertivit
1327 4675 1514 4742 agonis
1526 4672 1640 4739 ⁸⁸⁸⁸,

160 4767 384 4827 Ausoniis
411 4773 632 4826 tandem
660 4771 861 4840 placuit
885 4767 1133 4836 iunxisse
1161 4764 1393 4835 tropzeis.

219 4860 375 4927 Quem
406 4863 641 4931 genitrix
669 4863 796 4916 dum
824 4870 977 4915 utero
1000 4865 1174 4930 gestat
1198 4853 1490 4927 procedere
1509 4853 1680 4909 solem

163 4951 416 5020 Aspiciens
441 4953 688 5023 gremiis,
719 4949 896 5004 lumen
925 4963 1260 5019 prmnoscere
1279 4958 1446 5014 prous

165 5037 404 5097 lllustrata
428 5045 590 5098 datur
618 5054 886 5110 sparsura:
911 5039 1112 5092 lumine
1143 5047 1338 5092 terras.

221 5131 426 5191 Artibus
455 5134 699 5189 imbutus
731 5129 910 5198 claris,
938 5129 1254 5186 documenta
1283 5123 1550 5196 palaestras

1819 3850 2144 3921 Aggreditur
2170 3863 2396 3918 superae,
2429 3847 2718 3902 virtutibus
2745 3847 2948 3917 optime
2968 3846 3131 3902 fultus

1816 3942 2018 3997 Gallica
2052 3957 2177 3996 rura
2208 3941 2364 4000 petit,
2396 3939 2577 3994 divina
2610 3941 2694 3995 his
2723 3941 2925 3996 semina
2955 3951 3194 4010 portans,

1817 4032 1925 4089 Ore
1955 4047 2224 4102 manuque
2254 4047 2456 4086 vocans
2485 4032 2745 4086 caelorum
2792 4033 2857 4086 ad
2889 4032 3121 4088 culmina
3155 4043 3401 4089 (uictos.

1816 4123 1973 4180 Celsa
1997 4133 2186 4191 petens
2208 4122 2488 4192 gradibus,
2515 4120 2682 4177 eremi
2711 4132 2922 4177 secreta
2952 4124 3198 4192 requirit,

1815 4213 1992 4281 Atque
2016 4211 2340 4267 eolumbinis
2361 4211 2628 4267 scandens
2650 4211 2796 4266 subit
2827 4212 2992 4266 ardua
3022 4214 3232 4282 pennis.

1816 4303 1930 4359 Nec
1949 4305 2088 4358 diva:
2113 4305 2182 4336 '"
2208 4303 2501 4359 frustratur
2521 4304 2639 4371 opis
2669 4303 2932 4358 solamine
2962 4317 3176 4368 servus,

1819 4394 2065 4464 Crastina
2096 4395 2379 4463 praeceptis
2409 4395 2626 4448 innixus
2653 4396 2934 4449 commoda
2966 4404 3236 4450 temnens.

1819 4487 2118 4554 Qua-remis
2143 4487 2284 4542 Deus
2317 4495 2518 4558 aegroto
2542 4487 2733 4542 solatia
2765 4488 2949 4542 fratri-

1819 4579 2025 4633 Allevat
2050 4595 2326 4647 angorem,
2351 4579 2536 4649 legans
2558 4588 2742 4649 optata
2762 4565 3046 4634 vehentem

1822 4669 2058 4726 Defessis
2078 4671 2332 4726 alimenta
2357 4671 2556 4738 virum,
2585 4687 2686 4726 nec
2715 4671 2914 4724 missus
2945 4668 3126 4722 inanis

1746 4737 1792 4792 Ῐ)
1818 4761 1924 4814 Ant
1944 4763 2193 4817 mercede
2221 4777 2414 4818 carens
2444 4737 2598 4819 iteris
2619 4762 2766 4833 (208)
2793 4761 2994 4816 solator
3021 4760 3195 4815 abire.

1819 4851 1971 4921 ,Εετί
1998 4854 2293 4909 subventor
2315 4853 2674 4910 medicamina
2698 4851 2944 4924 conjugis
2967 4859 3109 4918 orat,

1823 4943 2240 5015 Subsidiumque
2268 4945 2461 5010 refert,
2491 4947 2829 5016 quaesitaque
2855 4943 2995 4998 dona
3028 4950 3271 5010 reportat

1824 5035 1890 5090 Et
1918 5038 2092 5106 patris
2112 5038 2178 5092 ad
2207 5045 2392 5091 votum
2421 5040 2628 5108 reperit
2653 5037 2890 5108 viguisse
2907 5034 3164 5105 jugalem.

1891 5127 2027 5186 Inde
2053 5130 2383 5187 Carantocus
2405 5126 2640 5186 secretis
2669 5129 2873 5185 visibus
2895 5127 3066 5182 abbas

1120 5237 1412 5301 GLOSSIE
1446 5235 1896 5298 MABGINALES
1931 5237 2346 5297 MABILLONII.

226 5333 304 5368 '“'
327 5335 393 5392 Id
418 5346 494 5392 ut
522 5334 905 5391 Mediolanum.
977 5334 1046 5366 ’“
1091 5329 1451 5392 monasteria.

1531 5335 1620 5367 ’δν
1646 5332 1775 5386 vita:
1847 5327 1919 5360 “'
1957 5333 2170 5390 divinae.
