3908 5426
143 379 233 438 875
677 369 766 424 DE
792 365 1065 425 CHRISTI
1095 357 1468 420 TRIUIIPIIIS
1497 354 1679 411 APUD
1713 350 1992 408 ITALIAM
2031 348 2211 404 LIBRI
2246 346 2383 403 XIV.
2424 378 2491 388 —
2520 347 2649 402 LIB.
2680 345 2816 401 XIV.
2999 383 3002 386 .
3248 337 3352 396 ιιι

149 498 208 551 Se
233 491 562 560 obstringunt
607 482 836 542 Domino
870 501 882 536 :
933 491 1109 538 mater
1154 489 1388 535 turmam
1432 479 1687 547 aggregat
1712 473 1762 532 Δ
1859 466 2117 523 Adversis
2143 463 2308 520 etiam
2331 458 2418 560 ille
2447 463 2639 527 bonus,
2675 460 2938 560 saevisque
2963 459 3228 560 benignus

1395 566 1614 639 [almam
1787 561 2086 630 Excipitur,
2114 557 2453 628 percussoris
2484 562 2753 609 tormenta
2787 552 3014 608 revincti

144 675 398 730 Caslarum
430 667 667 738 gaudens
694 663 949 719 comitum
978 677 1036 718 se
1063 662 1148 717 his
1176 675 1294 716 esse
1319 659 1578 715 sodalem.
1787 653 2026 710 Nesibus
2049 649 2276 704 internis
2308 648 2454 703 ferro
2485 653 2727 716 torpente
2751 644 2963 714 relapso

146 761 393 817 Suflicimr
419 735 565 811 Patri
595 754 965 818 Cramelenus,
994 761 1047 806 et
1077 753 1189 821 ipse
1210 749 1354 805 beati
1788 739 1990 812 checti
2014 743 2224 808 dextra,
2254 748 2380 795 ante
2414 738 2578 808 pedes
2606 738 2914 800 miseratus,
2945 735 3256 804 ademptum

145 848 344 908 Ahbatis
376 847 660 917 splendore
686 846 844 899 datus
869 845 1096 897 devotus
1121 841 1316 904 amori,
1789 837 2097 892 Darmonico
2126 834 2376 888 redhibet
2397 831 2586 885 virtuti
2614 829 2936 896 animusque
2964 826 3150 881 furori.

145 939 356 996 Instituit
377 945 574 991 cretum
605 934 784 989 Patris
809 932 967 1000 huius
989 931 1228 1002 regmine
1256 929 1484 985 cultum.
1790 928 1959 983 Obvia
1988 928 2070 980 bis
2097 926 2224 982 sasvi
2250 924 2524 996 quondam
2554 930 2672 976 atro
2702 920 2916 974 ﬂamine
2944 919 3089 988 pleni

205 1032 426 1102 Inclytus
458 1029 558 1083 iste
587 1029 748 1082 Pater
772 1025 1058 1096 probitatis
1080 1040 1301 1079 munere
1323 1023 1530 1094 pollens
1793 1019 1899 1074 Ora
1929 1020 2099 1073 tulere
2121 1017 2242 1080 viri,
2270 1031 2431 1087 prece
2459 1030 2582 1069 mox
2603 1028 2738 1082 quos
2770 1011 2856 1067 ille
2879 1011 3127 1064 redemit.

145 1126 296 1193 Quam
323 1121 556 1191 locuples
587 1135 810 1189 operum
835 1119 992 1184 vixit,
1021 1133 1181 1187 quam
1217 1119 1352 1172 lucis
1391 1115 1692 1182 abundans,
1794 1109 1987 1166 Vexati
2024 1110 2211 1164 rabida
2241 1109 2463 1162 veniunt
2489 1107 2559 1159 ita
2581 1105 2818 1174 quinque
2850 1103 3122 1173 phrenesi,

145 1214 347 1271 Afﬂictis
370 1214 607 1281 impensa
639 1213 833 1267 docent
860 1210 1120 1265 solamina
1147 1209 1362 1265 crebra.
1795 1201 1924 1256 Ilico
1945 1203 2069 1271 quis
2092 1202 2297 1270 praebet
2324 1199 2476 1270 pulsa
2499 1212 2712 1266 quoque
2738 1204 2887 1264 peste
2907 1194 3134 1248 salutem

147 1303 548 1372 'I‘lteudegisolus
575 1303 676 1356 hoc
702 1303 872 1372 digito
899 1303 1000 1357 sibi
1035 1301 1173 1356 falce
1201 1299 1377 1354 reciso
1799 1294 1890 1349 Sic
1919 1294 2063 1348 Patri
2086 1284 2340 1362 juvenem
2363 1291 2551 1360 viginti
2581 1288 2814 1342 millibus
2839 1297 3018 1340 actum

145 1392 395 1460 Comperit
424 1391 517 1455 ³⁸⁸,
553 1391 832 1461 excipiens
856 1391 1092 1446 subitam
1129 1391 1435 1444 medicante
1465 1388 1697 1442 salutem
1798 1387 2030 1442 Currere
2057 1384 2262 1456 pernici
2287 1382 2520 1438 volucris
2550 1380 2747 1433 virtute
2768 1378 3008 1447 chelydri
3038 1376 3108 1408 3"

148 1483 240 1539 Ore
264 1482 456 1545 Patris,
484 1481 598 1536 fusa
628 1481 795 1552 plaga:
818 1498 915 1552 per
937 1493 1119 1552 aperta
1142 1481 1312 1535 saliva
1339 1499 1352 1534 :
1800 1478 2060 1534 Restituit
2090 1476 2345 1547 precibus
2374 1476 2540 1528 ﬁxum
2570 1471 2814 1539 vatisque
2843 1477 3141 1538 receptum.

149 1576 341 1631 Fortior
363 1583 420 1629 et
441 1583 676 1644 emptum
707 1581 957 1644 repetens
985 1574 1102 1628 sine
1124 1572 1246 1627 labe
1274 1572 1534 1638 laborem,
1801 1569 1974 1626 Mater
2003 1571 2130 1624 item
2155 1584 2280 1624 eum
2314 1566 2466 1637 prole
2493 1565 2598 1618 ruit
2628 1565 2730 1617 hac
2759 1562 2879 1616 labe
2909 1563 3128 1622 referta,

151 1667 366 1722 Membro
391 1666 702 1722 crediderat
729 1666 872 1736 quod
899 1681 958 1720 se
980 1665 1226 1720 amisisse
1256 1674 1498 1732 recepto.
1801 1661 1913 1717 Nec
1940 1675 2114 1725 mora,
2139 1666 2400 1730 purgatas
2425 1656 2629 1726 pariter
2652 1653 2814 1707 Pater
2841 1652 2944 1706 iste
2972 1650 3216 1704 remittit.

150 1759 244 1814 Nec
269 1759 446 1814 minus
479 1759 708 1829 egregiae
739 1755 1056 1829 perfunctus
1081 1756 1288 1810 honore
1322 1753 1543 1810 medela:
1733 1819 1773 1829 _
1807 1753 2005 1822 Sicque
2028 1751 2318 1806 Parisiacae
2338 1749 2608 1804 bacchans
2638 1746 2690 1800 in
2723 1745 2906 1800 limine
2927 1754 3116 1813 portzc,

149 1851 407 1906 Pernicem
435 1849 708 1918 conquirit
736 1863 894 1918 opem
924 1848 1201 1916 cladisque
1231 1847 1475 1901 levamen
1730 1819 1780 1882 Β
1807 1843 2032 1914 Hucque
2081 1843 2266 1898 venire
2307 1853 2563 1910 querens,
2610 1838 2818 1892 intrastis
2865 1836 2969 1892 sibi
3010 1835 3234 1890 vocibus
3287 1833 3386 1890 ho-

149 1939 252 1996 Otia
279 1949 515 1996 sectatus
538 1940 722 1994 senior
748 1937 1005 1994 Winocus
1035 1946 1280 2007 agreste,
3046 1929 3205 1999 [stem
3243 1926 3316 1960 ⁸⁸⁸

151 2029 268 2083 Dum
300 2029 532 2082 miratur
559 2038 694 2095 opus
723 2025 944 2080 Patrum
967 2024 1205 2080 Terrena
1229 2031 1535 2097 gerentum,
1806 2027 1986 2098 Atque
2016 2023 2112 2082 Dei
2142 2021 2401 2081 famulum
2429 2021 2646 2094 vulgato
2671 2021 2892 2076 nomine
2923 2021 3186 2091 prodens:

151 2117 438 2187 Ililitiznque
463 2118 610 2171 viros
631 2130 839 2184 supera:
860 2116 1058 2170 sudare
1082 2114 1266 2170 labore

1809 2101 2065 2175 Fortibu's
2097 2117 2339 2188 imperiis
2361 2116 2494 2171 diris
2522 2114 2647 2169 dum
2679 2113 2884 2168 viribus
2905 2114 3106 2174 obstat,

149 2208 396 2277 Adstupet
422 2206 708 2276 agricolze;
745 2220 921 2261 cuneo
946 2207 1174 2262 saliente
1194 2205 1398 2276 petitus

1811 2211 1918 2267 Ore
1947 2226 2165 2264 manum
2193 2208 2338 2278 capit
2357 2207 2611 2270 innocuo,
2641 2203 2928 2274 linguaque
2963 2217 3208 2272 repressa

150 2298 346 2354 Frontis
368 2306 557 2369 aperta
582 2297 769 2368 gemit,
797 2297 1024 2368 fusoque
1049 2312 1243 2352 cruore
1266 2293 1549 2350 madescit.
1811 2301 2046 2356 Almiiici
2072 2300 2277 2370 digitis,
2302 2295 2486 2367 jussus
2516 2299 2709 2351 {tmere
2735 2306 2994 2364 sequente

151 2387 211 2443 At
233 2391 496 2445 miserans
526 2390 684 2444 Pater
715 2403 992 2462 angorem,
1015 2389 1368 2457 celeransque
1388 2386 1673 2455 juvamen,
1815 2392 2102 2461 Sulphuris
2123 2391 2322 2445 Etnaai
2351 2388 2601 2444 aﬂ'ectum
2628 2389 2974 2455 lacerumque
2997 2385 3269 2456 relinquit.

153 2477 300 2548 Inque
321 2479 530 2534 cubans
553 2480 714 2544 votis,
741 2491 996 2549 properat
1016 2473 1248 2547 purgare
1271 2477 1481 2542 salivis,

1815 2481 2080 2550 Tempore
2099 2482 2204 2547 iam
2236 2481 2402 2535 multo
2423 2480 2647 2535 thbei
2677 2479 2916 2532 muneris
2943 2495 3135 2548 expers

150 2570 351 2642 Oreque
381 2586 736 2640 conspersum
771 2570 946 2625 reddit
969 2579 1091 2640 post
1119 2579 1274 2639 sputa
1304 2569 1530 2638 piatum.
1817 2573 2040 2643 Hospite
2068 2573 2306 2628 clarifico
2334 2572 2612 2626 rutilantia
2643 2571 2781 2625 dona
2811 2571 3056 2624 resumit.

153 2661 381 2733 Dumque
408 2663 601 2718 fovens
631 2661 772 2716 facili
799 2676 1000 2716 saevum
1029 2660 1152 2714 linit
1181 2660 1424 2730 unguine
1456 2657 1676 2723 vulnus,
1819 2665 2248 2735 Frustr-musque
2276 2665 2368 2720 diu
2397 2672 2652 2719 revocato
2673 2663 2875 2716 lumine
2900 2663 3116 2732 gaudet,

151 2753 327 2820 Curat,
361 2756 564 2824 vixque
589 2753 904 2809 cicatricum
930 2752 1151 2823 vestigia
1176 2760 1388 2816 servat,

1819 2757 1938 2829 Ipse
1963 2759 2278 2829 peregrinus
2301 2757 2642 2826 peregrinum
2674 2762 2732 2808 ut
2754 2755 2956 2809 lumine
2982 2761 3181 2823 captat.

154 2843 452 2900 Salviiicum
484 2844 647 2914 digno
670 2836 759 2899 hic
786 2852 1024 2900 sectatus
1054 2844 1268 2897 tramite
1300 2843 1536 2896 Patrem.

1891 2849 1994 2905 llic
2028 2851 2110 2904 vir
2135 2847 2453 2920 praepollens
2473 2846 2782 2916 Christique
2820 2846 3077 2902 Columba
3121 2845 3399 2919 renidens,

213 2934 494 2990 Frumenti
529 2934 673 2990 dolet
691 2950 930 2989 aerumna
961 2935 1294 2990 fraccescere
1321 2934 1389 2965 ³⁵⁵
1420 2934 1643 2998 fratres,

1822 2943 2051 2998 Lumine
2072 2957 2234 3011 quam
2265 2941 2442 2996 clarus
2465 2940 2771 3008 superoque
2803 2939 2976 2995 nitore
3000 2955 3258 2995 coruscus

153 3023 441 3081 Sollicitum
471 3025 596 3081 ﬁdis
625 3027 876 3081 comitem
901 3023 1064 3080 Pater
1098 3026 1256 3096 erigit
1281 3025 1422 3080 orsis
1447 3043 1459 3078 :

1824 3033 2078 3097 Fulserit,
2111 3033 2406 3086 innumeris
2426 3031 2686 3085 radiantia
2709 3031 2945 3085 culmina
2967 3031 3123 3086 donis

157 3117 262 3220 Eon
286 3120 456 3190 linqui
479 3120 714 3220 justum:
737 3118 981 3174 subolem
1017 3133 1119 3172 nec
1144 3134 1388 3188 Quaerere
1413 3133 1626 3186 itane-I-
1753 3156 1800 3220 c
1837 3127 2101 3180 Virtutum
2126 3133 2398 3194 retegunt,
2421 3123 2772 3192 volucresque
2800 3124 3033 3192 ferteque
3058 3122 3352 3192 loquuntur

156 3206 314 3263 Dictis
333 3217 464 3264 vota
495 3207 655 3263 fidem
691 3205 914 3271 faciunt,
952 3221 1121 3260 vacua
1146 3207 1341 3261 horrea
1365 3207 1479 3262 solo
1757 3205 1799 3220 ν
1832 3210 2167 3273 Saltibus-"6'
2196 3216 2404 3280 acciuc,
2430 3211 2939 3284 nisuque‘adulante
2962 3226 3213 3285 receptae.

156 3297 424 3371 Largitorc
453 3300 568 3354 Deo
595 3299 735 3354 facili
761 3300 959 3353 virtute
982 3297 1274 3367 replentur.

1834 3311 1916 3365 An
1941 3325 2045 3364 non
2079 3309 2192 3363 hzec
2220 3308 2288 3348 ³⁸⁸
2318 3307 2462 3362 furto
2491 3322 2686 3362 corvus
2711 3307 2971 3361 clamasse
2993 3307 3194 3374 relato,

156 3390 258 3445 Nox
283 3395 456 3449 subiit
482 3402 677 3457 totum,
705 3399 886 3446 vector
913 3391 1016 3444 nisi
1050 3405 1207 3445 nemo
1231 3399 1473 3459 repertus

1833 3403 2156 3471 Iumerlique
2187 3410 2424 3456 tremens
2448 3400 2597 3455 visus
2628 3409 2836 3456 terrere
2857 3401 3123 3469 potentis,

155 3480 405 3539 (ῖοηάίιοτ
433 3485 756 3548 immensus.
785 3482 930 3551 Ῑίὶνὸετ
955 3482 1087 3536 dans
1110 3481 1357 3533 οηιηίδιιε
1383 3497 1540 3533 um“-
1834 3495 2066 3562 Pergere
2094 3493 2145 3546 ni
2163 3492 2350 3560 jussus
2380 3500 2499 3561 post
2531 3492 2741 3546 reddita
2778 3493 2970 3544 damna
2989 3531 3005 3556 ,
3032 3506 3132 3547 nec
3154 3491 3349 3548 ausus?

159 3571 240 3631 ξε
263 3575 546 3656 lin-Pnda"?
578 3573 761 3637 KlPJtns
790 3584 964 3634 rastro
985 3570 1311 3634 Sﬂt'it‘nlilttts
1339 3576 1589 3638 ειύὸείιῐιεν
1838 3585 2008 3640 Ursus
2033 3599 2100 3637 an
2129 3583 2344 3637 insolito
2371 3584 2560 3636 reboat
2584 3597 2690 3634 non
2723 3582 2822 3636 ista
2857 3597 3056 3650 pavore

156 3675 440 3747 δειιιεῖηιθ
463 3675 623 3746 Ῑῖὼθί
646 3674 978 3746 εθηιῑηοτυηι
1004 3687 1058 3725 ηι
1078 3685 1226 3724 "lem
1254 3681 1448 3738 Panum
1837 3678 1954 3733 Jam
1984 3675 2260 3746 przelibata
2291 3675 2454 3728 verbo
2483 3672 2738 3742 depulsus
2763 3676 2830 3726 ab
2863 3687 3018 3740 esca,

155 3768 281 3822 Cum
311 3779 476 3838 potus
503 3767 644 3838 quod
675 3779 897 3835 parvum
929 3762 1117 3817 aderat
1147 3758 1409 3815 solamine
1451 3755 1603 3810 ferri.

1493 3756 1603 3810 :rri.
1840 3769 2080 3838 Tergora
2107 3766 2338 3821 cervina:
2359 3779 2584 3820 servans
2613 3763 2778 3818 illazsa
2812 3765 3036 3833 rapinas,

157 3860 418 3916 Mirantur
447 3859 689 3916 crevisse
719 3857 883 3926 dapes
908 3851 1254 3908 vescentibus
1283 3850 1387 3904 illis

1840 3860 1907 3915 Et
1928 3858 2195 3913 famulans
2215 3857 2417 3912 sanctis
2443 3864 2751 3911 sanctorum
2775 3856 2842 3910 ad
2871 3857 3149 3912 commoda
3173 3855 3372 3925 jussis?

157 3949 444 4018 Ruricolae,
479 3950 809 4021 dUplumque
837 3955 1014 4016 stupet
1044 3944 1237 4013 legisse
1266 3941 1334 3973 “°
1367 3940 1610 3996 minister

1842 3951 1952 4006 Nec
1973 3950 2118 4005 solus
2141 3958 2295 4004 notat
2319 3949 2434 4004 haec
2458 3948 2610 4003 testis
2639 3947 2728 4013 “’,
2760 3949 2970 4004 diversa
3002 3949 3251 4005 feruntur

156 4041 408 4097 Convivis
440 4041 669 4106 saturis,
693 4054 938 4095 escarum
962 4045 1016 4091 et
1045 4037 1229 4090 fenora
1257 4044 1436 4102 potus.
1842 4041 1959 4098 Huc
1984 4051 2213 4096 attracta
2240 4041 2400 4096 olidis
2419 4040 2487 4074 ³η
2515 4041 2808 4095 animantia
2832 4079 2846 4105 ,
2869 4055 3000 4094 nare
3024 4042 3203 4112 sagaci

221 4133 331 4189 Nec
359 4128 544 4189 solum
572 4131 817 4202 proprios
839 4126 1077 4185 clemens
1104 4128 1176 4183 ita
1203 4135 1382 4182 servat
1415 4126 1662 4180 alumnos
1687 4143 1700 4179 :
1843 4133 2076 4189 Nutibus
2102 4144 2263 4202 atque
2296 4133 2510 4202 repulsa
2534 4132 2741 4199 Patris;
2775 4133 2902 4187 dum
2928 4133 3065 4202 pelle
3092 4134 3303 4190 revulsa

159 4225 290 4290 00in
313 4224 599 4281 succurrit
626 4233 680 4278 ει
709 4221 984 4287 extemis.
1017 4230 1071 4276 el
1096 4218 1307 4274 Vincula
1338 4219 1498 4273 δοινίι
1844 4226 2044 4282 Pabula
2076 4226 2333 4280 nudatum
2365 4224 2562 4279 sinitur
2586 4234 2841 4294 praestare
2859 4225 3112 4281 cadaver.

157 4315 428 4382 JEtheria,
455 4325 608 4370 tactu
633 4313 816 4368 famuli
849 4313 1081 4368 contrita
1107 4312 1364 4367 fatiscunt
1847 4318 1954 4374 Sed
1977 4334 2075 4373 nec
2101 4315 2347 4373 dissimili
2379 4317 2584 4387 regitur
2617 4317 3007 4384 moderamine,
3037 4317 3212 4387 pomis
3437 4325 3448 4397 ξ

158 4408 233 4462 Ad
256 4409 479 4477 jussum
512 4422 622 4462 aera
652 4407 845 4470 Patris,
871 4405 1145 4460 velluntur
1171 4405 1236 4436 ³⁶¹
1270 4403 1500 4458 crimina
1536 4401 1714 4457 iantes
1849 4410 1950 4478 Qui
1983 4425 2079 4480 per
2110 4409 2432 4477 discipulum
2460 4409 2629 4463 cessis
2657 4407 2904 4463 insistere
2924 4423 3123 4479 parens
3434 4407 3446 4430 δ

159 4498 226 4554 Se
248 4509 588 4571 purgaturos
618 4499 868 4569 laerymis
882 4499 994 4568 jam
1020 4507 1211 4569 sponte
1235 4498 1477 4552 Iitandis.
1776 4491 1823 4551 D
1852 4503 2081 4556 Parcere
2103 4502 2204 4556 scit
2229 4501 2428 4566 vetitis,
2455 4509 2736 4569 cessatque
2758 4501 2965 4555 inhiare
2988 4499 3213 4570 rapinis.

162 4590 398 4649 Nexibus
425 4593 646 4648 eductis
669 4594 736 4625 ³⁶’
767 4593 929 4659 lavat,
964 4609 1024 4648 ac
1052 4593 1273 4662 Vestigia
1301 4594 1479 4664 tergit,
1863 4590 2046 4648 Vivere
2068 4593 2299 4647 decretis
2327 4594 2417 4658 "",
2447 4594 2695 4661 escisque
2726 4593 2987 4647 absistere
3008 4596 3176 4662 partis
3202 4593 3294 4644 ³⁷⁸.

161 4683 224 4736 Et
249 4684 376 4739 lotis
408 4685 529 4755 agit
559 4683 862 4744 ecclesiam.
890 4683 983 4738 sed
1007 4683 1191 4738 limine
1213 4683 1397 4739 clauso
1925 4684 2096 4750 Quam
2121 4685 2317 4738 virtute
2338 4694 2528 4753 patens
2550 4685 2695 4740 verbi
2718 4700 2878 4754 quam
2905 4684 3138 4740 culmine
3167 4692 3430 4755 praestans

162 4772 272 4830 Non
303 4785 464 4847 patet
495 4775 751 4830 introitus
775 4776 1017 4845 trepidis,
1033 4773 1362 4844 jamjamque
1381 4787 1680 4844 pmpmquo
1856 4774 1955 4830 llic
1986 4776 2146 4829 Pater
2178 4777 2389 4838 enituit,
2420 4784 2473 4831 et
2488 4776 2639 4845 jussa
2666 4785 2720 4833 et
2750 4776 2889 4831 facta
2915 4778 3213 4849 resignant.

164 4867 390 4937 Agmine
419 4865 719 4922 custodum
740 4877 1076 4936 repetentem
1103 4867 1169 4920 ad
1197 4869 1426 4920 tormina
1457 4876 1640 4935 raptos
1661 4865 1750 4918 ³⁸³.
1856 4867 1911 4922 Id
1938 4882 2151 4936 quoque
2178 4876 2451 4922 castorum
2477 4870 2675 4940 retegit
2703 4868 2994 4925 famulatus
3029 4870 3303 4925 alumnum

163 4955 394 5015 Vincula
431 4958 536 5029 qui
557 4955 746 5026 jussis,
775 4960 1025 5029 precibus
1053 4973 1267 5027 quoque
1297 4957 1480 5010 limina
1514 4957 1716 5024 pandit,
1859 4958 1926 5013 Et
1951 4960 2220 5028 quondam
2245 4958 2424 5028 liquor
2442 4959 2672 5016 emissus
2693 4961 2986 5016 famulante
3007 4963 3226 5023 cliente.

166 5049 540 5121 Claustraque
569 5063 691 5103 cum
726 5050 863 5104 votis
889 5059 1096 5104 reserat
1122 5048 1437 5102 nutantibus
1459 5048 1648 5117 a-gris,
1861 5048 1968 5104 Nec
1997 5060 2172 5105 tamen
2199 5049 2401 5104 ell‘usus
2421 5053 2722 5120 pervadens
2750 5053 2984 5108 claustra
3008 5067 3220 5110 coronze

167 5143 241 5196 Ac
265 5141 436 5198 simul
469 5139 744 5208 ingressis
771 5141 943 5195 solitis
973 5140 1136 5195 struit
1159 5140 1298 5194 ostia
1325 5137 1510 5206 septis.
1863 5140 2082 5212 Spargit
2100 5141 2480 5208 humum,quin
2504 5142 2717 5200 insueto
2737 5145 2870 5214 petit
2891 5147 3111 5213 agmine
3132 5143 3202 5180 ⁸⁷³
3223 5143 3441 5197 caelum.

168 5231 378 5288 Clavier
407 5231 489 5264 ³⁸⁵
513 5231 639 5286 haec
662 5229 950 5301 hostesque
977 5245 1074 5285 suo
1106 5232 1311 5286 munita
1336 5229 1516 5298 vigore
1865 5231 2096 5287 Tcltitur
2146 5237 2201 5288 in
2263 5245 2492 5287 vacuum
2582 5234 2927 5303 duplicatque
2979 5233 3263 5292 cacumine
3321 5235 3451 5287 trul-

169 5323 226 5352 l‘t
243 5333 472 5352 ’ἠέ-κολα
537 5326 784 5352 main-nn.
1024 5321 1242 5352 ηηωῖαιη
1275 5328 1418 5352 .II'AE

3117 5323 3251 5352 fl...“
3284 5322 3353 5352 ³7⁸
