3908 5426
179 289 268 342 Si?
752 281 842 336 DE
867 281 1140 338 CHRISTI
1173 282 1546 340 TBIUMPIIIS
1573 283 1756 341 APUD
1795 256 2073 340 lTALlAM
2113 285 2290 342 LIBRI
2331 288 2468 346 XIV.
2508 318 2574 329 —
2606 287 2731 343 LIB.
2776 286 2908 345 VH".
3319 291 3423 349 878

179 398 285 452 Vim
309 407 550 464 superam
579 394 726 448 cives
749 394 850 463 ipsi
876 394 1110 449 renitere
1133 404 1360 462 tuentes,

177 487 291 556 Ejus
311 485 376 538 ab
410 479 591 554 aporia
628 483 696 514 ³⁸⁸
724 499 842 540 sese
870 498 1217 552 compescere
1240 494 1488 540 censent.

176 577 255 632 Ille
281 577 460 631 videns
483 592 540 631 se
570 575 716 630 nullo
751 575 875 646 angi
906 575 1149 638 custode,
1180 577 1377 630 reverti

174 669 244 724 Ad
267 671 382 723 data
410 676 592 722 castra
625 676 780 737 petit,
806 668 1075 736 mediique
1097 668 1148 720 in
1174 667 1284 721 sole
1314 669 1417 721 diei

175 759 491 830 Regreditur,
519 758 749 812 mediam
778 757 970 826 populo
991 768 1267 826 spectante
1290 773 1385 827 per
1405 758 1613 812 urbem.

232 849 332 904 Nec
355 864 501 903 mora
529 849 842 903 concutiunt
871 862 1123 916 proceres
1154 849 1266 901 lucc
1289 849 1476 901 nuntia
1504 848 1675 913 diros,

170 941 518 1010 lnstiganlque
549 940 740 994 initum
771 940 970 1010 passim
999 939 1277 993 cumulare
1302 939 1559 993 furerent.

169 1032 380 1103 Legatur
408 1032 600 1087 furiata
629 1035 824 1089 cohors
842 1033 1136 1088 comitante
1165 1034 1380 1086 tribuno

168 1122 357 1181 Vellere
377 1125 676 1189 ductorem,
703 1125 985 1193 exsiliique
1009 1124 1268 1178 reducere
1293 1123 1568 1179 mulctam.

167 1212 420 1268 Accedens
441 1211 746 1270 truculenta
773 1229 963 1268 manus
988 1222 1224 1267 ematur
1255 1213 1306 1266 in
1333 1229 1440 1267 uno
1466 1211 1560 1274 ’9‘,

168 1301 353 1358 Caetera
380 1302 743 1371 conspiciens,
759 1312 1080 1373 praesentem
1111 1302 1375 1370 quaeritet
1397 1300 1583 1354 ambit.

165 1392 445 1462 impingunt
476 1392 531 1444 in
554 1406 676 1445 eum
699 1392 944 1462 pedibus,
971 1391 1239 1446 velamine
1264 1399 1472 1445 vestem

165 1481 494 1552 Contingunt,
519 1497 579 1538 se
606 1492 921 1537 cernentem
951 1496 1126 1551 neque
1151 1490 1375 1537 eernere
1401 1489 1643 1551 possunt.

168 1571 290 1630 Sidit
311 1573 375 1606 ”’
399 1588 569 1630 ovans
595 1575 740 1629 inter
762 1574 958 1645 trepidi
983 1573 1142 1629 anxia
1181 1572 1349 1628 ﬂabra
1375 1573 1635 1629 tumultus

165 1669 256 1725 Sed
282 1671 432 1726 datur
459 1671 564 1727 hoc
588 1680 837 1740 spectare
857 1670 1002 1733 duci,
1028 1670 1119 1739 qui
1145 1668 1283 1724 forte
1308 1679 1566 1725 renutans

166 1761 372 1818 Venerat
395 1778 458 1818 ac
479 1763 692 1828 nolens,
728 1762 878 1818 solus
901 1762 1134 1818 tesidere
1170 1761 1442 1831 legentem

165 1855 212 1910 lu
235 1857 397 1914 medio
423 1858 574 1914 videt
597 1867 899 1920 errantum,
925 1856 1023 1911 sed
1051 1857 1284 1926 tegmine
1315 1855 1384 1886 ⁸⁸³
1405 1854 1608 1909 laetum.

164 1947 288 2015 Quos
324 1965 583 2007 revocans
611 1949 869 2021 repedare
890 1948 1064 2017 jubet,
1094 1947 1318 2018 regique
1355 1947 1560 2002 referre

164 2039 356 2096 Frustra
382 2042 594 2112 agitare
614 2042 792 2097 virum
819 2041 943 2096 divo
967 2041 1228 2095 tutamine
1254 2047 1480 2094 tectum.

165 2129 376 2187 lnfremit
396 2133 510 2190 haec
537 2133 781 2203 capiens,
811 2141 1077 2201 auctuque
1101 2130 1284 2185 furore
1318 2139 1578 2200 tyrannus

165 2221 447 2279 Accumulat
473 2223 782 2282 acinum...
829 2225 897 2279 ad
923 2223 1156 2295 pessima
1187 2221 1370 2291 legans

162 2311 375 2370 Crudelis
400 2317 635 2374 famulos
660 2317 972 2388 peragenda
1006 2315 1218 2386 negotia
1239 2314 1440 2383 iussos.

217 2404 520 2464 Psallentem
545 2419 698 2465 cetn
729 2408 1011 2464 inveniunt
1039 2407 1271 2476 stipante
1296 2420 1517 2471 canoro,

163 2493 304 2550 Exeat
329 2499 622 2563 insinuant,
652 2501 801 2556 venit
822 2515 929 2570 quo
955 2499 1176 2554 tramite
1204 2507 1418 2567 pergat.

164 2584 365 2645 Rennuit
389 2591 476 2647 ille
497 2606 693 2664 greges
719 2605 984 2661 carosque
1015 2590 1323 2659 relinquere
1347 2599 1522 2644 natos.

162 2675 374 2737 Lictores
399 2685 675 2753 utrimque
701 2683 865 2739 timor
892 2683 1179 2739 conturbat
1209 2690 1263 2736 et
1304 2682 1518 2744 horror,

162 2768 272 2827 Hinc
297 2775 432 2844 regis
459 2774 638 2841 furor,
661 2775 790 2830 hinc
817 2774 957 2830 tanti
987 2773 1287 2828 reverentia
1313 2771 1506 2826 Patris.

160 2857 470 2933 Compatiens
496 2868 629 2938 pius,
653 2866 893 2922 indultor
922 2866 1240 2922 discrimine
1266 2866 1452 2934 septis,

161 2950 434 3022 Egreditur,
464 2957 830 3014 lamentantes
853 2959 1186 3015 comitantur
1211 2957 1436 3020 alumni,

158 3039 318 3099 Avulsi
345 3046 565 3116 quidam
597 3048 745 3106 luctu
775 3050 987 3120 potiore
1014 3058 1288 3104 tenentur.

158 3129 248 3188 llos
267 3136 478 3194 solatori
508 3140 739 3195 Domino
769 3149 950 3196 tamen
980 3141 1068 3195 ille
1094 3139 1326 3194 tuendos

157 3221 398 3296 Allegans,
421 3229 652 3286 laudare
681 3241 866 3288 monet
895 3232 1011 3287 sine
1046 3231 1152 3286 (ine
1177 3231 1501 3294 Tonantem,

157 3301 367 3374 Altoreni
407 3322 664 3392 hancque
693 3332 904 3393 patrem
932 3323 1150 3377 valeant
1189 3333 1248 3377 ut
1295 3324 1498 3378 habere
1529 3321 1716 3374 foven-

1556 3411 1712 3482 [term

159 3497 354 3559 Ducitur
377 3505 592 3570 exsilio,
625 3505 875 3577 ferroque
904 3508 1109 3578 petitus
1137 3506 1286 3561 inani

160 3589 207 3646 Vi
237 3597 423 3666 tegitur
443 3613 663 3668 supera,
684 3609 905 3670 captum
927 3599 1230 3654 tortoribus
1252 3597 1322 3631 '9‘
1349 3599 1560 3652 hostem

156 3681 325 3755 Eripit,
349 3691 493 3745 hunc
523 3691 720 3760 priscae
740 3691 1030 3746 redhibens
1051 3690 1342 3760 pluresque
1367 3689 1548 3743 saluti.

155 3774 334 3834 Aﬂ‘atus
358 3795 577 3852 quoque
602 3782 901 3847 ductorem,
925 3798 1084 3851 quem
1111 3790 1332 3851 spernat
1359 3781 1580 3835 haberet

154 3864 295 3926 Ocius
322 3881 378 3928 ut
415 3875 834 3936 dominatorem,
873 3885 1190 3945 tempusque
1221 3872 1479 3942 resignat,

155 3958 381 4022 Lothario
408 3975 599 4023 careat
632 3967 872 4023 dominis
901 3967 1000 4022 sub
1032 3967 1272 4036 principe
1293 3964 1454 4020 caris.

211 4039 434 4115 Tandem
465 4067 629 4114 actus
658 4059 868 4130 Ligeris
886 4057 1080 4113 ﬂuctus
1101 4057 1214 4126 jam
1247 4057 1407 4111 lintre
1432 4054 1614 4111 subire

152 4142 431 4220 Oceanique
452 4153 722 4222 petiturus
752 4160 1060 4222 pervertere
1079 4165 1322 4220 campos,

155 4236 266 4294 Dum
287 4241 428 4300 lento
448 4244 519 4276 ⁸³⁸
543 4246 806 4314 scapham
839 4246 1074 4299 subeunt
1104 4243 1377 4297 molimine
1408 4240 1633 4306 fratres,

153 4328 407 4403 Egregium
435 4338 612 4393 sancti
645 4339 898 4393 comitem
923 4338 1244 4408 cognomine
1271 4336 1440 4390 Luam

152 4416 418 4482 Custodum
449 4444 603 4486 remo
632 4431 853 4500 quidam
881 4430 1280 4484 audacissimus
1315 4428 1498 4482 haurit
1525 4426 1616 4478 m.

155 4507 371 4585 Increpat
392 4529 634 4576 atrocem
664 4523 858 4578 ductor
899 4523 966 4554 "7
996 4537 1093 4591 pro
1119 4521 1349 4577 crimine
1378 4520 1616 4589 dignam,

156 4598 378 4665 Praecinit
398 4620 456 4666 et
479 4611 700 4667 Christo
731 4613 986 4667 luiturum
1016 4613 1227 4666 vindice
1255 4611 1497 4664 multato.

157 4689 350 4754 Famina
378 4700 487 4757 lata
514 4718 751 4772 sequens
778 4703 913 4759 certi
941 4703 1133 4772 probat
1159 4700 1289 4755 ultio
1310 4699 1446 4752 vatis
1475 4714 1489 4750 :

156 4782 355 4859 Moxque
378 4794 706 4850 revisentem
725 4804 941 4864 portum
971 4801 1126 4847 vorat
1152 4796 1302 4848 unda‘
1323 4799 1652 4860 protervum.

155 4872 218 4928 Αε
239 4878 350 4945 pius
372 4882 634 4941 arradens
659 4883 893 4939 ﬂuvialia
918 4895 1067 4951 terga
1095 4885 1307 4946 carina,

158 4961 316 5028 Sicubi
339 4984 600 5043 metatur,
630 4976 814 5049 pronis
842 4976 944 5032 fert
967 4975 1170 5029 lumina
1199 4973 1374 5038 caecis,

1743 3089 1786 3153 C

1741 4423 1793 4481 ι)

1759 405 1811 463 Α
1841 395 2066 450 Horrida
2096 399 2378 466 spirituum
2413 401 2628 471 depellit
2659 411 2898 455 monstra
2935 403 3233 473 nigrorum.

1907 487 2086 556 Puppe
2116 506 2306 542 secans
2331 492 2498 545 nntlas
2528 493 2727 546 Turoni
2755 494 3022 548 delabitur
3047 496 3181 560 oris,

1836 575 2025 634 Visere
2065 595 2221 634 sacra
2260 581 2441 634 volens
2478 582 2691 635 Martini
2725 586 2992 640 avertitur
3026 586 3169 649 aula,

1832 667 1965 721 Cum
1998 685 2229 724 interore
2259 684 2479 740 gemens
2515 674 2651 726 votis
2681 685 2893 742 portum
2950 677 3161 732 obtinet
3190 678 3312 736 imis
3344 698 3358 735 :

1834 757 2019 812 Remis
2044 768 2161 813 acta
2189 761 2362 814 avidis
2397 762 2679 816 moderans
2710 779 2767 817 se
2797 766 2993 834 scapha
3026 769 3250 833 resistit,

1833 849 1995 902 Arma
2021 851 2417 919 gubernantum
2444 863 2628 923 spreto
2657 865 2866 910 rectore
2910 859 3271 928 triumphans,

1831 933 2036 993 Littora
2066 951 2258 1012 sponte
2285 953 2475 1013 petens
2502 944 2605 999 fert
2638 947 2805 1000 invito
2831 963 2960 1001 arva
2991 950 3267 1018 magistro.

1837 1031 2051 1086 Ductori
2084 1049 2278 1104 supero
2307 1045 2487 1106 grates
2512 1039 2633 1108 pius
2657 1039 2863 1094 advena
2895 1057 3132 1112 pangens

1833 1121 2053 1192 Templa
2084 1134 2268 1194 optata
2294 1128 2460 1190 subit,
2486 1132 2690 1184 sanctis
2719 1140 2931 1186 noctem
2957 1135 3195 1191 excubat
3220 1138 3350 1205 aris,

1834 1211 2009 1280 Seque
2037 1228 2271 1285 suosque
2303 1215 2412 1272 Deo
2438 1217 2652 1274 Martini
2685 1235 2907 1276 munere
2931 1222 3137 1294 legans,

1832 1299 1972 1371 Papa
2007 1303 2152 1373 (2H)
2184 1302 2447 1375 Lenpario
2469 1309 2713 1363 convivia
2751 1310 2887 1365 inire
2913 1321 3151 1383 rogatus.

1830 1388 2162 1460 Obsequitur
2188 1396 2348 1451 sociis
2373 1414 2571 1454 curans
2598 1398 2840 1456 relevare
2872 1402 3133 1471 dolorem,

1830 1480 2320 1554 Prandendumque
2349 1487 2488 1540 inter
2517 1489 2785 1559 replicans
2825 1493 3042 1546 oracula
3073 1494 3274 1562 ﬁrmat,

1831 1573 2108 1630 Pulsorem
2137 1577 2310 1632 fuerat
2337 1594 2456 1649 qua:
2475 1579 2586 1648 jam
2610 1581 2880 1650 .jaculatus
2915 1585 2967 1639 in
2997 1586 3203 1642 hostem
3233 1603 3254 1642 ~:

1830 1666 1968 1721 Ante
1995 1669 2287 1726 triennales
2317 1688 2620 1728 memorans
2661 1672 2980 1746 Hyperionis
3011 1679 3082 1710 m
3108 1682 3268 1735 orbes

1755 1753 1801 1814 Β
1829 1755 1959 1810 Cum
1996 1759 2139 1813 natis
2169 1762 2371 1830 pariter
2406 1764 2671 1818 ruiturum
2702 1767 3114 1824 Theodericum.

1829 1845 1968 1902 llinc
1995 1863 2185 1904 navem
2216 1862 2465 1924 repetens
2489 1854 2686 1910 fratres
2713 1872 2910 1927 angore
2940 1861 3111 1916 teneri

1827 1933 2054 2002 Invenit,
2083 1941 2365 1996 addiscens
2391 1942 2591 1998 furtum
2617 1947 2848 2018 caligine
2874 1950 2942 1981 ³⁹⁹
2967 1965 3176 2019 passos.

1828 2023 1939 2080 Nec
1966 2043 2136 2093 mora,
2171 2028 2386 2085 Martini
2413 2031 2680 2100 jacturam
2713 2020 2938 2104 questus
2965 2039 3031 2092 ad
3063 2056 3255 2098 urnam

1829 2113 2172 2184 “egreditur,
2196 2136 2299 2173 non
2327 2135 2384 2175 se
2415 2123 2502 2176 hic
2527 2123 2780 2194 vigilasse
2811 2126 3012 2182 fatetur

1826 2203 1920 2262 ille
1952 2223 2080 2262 suos
2111 2211 2319 2268 sineret
2349 2213 2583 2269 tolerare
2611 2225 2667 2267 ut
2695 2217 2894 2272 damna
2926 2221 3160 2276 sodales.

1825 2295 2142 2355 Concutitur
2167 2318 2287 2357 mox
2313 2304 2452 2359 latro
2480 2307 2628 2376 gravi
2657 2309 2935 2376 quatiente
2965 2310 3195 2382 ﬂagello,

1826 2391 2215 2466 Exclamatque
2242 2398 2417 2466 palam
2440 2415 2543 2469 qua
2577 2409 2717 2454 tecta
2750 2403 3075 2458 nomismata
3102 2406 3260 2466 celet.

1824 2483 2122 2542 Cernentes
2143 2490 2274 2544 socii
2297 2502 2548 2557 currunt,
2581 2493 2790 2549 sublata
2828 2497 3151 2564 rependunt,

1823 2575 2052 2648 Flagitio
2079 2583 2227 2649 parci
2260 2596 2507 2653 poscunt,
2537 2585 2763 2642 horrore
2791 2588 3130 2643 tremiscunt.

1825 2670 2067 2741 Rcmque
2094 2676 2269 2731 Patris
2298 2693 2422 2733 vere
2452 2689 2511 2734 ut
2545 2696 2754 2736 sacram
2782 2691 3016 2736 tractare
3042 2693 3358 2754 pavescant.

1822 2763 2016 2820 Omnia
2047 2770 2376 2838 pauperibus
2397 2772 2590 2843 largilo
2615 2790 2676 2828 ac
2706 2775 2846 2829 fet're
2867 2785 3058 2844 parato

1823 2855 2153 2926 lndiguoque
2183 2862 2358 2930 dapis,
2384 2866 2622 2920 coelestia
2654 2866 2791 2920 dona
2825 2866 3094 2933 feruntur,

1819 2946 2219 3021 Gratiftcusquc
2250 2956 2414 3025 capit,
2457 2968 2745 3028 pestesque
2766 2969 2821 3013 et
2845 2960 3006 3015 livida
3037 2962 3104 2993 ⁸⁰⁰
3135 2961 3306 3031 pellit.

1889 3039 2194 3109 Equoreas
2219 3046 2434 3101 tandem
2465 3047 2644 3119 Ligeri
2679 3049 2890 3104 delatus
2917 3050 2970 3106 in
2993 3067 3140 3117 oras,
3209 3111 3214 3116 _

1817 3128 1896 3183 Ad
1925 3133 2157 3200 patriam
2191 3136 2400 3202 revehi,
2427 3136 2811 3208 Oceanumque
2837 3140 3279 3211 subirejuhctnr.

1816 3221 2054 3278 Scottico
2083 3225 2236 3280 navis
2263 3227 2418 3280 adest
2447 3243 2566 3296 qua:
2595 3244 2684 3284 res
2723 3231 3055 3300 comitesque
3075 3233 3316 3302 capessit

1817 3313 1973 3368 Licta
1995 3314 2174 3376 Patris
2207 3317 2406 3388 refugae
2434 3322 2614 3374 nativa
2642 3322 2879 3377 revisere
2910 3339 3054 3377 rura.

1816 3405 2076 3476 Remigiis
2115 3409 2275 3478 igitur
2300 3411 2658 3483 zephyrisque
2682 3414 2985 3472 faventibus
3010 3425 3130 3468 acta

1815 3495 2000 3550 Findit
2031 3507 2178 3568 terga
2204 3501 2388 3565 maris,
2419 3501 2719 3572 ﬂuctusque
2747 3505 3010 3560 adnititur
3038 3507 3176 3564 alto:

1814 3587 1948 3642 Cum
1982 3590 2164 3643 subito
2192 3607 2343 3647 mare
2369 3594 2512 3649 nolle
2539 3596 2639 3650 viri
2673 3596 2942 3658 sentiscit,
2974 3582 3028 3652 et
3059 3600 3166 3654 imo

1815 3679 2084 3734 Exsiliens
2113 3681 2303 3753 pelago
2325 3684 2484 3737 saevis
2514 3687 2798 3742 conatibus
2826 3686 3029 3751 obstat,

1816 3768 2095 3824 Fluctibus
2124 3779 2285 3841 atque
2312 3774 2471 3827 ratim
2499 3775 2806 3844 propellens
2838 3777 3016 3833 reddit
3048 3778 3249 3834 arenis.

1816 3858 2029 3914 Cmrula
2053 3861 2357 3918 subdueens
2378 3865 2590 3935 retegit,
2620 3867 2896 3937 siccatque
2925 3867 3190 3930 carinam.

1815 3948 2218 4021 Collectumqne
2248 3953 2350 4007 sibi
2379 3953 2575 4010 finibus
2598 3957 2891 4026 requiescit
2921 3956 3152 4016 adactis.

1818 4039 2021 4096 Sistere
2053 4042 2132 4096 sic
2164 4043 2336 4098 triduo
2357 4059 2554 4114 cogens
2580 4048 2695 4102 sine
2717 4050 2930 4120 gurgite
2956 4051 3212 4107 cumbam

1816 4130 2082 4187 Nauclero
2110 4142 2369 4190 cernente
2391 4135 2484 4190 Dei
2511 4151 2619 4206 quo
2639 4139 2858 4194 numina
2885 4155 3016 4197 casu

1817 4222 1927 4279 Res
1954 4225 2127 4280 Patris
2155 4227 2441 4294 exhausta,
2469 4229 2753 4298 sociosque
2783 4247 2814 4286 a
2838 4247 3014 4303 puppe
3037 4230 3288 4287 remittit.

1815 4315 2061 4387 Aﬁquora
2087 4333 2209 4373 mox
2245 4320 2463 4386 adsunt,
2493 4332 2892 4395 properantqne
2917 4338 3198 4382 resumere
3230 4323 3332 4376 line

3145 4418 3331 4489 Intern,
3420 4425 3425 4428 ’

1815 4503 2136 4574 Optatisque
2165 4504 2370 4559 vehunt
2396 4505 2490 4575 per
2516 4506 2675 4576 plana
2698 4506 2955 4576 liquentia
2978 4507 3184 4572 ﬂabris,

1817 4593 2126 4650 Laudantes
2146 4595 2400 4665 placitum
2442 4599 2620 4651 cuncti
2649 4597 2903 4667 pneferre
2929 4599 3212 4665 Tonantis,

1816 4689 2000 4743 Mirari
2033 4689 2253 4753 factum,
2307 4699 2483 4744 vatem
2514 4705 2621 4760 quo
2647 4692 2806 4746 vellet
2827 4691 2979 4746 abire

1818 4779 2030 4834 Mittere
2056 4788 2248 4850 sponte
2274 4782 2453 4844 suum,
2486 4779 2748 4835 famulatu
2779 4781 3078 4852 opibusque
3105 4781 3302 4840 levare.

1888 4871 2082 4926 Missus
2118 4871 2357 4926 Letharii
2387 4872 2631 4928 devotam
2655 4875 2914 4945 competit
2947 4874 3144 4937 aulam,

1821 4961 1989 5028 Quem
2024 4978 2118 5018 rex
2148 4977 2341 5018 munus
2366 4977 2536 5018 ovans
2557 4979 2620 5018 ac
2647 4964 2692 5018 si
2725 4963 2947 5021 cmleste
2979 4977 3240 5039 receptat.

1113 5124 1410 5185 GLOSSIE
1453 5117 1903 5180 MARGINALES
1943 5115 2356 5172 MABILLONII.

184 5253 281 5336 κω
295 5254 517 5336 Ῐὲίυζῖξιο
587 5261 676 5336 ,³⁸⁸
709 5261 1052 5336 Columbano.

165 5325 230 5372 lii.
295 5325 766 5389 "77Columbanus,
842 5331 916 5363 '”
957 5326 1140 5402 solis.‘
1199 5332 1267 5364 ³⁰⁹
1303 5338 1482 5383 nocte.

1157 5263 1226 5295 ³³·
1256 5257 1472 5313 residet.
1553 5258 1626 5292 ³⁸³

1817 5290 1831 5304 .
1913 5252 1978 5284 m
2004 5268 2036 5307 ε
2066 5251 2419 5308 “monibus.
2496 5251 2567 5284 m
2607 5258 2793 5306 utoote
2833 5249 3010 5308 inviti.
3089 5252 3158 5286 ³³⁸
3201 5269 3392 5322 percu-

1576 5327 1644 5360 ⁸⁰⁰
1679 5327 1980 5382 dannoncs.
