3908 5426
481 408 585 466 879
1298 401 1690 462 mocosam
1728 400 2045 458 amoma
2074 394 2418 456 neneasrs
2453 392 2817 453 opuscvm
2838 376 3162 448 armaret.
3620 380 3715 440 est

474 522 707 593 Flagitat
734 526 791 574 ut
820 523 1033 572 maneat
1056 512 1282 587 (legendi
1312 516 1617 572 habitacula
1655 521 1897 586 praestat.
2082 533 2130 586 Α
2162 508 2372 565 Εαίιιιᾱί
2405 507 2627 571 nimium
2663 507 2899 575 suspirat
2928 505 3196 572 utrimque
3223 512 3489 591 eruerent.

476 613 714 684 Regibus
739 610 826 665 ille
860 623 1056 664 cavens
1076 608 1197 663 lites
1216 624 1439 678 augere,
1470 614 1705 671 recusat,
2157 600 2439 657 Pulsorem
2462 598 2531 630 ⁸η
2561 606 2748 653 contra
2794 604 2974 650 monet
3004 608 3232 647 exorare
3269 582 3512 646 minister
3537 605 3549 640 :

476 682 720 774 Increpat
754 715 1016 765 errorem,
1048 701 1187 770 regit
1218 708 1341 770 apte
1362 700 1603 770 regmiue
1635 713 1833 768 regem.
2156 692 2450 747 Consilium
2479 689 2639 744 Pater
2660 687 2918 743 insulsum
2953 694 3102 740 notat
3127 685 3370 754 improba
3402 682 3620 744 fassam,

536 795 758 869 interea
786 793 983 849 bellum
1012 793 1228 863 gemino
1256 792 1554 847 meditante
1585 802 1815 863 tyranno
2159 784 2293 839 Dum
2326 781 2497 853 magis
2520 779 2771 836 hostilem
2793 778 3048 833 decernat
3072 790 3257 830 amare
3293 773 3540 834 salutent,

477 866 725 941 Poscitur
748 884 1031 946 alterutro,
1069 891 1263 938 neutro
1290 897 1482 951 parere
1514 882 1738 952 jubetur
2157 873 2335 943 Atque
2365 884 2555 942 rogare
2591 872 2776 933 Deum,
2810 867 2961 935 cujus
2988 870 3103 923 lucc
3128 865 3262 922 bella
3292 864 3570 924 librantur,

478 980 591 1033 ltex
613 977 1025 1050 patrisimperiu
1047 975 1364 1044 ‘°‘,sccptra
1393 975 1672 1043 utriusque
1699 979 1969 1027 canuntur
1988 969 2058 1002 “‘
2159 963 2389 1018 Numine
2416 961 2507 1031 qui
2525 960 2669 1029 justa
2697 961 2937 1029 disponit
2974 960 3127 1014 lance
3151 956 3411 1012 duellum.

478 1046 646 1138 liujus
675 1046 1008 1137 regmiuibns
1028 1073 1181 1119 terna
1213 1064 1354 1117 intra
1387 1072 1627 1133 tempora
1658 1060 1838 1116 subdi.
2230 1052 2350 1108 Jam
2378 1053 2470 1122 qui
2495 1051 2758 1109 consultis
2792 1051 2969 1105 renuit
2993 1050 3198 1107 servire
3220 1046 3463 1118 benignis

475 1157 805 1229 Obsequitur
829 1156 1079 1226 princeps
1100 1153 1333 1216 monitis,
1377 1152 1588 1222 ﬁdoque
1615 1150 1788 1206 ﬁdelis
2162 1144 2335 1215 Terga
2364 1150 2517 1214 parat
2546 1142 2725 1209 fratri,
2757 1151 3052 1211 captusque
3077 1141 3319 1209 avia-que
3362 1141 3609 1193 subactus

478 1248 771 1317 Exspectat
800 1243 1065 1316 promissa
1095 1243 1297 1304 animo,
1335 1255 1458 1310 spes
1493 1239 1677 1310 ﬁgitur
1705 1239 1913 1301 :ethrte,
2162 1235 2322 1289 Ponit
2345 1234 2690 1305 gemmiferos
2713 1232 2961 1288 muliebri
2995 1231 3182 1287 forﬁce
3213 1230 3435 1286 crines:

478 1340 545 1394 Et
570 1338 781 1413 patiens
800 1342 980 1392 servat
1001 1335 1171 1389 donec
1192 1340 1314 1387 data
1346 1332 1581 1387 culmina
1613 1340 1813 1387 sumat.
2165 1327 2233 1381 Et
2261 1340 2380 1395 quae
2402 1341 2507 1380 non
2535 1324 2704 1382 voluit
2731 1324 2930 1380 Christi
2958 1324 3263 1379 substratus
3288 1320 3464 1375 amori

553 1406 841 1501 Applicitis
878 1425 1015 1479 vatis
1049 1424 1232 1486 sociis,
1265 1422 1454 1478 solatia
1480 1422 1640 1492 empti
2166 1417 2415 1481 Sumere,
2448 1416 2679 1472 ludibrio
2703 1424 3082 1487 praemonstrat
3105 1416 3257 1485 signa
3288 1425 3524 1470 coronae.

481 1517 610 1573 Fert
631 1518 780 1573 iteris
808 1516 878 1549 ⁶⁹³
906 1515 1112 1586 gelidas
1140 1528 1400 1584 superare
1436 1513 1740 1568 volentibus
1765 1510 1948 1581 Alpes.
2166 1508 2276 1564 Nec
2305 1523 2479 1572 mora,
2509 1516 2778 1563 mactatus
2805 1506 2957 1564 rabie
2982 1507 3255 1561 laceratur
3280 1504 3472 1575 hyeme
3494 1502 3559 1534 ‘"
3586 1518 3603 1555 :

481 1608 707 1676 Quaque
736 1606 883 1661 venit
902 1605 1063 1660 Pater
1091 1602 1363 1674 egregius,
1387 1601 1587 1656 virtute
1606 1608 1881 1664 coruscat,
2166 1598 2418 1655 Etherio
2446 1597 2613 1654 frater
2637 1598 2707 1630 ’⁵³⁸
2734 1606 2910 1653 taetus
2930 1598 3264 1654 consumitur
3293 1596 3437 1667 igne.

482 1698 709 1752 llorrida
742 1697 1020 1760 deturbat,
1042 1704 1258 1750 sacratu
1288 1693 1437 1747 mitia
1472 1691 1668 1746 ﬁrmat.
2168 1692 2345 1760 Atque
2376 1691 2449 1744 ita
2471 1687 2763 1744 Lotharius
2792 1704 3023 1745 cernens
3044 1689 3145 1745 sibi
3180 1697 3394 1758 sceptra
3418 1684 3595 1756 parari

480 1790 735 1846 Meldensi
760 1791 1010 1846 comitem
1037 1803 1097 1843 se
1122 1787 1491 1856 Cbagnericus
1518 1788 1586 1840 ab
1617 1783 1752 1839 urbe
2171 1782 2371 1839 Sancto
2395 1781 2537 1836 dicta
2566 1780 2897 1837 Columbano
2916 1782 3083 1847 subit,
3114 1796 3266 1836 arma
3293 1777 3597 1852 prehrmlit.

483 1882 635 1938 Ultro
655 1879 834 1955 oﬁ‘ert,
856 1881 1080 1951 ejusque
1109 1879 1258 1933 dicat
1290 1877 1593 1934 benedictio
1632 1886 1815 1929 natam
2099 1879 2144 1939 Β
2174 1874 2361 1930 Debita
2391 1887 2512 1928 cum
2547 1874 2742 1928 turmis
2764 1888 3063 1943 properans
3080 1873 3182 1929 sibi
3204 1887 3371 1944 regna
3394 1869 3634 1938 capessit.

480 1974 618 2028 Cutn
651 1971 858 2027 laribus
882 1968 1397 2042 BurguudoF-aram
1426 1968 1643 2023 Christo
1675 1964 1996 2036 iudole'jun-
2171 1966 2336 2035 Regis
2363 1964 2629 2021 adulterio
2654 1965 2890 2035 genitam
2921 1964 3065 2020 facili
3102 1965 3319 2035 agmine
3339 1961 3541 2033 prolem

1805 2056 1999 2128 ictam.
2170 2058 2303 2113 Cum
2325 2056 2592 2112 scelerum
2623 2056 2919 2112 ineentrice
2948 2058 3113 2127 capit,
3140 2064 3318 2121 necat,
3346 2054 3546 2123 exeipit
3569 2049 3691 2104 aula

482 2155 667 2231 Quam,
686 2160 841 2222 pater
868 2152 1035 2207 inﬁdo
1063 2159 1279 2206 tentans
1307 2149 1625 2205 abscindere
1645 2148 1789 2213 nisu,
2171 2149 2429 2203 Criminis
2452 2147 2697 2204 altricem
2721 2157 3020 2219 expostam,
3050 2157 3373 2217 vectamque
3394 2144 3594 2202 camelo

489 2244 714 2297 Lumine
749 2257 1060 2313 percussam
1094 2240 1438 2309 febribusque
1461 2250 1704 2295 extrema
1732 2238 2035 2293 trahentem
2171 2239 2451 2295 Indomitis
2478 2239 2704 2294 innectit
2729 2240 2902 2308 equis,
2931 2242 3057 2294 terit
3080 2241 3281 2309 impete
3305 2237 3494 2308 raptis.

488 2333 738 2403 Ingemit,
767 2327 1121 2401 Eustasioque
1149 2331 1284 2400 petit
1317 2331 1493 2385 Patris
1520 2329 1678 2399 hujus
1706 2329 1925 2384 alunmo
2175 2330 2268 2387 Sic
2292 2332 2372 2387 sic
2400 2330 2624 2387 veridici
2649 2331 2988 2400 complentur
3012 2331 3213 2386 famina
3246 2330 3421 2386 Vatis.

486 2426 709 2495 llospite
737 2432 990 2493 suscepto
1013 2424 1196 2477 sanari
1222 2432 1373 2493 peste
1404 2432 1635 2478 remota.
2246 2423 2387 2495 Ergo
2405 2421 2775 2478 Columbanus
2802 2423 2993 2494 pennis
3017 2423 3320 2492 animisque
3342 2421 3598 2478 columba?

487 2514 579 2571 Ile
612 2530 807 2587 rogans
847 2514 1009 2568 iterat
1031 2514 1102 2546 ⁸⁸³
1124 2522 1332 2579 votum,
1359 2512 1461 2569 fert
1488 2513 1615 2568 inde
1645 2511 1931 2577 medelam,
2176 2514 2362 2587 Regna
2390 2529 2622 2584 superna
2648 2523 2854 2585 petens,
2880 2512 3157 2570 Gallorum
3185 2512 3482 2569 transvolat
3507 2513 3668 2582 Alpes,

487 2611 604 2677 Quo
632 2614 912 2680 pergente,
950 2619 1139 2661 necem
1174 2605 1306 2677 legit
1329 2604 1401 2637 ⁸⁰⁸
1435 2605 1550 2660 ιιωο
1584 2619 1748 2675 quam
1787 2603 2041 2669 frangere
2176 2606 2470 2662 Ausoniam
2496 2606 2830 2676 ingrediens,
2857 2605 3092 2676 Agilulfo
3122 2620 3248 2676 rege
3276 2605 3530 2660 decenter

1776 2694 2038 2766 {pactum
2179 2698 2485 2768 Excipitur,
2502 2696 2725 2752 subiens
2755 2698 2842 2767 pia
2871 2699 3090 2761 moenia,
3122 2695 3482 2752 Mediolanum

493 2793 627 2846 Dum
658 2788 923 2859 Promissa
946 2787 1108 2853 fferat.
1132 2801 1289 2843 ὅπη
1321 2787 1448 2842 dum
1473 2783 1739 2841 velamina
1768 2793 1969 2852 ουρωι,
2179 2789 2393 2854 Incolit,
2414 2798 2788 2860 expurgatque
2811 2789 3052 2855 hereses,
3076 2798 3236 2859 atque
3255 2803 3409 2843 arma
3436 2787 3705 2841 ninistrans

489 2880 727 2935 Candida
754 2890 930 2934 castra
955 2878 1025 2910 ⁸⁸⁸
1055 2877 1195 2933 locat
1227 2891 1427 2947 sponso
1460 2876 1583 2945 quis
1626 2875 1820 2930 militet
1846 2876 2025 2945 Agno,
2180 2880 2457 2948 Ecclesia},
2487 2881 2619 2937 recti
2650 2884 2941 2937 meditatur
2967 2883 3215 2953 dogmata
3242 2879 3417 2935 callis.

442 3010 450 3016 -
492 2970 717 3041 Agmina
749 2970 944 3024 siderei
967 2977 1164 3023 coeant
1187 2982 1294 3037 quo
1324 2964 1514 3020 ﬂorida
1546 2965 1717 3037 regni.
2181 2974 2578 3045 Accipicusque
2606 2974 2676 3007 tu.
2701 2990 2732 3029 τι
2764 2990 2825 3030 se
2864 2976 3005 3046 mp“
3028 2963 3155 3046 ju‘ga
3195 2971 3396 3035 manus
3415 2978 3564 3026 ace“,
3585 2969 3648 2999 uo

567 3059 868 3115 Matronam
927 3059 1038 3131 ipse
1086 3074 1276 3116 means
1320 3058 1629 3131 excepit”
1683 3059 1893 3114 honore
1939 3056 2043 3112 (ἔο-
2183 3065 2396 3121 Miriﬁci
2426 3066 2714 3135 splendore
2743 3064 2889 3121 Petri
2915 3067 3164 3135 comique
3189 3064 3451 3134 colique:

1815 3147 2046 3222 [Ιυηιὺθ.
2120 3217 2155 3227 Α
2186 3158 2350 3214 Ocius
2377 3157 2490 3213 luce
2517 3172 2803 3226 superans,
2831 3157 2989 3213 avido
3019 3159 3155 3227 petit
3185 3157 3296 3211 alta
3326 3155 3503 3209 volatu
3530 3172 3545 3206 :

496 3246 744 3301 Λιιιῐιῖηὶῑ
772 3244 966 3301 colilur
991 3246 1166 3302 devoti
1197 3260 1420 3301 munere
1441 3245 1623 3299 amici.
1858 3247 1866 3257 ’
2114 3217 2158 3278 C
2190 3250 2627 3319 Semirutamque
2657 3249 2835 3305 aulam
2867 3252 3108 3320 neglectu
3135 3246 3548 3304 monticolarnm

497 3336 665 3406 Cujus
693 3342 749 3388 et
771 3336 859 3390 hic
886 3333 1128 3390 subolem
1158 3335 1372 3405 gemino
1401 3333 1688 3402 splendore
1712 3331 2006 3387 micantem
2188 3338 2503 3405 attendens,
2527 3341 2705 3411 prisco
2734 3340 3002 3395 accelera;
3025 3355 3281 3411 reparare
3301 3340 3515 3399 decore,

499 3425 672 3479 Matre
698 3424 904 3479 ferente
924 3438 1170 3488 saerans,
1205 3424 1326 3478 ﬁdei
1355 3424 1628 3478 benedicit
1652 3424 1880 3477 honore.
2188 3433 2547 3501 sum-jusque
2580 3432 2761 3487 trabes
2788 3430 3024 3501 scopulis
3052 3446 3151 3500 per
3176 3427 3512 3489 devincam;

499 3516 737 3588 Βεείιιυε
765 3515 997 3585 accep“:
1020 3515 1185 3586 T983"
1212 3530 1434 3569 munere
1468 3514 1599 3570 dari
2188 3523 2430 3579 l’oudera
2467 3522 2938 3593 quadragenorum
2965 3538 3059 3592 per
3082 3523 3245 3594 plana
3266 3523 3527 3585 virorum,

500 3611 636 3665 lline
667 3609 1011 3694 adspirantes
1031 3608 1242 3678 superis
1275 3606 1602 3678 Christoque
1624 3607 1934 3679 ﬂagrantes,
2189 3613 2322 3670 Cmn
2353 3615 2524 3669 tribus
2546 3623 2640 3668 aut
2665 3614 2894 3684 geminis
2922 3615 3038 3670 sine
3065 3615 3205 3670 fuste
3232 3612 3465 3668 vehebat
3489 3608 3712 3666 alumnis.

503 3698 854 3770 νίιειιιιθείιιιθ
879 3697 1212 3768 νοιηβῑτιῑυηι
1235 3698 1574 3763 discrimina.
1611 3699 1806 3754 εωίυηὶ
2187 3705 2301 3760 Nec
2329 3706 2537 3776 pondus
2562 3706 2725 3761 veluti
2754 3706 3035 3768 veherent,
3065 3705 3198 3775 quin
3232 3704 3478 3775 pondere
3505 3702 3652 3756 vecti.

504 3797 683 3852 Mente
710 3802 922 3867 petunt,
948 3794 1299 3864 cmlestiaque
1327 3795 1540 3865 agmina
1566 3803 1785 3865 cogunt.
2264 3794 2461 3865 Sicque
2489 3796 2578 3866 pio
2606 3795 2835 3851 fratrum
2861 3806 3070 3851 mentes
3096 3795 3404 3852 hortamine
3427 3793 3654 3853 ﬁrmans,

501 3889 694 3943 Castra
720 3887 877 3942 beata
908 3886 1110 3949 locant,
1130 3884 1345 3953 jurauis
1369 3886 1596 3940 saltibus
1629 3894 1792 3940 arunt
1820 3885 1911 3950 m,
2191 3886 2407 3956 lacepto
2438 3887 2574 3942 laetis
2598 3888 2748 3956 Operi
2781 3888 3070 3957 persistere
3098 3888 3260 3952 votis,

500 3978 653 4031 Alter
681 3970 940 4031 llesbacis
963 3974 1270 4043 Briegcnsis
1296 3974 1539 4045 margine
1589 3974 1713 4028 rivi.
2194 3979 2266 4036 Ut
2293 3980 2385 4049 qui
2415 3978 2551 4033 velle
2575 3979 2670 4034 Dei
2710 3979 2892 4049 patulo
2923 3980 3199 4036 fulcimine
3225 3987 3466 4050 captent.

575 4069 667 4122 Sic
697 4081 1067 4138 quoscumque
1091 4065 1269 4151 Patris
1299 4064 1537 4136 locuples
1562 4062 1871 4119 benedictio
1895 4061 2092 4129 munit,
2192 4070 2441 4125 Culmina
2468 4080 2737 4125 resinam
2764 4086 3014 4141 propere,
3037 4072 3313 4141 sanguine
3336 4071 3539 4134 minas,

504 4160 734 4213 tlhtinus
756 4157 825 4190 ³⁸⁸
850 4158 1055 4213 attollit
1077 4157 1339 4211 malorum
1372 4156 1425 4211 in
1451 4155 1689 4210 culmina
1717 4154 1858 4210 ﬁnis.
2192 4160 2371 4231 Atque
2395 4163 2710 4217 monasterii
2738 4163 2952 4218 diversa
2983 4162 3290 4220 habitacula
3316 4163 3517 4219 ontulit.

505 4246 760 4305 Consiliis
784 4250 1112 4318 quicumque
1138 4248 1298 4317 hujus
1327 4262 1521 4316 parere
1550 4246 1793 4302 faventes
2268 4253 2558 4308 Lotharius
2584 4255 2726 4309 vatis
2750 4254 3015 4325 completa
3035 4256 3256 4312 oracula
3279 4268 3532 4317 cernens,

507 4340 624 4395 Non
666 4354 896 4394 renuere
922 4340 1058 4408 regi.
1094 4340 1329 4407 gaudent
1352 4339 1453 4394 sibi
1479 4352 1738 4407 prospera
1767 4336 1917 4392 ferri.
2197 4341 2499 4399 Eustasium
2525 4346 2743 4400 monitis
2764 4346 3027 4404 Lussovia
3052 4359 3236 4405 castra
3265 4356 3541 4419 regentem

510 4433 582 4485 At
604 4428 849 4499 consulta
883 4430 1048 4483 animi
1079 4430 1168 4498 qui
1194 4429 1561 4515 posthabuere
1582 4428 1814 4499 paterni,
2200 4434 2413 4505 Dirigit,
2441 4434 2659 4493 almiﬁci
2683 4438 2908 4509 uestigia
2938 4454 3099 4495 sacra
3124 4440 3369 4511 magistri

510 4520 906 4621 Exﬁerl§§_\'ﬁli
938 4520 1325 4621 νῆοιιοᾟῗνυτθ
1346 4519 1530 4621 Ulli-0:0
1559 4536 1572 4574 ε
1606 4610 1618 4621 ⁸
1708 4609 1720 4621 1
1786 4608 1799 4621 .
2124 4561 2174 4621 υ
2199 4527 2333 4581 Cum
2363 4542 2520 4595 prece
2549 4530 2747 4583 sectari
2776 4529 2880 4585 lata
2909 4533 3269 4602 suplicamine
3291 4532 3456 4602 regis,

513 4612 586 4668 Ut
618 4608 710 4666 rex
742 4610 830 4666 ille
858 4612 1147 4681 repulsoris
1175 4610 1342 4664 frater
1370 4609 1439 4642 ¹⁵¹⁶
1473 4610 1650 4666 Patris
1675 4608 1823 4676 almi,
2124 4608 2168 4621 ”
2202 4616 2318 4683 Quo
2344 4618 2545 4681 redeat,
2573 4620 2709 4673 νοιίε
2729 4620 2907 4689 degat,
2935 4626 3267 4694 ηυωείωιιηε
3292 4634 3473 4679 suum

514 4702 764 4793 Serviliis
785 4701 956 4783 subici
987 4700 1188 4756 Christi
1223 4700 1316 4772 qui
1339 4711 1531 4770 sponte
1561 4702 1762 4757 salubri
2203 4707 2411 4763 Gaudet
2443 4707 2531 4764 hic
2556 4712 2787 4765 adventu
2815 4714 3319 4784 geniti,suadetque
3340 4715 3539 4771 morari

512 4793 651 4847 Dum
684 4794 820 4847 vitat
839 4793 1078 4864 parendo
1108 4793 1275 4858 Patri,
1304 4794 1669 4849 substernitur
1693 4794 1853 4849 hosti.
2206 4797 2529 4868 Quantisper
2552 4814 2736 4856 secum
2760 4803 2922 4859 clarae
2951 4806 3167 4874 pictatis
3203 4807 3505 4864 alumnum.

588 4882 697 4973 Nec
720 4883 884 4971 dilata
917 4883 1006 4937 diu
1038 4898 1151 4948 res,
1176 4883 1313 4938 bella
1337 4884 1553 4938 cientur
1583 4885 1875 4955 utrimque,
2207 4889 2290 4943 Ad
2316 4889 2557 4959 requiem
2577 4893 2861 4962 comitum,
2891 4896 3151 4953 doctrinae
3189 4898 3258 4953 ad
3292 4899 3554 4969 regimina
3595 4895 3687 4949 fra-

514 4972 754 5028 Diversa:
781 4972 1102 5028 alterutrum
1129 4984 1325 5030 coeunt
1352 4976 1404 5029 in
1426 4976 1611 5046 praelia
1645 4987 1855 5047 gentes.
2051 5041 2054 5044 ,
2744 5044 2745 5047 η
3505 4989 3686 5061 luunt:

517 5062 616 5117 Vir
641 5062 851 5118 Domini
886 5062 1033 5117 solus
1060 5072 1266 5117 vastam
1301 5067 1597 5119 comitante
1617 5066 1867 5121 ministro
2205 5070 2276 5127 se
2299 5073 2556 5142 repedare
2578 5089 2803 5146 negans,
2834 5086 3087 5149 retroque
3114 5081 3296 5138 Nam
3320 5096 3588 5138 meum”.

518 5155 718 5209 luierat.
749 5163 861 5209 tam
892 5151 1032 5209 forte
1057 5168 1320 5217 ereme
1348 5155 1693 5224 residensque
1722 5157 2011 5227 legctzsq'tc
2206 5163 2343 5233 Regi
2378 5165 2624 5233 gratiﬁeo
2654 5170 2917 5225 monitum
2941 5180 3064 5234 post
3089 5187 3316 5234 pergere
3347 5175 3506 5234 legat,
