3908 5426
173 266 262 324 881
686 264 776 322 DE
802 265 1073 331 CHRISTI
1112 268 1488 329 TBIUMPHIS
1524 268 1709 325 APUD
1742 265 2022 327 ITALIAM
2061 265 2238 322 LIBRI
2268 265 2409 322 XIV.
2432 295 2503 307 -—-
2524 262 2650 320 LIB.
2682 261 2820 320 χεν.
3287 259 3391 317 883

229 376 439 431 Fcedera
469 384 619 446 grata
644 378 830 435 hilaris
858 397 951 435 rex
976 391 1202 453 captans
1221 383 1425 438 honore
1441 392 1713 449 venustat,
1743 394 1788 449 Α
1820 379 2053 437 Nesibns
2088 380 2214 436 hinc
2232 380 2465 434 animam
2492 380 2675 435 carnis
2705 378 3051 448 tenebrisque
3083 378 3311 432 solutam

169 466 341 520 Castra
368 479 589 534 superna
619 466 784 535 fovet,
815 470 1057 541 delegata
1085 474 1297 544 agmina
1326 473 1496 541 fulcit,

168 553 413 609 Substdiis
431 555 628 625 explet,
646 557 952 615 dominandi
985 560 1180 629 finibus
1208 574 1386 632 auget.

227 645 288 697 At
311 643 467 698 Pater
499 645 611 715 ipse
632 645 996 705 Columbanus
1019 649 1144 706 dum
1168 651 1437 708 clauditur
1458 668 1652 720 annus,

168 733 411 790 laudatis
432 734 503 767 δι’
527 751 665 793 nova
684 746 833 812 septa
861 739 992 796 colit
1014 740 1161 798 cella:
1185 741 1523 805 Ehobieasis.

1813 470 2063 533 Altuitico
2092 469 2247 525 cmlis
2269 469 2430 533 infert
2455 469 2736 539 splendore
2762 469 3030 525 decoram.

1814 560 2041 631 Pignera
2076 559 2327 614 restructi
2358 574 2456 628 per
2480 574 2605 613 eam
2635 558 2819 633 templi
2846 558 2959 612 aede
2982 557 3250 611 locantur.

1816 652 1989 720 Quam
2013 650 2174 706 celsa:
2199 652 2451 705 meritum
2477 651 2624 716 vitm,
2652 652 2774 705 data
2806 649 2955 719 signa
2986 648 3279 718 loquuntur
3305 664 3317 700 :

1818 744 2206 801 Strenuitatcm
2242 742 2407 798 animi
2431 750 2697 805 praestans
2724 742 2970 801 doctrina
2990 740 3257 807 profatur.

1544 956 1774 1016 CAPUT
1814 956 1952 1015 XIX.

1501 1114 1578 1173 De
1622 1130 1804 1176 sancto
1846 1120 2025 1174 Attale

231 1276 499 1355 Hagniﬂco
524 1278 672 1339 Patri
698 1283 768 1316 “'
808 1298 1035 1352 magnus
1060 1286 1299 1343 succedit
1327 1288 1575 1347 alumnus

167 1371 345 1436 Attala,
376 1372 461 1426 cui
490 1373 692 1427 celsam
723 1386 932 1443 peperit
954 1375 1260 1446 Burgundio
1285 1379 1528 1448 stirpem.

168 1462 389 1518 Pontitiei
421 1462 583 1516 datur
603 1462 691 1517 hic
720 1464 964 1532 genitore
988 1464 1194 1523 ferente
1221 1468 1478 1526 colendus
1498 1472 1587 1538 “',

167 1552 330 1607 Artior
360 1561 647 1623 angustum
675 1552 930 1610 fervescit
956 1558 1219 1614 scandere
1248 1558 1463 1615 callem.

1831 1296 2039 1359 Visere,
2068 1294 2271 1349 solatiis
2300 1293 2544 1363 votisque
2566 1291 2757 1362 iuvare
2787 1301 3022 1364 rogatus,

1826 1389 2076 1444 Adventu
2107 1387 2428 1443 incolumem
2462 1388 2819 1458 precibusque
2858 1389 2949 1442 dat
2979 1388 3058 1443 ire
3104 1385 3391 1456 vigentem.

1895 1480 2040 1534 Inter
2070 1479 2221 1550 plura
2252 1478 2376 1534 dein
2409 1479 2663 1534 virtutum
2696 1487 2846 1548 gesta
2876 1478 3087 1548 piarunt

1825 1570 1977 1627 Hunc
2006 1570 2146 1626 Deus
2175 1571 2433 1625 aerumnis
2471 1585 2700 1625 censeas
2725 1568 3006 1624 absolvere
3034 1566 3273 1635 anhelis,

167 1642 248 1746 Isic
263 1643 392 1746 clam
418 1643 794 1746 progrediens,
828 1648 1215 1746 monachorum
1239 1660 1416 1706 castra
1446 1662 1723 1725 peragrat,
1755 1685 1801 1746 Β
1829 1657 2053 1714 Lumine
2090 1658 2310 1714 lustrari
2344 1659 2516 1729 pacis,
2549 1657 2772 1729 fetuque
2802 1657 3022 1727 quietis,

167 1733 224 1792 Et
242 1734 434 1804 potiora
466 1734 656 1791 calens
682 1736 777 1804 δι’,
813 1737 958 1793 dicto
983 1737 1090 1793 fert
1119 1741 1255 1795 colla
1281 1751 1526 1812 patrono,

169 1824 323 1892 Atque
343 1823 686 1883 Columbano
714 1828 877 1881 tradit
908 1843 967 1884 se
992 1828 1111 1884 luce
1135 1833 1446 1901 regendum.

167 1913 246 1968 ille
270 1914 363 1969 sibi
388 1926 635 1985 nectens,
665 1920 895 1988 quaesito
922 1919 1125 1976 lumine
1151 1922 1410 1990 ﬂamatat,

168 2006 286 2071 {tam
311 2007 382 2052 δι’
403 2008 613 2087 petitur
645 2010 842 2065 virtute
872 2011 1046 2066 vicem
1075 2013 1325 2083 supplere
1354 2017 1620 2085 magistri,

169 2108 344 2179 Dignus
369 2112 457 2165 ubi
483 2100 703 2183 egregie
727 2118 825 2182 τινα
853 2111 966 2165 C351
977 2102 1051 2159 τῖε
1080 2104 1263 2173 [mdia
1289 2108 1494 2162 Sanctis

167 2199 429 2268 Exercens,
458 2204 692 2275 anguiva
722 2205 789 2235 ⁰²¹
821 2205 928 2260 doli
961 2205 1063 2259 fert
1092 2196 1233 2261 beim
1260 2198 1508 2259 furentis.

227 2292 467 2364 Carpitur
494 2305 751 2351 austeras
781 2298 974 2367 tepidis
997 2298 1272 2368 durusque
1298 2303 1559 2368 remissis,

167 2382 335 2438 Avellit
360 2393 578 2441 teneros
603 2386 675 2418 ⁶²¹
708 2387 863 2442 lateri
895 2388 1008 2443 fera
1039 2389 1218 2463 lingua
1248 2392 1475 2454 sodales,

169 2473 362 2543 Diripit,
389 2484 552 2551 atque
575 2478 742 2531 eremi
773 2492 870 2547 per
899 2479 1052 2533 devia
1083 2490 1259 2549 raptat
1283 2492 1491 2551 operta.

166 2562 389 2619 lucentor
412 2566 710 2636 doctorque
735 2567 855 2621 mali
890 2583 1033 2622 saevo
1061 2570 1235 2623 uritur
1266 2570 1386 2643 igne
1410 2571 1508 2635 m,

168 2653 379 2725 Supplici
407 2657 653 2714 clamans
677 2660 927 2714 meritam
964 2675 1022 2715 se
1049 2662 1291 2731 pendere
1309 2676 1549 2730 pinnam.

170 2742 262 2802 Nec
288 2744 493 2802 facilem
527 2748 649 2819 quit
686 2750 838 2805 adire
862 2749 1080 2805 Patrem
1119 2752 1388 2821 captanda
1419 2752 1652 2821 piamen,

168 2834 288 2902 Quin
323 2839 549 2908 rapitur,
587 2848 876 2909 mutasque
919 2840 1157 2895 animam
1184 2841 1407 2896 dimittit
1445 2843 1496 2896 in
1543 2860 1724 2900 auras.

170 2921 251 2979 llis
283 2925 452 2996 pavidi
482 2929 718 2982 comites
747 2937 998 2998 repetunt
1018 2928 1194 2985 Patris
1227 2932 1364 2985 atria
1389 2931 1593 3001 plures,

168 3015 334 3086 Atque
350 3027 408 3072 ut
429 3034 559 3074 oves
596 3019 720 3073 trita
753 3020 1041 3090 capiuntur
1063 3020 1220 3076 fauce
1246 3021 1451 3091 lupina.

168 3104 254 3160 Ast
283 3108 368 3177 qui
407 3117 642 3164 tutorem
672 3109 815 3165 fastu
842 3120 1112 3182 tempsere
1147 3116 1403 3184 superbo,

168 3192 396 3254 Convulsi
422 3201 592 3255 variis
622 3210 951 3255 consumunt
976 3202 1221 3258 cladibus
1251 3220 1434 3259 ausus.

170 3283 226 3341 Hi
249 3287 387 3345 ferro
410 3290 585 3359 plexi,
616 3290 820 3361 rapidis
847 3292 902 3346 hi
933 3292 1182 3349 ﬂuetibus
1211 3294 1411 3357 hausti,

169 3375 539 3452 lnveniuntqtte
574 3383 718 3452 piant
748 3392 1013 3455 quotquot
1044 3386 1252 3440 rediere
1280 3388 1564 3441 medelam.

230 3468 531 3527 Pravalidis
552 3473 733 3529 Patris
760 3474 915 3532 istius
946 3477 1105 3530 modo
1123 3485 1248 3530 vota
1288 3485 1589 3547 patrantur,

173 3558 396 3630 Imperiis
420 3563 653 3630 clarent,
686 3564 936 3634 precibus
968 3565 1126 3620 modo
1155 3566 1314 3636 digna
1356 3565 1603 3635 profusis.

175 3646 287 3706 llaec
309 3651 505 3708 Bobius
528 3655 799 3723 quondam
827 3655 1079 3711 violentis
1112 3658 1374 3711 imbribus
1403 3666 1597 3712 auctus

176 3737 382 3799 Molibus
408 3744 634 3824 effusus,
663 3745 991 3818 lymphaque
1019 3756 1259 3804 tumente
1291 3758 1499 3804 rotatas

174 3833 447 3901 Approbat,
475 3837 711 3891 indictus
741 3838 816 3869 ⁸⁸⁸
842 3838 1016 3897 sacris
1046 3853 1324 3899 removere
1350 3839 1615 3907 furorem,

177 3921 369 3988 Vellere
394 3929 634 3985 farritcri
665 3927 927 3985 fabricam
956 3945 1157 3986 vexare
1180 3930 1365 3988 malini

174 4017 441 4088 lnbibitus,
470 4023 650 4093 posito
683 4022 828 4095 leges
855 4031 1126 4079 statuente
1154 4023 1372 4085 bacillo,

174 4106 233 4167 Et
249 4107 431 4167 crueis’
446 4112 512 4168 ad
550 4112 764 4182 signum
793 4113 1011 4168 monitis
1036 4123 1259 4182 parente
1284 4112 1505 4179 ﬂuento,

173 4198 445 4271 Arduaque
465 4217 722 4271 aggresso
750 4202 963 4259 facilem
994 4201 1246 4273 fugiendo
1277 4212 1534 4258 meatum.

176 4286 287 4343 Visa
310 4299 508 4362 tropaea
534 4291 677 4347 redit
704 4292 994 4349 Sinoaldus
1016 4292 1244 4362 prodere
1269 4290 1438 4347 Patri.

237 4378 495 4439 Virtutem
526 4396 741 4453 quoque
766 4382 1037 4453 magniﬁci
1066 4383 1258 4452 probat
1285 4383 1373 4438 ille
1396 4384 1659 4454 magistri,

177 4466 423 4527 Ruricolze
444 4473 700 4529 insistens
727 4474 898 4544 operi,
923 4474 1167 4544 stifaeque
1197 4474 1269 4507 ’δ”
1304 4474 1604 4542 medendae,

177 4559 265 4616 Cui
289 4563 430 4624 bene
460 4566 638 4636 pollex
673 4567 860 4622 dextra
885 4579 1160 4623 resecatur
1192 4568 1399 4638 iniqua.

179 4648 387 4724 Jamque
413 4657 571 4711 datus
594 4656 782 4726 glebis,
815 4656 961 4712 Patri
999 4659 1126 4712 dum
1160 4661 1425 4729 promitur
1458 4668 1660 4725 actum,

181 4740 331 4800 Eduei
358 4747 570 4801 tumulo
595 4762 659 4802 ac
682 4762 873 4816 passus
902 4763 998 4818 per
1032 4749 1176 4803 tnillc
1196 4750 1418 4820 jubetur

183 4832 396 4903 Deferri,
428 4838 775 4908 imbutasque
803 4840 976 4895 sacris
1007 4841 1319 4895 moderante
1349 4840 1535 4898 salivis

184 4921 443 4983 Fracturae
469 4928 681 4984 medico
710 4930 984 5001 vitamque
1016 4928 1223 4989 ferente
1245 4929 1491 4999 sepultis,

184 5009 418 5084 Iungitur
446 5017 650 5072 ttuiiieo
671 5018 904 5083 viduatae
938 5019 1143 5089 glutine
1177 5018 1384 5091 palmae,

186 5100 593 5180 Przecipiturqne
622 5110 798 5169 datam
826 5110 985 5173 tacite
1008 5118 1238 5166 tractare
1271 5108 1525 5167 salutem.

250 5195 334 5253 Sic
359 5185 627 5269 quondam
654 5215 880 5270 puerum
908 5200 1115 5270 spirare
1140 5214 1385 5271 saprema
1421 5212 1669 5272 putatum

1829 1748 2094 1821 Tempora
2134 1759 2284 1807 certa
2321 1750 2474 1805 iteris
2491 1748 2560 1781 “‘
2584 1750 2761 1821 signat
2784 1745 3122 1817 jamjatnque
3152 1744 3396 1814 petendi.

1827 1842 1893 1897 Et
1914 1841 2041 1898 licet
2071 1842 2186 1912 ipse
2208 1841 2325 1898 dies
2350 1848 2472 1911 post
2499 1839 2887 1910 quinquaginta
2916 1837 3207 1893 meandum

1828 1933 1946 2001 Quo
1975 1934 2066 1999 sit,
2096 1949 2200 1988 non
2232 1933 2368 1988 adeo
2401 1931 2624 1987 monitis
2654 1931 2863 1986 dicatur
2889 1928 3124 1999 apertis;
3400 1995 3404 1999 ‘

1827 2022 2105 2094 Praeparat
2131 2032 2255 2093 apta
2290 2022 2624 2078 remansuris
2653 2031 2853 2084 tamen,
2884 2027 3047 2088 atque
3079 2015 3333 2089 migranti

1829 2110 1993 2184 Septa
2032 2112 2349 2168 monasterii
2377 2112 2610 2168 densaas
2641 2119 2912 2179 tegmenta
2938 2109 3218 2171 reformat,

1826 2201 1908 2259 Ae
1933 2204 2113 2259 studet
2141 2202 2433 2257 invalidum
2464 2202 2597 2257 nihil
2637 2211 2694 2257 ut
2723 2201 3000 2270 lapsumve
3035 2198 3262 2253 residat.

1829 2292 2055 2349 Emunit
2080 2301 2403 2366 reparatque
2435 2291 2623 2357 libros,
2654 2299 2925 2362 uexatque
2954 2288 3178 2345 solutos.

1828 2384 2088 2443 Excubiis
2113 2384 2470 2455 precibusque
2492 2381 2914 2453 vacansjejunia
2946 2380 3154 2445 duetat,

1828 2481 2039 2550 Corpus
2065 2477 2439 2532 contribulans
2479 2476 2712 2530 animam
2736 2473 3047 2533 cmicstibus
3074 2479 3239 2549 aptat.

1901 2568 2178 2638 Discipulo
2204 2568 2273 2609 ι¹⁷
2298 2575 2422 2636 post
2460 2582 2602 2621 noua
2639 2581 2789 2620 nova:
2826 2563 3169 2642 reparamiua
3211 2560 3406 2618 messis

1829 2661 2022 2716 Visere
2044 2656 2336 2729 ﬂagrantes
2365 2671 2485 2712 sese
2514 2665 2761 2726 spectare
2785 2663 3040 2726 parentes

1827 2752 2102 2821 Pl'ilJCipil,
2145 2756 2308 2821 atque
2336 2762 2484 2802 mora
2510 2746 2652 2800 nulla
2686 2730 3010 2817 impediente
3042 2743 3261 2799 reverti.

1830 2843 1886 2897 lu
1918 2842 2256 2913 geminisque
2280 2840 2424 2894 viam
2452 2850 2666 2894 sectans
2694 2837 3012 2901 custodibus
3040 2845 3262 2899 auctus;

1829 2932 2124 3003 Complecti
2148 2930 2408 3001 genitrice
2440 2929 2600 2991 datur
2630 2927 2729 2985 sub
2763 2927 2882 2985 luce
2904 2926 3122 2988 diurna,

1751 3025 1797 3087 C
1828 3025 1943 3081 Nox
1965 3024 2216 3094 equidem
2241 3021 2499 3090 repedare
2519 3029 2721 3086 monet,
2746 3017 3020 3087 febrisque
3044 3031 3341 3088 pet-urgens

1829 3112 2113 3184 Coutpcllit
2141 3112 2376 3167 clamare
2397 3109 2574 3165 Patris
2602 3124 2662 3165 se
2683 3108 2875 3164 ardere
2897 3107 3159 3177 querelis,

1830 3204 2119 3275 Exitioqtte
2147 3201 2285 3272 rapi,
2314 3215 2465 3256 mora
2492 3199 2538 3254 si
2570 3208 2753 3255 teneat
2773 3195 3054 3254 redeundi.

1830 3295 2062 3365 Moxque
2084 3295 2170 3351 die
2201 3293 2390 3350 callem
2419 3302 2671 3367 repetens
2698 3299 2975 3346 remeante
3000 3288 3267 3359 cupitum,

1832 3387 2088 3442 Salvatur
2114 3401 2386 3452 remeans,
2414 3384 2643 3439 febrium
2679 3384 2763 3439 vis
2790 3384 2986 3453 linquit
3008 3391 3247 3445 euntem,

1833 3480 2071 3535 Sanatus
2092 3477 2309 3531 Patrem
2335 3476 2537 3544 reperit
2560 3490 2812 3544 suprema
2845 3475 3172 3529 trahentem.

1830 3572 2079 3626 Adventu
2110 3578 2287 3623 tamen
2312 3566 2599 3629 exhilarat,
2622 3564 2889 3633 funusque
2911 3572 3199 3634 pateenutn

1832 3662 2188 3717 Tormeatum
2233 3660 2305 3692 ⁸³⁸
2352 3658 2497 3714 videt
2545 3672 2664 3713 esse
2713 3672 2872 3712 suum
2933 3655 3272 3723 celeremque
3328 3668 3412 3708 re-

3049 3745 3338 3818 {gressunn

1905 3846 1973 3902 At
1997 3846 2068 3900 Pa
2078 3854 2159 3902 ter
2180 3855 2454 3901 extremos
2473 3841 2712 3898 monitus
2738 3853 3087 3913 pangensque
3107 3846 3411 3906 uotansque

1835 3938 1907 3992 Se
1942 3950 2105 3995 cruce
2134 3934 2447 3997 communit,
2490 3932 2669 3989 crucis
2690 3931 2837 3987 edita
2862 3930 2933 3963 ἰη
2958 3942 3159 3999 pronus
3196 3927 3406 3991 adorat,

1834 4027 2210 4096 Attollensque
2238 4040 2456 4081 erucem
2487 4023 2742 4096 laerymis
2769 4030 2827 4079 et
2849 4021 3098 4076 laudibus
3118 4029 3296 4073 ornat.

1837 4116 1973 4171 Tum
2005 4123 2216 4177 secreta
2238 4124 2427 4183 petens
2454 4123 2700 4170 veterum
2721 4111 2914 4168 delicta
2943 4110 3234 4181 proborum

1837 4207 2088 4280 Abstergi
2115 4207 2285 4277 rogita
2297 4215 2335 4267 t,
2364 4204 2600 4274 ﬂetuque
2624 4205 2833 4274 rigante
2857 4210 3130 4274 repurgat.
3228 4212 3233 4217 ‘

1841 4298 1934 4354 Sic
1963 4299 2107 4353 inter
2130 4298 2363 4369 gemitus
2392 4295 2503 4350 triti
2527 4304 2583 4350 et
2610 4294 2845 4363 suspiria
2867 4292 3049 4348 cordis

1838 4392 2102 4448 Attalicas
2126 4391 2330 4455 oculos,
2357 4388 2552 4444 cmlum
2585 4385 2686 4442 sibi
2712 4384 2890 4441 cernit
2908 4393 3149 4454 apertum
3175 4425 3189 4437 .

1840 4483 2267 4552 Gluritieaasqae
2299 4482 2465 4537 Deum
2496 4488 2677 4550 grates
2704 4477 2956 4547 dependit
2975 4485 3032 4533 et
3052 4475 3205 4532 odas.

1842 4572 2167 4627 Substiterat
2186 4585 2244 4624 se
2268 4568 2405 4623 clam
2428 4569 2582 4623 testis
2607 4567 2698 4636 qui
2723 4567 2838 4621 visa
2868 4564 3118 4629 referret,

1839 4662 2109 4716 Panderet
2143 4667 2377 4728 accepta:
2405 4657 2496 4726 qui
2525 4658 2646 4712 diva
2674 4655 2940 4712 levamina
2973 4654 3161 4711 vocis.

1911 4752 2092 4809 Altera
2121 4749 2209 4804 lux
2244 4749 2398 4805 terris
2417 4748 2528 4816 jam
2555 4746 2742 4803 etniica
2771 4743 2911 4800 dona
2940 4742 3167 4811 ferebat,

1842 4840 1935 4896 llle
1962 4854 2158 4893 vocans
2188 4851 2567 4905 summumque
2592 4835 2713 4893 vale
2738 4835 2874 4889 dans
2904 4832 3172 4896 fratribus
3195 4828 3345 4885 addit

1848 4929 2170 4992 Exltortaus,
2198 4928 2391 4997 ereptis
2417 4934 2692 4991 maneant,
2727 4925 2939 4995 potiora
2978 4926 3283 4999 capessant.

1848 5020 1940 5075 Sic
1965 5021 2130 5074 verbo
2155 5020 2363 5088 genitos
2381 5020 2562 5072 solans
2583 5015 2878 5083 absolvitur
2904 5017 3036 5080 itais

1846 5111 1915 5166 Et
1943 5111 2027 5181 pia
2051 5110 2274 5167 siderea:
2304 5110 2497 5164 utentis
2520 5108 2626 5165 fert
2651 5108 2866 5175 ﬂamina
2886 5113 3070 5175 stetis.

1147 5386 1364 5426 ηιηςς
1380 5389 1435 5426 tl?
1480 5386 1811 5426 MARCINAI
1827 5387 1924 5426 ,ΠΩ
1950 5388 2131 5426 MAR"
2148 5388 2337 5426 ,1.ΙὶΝΙΙ
