  <div class='ocr_page' id='page_1' title='image "/cluster/home/n/w/nwhite01/storage/ocr_20150623/135/hvd.32044015471758/449.png"; bbox 0 0 3908 5426; ppageno 0'>
   <div class='ocr_carea' id='block_1_1' title="bbox 538 332 3757 469">
    <p class='ocr_par' dir='ltr' id='par_1_1' title="bbox 538 332 3757 469">
     <span class='ocr_line' id='line_1_1' title="bbox 538 332 3757 469; baseline 0.017 -78"><span class='ocrx_word' id='word_1_1' title='bbox 538 332 640 392; x_wconf 70' lang='lat' dir='ltr'><strong>es:</strong></span> <span class='ocrx_word' id='word_1_2' title='bbox 706 335 1096 400; x_wconf 60' lang='lat' dir='ltr'><strong>mocosam</strong></span> <span class='ocrx_word' id='word_1_3' title='bbox 1117 343 1435 408; x_wconf 70' lang='lat' dir='ltr'><strong>assumat</strong></span> <span class='ocrx_word' id='word_1_4' title='bbox 1462 347 1803 414; x_wconf 65' lang='lat' dir='ltr'><strong>usususus</strong></span> <span class='ocrx_word' id='word_1_5' title='bbox 1830 354 2194 422; x_wconf 67' lang='lat' dir='ltr'><strong>censeres</strong></span> <span class='ocrx_word' id='word_1_6' title='bbox 2225 367 2712 430; x_wconf 52' lang='lat' dir='ltr'><strong>uermes—ns</strong></span> <span class='ocrx_word' id='word_1_7' title='bbox 2739 360 3023 432; x_wconf 79' lang='lat' dir='ltr'><strong>cnnts&#39;n&#39;</strong></span> <span class='ocrx_word' id='word_1_8' title='bbox 3041 360 3435 469; x_wconf 71' lang='lat' dir='ltr'><strong>TRIUMPHIS,</strong></span> <span class='ocrx_word' id='word_1_9' title='bbox 3464 380 3615 441; x_wconf 83' lang='lat' dir='ltr'><strong>ETC.</strong></span> <span class='ocrx_word' id='word_1_10' title='bbox 3679 385 3757 447; x_wconf 79' lang='lat' dir='ltr'><strong>sn</strong></span> 
     </span>
    </p>
   </div>
   <div class='ocr_carea' id='block_1_2' title="bbox 2010 482 2394 546">
    <p class='ocr_par' dir='ltr' id='par_1_2' title="bbox 2010 482 2394 546">
     <span class='ocr_line' id='line_1_2' title="bbox 2010 482 2394 546; baseline 0.026 -10"><span class='ocrx_word' id='word_1_11' title='bbox 2010 482 2239 544; x_wconf 84' lang='lat' dir='ltr'><strong>CAPUT</strong></span> <span class='ocrx_word' id='word_1_12' title='bbox 2278 487 2394 546; x_wconf 81' lang='lat' dir='ltr'><strong>XX.</strong></span> 
     </span>
    </p>
   </div>
   <div class='ocr_carea' id='block_1_3' title="bbox 1598 574 2547 660">
    <p class='ocr_par' dir='ltr' id='par_1_3' title="bbox 1598 574 2547 660">
     <span class='ocr_line' id='line_1_3' title="bbox 1598 574 2547 660; baseline 0.022 -28"><span class='ocrx_word' id='word_1_13' title='bbox 1598 578 1676 634; x_wconf 82' lang='lat' dir='ltr'><strong>De</strong></span> <span class='ocrx_word' id='word_1_14' title='bbox 1715 584 1911 638; x_wconf 75' lang='lat' dir='ltr'><strong>sanctis</strong></span> <span class='ocrx_word' id='word_1_15' title='bbox 1940 574 2179 660; x_wconf 70' lang='lat' dir='ltr'><strong>Bértulfo</strong></span> <span class='ocrx_word' id='word_1_16' title='bbox 2208 604 2256 649; x_wconf 82' lang='lat' dir='ltr'><strong>et</strong></span> <span class='ocrx_word' id='word_1_17' title='bbox 2285 595 2547 655; x_wconf 76' lang='lat' dir='ltr'><strong>Eustasio.</strong></span> 
     </span>
    </p>
   </div>
   <div class='ocr_carea' id='block_1_4' title="bbox 602 699 2961 788">
    <p class='ocr_par' dir='ltr' id='par_1_4' title="bbox 602 699 2961 788">
     <span class='ocr_line' id='line_1_4' title="bbox 602 699 2961 788; baseline 0.016 -40"><span class='ocrx_word' id='word_1_18' title='bbox 602 707 757 754; x_wconf 76' lang='lat' dir='ltr'><strong>nunc</strong></span> <span class='ocrx_word' id='word_1_19' title='bbox 782 699 855 731; x_wconf 73' lang='grc'>⁸³⁸³</span> <span class='ocrx_word' id='word_1_20' title='bbox 884 702 1130 771; x_wconf 73' lang='lat' dir='ltr'><strong>sequitur</strong></span> <span class='ocrx_word' id='word_1_21' title='bbox 1167 704 1383 762; x_wconf 78' lang='lat' dir='ltr'><strong>fervens</strong></span> <span class='ocrx_word' id='word_1_22' title='bbox 1423 709 1524 763; x_wconf 86' lang='lat' dir='ltr'><strong>sub</strong></span> <span class='ocrx_word' id='word_1_23' title='bbox 1563 710 1858 783; x_wconf 82' lang='lat' dir='ltr'><strong>relligionis</strong></span> <span class='ocrx_word' id='word_1_24' title='bbox 1900 731 2106 788; x_wconf 81' lang='lat' dir='ltr'><strong>amore.</strong></span> <span class='ocrx_word' id='word_1_25' title='bbox 2139 711 2184 767; x_wconf 75' lang='grc' dir='ltr'><strong>Α</strong></span> <span class='ocrx_word' id='word_1_26' title='bbox 2214 705 2476 766; x_wconf 57' lang='lat' dir='ltr'><strong>“arcem</strong></span> <span class='ocrx_word' id='word_1_27' title='bbox 2535 726 2664 766; x_wconf 68' lang='grc' dir='ltr'>³ηά</span> <span class='ocrx_word' id='word_1_28' title='bbox 2728 712 2896 783; x_wconf 62' lang='grc' dir='ltr'><strong>ἕνθάυ</strong></span> <span class='ocrx_word' id='word_1_29' title='bbox 2946 729 2961 767; x_wconf 71' lang='grc' dir='ltr'><strong>ε</strong></span> 
     </span>
    </p>
   </div>
   <div class='ocr_carea' id='block_1_5' title="bbox 531 780 1962 873">
    <p class='ocr_par' dir='ltr' id='par_1_5' title="bbox 531 780 1962 873">
     <span class='ocr_line' id='line_1_5' title="bbox 531 780 1962 873; baseline 0.015 -35"><span class='ocrx_word' id='word_1_30' title='bbox 531 780 796 845; x_wconf 79' lang='lat' dir='ltr'><strong>Franciea</strong></span> <span class='ocrx_word' id='word_1_31' title='bbox 835 794 1120 861; x_wconf 83' lang='lat' dir='ltr'><strong>progenies</strong></span> <span class='ocrx_word' id='word_1_32' title='bbox 1150 796 1315 851; x_wconf 88' lang='lat' dir='ltr'><strong>altum</strong></span> <span class='ocrx_word' id='word_1_33' title='bbox 1342 812 1501 867; x_wconf 85' lang='lat' dir='ltr'><strong>quem</strong></span> <span class='ocrx_word' id='word_1_34' title='bbox 1527 780 1805 871; x_wconf 79' lang='lat' dir='ltr'><strong>sanguinis</strong></span> <span class='ocrx_word' id='word_1_35' title='bbox 1833 807 1962 873; x_wconf 92' lang='lat' dir='ltr'><strong>edit,</strong></span> 
     </span>
    </p>
   </div>
   <div class='ocr_carea' id='block_1_6' title="bbox 522 874 1773 960">
    <p class='ocr_par' dir='ltr' id='par_1_6' title="bbox 522 874 1773 960">
     <span class='ocr_line' id='line_1_6' title="bbox 522 874 1773 960; baseline 0.017 -29"><span class='ocrx_word' id='word_1_36' title='bbox 522 874 753 935; x_wconf 77' lang='lat' dir='ltr'><strong>Arnulfo</strong></span> <span class='ocrx_word' id='word_1_37' title='bbox 784 876 985 938; x_wconf 77' lang='lat' dir='ltr'><strong>celebri</strong></span> <span class='ocrx_word' id='word_1_38' title='bbox 1011 883 1284 942; x_wconf 89' lang='lat' dir='ltr'><strong>Bertulfus</strong></span> <span class='ocrx_word' id='word_1_39' title='bbox 1306 878 1773 960; x_wconf 20' lang='lat' dir='ltr'><strong>stirpe’eolnerens</strong></span> 
     </span>
    </p>
   </div>
   <div class='ocr_carea' id='block_1_7' title="bbox 523 963 1827 1055">
    <p class='ocr_par' dir='ltr' id='par_1_7' title="bbox 523 963 1827 1055">
     <span class='ocr_line' id='line_1_7' title="bbox 523 963 1827 1055; baseline 0.016 -31"><span class='ocrx_word' id='word_1_40' title='bbox 523 963 795 1040; x_wconf 81' lang='lat' dir='ltr'><strong>Pontitici,</strong></span> <span class='ocrx_word' id='word_1_41' title='bbox 825 990 984 1044; x_wconf 86' lang='lat' dir='ltr'><strong>quem</strong></span> <span class='ocrx_word' id='word_1_42' title='bbox 1015 978 1157 1034; x_wconf 85' lang='lat' dir='ltr'><strong>celsa</strong></span> <span class='ocrx_word' id='word_1_43' title='bbox 1192 980 1378 1038; x_wconf 87' lang='lat' dir='ltr'><strong>videns</strong></span> <span class='ocrx_word' id='word_1_44' title='bbox 1407 982 1621 1055; x_wconf 85' lang='lat' dir='ltr'><strong>fastigia</strong></span> <span class='ocrx_word' id='word_1_45' title='bbox 1647 998 1827 1045; x_wconf 82' lang='lat' dir='ltr'><strong>mente</strong></span> 
     </span>
    </p>
   </div>
   <div class='ocr_carea' id='block_1_8' title="bbox 523 1056 1789 1135">
    <p class='ocr_par' dir='ltr' id='par_1_8' title="bbox 523 1056 1789 1135">
     <span class='ocr_line' id='line_1_8' title="bbox 523 1056 1789 1135; baseline 0.016 -22"><span class='ocrx_word' id='word_1_46' title='bbox 523 1056 792 1126; x_wconf 90' lang='lat' dir='ltr'><strong>Spernere</strong></span> <span class='ocrx_word' id='word_1_47' title='bbox 814 1064 1048 1129; x_wconf 82' lang='lat' dir='ltr'><strong>caelesti,</strong></span> <span class='ocrx_word' id='word_1_48' title='bbox 1072 1077 1331 1135; x_wconf 83' lang='lat' dir='ltr'><strong>sectatur,</strong></span> <span class='ocrx_word' id='word_1_49' title='bbox 1363 1081 1419 1126; x_wconf 88' lang='lat' dir='ltr'><strong>et</strong></span> <span class='ocrx_word' id='word_1_50' title='bbox 1446 1074 1613 1129; x_wconf 88' lang='lat' dir='ltr'><strong>ardua</strong></span> <span class='ocrx_word' id='word_1_51' title='bbox 1644 1076 1789 1133; x_wconf 77' lang='lat' dir='ltr'><strong>saecli</strong></span> 
     </span>
    </p>
   </div>
   <div class='ocr_carea' id='block_1_9' title="bbox 523 1148 1969 1242">
    <p class='ocr_par' dir='ltr' id='par_1_9' title="bbox 523 1148 1969 1242">
     <span class='ocr_line' id='line_1_9' title="bbox 523 1148 1969 1242; baseline 0.017 -38"><span class='ocrx_word' id='word_1_52' title='bbox 523 1148 773 1208; x_wconf 79' lang='lat' dir='ltr'><strong>Culmina</strong></span> <span class='ocrx_word' id='word_1_53' title='bbox 803 1166 1176 1224; x_wconf 86' lang='lat' dir='ltr'><strong>contemnens,</strong></span> <span class='ocrx_word' id='word_1_54' title='bbox 1204 1163 1380 1217; x_wconf 89' lang='lat' dir='ltr'><strong>crucis</strong></span> <span class='ocrx_word' id='word_1_55' title='bbox 1402 1166 1593 1236; x_wconf 76' lang='lat' dir='ltr'><strong>arripit</strong></span> <span class='ocrx_word' id='word_1_56' title='bbox 1612 1167 1719 1223; x_wconf 84' lang='lat' dir='ltr'><strong>alta</strong></span> <span class='ocrx_word' id='word_1_57' title='bbox 1744 1178 1969 1242; x_wconf 59' lang='lat' dir='ltr'><strong>tropaea,</strong></span> 
     </span>
    </p>
   </div>
   <div class='ocr_carea' id='block_1_10' title="bbox 516 1238 1873 1328">
    <p class='ocr_par' dir='ltr' id='par_1_10' title="bbox 516 1238 1873 1328">
     <span class='ocr_line' id='line_1_10' title="bbox 516 1238 1873 1328; baseline 0.015 -32"><span class='ocrx_word' id='word_1_58' title='bbox 516 1238 938 1315; x_wconf 84' lang='lat' dir='ltr'><strong>Eustasiumque</strong></span> <span class='ocrx_word' id='word_1_59' title='bbox 966 1256 1153 1317; x_wconf 86' lang='lat' dir='ltr'><strong>petens</strong></span> <span class='ocrx_word' id='word_1_60' title='bbox 1178 1249 1438 1308; x_wconf 85' lang='lat' dir='ltr'><strong>Lussovia</strong></span> <span class='ocrx_word' id='word_1_61' title='bbox 1464 1256 1582 1328; x_wconf 85' lang='lat' dir='ltr'><strong>lege</strong></span> <span class='ocrx_word' id='word_1_62' title='bbox 1606 1238 1873 1318; x_wconf 80' lang='lat' dir='ltr'><strong>colentem</strong></span> 
     </span>
    </p>
   </div>
   <div class='ocr_carea' id='block_1_11' title="bbox 517 1330 1813 1420">
    <p class='ocr_par' dir='ltr' id='par_1_11' title="bbox 517 1330 1813 1420">
     <span class='ocr_line' id='line_1_11' title="bbox 517 1330 1813 1420; baseline 0.015 -32"><span class='ocrx_word' id='word_1_63' title='bbox 517 1330 705 1388; x_wconf 82' lang='lat' dir='ltr'><strong>Castra</strong></span> <span class='ocrx_word' id='word_1_64' title='bbox 732 1333 1067 1404; x_wconf 84' lang='lat' dir='ltr'><strong>Columbani,</strong></span> <span class='ocrx_word' id='word_1_65' title='bbox 1108 1343 1327 1397; x_wconf 90' lang='lat' dir='ltr'><strong>monitis</strong></span> <span class='ocrx_word' id='word_1_66' title='bbox 1351 1345 1614 1402; x_wconf 86' lang='lat' dir='ltr'><strong>attollitur</strong></span> <span class='ocrx_word' id='word_1_67' title='bbox 1633 1350 1813 1420; x_wconf 88' lang='lat' dir='ltr'><strong>almis,</strong></span> 
     </span>
    </p>
   </div>
   <div class='ocr_carea' id='block_1_12' title="bbox 517 1420 1731 1510">
    <p class='ocr_par' dir='ltr' id='par_1_12' title="bbox 517 1420 1731 1510">
     <span class='ocr_line' id='line_1_12' title="bbox 517 1420 1731 1510; baseline 0.016 -33"><span class='ocrx_word' id='word_1_68' title='bbox 517 1420 781 1480; x_wconf 78' lang='lat' dir='ltr'><strong>Ontnibus</strong></span> <span class='ocrx_word' id='word_1_69' title='bbox 803 1437 858 1481; x_wconf 86' lang='lat' dir='ltr'><strong>et</strong></span> <span class='ocrx_word' id='word_1_70' title='bbox 883 1438 1066 1497; x_wconf 86' lang='lat' dir='ltr'><strong>gratus</strong></span> <span class='ocrx_word' id='word_1_71' title='bbox 1094 1431 1281 1487; x_wconf 84' lang='lat' dir='ltr'><strong>virtuti</strong></span> <span class='ocrx_word' id='word_1_72' title='bbox 1315 1434 1460 1505; x_wconf 82' lang='lat' dir='ltr'><strong>degit</strong></span> <span class='ocrx_word' id='word_1_73' title='bbox 1496 1448 1549 1492; x_wconf 88' lang='lat' dir='ltr'><strong>et</strong></span> <span class='ocrx_word' id='word_1_74' title='bbox 1574 1450 1731 1510; x_wconf 87' lang='lat' dir='ltr'><strong>aptus</strong></span> 
     </span>
    </p>
   </div>
   <div class='ocr_carea' id='block_1_13' title="bbox 511 1512 2088 1607">
    <p class='ocr_par' dir='ltr' id='par_1_13' title="bbox 511 1512 2088 1607">
     <span class='ocr_line' id='line_1_13' title="bbox 511 1512 2088 1607; baseline 0.016 -40"><span class='ocrx_word' id='word_1_75' title='bbox 511 1512 717 1579; x_wconf 81' lang='lat' dir='ltr'><strong>Attala,</strong></span> <span class='ocrx_word' id='word_1_76' title='bbox 750 1515 841 1569; x_wconf 90' lang='lat' dir='ltr'><strong>sed</strong></span> <span class='ocrx_word' id='word_1_77' title='bbox 879 1517 1062 1573; x_wconf 83' lang='lat' dir='ltr'><strong>Gallos</strong></span> <span class='ocrx_word' id='word_1_78' title='bbox 1089 1520 1159 1552; x_wconf 74' lang='grc'><strong>⁴²¹</strong></span> <span class='ocrx_word' id='word_1_79' title='bbox 1190 1520 1511 1581; x_wconf 82' lang='lat' dir='ltr'><strong>Lussovium</strong></span> <span class='ocrx_word' id='word_1_80' title='bbox 1542 1539 1596 1584; x_wconf 89' lang='lat' dir='ltr'><strong>et</strong></span> <span class='ocrx_word' id='word_1_81' title='bbox 1625 1540 1684 1586; x_wconf 94' lang='lat' dir='ltr'><strong>ut</strong></span> <span class='ocrx_word' id='word_1_82' title='bbox 1710 1534 1847 1603; x_wconf 89' lang='lat' dir='ltr'><strong>petit</strong></span> <span class='ocrx_word' id='word_1_83' title='bbox 1873 1549 2088 1607; x_wconf 85' lang='lat' dir='ltr'><strong>agmen,</strong></span> 
     </span>
    </p>
   </div>
   <div class='ocr_carea' id='block_1_14' title="bbox 514 1596 1773 1688">
    <p class='ocr_par' dir='ltr' id='par_1_14' title="bbox 514 1596 1773 1688">
     <span class='ocr_line' id='line_1_14' title="bbox 514 1596 1773 1688; baseline 0.017 -34"><span class='ocrx_word' id='word_1_84' title='bbox 514 1596 813 1672; x_wconf 85' lang='lat' dir='ltr'><strong>Utriusque</strong></span> <span class='ocrx_word' id='word_1_85' title='bbox 836 1602 1012 1663; x_wconf 77' lang='lat' dir='ltr'><strong>Patris</strong></span> <span class='ocrx_word' id='word_1_86' title='bbox 1035 1606 1106 1640; x_wconf 61' lang='lat'><strong>‘3&#39;</strong></span> <span class='ocrx_word' id='word_1_87' title='bbox 1126 1611 1273 1665; x_wconf 89' lang='lat' dir='ltr'><strong>socia</strong></span> <span class='ocrx_word' id='word_1_88' title='bbox 1305 1612 1506 1682; x_wconf 86' lang='lat' dir='ltr'><strong>pietate</strong></span> <span class='ocrx_word' id='word_1_89' title='bbox 1534 1596 1773 1688; x_wconf 63' lang='lat' dir='ltr'><strong>favente,</strong></span> 
     </span>
    </p>
   </div>
   <div class='ocr_carea' id='block_1_15' title="bbox 507 1685 1868 1781">
    <p class='ocr_par' dir='ltr' id='par_1_15' title="bbox 507 1685 1868 1781">
     <span class='ocr_line' id='line_1_15' title="bbox 507 1685 1868 1781; baseline 0.018 -36"><span class='ocrx_word' id='word_1_90' title='bbox 507 1685 645 1746; x_wconf 70' lang='lat' dir='ltr'><strong>I-Iuic</strong></span> <span class='ocrx_word' id='word_1_91' title='bbox 668 1707 881 1764; x_wconf 87' lang='lat' dir='ltr'><strong>quoque</strong></span> <span class='ocrx_word' id='word_1_92' title='bbox 901 1711 959 1751; x_wconf 91' lang='lat' dir='ltr'><strong>se</strong></span> <span class='ocrx_word' id='word_1_93' title='bbox 989 1698 1188 1754; x_wconf 90' lang='lat' dir='ltr'><strong>dedens</strong></span> <span class='ocrx_word' id='word_1_94' title='bbox 1218 1700 1376 1758; x_wconf 90' lang='lat' dir='ltr'><strong>Italos</strong></span> <span class='ocrx_word' id='word_1_95' title='bbox 1399 1707 1628 1762; x_wconf 82' lang='lat' dir='ltr'><strong>sortitur</strong></span> <span class='ocrx_word' id='word_1_96' title='bbox 1645 1685 1868 1781; x_wconf 81' lang='lat' dir='ltr'><strong>agones,</strong></span> 
     </span>
    </p>
   </div>
   <div class='ocr_carea' id='block_1_16' title="bbox 3012 711 3755 791">
    <p class='ocr_par' dir='ltr' id='par_1_16' title="bbox 3012 711 3755 791">
     <span class='ocr_line' id='line_1_16' title="bbox 3012 711 3755 791; baseline 0.009 -23"><span class='ocrx_word' id='word_1_97' title='bbox 3012 711 3240 785; x_wconf 77' lang='lat' dir='ltr'><strong>languor</strong></span> <span class='ocrx_word' id='word_1_98' title='bbox 3290 712 3509 772; x_wconf 85' lang='lat' dir='ltr'><strong>Patrem</strong></span> <span class='ocrx_word' id='word_1_99' title='bbox 3537 756 3552 782; x_wconf 90' lang='lat'><strong>,</strong></span> <span class='ocrx_word' id='word_1_100' title='bbox 3617 733 3755 791; x_wconf 80' lang='lat' dir='ltr'><strong>angor</strong></span> 
     </span>
    </p>
   </div>
   <div class='ocr_carea' id='block_1_17' title="bbox 3444 804 3702 878">
    <p class='ocr_par' dir='ltr' id='par_1_17' title="bbox 3444 804 3702 878">
     <span class='ocr_line' id='line_1_17' title="bbox 3444 804 3702 878; baseline 0.027 -20"><span class='ocrx_word' id='word_1_101' title='bbox 3444 804 3702 878; x_wconf 81' lang='lat' dir='ltr'><strong>[alumnos</strong></span> 
     </span>
    </p>
   </div>
   <div class='ocr_carea' id='block_1_18' title="bbox 2204 885 3703 965">
    <p class='ocr_par' dir='ltr' id='par_1_18' title="bbox 2204 885 3703 965">
     <span class='ocr_line' id='line_1_18' title="bbox 2204 885 3703 965; baseline 0.007 -23"><span class='ocrx_word' id='word_1_102' title='bbox 2204 885 2479 943; x_wconf 81' lang='lat' dir='ltr'><strong>Presserat</strong></span> <span class='ocrx_word' id='word_1_103' title='bbox 2510 890 2793 955; x_wconf 69' lang='lat' dir='ltr'><strong>merentes,</strong></span> <span class='ocrx_word' id='word_1_104' title='bbox 2826 907 2925 947; x_wconf 87' lang='lat' dir='ltr'><strong>nec</strong></span> <span class='ocrx_word' id='word_1_105' title='bbox 2948 908 3101 965; x_wconf 86' lang='lat' dir='ltr'><strong>spem</strong></span> <span class='ocrx_word' id='word_1_106' title='bbox 3129 895 3410 952; x_wconf 86' lang='lat' dir='ltr'><strong>redeuntis</strong></span> <span class='ocrx_word' id='word_1_107' title='bbox 3437 896 3703 954; x_wconf 85' lang='lat' dir='ltr'><strong>habentes.</strong></span> 
     </span>
    </p>
   </div>
   <div class='ocr_carea' id='block_1_19' title="bbox 2203 978 3332 1041">
    <p class='ocr_par' dir='ltr' id='par_1_19' title="bbox 2203 978 3332 1041">
     <span class='ocr_line' id='line_1_19' title="bbox 2203 978 3332 1041; baseline 0.008 -9"><span class='ocrx_word' id='word_1_108' title='bbox 2203 978 2433 1034; x_wconf 76' lang='lat' dir='ltr'><strong>Roboris</strong></span> <span class='ocrx_word' id='word_1_109' title='bbox 2455 980 2711 1036; x_wconf 75' lang='lat' dir='ltr'><strong>excubias</strong></span> <span class='ocrx_word' id='word_1_110' title='bbox 2739 999 2841 1037; x_wconf 70' lang='lat' dir='ltr'><strong>nos</strong></span> <span class='ocrx_word' id='word_1_111' title='bbox 2867 981 2973 1037; x_wconf 80' lang='lat' dir='ltr'><strong>fert</strong></span> <span class='ocrx_word' id='word_1_112' title='bbox 2997 983 3244 1038; x_wconf 86' lang='lat' dir='ltr'><strong>columis.</strong></span> <span class='ocrx_word' id='word_1_113' title='bbox 3272 1023 3286 1036; x_wconf 95' lang='lat'><strong>.</strong></span> <span class='ocrx_word' id='word_1_114' title='bbox 3315 1024 3332 1041; x_wconf 93' lang='lat'><strong>.</strong></span> 
     </span>
    </p>
   </div>
   <div class='ocr_carea' id='block_1_20' title="bbox 2198 1068 3539 1148">
    <p class='ocr_par' dir='ltr' id='par_1_20' title="bbox 2198 1068 3539 1148">
     <span class='ocr_line' id='line_1_20' title="bbox 2198 1068 3539 1148; baseline 0.009 -26"><span class='ocrx_word' id='word_1_115' title='bbox 2198 1068 2345 1126; x_wconf 85' lang='lat' dir='ltr'><strong>Juris</strong></span> <span class='ocrx_word' id='word_1_116' title='bbox 2373 1072 2651 1140; x_wconf 79' lang='lat' dir='ltr'><strong>apostolici</strong></span> <span class='ocrx_word' id='word_1_117' title='bbox 2685 1074 2885 1129; x_wconf 91' lang='lat' dir='ltr'><strong>cultum</strong></span> <span class='ocrx_word' id='word_1_118' title='bbox 2913 1074 3072 1130; x_wconf 84' lang='lat' dir='ltr'><strong>Pater</strong></span> <span class='ocrx_word' id='word_1_119' title='bbox 3091 1077 3307 1132; x_wconf 83' lang='lat' dir='ltr'><strong>ordinat</strong></span> <span class='ocrx_word' id='word_1_120' title='bbox 3330 1092 3494 1148; x_wconf 73' lang='lat' dir='ltr'><strong>:eger,</strong></span> <span class='ocrx_word' id='word_1_121' title='bbox 3526 1091 3539 1099; x_wconf 76' lang='lat'><strong>’</strong></span> 
     </span>
    </p>
   </div>
   <div class='ocr_carea' id='block_1_21' title="bbox 2196 1159 3297 1233">
    <p class='ocr_par' dir='ltr' id='par_1_21' title="bbox 2196 1159 3297 1233">
     <span class='ocr_line' id='line_1_21' title="bbox 2196 1159 3297 1233; baseline 0.003 -16"><span class='ocrx_word' id='word_1_122' title='bbox 2196 1159 2275 1217; x_wconf 83' lang='lat' dir='ltr'><strong>Ac</strong></span> <span class='ocrx_word' id='word_1_123' title='bbox 2306 1161 2464 1216; x_wconf 88' lang='lat' dir='ltr'><strong>solito</strong></span> <span class='ocrx_word' id='word_1_124' title='bbox 2484 1163 2719 1232; x_wconf 76' lang='lat' dir='ltr'><strong>disponit</strong></span> <span class='ocrx_word' id='word_1_125' title='bbox 2747 1165 2831 1233; x_wconf 86' lang='lat' dir='ltr'><strong>agi</strong></span> <span class='ocrx_word' id='word_1_126' title='bbox 2859 1164 3137 1220; x_wconf 87' lang='lat' dir='ltr'><strong>sollemnia</strong></span> <span class='ocrx_word' id='word_1_127' title='bbox 3170 1168 3297 1220; x_wconf 90' lang='lat' dir='ltr'><strong>ritu.</strong></span> 
     </span>
    </p>
   </div>
   <div class='ocr_carea' id='block_1_22' title="bbox 2192 1245 3557 1325">
    <p class='ocr_par' dir='ltr' id='par_1_22' title="bbox 2192 1245 3557 1325">
     <span class='ocr_line' id='line_1_22' title="bbox 2192 1245 3557 1325; baseline 0.005 -20"><span class='ocrx_word' id='word_1_128' title='bbox 2192 1245 2298 1316; x_wconf 79' lang='lat' dir='ltr'><strong>Qui</strong></span> <span class='ocrx_word' id='word_1_129' title='bbox 2322 1253 2422 1307; x_wconf 89' lang='lat' dir='ltr'><strong>sibi</strong></span> <span class='ocrx_word' id='word_1_130' title='bbox 2451 1254 2541 1325; x_wconf 76' lang='lat' dir='ltr'><strong>qui</strong></span> <span class='ocrx_word' id='word_1_131' title='bbox 2573 1256 2733 1310; x_wconf 83' lang='lat' dir='ltr'><strong>sociis</strong></span> <span class='ocrx_word' id='word_1_132' title='bbox 2763 1264 3005 1310; x_wconf 87' lang='lat' dir='ltr'><strong>statuens</strong></span> <span class='ocrx_word' id='word_1_133' title='bbox 3031 1257 3295 1312; x_wconf 87' lang='lat' dir='ltr'><strong>insomnia</strong></span> <span class='ocrx_word' id='word_1_134' title='bbox 3322 1266 3557 1313; x_wconf 83' lang='lat' dir='ltr'><strong>servent.</strong></span> 
     </span>
    </p>
   </div>
   <div class='ocr_carea' id='block_1_23' title="bbox 2195 1339 3681 1417">
    <p class='ocr_par' dir='ltr' id='par_1_23' title="bbox 2195 1339 3681 1417">
     <span class='ocr_line' id='line_1_23' title="bbox 2195 1339 3681 1417; baseline 0.007 -22"><span class='ocrx_word' id='word_1_135' title='bbox 2195 1339 2311 1396; x_wconf 71' lang='lat' dir='ltr'><strong>Nos</strong></span> <span class='ocrx_word' id='word_1_136' title='bbox 2343 1358 2501 1398; x_wconf 86' lang='lat' dir='ltr'><strong>curas</strong></span> <span class='ocrx_word' id='word_1_137' title='bbox 2530 1345 2751 1415; x_wconf 73' lang='lat' dir='ltr'><strong>subigit,</strong></span> <span class='ocrx_word' id='word_1_138' title='bbox 2780 1354 3002 1401; x_wconf 85' lang='lat' dir='ltr'><strong>cunctos</strong></span> <span class='ocrx_word' id='word_1_139' title='bbox 3032 1361 3194 1417; x_wconf 86' lang='lat' dir='ltr'><strong>sopor</strong></span> <span class='ocrx_word' id='word_1_140' title='bbox 3216 1347 3397 1409; x_wconf 77' lang='lat' dir='ltr'><strong>obruit</strong></span> <span class='ocrx_word' id='word_1_141' title='bbox 3432 1348 3577 1405; x_wconf 78' lang='lat' dir='ltr'><strong>altus</strong></span> <span class='ocrx_word' id='word_1_142' title='bbox 3658 1378 3681 1391; x_wconf 70' lang='grc'><strong>-›</strong></span> 
     </span>
    </p>
   </div>
   <div class='ocr_carea' id='block_1_24' title="bbox 2193 1432 3303 1495">
    <p class='ocr_par' dir='ltr' id='par_1_24' title="bbox 2193 1432 3303 1495">
     <span class='ocr_line' id='line_1_24' title="bbox 2193 1432 3303 1495; baseline 0.004 -5"><span class='ocrx_word' id='word_1_143' title='bbox 2193 1432 2452 1490; x_wconf 89' lang='lat' dir='ltr'><strong>Custodes</strong></span> <span class='ocrx_word' id='word_1_144' title='bbox 2480 1437 2642 1490; x_wconf 87' lang='lat' dir='ltr'><strong>etiam</strong></span> <span class='ocrx_word' id='word_1_145' title='bbox 2664 1437 2849 1492; x_wconf 68' lang='lat' dir='ltr'><strong>lethaea</strong></span> <span class='ocrx_word' id='word_1_146' title='bbox 2873 1438 3067 1493; x_wconf 85' lang='lat' dir='ltr'><strong>oblivia</strong></span> <span class='ocrx_word' id='word_1_147' title='bbox 3088 1440 3303 1495; x_wconf 81' lang='lat' dir='ltr'><strong>sternit.</strong></span> 
     </span>
    </p>
   </div>
   <div class='ocr_carea' id='block_1_25' title="bbox 2188 1527 3485 1599">
    <p class='ocr_par' dir='ltr' id='par_1_25' title="bbox 2188 1527 3485 1599">
     <span class='ocr_line' id='line_1_25' title="bbox 2188 1527 3485 1599; baseline 0.004 -16"><span class='ocrx_word' id='word_1_148' title='bbox 2188 1527 2461 1584; x_wconf 81' lang='lat' dir='ltr'><strong>Asseculis</strong></span> <span class='ocrx_word' id='word_1_149' title='bbox 2484 1529 2646 1584; x_wconf 86' lang='lat' dir='ltr'><strong>lictus</strong></span> <span class='ocrx_word' id='word_1_150' title='bbox 2674 1531 2743 1562; x_wconf 70' lang='lat'><strong>&quot;7</strong></span> <span class='ocrx_word' id='word_1_151' title='bbox 2766 1531 2984 1586; x_wconf 83' lang='lat' dir='ltr'><strong>Christo</strong></span> <span class='ocrx_word' id='word_1_152' title='bbox 3007 1534 3229 1588; x_wconf 86' lang='lat' dir='ltr'><strong>custode</strong></span> <span class='ocrx_word' id='word_1_153' title='bbox 3253 1532 3485 1599; x_wconf 81' lang='lat' dir='ltr'><strong>levatur,</strong></span> 
     </span>
    </p>
   </div>
   <div class='ocr_carea' id='block_1_26' title="bbox 2190 1616 3623 1692">
    <p class='ocr_par' dir='ltr' id='par_1_26' title="bbox 2190 1616 3623 1692">
     <span class='ocr_line' id='line_1_26' title="bbox 2190 1616 3623 1692; baseline 0.002 -18"><span class='ocrx_word' id='word_1_154' title='bbox 2190 1616 2511 1688; x_wconf 87' lang='lat' dir='ltr'><strong>Solaturque</strong></span> <span class='ocrx_word' id='word_1_155' title='bbox 2533 1618 2692 1675; x_wconf 87' lang='lat' dir='ltr'><strong>Petro</strong></span> <span class='ocrx_word' id='word_1_156' title='bbox 2711 1619 2781 1675; x_wconf 68' lang='lat' dir='ltr'><strong>m.</strong></span> <span class='ocrx_word' id='word_1_157' title='bbox 2802 1620 2929 1675; x_wconf 88' lang='lat' dir='ltr'><strong>dum</strong></span> <span class='ocrx_word' id='word_1_158' title='bbox 2956 1620 3198 1692; x_wconf 89' lang='lat' dir='ltr'><strong>principe</strong></span> <span class='ocrx_word' id='word_1_159' title='bbox 3217 1621 3410 1678; x_wconf 78' lang='lat' dir='ltr'><strong>visitur</strong></span> <span class='ocrx_word' id='word_1_160' title='bbox 3434 1623 3623 1679; x_wconf 81' lang='lat' dir='ltr'><strong>abbas.</strong></span> 
     </span>
    </p>
   </div>
   <div class='ocr_carea' id='block_1_27' title="bbox 2162 1706 3562 1795">
    <p class='ocr_par' dir='ltr' id='par_1_27' title="bbox 2162 1706 3562 1795">
     <span class='ocr_line' id='line_1_27' title="bbox 2162 1706 3562 1795; baseline 0.002 -32"><span class='ocrx_word' id='word_1_161' title='bbox 2162 1706 2425 1795; x_wconf 48' lang='lat' dir='ltr'><strong>.Surgere</strong></span> <span class='ocrx_word' id='word_1_162' title='bbox 2448 1709 2775 1780; x_wconf 74' lang='lat' dir='ltr'><strong>praecipitur.</strong></span> <span class='ocrx_word' id='word_1_163' title='bbox 2801 1724 3096 1781; x_wconf 85' lang='lat' dir='ltr'><strong>sospesque</strong></span> <span class='ocrx_word' id='word_1_164' title='bbox 3117 1711 3290 1767; x_wconf 84' lang='lat' dir='ltr'><strong>redire</strong></span> <span class='ocrx_word' id='word_1_165' title='bbox 3318 1711 3562 1780; x_wconf 87' lang='lat' dir='ltr'><strong>jubetur,</strong></span> 
     </span>
    </p>
   </div>
   <div class='ocr_carea' id='block_1_28' title="bbox 505 1777 1998 1878">
    <p class='ocr_par' dir='ltr' id='par_1_28' title="bbox 505 1777 1998 1878">
     <span class='ocr_line' id='line_1_28' title="bbox 505 1777 1998 1878; baseline 0.018 -44"><span class='ocrx_word' id='word_1_166' title='bbox 505 1777 798 1840; x_wconf 85' lang='lat' dir='ltr'><strong>Permanet</strong></span> <span class='ocrx_word' id='word_1_167' title='bbox 841 1800 903 1842; x_wconf 89' lang='lat' dir='ltr'><strong>ac</strong></span> <span class='ocrx_word' id='word_1_168' title='bbox 942 1786 1098 1845; x_wconf 85' lang='lat' dir='ltr'><strong>fidus.</strong></span> <span class='ocrx_word' id='word_1_169' title='bbox 1136 1790 1428 1865; x_wconf 84' lang='lat' dir='ltr'><strong>Postquam</strong></span> <span class='ocrx_word' id='word_1_170' title='bbox 1470 1806 1527 1852; x_wconf 85' lang='lat' dir='ltr'><strong>at</strong></span> <span class='ocrx_word' id='word_1_171' title='bbox 1574 1777 1730 1858; x_wconf 74' lang='lat' dir='ltr'><strong>Pater</strong></span> <span class='ocrx_word' id='word_1_172' title='bbox 1752 1802 1823 1836; x_wconf 74' lang='grc'><strong>⁸⁸³</strong></span> <span class='ocrx_word' id='word_1_173' title='bbox 1847 1777 1998 1878; x_wconf 62' lang='lat' dir='ltr'><strong>emigi</strong></span> 
     </span>
    </p>
   </div>
   <div class='ocr_carea' id='block_1_29' title="bbox 2141 1777 3537 1878">
    <p class='ocr_par' dir='ltr' id='par_1_29' title="bbox 2150 1777 3537 1872">
     <span class='ocr_line' id='line_1_29' title="bbox 2150 1777 3537 1872; baseline 0.004 -19"><span class='ocrx_word' id='word_1_174' title='bbox 2150 1777 2397 1868; x_wconf 16' lang='lat' dir='ltr'><strong>V&#39;Accipit</strong></span> <span class='ocrx_word' id='word_1_175' title='bbox 2421 1777 2493 1833; x_wconf 58' lang='grc' dir='ltr'><strong>δί’</strong></span> <span class='ocrx_word' id='word_1_176' title='bbox 2514 1809 2567 1855; x_wconf 86' lang='lat' dir='ltr'><strong>et</strong></span> <span class='ocrx_word' id='word_1_177' title='bbox 2597 1777 2816 1857; x_wconf 69' lang='lat' dir='ltr'><strong>Petrum</strong></span> <span class='ocrx_word' id='word_1_178' title='bbox 2987 1777 3209 1872; x_wconf 81' lang='lat' dir='ltr'><strong>petiisse</strong></span> <span class='ocrx_word' id='word_1_179' title='bbox 3222 1777 3537 1872; x_wconf 77' lang='lat' dir='ltr'><strong>patronum.</strong></span> 
     </span>
    </p>
   </div>
   <div class='ocr_carea' id='block_1_30' title="bbox 1823 1898 1986 1956">
    <p class='ocr_par' dir='ltr' id='par_1_30' title="bbox 1823 1898 1986 1956">
     <span class='ocr_line' id='line_1_30' title="bbox 1823 1898 1986 1956; baseline 0.031 -5"><span class='ocrx_word' id='word_1_180' title='bbox 1823 1898 1986 1956; x_wconf 87' lang='lat' dir='ltr'><strong>astris</strong></span> 
     </span>
    </p>
   </div>
   <div class='ocr_carea' id='block_1_31' title="bbox 503 1896 1976 2057">
    <p class='ocr_par' dir='ltr' id='par_1_31' title="bbox 503 1896 1976 2057">
     <span class='ocr_line' id='line_1_31' title="bbox 1823 1898 1976 1955; baseline 0.033 -5"><span class='ocrx_word' id='word_1_181' title='bbox 1823 1898 1976 1955; x_wconf 82' lang='lat' dir='ltr'><strong>astris</strong></span> 
     </span>
     <span class='ocr_line' id='line_1_32' title="bbox 503 1896 1976 2057; baseline 0.018 -41"><span class='ocrx_word' id='word_1_182' title='bbox 503 1961 783 2022; x_wconf 88' lang='lat' dir='ltr'><strong>Communi</strong></span> <span class='ocrx_word' id='word_1_183' title='bbox 812 1969 1060 2042; x_wconf 80' lang='lat' dir='ltr'><strong>allegitur</strong></span> <span class='ocrx_word' id='word_1_184' title='bbox 1088 1974 1336 2032; x_wconf 82' lang='lat' dir='ltr'><strong>Fratrum</strong></span> <span class='ocrx_word' id='word_1_185' title='bbox 1370 1977 1580 2038; x_wconf 81' lang='lat' dir='ltr'><strong>fervore</strong></span> <span class='ocrx_word' id='word_1_186' title='bbox 1607 1983 1678 2017; x_wconf 60' lang='grc'><strong>⁸³⁸</strong></span> <span class='ocrx_word' id='word_1_187' title='bbox 1700 1896 1976 2057; x_wconf 47' lang='lat' dir='ltr'><strong>magister,</strong></span> 
     </span>
    </p>
   </div>
   <div class='ocr_carea' id='block_1_32' title="bbox 503 2050 1931 2146">
    <p class='ocr_par' dir='ltr' id='par_1_32' title="bbox 503 2050 1931 2146">
     <span class='ocr_line' id='line_1_33' title="bbox 503 2050 1931 2146; baseline 0.021 -42"><span class='ocrx_word' id='word_1_188' title='bbox 503 2050 752 2110; x_wconf 74' lang='lat' dir='ltr'><strong>Pet-fovet</strong></span> <span class='ocrx_word' id='word_1_189' title='bbox 780 2068 941 2127; x_wconf 89' lang='lat' dir='ltr'><strong>atque</strong></span> <span class='ocrx_word' id='word_1_190' title='bbox 970 2064 1107 2133; x_wconf 79' lang='lat' dir='ltr'><strong>regit</strong></span> <span class='ocrx_word' id='word_1_191' title='bbox 1129 2067 1253 2121; x_wconf 81' lang='lat' dir='ltr'><strong>divo</strong></span> <span class='ocrx_word' id='word_1_192' title='bbox 1283 2071 1648 2130; x_wconf 84' lang='lat' dir='ltr'><strong>moderamine</strong></span> <span class='ocrx_word' id='word_1_193' title='bbox 1672 2050 1931 2146; x_wconf 75' lang='lat' dir='ltr'><strong>sumptos.</strong></span> 
     </span>
    </p>
   </div>
   <div class='ocr_carea' id='block_1_33' title="bbox 2182 1889 3578 1969">
    <p class='ocr_par' dir='ltr' id='par_1_33' title="bbox 2182 1889 3578 1969">
     <span class='ocr_line' id='line_1_34' title="bbox 2182 1889 3578 1969; baseline 0.004 -25"><span class='ocrx_word' id='word_1_194' title='bbox 2182 1889 2456 1946; x_wconf 81' lang='lat' dir='ltr'><strong>Attonitus</strong></span> <span class='ocrx_word' id='word_1_195' title='bbox 2478 1900 2637 1969; x_wconf 75' lang='lat' dir='ltr'><strong>rogat</strong></span> <span class='ocrx_word' id='word_1_196' title='bbox 2657 1894 2890 1948; x_wconf 80' lang='lat' dir='ltr'><strong>excitum</strong></span> <span class='ocrx_word' id='word_1_197' title='bbox 2929 1894 3059 1949; x_wconf 83' lang='lat' dir='ltr'><strong>dare</strong></span> <span class='ocrx_word' id='word_1_198' title='bbox 3081 1894 3195 1950; x_wconf 82' lang='lat' dir='ltr'><strong>visa</strong></span> <span class='ocrx_word' id='word_1_199' title='bbox 3229 1895 3578 1953; x_wconf 81' lang='lat' dir='ltr'><strong>ministrum:</strong></span> 
     </span>
    </p>
   </div>
   <div class='ocr_carea' id='block_1_34' title="bbox 2182 1979 3337 2053">
    <p class='ocr_par' dir='ltr' id='par_1_34' title="bbox 2182 1979 3337 2053">
     <span class='ocr_line' id='line_1_35' title="bbox 2182 1979 3337 2053; baseline 0.004 -19"><span class='ocrx_word' id='word_1_200' title='bbox 2182 1979 2275 2035; x_wconf 93' lang='lat' dir='ltr'><strong>Ille</strong></span> <span class='ocrx_word' id='word_1_201' title='bbox 2312 1996 2516 2051; x_wconf 85' lang='lat' dir='ltr'><strong>negans</strong></span> <span class='ocrx_word' id='word_1_202' title='bbox 2550 1982 2875 2038; x_wconf 86' lang='lat' dir='ltr'><strong>illustratum</strong></span> <span class='ocrx_word' id='word_1_203' title='bbox 2912 1999 2973 2040; x_wconf 87' lang='lat' dir='ltr'><strong>se</strong></span> <span class='ocrx_word' id='word_1_204' title='bbox 3000 1983 3122 2039; x_wconf 88' lang='lat' dir='ltr'><strong>luce</strong></span> <span class='ocrx_word' id='word_1_205' title='bbox 3147 1984 3337 2053; x_wconf 81' lang='lat' dir='ltr'><strong>petita,</strong></span> 
     </span>
    </p>
   </div>
   <div class='ocr_carea' id='block_1_35' title="bbox 2108 2042 3681 2151">
    <p class='ocr_par' dir='ltr' id='par_1_35' title="bbox 2108 2042 3681 2151">
     <span class='ocr_line' id='line_1_36' title="bbox 2108 2042 3681 2151; baseline 0.004 -25"><span class='ocrx_word' id='word_1_206' title='bbox 2108 2042 2153 2102; x_wconf 77' lang='grc' dir='ltr'><strong>Β</strong></span> <span class='ocrx_word' id='word_1_207' title='bbox 2182 2071 2333 2128; x_wconf 88' lang='lat' dir='ltr'><strong>Ilauc</strong></span> <span class='ocrx_word' id='word_1_208' title='bbox 2358 2042 2524 2144; x_wconf 70' lang='lat' dir='ltr'><strong>relegi</strong></span> <span class='ocrx_word' id='word_1_209' title='bbox 2552 2075 2744 2151; x_wconf 69' lang='lat' dir='ltr'><strong>poscit,</strong></span> <span class='ocrx_word' id='word_1_210' title='bbox 2773 2076 3132 2146; x_wconf 86' lang='lat' dir='ltr'><strong>precibusque</strong></span> <span class='ocrx_word' id='word_1_211' title='bbox 3147 2042 3446 2148; x_wconf 31' lang='lat' dir='ltr'><strong>“extorquet</strong></span> <span class='ocrx_word' id='word_1_212' title='bbox 3467 2076 3681 2143; x_wconf 78' lang='lat' dir='ltr'><strong>anhelis,</strong></span> 
     </span>
    </p>
   </div>
   <div class='ocr_carea' id='block_1_36' title="bbox 574 2139 1998 2240">
    <p class='ocr_par' dir='ltr' id='par_1_36' title="bbox 574 2139 1998 2240">
     <span class='ocr_line' id='line_1_37' title="bbox 574 2139 1998 2240; baseline 0.022 -46"><span class='ocrx_word' id='word_1_213' title='bbox 574 2139 707 2197; x_wconf 83' lang='lat' dir='ltr'><strong>Atra</strong></span> <span class='ocrx_word' id='word_1_214' title='bbox 735 2160 938 2201; x_wconf 88' lang='lat' dir='ltr'><strong>venena</strong></span> <span class='ocrx_word' id='word_1_215' title='bbox 970 2164 1208 2221; x_wconf 90' lang='lat' dir='ltr'><strong>coquens</strong></span> <span class='ocrx_word' id='word_1_216' title='bbox 1243 2156 1467 2226; x_wconf 89' lang='lat' dir='ltr'><strong>impellit</strong></span> <span class='ocrx_word' id='word_1_217' title='bbox 1495 2162 1561 2216; x_wconf 92' lang='lat' dir='ltr'><strong>ad</strong></span> <span class='ocrx_word' id='word_1_218' title='bbox 1585 2163 1827 2234; x_wconf 87' lang='lat' dir='ltr'><strong>improba</strong></span> <span class='ocrx_word' id='word_1_219' title='bbox 1854 2184 1998 2240; x_wconf 66' lang='lat' dir='ltr'><strong>serpe</strong></span> 
     </span>
    </p>
   </div>
   <div class='ocr_carea' id='block_1_37' title="bbox 2141 2139 3601 2240">
    <p class='ocr_par' dir='ltr' id='par_1_37' title="bbox 2177 2139 3601 2236">
     <span class='ocr_line' id='line_1_38' title="bbox 2177 2139 3601 2236; baseline 0.004 -20"><span class='ocrx_word' id='word_1_220' title='bbox 2177 2162 2356 2235; x_wconf 87' lang='lat' dir='ltr'><strong>Atque</strong></span> <span class='ocrx_word' id='word_1_221' title='bbox 2387 2139 2596 2234; x_wconf 70' lang='lat' dir='ltr'><strong>reperta</strong></span> <span class='ocrx_word' id='word_1_222' title='bbox 2626 2139 2796 2231; x_wconf 66' lang='lat' dir='ltr'><strong>notat,</strong></span> <span class='ocrx_word' id='word_1_223' title='bbox 2825 2139 3089 2236; x_wconf 73' lang='lat' dir='ltr'><strong>testisque</strong></span> <span class='ocrx_word' id='word_1_224' title='bbox 3122 2139 3601 2224; x_wconf 43' lang='lat' dir='ltr'><strong>accedit&#39;adacter.</strong></span> 
     </span>
    </p>
   </div>
   <div class='ocr_carea' id='block_1_38' title="bbox 499 2230 1900 2319">
    <p class='ocr_par' dir='ltr' id='par_1_38' title="bbox 499 2230 1900 2319">
     <span class='ocr_line' id='line_1_39' title="bbox 499 2230 1900 2319; baseline 0.024 -33"><span class='ocrx_word' id='word_1_225' title='bbox 499 2230 675 2289; x_wconf 85' lang='lat' dir='ltr'><strong>Corda</strong></span> <span class='ocrx_word' id='word_1_226' title='bbox 709 2241 1155 2312; x_wconf 78' lang='lat' dir='ltr'><strong>propinquorum,</strong></span> <span class='ocrx_word' id='word_1_227' title='bbox 1190 2249 1368 2305; x_wconf 88' lang='lat' dir='ltr'><strong>vicino</strong></span> <span class='ocrx_word' id='word_1_228' title='bbox 1406 2255 1637 2313; x_wconf 87' lang='lat' dir='ltr'><strong>subdere</strong></span> <span class='ocrx_word' id='word_1_229' title='bbox 1666 2262 1900 2319; x_wconf 86' lang='lat' dir='ltr'><strong>suadens</strong></span> 
     </span>
    </p>
   </div>
   <div class='ocr_carea' id='block_1_39' title="bbox 2247 2253 3621 2328">
    <p class='ocr_par' dir='ltr' id='par_1_39' title="bbox 2247 2253 3621 2328">
     <span class='ocr_line' id='line_1_40' title="bbox 2247 2253 3621 2328; baseline 0.004 -19"><span class='ocrx_word' id='word_1_230' title='bbox 2247 2255 2293 2309; x_wconf 93' lang='lat' dir='ltr'><strong>lt</strong></span> <span class='ocrx_word' id='word_1_231' title='bbox 2316 2253 2478 2312; x_wconf 85' lang='lat' dir='ltr'><strong>Pater</strong></span> <span class='ocrx_word' id='word_1_232' title='bbox 2514 2257 2632 2326; x_wconf 88' lang='lat' dir='ltr'><strong>ipse</strong></span> <span class='ocrx_word' id='word_1_233' title='bbox 2651 2258 2855 2324; x_wconf 81' lang='lat' dir='ltr'><strong>valens,</strong></span> <span class='ocrx_word' id='word_1_234' title='bbox 2879 2258 3119 2328; x_wconf 84' lang='lat' dir='ltr'><strong>aliosque</strong></span> <span class='ocrx_word' id='word_1_235' title='bbox 3144 2261 3233 2315; x_wconf 83' lang='lat' dir='ltr'><strong>dat</strong></span> <span class='ocrx_word' id='word_1_236' title='bbox 3252 2260 3335 2316; x_wconf 83' lang='lat' dir='ltr'><strong>ire</strong></span> <span class='ocrx_word' id='word_1_237' title='bbox 3361 2260 3621 2325; x_wconf 73' lang='lat' dir='ltr'><strong>valentes,</strong></span> 
     </span>
    </p>
   </div>
   <div class='ocr_carea' id='block_1_40' title="bbox 502 2321 1998 2425">
    <p class='ocr_par' dir='ltr' id='par_1_40' title="bbox 502 2321 1998 2423">
     <span class='ocr_line' id='line_1_41' title="bbox 502 2321 1998 2423; baseline 0.021 -45"><span class='ocrx_word' id='word_1_238' title='bbox 502 2321 661 2381; x_wconf 88' lang='lat' dir='ltr'><strong>Ilunc</strong></span> <span class='ocrx_word' id='word_1_239' title='bbox 700 2328 772 2362; x_wconf 70' lang='grc'><strong>⁸³⁸</strong></span> <span class='ocrx_word' id='word_1_240' title='bbox 818 2331 919 2387; x_wconf 89' lang='lat' dir='ltr'><strong>sibi</strong></span> <span class='ocrx_word' id='word_1_241' title='bbox 981 2338 1267 2407; x_wconf 82' lang='lat' dir='ltr'><strong>pontifici,</strong></span> <span class='ocrx_word' id='word_1_242' title='bbox 1335 2352 1451 2400; x_wconf 86' lang='lat' dir='ltr'><strong>sata</strong></span> <span class='ocrx_word' id='word_1_243' title='bbox 1504 2362 1606 2403; x_wconf 88' lang='lat' dir='ltr'><strong>nec</strong></span> <span class='ocrx_word' id='word_1_244' title='bbox 1664 2350 1765 2406; x_wconf 88' lang='lat' dir='ltr'><strong>sibi</strong></span> <span class='ocrx_word' id='word_1_245' title='bbox 1832 2369 1998 2423; x_wconf 75' lang='lat' dir='ltr'><strong>quam</strong></span> 
     </span>
    </p>
   </div>
   <div class='ocr_carea' id='block_1_41' title="bbox 2141 2321 3581 2425">
    <p class='ocr_par' dir='ltr' id='par_1_41' title="bbox 2177 2321 3581 2425">
     <span class='ocr_line' id='line_1_42' title="bbox 2177 2321 3581 2425; baseline 0.006 -25"><span class='ocrx_word' id='word_1_246' title='bbox 2177 2345 2511 2404; x_wconf 75' lang='lat' dir='ltr'><strong>Dzemonicas</strong></span> <span class='ocrx_word' id='word_1_247' title='bbox 2533 2321 2686 2419; x_wconf 74' lang='lat' dir='ltr'><strong>pellit</strong></span> <span class='ocrx_word' id='word_1_248' title='bbox 2714 2321 2912 2420; x_wconf 82' lang='lat' dir='ltr'><strong>pestes,</strong></span> <span class='ocrx_word' id='word_1_249' title='bbox 2940 2321 3133 2425; x_wconf 69' lang='lat' dir='ltr'><strong>purgat</strong></span> <span class='ocrx_word' id='word_1_250' title='bbox 3168 2366 3330 2422; x_wconf 88' lang='lat' dir='ltr'><strong>prece</strong></span> <span class='ocrx_word' id='word_1_251' title='bbox 3357 2322 3581 2410; x_wconf 70' lang='lat' dir='ltr'><strong>mentes.</strong></span> 
     </span>
    </p>
   </div>
   <div class='ocr_carea' id='block_1_42' title="bbox 1728 2444 1999 2500">
    <p class='ocr_par' dir='ltr' id='par_1_42' title="bbox 1728 2444 1999 2500">
     <span class='ocr_line' id='line_1_43' title="bbox 1728 2444 1999 2500; baseline 0.015 -4"><span class='ocrx_word' id='word_1_252' title='bbox 1728 2458 1874 2498; x_wconf 88' lang='lat' dir='ltr'><strong>cessa</strong></span> <span class='ocrx_word' id='word_1_253' title='bbox 1908 2444 1999 2500; x_wconf 77' lang='lat'><strong>“‘.</strong></span> 
     </span>
    </p>
   </div>
   <div class='ocr_carea' id='block_1_43' title="bbox 490 2439 1995 2594">
    <p class='ocr_par' dir='ltr' id='par_1_43' title="bbox 490 2439 1995 2594">
     <span class='ocr_line' id='line_1_44' title="bbox 1728 2444 1995 2500; baseline 0.019 -5"><span class='ocrx_word' id='word_1_254' title='bbox 1728 2458 1874 2498; x_wconf 88' lang='lat' dir='ltr'><strong>cessa</strong></span> <span class='ocrx_word' id='word_1_255' title='bbox 1908 2444 1995 2500; x_wconf 77' lang='lat'><strong>“‘.</strong></span> 
     </span>
     <span class='ocr_line' id='line_1_45' title="bbox 490 2439 1995 2594; baseline 0.024 -38"><span class='ocrx_word' id='word_1_256' title='bbox 490 2497 630 2561; x_wconf 87' lang='lat' dir='ltr'><strong>Iline</strong></span> <span class='ocrx_word' id='word_1_257' title='bbox 657 2520 909 2576; x_wconf 88' lang='lat' dir='ltr'><strong>proceres</strong></span> <span class='ocrx_word' id='word_1_258' title='bbox 930 2512 1062 2579; x_wconf 85' lang='lat' dir='ltr'><strong>adit,</strong></span> <span class='ocrx_word' id='word_1_259' title='bbox 1097 2517 1220 2575; x_wconf 89' lang='lat' dir='ltr'><strong>hinc</strong></span> <span class='ocrx_word' id='word_1_260' title='bbox 1248 2537 1453 2593; x_wconf 82' lang='lat' dir='ltr'><strong>regem,</strong></span> <span class='ocrx_word' id='word_1_261' title='bbox 1483 2540 1582 2583; x_wconf 88' lang='lat' dir='ltr'><strong>nec</strong></span> <span class='ocrx_word' id='word_1_262' title='bbox 1608 2439 1728 2585; x_wconf 69' lang='grc' dir='ltr'><strong>γοῑὲ</strong></span> <span class='ocrx_word' id='word_1_263' title='bbox 1751 2530 1995 2594; x_wconf 77' lang='lat' dir='ltr'><strong>facessit.</strong></span> 
     </span>
    </p>
   </div>
   <div class='ocr_carea' id='block_1_44' title="bbox 488 2591 1750 2685">
    <p class='ocr_par' dir='ltr' id='par_1_44' title="bbox 488 2591 1750 2685">
     <span class='ocr_line' id='line_1_46' title="bbox 488 2591 1750 2685; baseline 0.023 -39"><span class='ocrx_word' id='word_1_264' title='bbox 488 2591 602 2649; x_wconf 85' lang='lat' dir='ltr'><strong>Nec</strong></span> <span class='ocrx_word' id='word_1_265' title='bbox 627 2600 822 2669; x_wconf 68' lang='lat' dir='ltr'><strong>emptis</strong></span> <span class='ocrx_word' id='word_1_266' title='bbox 848 2603 1043 2659; x_wconf 85' lang='lat' dir='ltr'><strong>resilit.</strong></span> <span class='ocrx_word' id='word_1_267' title='bbox 1075 2606 1189 2674; x_wconf 84' lang='lat' dir='ltr'><strong>Qua</strong></span> <span class='ocrx_word' id='word_1_268' title='bbox 1218 2611 1270 2665; x_wconf 88' lang='lat' dir='ltr'><strong>vi</strong></span> <span class='ocrx_word' id='word_1_269' title='bbox 1303 2591 1528 2685; x_wconf 77' lang='lat' dir='ltr'><strong>cogente</strong></span> <span class='ocrx_word' id='word_1_270' title='bbox 1556 2618 1750 2675; x_wconf 85' lang='lat' dir='ltr'><strong>beatus</strong></span> 
     </span>
    </p>
   </div>
   <div class='ocr_carea' id='block_1_45' title="bbox 490 2679 1970 2783">
    <p class='ocr_par' dir='ltr' id='par_1_45' title="bbox 490 2679 1970 2783">
     <span class='ocr_line' id='line_1_47' title="bbox 490 2679 1970 2783; baseline 0.023 -47"><span class='ocrx_word' id='word_1_271' title='bbox 490 2679 836 2783; x_wconf 55' lang='lat' dir='ltr'><strong>iiomulidam</strong></span> <span class='ocrx_word' id='word_1_272' title='bbox 867 2693 1026 2753; x_wconf 87' lang='lat' dir='ltr'><strong>Pater</strong></span> <span class='ocrx_word' id='word_1_273' title='bbox 1046 2700 1357 2769; x_wconf 80' lang='lat' dir='ltr'><strong>aggreditur</strong></span> <span class='ocrx_word' id='word_1_274' title='bbox 1372 2679 1725 2776; x_wconf 60' lang='lat' dir='ltr'><strong>composcere</strong></span> <span class='ocrx_word' id='word_1_275' title='bbox 1751 2726 1970 2783; x_wconf 87' lang='lat' dir='ltr'><strong>papam.</strong></span> 
     </span>
    </p>
   </div>
   <div class='ocr_carea' id='block_1_46' title="bbox 488 2774 1870 2874">
    <p class='ocr_par' dir='ltr' id='par_1_46' title="bbox 488 2774 1870 2874">
     <span class='ocr_line' id='line_1_48' title="bbox 488 2774 1870 2874; baseline 0.024 -47"><span class='ocrx_word' id='word_1_276' title='bbox 488 2774 757 2841; x_wconf 82' lang='lat' dir='ltr'><strong>Quaesitus</strong></span> <span class='ocrx_word' id='word_1_277' title='bbox 790 2797 1035 2843; x_wconf 87' lang='lat' dir='ltr'><strong>normam</strong></span> <span class='ocrx_word' id='word_1_278' title='bbox 1068 2792 1280 2860; x_wconf 88' lang='lat' dir='ltr'><strong>recitat,</strong></span> <span class='ocrx_word' id='word_1_279' title='bbox 1311 2774 1579 2869; x_wconf 61' lang='lat' dir='ltr'><strong>praecepta</strong></span> <span class='ocrx_word' id='word_1_280' title='bbox 1612 2774 1870 2874; x_wconf 69' lang='lat' dir='ltr'><strong>resignat.</strong></span> 
     </span>
    </p>
   </div>
   <div class='ocr_carea' id='block_1_47' title="bbox 484 2864 1758 2962">
    <p class='ocr_par' dir='ltr' id='par_1_47' title="bbox 484 2864 1758 2962">
     <span class='ocr_line' id='line_1_49' title="bbox 484 2864 1758 2962; baseline 0.024 -44"><span class='ocrx_word' id='word_1_281' title='bbox 484 2864 727 2926; x_wconf 80' lang='lat' dir='ltr'><strong>Antistes</strong></span> <span class='ocrx_word' id='word_1_282' title='bbox 754 2876 973 2931; x_wconf 88' lang='lat' dir='ltr'><strong>monitis</strong></span> <span class='ocrx_word' id='word_1_283' title='bbox 1000 2880 1268 2950; x_wconf 82' lang='lat' dir='ltr'><strong>adgaudet</strong></span> <span class='ocrx_word' id='word_1_284' title='bbox 1306 2864 1575 2945; x_wconf 78' lang='lat' dir='ltr'><strong>Honorius</strong></span> <span class='ocrx_word' id='word_1_285' title='bbox 1598 2864 1758 2962; x_wconf 48' lang='lat' dir='ltr'><strong>aptis:</strong></span> 
     </span>
    </p>
   </div>
   <div class='ocr_carea' id='block_1_48' title="bbox 482 2956 1989 3054">
    <p class='ocr_par' dir='ltr' id='par_1_48' title="bbox 482 2956 1989 3054">
     <span class='ocr_line' id='line_1_50' title="bbox 482 2956 1989 3054; baseline 0.023 -47"><span class='ocrx_word' id='word_1_286' title='bbox 482 2956 886 3034; x_wconf 82' lang='lat' dir='ltr'><strong>Amplexusque</strong></span> <span class='ocrx_word' id='word_1_287' title='bbox 912 2969 1107 3037; x_wconf 82' lang='lat' dir='ltr'><strong>virum,</strong></span> <span class='ocrx_word' id='word_1_288' title='bbox 1142 2974 1370 3043; x_wconf 78' lang='lat' dir='ltr'><strong>refovet,</strong></span> <span class='ocrx_word' id='word_1_289' title='bbox 1400 2991 1708 3051; x_wconf 85' lang='lat' dir='ltr'><strong>veneratur,</strong></span> <span class='ocrx_word' id='word_1_290' title='bbox 1736 2984 1989 3054; x_wconf 89' lang='lat' dir='ltr'><strong>honorat,</strong></span> 
     </span>
    </p>
   </div>
   <div class='ocr_carea' id='block_1_49' title="bbox 482 3059 1777 3142">
    <p class='ocr_par' dir='ltr' id='par_1_49' title="bbox 482 3059 1777 3142">
     <span class='ocr_line' id='line_1_51' title="bbox 482 3059 1777 3142; baseline 0.023 -43"><span class='ocrx_word' id='word_1_291' title='bbox 482 3059 722 3118; x_wconf 60' lang='lat' dir='ltr'><strong>auraque</strong></span> <span class='ocrx_word' id='word_1_292' title='bbox 748 3060 1016 3125; x_wconf 85' lang='lat' dir='ltr'><strong>concedit,</strong></span> <span class='ocrx_word' id='word_1_293' title='bbox 1052 3061 1198 3133; x_wconf 82' lang='lat' dir='ltr'><strong>leges</strong></span> <span class='ocrx_word' id='word_1_294' title='bbox 1230 3075 1285 3118; x_wconf 89' lang='lat' dir='ltr'><strong>et</strong></span> <span class='ocrx_word' id='word_1_295' title='bbox 1310 3069 1550 3139; x_wconf 83' lang='lat' dir='ltr'><strong>regmina</strong></span> <span class='ocrx_word' id='word_1_296' title='bbox 1580 3075 1777 3142; x_wconf 89' lang='lat' dir='ltr'><strong>munit,</strong></span> 
     </span>
    </p>
   </div>
   <div class='ocr_carea' id='block_1_50' title="bbox 482 3135 1730 3224">
    <p class='ocr_par' dir='ltr' id='par_1_50' title="bbox 482 3135 1730 3224">
     <span class='ocr_line' id='line_1_52' title="bbox 482 3135 1730 3224; baseline 0.022 -29"><span class='ocrx_word' id='word_1_297' title='bbox 482 3135 796 3213; x_wconf 79' lang='lat' dir='ltr'><strong>Invitusque</strong></span> <span class='ocrx_word' id='word_1_298' title='bbox 823 3148 999 3204; x_wconf 87' lang='lat' dir='ltr'><strong>redire</strong></span> <span class='ocrx_word' id='word_1_299' title='bbox 1025 3153 1171 3213; x_wconf 83' lang='lat' dir='ltr'><strong>sinit.</strong></span> <span class='ocrx_word' id='word_1_300' title='bbox 1203 3135 1488 3216; x_wconf 74' lang='lat' dir='ltr'><strong>Thuscana</strong></span> <span class='ocrx_word' id='word_1_301' title='bbox 1520 3164 1730 3224; x_wconf 85' lang='lat' dir='ltr'><strong>terebat</strong></span> 
     </span>
    </p>
   </div>
   <div class='ocr_carea' id='block_1_51' title="bbox 2249 2436 3520 2511">
    <p class='ocr_par' dir='ltr' id='par_1_51' title="bbox 2249 2436 3520 2511">
     <span class='ocr_line' id='line_1_53' title="bbox 2249 2436 3520 2511; baseline 0.004 -19"><span class='ocrx_word' id='word_1_302' title='bbox 2249 2436 2559 2495; x_wconf 72' lang='lat' dir='ltr'><strong>Victorinus</strong></span> <span class='ocrx_word' id='word_1_303' title='bbox 2581 2439 2633 2494; x_wconf 92' lang='lat' dir='ltr'><strong>id</strong></span> <span class='ocrx_word' id='word_1_304' title='bbox 2657 2450 2939 2511; x_wconf 80' lang='lat' dir='ltr'><strong>expertus,</strong></span> <span class='ocrx_word' id='word_1_305' title='bbox 2963 2442 3120 2498; x_wconf 83' lang='lat' dir='ltr'><strong>datus</strong></span> <span class='ocrx_word' id='word_1_306' title='bbox 3144 2442 3335 2503; x_wconf 83' lang='lat' dir='ltr'><strong>obvius</strong></span> <span class='ocrx_word' id='word_1_307' title='bbox 3354 2442 3520 2510; x_wconf 84' lang='lat' dir='ltr'><strong>almo,</strong></span> 
     </span>
    </p>
   </div>
   <div class='ocr_carea' id='block_1_52' title="bbox 2174 2529 3544 2604">
    <p class='ocr_par' dir='ltr' id='par_1_52' title="bbox 2174 2529 3544 2604">
     <span class='ocr_line' id='line_1_54' title="bbox 2174 2529 3544 2604; baseline 0.004 -16"><span class='ocrx_word' id='word_1_308' title='bbox 2174 2529 2285 2588; x_wconf 87' lang='lat' dir='ltr'><strong>Nec</strong></span> <span class='ocrx_word' id='word_1_309' title='bbox 2312 2547 2463 2588; x_wconf 84' lang='lat' dir='ltr'><strong>mora</strong></span> <span class='ocrx_word' id='word_1_310' title='bbox 2492 2542 2730 2599; x_wconf 90' lang='lat' dir='ltr'><strong>curatus,</strong></span> <span class='ocrx_word' id='word_1_311' title='bbox 2756 2544 2939 2604; x_wconf 77' lang='lat' dir='ltr'><strong>grates</strong></span> <span class='ocrx_word' id='word_1_312' title='bbox 2963 2537 3143 2591; x_wconf 84' lang='lat' dir='ltr'><strong>studet</strong></span> <span class='ocrx_word' id='word_1_313' title='bbox 3167 2536 3329 2592; x_wconf 86' lang='lat' dir='ltr'><strong>edere</strong></span> <span class='ocrx_word' id='word_1_314' title='bbox 3358 2550 3544 2593; x_wconf 88' lang='lat' dir='ltr'><strong>sanus.</strong></span> 
     </span>
    </p>
   </div>
   <div class='ocr_carea' id='block_1_53' title="bbox 2177 2621 3513 2695">
    <p class='ocr_par' dir='ltr' id='par_1_53' title="bbox 2177 2621 3513 2695">
     <span class='ocr_line' id='line_1_55' title="bbox 2177 2621 3513 2695; baseline 0.003 -18"><span class='ocrx_word' id='word_1_315' title='bbox 2177 2621 2268 2677; x_wconf 87' lang='lat' dir='ltr'><strong>Sic</strong></span> <span class='ocrx_word' id='word_1_316' title='bbox 2291 2637 2424 2693; x_wconf 87' lang='lat' dir='ltr'><strong>puer</strong></span> <span class='ocrx_word' id='word_1_317' title='bbox 2450 2639 2742 2694; x_wconf 90' lang='lat' dir='ltr'><strong>oppressus</strong></span> <span class='ocrx_word' id='word_1_318' title='bbox 2765 2640 3013 2695; x_wconf 66' lang='lat' dir='ltr'><strong>saevoque</strong></span> <span class='ocrx_word' id='word_1_319' title='bbox 3041 2625 3254 2681; x_wconf 83' lang='lat' dir='ltr'><strong>latrone</strong></span> <span class='ocrx_word' id='word_1_320' title='bbox 3272 2634 3513 2692; x_wconf 79' lang='lat' dir='ltr'><strong>voratus,</strong></span> 
     </span>
    </p>
   </div>
   <div class='ocr_carea' id='block_1_54' title="bbox 2169 2711 3361 2786">
    <p class='ocr_par' dir='ltr' id='par_1_54' title="bbox 2169 2711 3361 2786">
     <span class='ocr_line' id='line_1_56' title="bbox 2169 2711 3361 2786; baseline 0.004 -18"><span class='ocrx_word' id='word_1_321' title='bbox 2169 2711 2395 2768; x_wconf 79' lang='lat' dir='ltr'><strong>Abbatis</strong></span> <span class='ocrx_word' id='word_1_322' title='bbox 2424 2721 2553 2768; x_wconf 88' lang='lat' dir='ltr'><strong>nutu</strong></span> <span class='ocrx_word' id='word_1_323' title='bbox 2587 2714 2726 2770; x_wconf 89' lang='lat' dir='ltr'><strong>redit</strong></span> <span class='ocrx_word' id='word_1_324' title='bbox 2762 2723 2879 2770; x_wconf 83' lang='lat' dir='ltr'><strong>atra</strong></span> <span class='ocrx_word' id='word_1_325' title='bbox 2907 2715 3060 2771; x_wconf 82' lang='lat' dir='ltr'><strong>fauce</strong></span> <span class='ocrx_word' id='word_1_326' title='bbox 3086 2725 3361 2786; x_wconf 84' lang='lat' dir='ltr'><strong>receptus.</strong></span> 
     </span>
    </p>
   </div>
   <div class='ocr_carea' id='block_1_55' title="bbox 2169 2804 3460 2878">
    <p class='ocr_par' dir='ltr' id='par_1_55' title="bbox 2169 2804 3460 2878">
     <span class='ocr_line' id='line_1_57' title="bbox 2169 2804 3460 2878; baseline 0.005 -19"><span class='ocrx_word' id='word_1_327' title='bbox 2169 2804 2369 2859; x_wconf 82' lang='lat' dir='ltr'><strong>Tabem</strong></span> <span class='ocrx_word' id='word_1_328' title='bbox 2395 2806 2557 2861; x_wconf 88' lang='lat' dir='ltr'><strong>etiam</strong></span> <span class='ocrx_word' id='word_1_329' title='bbox 2585 2805 2746 2876; x_wconf 62' lang='lat' dir='ltr'><strong>lepra</strong></span> <span class='ocrx_word' id='word_1_330' title='bbox 2769 2821 2966 2877; x_wconf 87' lang='lat' dir='ltr'><strong>supero</strong></span> <span class='ocrx_word' id='word_1_331' title='bbox 2992 2808 3205 2878; x_wconf 87' lang='lat' dir='ltr'><strong>depellit</strong></span> <span class='ocrx_word' id='word_1_332' title='bbox 3230 2810 3460 2875; x_wconf 88' lang='lat' dir='ltr'><strong>honore,</strong></span> 
     </span>
    </p>
   </div>
   <div class='ocr_carea' id='block_1_56' title="bbox 2170 2902 3563 2977">
    <p class='ocr_par' dir='ltr' id='par_1_56' title="bbox 2170 2902 3563 2977">
     <span class='ocr_line' id='line_1_58' title="bbox 2170 2902 3563 2977; baseline 0.005 -21"><span class='ocrx_word' id='word_1_333' title='bbox 2170 2902 2236 2957; x_wconf 87' lang='lat' dir='ltr'><strong>Et</strong></span> <span class='ocrx_word' id='word_1_334' title='bbox 2261 2902 2486 2958; x_wconf 89' lang='lat' dir='ltr'><strong>medicis</strong></span> <span class='ocrx_word' id='word_1_335' title='bbox 2510 2903 2873 2974; x_wconf 85' lang='lat' dir='ltr'><strong>desperatum,</strong></span> <span class='ocrx_word' id='word_1_336' title='bbox 2900 2919 3058 2960; x_wconf 83' lang='lat' dir='ltr'><strong>sacro</strong></span> <span class='ocrx_word' id='word_1_337' title='bbox 3088 2905 3338 2977; x_wconf 78' lang='lat' dir='ltr'><strong>unguine</strong></span> <span class='ocrx_word' id='word_1_338' title='bbox 3357 2905 3563 2963; x_wconf 79' lang='lat' dir='ltr'><strong>salvum</strong></span> 
     </span>
    </p>
   </div>
   <div class='ocr_carea' id='block_1_57' title="bbox 2168 2990 3471 3067">
    <p class='ocr_par' dir='ltr' id='par_1_57' title="bbox 2168 2990 3471 3067">
     <span class='ocr_line' id='line_1_59' title="bbox 2168 2990 3471 3067; baseline 0.008 -23"><span class='ocrx_word' id='word_1_339' title='bbox 2168 2990 2295 3045; x_wconf 82' lang='lat' dir='ltr'><strong>Post</strong></span> <span class='ocrx_word' id='word_1_340' title='bbox 2319 2993 2404 3061; x_wconf 87' lang='lat' dir='ltr'><strong>pia</strong></span> <span class='ocrx_word' id='word_1_341' title='bbox 2438 3002 2561 3049; x_wconf 85' lang='lat' dir='ltr'><strong>vota</strong></span> <span class='ocrx_word' id='word_1_342' title='bbox 2587 2993 2733 3057; x_wconf 86' lang='lat' dir='ltr'><strong>facit.</strong></span> <span class='ocrx_word' id='word_1_343' title='bbox 2765 3004 3050 3065; x_wconf 84' lang='lat' dir='ltr'><strong>postquam</strong></span> <span class='ocrx_word' id='word_1_344' title='bbox 3067 2996 3272 3067; x_wconf 74' lang='lat' dir='ltr'><strong>jejunis</strong></span> <span class='ocrx_word' id='word_1_345' title='bbox 3302 2998 3471 3054; x_wconf 85' lang='lat' dir='ltr'><strong>ducit.</strong></span> 
     </span>
    </p>
   </div>
   <div class='ocr_carea' id='block_1_58' title="bbox 2167 3082 3585 3159">
    <p class='ocr_par' dir='ltr' id='par_1_58' title="bbox 2167 3082 3585 3159">
     <span class='ocr_line' id='line_1_60' title="bbox 2167 3082 3585 3159; baseline 0.008 -23"><span class='ocrx_word' id='word_1_346' title='bbox 2167 3082 2342 3153; x_wconf 85' lang='lat' dir='ltr'><strong>Atque</strong></span> <span class='ocrx_word' id='word_1_347' title='bbox 2364 3084 2435 3138; x_wconf 90' lang='lat' dir='ltr'><strong>ita</strong></span> <span class='ocrx_word' id='word_1_348' title='bbox 2472 3084 2589 3140; x_wconf 89' lang='lat' dir='ltr'><strong>labe</strong></span> <span class='ocrx_word' id='word_1_349' title='bbox 2614 3094 2817 3153; x_wconf 89' lang='lat' dir='ltr'><strong>cutem,</strong></span> <span class='ocrx_word' id='word_1_350' title='bbox 2842 3089 2997 3144; x_wconf 88' lang='lat' dir='ltr'><strong>sanie</strong></span> <span class='ocrx_word' id='word_1_351' title='bbox 3017 3089 3097 3144; x_wconf 82' lang='lat' dir='ltr'><strong>sic</strong></span> <span class='ocrx_word' id='word_1_352' title='bbox 3125 3089 3328 3151; x_wconf 85' lang='lat' dir='ltr'><strong>viscera</strong></span> <span class='ocrx_word' id='word_1_353' title='bbox 3355 3091 3585 3159; x_wconf 73' lang='lat' dir='ltr'><strong>mundat.</strong></span> 
     </span>
    </p>
   </div>
   <div class='ocr_carea' id='block_1_59' title="bbox 2168 3169 3562 3252">
    <p class='ocr_par' dir='ltr' id='par_1_59' title="bbox 2168 3169 3562 3252">
     <span class='ocr_line' id='line_1_61' title="bbox 2168 3169 3562 3252; baseline 0.005 -20"><span class='ocrx_word' id='word_1_354' title='bbox 2168 3169 2239 3232; x_wconf 88' lang='lat' dir='ltr'><strong>Ut</strong></span> <span class='ocrx_word' id='word_1_355' title='bbox 2267 3174 2439 3231; x_wconf 89' lang='lat' dir='ltr'><strong>morbi</strong></span> <span class='ocrx_word' id='word_1_356' title='bbox 2470 3182 2595 3245; x_wconf 86' lang='lat' dir='ltr'><strong>post</strong></span> <span class='ocrx_word' id='word_1_357' title='bbox 2626 3175 2774 3233; x_wconf 88' lang='lat' dir='ltr'><strong>nulla</strong></span> <span class='ocrx_word' id='word_1_358' title='bbox 2805 3176 2969 3234; x_wconf 84' lang='lat' dir='ltr'><strong>decus</strong></span> <span class='ocrx_word' id='word_1_359' title='bbox 2987 3176 3058 3210; x_wconf 78' lang='lat'><strong>“°</strong></span> <span class='ocrx_word' id='word_1_360' title='bbox 3086 3180 3315 3251; x_wconf 85' lang='lat' dir='ltr'><strong>vestigia</strong></span> <span class='ocrx_word' id='word_1_361' title='bbox 3336 3180 3562 3252; x_wconf 85' lang='lat' dir='ltr'><strong>linquat.</strong></span> 
     </span>
    </p>
   </div>
   <div class='ocr_carea' id='block_1_60' title="bbox 1890 3340 2300 3402">
    <p class='ocr_par' dir='ltr' id='par_1_60' title="bbox 1890 3340 2300 3402">
     <span class='ocr_line' id='line_1_62' title="bbox 1890 3340 2300 3402; baseline 0.007 -5"><span class='ocrx_word' id='word_1_362' title='bbox 1890 3340 2117 3400; x_wconf 81' lang='lat' dir='ltr'><strong>CAPUT</strong></span> <span class='ocrx_word' id='word_1_363' title='bbox 2158 3343 2300 3402; x_wconf 78' lang='lat' dir='ltr'><strong>XXI.</strong></span> 
     </span>
    </p>
   </div>
   <div class='ocr_carea' id='block_1_61' title="bbox 1459 3440 2723 3522">
    <p class='ocr_par' dir='ltr' id='par_1_61' title="bbox 1459 3440 2723 3522">
     <span class='ocr_line' id='line_1_63' title="bbox 1459 3440 2723 3522; baseline 0.016 -25"><span class='ocrx_word' id='word_1_364' title='bbox 1459 3440 1539 3498; x_wconf 84' lang='lat' dir='ltr'><strong>De</strong></span> <span class='ocrx_word' id='word_1_365' title='bbox 1562 3440 1755 3505; x_wconf 74' lang='lat' dir='ltr'><strong>sanctis</strong></span> <span class='ocrx_word' id='word_1_366' title='bbox 1786 3451 2072 3518; x_wconf 72' lang='lat' dir='ltr'><strong>Blidulplto</strong></span> <span class='ocrx_word' id='word_1_367' title='bbox 2099 3466 2149 3511; x_wconf 83' lang='lat' dir='ltr'><strong>et</strong></span> <span class='ocrx_word' id='word_1_368' title='bbox 2178 3457 2415 3522; x_wconf 78' lang='lat' dir='ltr'><strong>Meroveo</strong></span> <span class='ocrx_word' id='word_1_369' title='bbox 2446 3458 2723 3517; x_wconf 79' lang='lat' dir='ltr'><strong>monacho.</strong></span> 
     </span>
    </p>
   </div>
   <div class='ocr_carea' id='block_1_62' title="bbox 556 3556 1816 3647">
    <p class='ocr_par' dir='ltr' id='par_1_62' title="bbox 556 3556 1816 3647">
     <span class='ocr_line' id='line_1_64' title="bbox 556 3556 1816 3647; baseline 0.018 -32"><span class='ocrx_word' id='word_1_370' title='bbox 556 3556 720 3630; x_wconf 83' lang='lat' dir='ltr'><strong>Signa</strong></span> <span class='ocrx_word' id='word_1_371' title='bbox 753 3560 1015 3619; x_wconf 78' lang='lat' dir='ltr'><strong>salutiferi</strong></span> <span class='ocrx_word' id='word_1_372' title='bbox 1048 3570 1283 3627; x_wconf 89' lang='lat' dir='ltr'><strong>nemoris</strong></span> <span class='ocrx_word' id='word_1_373' title='bbox 1311 3571 1426 3629; x_wconf 65' lang='lat' dir='ltr'><strong>haec</strong></span> <span class='ocrx_word' id='word_1_374' title='bbox 1452 3575 1651 3647; x_wconf 79' lang='lat' dir='ltr'><strong>inclyta</strong></span> <span class='ocrx_word' id='word_1_375' title='bbox 1680 3581 1816 3640; x_wconf 69' lang='lat' dir='ltr'><strong>laetis</strong></span> 
     </span>
    </p>
   </div>
   <div class='ocr_carea' id='block_1_63' title="bbox 481 3646 1860 3738">
    <p class='ocr_par' dir='ltr' id='par_1_63' title="bbox 481 3646 1860 3738">
     <span class='ocr_line' id='line_1_65' title="bbox 481 3646 1860 3738; baseline 0.018 -32"><span class='ocrx_word' id='word_1_376' title='bbox 481 3646 771 3708; x_wconf 81' lang='lat' dir='ltr'><strong>Fructibus</strong></span> <span class='ocrx_word' id='word_1_377' title='bbox 798 3653 1053 3727; x_wconf 86' lang='lat' dir='ltr'><strong>etl&#39;ulgent</strong></span> <span class='ocrx_word' id='word_1_378' title='bbox 1082 3661 1310 3733; x_wconf 54' lang='lat' dir='ltr'><strong>vitaeque</strong></span> <span class='ocrx_word' id='word_1_379' title='bbox 1343 3646 1642 3738; x_wconf 81' lang='lat' dir='ltr'><strong>fragrantia</strong></span> <span class='ocrx_word' id='word_1_380' title='bbox 1673 3684 1860 3731; x_wconf 89' lang='lat' dir='ltr'><strong>nectar</strong></span> 
     </span>
    </p>
   </div>
   <div class='ocr_carea' id='block_1_64' title="bbox 434 3740 1767 3831">
    <p class='ocr_par' dir='ltr' id='par_1_64' title="bbox 434 3740 1767 3831">
     <span class='ocr_line' id='line_1_66' title="bbox 434 3740 1767 3831; baseline 0.02 -39"><span class='ocrx_word' id='word_1_381' title='bbox 434 3772 442 3780; x_wconf 67' lang='grc' dir='ltr'><em>ς</em></span> <span class='ocrx_word' id='word_1_382' title='bbox 468 3740 732 3831; x_wconf 48' lang='grc' dir='ltr'><strong>,ξερῑωηι</strong></span> <span class='ocrx_word' id='word_1_383' title='bbox 765 3745 957 3802; x_wconf 89' lang='lat' dir='ltr'><strong>devota</strong></span> <span class='ocrx_word' id='word_1_384' title='bbox 988 3749 1094 3804; x_wconf 88' lang='lat' dir='ltr'><strong>Deo</strong></span> <span class='ocrx_word' id='word_1_385' title='bbox 1116 3751 1243 3806; x_wconf 90' lang='lat' dir='ltr'><strong>dum</strong></span> <span class='ocrx_word' id='word_1_386' title='bbox 1275 3754 1493 3826; x_wconf 77' lang='lat' dir='ltr'><strong>pignOra</strong></span> <span class='ocrx_word' id='word_1_387' title='bbox 1522 3761 1767 3831; x_wconf 82' lang='lat' dir='ltr'><strong>gignunt.</strong></span> 
     </span>
    </p>
   </div>
   <div class='ocr_carea' id='block_1_65' title="bbox 479 3825 1805 3916">
    <p class='ocr_par' dir='ltr' id='par_1_65' title="bbox 479 3825 1805 3916">
     <span class='ocr_line' id='line_1_67' title="bbox 479 3825 1805 3916; baseline 0.024 -37"><span class='ocrx_word' id='word_1_388' title='bbox 479 3825 717 3898; x_wconf 82' lang='lat' dir='ltr'><strong>Quorum</strong></span> <span class='ocrx_word' id='word_1_389' title='bbox 742 3835 1035 3904; x_wconf 88' lang='lat' dir='ltr'><strong>persistens</strong></span> <span class='ocrx_word' id='word_1_390' title='bbox 1065 3840 1235 3898; x_wconf 88' lang='lat' dir='ltr'><strong>solido</strong></span> <span class='ocrx_word' id='word_1_391' title='bbox 1263 3825 1805 3916; x_wconf 41' lang='lat' dir='ltr'><strong>Blidulphus&#39;bonore</strong></span> 
     </span>
    </p>
   </div>
   <div class='ocr_carea' id='block_1_66' title="bbox 473 3915 1776 4012">
    <p class='ocr_par' dir='ltr' id='par_1_66' title="bbox 473 3915 1776 4012">
     <span class='ocr_line' id='line_1_68' title="bbox 473 3915 1776 4012; baseline 0.018 -38"><span class='ocrx_word' id='word_1_392' title='bbox 473 3915 724 3977; x_wconf 78' lang='lat' dir='ltr'><strong>Numinis</strong></span> <span class='ocrx_word' id='word_1_393' title='bbox 746 3921 935 3980; x_wconf 85' lang='lat' dir='ltr'><strong>insecti</strong></span> <span class='ocrx_word' id='word_1_394' title='bbox 965 3938 1206 3986; x_wconf 84' lang='lat' dir='ltr'><strong>assertor</strong></span> <span class='ocrx_word' id='word_1_395' title='bbox 1231 3915 1521 4007; x_wconf 88' lang='lat' dir='ltr'><strong>coramque</strong></span> <span class='ocrx_word' id='word_1_396' title='bbox 1544 3949 1776 4012; x_wconf 85' lang='lat' dir='ltr'><strong>tyranno</strong></span> 
     </span>
    </p>
   </div>
   <div class='ocr_carea' id='block_1_67' title="bbox 477 4006 1852 4101">
    <p class='ocr_par' dir='ltr' id='par_1_67' title="bbox 477 4006 1852 4101">
     <span class='ocr_line' id='line_1_69' title="bbox 477 4006 1852 4101; baseline 0.02 -39"><span class='ocrx_word' id='word_1_397' title='bbox 477 4006 865 4068; x_wconf 74' lang='lat' dir='ltr'><strong>Indirisibilem</strong></span> <span class='ocrx_word' id='word_1_398' title='bbox 888 4014 1217 4088; x_wconf 83' lang='lat' dir='ltr'><strong>iaudansque</strong></span> <span class='ocrx_word' id='word_1_399' title='bbox 1243 4006 1551 4097; x_wconf 72' lang='lat' dir='ltr'><strong>ducensque</strong></span> <span class='ocrx_word' id='word_1_400' title='bbox 1565 4006 1852 4101; x_wconf 72' lang='lat' dir='ltr'><strong>decorem,</strong></span> 
     </span>
    </p>
   </div>
   <div class='ocr_carea' id='block_1_68' title="bbox 475 4098 1670 4193">
    <p class='ocr_par' dir='ltr' id='par_1_68' title="bbox 475 4098 1670 4193">
     <span class='ocr_line' id='line_1_70' title="bbox 475 4098 1670 4193; baseline 0.022 -41"><span class='ocrx_word' id='word_1_401' title='bbox 475 4098 739 4158; x_wconf 89' lang='lat' dir='ltr'><strong>Culminis</strong></span> <span class='ocrx_word' id='word_1_402' title='bbox 764 4105 983 4162; x_wconf 64' lang='lat' dir='ltr'><strong>aetherei</strong></span> <span class='ocrx_word' id='word_1_403' title='bbox 1006 4108 1177 4168; x_wconf 89' lang='lat' dir='ltr'><strong>furias</strong></span> <span class='ocrx_word' id='word_1_404' title='bbox 1198 4119 1443 4175; x_wconf 89' lang='lat' dir='ltr'><strong>accendit</strong></span> <span class='ocrx_word' id='word_1_405' title='bbox 1470 4121 1670 4193; x_wconf 88' lang='lat' dir='ltr'><strong>iniqui;</strong></span> 
     </span>
    </p>
   </div>
   <div class='ocr_carea' id='block_1_69' title="bbox 469 4187 1757 4283">
    <p class='ocr_par' dir='ltr' id='par_1_69' title="bbox 469 4187 1757 4283">
     <span class='ocr_line' id='line_1_71' title="bbox 469 4187 1757 4283; baseline 0.021 -41"><span class='ocrx_word' id='word_1_406' title='bbox 469 4187 530 4242; x_wconf 91' lang='lat' dir='ltr'><strong>In</strong></span> <span class='ocrx_word' id='word_1_407' title='bbox 566 4205 662 4245; x_wconf 90' lang='lat' dir='ltr'><strong>sua</strong></span> <span class='ocrx_word' id='word_1_408' title='bbox 691 4190 801 4247; x_wconf 84' lang='lat' dir='ltr'><strong>fata</strong></span> <span class='ocrx_word' id='word_1_409' title='bbox 826 4194 979 4252; x_wconf 91' lang='lat' dir='ltr'><strong>ducis</strong></span> <span class='ocrx_word' id='word_1_410' title='bbox 1003 4205 1264 4260; x_wconf 86' lang='lat' dir='ltr'><strong>secretius</strong></span> <span class='ocrx_word' id='word_1_411' title='bbox 1299 4222 1448 4263; x_wconf 87' lang='lat' dir='ltr'><strong>arma</strong></span> <span class='ocrx_word' id='word_1_412' title='bbox 1477 4187 1757 4283; x_wconf 68' lang='lat' dir='ltr'><strong>parantur,</strong></span> 
     </span>
    </p>
   </div>
   <div class='ocr_carea' id='block_1_70' title="bbox 471 4272 1872 4376">
    <p class='ocr_par' dir='ltr' id='par_1_70' title="bbox 471 4272 1872 4376">
     <span class='ocr_line' id='line_1_72' title="bbox 471 4272 1872 4376; baseline 0.023 -46"><span class='ocrx_word' id='word_1_413' title='bbox 471 4272 646 4376; x_wconf 48' lang='lat' dir='ltr'><strong>Praus</strong></span> <span class='ocrx_word' id='word_1_414' title='bbox 677 4288 817 4337; x_wconf 87' lang='lat' dir='ltr'><strong>tecta</strong></span> <span class='ocrx_word' id='word_1_415' title='bbox 845 4283 1153 4358; x_wconf 86' lang='lat' dir='ltr'><strong>instruitur,</strong></span> <span class='ocrx_word' id='word_1_416' title='bbox 1182 4294 1380 4351; x_wconf 88' lang='lat' dir='ltr'><strong>bellum</strong></span> <span class='ocrx_word' id='word_1_417' title='bbox 1416 4272 1579 4356; x_wconf 71' lang='lat' dir='ltr'><strong>ferale</strong></span> <span class='ocrx_word' id='word_1_418' title='bbox 1609 4272 1872 4376; x_wconf 77' lang='lat' dir='ltr'><strong>movetur,</strong></span> 
     </span>
    </p>
   </div>
   <div class='ocr_carea' id='block_1_71' title="bbox 474 4364 1792 4459">
    <p class='ocr_par' dir='ltr' id='par_1_71' title="bbox 474 4364 1792 4459">
     <span class='ocr_line' id='line_1_73' title="bbox 474 4364 1792 4459; baseline 0.024 -42"><span class='ocrx_word' id='word_1_419' title='bbox 474 4364 599 4459; x_wconf 67' lang='lat' dir='ltr'><strong>Veri</strong></span> <span class='ocrx_word' id='word_1_420' title='bbox 631 4383 808 4437; x_wconf 68' lang='lat' dir='ltr'><strong>praeco</strong></span> <span class='ocrx_word' id='word_1_421' title='bbox 834 4373 970 4430; x_wconf 87' lang='lat' dir='ltr'><strong>dolis</strong></span> <span class='ocrx_word' id='word_1_422' title='bbox 997 4381 1201 4447; x_wconf 89' lang='lat' dir='ltr'><strong>petitur</strong></span> <span class='ocrx_word' id='word_1_423' title='bbox 1234 4384 1509 4459; x_wconf 72' lang='lat' dir='ltr'><strong>plagisque</strong></span> <span class='ocrx_word' id='word_1_424' title='bbox 1538 4391 1792 4449; x_wconf 90' lang='lat' dir='ltr'><strong>subactus</strong></span> 
     </span>
    </p>
   </div>
   <div class='ocr_carea' id='block_1_72' title="bbox 468 4458 1839 4547">
    <p class='ocr_par' dir='ltr' id='par_1_72' title="bbox 468 4458 1839 4547">
     <span class='ocr_line' id='line_1_74' title="bbox 468 4458 1839 4547; baseline 0.018 -26"><span class='ocrx_word' id='word_1_425' title='bbox 468 4458 726 4523; x_wconf 83' lang='lat' dir='ltr'><strong>Fustibus</strong></span> <span class='ocrx_word' id='word_1_426' title='bbox 758 4468 1020 4529; x_wconf 86' lang='lat' dir='ltr'><strong>obteritur</strong></span> <span class='ocrx_word' id='word_1_427' title='bbox 1045 4478 1273 4545; x_wconf 88' lang='lat' dir='ltr'><strong>crebris,</strong></span> <span class='ocrx_word' id='word_1_428' title='bbox 1307 4481 1433 4537; x_wconf 93' lang='lat' dir='ltr'><strong>dum</strong></span> <span class='ocrx_word' id='word_1_429' title='bbox 1459 4498 1614 4539; x_wconf 88' lang='lat' dir='ltr'><strong>sensa</strong></span> <span class='ocrx_word' id='word_1_430' title='bbox 1639 4486 1839 4547; x_wconf 87' lang='lat' dir='ltr'><strong>doloris</strong></span> 
     </span>
    </p>
   </div>
   <div class='ocr_carea' id='block_1_73' title="bbox 471 4554 1719 4646">
    <p class='ocr_par' dir='ltr' id='par_1_73' title="bbox 471 4554 1719 4646">
     <span class='ocr_line' id='line_1_75' title="bbox 471 4554 1719 4646; baseline 0.022 -39"><span class='ocrx_word' id='word_1_431' title='bbox 471 4554 764 4615; x_wconf 74' lang='lat' dir='ltr'><strong>Mar-talum</strong></span> <span class='ocrx_word' id='word_1_432' title='bbox 795 4560 1021 4634; x_wconf 86' lang='lat' dir='ltr'><strong>liquisse</strong></span> <span class='ocrx_word' id='word_1_433' title='bbox 1043 4578 1222 4637; x_wconf 89' lang='lat' dir='ltr'><strong>patet;</strong></span> <span class='ocrx_word' id='word_1_434' title='bbox 1263 4571 1342 4627; x_wconf 89' lang='lat' dir='ltr'><strong>sic</strong></span> <span class='ocrx_word' id='word_1_435' title='bbox 1380 4576 1589 4646; x_wconf 85' lang='lat' dir='ltr'><strong>hospite</strong></span> <span class='ocrx_word' id='word_1_436' title='bbox 1614 4579 1719 4635; x_wconf 84' lang='lat' dir='ltr'><strong>fido</strong></span> 
     </span>
    </p>
   </div>
   <div class='ocr_carea' id='block_1_74' title="bbox 467 4649 1853 4735">
    <p class='ocr_par' dir='ltr' id='par_1_74' title="bbox 467 4649 1853 4735">
     <span class='ocr_line' id='line_1_76' title="bbox 467 4649 1853 4735; baseline 0.019 -33"><span class='ocrx_word' id='word_1_437' title='bbox 467 4649 735 4713; x_wconf 66' lang='lat' dir='ltr'><strong>Quiesitus</strong></span> <span class='ocrx_word' id='word_1_438' title='bbox 756 4669 916 4711; x_wconf 90' lang='lat' dir='ltr'><strong>sensu</strong></span> <span class='ocrx_word' id='word_1_439' title='bbox 945 4667 1108 4728; x_wconf 86' lang='lat' dir='ltr'><strong>atque</strong></span> <span class='ocrx_word' id='word_1_440' title='bbox 1133 4658 1314 4733; x_wconf 82' lang='lat' dir='ltr'><strong>ﬂagris</strong></span> <span class='ocrx_word' id='word_1_441' title='bbox 1352 4669 1619 4735; x_wconf 72' lang='lat' dir='ltr'><strong>reperitur</strong></span> <span class='ocrx_word' id='word_1_442' title='bbox 1658 4672 1853 4735; x_wconf 83' lang='lat' dir='ltr'><strong>inanis.</strong></span> 
     </span>
    </p>
   </div>
   <div class='ocr_carea' id='block_1_75' title="bbox 460 4738 1660 4830">
    <p class='ocr_par' dir='ltr' id='par_1_75' title="bbox 460 4738 1660 4830">
     <span class='ocr_line' id='line_1_77' title="bbox 460 4738 1660 4830; baseline 0.019 -37"><span class='ocrx_word' id='word_1_443' title='bbox 460 4738 682 4798; x_wconf 79' lang='lat' dir='ltr'><strong>Excitus</strong></span> <span class='ocrx_word' id='word_1_444' title='bbox 707 4751 766 4802; x_wconf 89' lang='lat' dir='ltr'><strong>ut</strong></span> <span class='ocrx_word' id='word_1_445' title='bbox 795 4762 983 4809; x_wconf 75' lang='lat' dir='ltr'><strong>somno</strong></span> <span class='ocrx_word' id='word_1_446' title='bbox 1011 4754 1127 4808; x_wconf 87' lang='lat' dir='ltr'><strong>miti</strong></span> <span class='ocrx_word' id='word_1_447' title='bbox 1166 4756 1430 4813; x_wconf 84' lang='lat' dir='ltr'><strong>dormisse</strong></span> <span class='ocrx_word' id='word_1_448' title='bbox 1468 4775 1660 4830; x_wconf 80' lang='lat' dir='ltr'><strong>scpore</strong></span> 
     </span>
    </p>
   </div>
   <div class='ocr_carea' id='block_1_76' title="bbox 461 4828 1972 4921">
    <p class='ocr_par' dir='ltr' id='par_1_76' title="bbox 461 4828 1972 4921">
     <span class='ocr_line' id='line_1_78' title="bbox 461 4828 1972 4921; baseline 0.021 -41"><span class='ocrx_word' id='word_1_449' title='bbox 461 4828 642 4921; x_wconf 63' lang='lat' dir='ltr'><strong>lliitius</strong></span> <span class='ocrx_word' id='word_1_450' title='bbox 671 4844 834 4904; x_wconf 84' lang='lat' dir='ltr'><strong>atque</strong></span> <span class='ocrx_word' id='word_1_451' title='bbox 860 4854 1095 4909; x_wconf 89' lang='lat' dir='ltr'><strong>unquam</strong></span> <span class='ocrx_word' id='word_1_452' title='bbox 1124 4846 1411 4912; x_wconf 86' lang='lat' dir='ltr'><strong>perhibens</strong></span> <span class='ocrx_word' id='word_1_453' title='bbox 1441 4828 1547 4903; x_wconf 80' lang='lat' dir='ltr'><strong>stat</strong></span> <span class='ocrx_word' id='word_1_454' title='bbox 1568 4853 1785 4909; x_wconf 88' lang='lat' dir='ltr'><strong>vulnere</strong></span> <span class='ocrx_word' id='word_1_455' title='bbox 1816 4855 1972 4921; x_wconf 88' lang='lat' dir='ltr'><strong>lil:er,</strong></span> 
     </span>
    </p>
   </div>
   <div class='ocr_carea' id='block_1_77' title="bbox 471 4918 1610 4997">
    <p class='ocr_par' dir='ltr' id='par_1_77' title="bbox 471 4918 1610 4997">
     <span class='ocr_line' id='line_1_79' title="bbox 471 4918 1610 4997; baseline 0.019 -25"><span class='ocrx_word' id='word_1_456' title='bbox 471 4918 684 4976; x_wconf 90' lang='lat' dir='ltr'><strong>Inscius</strong></span> <span class='ocrx_word' id='word_1_457' title='bbox 712 4930 956 4997; x_wconf 82' lang='lat' dir='ltr'><strong>angoris,</strong></span> <span class='ocrx_word' id='word_1_458' title='bbox 983 4934 1124 4985; x_wconf 89' lang='lat' dir='ltr'><strong>tenui</strong></span> <span class='ocrx_word' id='word_1_459' title='bbox 1158 4935 1329 4990; x_wconf 79' lang='lat' dir='ltr'><strong>vibice</strong></span> <span class='ocrx_word' id='word_1_460' title='bbox 1360 4948 1610 4994; x_wconf 88' lang='lat' dir='ltr'><strong>notentur</strong></span> 
     </span>
    </p>
   </div>
   <div class='ocr_carea' id='block_1_78' title="bbox 460 5007 1739 5102">
    <p class='ocr_par' dir='ltr' id='par_1_78' title="bbox 460 5007 1739 5102">
     <span class='ocr_line' id='line_1_80' title="bbox 460 5007 1739 5102; baseline 0.019 -36"><span class='ocrx_word' id='word_1_461' title='bbox 460 5007 701 5069; x_wconf 82' lang='lat' dir='ltr'><strong>Membra</strong></span> <span class='ocrx_word' id='word_1_462' title='bbox 726 5014 869 5086; x_wconf 85' lang='lat' dir='ltr'><strong>licet,</strong></span> <span class='ocrx_word' id='word_1_463' title='bbox 900 5024 1073 5085; x_wconf 86' lang='lat' dir='ltr'><strong>nescit</strong></span> <span class='ocrx_word' id='word_1_464' title='bbox 1095 5024 1198 5079; x_wconf 85' lang='lat' dir='ltr'><strong>diri</strong></span> <span class='ocrx_word' id='word_1_465' title='bbox 1227 5031 1533 5087; x_wconf 84' lang='lat' dir='ltr'><strong>meminisse</strong></span> <span class='ocrx_word' id='word_1_466' title='bbox 1556 5035 1739 5102; x_wconf 87' lang='lat' dir='ltr'><strong>duelli,</strong></span> 
     </span>
    </p>
   </div>
   <div class='ocr_carea' id='block_1_79' title="bbox 453 5097 1805 5156">
    <p class='ocr_par' dir='ltr' id='par_1_79' title="bbox 453 5097 1805 5156">
     <span class='ocr_line' id='line_1_81' title="bbox 453 5097 1805 5156; baseline 0.001 -2"><span class='ocrx_word' id='word_1_467' title='bbox 453 5097 565 5156; x_wconf 61' lang='lat' dir='ltr'><strong>Nec</strong></span> <span class='ocrx_word' id='word_1_468' title='bbox 594 5111 967 5156; x_wconf 66' lang='lat' dir='ltr'><strong>ternm-starem</strong></span> <span class='ocrx_word' id='word_1_469' title='bbox 998 5123 1175 5156; x_wconf 79' lang='lat' dir='ltr'><strong>Innmn</strong></span> <span class='ocrx_word' id='word_1_470' title='bbox 1212 5118 1344 5156; x_wconf 78' lang='lat' dir='ltr'><strong>nllin</strong></span> <span class='ocrx_word' id='word_1_471' title='bbox 1373 5130 1612 5156; x_wconf 68' lang='lat' dir='ltr'><strong>Inmwnrn</strong></span> <span class='ocrx_word' id='word_1_472' title='bbox 1639 5128 1805 5156; x_wconf 58' lang='lat' dir='ltr'><strong>mut...</strong></span> 
     </span>
    </p>
   </div>
   <div class='ocr_carea' id='block_1_80' title="bbox 2079 3581 3517 3669">
    <p class='ocr_par' dir='ltr' id='par_1_80' title="bbox 2079 3581 3517 3669">
     <span class='ocr_line' id='line_1_82' title="bbox 2079 3581 3517 3669; baseline 0.01 -26"><span class='ocrx_word' id='word_1_473' title='bbox 2079 3581 2125 3643; x_wconf 85' lang='lat' dir='ltr'><strong>C</strong></span> <span class='ocrx_word' id='word_1_474' title='bbox 2158 3589 2449 3660; x_wconf 87' lang='lat' dir='ltr'><strong>Sacrilegis</strong></span> <span class='ocrx_word' id='word_1_475' title='bbox 2475 3600 2529 3646; x_wconf 90' lang='lat' dir='ltr'><strong>et</strong></span> <span class='ocrx_word' id='word_1_476' title='bbox 2554 3593 2645 3662; x_wconf 90' lang='lat' dir='ltr'><strong>qui</strong></span> <span class='ocrx_word' id='word_1_477' title='bbox 2677 3593 2855 3648; x_wconf 82' lang='lat' dir='ltr'><strong>faveat</strong></span> <span class='ocrx_word' id='word_1_478' title='bbox 2878 3595 3040 3650; x_wconf 88' lang='lat' dir='ltr'><strong>simili</strong></span> <span class='ocrx_word' id='word_1_479' title='bbox 3071 3597 3195 3666; x_wconf 81' lang='lat' dir='ltr'><strong>igne</strong></span> <span class='ocrx_word' id='word_1_480' title='bbox 3233 3597 3517 3669; x_wconf 80' lang='lat' dir='ltr'><strong>liquescat.</strong></span> 
     </span>
    </p>
   </div>
   <div class='ocr_carea' id='block_1_81' title="bbox 2154 3680 3484 3758">
    <p class='ocr_par' dir='ltr' id='par_1_81' title="bbox 2154 3680 3484 3758">
     <span class='ocr_line' id='line_1_83' title="bbox 2154 3680 3484 3758; baseline 0.009 -24"><span class='ocrx_word' id='word_1_481' title='bbox 2154 3680 2223 3735; x_wconf 79' lang='lat' dir='ltr'><strong>At</strong></span> <span class='ocrx_word' id='word_1_482' title='bbox 2256 3680 2360 3734; x_wconf 76' lang='lat' dir='ltr'><strong>dux</strong></span> <span class='ocrx_word' id='word_1_483' title='bbox 2396 3682 2508 3751; x_wconf 89' lang='lat' dir='ltr'><strong>ipse</strong></span> <span class='ocrx_word' id='word_1_484' title='bbox 2540 3681 2661 3735; x_wconf 80' lang='lat' dir='ltr'><strong>ntali</strong></span> <span class='ocrx_word' id='word_1_485' title='bbox 2694 3691 2938 3740; x_wconf 88' lang='lat' dir='ltr'><strong>metuens</strong></span> <span class='ocrx_word' id='word_1_486' title='bbox 2970 3687 3071 3743; x_wconf 90' lang='lat' dir='ltr'><strong>sibi</strong></span> <span class='ocrx_word' id='word_1_487' title='bbox 3099 3688 3278 3758; x_wconf 88' lang='lat' dir='ltr'><strong>qualia</strong></span> <span class='ocrx_word' id='word_1_488' title='bbox 3310 3693 3484 3746; x_wconf 88' lang='lat' dir='ltr'><strong>cernit</strong></span> 
     </span>
    </p>
   </div>
   <div class='ocr_carea' id='block_1_82' title="bbox 2149 3770 3481 3842">
    <p class='ocr_par' dir='ltr' id='par_1_82' title="bbox 2149 3770 3481 3842">
     <span class='ocr_line' id='line_1_84' title="bbox 2149 3770 3481 3842; baseline 0.009 -17"><span class='ocrx_word' id='word_1_489' title='bbox 2149 3770 2318 3842; x_wconf 82' lang='lat' dir='ltr'><strong>InlIigi</strong></span> <span class='ocrx_word' id='word_1_490' title='bbox 2348 3773 2553 3827; x_wconf 89' lang='lat' dir='ltr'><strong>meritis</strong></span> <span class='ocrx_word' id='word_1_491' title='bbox 2581 3773 2834 3828; x_wconf 87' lang='lat' dir='ltr'><strong>miserum</strong></span> <span class='ocrx_word' id='word_1_492' title='bbox 2875 3789 2995 3830; x_wconf 91' lang='lat' dir='ltr'><strong>cum</strong></span> <span class='ocrx_word' id='word_1_493' title='bbox 3031 3793 3253 3834; x_wconf 83' lang='lat' dir='ltr'><strong>munere</strong></span> <span class='ocrx_word' id='word_1_494' title='bbox 3289 3783 3481 3837; x_wconf 87' lang='lat' dir='ltr'><strong>castris</strong></span> 
     </span>
    </p>
   </div>
   <div class='ocr_carea' id='block_1_83' title="bbox 2151 3860 3509 3937">
    <p class='ocr_par' dir='ltr' id='par_1_83' title="bbox 2151 3860 3509 3937">
     <span class='ocr_line' id='line_1_85' title="bbox 2151 3860 3509 3937; baseline 0.006 -20"><span class='ocrx_word' id='word_1_495' title='bbox 2151 3860 2394 3920; x_wconf 86' lang='lat' dir='ltr'><strong>Destinat</strong></span> <span class='ocrx_word' id='word_1_496' title='bbox 2413 3862 2687 3926; x_wconf 75' lang='lat' dir='ltr'><strong>almilicis;</strong></span> <span class='ocrx_word' id='word_1_497' title='bbox 2718 3872 2872 3932; x_wconf 82' lang='lat' dir='ltr'><strong>pater</strong></span> <span class='ocrx_word' id='word_1_498' title='bbox 2900 3865 3131 3937; x_wconf 82' lang='lat' dir='ltr'><strong>inclytus</strong></span> <span class='ocrx_word' id='word_1_499' title='bbox 3160 3868 3339 3924; x_wconf 79' lang='lat' dir='ltr'><strong>Attala</strong></span> <span class='ocrx_word' id='word_1_500' title='bbox 3371 3870 3509 3925; x_wconf 79' lang='lat' dir='ltr'><strong>dona</strong></span> 
     </span>
    </p>
   </div>
   <div class='ocr_carea' id='block_1_84' title="bbox 2121 3949 3282 4020">
    <p class='ocr_par' dir='ltr' id='par_1_84' title="bbox 2121 3949 3282 4020">
     <span class='ocr_line' id='line_1_86' title="bbox 2121 3949 3282 4020; baseline 0.009 -17"><span class='ocrx_word' id='word_1_501' title='bbox 2121 3949 2371 4020; x_wconf 76' lang='lat' dir='ltr'><strong>’Respnit</strong></span> <span class='ocrx_word' id='word_1_502' title='bbox 2399 3951 2569 4016; x_wconf 80' lang='lat' dir='ltr'><strong>inﬁdi,</strong></span> <span class='ocrx_word' id='word_1_503' title='bbox 2597 3963 2737 4007; x_wconf 91' lang='lat' dir='ltr'><strong>torto</strong></span> <span class='ocrx_word' id='word_1_504' title='bbox 2759 3970 3075 4011; x_wconf 90' lang='lat' dir='ltr'><strong>succurrere</strong></span> <span class='ocrx_word' id='word_1_505' title='bbox 3108 3961 3282 4014; x_wconf 87' lang='lat' dir='ltr'><strong>currit</strong></span> 
     </span>
    </p>
   </div>
   <div class='ocr_carea' id='block_1_85' title="bbox 2146 4036 3622 4119">
    <p class='ocr_par' dir='ltr' id='par_1_85' title="bbox 2146 4036 3622 4119">
     <span class='ocr_line' id='line_1_87' title="bbox 2146 4036 3622 4119; baseline 0.009 -28"><span class='ocrx_word' id='word_1_506' title='bbox 2146 4036 2375 4108; x_wconf 84' lang='lat' dir='ltr'><strong>Flagitat</strong></span> <span class='ocrx_word' id='word_1_507' title='bbox 2404 4049 2460 4095; x_wconf 90' lang='lat' dir='ltr'><strong>et</strong></span> <span class='ocrx_word' id='word_1_508' title='bbox 2477 4039 2675 4095; x_wconf 88' lang='lat' dir='ltr'><strong>fratres</strong></span> <span class='ocrx_word' id='word_1_509' title='bbox 2703 4043 2970 4098; x_wconf 89' lang='lat' dir='ltr'><strong>redimant</strong></span> <span class='ocrx_word' id='word_1_510' title='bbox 2999 4046 3118 4102; x_wconf 88' lang='lat' dir='ltr'><strong>diro</strong></span> <span class='ocrx_word' id='word_1_511' title='bbox 3143 4048 3265 4118; x_wconf 81' lang='lat' dir='ltr'><strong>igne</strong></span> <span class='ocrx_word' id='word_1_512' title='bbox 3292 4048 3622 4119; x_wconf 81' lang='lat' dir='ltr'><strong>ﬂagrantem,</strong></span> 
     </span>
    </p>
   </div>
   <div class='ocr_carea' id='block_1_86' title="bbox 2145 4127 3518 4209">
    <p class='ocr_par' dir='ltr' id='par_1_86' title="bbox 2145 4127 3518 4209">
     <span class='ocr_line' id='line_1_88' title="bbox 2145 4127 3518 4209; baseline 0.013 -29"><span class='ocrx_word' id='word_1_513' title='bbox 2145 4127 2460 4184; x_wconf 88' lang='lat' dir='ltr'><strong>Incumbant</strong></span> <span class='ocrx_word' id='word_1_514' title='bbox 2489 4132 2762 4201; x_wconf 84' lang='lat' dir='ltr'><strong>precibus,</strong></span> <span class='ocrx_word' id='word_1_515' title='bbox 2788 4136 2927 4189; x_wconf 81' lang='lat' dir='ltr'><strong>votis</strong></span> <span class='ocrx_word' id='word_1_516' title='bbox 2956 4146 3209 4193; x_wconf 88' lang='lat' dir='ltr'><strong>tueantur</strong></span> <span class='ocrx_word' id='word_1_517' title='bbox 3238 4142 3518 4209; x_wconf 73' lang='lat' dir='ltr'><strong>anhelum;</strong></span> 
     </span>
    </p>
   </div>
   <div class='ocr_carea' id='block_1_87' title="bbox 2068 4212 3464 4299">
    <p class='ocr_par' dir='ltr' id='par_1_87' title="bbox 2068 4212 3464 4299">
     <span class='ocr_line' id='line_1_89' title="bbox 2068 4212 3464 4299; baseline 0.009 -27"><span class='ocrx_word' id='word_1_518' title='bbox 2068 4212 2071 4215; x_wconf 60' lang='grc'><em>’</em></span> <span class='ocrx_word' id='word_1_519' title='bbox 2145 4218 2380 4277; x_wconf 61' lang='lat' dir='ltr'><strong>Nexibns</strong></span> <span class='ocrx_word' id='word_1_520' title='bbox 2407 4233 2689 4295; x_wconf 84' lang='lat' dir='ltr'><strong>exemptus</strong></span> <span class='ocrx_word' id='word_1_521' title='bbox 2717 4233 3005 4293; x_wconf 72' lang='lat' dir='ltr'><strong>przestatur</strong></span> <span class='ocrx_word' id='word_1_522' title='bbox 3033 4244 3256 4299; x_wconf 82' lang='lat' dir='ltr'><strong>pergere</strong></span> <span class='ocrx_word' id='word_1_523' title='bbox 3283 4248 3464 4287; x_wconf 86' lang='lat' dir='ltr'><strong>sanus.</strong></span> 
     </span>
    </p>
   </div>
   <div class='ocr_carea' id='block_1_88' title="bbox 2143 4309 3409 4389">
    <p class='ocr_par' dir='ltr' id='par_1_88' title="bbox 2143 4309 3409 4389">
     <span class='ocr_line' id='line_1_90' title="bbox 2143 4309 3409 4389; baseline 0.012 -26"><span class='ocrx_word' id='word_1_524' title='bbox 2143 4309 2251 4365; x_wconf 74' lang='lat' dir='ltr'><strong>Nec</strong></span> <span class='ocrx_word' id='word_1_525' title='bbox 2288 4312 2447 4384; x_wconf 82' lang='lat' dir='ltr'><strong>longo</strong></span> <span class='ocrx_word' id='word_1_526' title='bbox 2475 4323 2650 4368; x_wconf 85' lang='lat' dir='ltr'><strong>tamen</strong></span> <span class='ocrx_word' id='word_1_527' title='bbox 2678 4316 2924 4386; x_wconf 82' lang='lat' dir='ltr'><strong>indignus</strong></span> <span class='ocrx_word' id='word_1_528' title='bbox 2950 4317 3289 4389; x_wconf 79' lang='lat' dir='ltr'><strong>porfungitur</strong></span> <span class='ocrx_word' id='word_1_529' title='bbox 3313 4340 3409 4378; x_wconf 89' lang='lat' dir='ltr'><strong>usu</strong></span> 
     </span>
    </p>
   </div>
   <div class='ocr_carea' id='block_1_89' title="bbox 2141 4401 3530 4486">
    <p class='ocr_par' dir='ltr' id='par_1_89' title="bbox 2141 4401 3530 4486">
     <span class='ocr_line' id='line_1_91' title="bbox 2141 4401 3530 4486; baseline 0.011 -32"><span class='ocrx_word' id='word_1_530' title='bbox 2141 4401 2424 4472; x_wconf 81' lang='lat' dir='ltr'><strong>Temporis</strong></span> <span class='ocrx_word' id='word_1_531' title='bbox 2452 4406 2519 4458; x_wconf 89' lang='lat' dir='ltr'><strong>ad</strong></span> <span class='ocrx_word' id='word_1_532' title='bbox 2556 4406 2767 4459; x_wconf 83' lang='lat' dir='ltr'><strong>veniam</strong></span> <span class='ocrx_word' id='word_1_533' title='bbox 2798 4409 2934 4463; x_wconf 89' lang='lat' dir='ltr'><strong>cessi</strong></span> <span class='ocrx_word' id='word_1_534' title='bbox 2968 4411 3110 4480; x_wconf 88' lang='lat' dir='ltr'><strong>quod</strong></span> <span class='ocrx_word' id='word_1_535' title='bbox 3135 4414 3356 4481; x_wconf 82' lang='lat' dir='ltr'><strong>perdere</strong></span> <span class='ocrx_word' id='word_1_536' title='bbox 3382 4415 3530 4486; x_wconf 82' lang='lat' dir='ltr'><strong>nugis</strong></span> 
     </span>
    </p>
   </div>
   <div class='ocr_carea' id='block_1_90' title="bbox 2139 4493 3643 4573">
    <p class='ocr_par' dir='ltr' id='par_1_90' title="bbox 2139 4493 3643 4573">
     <span class='ocr_line' id='line_1_92' title="bbox 2139 4493 3643 4573; baseline 0.007 -29"><span class='ocrx_word' id='word_1_537' title='bbox 2139 4493 2309 4560; x_wconf 83' lang='lat' dir='ltr'><strong>Quam</strong></span> <span class='ocrx_word' id='word_1_538' title='bbox 2338 4510 2555 4550; x_wconf 80' lang='lat' dir='ltr'><strong>servare</strong></span> <span class='ocrx_word' id='word_1_539' title='bbox 2588 4497 2713 4568; x_wconf 82' lang='lat' dir='ltr'><strong>legit</strong></span> <span class='ocrx_word' id='word_1_540' title='bbox 2736 4496 3011 4568; x_wconf 80' lang='lat' dir='ltr'><strong>Iacrymis,</strong></span> <span class='ocrx_word' id='word_1_541' title='bbox 3032 4500 3357 4573; x_wconf 87' lang='lat' dir='ltr'><strong>jactansquc</strong></span> <span class='ocrx_word' id='word_1_542' title='bbox 3389 4502 3643 4559; x_wconf 85' lang='lat' dir='ltr'><strong>cachinnis</strong></span> 
     </span>
    </p>
   </div>
   <div class='ocr_carea' id='block_1_91' title="bbox 2139 4586 3526 4659">
    <p class='ocr_par' dir='ltr' id='par_1_91' title="bbox 2139 4586 3526 4659">
     <span class='ocr_line' id='line_1_93' title="bbox 2139 4586 3526 4659; baseline 0.007 -20"><span class='ocrx_word' id='word_1_543' title='bbox 2139 4586 2208 4639; x_wconf 90' lang='lat' dir='ltr'><strong>Se</strong></span> <span class='ocrx_word' id='word_1_544' title='bbox 2234 4589 2467 4656; x_wconf 85' lang='lat' dir='ltr'><strong>gessisse</strong></span> <span class='ocrx_word' id='word_1_545' title='bbox 2491 4589 2744 4659; x_wconf 88' lang='lat' dir='ltr'><strong>probrum</strong></span> <span class='ocrx_word' id='word_1_546' title='bbox 2773 4592 2932 4655; x_wconf 86' lang='lat' dir='ltr'><strong>votis,</strong></span> <span class='ocrx_word' id='word_1_547' title='bbox 2962 4608 3086 4649; x_wconf 78' lang='lat' dir='ltr'><strong>mox</strong></span> <span class='ocrx_word' id='word_1_548' title='bbox 3119 4594 3357 4650; x_wconf 86' lang='lat' dir='ltr'><strong>febribus</strong></span> <span class='ocrx_word' id='word_1_549' title='bbox 3381 4608 3526 4651; x_wconf 83' lang='lat' dir='ltr'><strong>actus</strong></span> 
     </span>
    </p>
   </div>
   <div class='ocr_carea' id='block_1_92' title="bbox 2137 4678 3560 4757">
    <p class='ocr_par' dir='ltr' id='par_1_92' title="bbox 2137 4678 3560 4757">
     <span class='ocr_line' id='line_1_94' title="bbox 2137 4678 3560 4757; baseline 0.006 -26"><span class='ocrx_word' id='word_1_550' title='bbox 2137 4678 2260 4747; x_wconf 82' lang='lat' dir='ltr'><strong>Igne</strong></span> <span class='ocrx_word' id='word_1_551' title='bbox 2286 4679 2444 4734; x_wconf 85' lang='lat' dir='ltr'><strong>callet</strong></span> <span class='ocrx_word' id='word_1_552' title='bbox 2469 4681 2596 4735; x_wconf 90' lang='lat' dir='ltr'><strong>Iethi</strong></span> <span class='ocrx_word' id='word_1_553' title='bbox 2629 4681 2977 4752; x_wconf 84' lang='lat' dir='ltr'><strong>clamansque</strong></span> <span class='ocrx_word' id='word_1_554' title='bbox 3000 4683 3289 4757; x_wconf 83' lang='lat' dir='ltr'><strong>furensque</strong></span> <span class='ocrx_word' id='word_1_555' title='bbox 3317 4690 3560 4757; x_wconf 71' lang='lat' dir='ltr'><strong>gehennae</strong></span> 
     </span>
    </p>
   </div>
   <div class='ocr_carea' id='block_1_93' title="bbox 2133 4767 3418 4843">
    <p class='ocr_par' dir='ltr' id='par_1_93' title="bbox 2133 4767 3418 4843">
     <span class='ocr_line' id='line_1_95' title="bbox 2133 4767 3418 4843; baseline 0.009 -23"><span class='ocrx_word' id='word_1_556' title='bbox 2133 4767 2411 4836; x_wconf 84' lang='lat' dir='ltr'><strong>Abripitur</strong></span> <span class='ocrx_word' id='word_1_557' title='bbox 2439 4771 2610 4838; x_wconf 86' lang='lat' dir='ltr'><strong>poenis</strong></span> <span class='ocrx_word' id='word_1_558' title='bbox 2640 4771 2918 4827; x_wconf 84' lang='lat' dir='ltr'><strong>submotus</strong></span> <span class='ocrx_word' id='word_1_559' title='bbox 2945 4782 2999 4826; x_wconf 89' lang='lat' dir='ltr'><strong>ct</strong></span> <span class='ocrx_word' id='word_1_560' title='bbox 3027 4789 3220 4843; x_wconf 81' lang='lat' dir='ltr'><strong>aggere</strong></span> <span class='ocrx_word' id='word_1_561' title='bbox 3248 4778 3418 4831; x_wconf 89' lang='lat' dir='ltr'><strong>bustis</strong></span> 
     </span>
    </p>
   </div>
   <div class='ocr_carea' id='block_1_94' title="bbox 2135 4855 3431 4932">
    <p class='ocr_par' dir='ltr' id='par_1_94' title="bbox 2135 4855 3431 4932">
     <span class='ocr_line' id='line_1_96' title="bbox 2135 4855 3431 4932; baseline 0.008 -21"><span class='ocrx_word' id='word_1_562' title='bbox 2135 4855 2379 4914; x_wconf 83' lang='lat' dir='ltr'><strong>Ostentat</strong></span> <span class='ocrx_word' id='word_1_563' title='bbox 2403 4860 2606 4914; x_wconf 86' lang='lat' dir='ltr'><strong>tumulo</strong></span> <span class='ocrx_word' id='word_1_564' title='bbox 2629 4877 2787 4930; x_wconf 87' lang='lat' dir='ltr'><strong>quam</strong></span> <span class='ocrx_word' id='word_1_565' title='bbox 2812 4863 2926 4917; x_wconf 85' lang='lat' dir='ltr'><strong>dira</strong></span> <span class='ocrx_word' id='word_1_566' title='bbox 2964 4866 3263 4932; x_wconf 83' lang='lat' dir='ltr'><strong>patravcrit</strong></span> <span class='ocrx_word' id='word_1_567' title='bbox 3283 4884 3431 4922; x_wconf 88' lang='lat' dir='ltr'><strong>ausu.</strong></span> 
     </span>
    </p>
   </div>
   <div class='ocr_carea' id='block_1_95' title="bbox 2059 4922 3667 5029">
    <p class='ocr_par' dir='ltr' id='par_1_95' title="bbox 2059 4922 3667 5029">
     <span class='ocr_line' id='line_1_97' title="bbox 2059 4922 3667 5029; baseline 0.006 -28"><span class='ocrx_word' id='word_1_568' title='bbox 2059 4922 2107 4985; x_wconf 79' lang='lat' dir='ltr'><strong>D</strong></span> <span class='ocrx_word' id='word_1_569' title='bbox 2135 4947 2244 5003; x_wconf 80' lang='lat' dir='ltr'><strong>Nec</strong></span> <span class='ocrx_word' id='word_1_570' title='bbox 2275 4951 2451 5005; x_wconf 90' lang='lat' dir='ltr'><strong>minus</strong></span> <span class='ocrx_word' id='word_1_571' title='bbox 2492 4953 2792 5007; x_wconf 77' lang='lat' dir='ltr'><strong>excessisse</strong></span> <span class='ocrx_word' id='word_1_572' title='bbox 2837 4964 3049 5021; x_wconf 86' lang='lat' dir='ltr'><strong>notant,</strong></span> <span class='ocrx_word' id='word_1_573' title='bbox 3084 4958 3390 5028; x_wconf 84' lang='lat' dir='ltr'><strong>mulctaun</strong></span> <span class='ocrx_word' id='word_1_574' title='bbox 3424 4959 3667 5029; x_wconf 76' lang='lat' dir='ltr'><strong>resignant</strong></span> 
     </span>
    </p>
   </div>
   <div class='ocr_carea' id='block_1_96' title="bbox 2131 5040 3565 5122">
    <p class='ocr_par' dir='ltr' id='par_1_96' title="bbox 2131 5040 3565 5122">
     <span class='ocr_line' id='line_1_98' title="bbox 2131 5040 3565 5122; baseline 0.008 -29"><span class='ocrx_word' id='word_1_575' title='bbox 2131 5041 2201 5094; x_wconf 84' lang='lat' dir='ltr'><strong>Se</strong></span> <span class='ocrx_word' id='word_1_576' title='bbox 2232 5040 2516 5097; x_wconf 75' lang='lat' dir='ltr'><strong>offendisse</strong></span> <span class='ocrx_word' id='word_1_577' title='bbox 2546 5043 2732 5108; x_wconf 89' lang='lat' dir='ltr'><strong>Deum,</strong></span> <span class='ocrx_word' id='word_1_578' title='bbox 2757 5043 3064 5102; x_wconf 81' lang='lat' dir='ltr'><strong>Meroveum</strong></span> <span class='ocrx_word' id='word_1_579' title='bbox 3093 5048 3238 5105; x_wconf 86' lang='lat' dir='ltr'><strong>fonte</strong></span> <span class='ocrx_word' id='word_1_580' title='bbox 3265 5060 3565 5122; x_wconf 84' lang='lat' dir='ltr'><strong>prementes,</strong></span> 
     </span>
    </p>
   </div>
   <div class='ocr_carea' id='block_1_97' title="bbox 2129 5129 2830 5156">
    <p class='ocr_par' dir='ltr' id='par_1_97' title="bbox 2129 5129 2830 5156">
     <span class='ocr_line' id='line_1_99' title="bbox 2129 5129 2830 5156; baseline 0 0"><span class='ocrx_word' id='word_1_581' title='bbox 2129 5129 2228 5156; x_wconf 84' lang='lat' dir='ltr'><strong>n..:</strong></span> <span class='ocrx_word' id='word_1_582' title='bbox 2280 5144 2427 5156; x_wconf 53' lang='grc' dir='ltr'><strong>..-ι-η</strong></span> <span class='ocrx_word' id='word_1_583' title='bbox 2459 5135 2669 5156; x_wconf 56' lang='lat' dir='ltr'><strong>__..I-.,</strong></span> <span class='ocrx_word' id='word_1_584' title='bbox 2710 5135 2773 5156; x_wconf 61' lang='lat' dir='ltr'><strong>n,</strong></span> <span class='ocrx_word' id='word_1_585' title='bbox 2818 5148 2830 5156; x_wconf 89' lang='lat'><strong>.</strong></span> 
     </span>
    </p>
   </div>
  </div>
