3908 5426
166 319 269 380 889

1164 312 1460 376 8ΑΝΟΤᾸΞ
1499 313 1874 373 ωτιιιωιε
1911 316 2193 376 ιιεοιΝίε
2237 319 2416 377 VITA.

3322 321 3424 380 890

701 430 948 492 INCIPIT
986 430 1357 492 ΡΒᾸΞΡΑἸΊΟ
1393 433 1462 490 IN
1500 431 1711 489 VITAH
1739 430 2108 489 GLORIOSE
2148 435 2427 495 REGINE
2465 437 2882 498 MAIITlllLDlS
2921 442 2961 498 '.

237 571 499 632 lleinrico
556 588 668 644 regi
715 589 942 630 summa:
984 573 1353 630 venerationis
1401 572 1742 643 dignissimo,
1774 553 1819 611 Α
1849 569 2157 628 manualem
2189 591 2256 630 ne
2288 575 2478 633 feralis
2502 577 2556 632 in
2599 579 2873 648 publicum
2901 578 3236 648 sapientibus
3276 578 3426 634 deri-

165 668 489 738 expianator
532 665 693 734 hujus
721 666 904 737 aperis
945 665 1100 724 vobis
1156 675 1377 736 exoptat
1414 667 1747 722 incrementa

167 759 536 830 spiritualium
594 759 969 823 carismatum,
1041 769 1328 829 augmenta
1370 758 1652 822 virtutum,
1695 765 1749 811 et

167 852 585 925 prosperitatem
624 851 1000 920 temporalium
1029 867 1228 905 rerum.
1270 850 1404 906 Cum
1461 850 1642 904 multis
1679 850 1750 904 sit
1824 857 1830 864 '

169 955 363 996 netum
389 956 483 996 vos
509 940 737 996 scientia
766 941 1160 1010 disciplinaque
1189 941 1384 995 artium
1410 940 1750 995 diversarum

169 1038 483 1108 prmditum,
509 1036 740 1106 plurima
773 1037 1064 1106 perlegisse
1107 1037 1381 1090 volumina
1434 1048 1750 1091 sanctorum

171 1129 357 1182 Vitam
388 1129 611 1183 Patrum
646 1127 697 1180 in
730 1143 788 1182 se
832 1129 1187 1191 continentia,
1229 1144 1458 1197 quorum
1490 1127 1753 1196 exemplis

171 1229 357 1274 vestra
379 1217 709 1272 venerabilis
732 1220 1074 1272 conversatio
1101 1219 1236 1272 bene
1267 1226 1444 1288 potest
1471 1217 1754 1272 informari

171 1319 219 1364 et
249 1311 322 1364 ad
343 1309 536 1363 altiora
590 1308 889 1373 transvehi,
946 1325 1053 1364 non
1103 1309 1342 1363 minima:
1390 1319 1474 1364 est
1537 1309 1755 1364 virtutis

169 1414 271 1452 vos
330 1398 420 1467 pia
468 1405 775 1452 vestrorum
835 1398 1108 1468 inquirere
1162 1399 1305 1454 facta
1350 1400 1755 1470 precedentium

173 1506 236 1559 pr
261 1490 630 1558 vpinquorum,
667 1497 722 1543 et
745 1491 981 1544 maxime
1022 1497 1215 1544 \‘CSII‘ZB
1255 1506 1469 1560 proavte
1502 1491 1756 1544 Mabtliil~

173 1581 260 1636 i'is
295 1580 524 1635 illustris
575 1580 804 1650 reginas,
858 1581 1012 1650 cujus
1051 1581 1156 1635 vita
1211 1581 1387 1636 lucida
1433 1583 1626 1636 merito
1675 1592 1760 1637 est

173 1671 465 1735 imitanda,
494 1680 547 1725 et
581 1671 736 1741 cujus
759 1671 930 1726 virtus
952 1681 1102 1726 tanto
1126 1671 1568 1736 estlautlabiiior,
1591 1689 1760 1742 quan-

177 1773 231 1817 to
261 1779 429 1818 sexus
455 1763 718 1833 fragilior.
746 1763 965 1819 Gratias
1017 1765 1226 1833 agimus
1266 1775 1462 1820 vestra:
1508 1765 1758 1830 abuitati,

176 1855 335 1908 vobis
362 1853 650 1922 placuisse,
679 1855 780 1909 hoc
820 1870 956 1924 Opus
994 1870 1023 1908 a
1055 1857 1212 1912 nobis
1264 1857 1507 1922 recitari,
1559 1868 1759 1912 nostrre

1851 659 2134 730 dentium,"
2157 668 2473 738 priusquam
2509 679 2689 726 vestra
2717 673 2914 741 peritia
2937 672 3272 742 persenserit
3296 672 3428 743 quid

1849 773 2048 816 vestra:
2088 763 2274 833 pietati
2301 765 2444 819 ineo
2487 765 2847 834 displicuerit,
2874 775 2932 821 et
2987 766 3102 820 haec
3133 765 3432 820 clementer

1852 851 2196 923 corrigantur
2243 871 2365 924 quas
2389 864 2583 911 vestra:
2595 857 2878 926 sapientia:
2906 872 3011 911 non
3037 865 3184 912 recta
3207 857 3430 911 videan-

1853 954 1960 1000 tur.
2005 948 2234 1018 Dignnnt
2291 959 2375 1006 est
2402 951 2547 1005 enim
2601 961 2663 1005 ut
2715 950 2805 1020 qui
2856 947 3017 1018 hujus
3053 950 3288 1005 dictatus
3344 957 3432 1004 est

1853 1048 2174 1108 praeceptor,
2207 1040 2278 1093 sit
2332 1041 2499 1096 etiam
2543 1041 2862 1096 emendator
2887 1048 2942 1093 et
2973 1037 3260 1103 defensor;
3311 1053 3376 1093 ne
3400 1053 3430 1093 a

1855 1129 2042 1184 nobis’
2106 1129 2424 1198 insipienter
2468 1128 2637 1194 edita,
2700 1129 3011 1184 invidorum
3059 1126 3433 1197 perfodiantur

1856 1219 2060 1290 lingua.
2092 1219 2314 1274 ilabetis
2342 1218 2558 1288 quidem
2596 1220 2649 1274 in
2689 1220 2793 1275 hoc
2847 1217 3122 1274 volumine
3165 1231 3433 1288 perpauca

1856 1321 2161 1365 vestrorum
2184 1308 2332 1365 facta
2364 1319 2601 1379 patrum,
2646 1325 2712 1364 ex
2743 1310 2939 1378 quibus
2968 1307 3196 1379 potestis
3224 1308 3436 1362 discere

1858 1400 1987 1470 quid
2032 1414 2194 1470 agerc
2243 1401 2442 1470 quidve
2478 1401 2632 1456 vobis
2681 1402 2932 1470 expediat
2988 1401 3180 1454 vitare.
3239 1399 3438 1454 Hector

1860 1490 2027 1544 totius
2079 1490 2290 1556 tuundi,
2325 1492 2414 1559 qui
2471 1491 2684 1546 illorum
2747 1492 2910 1545 corda
2948 1489 3242 1554 visitando,
3285 1488 3437 1556 justa

1861 1585 2133 1639 concessit
2161 1600 2455 1655 agnoscere
2478 1594 2530 1638 et
2552 1585 2807 1656 operibus
2857 1583 3102 1652 implere,
3138 1584 3252 1652 ipse.
3280 1581 3436 1637 vobis

1861 1677 2120 1731 concedat
2148 1693 2266 1747 qua:
2317 1685 2462 1731 recta
2495 1686 2618 1731 sunt
2647 1691 2809 1746 agere
2831 1685 2885 1729 ct
2911 1674 3044 1730 alios
3090 1674 3157 1727 ad
3186 1675 3302 1728 bazc
3345 1673 3439 1727 ad~

1862 1782 2108 1832 monere,
2138 1775 2193 1820 et
2217 1766 2354 1820 virili
2389 1765 2705 1820 fortitudine
2733 1780 2830 1818 vos
2860 1764 3058 1833 injusta
3109 1762 3359 1830 refugere
3383 1771 3442 1817 et

1863 1857 1984 1911 aliis
2022 1858 2343 1928 prohibere;
2390 1857 2593 1910 tribuat
2646 1856 2799 1910 vobis
2850 1854 3206 1911 ittvictissinia
3262 1869 3437 1918 artua,

177 1947 471 2015 imperitia:
525 1963 780 2017 magnum
839 1957 894 2003 et
946 1949 1106 2004 nimis
1165 1950 1586 2015 formidandum,
1635 1969 1756 2007 cum
1791 1923 1832 1980 Β
1862 1946 2058 2016 quibus
2115 1956 2422 2000 vestrorum
2471 1945 2814 2002 inimicorum
2873 1954 3160 2014 superetur
3207 1943 3436 1997 saevitia.

177 2050 371 2094 vestro
399 2039 700 2095 dominatui
735 2041 961 2109 subjecti
999 2043 1107 2097 sint
1140 2044 1421 2114 perplures
1457 2045 1672 2114 ingenio
1707 2055 1762 2099 et

178 2131 451 2200 sapientia
523 2134 680 2188 nobis
747 2134 1182 2199 excellentiorcs,
1241 2137 1331 2205 qui
1380 2138 1530 2190 radio
1571 2137 1762 2205 lingua:

179 2223 456 2292 profunda
485 2237 712 2294 possunt
766 2237 1073 2295 penetrare.
1106 2227 1272 2283 Vobis
1323 2231 1624 2300 imperante
1661 2233 1762 2288 hoc

183 2327 329 2382 opus
358 2313 625 2379 inchoari,
649 2315 1024 2372 diﬂicillimum
1068 2318 1355 2374 videbatur
1405 2330 1605 2374 nostra:
1642 2339 1762 2392 par-

179 2401 376 2466 vitati;
438 2403 534 2458 sed
585 2406 1022 2476 prmsuntptiortls
1061 2419 1203 2463 esset
1262 2411 1510 2468 maxima:
1581 2421 1763 2465 vestro

183 2491 421 2560 imperio
441 2507 541 2547 nos
567 2493 841 2550 resistere.
876 2496 1224 2568 Implevimus
1260 2500 1475 2568 quidem
1525 2510 1764 2556 vestrum

185 2591 525 2651 praeceptum
557 2583 695 2638 ultra
737 2587 954 2640 modum
1008 2599 1317 2643 nostrarum
1364 2590 1589 2653 virium;
1657 2609 1763 2646 non

187 2680 377 2728 autem
409 2671 739 2741 dubitamus,
763 2676 1066 2731 invidorum
1100 2680 1273 2732 studia
1298 2679 1484 2744 affore,
1513 2681 1601 2749 qui
1628 2682 1769 2750 quod

185 2761 418 2816 fecimus
446 2765 673 2832 cupiunt
702 2770 1121 2837 reprehendere.
1178 2771 1346 2842 Igitur
1397 2771 1769 2839 obsecramus,

187 2867 285 2906 rex
314 2854 575 2922 gloriose,
605 2866 682 2922 et,
709 2859 754 2913 si
791 2859 872 2913 fas
919 2870 1001 2914 est
1039 2862 1242 2925 dicere,
1298 2861 1628 2923 dulcissime.
1665 2881 1770 2919 non

190 2943 521 3009 lenteritatis
550 2949 798 3020 audacia,
844 2953 938 3006 sed
979 2954 1320 3008 necessitatis
1349 2970 1543 3009 causa:
1575 2955 1771 3010 librum

1864 2038 2038 2107 ipsius
2065 2037 2229 2091 etiam
2260 2036 2432 2106 gratia
2457 2035 2611 2089 vobis
2632 2036 2701 2090 sit
2754 2035 2956 2088 fautrix
2989 2035 3148 2088 firma
3177 2042 3232 2088 et
3259 2048 3444 2088 comes

1865 2131 2109 2193 assidua,
2135 2138 2189 2182 et
2213 2129 2376 2183 faciat
2403 2127 2496 2182 vos
2523 2127 2830 2196 exemplum
2857 2137 2912 2180 et
2938 2125 3168 2181 formam
3196 2124 3441 2194 iustitiae,

1867 2224 1934 2276 ad
1970 2220 2374 2291 gubernandam
2405 2219 2751 2287 fideliterque
2784 2216 3070 2285 regendam
3107 2214 3442 2278 Ecclesiam;

1868 2323 1924 2366 ut
1950 2312 2254 2379 speculator
2290 2309 2516 2364 idoneus
2551 2307 2797 2371 effectus,
2824 2307 2944 2364 sitis
2991 2305 3171 2376 magni
3203 2305 3442 2368 consilii,

1871 2401 2148 2457 industria:
2166 2409 2221 2453 et
2242 2398 2557 2468 disciplinae.
2591 2397 2849 2451 Dominus
2873 2396 2986 2451 vias
3014 2404 3224 2450 vestras
3253 2411 3446 2449 omnes

1871 2493 1941 2546 ita
1999 2490 2265 2559 disponat,
2329 2497 2386 2541 ut
2436 2489 2488 2542 in
2540 2487 2792 2541 omnibus
2831 2487 2948 2556 ejus
3009 2485 3281 2540 mandatis
3325 2485 3445 2540 sine

1873 2584 2292 2654 reprehensione
2314 2581 2526 2643 vivatis,
2555 2590 2611 2634 et
2639 2580 2703 2633 ad
2738 2579 2982 2633 hravium
3014 2593 3262 2648 superna:
3287 2593 3448 2631 voca—

1873 2674 2034 2727 tionis
2063 2671 2412 2742 pet-veniatis,
2469 2670 2651 2740 ibique
2704 2683 2960 2723 coronam
3005 2668 3232 2738 justitite
3285 2676 3449 2735 atque

1872 2767 2174 2818 cariestiutn
2232 2765 2607 2816 thesaurorum
2688 2762 2941 2815 donativa
2987 2761 3322 2830 percipiatis.
3389 2760 3448 2818 Si

1871 2859 2125 2927 cuiquam
2160 2857 2210 2908 in
2238 2857 2341 2910 hoc
2371 2853 2631 2926 Opusculo
2655 2854 2782 2925 quid
2815 2853 3104 2930 placuerit,
3136 2853 3257 2908 laus
3307 2869 3447 2924 prx-

1869 2949 2106 3021 ceptoris
2137 2948 2263 3002 erit.

870 3128 1183 3191 EXPLICIT
1223 3131 1592 3194 PREFATIO
1629 3132 1697 3188 lN
1744 3131 1956 3188 VITAM
1980 3134 2001 3164 ³
2043 3131 2464 3188 MAIITIIILDIS
2504 3129 2805 3189 RECINA‘I.
2885 3119 2894 3126 ’

1481 3305 1942 3396 INCIPIT

521 3516 1112 3619 LAUDABILIS
1183 3517 1417 3617 VITA
1490 3515 1992 3616 GLORIOS/E
2051 3515 2443 3613 REGINAﬂ
2517 3514 3152 3650 IIAHTHILDIS.

270 3750 318 3804 l.
347 3748 482 3819 (An.
511 3747 660 3819 912.)
690 3747 1047 3818 Temporibus
1072 3748 1327 3813 Conratli,
1356 3747 1502 3817 regis
1531 3746 1767 3801 Franco-
1804 3746 1849 3807 C
1883 3751 2112 3799 tractare
2150 3750 2427 3811 parentes,
2484 3749 2543 3795 ut
2603 3741 2676 3794 illi
2727 3740 3119 3809 desponsarent
3164 3736 3452 3807 virginem,

197 3855 318 3901 rum
379 3840 627 3910 gloriosi,
671 3841 854 3896 extitit
901 3841 954 3894 in
1003 3840 1250 3912 partibus
1291 3840 1598 3917 Germaniae
1671 3841 1780 3893 dux

197 3932 424 4000 quidam
460 3929 588 3986 Otto
621 3932 860 3995 nomine,
901 3932 1186 3987 honestate
1219 3949 1430 3986 morum
1461 3932 1784 4002 perspicuus

196 4030 254 4077 et
283 4020 336 4072 in
371 4021 732 4075 decernendis
764 4021 926 4076 rebus
950 4021 1226 4090 providus,
1274 4023 1456 4078 clarus
1494 4022 1784 4078 nobilitate

199 4110 422 4178 generis
471 4119 526 4164 et
579 4110 819 4168 famosus
861 4105 1126 4168 bellorum
1177 4115 1484 4182 triumphis.
1533 4115 1631 4168 lini
1677 4113 1786 4167 ila-

202 4198 427 4259 thuwic,
461 4207 705 4255 matrona
756 4203 1104 4269 venerabilis,
1131 4204 1398 4274 conjugali
1430 4203 1786 4274 capulabatur

198 4290 446 4345 vinculo.
487 4289 694 4358 Quibus
725 4294 832 4349 duo
881 4296 1242 4368 gignebantur
1273 4297 1390 4359 filii,
1420 4296 1578 4350 herili
1611 4295 1785 4350 forma

203 4380 484 4445 decorati;
517 4391 574 4435 et
601 4382 746 4450 ipsos
767 4399 978 4439 summa
1002 4387 1316 4440 nutriebant
1363 4386 1664 4454 diligentia,
1708 4386 1787 4440 uti

201 4471 469 4542 exigebat
548 4473 848 4528 nobilitatis
927 4475 1363 4532 honorificentia.
1437 4474 1607 4542 Major
1659 4487 1788 4530 natu

202 4562 512 4616 Vocabatur
534 4562 928 4629 Titancmarus,
955 4575 1012 4624 et
1034 4568 1168 4624 alter
1194 4567 1498 4625 licinricus.
1523 4569 1572 4622 is
1601 4585 1791 4638 quam-

206 4654 290 4706 vis
322 4651 693 4721 essetjunior,
735 4656 1004 4723 probitate
1056 4673 1269 4711 morum
1320 4668 1500 4711 tamen
1545 4656 1790 4712 elucebat

206 4746 395 4809 altior,
419 4755 474 4800 et
501 4748 570 4800 ab
597 4749 756 4801 annis
779 4749 1073 4816 puerilibus
1097 4751 1408 4805 intendebat
1437 4749 1594 4805 bouis
1613 4752 1793 4820 operi-

206 4836 334 4900 btze,
370 4851 607 4904 sequens
630 4838 949 4893 humilitatis
979 4840 1227 4910 vestigia,
1258 4841 1458 4910 quibus
1485 4841 1792 4896 certissime

209 4924 533 4993 pervenitur
559 4927 626 4980 ad
662 4914 922 4982 virtutum
948 4929 1184 4983 culmina
1211 4929 1252 4982 ⁸.
1283 4931 1482 4988 Omnes
1513 4946 1636 4984 cum
1669 4932 1792 5000 qui—

206 5013 316 5068 bus
340 5024 460 5070 erat
503 5015 650 5069 haud
679 5017 856 5072 minus
878 5035 1039 5090 quam
1063 5035 1120 5073 se
1151 5020 1323 5087 ipsum
1343 5018 1628 5088 diligebat;
1661 5020 1790 5074 nulli

211 5118 272 5157 se
305 5107 564 5170 praetulit,
604 5120 706 5160 nec
753 5122 850 5170 per
887 5109 994 5161 vim
1031 5108 1266 5170 aliquem
1310 5109 1599 5170 oppreSsit.
1653 5108 1762 5166 li’tie

1653 5128 1795 5166 ΞΓὶἱίίΓ

1885 3851 2081 3908 genere
2112 3835 2215 3890 sibi
2265 3851 2372 3889 non
2424 3832 2758 3893 inferiorem,
2791 3841 2845 3886 et
2870 3831 3022 3899 cujus
3057 3847 3174 3885 mos
3215 3831 3456 3885 liberalis

1884 3928 2148 4000 praeclaro
2178 3927 2364 3998 juveni
2413 3935 2555 3980 esset
2611 3925 2926 3996 persimilis.
2968 3923 3191 3978 interim
3239 3921 3453 3976 illorum

1887 4020 2134 4091 pervenit
2190 4019 2256 4073 ad
2311 4033 2490 4082 aures,
2573 4018 2624 4071 itt
2695 4016 2943 4071 emnobio
3006 4012 3457 4068 Herivordinense

1886 4113 2156 4182 egregiam
2199 4113 2470 4180 hospitare
2512 4109 2773 4178 puellam,
2817 4109 3033 4164 nomine
3087 4105 3456 4169 Mabthiltiam,

1887 4219 2085 4274 genere
2134 4203 2392 4267 nobilem,
2426 4203 2608 4272 specie
2664 4201 3044 4270 exoptabilem,
3103 4207 3160 4252 et
3215 4196 3457 4251 moribus

1889 4296 2176 4360 illustrem,
2228 4304 2286 4348 ut
2312 4310 2434 4348 cum
2465 4309 2564 4348 ava
2591 4309 2687 4348 sua
2725 4293 2996 4347 abbatissa
3037 4291 3269 4345 disceret
3313 4286 3460 4357 psal-

1889 4387 2178 4441 modialem
2207 4385 2404 4440 librutn
2444 4395 2499 4440 et
2531 4385 2830 4439 industrias
2853 4398 3100 4451 operum.
3130 4379 3257 4434 liam
3296 4380 3460 4432 etiam

1889 4481 2042 4550 virgo
2070 4479 2232 4532 traxit
2260 4477 2534 4548 egregium
2566 4492 2736 4545 genus
2763 4491 2792 4528 a
2818 4472 3112 4528 venerabili
3148 4472 3265 4524 viro
3299 4469 3462 4523 Witi-

1891 4571 2040 4634 kino,
2068 4570 2157 4640 qui
2185 4570 2238 4623 in
2294 4567 2614 4622 occidentali
2666 4567 2888 4635 regione
2913 4565 3021 4617 dux
3053 4563 3229 4616 fuerat
3262 4561 3464 4631 glorio-

1892 4678 2008 4728 sus,
2055 4662 2249 4730 opibus
2321 4659 2527 4728 pollens
2569 4668 2624 4711 et
2683 4655 2962 4722 dignitatis
3013 4655 3217 4707 honore
3263 4651 3464 4704 multos

1891 4749 2383 4825 pratceliens.Prob
2414 4753 2434 4782 ⁸
2464 4747 2646 4802 dolor!
2667 4747 2760 4801 sed
2789 4759 2976 4799 errore
2998 4754 3187 4812 captus
3207 4741 3468 4794 adorabat

1895 4843 2035 4898 idola
2070 4857 2229 4894 manu
2261 4839 2529 4893 artificum
2559 4838 2724 4898 facta,
2755 4834 3139 4901 Christumque
3159 4831 3469 4885 colentibus

1895 4935 2077 4988 varios
2107 4929 2697 5002 ingerebatcruciatus,
2740 4925 2865 4994 quia
2891 4920 3469 4990 deerantprmdicato-

1898 5037 1984 5075 res
2013 5021 2103 5090 qui
2153 5018 2430 5074 Christum
2460 5016 2843 5084 prtedicarent,
2873 5011 3184 5065 incredulos
3213 5007 3278 5062 ad
3307 5009 3477 5063 fidem
3511 5031 3516 5039 -

1823 5082 1872 5140 D
1900 5082 2293 5166 converterent.
2319 5108 2437 5161 Rex
2460 5082 2853 5167 iterabat-mus,
2878 5100 2960 5152 vir
2980 5095 3485 5154 Christianissimus
