3908 5426
505 351 602 407 891
1504 367 1798 426 sanam
1836 370 2204 432 lllATlllLDtS
2245 377 2521 440 Restm
2566 353 2743 442 mi

505 467 740 537 perisset
784 469 1239 542 incredulitatem,
1290 477 1518 536 nimium
1566 483 1753 549 doluit,
1785 495 1838 542 et
1863 503 2086 560 congre-

503 573 638 628 gans
673 575 888 616 omnem
929 563 1085 619 'suum
1130 569 1447 634 exercitum,
1483 573 1603 629 iniit
1635 575 1836 633 bellum
1891 589 2083 636 contra

501 653 732 710 eundem
781 655 1122 725 Witikinum,
1155 677 1317 718 causa
1364 665 1710 726 defendendae
1753 671 1873 729 ﬁdei
1918 685 1970 730 et
1996 690 2078 730 er-

502 756 712 802 rantem
740 749 806 803 ad
833 750 1028 807 salutis
1063 753 1205 808 viam
1233 761 1604 816 convertendi.
1660 763 1905 836 Cumque
1954 785 2083 825 con-

499 838 775 894 venissent
797 849 854 895 et
880 841 969 897 diu
997 843 1140 898 inter
1162 859 1219 899 se
1243 856 1517 904 certarent
1541 853 1822 908 amborum
1854 857 2074 926 milites,

498 937 556 983 et
581 943 646 982 ex
677 941 908 1002 utraque
937 944 1093 1003 parte
1139 935 1252 1005 jam
1283 937 1580 994 deﬁcerent
1609 946 1881 1013 pugnandi
1911 948 2076 1016 vires,

496 1021 698 1091 placuit
727 1024 1086 1095 principibus,
1115 1037 1175 1084 ut
1205 1043 1297 1085 rex
1339 1047 1459 1086 cum
1507 1033 1770 1091 Witikino
1799 1041 2080 1096 conferret

3682 393 3806 452 892

2112 503 2157 560 Α
2189 495 2418 564 puellam
2448 502 2784 558 nutriendum
2808 507 3099 576 suscipere.
3125 507 3386 568 Parentes
3413 521 3598 568 autem
3631 515 3804 571 illius

2185 591 2587 647 consentientes
2634 595 2878 663 petitioni
2912 598 3195 654 abbatissae
3220 642 3234 666 ,
3272 602 3490 657 sibimet
3522 607 3591 659 ad
3655 621 3797 674 pro—

2186 681 2485 736 curandum
2511 687 2981 752 commendabant,
3011 698 3067 743 ut
3096 689 3242 745 illam
3297 692 3523 750 doceret
3573 710 3797 752 sacras

2182 769 2439 830 lectiones
2464 784 2519 833 et
2545 791 2798 832 manuum
2825 784 3184 849 operationcs;

2251 861 2303 915 5.
2333 862 2410 918 De
2440 863 2835 936 desponsationc
2863 870 3191 928 Maltthilrtis.
3237 876 3422 932 Puella
3468 878 3651 949 igitur
3711 882 3800 936 in-

2180 952 2349 1022 signis
2378 955 2574 1011 mirum
2607 958 2660 1011 in
2682 962 2898 1015 modum
2929 962 3244 1032 proﬁciebat
3272 967 3324 1020 in
3347 968 3583 1034 cunctis,
3608 980 3800 1026 mtate

2183 1056 2393 1114 tenera,
2423 1051 2696 1120 probitate
2741 1055 3056 1124 grandreva,
3101 1074 3272 1129 capax
3307 1061 3360 1114 in
3391 1061 3576 1119 studio
3603 1063 3798 1117 disci-

496 1128 713 1180 tnanus,
741 1125 797 1172 et
848 1119 934 1173 cui
977 1119 1229 1177 Christus
1269 1125 1556 1180 victoriam
1587 1132 1930 1198 concederet,
1963 1133 2078 1203 ipse

493 1221 624 1261 cum
656 1216 770 1264 toto
793 1212 1037 1268 exercitu
1079 1229 1177 1269 suo
1207 1228 1476 1288 regnaret.
1503 1220 1602 1288 Qui
1635 1227 1931 1295 congressi,
1984 1228 2078 1282 diu

493 1299 836 1371 multumque
859 1303 1136 1361 instabant
1164 1307 1303 1362 bello
1327 1310 1518 1367 robore
1568 1313 1901 1369 colluctanti.
1935 1317 2078 1371 Tan-

494 1390 619 1445 dem
648 1391 929 1461 Dominus,
953 1396 1198 1453 lacrimis
1221 1399 1655 1459 Christianorum
1686 1405 1953 1474 pulsatus,
1979 1422 2076 1462 suo

492 1480 742 1540 bellatori
778 1487 844 1542 de
897 1488 1054 1544 hoste
1095 1490 1428 1562 triumphum
1479 1481 1769 1564 concessit,
1826 1498 1962 1555 ﬁdes
2017 1508 2078 1554 ut

493 1574 717 1629 meruit.

561 1670 617 1724 2.
638 1671 1302 1737 DeconversioneWitikini
1313 1685 1480 1739 ducis.
1506 1686 1676 1754 'l‘unc,
1693 1687 1803 1744 Deo
1823 1689 2074 1754 donante,

494 1762 786 1821 Witikinus
811 1768 1036 1838 projecit
1062 1789 1210 1828 arma
1241 1776 1500 1846 perﬁdiae,
1528 1794 1591 1834 ac
1611 1781 1838 1851 arripuit
1867 1792 2076 1836 scutum

2178 1137 2336 1208 plina:
2387 1139 2637 1196 litteralis
2688 1152 2743 1197 et
2796 1160 3019 1214 operum
3070 1147 3364 1204 industriis.
3415 1150 3554 1206 Cum
3584 1161 3793 1207 autem

2179 1230 2377 1300 ubique
2405 1232 2777 1302 divulgaretur
2823 1236 2994 1292 virtus
3049 1238 3195 1292 illius
3242 1239 3555 1307 laudabilis,
3601 1245 3792 1298 etiam

2175 1322 2424 1389 pervenit
2458 1324 2523 1377 ad
2551 1337 2709 1378 aures
2738 1325 2978 1396 praeclari
3004 1328 3154 1383 ducis
3177 1329 3418 1396 Ottonis,
3448 1333 3544 1403 qui
3577 1338 3786 1388 statim

2178 1410 2324 1464 misit
2351 1426 2508 1466 suum
2541 1415 2792 1470 comitem
2826 1417 3195 1474 Thietmarum
3238 1420 3353 1476 htec
3379 1422 3447 1476 ad
3481 1423 3794 1494 exploran-

2177 1497 2304 1553 dum
2335 1499 2447 1570 (an.
2473 1502 2620 1573 909).
2660 1503 2752 1560 ille
2793 1521 2946 1573 vero,
2985 1521 3256 1580 prrecepto
3284 1511 3438 1567 ducis
3485 1514 3788 1578 obcdiens,

2177 1591 2244 1643 ad
2297 1607 2459 1662 supra
2515 1606 2873 1651 memoratum
2921 1600 3225 1655 coenobium
3283 1603 3388 1656 iter
3441 1605 3790 1660 acceleravit

2178 1681 2413 1748 ardens,
2463 1693 2520 1739 et
2563 1687 2745 1740 statim
2798 1689 2986 1744 adiens
3033 1691 3342 1747 cubiculum
3391 1703 3787 1748 matronarum

2179 1777 2352 1830 eidem
2381 1777 2574 1847 puellae
2593 1776 2746 1846 jussu
2779 1781 3068 1838 abbatissze
3093 1784 3470 1850 servientium,
3499 1801 3564 1842 ac
3589 1789 3786 1843 admi-

494 1858 619 1913 ﬁdei
648 1858 997 1930 Christianae,
1049 1881 1188 1922 novo
1230 1869 1443 1925 fervens
1480 1872 1676 1942 studio,
1727 1874 1866 1928 sacri
1915 1874 2077 1928 fontis
2113 1859 2153 1916 Β
2183 1866 2362 1920 niculo
2383 1880 2570 1920 earum
2594 1867 2733 1922 clam
2756 1884 2815 1923 se
2838 1869 3077 1926 inferens
3097 1874 3454 1938 monasterio,
3483 1875 3786 1944 diligenter

491 1949 548 2004 in
579 1954 844 2022 mysterio
887 1965 1126 2012 veterem
1181 1960 1453 2017 hominem
1497 1963 1764 2033 deponere
1797 1973 1850 2018 et
1879 1978 2074 2018 novum

493 2041 548 2094 in
571 2041 786 2099 Christo
812 2045 1054 2103 induere.
1085 2047 1254 2116 Quem
1287 2067 1379 2106 rex
1403 2051 1896 2110 Christianissimus
1921 2054 2074 2110 beni-

493 2147 600 2201 gne
628 2135 946 2206 suscipiens,
979 2153 1008 2192 a
1047 2139 1339 2194 venerabili
1369 2143 1622 2214 episcopo
1649 2142 1923 2198 Bonifacio
1955 2161 2076 2200 cum

492 2224 759 2293 baptizari
800 2230 1095 2300 praecepit,
1147 2232 1371 2306 ipseque
1421 2235 1569 2289 illum
1619 2237 1683 2290 de
1732 2252 1887 2291 sacro
1935 2238 2079 2302 fonte

494 2315 728 2386 levavit;
772 2328 826 2375 et
872 2336 972 2391 per
1019 2327 1538 2398 consanguinitatem
1591 2329 1712 2384 ﬁdei
1751 2342 1932 2400 postea
1966 2330 2080 2385 fue-

494 2420 621 2465 runt
665 2415 965 2472 concordes
1013 2417 1191 2473 amici.
1239 2418 1534 2476 Witikinus
1584 2438 1711 2477 vero
1754 2423 2076 2492 baptizatus,

491 2519 620 2560 mox
654 2506 849 2562 mirum
894 2508 947 2564 in
981 2511 1198 2566 modum
1248 2520 1391 2567 totus
1424 2513 1474 2567 in
1520 2514 1614 2570 Dei
1652 2529 1814 2584 Opere
1843 2525 1921 2570 est
1950 2529 2079 2570 con-

493 2609 707 2653 versus.
743 2599 951 2657 Dehinc
978 2605 1153 2660 omnis
1181 2606 1456 2661 exercitus
1494 2607 1598 2661 sibi
1639 2607 1910 2676 subjectus
1940 2607 2080 2662 hanc

495 2693 721 2746 eandem
777 2690 916 2749 ﬁdei
948 2697 1323 2752 credulitatem
1373 2708 1457 2753 est
1508 2701 1814 2765 confessus,
1845 2709 1897 2754 et
1921 2715 2076 2755 suum

492 2774 792 2854 principem
824 2785 1014 2841 devote
1045 2789 1324 2855 imitando,
1354 2805 1510 2845 sacro
1540 2792 1879 2861 baptismatis
1909 2793 2078 2846 intin-

494 2873 726 2942 gebatur
753 2875 921 2932 fonte.
956 2877 1052 2934 llis
1081 2881 1150 2935 ita
1182 2882 1417 2951 peractis
1443 2891 1493 2935 et
1523 2884 1821 2952 composito
1849 2885 1991 2939 inter
2019 2901 2078 2941 se

494 2963 703 3022 {cedere
731 2969 898 3038 pacis,
934 2986 1027 3026 rex
1057 2971 1284 3027 Karolns
1309 2989 1428 3028 cum
1453 2974 1676 3029 victoria
1707 2976 2079 3032 revertebatur

494 3057 667 3114 lzctus.
697 3061 812 3115 Dux
845 3072 1024 3140 autem
1061 3063 1350 3121 Witikinus
1399 3067 1452 3121 in
1495 3068 1768 3138 propriam
1819 3071 2080 3125 remeavit

493 3153 749 3220 patriam,
783 3156 953 3210 sancti
985 3155 1219 3226 Spiritus
1247 3159 1422 3228 gratia
1454 3159 1786 3227 illustratus;
1839 3171 1894 3216 et
1938 3162 2078 3218 sicut

494 3243 647 3314 prius
714 3247 1156 3316 persequebatur
1213 3248 1485 3305 Christum
1554 3252 1870 3309 invocantes
1903 3295 1917 3320 ,
1997 3255 2078 3310 sic

494 3338 841 3406 postmodum
871 3339 938 3394 ad
969 3338 1126 3393 ﬁdem
1156 3339 1362 3396 Christi
1409 3344 1572 3397 traxit
1619 3359 1863 3413 quosque
1893 3361 2081 3403 erran-

497 3434 602 3492 tes,
636 3437 688 3483 et
719 3438 778 3483 ut
807 3438 963 3485 antea
993 3429 1260 3485 bonorum
1295 3433 1475 3488 extitit
1505 3447 1837 3504 persecutor,
1883 3439 1954 3492 ita
1999 3438 2080 3493 vi-

497 3520 888 3589 gilantissimus
918 3531 1031 3577 tum
1056 3524 1304 3592 apparuit
1332 3540 1502 3580 sacrae
1533 3525 1654 3581 ﬁdei
1686 3539 2078 3599 propugnator.

495 3610 616 3667 Jam
668 3624 777 3669 tum
829 3612 1172 3671 desiderabat
1221 3617 1480 3674 ecclesias
1527 3620 1896 3687 rcaediﬁcare,
1944 3639 2079 3692 quas

492 3706 647 3776 prius
681 3705 1022 3762 destruxerat
1053 3707 1104 3761 in
1134 3708 1481 3776 inﬁdelitate,
1514 3721 1570 3767 et
1605 3713 1693 3767 ubi
1723 3714 2080 3769 constituerat

495 3797 680 3859 idola.-
731 3799 821 3854 hic
861 3800 972 3871 jam
1027 3809 1336 3855 sanctorum
1395 3804 1679 3860 collocavit
1731 3807 1989 3861 oratoria.
2035 3809 2075 3862 Α

493 3892 726 3961 posteris
750 3907 879 3962 ergo
909 3892 1147 3962 ejusdem
1200 3894 1466 3960 Witikini,
1517 3900 1714 3970 egregii
1748 3900 1922 3965 ducis,
1952 3917 2077 3970 pro-

494 3983 662 4037 cessit
703 3984 870 4054 stirps
934 3985 1260 4042 beatissima:
1302 3987 1634 4045 Mahlhildis.
1684 3989 1848 4058 Cujus
1901 4003 2076 4062 pater,

494 4074 716 4130 nomine
765 4076 1097 4142 Tltietricus,
1141 4079 1194 4133 in
1239 4082 1560 4136 occidentali
1625 4085 1844 4154 regione
1895 4101 2080 4165 comes

495 4167 676 4222 fuerat
709 4168 975 4237 gloriosus
1018 4169 1154 4242 (Ἡ),
1205 4183 1260 4226 et
1292 4175 1654 4229 venerabilem
1711 4175 2077 4244 Reinhildam,

495 4258 770 4318 Danorum
810 4261 1219 4334 Fresonumque
1265 4267 1504 4335 germine
1547 4269 1662 4339 (23)
1714 4280 2076 4336 procreatam,

497 4351 740 4404 moribus
767 4352 1120 4418 probabilem,
1149 4355 1365 4411 sibimet
1404 4358 1728 4428 adjunxcrat
1771 4359 2075 4430 conjugem.

499 4441 600 4509 Qui
644 4443 842 4498 meruit
887 4443 1026 4499 dono
1068 4446 1160 4500 Dei
1209 4448 1427 4518 gignere
1469 4450 1727 4506 infantem
1771 4451 2080 4509 hominibus

2181 1956 2458 2025 perspexit
2487 1956 2717 2012 formam
2761 1957 2986 2029 virginis
3027 1961 3250 2017 herilem
3297 1972 3356 2019 et
3401 1965 3544 2020 mire
3588 1966 3784 2019 lauda-

2181 2048 2363 2102 bilem.
2397 2049 2564 2119 lgitur
2589 2050 2749 2104 tacite
2787 2051 3122 2124 investigatis
3150 2062 3205 2109 et
3227 2063 3387 2110 caute
3410 2057 3783 2112 consideratis

2180 2138 2434 2193 onmibus
2490 2153 2611 2208 quae
2649 2139 3010 2209 desiderabat,
3061 2143 3282 2201 domino
3323 2161 3426 2202 suo
3476 2147 3781 2218 reportavit

2179 2229 2367 2284 hilaris
2393 2239 2584 2284 cuncta
2622 2246 2743 2300 qua:
2772 2233 2999 2290 viderat.
3053 2235 3150 2292 Die
3194 2252 3325 2294 vero
3369 2244 3618 2311 sequenti
3652 2243 3766 2298 dux

2176 2321 2304 2384 ,Otto
2333 2324 2599 2394 disposuit
2649 2327 2730 2381 ire
2766 2342 2923 2383 suum
2971 2329 3139 2385 ﬁlium
3189 2331 3509 2389 Heinricum
3535 2335 3603 2390 ad
3623 2352 3778 2407 pra:-

2181 2412 2346 2484 fatnm
2393 2415 2700 2473 ccenobium
2741 2433 2846 2474 una
2894 2434 3017 2476 cum
3062 2422 3260 2479 comite
3304 2423 3643 2492 Thietmaro,
3680 2443 3779 2483 suo

2180 2503 2458 2570 magistro,
2490 2513 2550 2559 ut
2595 2515 2754 2562 cauta
2794 2509 3229 2568 consideratione
3271 2515 3685 2585 perspicerent.
3731 2520 3776 2572 si

2181 2592 2352 2649 forma
2381 2610 2668 2667 moresque
2696 2599 2888 2668 puellae
2919 2601 3142 2658 sibimet
3175 2608 3554 2662 convenirent.
3592 2609 3776 2680 Elegit

2181 2683 2364 2753 itaque
2389 2701 2492 2740 non
2521 2703 2724 2757 paucos
2762 2690 3008 2760 juvenes,
3036 2707 3238 2763 genere
3264 2703 3319 2749 et
3348 2698 3534 2766 specie
3558 2698 3766 2770 elegan

2184 2781 2284 2837 tes,
2319 2774 2409 2843 qui
2441 2777 2834 2833 comitarentur
2872 2781 3132 2850 juvenem
3177 2783 3521 2857 Hcinricum,
3568 2805 3677 2863 quo
3716 2805 3774 2846 se

2174 2862 2469 2934 jactantius
2496 2867 2664 2925 ferret
2715 2872 2784 2926 ad
2835 2875 3278 2943 pratdestinatttm
3326 2879 3532 2937 locum.
3561 2862 3772 2954 Appro-

2181 2958 2506 3028 pinquantes
2527 2971 2707 3018 autem
2736 2968 3086 3033 monasterio,
3119 2978 3298 3025 castra
3337 2973 3532 3027 metati
3563 2985 3692 3028 sunt
3717 2975 3767 3029 in

2181 3063 2402 3120 campo;
2449 3054 2606 3120 pauci
2648 3070 2776 3111 vero
2826 3057 3039 3112 illorum
3086 3062 3242 3130 quasi
3290 3077 3459 3118 causa
3508 3067 3771 3120 orationis

2184 3139 2408 3211 ingrcssi
2430 3145 2748 3208 oratorium,
2763 3147 3298 3222 videruttt'virginem
3321 3153 3472 3210 intus
3494 3157 3767 3212 sedentem

2106 3212 2151 3274 ο
2183 3242 2236 3286 et
2261 3234 2574 3302 psalterium
2597 3252 2762 3293 manu
2796 3248 3089 3307 tenentem,
3113 3244 3561 3301 honestissimam
3588 3248 3766 3304 habitu

2179 3331 2234 3377 et
2279 3326 2567 3382 admodum
2615 3332 2912 3387 reverenda
2967 3333 3136 3388 cultu.
3193 3335 3488 3393 lleinricus
3547 3349 3763 3405 autem,

2181 3416 2391 3472 eximize
2420 3418 2644 3490 virginis
2677 3437 2864 3478 amore
2911 3439 3228 3495 succensus,
3287 3428 3576 3485 interdixit
3610 3434 3770 3489 sociis

2183 3524 2249 3564 ne
2308 3513 2564 3581 cuiquam
2610 3513 2914 3570 iudicarent
2968 3531 3082 3586 qua
3109 3533 3288 3575 causa
3319 3520 3430 3578 huc
3461 3523 3762 3589 venissent;

2181 3603 2472 3673 statimque
2499 3605 2563 3658 ad
2593 3614 2831 3662 castrum
2879 3610 3274 3681 revertebatur,
3300 3613 3391 3667 ubi
3427 3623 3612 3669 cetera
3641 3632 3767 3686 pars

2175 3693 2436 3764 juvenum
2463 3699 2919 3754 commorabatur.
2943 3701 3008 3756 Et
3031 3703 3256 3759 iuduens
3281 3720 3341 3759 se
3366 3706 3527 3761 herili
3553 3719 3764 3772 ornatu,

2183 3789 2437 3858 templum
2475 3791 2648 3845 denuo
2681 3791 2905 3847 intravit
2955 3794 3124 3849 multo
3165 3797 3447 3862 comitatu,
3489 3801 3767 3868 postulant

2182 3883 2282 3937 sibi
2312 3884 2522 3953 copiam
2553 3884 2668 3938 dari
2701 3885 3030 3941 abbatissam
3077 3887 3405 3959 alloqttendi.
3441 3891 3578 3958 Quae
3607 3895 3764 3950 etiam

2180 3977 2504 4045 procedens,
2536 3977 2707 4046 ipsum
2734 3987 3067 4048 cunctosque
3093 3995 3221 4036 suos
3246 3982 3512 4038 satellites
3535 3986 3767 4054 suscepit

2182 4069 2442 4138 gaudens.
2479 4069 2770 4138 Postquam
2813 4081 2992 4125 autem
3041 4071 3274 4128 invicem
3301 4075 3584 4130 dedissent
3609 4079 3766 4133 verba

2181 4161 2543 4223 salutationis,
2590 4175 2775 4216 secum
2823 4162 2973 4217 duxit
3015 4164 3267 4234 juvenem
3321 4165 3638 4222 lleinrieum
3665 4185 3765 4222 una

2182 4268 2304 4308 cum
2331 4255 2529 4310 comite
2552 4253 2866 4309 Thietmaro
2899 4255 2952 4309 in
2983 4270 3138 4311 suum
3169 4257 3498 4326 cubiculum,
3531 4273 3587 4314 et
3612 4259 3764 4314 fanti-

2181 4346 2319 4404 liare
2347 4363 2468 4404 cum
2497 4348 2576 4403 eis
2601 4348 2652 4402 in
2684 4347 2898 4418 longum
2930 4349 3179 4419 produxit
3225 4351 3580 4420 colloquium.
3609 4353 3768 4422 Egre-

2181 4442 2301 4510 gius
2333 4457 2462 4497 vero
2498 4440 2708 4508 iuvenis
2754 4441 2971 4496 interim
3012 4458 3234 4498 sumens
3277 4444 3532 4499 ﬁduciam
3581 4446 3766 4511 animi,

497 4534 807 4596 anu-bilem.
834 4534 878 4591 Ο
908 4535 1034 4592 felix
1080 4549 1266 4609 partus
1299 4541 1456 4614 hujus
1483 4542 1726 4610 infantis,
1767 4546 1853 4599 cui
1903 4546 2075 4616 gratia
2105 4569 2156 4628 Β
2182 4535 2439 4601 paulatim
2468 4535 2668 4604 incepit
2697 4550 3004 4590 sermonem
3028 4535 3096 4590 de
3127 4535 3365 4605 virgine,
3426 4536 3768 4607 interrogans

495 4625 696 4682 Christi
747 4630 1089 4699 postmodum
1147 4634 1371 4706 contigit
1412 4636 1645 4709 dignitas
1677 4637 1898 4708 regalis!
1943 4637 2077 4692 Nam

495 4722 676 4781 ex1itit
708 4723 876 4791 gloria
909 4738 1215 4796 parentum,
1248 4726 1428 4783 lzctitia
1475 4732 1926 4802 prepinquerunt,
1954 4743 2079 4799 spes

494 4813 833 4881 hereditatis,
860 4827 913 4872 et
938 4819 1098 4874 decus
1132 4821 1294 4875 totius
1326 4821 1520 4876 futura:
1557 4823 1757 4879 sobolis
1783 4865 1797 4890 ,
1833 4822 2079 4877 amabilis

496 4903 623 4961 dum
649 4907 910 4972 nascitur,
931 4920 986 4963 et
1007 4911 1292 4966 amabilior
1314 4913 1438 4967 dntn
1463 4916 1717 4969 nutritur.
1742 4914 1878 4981 Quid
1894 4915 2080 4984 plura?

498 4993 653 5050 Tunc
700 4999 958 5066 temporis
1007 5017 1131 5056 raro
1180 5003 1464 5058 videbatur
1519 5007 1695 5060 infans
1746 5007 1887 5061 talis.
1940 5007 2073 5061 Cum

496 5101 628 5134 ΩΙὮΟ
673 5088 900 5134 illustria
953 5093 1170 5134 nnrvnlt
1220 5106 1357 5134 accol
1410 5097 1675 5134 alti-inlati
1746 5097 2072 5134 tlouialnrnvil

2184 4638 2445 4697 quantum
2475 4635 2730 4698 provecta
2778 4637 2922 4683 esset
2961 4637 3123 4684 aetate
3164 4638 3259 4682 aut
3296 4628 3478 4699 qualis
3508 4639 3768 4693 staturas;

2182 4733 2456 4791 postremo
2480 4722 2641 4775 etiam
2665 4721 2994 4776 desideravit
3022 4722 3123 4777 sibi
3150 4721 3422 4777 licentiam
3450 4723 3515 4778 da
3527 4723 3571 4777 ri
3597 4725 3765 4792 ipsam

2181 4814 2568 4884 conspiciendi.
2626 4813 2741 4879 Qua
2777 4812 2798 4844 °
2834 4823 3059 4868 evocata
3107 4824 3380 4884 praecepto
3433 4815 3724 4870 abbatissa:
3750 4855 3766 4878 ,

2181 4907 2434 4979 apparuit
2465 4907 2517 4960 in
2537 4921 2607 4961 ea
2643 4906 2925 4977 virginalis
2951 4907 3194 4963 incessus
3222 4919 3276 4962 et
3302 4922 3445 4963 verae
3494 4908 3766 4978 pudicitizc

2183 5000 2419 5065 habitus,
2443 4999 2595 5056 frons
2624 5014 2849 5055 serenus
2885 5001 2905 5032 ⁷
2949 5008 3003 5056 et
3045 5001 3324 5072 speciosus
3347 5002 3416 5057 ad
3445 5002 3764 5057 intuendum

2183 5094 2363 5134 vultui:
2393 5095 2445 5134 in
2475 5093 2712 5134 nararlnrn
2754 5091 2879 5134 lilii:
2926 5093 3094 5134 ργιῖιῖι
3147 5094 3440 5134 nnrcimilic
3502 5095 3554 5134 in
3587 5093 3768 5134 vivida
