3908 5426
514 383 620 441 895

1511 358 1806 431 SANCTE
1845 362 2216 426 MATHILDIS
2255 356 2537 419 REGI‘NE
2579 352 2784 413 VITA.‘

517 496 651 556 cum'
672 471 865 554 tacitus
898 472 1178 567 ingemuit.
1210 488 1355 562 quod
1379 470 1611 561 petentis
1644 494 1826 541 votum
1854 498 1961 538 non
1988 480 2093 535 im-
2125 486 2171 543 Α
2203 488 2369 567 mum,
2394 471 2523 541 quia
2552 469 2606 523 in
2646 466 2776 567 ipsis
2797 458 3041 567 regnavit
3316 454 3634 567 ορυὶυειὶίετ
3672 475 3777 517 ιιθε

516 589 714 662 piendo
760 586 1121 660 perturbavit,
1168 593 1223 639 et
1272 597 1414 653 saepe
1445 594 1698 652 egressus
1740 578 1783 610 "
1814 592 1844 631 a
1872 573 2093 646 judicio,

515 683 671 754 quasi
696 682 869 752 ipsam
901 677 1207 742 mulcendo,
1240 674 1461 731 arbitris
1510 671 1727 741 reliquit
1760 664 2096 723 discutienda

513 788 742 847 qnzeque
765 770 981 828 fuerant
1006 768 1251 839 legaliter
1280 764 1580 839 punienda;
1610 772 1664 815 et
1697 758 1982 815 ecclesiam
2010 756 2094 810 iu-

512 881 735 938 gressus
774 879 870 920 seu
910 863 1093 934 aliquo
1121 862 1262 916 bono
1288 873 1453 930 opere
1482 856 1752 928 detentus,
1782 851 1912 906 illud
1937 864 2098 903 evan-

513 959 745 1029 gelicum
775 957 983 1012 solicita
1016 962 1197 1009 mente
1235 949 1568 1021 adimplevit,
1595 944 1737 1015 quod
1773 941 1975 999 Christi
2017 940 2097 995 fa-

513 1050 659 1107 mula
690 1051 804 1106 suis
830 1048 1050 1104 auribus
1077 1045 1263 1102 sedulo
1296 1042 1490 1099 infudit
1521 1059 1535 1096 :
1572 1057 1592 1091 ι
1627 1037 1805 1093 Nolite
1827 1032 2097 1104 judicare,

511 1154 572 1198 ut
598 1158 706 1198 non
727 1140 1075 1212 judicetuini;
1100 1140 1153 1194 in
1176 1153 1281 1209 quo
1303 1138 1445 1191 enim
1468 1132 1676 1203 judicio
1696 1128 2091 1203 judicaveritis,

507 1233 902 1305 judicabimini,
933 1242 989 1287 et
1016 1231 1070 1287 in
1101 1247 1205 1302 qua
1246 1244 1495 1285 mensura
1532 1226 1707 1282 mensi
1745 1222 1984 1288 fueritis,
2009 1236 2095 1277 re-

514 1326 771 1381 metietur
790 1325 941 1380 vobis
971 1322 1183 1396 (Matth.
1213 1338 1309 1386 vn,
1343 1322 1393 1387 l,
1423 1321 1502 1383 2).
1547 1339 1567 1373 ι

587 1420 639 1475 6.
672 1419 750 1474 De
773 1420 1132 1490 procreatione
1158 1417 1441 1471 liberorum
1479 1427 1715 1468 suorum.
1741 1410 1885 1464 Deus
1912 1415 2093 1461 autem

511 1511 874 1582 omnipotens,
900 1510 999 1566 sibi
1029 1510 1329 1565 servientes
1350 1520 1644 1577 numquam
1687 1501 2092 1570 derelinquens,

511 1603 810 1659 clementer
837 1602 1071 1673 inspexit
1102 1600 1241 1656 bona
1270 1616 1432 1670 opera
1462 1602 1602 1670 regis
1628 1594 1865 1652 Heinrici
1883 1603 1937 1648 et
1965 1593 2095 1649 bea-

511 1695 736 1750 tissima:
761 1694 1094 1761 Mahtbildis,
1115 1704 1277 1766 atque
1301 1695 1405 1750 illis
1426 1692 1801 1764 multiplicavit
1821 1688 2092 1746 excellen-

512 1787 643 1842 tiam
674 1785 1021 1843 nobilissimze
1065 1787 1253 1858 prolis.
1303 1786 1500 1842 Beatus
1543 1785 1709 1840 etiam
1752 1794 1969 1854 partus,
1999 1783 2090 1851 qui

511 1880 565 1934 in
596 1887 826 1951 utroque
857 1895 989 1935 sexu
1022 1880 1216 1935 enituit
1254 1879 1678 1950 pulcherrimus,
1708 1893 1807 1933 nec
1850 1877 2093 1947 particu-

511 1970 662 2027 latim
700 1973 1209 2042 comprehenditur,
1250 1988 1350 2028 nec
1389 1970 1605 2043 penitus
1651 1970 1931 2027 reticetur.
1967 1969 2092 2026 Otto

510 2063 824 2131 prmclarus,
851 2073 976 2119 ante
999 2063 1229 2133 regalem
1257 2065 1566 2135 dignitatem
1596 2071 1933 2134 procreatus.
1963 2070 2090 2117 natu

511 2155 687 2209 fuerat
713 2157 1004 2221 maximus,
1031 2157 1200 2211 forma
1230 2157 1456 2227 insignis
1489 2163 1544 2210 et
1569 2156 1811 2211 moribus
1843 2155 2086 2209 illustris.

513 2246 805 2304 lleinricus
843 2258 1042 2312 autem,
1091 2249 1145 2302 in
1183 2247 1348 2320 regali
1388 2247 1524 2302 solio
1559 2255 1739 2311 natus,
1775 2247 1960 2316 jnnior
1990 2246 2091 2299 fuit

508 2340 689 2404 annis,
724 2340 815 2394 sed
846 2340 986 2395 haud
1010 2339 1236 2396 inferior
1261 2339 1579 2395 excellentia
1606 2339 1915 2409 probitatis.
1949 2338 2089 2394 Huic

508 2433 762 2488 nimirum
792 2444 942 2489 tanta
979 2434 1155 2489 inerat
1185 2433 1554 2504 pulchritudo,
1578 2442 1637 2488 ut
1663 2441 1789 2488 tunc
1831 2434 2089 2503 temporis

504 2524 595 2578 vix
621 2536 805 2595 posset
830 2526 988 2582 alicui
1011 2528 1314 2598 comparari
1339 2528 1471 2584 viro.
1501 2528 1770 2583 [ndustria
1800 2528 1863 2594 ¹⁸,
1896 2528 2083 2593 armis,

505 2616 658 2672 vultu
693 2619 734 2650 "
765 2620 903 2688 patri
934 2619 1109 2675 fuerat
1133 2620 1465 2686 consimilis;
1506 2621 1560 2676 in
1608 2622 1755 2677 omni
1796 2630 1975 2676 autem
2007 2629 2089 2674 to-

506 2708 734 2765 lerantia
758 2712 1103 2767 adversitatis
1132 2721 1291 2767 caute
1324 2715 1649 2769 observabat
1683 2713 1906 2783 vestigia
1938 2712 2091 2766 incli-

509 2807 576 2859 tze
599 2801 896 2871 genitricis,
923 2812 971 2858 et
994 2812 1212 2873 propter
1238 2805 1354 2860 hsce
1378 2805 1686 2875 specialiter
1714 2805 1942 2859 dilectus
1964 2820 2091 2858 san-

504 2900 609 2948 eta:
653 2891 777 2961 Dei;
811 2895 964 2963 quasi
993 2904 1138 2950 esset
1183 2895 1377 2951 unicus
1419 2896 1589 2959 illius,
1621 2895 1919 2952 confovens
1963 2910 2086 2950 eum

505 2984 759 3039 omnibus
809 2984 1044 3050 deliciis,
1077 2987 1274 3043 ceteris
1303 2988 1355 3041 in
1392 3002 1577 3043 amore
1604 2989 1894 3059 praeposuit
1941 2989 2084 3055 filiis,

508 3086 675 3144 atque
702 3077 1023 3133 desideravit
1049 3080 1222 3150 ipsum
1252 3094 1417 3150 regno
1442 3081 1602 3150 potiri
1627 3089 1748 3152 post
1770 3081 1974 3136 obitum
2006 3081 2086 3135 in-

505 3166 619 3221 cliti
662 3169 804 3239 regis
842 3169 1111 3235 lleinrici,
1142 3172 1185 3227 si
1217 3173 1484 3242 permissu
1518 3172 1609 3228 Dei
1646 3173 1895 3228 voluntas
1943 3172 2086 3228 illius
2114 3164 2158 3224 C

503 3253 690 3328 posset
710 3260 1009 3330 a‘iimpleri.
1044 3261 1179 3316 Hinc
1195 3263 1358 3318 etiam
1383 3264 1530 3318 venit
1553 3278 1722 3333 puero
1746 3265 1917 3333 prima
1942 3264 2090 3321 labes

507 3348 658 3412 mali,
684 3358 740 3404 et
761 3351 831 3404 ob
856 3352 958 3405 hoc
977 3350 1103 3407 Otto
1122 3356 1373 3424 egregius
1397 3362 1585 3411 contra
1610 3355 1835 3411 fratrem
1861 3371 2088 3427 parum-

505 3453 608 3509 per
643 3449 728 3495 est
752 3451 1050 3498 rommotus
1072 3484 1087 3509 ,
1115 3444 1315 3515 talique
1343 3446 1502 3501 modo
1527 3446 1668 3502 inter
1700 3447 1842 3517 ipsos
1877 3464 2090 3504 cresce-

506 3530 601 3586 bat
623 3532 821 3587 invidia
847 3541 903 3589 et
943 3534 1011 3590 lis
1051 3537 1283 3591 assidua.
1321 3537 1501 3592 Bruno
1532 3554 1694 3606 vero,
1725 3549 1884 3595 actate
1925 3540 2081 3595 mini-

506 3638 651 3690 mus,
696 3625 791 3682 sed
818 3626 1100 3682 honestate
1132 3645 1340 3684 morum
1392 3630 1531 3685 haud
1565 3631 1798 3691 infimus.
1833 3632 1885 3687 in
1931 3634 2089 3687 annis

505 3716 811 3785 puerilibus
838 3719 1135 3775 scolastica:
1162 3720 1376 3777 deditus
1398 3737 1658 3788 censurae,
1692 3724 1876 3779 divino
1920 3724 2088 3780 famu-

505 3805 639 3863 latui
666 3808 954 3865 insudabat
982 3811 1069 3865 die
1109 3821 1289 3868 tenus.
1317 3813 1422 3869 Sed
1466 3815 1611 3869 enim
1644 3815 1868 3886 insignis
1918 3816 2087 3888 gloria

504 3908 794 3970 parentum
817 3901 883 3956 de
913 3903 1167 3974 filiisjam
1200 3907 1448 3975 prohibet
1489 3906 1850 3976 prolixitatem
1878 3924 2084 3966 sermo-

504 4005 662 4056 num,
692 3992 818 4061 quia
864 3997 1213 4052 remeantium
1242 4007 1328 4053 est
1355 3999 1422 4053 ad
1466 3999 1629 4054 vitam
1675 4000 1911 4056 Iieinrici
1946 4003 2087 4074 regis

504 4089 563 4135 et
593 4082 921 4140 beatissima:
957 4087 1158 4157 reginae
1202 4088 1530 4147 Mahtbildis.
1574 4092 1811 4159 Quorum
1845 4095 2087 4164 probitas

503 4176 810 4230 enumerari
838 4192 944 4231 non
972 4187 1167 4248 potest,
1196 4181 1335 4237 sicut
1362 4184 1579 4254 dignum
1619 4194 1720 4240 est.
1758 4186 1933 4241 Ambo
1969 4187 2084 4244 fue-

503 4271 630 4317 rant
659 4263 940 4333 fortunati,
965 4279 1019 4323 et
1054 4271 1247 4327 merito
1274 4273 1432 4329 laude
1455 4285 1577 4332 sunt
1609 4278 1782 4348 digni;
1811 4294 1936 4333 nam
1967 4280 2087 4335 illo-

503 4367 625 4407 rum
649 4364 1024 4424 promeruerat
1048 4362 1220 4417 virtus
1263 4365 1519 4437 quidquid
1541 4367 1667 4422 boni
1689 4385 1831 4424 nunc
1847 4370 2086 4441 resplen-

502 4442 598 4498 det
622 4443 675 4499 iu
704 4448 1008 4516 nepotibus.
1039 4451 1084 4506 0
1114 4453 1280 4519 beati,
1310 4458 1400 4531 qui
1431 4474 1537 4513 non
1579 4459 1752 4514 solum
1779 4461 1993 4519 fuerant
2027 4465 2079 4519 in

502 4550 669 4594 carne
706 4540 1027 4609 coadunati,
1070 4546 1165 4601 sed
1198 4548 1250 4605 in
1294 4549 1476 4606 animo
1524 4566 1632 4607 uno
1675 4562 1729 4609 et
1777 4555 1969 4624 spiritu
2014 4559 2082 4613 ad

500 4641 665 4685 omne
683 4646 820 4702 opus
838 4632 1038 4691 bonum
1080 4641 1345 4710 prompti!
1392 4643 1571 4699 Inerat
1614 4645 1719 4701 illis
1748 4654 1889 4702 unus
1929 4664 2084 4706 amor

499 4718 998 4814 in-Cbristo,:equa
1030 4733 1354 4791 coadunatio
1399 4736 1453 4792 in
1508 4739 1671 4805 bono,
1715 4741 1823 4798 Deo
1867 4743 2083 4814 placens

498 4810 773 4891 voluntas,
804 4826 860 4874 et
888 4829 1036 4877 recta
1082 4826 1373 4897 peragendi
1426 4827 1658 4885 facultas
1685 4872 1700 4893 ,
1734 4848 1832 4903 par
1861 4810 2081 4890 dilectio

501 4902 558 4955 in
583 4906 878 4976 proximos,
907 4914 1129 4982 aequalis
1151 4919 1452 4988 compassio
1474 4920 1525 4975 in
1552 4921 1842 4992 subjectos.
1882 4923 1927 4979 Ο
1956 4924 2083 4981 bea-

502 4998 616 5045 tum
659 4994 833 5051 virum
861 4999 914 5054 in
945 5002 1091 5057 cultu
1123 5006 1288 5061 divini
1337 5007 1702 5067 famulaminis
1754 5014 2076 5079 studiosum,

501 5087 559 5138 ei
579 5084 849 5146 egregiam
881 5091 1183 5146 mulierem.
1208 5111 1329 5146 nam
1356 5099 1484 5146 talis
1504 5101 1800 5146 νίςυριιῑιιης
1824 5105 2072 5146 nmmum

2202 562 2383 622 tamen
2427 558 2955 628 defuitcontinentia
2986 555 3288 612 laudabilis.
3337 555 3399 609 In
3447 556 3776 612 cunctiseo-

2198 671 2317 709 rmn
2366 653 2577 708 actibus
2614 648 2944 720 rcsplenduit
2990 645 3266 701 modestiae
3316 647 3527 710 virtus;
3587 646 3778 702 merito

2197 746 2418 801 fuerunt
2443 753 2681 798 rectores
2711 742 2861 813 regni
2896 738 3091 799 talibus
3118 754 3149 792 a
3191 737 3305 792 Deo
3341 737 3635 792 virtutibus
3661 753 3777 792 ma.

2198 839 2393 892 aerati.
2426 836 2575 890 Beati
2607 835 2883 898 existunt,
2926 839 2982 885 et
3023 839 3241 886 teternre
3291 828 3646 884 beatitudinis
3685 845 3777 885 re-

2198 932 2378 999 quiem
2404 928 2784 999 possidebunt;
2815 937 2913 994 pro
2932 922 3128 992 quibus
3154 921 3281 989 ipsae
3314 918 3631 974 elemosina:
3680 935 3775 975 ex-

2197 1029 2404 1085 orant,
2453 1034 2589 1089 quas
2644 1016 2792 1085 larga
2830 1029 2991 1069 manu
3023 1010 3383 1082 indigentibus
3434 1010 3777 1074 tribuebant,

2196 1110 2453 1180 quamdiu
2508 1110 2559 1163 in
2617 1106 2827 1163 mortali
2880 1105 2987 1159 vita
3038 1103 3346 1158 manebant.
3403 1100 3546 1169 Quid
3594 1100 3781 1172 plura?

2196 1202 2410 1270 Quanto
2475 1200 2842 1257 sublimiorem
2905 1195 3264 1251 ascenderant
3321 1194 3605 1265 dignitatis
3657 1209 3761 1263 gr:

2195 1296 2344 1356 dum,
2374 1302 2521 1349 tanto
2545 1292 2873 1347 devotiorem
2918 1287 3135 1344 Christo
3175 1284 3563 1355 impendebant
3599 1284 3775 1339 fama.

2194 1383 2383 1439 latum.

2267 1474 2320 1528 7.
2359 1473 2434 1527 De
2464 1472 2745 1526 intentione
2777 1468 3093 1524 monasteria
3123 1468 3480 1523 construendi.
3512 1468 3647 1526 Cum
3685 1485 3780 1524 au-

2196 1573 2301 1621 tem
2345 1563 2700 1633 persisterent
2743 1575 2934 1630 magna
2977 1559 3339 1630 prosperitate
3389 1558 3561 1629 pacis,
3605 1560 3775 1613 omni-

2194 1655 2427 1727 potentis
2472 1653 2567 1709 Dei
2618 1651 2972 1724 inspiratione
3013 1649 3399 1707 desiderabant
3454 1651 3776 1704 monasteria

2195 1753 2529 1807 construere,
2561 1752 2615 1798 et
2661 1740 3043 1796 adminiculum
3094 1741 3337 1811 praebere
3380 1740 3492 1795 illic
3543 1755 3779 1796 commo-

2129 1825 2171 1879 Β
2200 1832 2441 1887 rantibus
2482 1832 2546 1886 de
2591 1830 2754 1899 regiis
2796 1828 3165 1893 facultatibus,
3208 1838 3483 1898 quatenus
3525 1829 3606 1883 sui
3656 1844 3778 1884 suo.

2195 1937 2422 1992 rumque
2446 1931 2656 1992 patrum
2685 1919 2765 1974 vel
2796 1927 3049 1990 nepotum
3080 1918 3338 1973 memoria
3362 1918 3562 1972 ibidem
3593 1934 3777 1991 perpe.

2195 2013 2290 2066 tim
2318 2012 2609 2068 haberetur
2641 2009 2969 2064 linuissima.
3026 2008 3199 2086 Igitur
3241 2008 3604 2067 tractantibus
3650 2010 3778 2064 tanti

2193 2104 2375 2176 cperis
2404 2102 2813 2161 fundamentum
2837 2115 3070 2170 quonam
3093 2108 3356 2170 ponerent
3376 2098 3525 2164 loco,
3576 2100 3775 2169 princi~

2191 2194 2347 2263 pibus
2381 2191 2559 2261 populi
2587 2192 2638 2245 in
2674 2206 2839 2245 unum
2870 2188 3179 2257 convocatis
3209 2189 3320 2259 (an.
3360 2186 3514 2257 935),
3549 2189 3776 2258 postula-

2191 2285 2326 2340 bant
2361 2284 2462 2340 sihi
2494 2282 2777 2338 consilium
2808 2282 2942 2343 dari,
2976 2281 3028 2336 in
3064 2296 3168 2351 qua
3215 2288 3369 2351 parte
3395 2280 3637 2350 regionis
3663 2282 3777 2335 haec

2189 2375 2443 2431 decenter
2470 2382 2690 2445 possent
2736 2372 3037 2444 adimpleri.
3080 2372 3163 2427 Ad
3213 2371 3329 2426 haec
3376 2372 3655 2442 principes
3698 2387 3775 2426 re-

2190 2470 2542 2539 sponderunt,
2591 2468 2832 2522 dicentes
2873 2484 2887 2520 :
2938 2466 3081 2520 intra
3122 2462 3570 2520 Winithebusum
3599 2464 3774 2519 "exi-

2190 2551 2826 2615 stere'sanctimoniales
2878 2554 3111 2628 regulari
3173 2554 3462 2624 disciplina
3503 2564 3774 2622 carentes,

2188 2665 2307 2720 quae
2333 2664 2436 2704 non
2466 2658 2685 2720 possent
2712 2648 2821 2702 illic
2857 2648 3061 2703 diutius
3088 2645 3385 2712 demorari,
3417 2646 3474 2700 ni
3515 2656 3774 2701 sustenta-

2193 2752 2382 2798 rcntur
2417 2742 2759 2811 adjuvandae
2799 2740 2999 2810 regali;
3029 2748 3085 2795 et
3135 2738 3423 2795 consilium
3470 2738 3672 2795 dabant
3723 2740 3774 2793 in

2189 2833 2620 2907 Quitiliugoburc
2651 2831 2955 2887 transferri.
2981 2831 3122 2902 Ergo
3155 2830 3416 2885 ambobus
3441 2830 3547 2885 hoc
3573 2829 3775 2899 placuit

2190 2927 2492 2991 consilium,
2522 2936 2577 2980 et
2604 2941 2663 2981 se
2705 2922 3087 2994 conspirabant
3127 2920 3481 2993 implendum.
3532 2921 3775 2977 Posthmc

2192 3033 2290 3074 rex
2325 3016 2611 3072 lleinricus
2639 3017 2771 3071 adiit
2796 3014 3127 3081 Batfelthun,
3160 3028 3267 3085 quo
3292 3015 3596 3083 saepissime
3622 3030 3773 3070 exer-

2189 3112 2300 3165 cuit
2330 3119 2601 3166 renatum.
2628 3109 2703 3164 ibi
2734 3109 2919 3179 paucis
2948 3106 3140 3163 diebus
3162 3106 3498 3178 interpositis
3518 3105 3773 3177 languore

2188 3211 2492 3273 correptus,
2526 3200 2578 3256 vi
2621 3199 2850 3256 febrium
2901 3198 3157 3253 nimirum
3204 3197 3498 3262 laboravit,
3529 3196 3622 3251 sed
3677 3211 3773 3265 pa-

2191 3309 2414 3363 rumper
2454 3293 2642 3349 sedato
2683 3291 3009 3347 infirmitatis
3048 3289 3256 3356 dolore,
3302 3290 3427 3345 inde
3460 3288 3529 3344 ad
3583 3288 3772 3358 Erpes-

2187 3386 2380 3441 vort“
2411 3384 2514 3440 iter
2555 3383 2776 3448 direxit,
2801 3382 2982 3451 ibique
3027 3388 3255 3437 cunctos
3296 3380 3574 3450 principes
3623 3379 3773 3448 regni

2189 3473 2485 3529 convenire
2534 3472 2810 3542 praecepit,
2862 3479 2920 3525 ut
2973 3484 3036 3525 se
3085 3469 3316 3524 invicem
3364 3470 3773 3532 coadunarent,

2187 3580 2346 3635 quem
2376 3580 2595 3620 suorum
2625 3563 2854 3617 filiorum
2897 3560 3077 3631 regale
3116 3559 3309 3615 solium
3349 3560 3631 3630 possidere
3679 3559 3773 3613 eli-

2187 3662 2378 3724 gerent
2443 3655 2557 3723 (an.
2609 3653 2758 3722 956).
2812 3649 2971 3708 Venit
3015 3659 3072 3706 et
3105 3647 3369 3705 ‘Dietnotb
3406 3649 3451 3679 "
3503 3647 3773 3703 abbatissa

2187 3741 2752 3797 Winetbehusineusis
2790 3742 2873 3807 ”,
2905 3750 3131 3795 evocata
3169 3748 3438 3810 prtecepto
3483 3740 3650 3810 regis.
3711 3738 3772 3793 Et

2185 3834 2384 3906 prioris
2405 3835 2547 3889 haud
2583 3835 2867 3890 immemor
2892 3830 3142 3887 desiderii
3186 3831 3517 3901 postulabat,
3560 3839 3621 3887 ut
3661 3830 3770 3899 sibi

2187 3923 2431 3977 subditas
2456 3920 2895 3978 sanctimoniales
2918 3921 2971 3974 in
2992 3919 3420 3989 Quitilingobure
3443 3920 3773 3975 consentiret

2187 4013 2499 4083 transponi;
2533 4028 2651 4083 quae
2674 4011 2987 4082 petitionem
3018 4010 3162 4081 regis
3183 4017 3462 4080 gratanter
3482 4008 3772 4079 accipiens,

2186 4106 2416 4161 libenter
2444 4106 2494 4162 id
2525 4106 2738 4160 annuit.

2253 4197 2307 4253 8.
2347 4198 2423 4252 De
2448 4198 2590 4251 obitu
2635 4195 2874 4252 Heinrici
2911 4196 3065 4266 regis.
3108 4193 3206 4249 His
3234 4193 3309 4248 ita
3335 4192 3642 4264 dispositis,
3676 4207 3771 4246 rex

2185 4286 2468 4343 lleinricus
2493 4283 2729 4359 perrexit
2753 4289 2821 4342 ad
2848 4285 3104 4342 lmilebun
3134 4283 3212 4349 “,
3242 4297 3431 4338 secum
3460 4281 3773 4337 comitanti-

2182 4380 2284 4435 bus
2310 4380 2513 4448 paucis.
2559 4380 2672 4435 lllic
2699 4381 2890 4436 iterata
2920 4389 3003 4436 est
3049 4378 3168 4448 ejus
3213 4377 3528 4443 infirmitas,
3558 4385 3615 4431 et
3664 4390 3771 4430 non

2187 4469 2353 4524 multo
2370 4479 2490 4539 post
2517 4471 2845 4539 sequebatur
2866 4468 3056 4525 mortis
3075 4466 3342 4538 asperitas
3363 4465 3502 4537 (Jul.
3525 4464 3606 4529 Ξ).
3631 4462 3770 4519 Cum

2186 4569 2365 4615 autem
2396 4561 2619 4615 sentiret
2642 4561 2724 4616 sui
2750 4560 2994 4630 corporis
3018 4558 3427 4615 dissolutionem
3462 4556 3770 4617 imminere,

2187 4651 2427 4721 reginam
2471 4652 2538 4705 ad
2567 4666 2626 4707 se
2653 4666 2878 4716 vocans,
2911 4649 3079 4711 multa
3134 4664 3257 4705 cum
3310 4648 3429 4717 ipsa
3475 4644 3771 4714 disputavit

2187 4752 2415 4806 secreta,
2463 4752 2521 4798 et
2575 4753 2850 4812 postremo
2901 4758 3208 4799 sermonem
3260 4740 3456 4795 talibus
3504 4736 3769 4793 conclusit

2187 4834 2369 4888 verbis
2402 4852 2417 4889 :
2453 4854 2472 4886 ι
2509 4833 2553 4890 Ο
2579 4834 2733 4889 nobis
2766 4847 2978 4903 semper
3013 4832 3272 4887 fidissima
3310 4839 3367 4886 et
3394 4829 3592 4884 merito
3639 4826 3770 4881 dile-

2184 4927 2445 4992 ctissima,
2469 4926 2686 4981 Christo
2707 4926 2906 4997 gratias
2927 4925 3136 4996 agimus
3184 4924 3325 4993 quod
3350 4932 3403 4979 te
3421 4921 3767 4990 superstitem

2186 5017 2557 5087 relinquimus.
2606 5017 2740 5073 Nam
2789 5018 2965 5073 nullus
3008 5017 3108 5072 sibi
3138 5014 3383 5084 adiunxit
3409 5014 3456 5044 "
3484 5012 3765 5065 mulierem

2186 5106 2290 5146 mlo
2334 5108 2626 5146 ﬁrminram
2678 5109 2728 5146 in
2753 5109 2896 5146 nmni
2927 5108 3068 5146 lmnn
3099 5106 3539 5146 nmlmhilinrnm-
3580 5102 3765 5146 [Ianua
