3908 5426
104 382 216 449 891

1117 379 1412 445 SANCTzE
1452 376 1825 444 MATIIILDIS
1864 378 2146 443 REGIN/E
2188 384 2374 443 VITA.

3286 387 3390 446 898

105 513 233 582 pius
268 508 538 567 revocasti
572 511 643 566 ab
675 508 965 581 iniquitate
1009 506 1075 563 ad
1100 508 1390 579 justitiam,
1419 516 1476 561 et
1519 503 1710 561 sedulo
1738 510 1787 567 Α
1816 503 2063 568 retinete,
2108 504 2249 574 quod
2295 505 2350 560 in
2381 502 2671 573 Evangelia
2724 502 2923 560 dicitur
2969 502 3218 559 veritatis
3244 518 3340 560 ore
3374 523 3387 558 :

105 603 397 668 monuisti,
427 604 478 657 vi
504 617 761 673 oppresso
786 600 970 657 facere
999 600 1450 656 misericordiam.
1476 598 1627 654 Nunc
1652 608 1702 653 te

103 703 163 747 et
192 702 420 749 nostros
475 694 613 749 lilios
637 691 994 763 omnipotenti
1029 691 1139 746 Deo
1168 691 1608 747 commendamus
1646 697 1703 744 et

103 783 416 841 electorum
447 782 544 839 Dei
573 784 848 855 precibus,
879 781 1040 838 simul
1067 798 1190 837 cum
1223 782 1434 845 anima,
1469 795 1591 851 qua:
1633 780 1702 834 de

104 892 346 947 corpore
368 876 483 947 jam
529 885 614 931 est
652 875 963 931 recessura!
1004 893 1023 927 ι
1062 873 1185 930 Ηιεο
1215 888 1338 929 cum
1371 872 1618 935 dixisset,
1646 879 1701 926 et

105 969 303 1039 regina
344 967 489 1022 haud
541 966 723 1022 minus
749 964 827 1021 illi
871 964 919 997 “
969 964 1175 1033 gratias
1207 964 1440 1033 egisset,
1468 975 1702 1018 mterore

102 1060 268 1131 plena
297 1059 587 1115 ecclesiam
610 1066 694 1113 est
719 1057 984 1129 ingressa,
1014 1070 1075 1111 se
1099 1070 1304 1125 suaque
1347 1054 1526 1109 omnia
1553 1067 1701 1108 com-

104 1151 379 1204 mendans
405 1149 534 1213 Deo,
564 1147 706 1203 sicut
730 1163 947 1216 semper
973 1146 1204 1202 solebat.
1235 1146 1453 1200 Interim
1497 1144 1701 1199 disces-

102 1242 172 1296 sit
201 1242 392 1295 anima
425 1241 567 1312 regis
593 1242 659 1295 de
685 1239 956 1311 ergastulo
981 1239 1182 1294 carnis.
1225 1238 1479 1294 Seutiens
1516 1245 1698 1290 autem

102 1339 295 1386 saneta
326 1330 422 1385 Dei
446 1330 616 1399 plebis
635 1329 1040 1392 lamentatione,
1070 1329 1311 1383 inclitum
1335 1327 1509 1381 virum
1538 1325 1699 1381 rebus

102 1420 363 1475 humanis
409 1420 733 1483 excessisse,
776 1420 1072 1489 prostravit
1116 1434 1175 1474 se
1204 1417 1258 1472 in
1286 1417 1611 1481 orationem,
1643 1424 1698 1468 et

100 1508 277 1578 ipsius
302 1509 541 1563 animam
564 1508 962 1564 commendavit
985 1508 1038 1562 in
1062 1508 1264 1562 Christi
1294 1506 1473 1562 iidem.
1504 1505 1696 1563 Postea

100 1615 340 1671 surgens
373 1600 750 1669 interrogavit,
782 1600 827 1654 si
855 1600 1032 1655 adlmc
1065 1598 1263 1669 aliquis
1279 1598 1572 1670 jejunaret,
1602 1598 1693 1668 qui

100 1694 304 1748 anima:
333 1693 421 1748 sui
450 1692 654 1747 dumini
685 1694 906 1748 missam
938 1695 1286 1750 decantaret?
1310 1695 1550 1749 Audiens
1593 1695 1695 1750 ltoc

98 1783 379 1840 Adeldaeh
408 1785 453 1817 "
478 1786 766 1856 presbiter,
793 1788 1068 1858 respondit
1093 1786 1322 1843 festinus
1346 1803 1361 1843 :
1393 1804 1412 1839 ι
1446 1787 1690 1853 Domina,

99 1877 347 1932 nondum
376 1875 669 1947 quidquam
699 1879 1054 1949 gustavimus.
1093 1898 1113 1932 ι
1146 1878 1483 1937 Venerabilis
1511 1883 1695 1953 regina

96 1966 228 2021 olim
262 1968 520 2023 induerat
546 1967 681 2024 duas
708 1969 952 2026 armillas
988 1971 1124 2027 mira
1152 1981 1271 2027 arte
1301 1972 1525 2037 celatas,
1577 1988 1697 2043 quae

98 2069 248 2115 tanta
284 2062 548 2118 ﬁrmitate
573 2063 811 2118 brachiis
836 2062 1051 2118 fuerant
1094 2066 1463 2129 circumdatze,
1498 2073 1555 2120 ut
1579 2067 1697 2121 sine

98 2154 304 2212 auxilio
355 2153 494 2212 labri
534 2155 841 2213 nullatenus
895 2166 1115 2227 possent
1143 2157 1347 2212 divelli.
1405 2156 1517 2214 Has
1565 2168 1696 2214 tunc

98 2249 333 2304 minimo
364 2257 596 2320 tangens
625 2248 811 2320 digito,
846 2249 1011 2305 citius
1039 2251 1186 2305 dicto
1210 2252 1479 2315 excussit,
1507 2251 1585 2305 ita
1626 2251 1696 2306 ad

100 2333 472 2409 presbitérum
500 2340 688 2396 dicens
726 2358 741 2395 :
780 2359 799 2393 ι
833 2342 1033 2411 Accipe
1082 2342 1177 2398 tibi
1219 2342 1327 2399 hoc
1380 2358 1597 2409 aurum,
1640 2350 1698 2399 et

99 2441 261 2487 canta
291 2432 519 2487 missam
548 2434 874 2489 animarum.
912 2454 930 2487 ι
973 2433 1243 2502 Quamdiu
1293 2437 1438 2492 enim
1466 2452 1695 2493 venera-

100 2523 220 2587 bilis
245 2523 467 2577 domina
497 2526 839 2595 postmodum
860 2526 1023 2592 vixit,
1050 2525 1225 2581 eidem
1250 2528 1551 2597 presbitero
1574 2544 1694 2582 ma-

99 2630 260 2685 gnam
295 2616 544 2670 exhibuit
564 2616 815 2686 gratiam,
867 2632 1162 2686 numquam
1190 2619 1408 2674 tradens
1436 2618 1693 2675 oblivioni

101 2706 246 2775 quod
304 2706 535 2774 primam
592 2706 812 2762 missam
864 2707 1245 2764 deeantaverat
1296 2710 1493 2765 animm
1551 2712 1692 2781 regis

102 2794 377 2861 lleinrici;
412 2807 469 2851 et
500 2795 571 2851 ob
613 2811 909 2852 memorem
947 2812 1167 2853 causam
1206 2796 1367 2868 hujus
1408 2798 1535 2853 facti
1591 2801 1693 2870 ipsi

103 2885 791 2956 impetravitepiscopalem
816 2887 1133 2957 dignitatem
1150 2887 1195 2922 "
1217 2887 1330 2959 (27)
1358 2890 1497 2959 apud
1523 2889 1692 2944 lilium

101 2992 261 3030 suum
288 2975 565 3032 Ottonem.
598 2975 733 3032 Cum
764 2987 942 3033 autem
1001 2979 1151 3034 (inita
1190 2988 1338 3035 esset
1384 2980 1548 3035 missa
1576 2981 1694 3036 ani-

104 3084 344 3132 marum,
375 3068 563 3138 regina
588 3067 723 3124 llens
747 3069 969 3124 intravit
992 3070 1323 3135 cubiculum,
1362 3058 1451 3126 ubi
1473 3072 1693 3143 jacebat

1810 612 1829 646 ι
1851 594 2040 651 Omnis
2067 596 2157 665 qui
2186 610 2245 649 se
2266 595 2482 662 exaltat,
2511 596 2902 660 humiliabitur,
2933 603 2988 651 et
3009 596 3101 665 qui
3126 609 3186 651 se
3210 595 3391 651 humi-

1806 684 1923 750 liat,
1946 686 2438 756 exaltabitur(Lur.
2470 702 2582 754 xiv,
2614 688 2724 757 ll).
2759 707 2777 740 ι
2804 687 2933 744 Post
2962 690 3078 744 haec
3101 688 3205 744 rite
3231 702 3394 758 para-

1805 778 1875 833 tis
1897 777 2149 833 omnibus
2192 794 2314 849 qua:
2343 779 2651 834 necessaria
2696 788 2855 835 erant
2887 780 2955 835 ad
2990 778 3174 841 funus,
3205 779 3385 834 maxi-

1801 882 1893 922 mo
1917 883 2041 924 cum
2082 868 2289 924 honore
2333 885 2531 940 corpus
2566 870 2619 924 in
2648 869 3081 941 Quitilingoburc
3109 880 3390 940 transpor-

1805 959 2009 1025 tabant,
2040 960 2130 1016 ubi
2169 961 2282 1029 ipse
2309 962 2651 1033 requiescere
2677 964 3020 1029 decreverat;
3064 962 3244 1033 ibique
3283 962 3386 1019 ho-

1800 1049 2028 1105 noriﬁce
2071 1050 2414 1106 tradiderunt
2442 1052 2754 1123 sepulturae.
2791 1052 2943 1108 Tune
2993 1053 3178 1124 regina
3222 1068 3391 1110 vene-

1801 1139 1991 1194 rabilis
2033 1155 2195 1211 supra
2227 1152 2586 1198 memoratam
2614 1143 2946 1198 abbatissam
2997 1143 3315 1198 monasterii
3339 1140 3385 1176 ³¹

1801 1225 2355 1286 Winithehusinensis
2384 1232 2452 1286 ad
2481 1247 2542 1287 se
2568 1231 2764 1288 iterum
2797 1233 3032 1295 vocavit,
3071 1243 3127 1288 et
3158 1248 3387 1304 congre-

1799 1321 2070 1391 gationem
2113 1322 2216 1378 sibi
2247 1323 2518 1380 subditam
2569 1325 2696 1381 illuc
2746 1325 3034 1382 transferri
3080 1326 3384 1381 admonuit.

1800 1412 1952 1478 Quod
1993 1413 2269 1470 abbatissa
2311 1415 2491 1486 primo
2519 1416 2763 1481 rennuit,
2789 1418 2885 1473 sed
2911 1417 3257 1488 postmodum
3286 1415 3385 1472 im-

1797 1513 2024 1572 perante
2045 1503 2164 1571 ejus
2194 1504 2303 1561 lilio
2331 1504 2532 1562 Ottone
2566 1508 2865 1563 consensit.

1869 1596 1922 1650 9.
1964 1593 2040 1648 De
2067 1594 2314 1650 electione
2342 1596 2550 1652 Ottonis
2604 1599 2761 1670 regis.
2793 1597 2925 1653 Post
2968 1612 3256 1653 excessum
3307 1596 3387 1652 in-

1797 1686 1909 1742 cliti
1933 1688 2075 1759 regis
2099 1688 2340 1745 lleinrici
2384 1689 2641 1746 ductores
2671 1690 2834 1761 primi
2889 1691 3290 1749 conveniebant
3325 1697 3385 1745 et

1796 1776 1864 1833 de
1887 1787 2033 1834 statu
2061 1780 2212 1851 regni
2244 1780 2530 1837 consilium
2586 1783 2879 1838 habebant.
2933 1782 3222 1853 Perplures
3244 1781 3385 1852 diju-

1729 1848 1772 1904 Β
1799 1869 2076 1934 dicabant,
2104 1848 2417 1927 lleinricqu
2445 1888 2612 1945 regno
2653 1874 2835 1945 potiri,
2872 1875 2999 1944 quia
3035 1848 3196 1929 natus
3236 1848 3385 1928 esset

1799 1961 1854 2016 in
1880 1961 2003 2017 aula
2031 1962 2198 2034 regali
2229 1964 2360 2029 ;alii
2392 1979 2521 2022 vero
2569 1966 2951 2022 desiderabant
2978 1964 3228 2021 Ottonem
3258 1978 3385 2034 pos-

1797 2053 1975 2109 sidere
2003 2055 2340 2125 principatus
2368 2057 2650 2123 honorem,
2681 2059 2808 2128 quia
2862 2066 3019 2113 aetate
3040 2064 3186 2113 esset
3209 2056 3386 2127 major

1797 2155 1856 2202 et
1883 2147 2112 2202 consilio
2163 2148 2555 2218 providentior.
2596 2150 2752 2219 Quid
2806 2149 3010 2221 plura?
3048 2148 3385 2218 Disponente

1797 2240 2137 2310 providentia
2190 2241 2306 2309 Dei,
2352 2250 2625 2313 sceptrum
2668 2242 2946 2312 regiminis
2994 2239 3159 2296 cessit
3194 2236 3383 2295 Ottoui

1798 2332 1956 2402 (Aug.
1986 2331 2064 2401 8).
2097 2332 2229 2388 lude
2273 2335 2446 2405 magis
2469 2350 2535 2390 ac
2562 2335 2735 2404 magis
2763 2335 2906 2389 inter
2958 2331 3151 2388 fratres
3180 2344 3383 2387 conva-

1796 2422 2035 2478 lescebat
2089 2425 2383 2491 discordia,
2414 2440 2536 2496 quae
2583 2426 2726 2481 inter
2772 2426 2917 2495 ipsos
2959 2422 3280 2479 versabatur
3311 2421 3384 2475 ab

1797 2514 2048 2570 infantia.
2108 2516 2339 2573 Assidue
2388 2517 2684 2588 litigantes,
2731 2517 2807 2571 nil
2856 2516 3138 2587 paciﬁcum
3192 2523 3383 2568 mutuo

1797 2607 2178 2678 loquebantur.
2230 2607 2383 2665 Tune
2412 2609 2596 2680 regius
2630 2609 2848 2681 juvenis
2879 2607 3163 2664 lleinricus
3210 2605 3383 2660 multa

1795 2700 2055 2754 sustinuit
2082 2700 2479 2771 adversa,qua:
2511 2700 2697 2756 inclita
2738 2710 2915 2755 mater
2955 2706 3180 2755 econtra
3233 2694 3379 2752 salu-

1798 2792 2003 2846 taribus
2030 2791 2333 2862 disciplinis
2367 2792 2574 2859 lenivit,
2603 2802 2660 2847 et
2683 2791 2874 2848 sedulo
2895 2788 3199 2875 ammonuit
3229 2787 3376 2844 Seri-

1792 2891 1966 2954 ptura:
1995 2883 2229 2940 dicentis
2260 2901 2275 2938 :
2305 2901 2324 2935 ι
2356 2883 2528 2952 Quem
2558 2884 2704 2940 enim
2734 2883 2913 2956 diligit
2940 2881 3224 2945 Dominus,
3253 2895 3379 2936 cor-

1796 2975 1946 3045 ripit,
1971 2983 2028 3029 et
2047 2976 2203 3046 quasi
2236 2985 2394 3047 pater
2444 2977 2498 3032 in
2540 2975 2656 3032 lilio
2701 2975 3004 3045 complacet
3051 2972 3155 3029 sibi
3191 2969 3378 3044 (Prov.

1796 3083 1879 3135 ιιι,
1913 3067 2023 3137 12).
2061 3086 2080 3119 ι
2126 3067 2226 3123 llic
2261 3067 2429 3124 multa
2457 3067 2525 3124 de
2577 3068 2841 3139 angustiis
2881 3066 2999 3136 ejus
3054 3062 3384 3136 praetermit-

101 3172 305 3228 corpus
335 3167 630 3222 mortuum,
655 3167 711 3213 et
739 3159 884 3214 intus
908 3160 1107 3215 invenit
1142 3160 1349 3230 regales
1377 3160 1515 3217 lilios
1556 3163 1693 3216 mul-
1718 3191 1765 3252 Ο
1796 3167 2007 3224 tuntur,
2032 3160 2157 3230 quia
2185 3160 2230 3214 si
2257 3173 2353 3230 per
2377 3158 2591 3230 singula
2625 3159 2997 3235 volverentur,
3028 3154 3382 3212 narrantibus

105 3256 222 3302 tum
257 3248 630 3313 lacrimantes,
668 3248 939 3320 simulque
980 3266 1104 3305 cum
1131 3252 1212 3307 eis
1238 3267 1426 3307 omnes
1456 3252 1689 3308 militum

101 3337 400 3407 principes.
433 3336 559 3393 llaec
582 3348 640 3392 ut
668 3340 802 3394 vidit
826 3340 1012 3395 inclita
1036 3342 1242 3411 regina,
1274 3342 1502 3398 decoras
1526 3358 1694 3414 genas

100 3425 347 3481 lacrimis
397 3436 482 3481 est
519 3428 758 3498 perfusa,
792 3438 846 3483 et
881 3430 1120 3484 exanimi
1170 3432 1416 3500 corporis
1462 3432 1707 3502 pedibus

102 3515 390 3585 provoluta
442 3519 784 3573 amarissime
819 3518 1004 3585 ﬂebat,
1042 3521 1185 3575 sicut
1211 3522 1552 3577 venerandus
1599 3539 1695 3579 rex

100 3624 233 3678 erga
259 3624 319 3665 se
349 3620 746 3681 promeruerat.
781 3611 888 3667 Sed
915 3622 1118 3667 tantam
1152 3613 1223 3667 illi
1266 3612 1411 3669 Deus
1452 3614 1695 3670 contule.

101 3710 188 3755 rat
217 3703 452 3772 gratiam
475 3711 529 3755 et
557 3712 665 3756 tant
693 3702 1012 3758 taudabilem
1042 3705 1477 3773 temperantiam,
1505 3714 1564 3758 ut
1595 3718 1696 3759 nec

100 3807 202 3861 per
238 3793 631 3862 impatientiam
673 3794 822 3848 illum
862 3794 1190 3861 oll‘endcret,
1233 3806 1289 3850 ct
1319 3805 1497 3851 tamen
1535 3797 1696 3867 digne

99 3884 250 3954 regis
300 3885 508 3940 obitum
546 3886 842 3956 plangeret.
891 3886 1044 3942 Tunc
1086 3886 1209 3943 liliis
1251 3886 1319 3942 ad
1353 3903 1414 3944 se
1463 3888 1692 3955 vocatis,

103 3976 302 4030 talibus
343 3990 439 4031 eos
477 3977 656 4032 verbis
695 3979 1008 4044 admonuit,
1041 3980 1228 4035 dicens
1260 3994 1275 4032 :
1318 3998 1337 4032 ι
1392 3978 1437 4035 0
1477 3980 1572 4034 lilii
1601 3979 1699 4035 ka-

100 4067 328 4131 rissimi,
368 4068 483 4124 haec
504 4069 692 4125 scdulo
729 4071 968 4126 inducite
997 4080 1189 4126 vestrae
1219 4072 1387 4127 menti
1417 4073 1484 4126 ’9.
1524 4073 1694 4128 Deum

101 4161 295 4215 timete
317 4160 384 4227 ”,
410 4171 465 4215 et
498 4161 671 4231 ipsum
711 4162 763 4217 in
791 4164 1044 4219 omnibus
1068 4179 1283 4235 semper
1318 4165 1585 4229 honorate
1623 4166 1692 4234 ³¹,

99 4250 192 4319 qui
222 4250 349 4306 talia
372 4262 564 4322 potens
589 4263 672 4308 est
702 4252 900 4310 facere.
935 4254 1033 4310 llic
1058 4256 1251 4310 merito
1276 4266 1500 4313 vocatur
1522 4274 1616 4313 rex
1642 4267 1698 4315 et

100 4344 379 4410 dominus,
407 4345 498 4415 qui
529 4355 733 4401 tantam
762 4356 1085 4418 potestatem
1113 4349 1335 4405 exhibet
1368 4352 1697 4421 pauperibus

101 4445 155 4488 et
183 4436 467 4491 divitibus.
507 4436 759 4493 Desistite
792 4437 906 4508 jam
943 4436 1272 4496 dontendere
1316 4456 1415 4511 pro
1446 4443 1697 4517 transito-

1796 3250 1956 3306 simul
1985 3250 2359 3321 etlegentibus
2378 3250 2588 3321 prolixa
2619 3251 2952 3306 viderentur.
2988 3247 3226 3304 Tandem
3263 3260 3382 3301 me-

1796 3342 1975 3397 diator
1997 3342 2248 3398 Christus
2281 3340 2441 3413 Jesus
2460 3342 2651 3398 nolens
2673 3345 2869 3398 fratres
2909 3342 3051 3399 inter
3087 3354 3151 3409 se
3179 3338 3385 3394 diutius

1796 3434 2129 3500 discordare,
2179 3450 2277 3504 per
2304 3442 2509 3490 saneta:
2557 3436 2752 3491 matris
2794 3434 3051 3490 meritum
3101 3431 3225 3488 illos
3247 3446 3382 3487 con-

1796 3525 2039 3582 cordavit
2068 3525 2120 3579 in
2151 3541 2316 3580 unum
2361 3526 2476 3597 (an.
2503 3526 2787 3598 939-941).
2813 3525 2938 3582 Post
2968 3527 3082 3580 haec
3117 3539 3214 3579 rex
3248 3521 3378 3579 Otto

1794 3615 2047 3685 praefecit
2106 3617 2331 3685 fratrem
2393 3633 2553 3672 suum
2604 3616 2921 3672 Heiuricum
2973 3616 3165 3671 ducem
3196 3626 3381 3683 super

1794 3708 2200 3775 Baowariorum
2228 3716 2446 3778 gentem
2502 3708 2616 3779 (an.
2640 3708 2805 3779 .946).
2830 3707 3066 3762 Sanctus
3090 3719 3221 3761 vero
3240 3702 3379 3758 Bru-

1796 3813 1888 3865 no,
1937 3808 2098 3853 aetate
2162 3798 2453 3875 minimus,_
2498 3799 2677 3855 adhuc
2729 3798 2960 3867 degebat
3006 3793 3107 3851 sub
3144 3808 3381 3850 censura

1801 3889 2055 3946 litterulis
2080 3890 2404 3959 disciplina,
2451 3899 2506 3945 et
2536 3890 2656 3946 beta
2686 3889 2866 3945 indole
2893 3889 2961 3944 de
2986 3887 3075 3943 die
3126 3887 3182 3941 in
3232 3885 3381 3941 diem

1799 3983 2120 4053 prolicicbat
2172 3984 2227 4039 in
2262 3983 2463 4039 Christi
2493 3984 2776 4041 servitute.
2808 3981 2944 4040 Cum
2973 3990 3158 4038 autem
3202 3979 3386 4051 prole-

1799 4075 1965 4130 cisset
1986 4082 2146 4129 aetate
2191 4082 2247 4129 et
2271 4074 2558 4145 sapientia,
2592 4089 2689 4131 rex
2715 4072 3105 4143 adjunxiteum
3148 4071 3252 4126 sibi
3280 4085 3382 4142 per

1797 4181 2040 4222 amorem
2065 4167 2424 4230 fraternitatis
2461 4161 2516 4223 in
2542 4168 2904 4247 ministerium
2929 4168 3373 4238 arcb’capellaui.

1798 4258 2015 4314 Interim
2038 4258 2174 4316 obiit
2196 4257 2494 4330 Wigl‘ridus
2525 4260 2608 4316 vir
2643 4260 3008 4328 venerandus,
3069 4260 3163 4330 qui
3190 4258 3380 4315 archi-

1797 4355 2162 4427 episcopalem
2192 4355 2434 4412 Coloniae
2478 4357 2661 4414 sedem
2713 4357 2959 4428 possedit
3001 4373 3017 4422 ;
3066 4364 3122 4411 et
3158 4367 3386 4411 munere

1798 4450 2018 4520 superni
2049 4448 2395 4518 dispositoris
2416 4448 2837 4506 Brunonicessit
2856 4448 3182 4520 episcopalis
3212 4448 3386 4503 honor

103 4527 182 4580 ria
228 4526 523 4598 dignitate;
577 4528 736 4584 talem
785 4529 945 4584 linem
1004 4530 1151 4601 capit
1198 4534 1376 4588 omnis
1420 4535 1690 4590 mundana
1725 4533 2078 4613 Ddignitatis
2127 4538 2241 4610 (an.
2282 4540 2434 4611 955).
2462 4544 2707 4597 Ascenso
2741 4541 2788 4573 ³³
2834 4540 2948 4612 (28)
2996 4551 3178 4596 autem
3231 4547 3386 4593 tanto

104 4615 297 4685 gloria.
329 4615 533 4673 Beatus
582 4627 669 4674 est
717 4618 839 4687 ille,
891 4621 981 4690 qui
1022 4621 1123 4677 sibi
1170 4630 1439 4692 praeparat
1490 4632 1695 4681 aeterna

105 4720 322 4776 semper
352 4709 753 4776 permanentia.
785 4709 895 4764 Nec
932 4709 1057 4765 inde
1097 4721 1277 4766 vester
1304 4711 1521 4768 animus
1565 4729 1698 4770 cou-

107 4794 374 4864 iristetur,
407 4796 531 4866 quis
553 4806 795 4854 vestrum
821 4797 976 4854 alteri
1001 4807 1362 4870 praeponatur.
1385 4799 1698 4861 Memoriter

1798 4633 2034 4689 culmine
2078 4632 2383 4694 potestatis,
2415 4647 2758 4703 nequaquam
2810 4633 2912 4687 sibi
2944 4633 3071 4687 inde
3094 4629 3382 4685 crescebat

1798 4734 1980 4780 tumor
1997 4724 2247 4780 elationis
2276 4740 2292 4789 ;
2320 4723 2418 4779 sed
2441 4734 2630 4779 sancta
2653 4739 2808 4779 mens
2827 4723 3069 4794 episcopi
3113 4736 3174 4776 se
3204 4719 3387 4789 potius

1798 4817 2077 4873 inclinavit
2095 4814 2411 4883 humilitati,
2464 4814 2593 4871 illud
2636 4815 2691 4871 in
2741 4812 3378 4879 memoriarecondcns,

1428 4956 1659 5022 vanu;
1692 4968 2114 5051 'LECTIONES.

175 5067 744 5158 ’πὶηῖιξιῇοξηῃῖριιξ
758 5070 917 5158 bon-is
945 5069 1496 5158 sibigbgopsqisne
1529 5076 1788 5158 impensis
1831 5089 2037 5158 gratias
2060 5088 2115 5144 2.
2186 5090 2236 5158 #7
2265 5091 2341 5145 ita
2368 5090 2424 5145 2.
2463 5089 2689 5148 adeldac
2720 5090 2774 5145 ι.
2848 5092 2894 5123 η
2922 5092 2975 5145 ἰιι
3006 5086 3217 5158 Bremis
3245 5088 3404 5148 addit

103 5137 161 5192 2.
186 5208 198 5219 _
234 5139 282 5170 ¹⁹
303 5137 493 5219 menti,
517 5143 968 5219 quemadmodum
992 5141 1208 5219 sapiens
1236 5137 1454 5219 quidam
1493 5137 1810 5209 nos'hortat

106 5219 160 5259 et
186 5208 241 5262 in
263 5217 531 5262 mternutn
562 5226 656 5256 nnn

718 5210 992 5266 peccabis.
1029 5210 1224 5265 Verum
1264 5212 1355 5266 aui
1400 5224 1494 5266 rex
1536 5227 1618 5266 est.
1651 5234 1706 5266 ρι
1762 5210 2011 5266 amant};

1816 5156 2130 5242 llr-dicens:
2164 5157 2323 5242 Omni
2351 5170 2923 5242 tempore_memorare
2952 5156 3408 5242 novissima‘tua,

2042 5244 2255 5266 cnnamu-
2283 5225 2480 5266 lineola.
2520 5243 2568 5266 nl
2602 5232 2867 5266 hnnin-nla
2914 5232 3002 5266 nni
3044 5242 3139 5266 ursa
3159 5225 3231 5266 111³
3255 5236 3408 5266 Inrem-
