3908 5426
543 393 643 444 899

1542 385 1831 443 sane“;
1872 373 2240 443 MATIIILDIS
2281 388 2556 445 neeum
2603 389 2780 445 \‘iTA.
2870 381 2874 388 ‘

3677 397 3774 452 930

539 499 684 571 quod
707 497 988 568 Scriptura
1021 506 1296 554 ammonet
1320 499 1547 555 dicens:
1586 518 1603 551 α
1632 501 1849 567 Quanto
1875 515 2101 573 magnus
2134 510 2178 567 Λ
2207 503 2498 572 obsequiis,
2531 505 2623 560 sed
2651 505 2930 560 incedebat
2968 495 3344 561 sine'humano
3370 507 3575 569 favore,
3608 514 3774 578 gratia

535 607 616 656 es,
663 591 886 651 humilia
922 599 974 645 te
1004 591 1058 645 in
1085 591 1541 662 omnibus(Ecc!i.
1569 609 1650 655 ιιι.
1675 595 1786 661 ‘20).
1830 614 1849 646 ι
1883 593 2116 664 Pervigil

535 683 638 738 fuit
673 683 964 752 sapientia,
1003 683 1282 752 placabilis
1332 684 1553 740 leuitate
1599 687 1788 747 nimia,
1846 685 2115 756 serpentis

533 777 791 830 astutiam
819 790 943 830 cum
969 775 1086 847 lege
1134 776 1445 839 eustodivit,
1471 785 1526 830 et
1559 777 1820 832 columbae
1855 778 2115 847 simplicis

533 868 776 922 animum
815 883 922 921 non
945 867 1148 922 amisit.
1179 868 1410 937 Gregem
1462 869 1562 922 sibi
1598 870 1941 924 commissum
1976 870 2113 924 dile-

534 960 635 1025 xit,
664 967 720 1014 et
749 974 846 1029 per
871 958 1123 1014 baculum
1147 959 1445 1028 disciplinae
1475 960 1673 1014 multos
1703 963 1770 1014 ab
1801 975 1988 1015 errore
2006 961 2114 1014 eri-

533 1053 672 1120 puit,
731 1053 992 1120 quosdam
1047 1050 1426 1106 collationibus
1473 1053 1702 1107 assidua:
1736 1053 2113 1122 disputationis

533 1144 600 1196 ad
624 1143 846 1197 meliora
867 1143 1090 1207 ducens,
1121 1144 1378 1212 quosdam
1410 1143 1635 1212 placida:
1679 1145 1996 1198 maturitate
2019 1147 2112 1199 do-

534 1235 724 1290 ctrina:
754 1235 1025 1290 desiderio
1068 1243 1270 1288 sancte
1299 1237 1724 1289 conversationis
1782 1236 2024 1305 implens.
2056 1237 2110 1290 In

537 1341 789 1380 sermone
823 1325 1002 1381 fuerat
1050 1327 1218 1393 mitis,
1263 1327 1314 1380 in
1351 1327 1600 1381 doctrina
1648 1328 1891 1392 humilis,
1946 1329 2114 1381 malo~

537 1429 660 1472 rum
713 1419 1016 1474 acerrimus
1057 1419 1393 1483 destructor,
1453 1428 1508 1472 et
1554 1420 1799 1473 veritatis
1842 1420 2112 1474 studiosus

535 1518 780 1564 assertor
829 1526 844 1573 ;
906 1509 1202 1566 humilibus
1257 1510 1519 1575 blandus,
1570 1511 1819 1581 superbis
1867 1525 2107 1566 severus.

533 1600 803 1667 Quosdam
835 1601 974 1655 intra
1001 1609 1151 1670 septa
1177 1601 1355 1672 gregis
1379 1603 1703 1672 suscipiens,
1728 1618 1794 1656 ex
1823 1603 1961 1672 lupis
1983 1618 2112 1657 oves

531 1689 680 1756 fecit,
705 1691 837 1747 alios
878 1700 1030 1747 extra
1059 1702 1208 1763 septa
1238 1694 1520 1747 cnutrivit.
1564 1694 1632 1747 Et
1677 1694 1935 1763 quidquid
1979 1695 2114 1749 alios

531 1782 736 1848 docuit,
782 1783 895 1854 ipse
943 1788 1180 1854 primum
1236 1785 1501 1854 implevit.
1553 1784 1773 1840 Necnon
1819 1787 1872 1840 in
1921 1787 2109 1840 eadem

2214 593 2412 647 Christi
2439 607 2622 648 secum
2660 594 2991 660 comitante;
3045 611 3248 664 pernox
3292 597 3344 650 iu
3398 599 3648 652 oratione
3678 614 3782 655 nan

2213 683 2466 735 cessabat
2526 683 2632 737 Deo
2677 679 2902 737 servire.
2951 684 3445 755 Quotienscumque
3497 688 3781 742 ecclesiam

2215 772 2460 838 intravit,
2487 790 2780 843 numquam
2818 790 2987 829 vacua
3035 791 3196 829 manu
3229 779 3297 830 ad
3329 778 3502 831 altare
3531 781 3780 842 accessit,

2213 876 2314 915 nec
2354 879 2478 933 rege
2508 864 2723 918 vivente
2753 881 2853 918 nec
2880 865 2932 918 in
2973 865 3251 920 viduitate.
3293 865 3520 935 Oquam
3554 867 3782 923 felititer

2213 956 2609 1008 consummavit
2666 955 3050 1026 longitudinem
3088 959 3263 1011 noctis
3318 959 3370 1012 in
3411 960 3564 1012 omni
3613 962 3782 1015 studio

2210 1045 2336 1099 boni
2367 1047 2571 1114 operis,
2600 1056 2652 1100 et
2692 1063 2852 1117 quam
2889 1047 3144 1102 familiari
3174 1063 3304 1102 voce
3348 1049 3414 1103 ad
3465 1049 3636 1104 Deum
3683 1051 3782 1104 cia-

2211 1137 2378 1190 mavit
2404 1145 2456 1190 et
2479 1139 2686 1192 veniam
2719 1149 3059 1208 peccatorum
3122 1141 3434 1208 postulavit,
3463 1152 3517 1195 et
3575 1143 3779 1212 qualem

2213 1243 2334 1282 cum
2385 1230 2589 1284 sanctis
2632 1231 2914 1284 animabus
2968 1234 3161 1284 meruit
3217 1233 3420 1286 habere
3469 1234 3779 1296 amicitiam,

2212 1321 2406 1388 quibus
2427 1338 2454 1373 a
2487 1321 2703 1376 Christo
2754 1322 3060 1390 imploravit
3087 1323 3324 1391 requiem
3355 1325 3738 1392 sempiternam
3764 1328 3775 1379 !

2214 1411 2354 1464 Ante
2383 1411 2506 1481 galli
2535 1423 2752 1466 cantant
2780 1422 2946 1466 totum
3002 1415 3248 1468 finiverat
3294 1414 3636 1482 psalterium,
3683 1419 3779 1472 nisi

2213 1502 2483 1556 brevitate
2505 1505 2680 1557 noctis
2711 1503 3081 1572 impediretur.
3137 1504 3391 1558 Sentiens
3430 1516 3615 1560 autem
3661 1515 3782 1561 tem-

2212 1607 2313 1662 pus
2349 1595 2780 1664 appropinquare
2831 1609 2936 1664 quo
2970 1595 3325 1650 conveniebat
3352 1597 3398 1627 ³³
3449 1599 3779 1654 nocturnales

2214 1682 2399 1738 laudes
2422 1684 2707 1751 celebrari,
2739 1687 2964 1741 recessit
2990 1688 3056 1741 ad
3102 1688 3407 1741 cubiculum
3463 1704 3587 1743 cum
3629 1691 3780 1745 silen-

2217 1775 2384 1839 tio,et
2418 1777 2691 1831 nesciente
2713 1777 2893 1847 aliquo
2917 1779 3204 1833 collocavit
3232 1795 3290 1834 se
3319 1780 3372 1834 in
3429 1780 3593 1846 lecto,
3637 1786 3780 1852 quasi

531 1875 753 1930 civitate
774 1877 1016 1930 εχιτυχίι
1046 1891 1206 1945 quam
1232 1877 1460 1946 plurima
1493 1878 1842 1932 monasteria,
1897 1877 1952 1932 ιη
1995 1894 2110 1932 om-
2146 1861 2187 1918 Β
2217 1873 2383 1920 totam
2424 1877 2637 1923 noctem
2685 1869 2795 1924 illic
2824 1870 3144 1926 dormienda
3181 1872 3382 1939 egisset
3425 1881 3482 1926 et
3527 1886 3779 1944 ItttSquam

531 1967 691 2020 nibus
714 1967 877 2022 etiam
903 1967 1084 2022 extitit
1109 1967 1268 2023 furtis
1297 1969 1496 2024 athleta
1523 1969 1614 2023 Dei
1649 1979 1702 2023 ct
1746 1978 2114 2040 propugnator

529 2053 854 2113 Christianae
896 2058 1042 2113 ﬁdei.
1082 2059 1222 2126 Quid
1271 2061 1489 2125 mirum,
1546 2061 1686 2115 ﬁlios
1735 2062 1786 2114 in
1817 2061 1957 2115 bono
1990 2077 2112 2130 pro-

535 2147 703 2204 ﬁcere
745 2164 977 2219 quorum
1027 2157 1218 2206 mater
1234 2168 1526 2222 numquam
1557 2153 1804 2209 cessabat
1851 2154 1962 2207 Deo
2002 2167 2115 2208 ser-

531 2241 690 2297 vire?

555 2337 568 2346 '
601 2335 690 2388 10.
735 2334 974 2401 Qualiter
999 2347 1114 2406 post
1149 2336 1343 2390 obitum
1368 2338 1546 2391 mariti
1577 2338 1724 2392 vixit.
1751 2337 1884 2404 Quis
1912 2337 2113 2408 scripto

528 2425 672 2480 Valet
699 2428 1155 2496 comprehendere
1189 2429 1273 2483 vel
1301 2429 1454 2499 cujus
1491 2429 1672 2496 lingua
1720 2431 1920 2499 poterit
1944 2431 2113 2499 expli-

540 2527 690 2581 care,
725 2533 887 2588 quam
914 2521 1183 2589 gloriosus
1211 2536 1365 2575 amor
1383 2521 1584 2577 Christi
1615 2523 1844 2593 flagrare
1873 2524 2036 2592 empit
2061 2524 2111 2577 in

533 2618 719 2665 mente
749 2610 976 2666 illustris
1001 2614 1200 2681 reginae
1223 2613 1538 2668 Mabthildis
1562 2625 1683 2683 post
1708 2614 1916 2668 obitum
1946 2614 2110 2668 Hein-

532 2700 633 2754 rici
682 2703 876 2772 regis?
916 2703 1138 2758 Stabilis
1190 2707 1498 2774 permansit
1526 2709 1590 2760 in
1645 2707 1768 2773 ﬁde,
1815 2706 2110 2762 humilisin

535 2791 630 2846 Dei
666 2792 861 2848 timore
886 2794 1194 2865 ;.cujusque
1243 2797 1544 2868 disciplina:
1589 2813 1794 2853 memor
1818 2799 2018 2863 extitit,
2059 2809 2115 2854 et

538 2882 811 2953 justitiam
841 2901 964 2941 cum
1006 2888 1264 2959 religione
1294 2890 1520 2945 retinuit
1551 2907 1565 2956 ;
1609 2891 1675 2945 ad
1741 2907 1955 2947 omnem
1985 2893 2113 2947 tole-

533 2977 766 3030 rantiam
799 2978 976 3044 fortis,
1010 2989 1065 3034 et
1119 2980 1186 3035 ad
1241 2983 1610 3038 sustinendam
1663 2983 1913 3054 injuriam
1945 2985 2112 3050 mitis,

534 3065 712 3122 facilis
743 3067 790 3100 ³³
809 3069 875 3123 ad
909 3069 1213 3126 faciendam
1244 3073 1904 3145 miscricordianugcrens
1927 3091 2112 3145 pacem

536 3159 855 3216 fraternam.
884 3163 938 3217 In
960 3167 1214 3221 omnibus
1243 3165 1360 3234 ejus
1385 3168 1597 3223 actibus
1643 3176 1698 3222 et
1723 3168 2112 3222 confabulatio-
2140 3201 2184 3260 Ο

539 3251 700 3306 nibus
764 3251 1048 3309 laudabilis
1111 3257 1362 3326 apparuit
1405 3257 1642 3327 gravitas
1694 3268 1748 3312 ct
1796 3260 2111 3315 admiranda

535 3337 790 3406 dignitas,
841 3350 1057 3410 tamque
1100 3357 1159 3397 se
1201 3345 1482 3399 honestam
1531 3347 1776 3400 exhibuit
1807 3347 1857 3401 in
1892 3351 2113 3416 pudore,

541 3435 602 3480 ut
631 3427 912 3498 perplures
940 3431 986 3465 ³⁸
1019 3432 1416 3486 arbitrarentur
1475 3433 1619 3488 illam
1648 3449 1769 3490 esse
1830 3436 2115 3505 virginem,

543 3518 596 3571 ni
627 3518 894 3574 vidissent
947 3521 991 3556 ³⁸
1039 3523 1311 3593 egregiam
1377 3523 1544 3594 prolis
1596 3526 2024 3581 ftecunditatetn.
2075 3527 2131 3583 Ο·

539 3619 742 3679 quanta
770 3613 1070 3667 reverentia
1125 3614 1218 3669 Dei
1258 3613 1506 3670 timoris!
1556 3613 1781 3686 Semper
1808 3617 2121 3672 intendebat

536 3700 717 3754 studio
745 3702 1014 3757 orationis
1045 3709 1100 3756 ct
1131 3717 1294 3772 quam
1322 3703 1365 3736 ³⁷
1401 3701 1525 3759 forti
1553 3705 1736 3760 animo
1793 3721 1852 3761 se
1909 3721 2120 3777 pracpa-

539 3795 680 3850 ravit
711 3796 778 3850 ad
834 3797 1198 3852 resistendum
1251 3798 1501 3866 diabolo,
1549 3800 1873 3857 ﬁducialiter
1925 3818 2122 3874 gerens

535 3896 746 3939 scutum
779 3885 1110 3942 fortitudinis
1159 3888 1224 3942 ad
1258 3891 1678 3960 expugnandum
1735 3894 2002 3949 secularis
2027 3896 2123 3965 ι)εέ

538 3973 694 4046 fagus
746 3977 1164 4045 temptationis.-
1199 3979 1552 4036 Transitoriis
1599 3983 1743 4037 enim
1803 3986 1966 4041 rebus
2011 4001 2117 4041 non

537 4065 838 4136 implicata,
863 4068 1136 4124 Christum
1185 4070 1524 4126 solummodo
1574 4084 1759 4128 secuta
1801 4087 1906 4130 est.
1936 4076 2120 4133 Nootis

542 4159 650 4228 (29)
711 4175 926 4229 quoque
981 4170 1225 4232 tempore
1255 4201 1270 4227 ,
1318 4165 1534 4232 quando
1578 4169 1828 4222 omuilms
1874 4185 1989 4223 mos
2037 4179 2122 4224 est

537 4249 905 4317 requiescere,
935 4250 1225 4306 collocavit
1247 4268 1306 4307 se
1335 4254 1387 4306 in
1447 4254 1587 4309 lecto
1618 4258 1770 4324 quasi
1799 4273 1959 4312 causa
1993 4260 2120 4313 dor-

542 4337 769 4400 miendi,
807 4347 865 4390 ut
911 4340 992 4394 sic
1024 4341 1226 4396 celaret
1273 4342 1627 4399 intentionem
1677 4349 1857 4415 operis
1887 4351 2038 4414 boni,
2067 4362 2128 4406 et-

538 4439 835 4496 parumper
872 4436 958 4493 est
985 4427 1163 4484 dedita
1200 4445 1448 4500 sompno,
1507 4442 1565 4486 ut
1617 4437 1796 4503 potius
1843 4439 2117 4493 conforta-

2216 1958 2338 2013 iude
2361 1960 2550 2029 pedem
2577 1962 2856 2015 movisset.
2894 1962 3032 2015 Dato
3058 1972 3239 2016 autem
3274 1965 3432 2034 signo
3463 1965 3532 2017 ad
3566 1975 3778 2021 noctur-

2215 2066 2302 2115 na,
2354 2051 2496 2106 haud
2547 2053 2729 2123 segnis
2776 2053 3044 2119 surrexit,
3103 2062 3158 2109 et
3213 2056 3556 2124 properando
3601 2058 3781 2114 iterum

2215 2143 2441 2198 intravit
2495 2143 2821 2210 ecclesiam,
2868 2146 3081 2200 divinas
3134 2146 3322 2201 laudes
3371 2148 3704 2213 auscultans,
3734 2158 3784 2205 et

2213 2233 2425 2290 intento
2451 2237 2613 2292 corde
2656 2237 2962 2292 orationum
3004 2238 3265 2295 instantia
3317 2237 3613 2294 desudans.
3666 2241 3784 2295 Post

2215 2337 2539 2382 nocturnam
2591 2344 2720 2384 vero
2771 2329 3023 2384 omnibus
3067 2329 3302 2400 egressis
3335 2370 3348 2392 ,
3399 2331 3548 2386 intus
3597 2335 3785 2388 mansit

2209 2418 2391 2490 januis
2417 2419 2636 2486 clausis,
2676 2421 2847 2475 oculis
2871 2435 2935 2476 ac
2982 2421 3231 2476 manibus
3258 2422 3552 2476 intendens
3583 2422 3633 2476 in
3680 2439 3784 2478 cte-

2215 2510 2350 2576 lum,
2378 2512 2635 2567 invictum
2692 2514 2758 2568 ab
2803 2514 3051 2570 oratione
3083 2527 3188 2567 non
3229 2513 3495 2567 relaxavit
3523 2514 3783 2584 spiritum,

2217 2617 2389 2671 usque
2428 2605 2554 2658 dum
2605 2619 2801 2660 aurora
2851 2605 2988 2660 lucis
3033 2606 3284 2659 umbram
3336 2605 3550 2675 depulit
3598 2608 3783 2660 noctis.

2214 2693 2408 2750 Postea
2456 2697 2702 2767 ingressa
2729 2697 3059 2760 cubiculum,
3091 2695 3377 2750 reclinavit
3432 2712 3494 2750 se
3522 2697 3788 2767 paulisper

2215 2787 2282 2840 ad
2307 2788 2775 2857 requiescendum,
2806 2797 2866 2843 ut
2896 2787 3036 2844 lassa
3066 2789 3308 2844 membra
3343 2789 3614 2852 reﬁceret,
3643 2805 3710 2842 nc
3738 2789 3787 2842 in

2216 2877 2478 2934 famulatu
2547 2880 2751 2936 Christi
2824 2882 3081 2937 deﬁceret
3135 2881 3200 2935 ".
3253 2881 3477 2936 Interim
3541 2879 3788 2936 confluxit

2217 2972 2505 3042 multitudo
2571 2988 2908 3042 pauperum,
2973 2975 3042 3030 de
3100 2973 3214 3044 ejus
3275 2990 3436 3028 manu
3509 2985 3788 3043 acceptura

2215 3064 2417 3117 victum
2468 3074 2522 3118 et
2574 3066 2855 3119 vestitum.
2919 3064 3159 3132 Quorum
3209 3067 3508 3121 clamorem
3561 3081 3684 3120 mox
3738 3073 3789 3118 ut

2214 3157 2506 3226 persensit,
2536 3158 2765 3228 impigre
2794 3159 2861 3213 de
2896 3174 3084 3214 somno
3107 3159 3151 3190 δι
3188 3161 3467 3221 surrexit;
3497 3158 3788 3213 esurientes

2222 3247 2653 3303 misericorditer
2700 3265 2950 3319 pascens,
3001 3261 3056 3305 et
3106 3253 3281 3305 nudos
3326 3250 3671 3305 vestimentis
3720 3251 3790 3302 io-

2220 3339 2414 3404 duens,
2445 3355 2550 3394 non
2573 3342 2840 3396 dubitavit
2865 3358 2924 3398 se
2965 3342 3167 3398 Christi
3197 3342 3439 3396 membra
3483 3351 3667 3414 tegere
3697 3341 3789 3395 sub

2221 3431 2438 3499 inopum
2465 3445 2634 3486 veste.
2664 3431 2871 3499 Quibus
2895 3434 3058 3488 etiam
3106 3435 3342 3501 refectis,
3362 3446 3420 3490 et
3450 3452 3575 3506 qua:
3610 3449 3764 3488 neces

2221 3523 2363 3576 saria
2414 3524 2996 3580 erant'habundanter
3030 3526 3308 3595 impensis,
3357 3529 3687 3582 vestimenta
3721 3524 3790 3577 vi-

2221 3617 2412 3671 duitati
2451 3633 2688 3689 congrua
2723 3619 2918 3686 induit,
2945 3629 3000 3676 et
3022 3621 3304 3677 ecclesram
3335 3635 3458 3676 cum
3499 3619 3793 3676 reverentia

2221 3709 2463 3764 intravit.
2521 3710 2710 3766 Nullus
2748 3713 3002 3780 praavaiet
3050 3714 3230 3767 dicere
3278 3722 3480 3782 quanta
3546 3711 3793 3780 religione

2221 3807 2580 3855 consueverat
2628 3801 2853 3878 missam
2894 3802 3129 3858 audire:
3175 3801 3378 3856 nullum
3422 3803 3644 3856 interim
3681 3817 3795 3872 pm-

2224 3891 2347 3946 tulit
2372 3892 2623 3957 verbum,
2645 3894 2740 3947 sed
2779 3905 2902 3947 actu
2935 3895 3143 3964 pariter
3168 3907 3222 3948 ct
3266 3894 3452 3949 habitu
3491 3894 3793 3949 intendebat

2221 3979 2275 4033 in
2315 3980 2504 4035 Deum.
2536 3981 2674 4048 Quid
2725 3982 2876 4051 plura
2910 3982 2929 4037 ἲ
2973 3983 3018 4037 Α
3050 3983 3313 4037 matutina
3355 3983 3492 4038 hora
3523 4000 3696 4052 usque
3733 3983 3793 4036 ad

2221 4086 2500 4142 vesperam
2527 4089 2686 4129 nemo
2711 4074 2854 4128 illam
2896 4084 3252 4144 conspexerat
3280 4091 3308 4128 a
3340 4076 3505 4130 bouis
3552 4075 3794 4145 cperibus

2222 4165 2472 4218 otiosam.
2514 4165 2628 4220 Non
2683 4175 2768 4221 est
2791 4166 2954 4222 etiam
2983 4167 3315 4222 reticendum
3350 4166 3684 4221 beatissima:
3714 4179 3795 4220 re-

2221 4256 2362 4324 gina:
2388 4266 2891 4326 temperamentum,
2922 4259 3063 4327 quod
3093 4258 3144 4311 in
3193 4257 3445 4312 omnibus
3476 4259 3594 4312 suis
3618 4257 3791 4310 lauda-

2221 4345 2403 4399 biliter
2425 4347 2660 4400 servavit
2691 4363 2705 4412 ;
2759 4362 2882 4401 nam
2921 4361 3020 4404 nec
3046 4349 3166 4402 cibo
3211 4358 3305 4401 aut
3342 4363 3542 4402 somno
3570 4347 3790 4417 amplius

2224 4435 2550 4504 indulgebat,
2605 4436 2712 4490 nisi
2757 4419 3019 4506 quantu'm
3071 4449 3278 4492 natura:
3316 4439 3619 4492 necessitas
3646 4439 3796 4506 depo-

542 4523 694 4569 retur
720 4516 788 4571 ad
831 4519 1176 4574 serviendum
1227 4521 1354 4576 Deo.
1407 4521 1698 4596 Postquam
1759 4537 1939 4582 autem
1997 4545 2115 4599 pcr-

2225 4528 2414 4594 poscit.
2447 4527 2491 4582 Ο
2524 4528 2702 4590 beata,
2748 4544 2867 4597 qum
2904 4529 3030 4584 dolo
3077 4530 3271 4592 caruit,
3311 4539 3365 4584 et
3395 4530 3448 4583 in
3479 4545 3585 4598 qua
3635 4530 3795 4600 pietas

540 4606 710 4660 sensit
775 4607 1014 4663 dormire
1063 4623 1257 4664 omnes
1313 4611 1366 4666 in
1405 4613 1654 4670 cubiculo
1700 4631 1880 4670 secum
1926 4633 2126 4688 perno-

539 4703 771 4762 ctantes,
802 4709 986 4768 spreto
1014 4698 1239 4771 fulgenti
1262 4713 1439 4757 stratu
1461 4704 1603 4759 clam
1651 4709 1912 4774 surrexit,
1957 4719 2124 4778 atque

539 4784 908 4843 cubicularem
966 4790 1198 4859 puellam
1250 4792 1748 4861 tacitaexcitavit;
1781 4798 1904 4852 exin
1932 4814 2120 4868 gressu

546 4872 593 4906 ⁸⁸
648 4891 916 4947 suspenso
949 4881 1136 4935 exiens
1185 4883 1514 4949 cubiculum,
1561 4887 1852 4942 ecclesiam
1901 4889 2121 4944 intravit

544 4974 729 5021 sancta
755 4967 1070 5024 celebritate
1095 4987 1410 5041 ymnorum,
1454 4989 1561 5030 non
1592 4976 1790 5045 stipata
1837 4978 2116 5033 turbarum

2227 4619 2478 4686 apparuit
2527 4621 2540 4671 !
2595 4619 2740 4675 Mi.is
2789 4630 2842 4674 ct
2881 4621 3104 4692 paciﬁca
3151 4631 3206 4676 et
3253 4623 3509 4678 omnibus
3561 4621 3794 4678 misereri

2225 4711 2646 4778 promptissima,
2681 4713 2950 4766 neminem
2972 4693 3246 4783 judicans.
3293 4714 3574 4768 neminem
3619 4715 3794 4780 damp-

2226 4817 2385 4867 nans,
2419 4803 2547 4857 nulli
2579 4804 2777 4858 malum
2806 4820 2904 4875 pro
2935 4805 3078 4860 malo
3129 4807 3380 4870 reddens,
3411 4806 3548 4858 nihil
3581 4804 3793 4859 arbitrio

2224 4908 2322 4948 suo
2346 4895 2561 4966 agebat,
2585 4896 2679 4950 sed
2729 4912 2825 4965 per
2849 4899 3028 4952 omnia
3074 4899 3141 4951 ad
3167 4908 3356 4951 nulum
3386 4908 3444 4952 et
3469 4899 3793 4952 voluntatem

2225 4982 2321 5038 Dei
2360 4985 2629 5042 tendebat.
2663 4985 2866 5043 Omnes
2906 4987 3048 5043 male
3083 4997 3304 5059 agentes
3361 4988 3510 5042 illam
3553 4989 3790 5051 oderunt,

1829 5149 2059 5208 varum
2097 5152 2494 5243 LECTlONES.
