3908 5426
122 382 226 441 901

123 600 223 640 nes
256 582 484 650 injurias
514 579 827 651 patientiam
873 577 1147 640 assumsit,
1176 585 1230 630 et
1280 589 1398 644 qua:
1443 572 1710 627 excellens

126 674 229 728 fuit
276 675 488 740 regina,
520 679 739 740 propter
764 669 930 742 Deum
962 666 1128 720 nmlta
1162 664 1420 720 sustinuit
1459 664 1704 717 adversa.

126 765 276 818 Raro
321 764 604 816 videbatur
654 761 787 813 irata
841 757 924 811 vel
971 757 1136 811 etiam
1193 764 1500 816 commota;
1555 764 1712 805 neruo

128 855 276 908 illam
330 853 464 907 vidit
496 851 635 904 ultra
667 850 883 903 modum
919 855 1237 902 maerentem
1292 853 1386 898 aut
1423 843 1709 897 ridentem.

126 947 267 1000 Miro
298 944 548 998 caritatis
575 939 859 1010 splendore
886 938 1108 1000 etfulsit,
1142 935 1420 990 modestia:
1451 931 1714 986 mirabilis

127 1034 366 1086 amatrix
420 1041 475 1084 et
525 1029 850 1084 humilitatis
904 1027 1113 1097 placida
1169 1023 1429 1078 sectatrix
1482 1037 1496 1086 ;
1558 1022 1610 1074 in
1658 1034 1715 1074 se

129 1125 454 1196 plerumque
493 1121 752 1184 severior,
801 1120 852 1173 in
900 1117 1100 1173 ceteris
1149 1125 1326 1170 autem
1377 1111 1713 1175 clementior,

131 1217 392 1271 omnibus
420 1215 522 1269 fuit.
549 1215 714 1267 totius
741 1212 999 1266 bonitatis
1047 1208 1378 1276 exemplum,
1421 1204 1714 1275 largiendo,

130 1307 468 1370 miserando,
499 1314 743 1360 errantes
774 1301 1158 1356 convertenda.
1188 1298 1450 1365 Quotiens
1489 1295 1591 1348 sibi
1619 1294 1716 1346 tri-

130 1397 263 1450 buta
289 1395 646 1450 solvebantur
673 1408 701 1445 a
748 1390 1121 1460 vectigalibus,
1153 1389 1392 1442 decimas
1419 1385 1544 1440 inde
1572 1384 1716 1438 dedit

131 1488 465 1561 pauperibus
514 1496 568 1540 et
619 1485 834 1540 Christo
895 1483 1283 1538 famulantibns
1331 1498 1345 1546 ;
1402 1488 1598 1549 etquo
1641 1479 1720 1534 ire

133 1582 269 1650 pede
307 1596 416 1634 non
442 1585 684 1650 poterat,
737 1577 903 1630 misso
947 1588 1171 1628 munere
1203 1571 1488 1626 circuibat.
1539 1569 1720 1638 Neque

134 1673 277 1727 enim
305 1681 436 1726 sunt
481 1679 589 1722 tam
647 1683 809 1738 parva
856 1681 975 1738 qum
999 1665 1183 1736 gessit,
1214 1671 1273 1716 ut
1313 1661 1492 1715 omnia
1527 1659 1722 1712 litteris

134 1761 523 1833 comprehendi
584 1759 830 1829 possint.
887 1759 1012 1827 qnia
1055 1757 1098 1810 si
1151 1753 1273 1824 quis
1319 1753 1571 1806 universa
1623 1765 1720 1802 nu-

136 1869 351 1910 merare
401 1852 682 1918 voluisset,
746 1851 1069 1905 immensum
1118 1847 1420 1917 legentibus
1473 1844 1717 1900 volumen
1751 1824 1798 1885 Β

135 1947 419 2001 edidisset.

208 2039 298 2091 11.
343 2038 423 2091 De
449 2034 788 2090 tribulatione
827 2048 982 2103 quam
1022 2048 1052 2084 a
1083 2030 1206 2098 ﬁliis
1257 2026 1504 2083 sustinuit
1543 2025 1722 2094 regina

140 2134 481 2188 Muhthildis.
533 2132 685 2186 Tunc
728 2129 1008 2184 diabolica:
1054 2126 1258 2180 fraudis
1306 2122 1529 2186 astutia,
1585 2135 1725 2174 sem-

141 2241 236 2295 per
265 2225 519 2279 invidens
560 2220 805 2292 operanti
844 2219 1003 2282 bona,
1057 2214 1260 2270 studuit
1317 2212 1425 2267 Deo
1474 2210 1724 2265 dilectam

141 2317 389 2387 reginam
453 2329 483 2368 a
552 2312 774 2367 servitio
838 2306 1039 2365 Christi
1100 2304 1360 2375 impedire
1421 2317 1518 2357 sua
1575 2299 1726 2354 (alli-

142 2406 367 2461 dissima
399 2402 780 2474 temptatione,
812 2409 866 2454 et
913 2409 1100 2454 contra
1152 2393 1518 2449 venerandam
1573 2389 1726 2447 Chri-

141 2499 210 2554 sti
262 2496 526 2552 famulam
589 2495 850 2566 quosdam
921 2489 1180 2546 excitavit
1234 2500 1558 2557 perversos,
1613 2484 1727 2554 ejus

145 2591 274 2645 vita:
302 2599 358 2644 et
388 2590 680 2644 virtutibus
703 2587 932 2651 invidos,
961 2584 1051 2653 qui
1077 2584 1142 2636 ad
1170 2594 1328 2634 aures
1351 2578 1580 2632 ﬁliorum
1607 2591 1728 2644 per-

142 2682 442 2753 vulgabaut
517 2679 659 2749 quod
715 2674 1134 2732 innumerabiles
1178 2670 1436 2741 pecunias
1502 2681 1730 2736 congre-

143 2785 350 2845 gasset,
402 2786 456 2829 et
507 2772 703 2842 regalis
741 2770 786 2801 “
828 2783 1024 2824 census
1062 2767 1107 2797 “
1144 2763 1471 2834 opulentiam
1513 2760 1728 2828 penitus

143 2865 602 2935 consumpsisset.
649 2863 782 2918 Cum
832 2872 1012 2915 autem
1061 2861 1175 2915 lucc
1206 2866 1260 2911 et
1283 2856 1388 2910 alia
1426 2851 1726 2908 istiusmodi

145 2959 604 3032 pervulgarentur
647 2955 759 3027 regi
813 2954 1034 3017 Ottoni,
1097 2951 1333 3023 graviter
1391 2953 1725 3007 commotus,

148 3061 324 3107 totum
375 3049 730 3122 imperialiter
759 3048 804 3088 ⁸⁸
835 3045 1175 3117 reposcebat,
1230 3040 1373 3112 quod
1411 3045 1602 3094 sancta
1631 3034 1726 3088 Dei

1122 369 1413 430 SANC'DE
1453 368 1822 426 MATIIILDIS
1861 367 2138 424 “EC-[NE
2179 367 2356 424 VITA.

125 503 180 547 et
209 501 360 546 recte
387 489 634 544 viventes
647 484 969 542 dilexerunt.
990 482 1235 556 Magnam
1250 482 1294 514 δ’
1317 482 1578 536 adversus
1602 496 1713 535 om-
1741 485 1789 543 Α
1817 491 1869 536 et
1890 481 2180 550 psalmistae.
2222 479 2469 534 versiculi
2522 495 2627 534 non
2674 481 2956 538 immemor

3277 372 3382 428 902

2996 500 3009 537 :
3068 502 3086 536 ι
3117 483 3382 542 Dominus

1814 574 1945 630 mihi
1997 572 2210 642 adjutor
2277 581 2381 634 est,
2446 587 2550 626 non
2602 573 2802 628 timebo
2853 577 2981 644 quid
3039 578 3203 632 faciat
3251 579 3381 633 mihi

1814 669 1977 722 homo
2028 667 2202 738 (Psal.
2259 681 2425 730 cxvii,
2479 667 2610 737 6);)
2693 668 2809 723 leve
2863 670 3211 745 existimans
3254 672 3383 740 quid

1815 760 2003 824 ferret,
2025 769 2231 812 tantum
2258 774 2324 813 ne
2345 759 2565 813 Christo
2592 761 2894 818 vilesceret.
2919 761 3058 816 Nulli
3085 764 3384 832 maledixit,

1815 852 1908 905 sed
1959 851 2191 919 proin-iis
2236 850 2516 919 deputavit
2573 853 2780 907 meritis
2822 853 3076 922 quicquid
3125 856 3388 924 angustia:

1815 942 2037 1011 pertulit
2090 942 2158 996 ab
2208 943 2626 998 adversantibus
2666 944 2821 1008 ﬁliis;
2892 961 3105 1015 semper
3149 951 3388 1005 retinens

1819 1034 1870 1086 in
1925 1033 2184 1086 memoria
2238 1034 2376 1101 quod
2433 1033 2483 1086 in
2555 1048 2711 1086 sacra
2760 1034 3025 1089 didicerat
3063 1035 3386 1107 Scriptura:

1824 1140 1842 1174 ι
1873 1123 2008 1189 Quia
2039 1139 2134 1190 per
2162 1123 2361 1177 multas
2389 1123 2768 1178 tribulatioues
2793 1133 2848 1178 et
2875 1127 3150 1194 angustias
3174 1137 3393 1198 oportet

1819 1231 1919 1270 nos
1970 1215 2196 1268 introire
2228 1230 2454 1285 regnum
2502 1215 2594 1269 Dei
2651 1215 2789 1286 (Art.
2836 1234 2950 1283 xrv,
2990 1218 3105 1291 2|).
3134 1240 3152 1273 ι
3189 1220 3244 1276 Si
3271 1223 3393 1292 quis

1820 1317 2000 1360 autem
2060 1307 2463 1376 catumpniam,
2523 1321 2686 1375 quam
2737 1309 3079 1377 patiebatur,
3134 1311 3396 1380 ingemuit

1823 1398 1936 1468 ipsa
1963 1407 2253 1468 praesente,
2278 1397 2432 1466 quasi
2457 1398 2678 1468 cupiens
2703 1413 2988 1454 rnmrorcm
3014 1401 3182 1470 ipsius
3203 1401 3393 1467 lenire,

1825 1488 2021 1544 talibus
2073 1488 2254 1543 verbis
2318 1496 2538 1543 econtra
2595 1488 2768 1542 fertur
2815 1491 3197 1559 respondisse:
3231 1491 3396 1555 «Rex

1822 1582 1948 1638 Otto
1987 1581 2389 1649 calumpniatur
2440 1580 2626 1643 nobis,
2683 1580 2736 1633 id
2789 1581 2987 1635 nostris
3055 1581 3398 1652 exigentibus

1823 1674 2074 1739 meritis;
2106 1673 2244 1728 Deus
2291 1679 2469 1726 autem
2517 1671 2653 1726 sciat
2703 1670 2877 1732 iilmn,
2919 1671 3010 1740 qui
3060 1681 3251 1727 contra
3298 1687 3399 1729 nos

1827 1772 2150 1826 excitaverit
2180 1770 2224 1802 "
2256 1777 2501 1824 nostrum
2538 1767 2826 1824 amabilem
2855 1768 3022 1822 ﬁlium
3058 1767 3397 1836 Heinricum,

1823 1862 1976 1930 cujus
2003 1860 2270 1917 solamine
2295 1860 2646 1930 sperabamus
2690 1869 2916 1913 enatare
2953 1857 3210 1928 quicquid
3243 1857 3400 1915 nobis

1825 1952 2114 2008 accidisset
2161 1951 2343 2014 triste;
2396 1965 2539 2004 nunc
2586 1949 2686 2003 iste
2731 1936 3048 2004 adversatur
3087 1949 3266 2015 nobis,
3306 1947 3401 2018 qui

1825 2043 2014 2098 debuit
2072 2057 2194 2098 esse
2243 2040 2573 2096 consolator.
2636 2038 2988 2109 Nequaquam
3047 2048 3229 2095 tamen
3283 2039 3398 2110 pati

1825 2143 2208 2206 possumus,ut
2230 2133 2360 2203 quid
2382 2134 2448 2187 de
2469 2147 2534 2187 eo
2557 2131 2936 2187 inclementius
2959 2131 3063 2187 dici
3084 2131 3400 2198 audiamus;

1827 2227 1954 2298 quia
1986 2241 2130 2282 nunc
2159 2241 2191 2280 a
2232 2226 2389 2280 nobis
2421 2223 2850 2294 prtecordialiter
2874 2223 3132 2296 diligitur,
3161 2222 3407 2294 quamvis

1829 2319 2081 2374 inimicus
2102 2327 2334 2388 putetur.
2359 2316 2489 2370 Illud
2511 2326 2689 2369 autem
2715 2331 2812 2369 nos
2833 2316 3070 2386 graviter
3093 2314 3408 2385 compuugit

1828 2409 2152 2471 recolentes,
2191 2407 2338 2461 illum
2379 2406 2539 2461 nobis
2584 2405 2960 2461 dulcissimum
2999 2421 3126 2476 erga
3157 2421 3256 2460 nos
3284 2419 3408 2461 esse

1829 2511 1936 2556 tam
1964 2516 2232 2554 amarum.
2265 2497 2370 2554 Sed
2403 2497 2475 2553 nil
2503 2507 2712 2568 ageret,
2745 2496 2788 2551 si
2821 2497 2961 2567 regis
3009 2495 3265 2565 juvamen
3296 2495 3404 2554 sibi

1827 2595 2072 2657 deesset;
2102 2594 2242 2648 Dens
2267 2600 2449 2646 autem
2470 2590 2544 2645 illi
2568 2599 2778 2660 parcat,
2803 2604 2874 2644 ne
2899 2590 2965 2643 ab
2996 2589 3113 2660 ipso
3136 2589 3402 2644 ultionem

1829 2683 2073 2753 recipiat.
2116 2680 2332 2735 Utinam
2376 2679 2610 2734 donante
2645 2677 2754 2733 Deo
2794 2678 2912 2732 sine
2951 2675 3232 2730 amborum
3285 2675 3407 2731 ﬁeri

1828 2781 2009 2845 posset
2053 2771 2320 2842 periculo,
2378 2780 2436 2824 ut
2493 2778 2719 2840 propter
2770 2783 2868 2823 nos
2917 2775 3064 2822 tanta
3122 2767 3264 2821 inter
3310 2780 3406 2822 eos

1829 2870 2142 2922 ﬁrmaretur
2173 2866 2323 2936 pacis
2361 2864 2562 2924 unitas,
2596 2879 2662 2918 ne
2689 2863 2920 2918 ulterius
2949 2862 3151 2917 inirent
3174 2861 3409 2916 inimici-

1832 2958 1965 3013 tias!
2005 2978 2023 3010 ι
2084 2956 2219 3012 Cum
2261 2966 2440 3009 autem
2474 2965 2660 3008 saneta
2709 2953 2801 3008 Dei
2845 2953 3087 3018 vidisset,
3131 2951 3412 3007 molestias

1830 3051 2065 3107 ﬁliortnu
2101 3049 2202 3104 sibi
2248 3064 2355 3102 non
2384 3047 2574 3110 minui,
2624 3047 2719 3102 sed
2772 3046 2839 3100 de
2884 3045 2971 3101 die
3017 3045 3072 3099 in
3114 3041 3255 3099 diem
3283 3041 3416 3116 pl.th

145 3142 480 3214 pauperibus
503 3141 900 3205 distribuebat;
935 3139 1134 3208 ubique
1170 3136 1391 3190 mittens
1421 3130 1727 3200 explorato-
1754 3163 1800 3226 ὓ
1833 3141 2017 3212 augeri
2041 3179 2056 3205 ,
2107 3139 2422 3208 relinquens
2475 3136 2739 3206 quidquid
2803 3151 2899 3191 τοι
2960 3133 3250 3212 ιιείητίωε
3301 3132 3408 3188 sibi

147 3254 263 3303 res,
295 3235 388 3307 qui
420 3233 536 3303 ejus
578 3234 815 3299 nuntios,
864 3229 1230 3301 indigentibus
1259 3239 1480 3280 munera
1508 3232 1727 3292 portan-

149 3341 252 3393 tes,
280 3327 624 3397 expoliarent
655 3335 711 3380 et
744 3323 1072 3381 contumelia
1115 3320 1337 3375 affectos
1370 3316 1725 3370 remitterent.

149 3421 278 3478 Haec
306 3429 360 3476 et
390 3419 476 3475 his
499 3418 700 3474 similia
732 3434 856 3473 cum
888 3415 1162 3470 immerito
1199 3411 1496 3468 sustineret
1525 3404 1728 3462 Christi

147 3513 377 3580 famula,
424 3511 565 3582 quod
613 3511 688 3565 illi
733 3510 1018 3566 videbatur
1063 3503 1362 3566 molestius,
1392 3503 1521 3555 haut
1554 3499 1730 3552 minus

153 3621 376 3678 gravem
419 3603 672 3672 iniuriam
703 3603 805 3656 sibi
837 3600 1019 3656 intulit
1059 3598 1365 3658 lleinrieus,
1397 3607 1555 3663 quem
1593 3589 1731 3644 miro

151 3701 348 3755 aﬂ'ectu
378 3696 580 3752 amoris
609 3695 822 3751 cunctis
852 3699 1220 3764 praeposuerat
1251 3687 1396 3741 ﬁliis.
1426 3684 1508 3738 Ad
1545 3689 1728 3736 extre-

152 3808 304 3848 mum
337 3790 607 3859 cogebant
639 3803 779 3853 eam,
816 3785 1026 3842 dotales
1059 3783 1309 3853 regiones
1341 3779 1646 3846 relinquere
1677 3784 1734 3829 et

152 3899 314 3941 sacro
356 3882 625 3938 velamine
667 3895 725 3937 se
764 3879 1105 3950 consignare.
1130 3875 1173 3930 0
1199 3877 1408 3929 beatam
1432 3869 1730 3932 dominam,

151 3993 272 4048 qua:
324 3976 379 4030 in
429 3974 615 4029 multis
657 3980 951 4042 temptata,
1000 3983 1101 4023 nec
1152 3976 1332 4021 tamen
1387 3959 1730 4031 temptatioui

152 4067 446 4124 succubuit
475 4066 682 4122 evicta!
710 4063 852 4130 Quid
877 4062 1120 4118 creditur
1147 4059 1224 4114 ilLi
1252 4058 1426 4112 inesse
1457 4055 1730 4116 maeroris,

153 4164 285 4219 dum
349 4162 591 4230 undique
648 4160 947 4230 angebatur
1003 4165 1153 4211 tanta
1211 4153 1264 4207 vi
1329 4144 1735 4205 tribulationis?

153 4255 335 4310 Minus
371 4252 598 4307 moleste
639 4250 828 4317 ferret,
867 4251 933 4314 si,
974 4248 1281 4311 llcinricus,
1328 4258 1487 4313 quem
1520 4237 1734 4309 egregie

155 4348 385 4412 amavit,
417 4346 571 4399 fratri
604 4361 708 4399 non
738 4342 1144 4397 coneordasset.
1184 4336 1350 4407 Impia
1374 4350 1504 4402 ergo
1528 4333 1735 4387 discor-

155 4438 269 4506 dia,
321 4454 444 4508 qua:
489 4437 634 4491 inter
679 4437 824 4505 ipsos
864 4432 1186 4488 versabatur
1225 4431 1293 4483 ab
1334 4426 1578 4491 infantia,
1617 4422 1735 4476 illos

1835 3210 2062 3290 dederat
2100 3233 2153 3286 in
2194 3233 2397 3298 dotem,
2441 3231 2496 3284 in
2524 3229 2848 3286 occidentali
2886 3229 3106 3298 regione
3135 3210 3270 3282 adiit
3295 3227 3408 3280 An-

1832 3329 2174 3400 gerinensem
2205 3325 2248 3357 ⁸⁸
2283 3325 2416 3398 (50),
2462 3324 2685 3394 cupiens
2726 3320 3140 3376 adversantibus
3183 3332 3410 3388 parcere

1833 3413 1979 3484 ﬁliis,
2003 3436 2070 3472 ne
2103 3418 2446 3471 incurrerent
2477 3415 2613 3469 iram
2642 3413 2840 3467 divinae
2863 3410 3105 3465 ultionis.
3130 3408 3266 3474 Illic,
3299 3408 3408 3464 Deo

1833 3521 2185 3580 cooperante,
2215 3507 2358 3562 haud
2384 3506 2565 3560 minus
2589 3519 2750 3575 quam
2777 3511 3132 3559 consueverat
3158 3502 3412 3570 quodque

1833 3605 2035 3658 bonum
2066 3597 2376 3656 exercebat.
2407 3597 2540 3650 Post
2568 3596 2682 3650 bare
2708 3595 2888 3649 divina
2911 3592 3264 3663 dispositione
3295 3591 3409 3662 regi

1834 3691 2254 3750 innumerabilia
2283 3703 2643 3760 supervenere
2672 3686 2879 3756 flagella
2907 3687 3046 3754 (51),
3089 3685 3410 3740 retroversis

1833 3783 2076 3840 victoria:
2126 3779 2413 3850 triumphis
2462 3779 2572 3850 (an.
2597 3777 2746 3846 944),
2796 3775 3024 3844 aliisque
3055 3789 3234 3829 rerum
3267 3773 3411 3827 nihi-

1836 3876 2072 3932 lominus
2124 3873 2235 3943 (ὂὲ)
2283 3869 2557 3926 secundis.
2614 3867 2925 3923 lleinricum
2975 3874 3155 3920 autem
3212 3864 3412 3918 invasit

1836 3967 2008 4020 morbi
2055 3963 2312 4036 gravedo,
2345 3976 2465 4031 qua:
2492 3968 2545 4015 et
2569 3959 2716 4014 illum
2761 3958 3008 4030 purgavit
3035 3956 3303 4014 adelicto.
3344 3955 3411 4011 Et

1836 4066 2018 4111 tamen
2077 4069 2310 4125 superna
2364 4051 2644 4106 miseratio
2699 4050 2774 4104 illi
2833 4049 3076 4120 pepercit
3132 4046 3407 4112 feriendo,

1836 4148 1989 4221 quasi
2015 4147 2264 4202 Christus
2293 4143 2632 4200 satisfaceret
2668 4153 2794 4197 voto
2815 4141 3027 4207 matris,
3067 4153 3189 4211 quae
3223 4137 3412 4194 sedula

1836 4255 1995 4311 prece
2023 4238 2072 4293 ei
2102 4237 2347 4292 exoravit
2371 4234 2584 4290 veniam
2612 4232 2984 4288 remissionis-

1911 4331 1987 4388 12
2039 4329 2282 4396 Qualiter
2322 4328 2536 4384 reducta
2563 4327 2654 4381 sit.
2695 4325 2898 4380 Videns
2927 4332 3106 4377 autem
3139 4335 3231 4375 rex
3286 4318 3413 4375 Otto

1838 4424 1964 4494 quia
2019 4421 2152 4476 nihil
2202 4419 2492 4490 proﬁceret
2536 4418 2590 4472 in
2640 4415 2917 4487 prosperis
2943 4423 3002 4468 ut
3029 4413 3199 4484 prius,
3234 4409 3416 4464 timuit

157 4542 285 4588 tunc
312 4529 650 4586 consociavit
683 4531 751 4582 ad
787 4526 1152 4596 iniquitatem,
1181 4536 1316 4591 quos
1349 4518 1498 4589 prius
1553 4515 1734 4585 prohi-
1761 4500 1812 4559 Ῑ)
1841 4527 2010 4582 usque
2067 4510 2135 4565 ad
2194 4520 2426 4564 mortem
2473 4508 2850 4562 contristatus.
2901 4505 3054 4558 Tunc
3101 4502 3415 4558 sacerdotes

155 4625 349 4680 hucrat
403 4621 699 4675 fraternam
749 4633 942 4690 gerere
989 4616 1035 4646 "
1088 4628 1299 4684 pacem.
1365 4610 1568 4664 Contra
1621 4607 1737 4661 haec

157 4716 343 4771 omnia
371 4713 698 4768 venerabilis
727 4710 914 4782 regina
947 4709 1140 4763 miram
1175 4706 1226 4759 in
1259 4702 1468 4759 cunctis
1493 4699 1739 4758 exhibuit

159 4792 478 4876 patientiam
541 4813 597 4860 et
654 4804 850 4858 fortem
910 4801 964 4856 iu
1027 4798 1270 4854 adversis
1330 4794 1734 4856 constantiam;

161 4911 346 4954 custos
364 4899 478 4954 oris
499 4897 604 4963 sui,
624 4911 690 4950 ne
713 4895 840 4964 quid
862 4891 1129 4963 proferret
1147 4887 1450 4952 incongnti,
1498 4884 1736 4938 studiosa

163 4977 526 5062 ad‘cootinuae
564 4987 832 5045 orationis
883 5000 1061 5046 usum,
1110 4989 1168 5037 ut
1213 4981 1454 5034 vinceret
1507 4975 1733 5030 insidias

158 5083 588 5148 adversantium,
630 5082 797 5136 immo
837 5077 984 5133 illata
1011 5075 1114 5132 sibi
1141 5073 1338 5155 injuria
1368 5068 1734 5132 constantior,

1839 4617 1893 4663 et
1921 4605 2088 4661 ceteri
2125 4603 2419 4672 principes,
2454 4615 2685 4670 quorum
2725 4597 2888 4654 corda
2930 4596 3072 4650 Deus
3112 4595 3416 4648 illustrave-

1841 4706 1946 4764 rat,
1980 4695 2204 4766 ingressi
2244 4694 2313 4748 ad
2336 4691 2697 4748 venerabilem
2733 4688 2970 4758 reginam
3004 4684 3184 4746 Edith,
3219 4683 3414 4735 cohor-

1845 4801 2031 4848 tantur
2059 4791 2224 4853 illam,
2275 4795 2335 4842 ut
2383 4785 2700 4839 admoneret
2746 4792 2950 4850 regem.
2997 4774 3252 4846 quatinus
3289 4785 3415 4826 cum

1842 4886 2048 4940 honore
2095 4895 2247 4938 suam
2295 4880 2349 4934 in
2405 4891 2632 4945 regnum
2662 4878 2948 4927 revocaret
2987 4877 3240 4923 matrem.
3284 4861 3418 4928 Quze

1840 4978 2025 5032 statim
2053 4977 2298 5048 ingressa
2329 4971 2392 5026 ad
2424 4982 2627 5038 regem,
2658 4967 2735 5020 sic
2759 4966 2874 5018 ait:
2909 4979 2927 5012 ι
2955 4960 3034 5017 Nc
3066 4956 3420 5015 contristetur

1839 5076 2025 5122 noster
2048 5064 2320 5126 dominus,
2343 5056 2538 5114 divinis
2559 5053 2781 5125 flagellis
2801 5059 3109 5119 correptus,
3133 5049 3424 5100 revocetur

1464 5203 1700 5260 VARUE
1739 5201 2148 5263 LECTIONES.

723 5330 766 5352 υ
792 5325 995 5352 ---λιοη
1031 5327 1049 5352 Ι
1155 5324 1202 5352 ιιι
1225 5318 1375 5352 ι...ροῖ

1409 5314 1605 5352 ηιιΙιΙῖιιῖ
1639 5324 1860 5352 ηιιοειιια
1900 5319 2273 5352 ηοιοπωιίοιιοι
2323 5307 2503 5352 ηπιηίει
2668 5307 2712 5340 δ’
2753 5299 3085 5352 illiberaliter
3113 5295 3163 5349 1·

3237 5287 3282 5318 ιο
3323 5300 3429 5352 εε-
