3908 5426
502 291 608 349 903

508 498 684 569 prima
737 495 1055 564 possideat;
1109 501 1164 547 et
1214 501 1274 546 ut
1326 506 1628 560 speramus,
1676 491 1855 542 vestra
1900 485 2083 541 omnia

507 588 974 662 prosperabuutur
1002 595 1058 639 et
1091 586 1144 639 in
1176 584 1461 655 pristinmn
1502 578 1854 635 restituentur
1883 577 1927 619 ⁸ο
1960 593 2085 648 gra-

511 685 658 738 dum.
691 700 710 733 »
754 678 871 733 Rex
917 685 1097 732 autem
1131 675 1444 746 pcenitentia
1476 680 1828 741 compunctus
1856 679 1909 723 et
1940 683 2086 722 com-

512 775 660 830 missi
714 773 845 828 haut
893 772 1178 825 immemor
1226 778 1427 832 reatus,
1478 766 1584 820 Deo
1635 761 1967 831 inspirante,
2031 759 2085 812 in

512 878 698 923 sancta
747 873 922 919 matre
975 879 1032 918 se
1075 861 1369 930 deliquisse
1413 857 1680 928 cognovit.
1730 853 1870 907 llaut
1911 865 2083 914 mora,

515 958 696 1014 missis
739 955 1029 1026 episcopis,
1083 953 1308 1007 ducibus
1347 966 1410 1006 ac
1436 948 1722 1004 comitibus
1745 955 1799 999 et
1835 942 2086 998 omnibus

514 1047 935 1120 sapientissimis
975 1045 1228 1110 militum,
1269 1053 1493 1098 matrem
1527 1055 1647 1095 cum
1679 1038 1882 1092 honore
1925 1048 2084 1088 revo-

516 1143 766 1206 candam,
801 1138 1056 1211 praecepit
1085 1135 1284 1190 Christi
1318 1131 1526 1187 fanmlie
1550 1127 1858 1197 huiusmodi
1887 1125 2087 1194 scripta

519 1234 764 1291 deferri:
815 1251 831 1284 ι
862 1233 905 1288 Ο
947 1228 1271 1285 venerabilis
1322 1226 1561 1288 domina,
1611 1223 1702 1275 Dei
1751 1219 2086 1274 iracundiam

511 1330 625 1399 jam
653 1328 785 1383 satis
815 1325 1146 1391 nimiumque
1177 1319 1623 1375 exacerbavinms
1667 1315 1718 1367 in
1768 1328 1866 1367 uos
1913 1325 2090 1380 perse-

517 1421 731 1476 cutione
774 1426 972 1472 vestra.
1016 1412 1274 1469 Fatemur
1317 1411 1457 1482 quod
1505 1406 1869 1478 peccavimus,
1930 1414 1983 1458 et
2009 1402 2088 1455 in-

511 1511 660 1582 juste
711 1517 898 1564 contra
941 1519 1038 1561 vos
1088 1505 1336 1574 egimus;
1376 1495 1596 1572 propter
1623 1499 1788 1551 Deum
1822 1494 1976 1548 nobis
2009 1492 2089 1545 di-

519 1601 736 1665 mittite,
763 1610 818 1654 ct
845 1615 874 1653 a
900 1598 1118 1654 Christo
1153 1596 1366 1650 veniam
1401 1591 1739 1649 remissionis
1777 1588 2085 1658 implorato.

517 1691 804 1759 Quodlibet
831 1689 1149 1760 supplicium
1200 1687 1432 1742 libenter
1473 1680 1732 1754 patimur,
1781 1689 1986 1734 tantum
2031 1687 2088 1731 ut

1503 282 1794 339 SANCTAS
1834 279 2202 336 MATlllLDlS
2241 279 2516 336 ΒΕΟὶΝιΕ
2553 279 2729 334 VITA.

507 413 690 461 vestra
717 410 890 457 mater
916 401 1286 465 sanctissima,
1326 412 1676 468 regnumque,
1722 406 1782 451 ut
1816 397 2086 459 convenit,
2121 401 2165 459 Α

3656 286 3749 342 306

2267 395 2353 448 11.
2395 394 2471 448 De
2515 393 2934 448 reconciliatione
2977 393 3232 450 Heinrici.
3269 395 3624 467 Comperiens
3663 414 3750 453 au-

2196 498 2301 540 tem
2345 484 2652 550 lleinricus,
2696 485 2912 556 juvenis
2954 487 3183 539 decorus
3213 497 3265 541 et
3292 489 3524 557 egregiae
3568 490 3752 544 matris

2194 573 2419 630 nimium
2470 575 2735 642 dilectus,
2797 591 2979 646 regem
3028 575 3281 631 Ottouem
3325 593 3484 632 suum
3537 578 3752 634 fratrem

2193 673 2341 718 tanta
2391 664 2758 719 satisfactione
2805 664 3047 719 inclitam
3096 666 3197 721 sibi
3246 676 3474 721 matrem
3517 669 3752 723 reconci-

2191 756 2388 822 liasse,
2437 756 2569 810 haut
2616 756 2792 810 minus
2837 756 3155 826 paenitentia
3203 765 3598 828 compunctus,
3655 760 3752 813 iter

2193 846 2383 910 tendit,
2415 853 2469 899 et
2497 844 2584 898 ubi
2621 852 2862 899 sanctam
2909 845 3002 900 Dei
3053 845 3278 911 invenit,
3326 845 3526 902 talibus
3583 848 3752 902 verbis

2189 950 2308 991 eam
2350 946 2434 992 est
2476 952 2804 1008 aggressus:
2839 955 2858 989 ί
2888 937 2933 993 Ο
2970 938 3293 994 venerabilis
3338 937 3558 994 domina
3605 950 3677 999 et.
3709 943 3753 997 si

2189 1026 2272 1084 fas
2300 1039 2383 1084 est
2407 1029 2610 1096 dicere,
2642 1039 2816 1084 mater
2837 1028 3147 1096 karissima,
3181 1047 3279 1085 nos
3303 1032 3540 1102 graviter
3570 1044 3754 1088 contra

2191 1130 2488 1175 maternam
2525 1121 2691 1176 vestri
2726 1121 3058 1176 dulcedinem
3085 1121 3375 1191 deliquisse
3396 1123 3753 1190 conﬁtemur;

2191 1213 2286 1266 sed
2319 1227 2460 1266 nunc
2499 1212 2705 1266 veniam
2746 1212 3102 1282 postulamus,
3132 1229 3294 1284 quam
3323 1230 3429 1268 non
3461 1231 3748 1271 meremur.

2195 1303 2447 1356 Attamen
2484 1303 2833 1357 obsecramus
2886 1317 2980 1356 vos
3033 1318 3128 1374 per
3179 1305 3415 1358 animam
3462 1314 3520 1360 et
3568 1323 3752 1377 nomen

2192 1395 2362 1447 nostri
2395 1393 2584 1462 patris,
2612 1403 2670 1448 ut
2699 1394 2752 1447 in
2779 1394 3066 1464 pristinum
3091 1405 3286 1451 vestrm
3316 1398 3506 1467 gratia:
3535 1399 3751 1468 gradum

2193 1500 2292 1538 nos
2350 1484 2526 1539 redire
2583 1484 2913 1540 concedatis.
2995 1484 3110 1541 Non
3178 1487 3490 1542 dubitamus
3543 1490 3671 1559 quin
3723 1503 3752 1543 a

2193 1575 2411 1631 Christo
2443 1591 2840 1645 consequamur
2868 1578 3080 1632 veniam
3110 1578 3472 1645 remissionis,
3502 1581 3550 1635 si
3573 1596 3667 1636 vos
3691 1596 3751 1636 ex

2193 1676 2307 1722 toto
2332 1669 2494 1723 corde
2520 1668 2832 1738 ignoscitis;
2859 1668 3008 1737 quia,
3032 1683 3099 1723 ex
3121 1684 3227 1738 quo
3251 1683 3487 1725 vestram
3509 1673 3750 1742 pietatem

522 1794 701 1839 vestra
742 1759 916 1854 ἔκηε..
963 1781 1229 1834 fruamur.
1266 1778 1348 1833 Ad
1388 1778 1504 1832 haec
1531 1785 1590 1830 ιη
1619 1775 1684 1829 ad
1712 1789 1808 1828 ηοε
1837 1773 1938 1827 iter
1961 1771 2091 1824 diri-
2123 1762 2164 1819 Β
2199 1759 2251 1812 ἰη
2302 1759 2436 1813 iram
2484 1761 2920 1831 provocavimus,
2971 1763 3144 1816 morbi
3191 1763 3484 1832 gravedine
3536 1765 3752 1820 nimium

519 1874 685 1945 gatis,
733 1873 998 1944 petimus;
1052 1887 1151 1926 nos
1175 1881 1230 1926 et
1253 1869 1432 1925 omnia
1460 1878 1640 1922 nostra
1680 1865 1869 1920 ditioni
1903 1873 2094 1917 vestrae

519 1966 824 2028 subdimus,
876 1963 1095 2032 insuper
1142 1971 1197 2017 et
1241 1963 1590 2016 restituenms
1639 1957 1896 2028 quidquid
1944 1954 2094 2010 vobis

523 2056 723 2123 injuste
784 2055 1165 2108 abstraximus.
1247 2053 1330 2107 Nil
1388 2053 1543 2106 nobis
1594 2047 1891 2121 jocundum
1965 2049 2092 2109 erit,

531 2157 823 2216 antequam
871 2161 968 2200 vos
996 2146 1176 2200 videre
1205 2144 1517 2214 contigerit.
1551 2163 1569 2195 ι
1605 2141 1922 2196 Beatissimo
1965 2152 2095 2193 vero

526 2239 712 2308 regina
743 2237 1056 2307 petitionem
1089 2236 1181 2292 lilii
1212 2236 1367 2290 hilari
1395 2244 1572 2289 mente
1592 2233 1918 2303 percipiens,
1940 2231 2096 2300 quid-'-

522 2330 653 2400 quid
698 2329 996 2401 pertulerat
1043 2329 1256 2384 adversi
1302 2329 1518 2398 penitus
1557 2326 1778 2380 tradidit
1816 2323 2093 2385 oblivioni,

526 2435 631 2477 nec
661 2422 862 2477 diutius
888 2420 1116 2488 distulit,
1149 2421 1242 2477 sed
1273 2420 1378 2475 iter
1399 2417 1710 2474 accelerans
1737 2419 1790 2472 in
1814 2417 2033 2472 Gruoua
2046 2410 2092 2446 ⁸⁸

522 2513 693 2567 venit.

596 2604 682 2659 13.
731 2604 806 2658 De
847 2604 1272 2660 reconciliatione
1321 2601 1528 2658 Ottonis
1575 2611 1623 2657 et
1669 2603 1852 2656 matris
1904 2600 2094 2674 (Oct.).

524 2695 656 2751 Cum
687 2706 868 2752 autem
897 2698 1157 2752 adventus
1192 2695 1518 2751 venerabilis
1549 2695 1754 2764 regina:
1780 2693 2095 2748 Mahthildis

524 2775 946 2855 pervulgaretui’
967 2785 1036 2839 ad
1079 2798 1242 2838 aures
1276 2783 1418 2854 regis
1451 2783 1687 2846 Ottonis,
1721 2781 1893 2835 multo
1921 2780 2092 2835 comi-

528 2887 643 2932 tatu
681 2879 894 2932 obviam
930 2876 1121 2942 tendit,
1153 2891 1336 2932 secum
1377 2874 1673 2929 comitante
1698 2875 1879 2944 regina
1910 2871 2093 2928 Edith.

530 2969 598 3024 Ut
626 2985 756 3024 vero
780 2970 1014 3040 primum
1046 2969 1182 3023 vidit
1213 2967 1322 3022 Deo
1350 2966 1601 3021 dilectam
1634 2965 2093 3036 apprOpinquare,

528 3062 596 3113 ab
625 3075 767 3129 equo
795 3057 1020 3124 desiliit,
1051 3067 1106 3112 et
1133 3057 1354 3128 propius
1382 3057 1664 3125 accedens,
1706 3072 1844 3126 genu
1871 3055 2011 3110 flexo
2040 3055 2094 3109 in

529 3157 756 3214 terram,
781 3149 995 3204 veniam
1025 3149 1338 3218 postulavit,
1368 3147 1552 3202 dicens
1579 3164 1592 3200 :
1630 3165 1648 3198 ι
1676 3145 1720 3201 Ο
1750 3161 1910 3201 omne
1933 3145 2099 3200 decus

531 3243 701 3294 nostri
751 3242 984 3304 decoris,
1029 3250 1084 3294 et
1116 3240 1366 3294 solatium
1401 3237 1662 3307 cujusque
1692 3238 1912 3302 laboris,
1942 3237 2098 3308 cujus

530 3329 740 3384 meritis
804 3330 1181 3398 deputabiinus
1209 3372 1220 3398 ,
1251 3343 1475 3397 regnum
1543 3328 1687 3396 quod
1735 3327 2096 3396 possidemus.

533 3418 747 3474 Sumite
777 3420 844 3474 de
873 3419 1028 3474 nobis
1058 3419 1416 3488 quodcunque
1452 3416 1772 3487 supplicium
1815 3419 1997 3483 vultis,
2038 3423 2098 3472 ut

530 3511 685 3565 nobis
710 3519 916 3564 tantum
954 3509 1118 3563 liceat
1153 3509 1329 3564 redire
1361 3509 1412 3562 in
1444 3509 1673 3579 gratiam
1702 3508 2099 3563 reconciliatio-

528 3601 630 3655 nis.
655 3598 773 3654 Jam
805 3600 942 3654 satis
984 3600 1186 3655 luimus
1219 3599 1481 3670 quidquid
1516 3608 1706 3655 contra
1738 3615 1834 3655 vos
1869 3599 2101 3670 deliqui-

529 3706 692 3758 mus;
760 3708 885 3746 nam
958 3708 1022 3746 ex
1085 3693 1176 3747 illo
1230 3700 1474 3762 tempore
1525 3706 1634 3762 quo
1681 3693 2017 3748 abscessistis
2067 3705 2098 3749 τι

527 3790 710 3836 vestra
741 3783 904 3838 dotali
943 3783 1184 3854 regione,
1215 3793 1517 3838 retroversa
1555 3792 1640 3837 est
1669 3783 1848 3837 omnis
1878 3798 2101 3855 prospe-

531 3871 668 3927 ritas
719 3871 866 3936 belli,
918 3888 1131 3929 necnon
1175 3872 1362 3928 fractae
1409 3882 1536 3927 sunt
1585 3880 1788 3926 nostra:
1831 3873 2006 3939 vires,
2045 3880 2123 3927 et

527 3964 720 4019 crebro
770 3973 958 4019 contra
1008 3979 1107 4019 nos
1152 3963 1549 4033 prazvaluerunt
1592 3963 1796 4017 hostes.
1828 3982 1847 4015 ι
1892 3963 2096 4018 Contra

529 4053 644 4108 haec
695 4063 869 4109 mater
928 4055 1296 4119 venerabilis,
1361 4055 1586 4110 decoros
1645 4055 1839 4122 oculos.
1883 4054 2101 4125 perfusa

528 4141 788 4209 lacrimis,
814 4143 924 4198 lilio
953 4144 1136 4198 statim
1171 4144 1397 4214 przebuit
1443 4143 1686 4198 osculum
1735 4145 1903 4214 pacis,
1947 4145 2100 4215 quasi

532 4234 601 4288 ab
628 4252 693 4290 eo
717 4236 847 4290 nihil
882 4237 1192 4304 pertulisset
1219 4237 1588 4300 adversitatis,
1622 4245 1676 4291 et
1702 4238 1940 4290 animum
1971 4252 2101 4306 sup-

531 4323 790 4394 plicantis
838 4326 1038 4380 talibus
1096 4326 1476 4382 consolabatur
1527 4328 1755 4382 verbis:
1809 4345 1826 4378 ι
1855 4327 1955 4382 Fili
2004 4327 2100 4394 mi,

537 4417 706 4472 nolite
751 4418 1106 4480 contristari;
1143 4433 1423 4489 speramus
1467 4419 1631 4484 enim,
1683 4432 1778 4473 vos
1823 4420 2032 4474 veniam
2071 4435 2100 4473 a

535 4509 764 4565 Domino
787 4513 1076 4580 consequi;
1111 4525 1234 4565 nam
1260 4510 1304 4564 si
1336 4519 1642 4564 nostrorum
1675 4524 1778 4562 non
1809 4509 2104 4579 exigissent

532 4602 902 4671 peccaminum
957 4603 1170 4665 merita,
1215 4610 1392 4656 vestra
1441 4614 1506 4654 ex
1555 4607 1711 4669 parte
1763 4599 1904 4652 nulla
1950 4598 2103 4654 nobis

532 4691 843 4746 obviassent
879 4693 1126 4748 adversa.
1172 4690 1312 4746 Deus
1351 4700 1530 4744 autem
1581 4689 1732 4744 vobis
1779 4690 1984 4743 tribunal
2013 4691 2100 4744 iu-

2197 1849 2484 1919 periclitati
2533 1866 2781 1905 sumus.)
2841 1850 3010 1918 Quem
3061 1853 3383 1908 venerabilis
3435 1854 3657 1910 domina
3702 1865 3755 1911 ut

2195 1941 2332 1995 vidit
2397 1941 2771 1998 lacrimantem
2827 1953 2884 1999 et
2939 1959 3037 2014 pro
3094 1945 3426 2018 indulgentia
3489 1949 3755 2005 humiliter

2196 2033 2587 2102 Supplicantem
2637 2033 2838 2090 diutius
2876 2035 2986 2104 pati
3029 2050 3134 2090 non
3184 2038 3377 2105 potuit,
3409 2040 3508 2093 sed
3538 2041 3594 2094 in
3623 2041 3754 2095 hanc

2195 2140 2384 2180 vocem
2433 2126 2684 2181 celeriter
2740 2128 2983 2198 prorupit
3013 2145 3025 2180 :
3061 2147 3078 2180 ι
3101 2121 3198 2183 Fili
3232 2129 3301 2183 mi
3346 2129 3624 2197 lleinrice,
3655 2132 3753 2187 noli

2195 2211 2353 2284 flere;
2402 2219 2625 2285 desiste,
2677 2219 2773 2285 liti,
2825 2219 3054 2276 desiste!
3091 2221 3264 2277 Mater
3300 2223 3447 2277 enim
3491 2233 3580 2278 tua
3618 2240 3682 2280 ex
3708 2234 3754 2279 te

2196 2303 2386 2366 audire
2424 2327 2529 2366 non
2562 2311 2821 2388 prtevalet
2856 2313 2970 2368 hazc
3005 2316 3280 2384 precantia
3317 2317 3508 2371 verba.
3539 2317 3756 2387 Propius

2197 2405 2418 2472 accede,
2465 2416 2518 2462 et
2563 2406 2724 2461 matri
2761 2417 2865 2463 tuae
2905 2409 3146 2463 osculum
3171 2409 3370 2478 praebe.
3424 2410 3569 2464 Deus
3596 2411 3755 2466 ﬁdelis

2197 2491 2269 2553 sit
2297 2499 2391 2554 tibi
2423 2498 2732 2569 placabilis;
2781 2514 2880 2554 nos
2929 2508 2980 2554 te
3033 2500 3344 2571 diligimus,
3390 2501 3535 2558 sicut
3569 2504 3748 2572 prius;

2198 2605 2321 2644 nam
2351 2605 2455 2644 non
2489 2590 2800 2661 ignoramus
2855 2592 2998 2661 quod
3032 2600 3082 2646 te
3113 2592 3398 2647 adversum
3429 2609 3531 2648 nos
3559 2595 3749 2649 excita-

2198 2681 2273 2734 vit
2300 2685 2579 2750 persuasio
2605 2681 2966 2737 inimicorum.
2988 2701 3006 2734 ι
3035 2682 3174 2738 llaut
3199 2699 3370 2747 mora,
3395 2686 3755 2741 satisfactione

2201 2773 2297 2827 tali
2340 2782 2594 2844 percepta
2615 2773 2659 2805 ⁸¹
2691 2789 2783 2830 rex
2812 2773 2937 2831 Otto
2960 2783 3028 2835 .et
3060 2777 3166 2832 dux
3203 2776 3492 2834 lleinricus
3522 2789 3752 2834 sanctam

2199 2862 2293 2918 Dci
2343 2865 2759 2920 introduxerunt
2800 2864 2854 2920 in
2894 2865 2941 2896 ⁸²
2983 2866 3188 2921 dotales
3230 2868 3500 2938 regiones,
3543 2879 3602 2924 et
3627 2868 3754 2924 sicut

2200 2957 2416 3028 dignum
2482 2966 2599 3012 erat
2662 2957 2892 3027 primam
2957 2959 3376 3014 constituebant.
3447 2959 3578 3014 Post
3648 2960 3752 3014 hiet:

2201 3050 2337 3104 mira
2366 3049 2509 3104 inter
2539 3059 2766 3104 matrem
2798 3059 2852 3105 et
2879 3050 3018 3106 lilios
3047 3066 3166 3106 erat
3195 3057 3344 3122 pacis
3374 3052 3752 3124 tranquillitas,

2127 3116 2169 3176 Ο
2203 3148 2258 3196 et
2283 3141 2350 3195 ad
2378 3155 2536 3195 omne
2574 3140 2773 3194 bonum
2809 3141 2959 3196 unita
2996 3141 3275 3222 voluntas;
3308 3143 3362 3197 in
3394 3121 3755 3198 consolatione

2200 3245 2500 3300 pauperum
2552 3229 2769 3285 fuerunt
2823 3232 3127 3300 unanimes,
3173 3235 3226 3288 in
3270 3235 3756 3291 constructionibus

2200 3320 2551 3376 ecclesiarum
2585 3329 2639 3375 et
2671 3325 3120 3378 monasteriorum
3158 3325 3475 3380 concordes.
3509 3326 3568 3380 ln
3600 3337 3758 3381 mane

2199 3427 2327 3482 erga
2356 3407 2493 3467 filios
2521 3411 2658 3466 mira
2687 3407 2786 3467 fuit
2812 3413 3034 3480 caritas,
3075 3416 3129 3469 in
3164 3414 3288 3470 liliis
3313 3416 3558 3471 obedivit
3585 3427 3759 3472 sancta

2202 3502 2503 3568 humilitas;
2532 3512 2585 3556 et
2609 3513 2665 3557 ut
2686 3503 2922 3558 breviter
2947 3503 3318 3568 concludatur,
3347 3507 3759 3574 perseverabant

2202 3594 2350 3664 pacis
2398 3594 2691 3650 stabilitate
2738 3611 2908 3665 usque
2952 3598 3019 3650 ad
3061 3595 3266 3650 obitum
3303 3597 3450 3660 vitae,
3499 3597 3757 3652 diabolum

2202 3683 2581 3740 conculcantes
2621 3700 2715 3755 per
2757 3685 3066 3753 caritatem,
3114 3686 3207 3757 qui
3251 3702 3425 3758 nuper
3453 3687 3603 3742 inter
3626 3689 3758 3758 ipsos

2203 3777 2567 3830 scminaverat
2591 3777 2699 3832 litis
2724 3773 2990 3832 fomitem.

2279 3867 2363 3921 l5.
2401 3866 2476 3922 De
2502 3868 2645 3922 obitu
2691 3867 2850 3922 Edith
2891 3869 3102 3940 regina.
3136 3867 3356 3924 Interim
3380 3863 3608 3940 contigit
3631 3867 3760 3939 piam

2205 3957 2362 4012 Edith
2417 3960 2696 4028 reginam,
2763 3969 3020 4030 perpetuo
3081 3960 3389 4024 victuram,
3447 3969 3761 4029 praesentem

2205 4049 2454 4104 amittere
2479 4051 2641 4103 vitam
2673 4047 2760 4120 (an
2792 4049 2917 4112 946,
2945 4049 3071 4103 Jan.
3101 4049 3218 4120 26).
3268 4047 3383 4104 Rex
3405 4057 3590 4104 autem
3629 4046 3762 4110 Otto,

2200 4139 2314 4210 jam
2343 4150 2612 4210 provecta:
2646 4141 2822 4196 aetatis
2852 4139 2963 4213 (53)
3005 4136 3163 4196 simul
3196 4155 3321 4196 cum
3368 4150 3565 4206 matre,
3605 4139 3762 4196 eccle-

2208 4233 2318 4287 sias
2353 4239 2407 4286 et
2436 4233 2762 4285 monasteria
2809 4231 3144 4298 construxit;
3200 4241 3428 4302 portans
3484 4246 3676 4301 pacem
3716 4237 3769 4285 et

2210 4333 2355 4377 recte
2393 4323 2664 4393 judicans,
2713 4330 2994 4392 paternam
3039 4323 3092 4377 in
3136 4323 3350 4378 cunctis
3402 4323 3649 4378 imitatus
3694 4331 3769 4375 est

2212 4417 2486 4487 pietatem.
2541 4414 2668 4469 Post
2714 4415 2918 4470 obitum
2969 4413 3128 4470 Edith
3175 4415 3402 4470 illustris
3429 4417 3632 4487 regine
3670 4425 3774 4470 tres

2210 4506 2322 4576 (3.4)
2366 4520 2538 4560 annos
2577 4505 2687 4577 egit
2739 4505 2793 4559 in
2839 4505 3121 4572 viduitate,
3181 4507 3394 4562 cunctis
3432 4507 3592 4562 bonis
3648 4521 3770 4576 ope-

2208 4598 2358 4653 ribus
2379 4597 2666 4667 diligeutcr
2688 4597 3013 4663 iustabat,et
3037 4614 3223 4652 sacras
3253 4598 3514 4652 lectiones
3537 4598 3773 4652 studiose

2209 4690 2437 4759 legebat.
2465 4689 2714 4744 .lamdum
2759 4689 2941 4745 multis
2987 4690 3367 4760 comprobarat
3413 4690 3667 4744 castitate
3696 4689 3768 4740 vi-

535 4781 865 4852 dulgentiam
908 4797 1005 4852 per
1059 4780 1382 4836 ineffabilem
1429 4794 1580 4834 suam
1637 4779 2100 4844 misericordiam,
2132 4766 2428 4834 Dduitatis
2476 4789 2529 4834 et
2584 4781 2899 4836 assiduitate
2957 4783 3309 4847 orationum,
3369 4781 3473 4836 sibi
3537 4782 3770 4835 animum

533 4871 626 4938 qui
664 4881 890 4940 paratus
929 4879 1014 4926 est
1054 4871 1302 4925 misereri
1329 4871 1524 4938 cuique
1552 4868 1858 4938 pmniteuti,
1888 4867 1931 4922 si
1959 4882 2106 4921 com-

537 4963 700 5016 missa
748 4962 990 5033 perfecte
1040 4960 1321 5019 deﬂeverit
1355 4970 1409 5016 et
1447 4960 1788 5032 postmodum
1841 4974 1949 5014 non
2009 4960 2106 5014 ad-

535 5055 766 5114 miserit.
799 5075 819 5110 ι

2207 4884 2346 4932 esse,
2379 4886 2409 4923 a
2432 4869 2693 4942 conjugali
2725 4873 2996 4927 consortio
3027 4888 3087 4928 se
3115 4873 3248 4928 velle
3277 4873 3621 4942 postmodum
3653 4871 3771 4926 abso

2212 4959 2402 5013 linere.
2435 4959 2587 5014 Tunc
2628 4962 2930 5015 construxit
2966 4961 3274 5017 beatissima
3309 4964 3492 5031 regina
3522 4961 3777 5017 Mahtbild

2210 5053 2594 5108 monasterium
2623 5053 2677 5108 in
2713 5051 2884 5109 Palidi
2916 5053 3049 5125 (55),
3079 5054 3188 5110 illic
3219 5067 3552 5126 congregans
3580 5063 3779 5110 turma-

1826 5212 2060 5269 VARLE
2097 5211 2392 5270 LECTION
2400 5212 2499 5268 ES.

598 5285 649 5342 ﬁ“
679 5311 1035 5366 restituuntur
1057 5308 1157 5363 l."
1185 5282 1349 5376 grona
1382 5307 1432 5360 1.
1464 5305 1530 5360 ad
1553 5319 1813 5376 gruonam
1843 5303 2030 5358 hilaris
2067 5303 2395 5358 accelerauit
2420 5305 2473 5358 ’5.
2549 5303 2592 5335 ⁸³
2618 5303 2963 5376 perceptione
2989 5302 3039 5358 1.
3113 5303 3159 5336 ¹¹
3189 5303 3329 5359 deest
3364 5303 3414 5358 1.
3441 5303 3534 5358 sed
3562 5303 3708 5357 adest
3732 5301 3781 5356 5.

2042 5392 2178 5426 Nn'l"
2197 5394 2248 5426 ιθ
