3908 5426
96 244 200 329 ωε

1087 263 1381 322 SANCTE
1426 260 1797 321 MATHILDIS
1838 259 2121 317 ΒΕΟΙΝᾸΞ
2165 259 2345 317 νιτΑ.

3248 261 3353 320 906

94 388 197 439 mn
228 382 281 417 ιι
308 382 655 448 doricorum,
686 378 883 452 quibus
925 378 1072 450 larga
1118 394 1282 435 manu
1331 379 1676 451 impendebat
1702 383 1750 440 Α
1778 374 1899 440 nui,
1928 375 2023 428 sed
2061 373 2233 444 magis
2264 370 2550 444 magisque
2588 372 2798 445 augeri,
2836 372 2941 429 iter
2973 372 3255 433 festinavit
3295 377 3352 435 in

95 484 315 545 qumque
346 471 653 528 necessaria
687 470 825 541 (56).
873 470 1094 526 Interim
1133 485 1265 525 vero
1300 471 1435 526 obiit
1481 468 1677 524 Letha-

93 568 200 621 rius
243 565 361 635 (an.
410 562 562 631 950),
611 561 927 617 Latinorum
969 562 1227 632 princeps
1270 561 1540 632 egregius,
1588 559 1675 616 cui

97 654 278 723 regina
327 651 579 707 Adelheit
625 649 678 705 in
729 650 1136 705 matrimonium
1184 651 1430 720 copulata
1475 650 1672 715 fuerat,

95 742 361 799 excellens
416 756 625 796 morum
673 740 942 811 probitate
994 748 1051 796 et
1104 742 1324 811 generis
1373 741 1673 797 nobilitate.

94 836 241 890 lianc
292 833 517 904 quidam
566 848 874 904 perversos,
927 834 1148 890 nomine
1196 825 1555 904 Berengarius
1603 834 1675 900 ⁵⁵,

97 925 273 981 multis
303 924 597 979 infestabat
629 923 865 995 injuriis,
901 933 960 978 ut
994 938 1058 980 ea
1091 925 1261 996 potita
1289 924 1540 993 conjuge,
1577 924 1677 980 do-

101 1017 322 1071 minium
353 1016 561 1088 pariter
590 1016 694 1070 sibi
725 1024 1014 1086 usurparet
1049 1017 1102 1071 in
1138 1030 1306 1087 regno
1336 1015 1674 1073 Latinorum.

99 1106 249 1173 Quod
273 1119 402 1159 cum
432 1105 770 1174 pervenisset
791 1106 860 1158 ad
885 1118 1046 1158 aures
1075 1103 1242 1159 incliti
1267 1105 1410 1175 regis
1436 1104 1676 1171 Ottonis,

100 1196 321 1250 fratrem
364 1210 521 1250 suum
560 1194 873 1249 Heinricum
909 1204 965 1250 et
1001 1210 1190 1251 omnes
1237 1196 1507 1266 principes
1538 1197 1679 1251 mili-

100 1276 207 1339 tum
237 1283 585 1350 convocavit,
626 1292 683 1340 et
714 1284 783 1339 ad
813 1283 1013 1338 bellum
1045 1298 1195 1338 arma
1222 1285 1514 1355 prteparari
1554 1284 1676 1353 jus-

101 1374 193 1438 sit,
242 1373 435 1429 dicens
482 1373 585 1430 sibi
633 1388 755 1430 esse
821 1375 1060 1429 animum
1127 1376 1403 1445 regionem
1460 1375 1679 1430 visitare

102 1465 489 1531 Romanorum,
517 1465 849 1537 superbienti
879 1467 1205 1537 llerengario
1235 1476 1293 1522 ut
1319 1469 1598 1526 resisteret
1622 1482 1679 1527 ct

101 1554 266 1609 vidua:
287 1569 566 1625 Oppressa:
595 1555 932 1611 subveniret.
969 1556 1106 1624 Quid
1134 1558 1335 1629 plura?
1362 1559 1486 1614 Rite
1516 1576 1678 1631 para-

105 1646 166 1697 tis
210 1644 419 1709 rebus,
453 1659 713 1716 prospero
760 1658 920 1702 cursu
966 1646 1019 1701 in
1064 1646 1271 1703 ltaliam
1315 1659 1681 1718 pervenerunt

1775 464 1970 527 Palidi.
2005 465 2149 535 piam
2192 474 2420 520 matrem
2460 465 2699 520 videndi.
2737 465 2850 522 Illic
2884 475 2941 523 et
2980 477 3229 525 sanctam
3254 469 3356 528 Dei

1776 566 2053 626 postremo
2085 556 2243 618 vidit,
2271 563 2438 626 atque
2474 555 2527 611 in
2567 557 2841 626 propriam
2887 559 3163 631 regionem
3190 560 3358 633 proli-

1774 647 2017 703 ciscendi
2050 647 2324 703 licentiam
2350 647 2664 719 postulavit.
2694 648 2903 722 Regina
2926 665 3057 707 vero
3081 662 3323 725 a-gtotan

1776 745 1885 793 tem
1933 739 2103 793 ﬁlium
2157 752 2346 795 secum
2394 754 2600 811 paucos
2648 739 2765 797 dies
2822 741 3083 809 retinuit,
3130 744 3360 815 ejusque

1774 829 2076 885 inﬁrmitati
2124 843 2342 885 omnem
2387 846 2577 886 curam
2625 839 2683 887 et
2727 832 3047 890 medicinam
3088 837 3357 895 adhibuit.

1773 920 2256 992 Appropinquante
2302 931 2485 977 autem
2527 923 2617 979 die
2654 937 2764 993 quo
2798 924 2957 980 abire
3000 924 3314 985 decreverat
3339 970 3357 996 ,

1773 1023 1964 1068 sancta
1999 1023 2175 1069 mater
2204 1013 2278 1068 illi
2303 1014 2535 1084 plurima
2562 1016 2834 1086 praedixit,
2859 1016 2926 1073 ac
2959 1027 3233 1088 postremo
3274 1022 3363 1079 his

1772 1103 2108 1160 salutaribus
2155 1105 2338 1160 verbis
2375 1106 2658 1163 admonuit
2702 1124 2724 1160 ι
2775 1107 2877 1165 Fili
2931 1108 3011 1165 mi
3073 1110 3364 1172 karissime

1777 1195 1971 1251 matris
2006 1205 2110 1250 tute
2138 1194 2185 1229 ⁸⁸
2219 1197 2389 1252 verba
2416 1197 2707 1269 diligenter
2734 1200 2975 1267 attende,
3002 1211 3061 1258 et
3088 1203 3363 1275 paeniten-

1779 1286 1910 1341 tiam
1945 1295 2159 1342 tuorum
2190 1302 2292 1359 age
2316 1300 2662 1360 peccatorum
2680 1330 2695 1355 ,
2728 1300 2788 1346 ut
2814 1306 2847 1346 a
2873 1292 2987 1349 Deo
3011 1299 3367 1369 consequaris

1778 1379 2015 1433 veniam.
2067 1376 2202 1433 Nam
2248 1389 2498 1435 versatur
2554 1380 2608 1436 in
2665 1382 2879 1451 dubio,
2940 1399 3200 1454 quorsum
3247 1390 3365 1446 haec

1778 1476 1987 1537 Spectet
2019 1469 2309 1539 azgritudo;
2344 1480 2403 1525 ut
2425 1471 2572 1527 enim
2600 1473 2876 1540 timemus,
2901 1484 3053 1531 tuam
3085 1479 3366 1536 desidera-

1778 1560 1940 1615 bilem
1979 1560 2171 1616 faciem
2220 1562 2360 1616 ultra
2411 1578 2520 1618 non
2566 1565 2890 1622 videbimus.
2930 1585 2951 1619 ι
2995 1566 3201 1626 Praeter
3244 1570 3365 1628 luec

1780 1664 1879 1720 per
1920 1652 2169 1722 spiritum
2215 1654 2518 1724 prophetiae
2582 1656 2754 1712 multa
2802 1658 2882 1713 illi
2924 1660 3194 1730 praedixit,
3242 1678 3366 1734 qua:

104 1742 207 1806 (an.
234 1737 391 1809 95l),
436 1746 492 1793 et
531 1738 705 1808 gratia
744 1737 840 1793 Dei
878 1752 998 1794 sors
1029 1740 1269 1794 victoria:
1298 1742 1525 1813 contigit
1562 1741 1677 1812 regi
1708 1736 1753 1797 B
1780 1752 2006 1797 eventus
2055 1745 2133 1799 rei
2196 1747 2535 1815 postmodum
2573 1749 2963 1820 comprobavit.
3009 1752 3201 1809 Postea
3242 1770 3366 1811 sese

101 1828 275 1884 Uttoni
311 1829 368 1883 iu
400 1830 798 1899 expugnatione
842 1828 1156 1901 Berengarii
1188 1831 1330 1901 regis
1370 1841 1425 1886 et
1464 1833 1519 1886 in
1560 1848 1679 1888 ere-

104 1920 274 1993 ptione
318 1921 658 1987 Adelheitlis.
708 1920 803 1977 His
853 1923 1037 1994 itaque
1086 1924 1362 1994 peractis,
1414 1939 1508 1980 rex
1556 1940 1681 1981 cum

105 2014 336 2070 exercitu
396 2029 496 2069 suo
541 2013 760 2070 Christo
803 2012 1065 2071 oll'erebat
1111 2016 1440 2072 sacriﬁcium
1478 2016 1680 2084 laudis,

109 2105 190 2173 qui
216 2104 270 2159 in
296 2105 557 2161 omnibus
586 2090 741 2162 suum
766 2107 1157 2178 adimpleverat
1184 2117 1389 2174 votum,
1418 2117 1475 2164 et
1493 2119 1684 2165 contra

108 2198 350 2254 inimicos
413 2198 819 2254 confortaverat
868 2215 1107 2255 manum.
1155 2198 1350 2256 Postea
1397 2215 1494 2255 rex
1537 2216 1684 2255 com-

108 2289 379 2344 mcudavit
438 2289 826 2359 Berengarium
893 2289 1049 2345 fratri
1100 2306 1200 2347 suo
1255 2289 1377 2348 duci
1431 2291 1686 2348 lleinrico

109 2379 515 2435 custodiendum
552 2378 690 2452 (57),
721 2380 1060 2451 praecipiens,
1110 2381 1259 2437 illum
1303 2384 1358 2437 in
1408 2385 1684 2452 regionem

110 2472 522 2543 Bajowariorum
555 2471 696 2526 mitti
724 2481 782 2527 et
830 2473 940 2528 illic
985 2474 1086 2529 sub
1133 2483 1252 2530 arta
1291 2475 1534 2530 custodia
1562 2491 1688 2531 con-

107 2564 320 2634 stringi;
356 2564 447 2618 ubi
473 2563 637 2619 etiam
662 2574 983 2635 praesentem
1007 2566 1170 2620 vitam
1196 2567 1369 2621 finivit
1395 2567 1507 2637 (an.
1534 2567 1685 2639 964).

112 2653 389 2707 l’mfatam
410 2668 540 2708 vero
565 2653 839 2710 dominam
860 2656 1213 2711 Adclhcidam
1234 2659 1476 2727 gaudens
1500 2673 1684 2714 secum

112 2741 253 2796 duxit
292 2757 396 2812 per
421 2742 669 2798 civitates
714 2743 1050 2819 Latinorum.
1085 2744 1281 2802 Videns
1312 2757 1515 2816 autem,
1546 2749 1688 2819 quod

116 2832 254 2886 mirae
284 2840 436 2886 esset
460 2834 763 2904 prudentia:
789 2844 845 2890 et
869 2818 1165 2905 probabilis
1198 2836 1339 2900 vitae,
1367 2844 1527 2893 Suum
1564 2854 1688 2894 ant-

112 2938 249 2976 mum
301 2923 451 2979 illius
501 2926 672 2982 amori
722 2925 986 2991 indulsit,
1032 2936 1089 2982 et
1130 2928 1183 2982 in
1225 2929 1534 2999 conjugiutn
1583 2931 1688 2987 sibi

112 3015 399 3084 copulavit.
455 3013 652 3071 Postea
715 3017 1054 3087 aliquantum
1114 3020 1374 3089 temporis
1428 3020 1481 3074 in
1534 3021 1687 3076 ltalia

113 3108 609 3173 commorabantur,
655 3117 711 3162 et
756 3126 863 3163 non
915 3110 1084 3164 multo
1129 3120 1251 3180 post
1308 3111 1361 3167 in
1412 3112 1686 3183 regionem

114 3192 384 3250 Saxonum
414 3197 901 3266 proficiscebantur
935 3201 1045 3271 (an.
1078 3200 1357 3273 951-952).
1389 3200 1469 3255 Illi
1505 3211 1687 3258 autem

115 3301 200 3353 per
226 3286 447 3360 longum
481 3299 693 3360 tempus
723 3293 868 3363 regni
900 3293 1095 3347 solium
1125 3295 1484 3362 possidentes,
1508 3298 1687 3365 gratia

117 3377 200 3433 Dei
234 3379 688 3436 fwcnndnbantur
706 3384 891 3438 sobole
911 3383 1099 3454 regali.
1122 3383 1305 3441 Primo
1328 3390 1692 3457 procreabant

115 3468 361 3535 puellam,
395 3471 597 3526 inclitae
618 3471 932 3528 Malttbildis
962 3474 1160 3545 regina:
1187 3475 1447 3532 vocabulo
1466 3478 1686 3544 dictam,

117 3576 265 3627 quam
313 3578 411 3616 rex
454 3560 583 3618 Otto
620 3565 897 3634 conjunxit
944 3564 1000 3618 in
1042 3564 1471 3638 Quitilingoburc
1498 3578 1691 3625 contu-

116 3650 298 3705 bernio
328 3652 825 3707 sanctimonialium
845 3652 999 3723 juxta
1030 3655 1220 3711 matris
1248 3666 1453 3712 votum.
1486 3658 1692 3716 Exinde

115 3742 404 3811 gignebant
437 3744 745 3813 puerulum,
788 3745 961 3814 patris
1000 3746 1216 3802 nomine
1255 3757 1536 3816 vocatum;
1565 3750 1691 3807 huic

114 3839 230 3896 post
252 3831 462 3886 obitum
488 3833 661 3902 patris
693 3832 785 3886 Dei
814 3834 1157 3890 ordinat-ioue
1180 3837 1429 3907 provenit
1457 3838 1692 3909 dignitas

117 3918 307 3985 regalis
346 3920 459 3989 (an.
502 3919 654 3993 955).
695 3921 1193 3995 Quotienscumque
1234 3925 1549 3982 beatissima
1592 3929 1692 3983 do-

119 4009 258 4062 mina
290 4010 557 4065 Mahtbild
583 4027 697 4067 sua:
724 4012 927 4069 sobolis
955 4024 1168 4085 partum
1200 4020 1500 4088 comperit,
1530 4020 1692 4075 Chri-

116 4105 197 4151 sto
237 4100 443 4168 gratias
487 4101 703 4166 retulit,
749 4102 904 4171 cujus
949 4105 1332 4162 misericordiae
1381 4108 1689 4178 deputavit,

119 4188 369 4258 quicquid
400 4189 504 4245 sibi
533 4191 656 4245 boni
679 4203 739 4246 et
766 4194 1056 4249 hilaritatis
1084 4197 1334 4266 contigit.

192 4279 273 4334 16.
315 4280 394 4337 De
439 4281 747 4351 inﬁrmitate
792 4294 840 4338 et
906 4286 1050 4338 obitu
1096 4285 1338 4342 Ileinrici
1373 4288 1547 4353 duris,
1591 4289 1692 4359 lilii

124 4369 450 4428 Mahtltildis.
483 4375 649 4445 igitur
678 4378 1001 4433 venerabilis
1032 4379 1213 4449 regina
1244 4381 1469 4438 multum
1502 4383 1693 4439 hilaris

119 4462 326 4531 eliecta,
354 4467 480 4538 quia
530 4468 624 4521 lilii
662 4471 753 4541 de~
777 4468 974 4525 ﬁnibus
1005 4469 1170 4527 Italiae
1195 4485 1458 4528 venerant
1492 4476 1692 4531 incolu-

125 4570 259 4622 mes,
288 4569 341 4613 et
385 4560 437 4613 in
466 4568 697 4630 utroque
724 4576 858 4617 sexu
887 4563 1032 4618 clara
1058 4579 1172 4619 sum
1199 4564 1401 4620 sobolis
1434 4567 1697 4637 multipli-

123 4650 346 4706 cabatur
410 4652 731 4725 progenies;
806 4656 901 4711 sed
966 4659 1235 4727 insperate
1296 4656 1450 4712 dolor
1508 4659 1699 4730 ingens

125 4742 337 4810 accidit,
368 4745 462 4815 qui
502 4745 606 4801 hoc
634 4747 889 4816 gaudium
933 4748 986 4802 in
1029 4762 1264 4803 maerore
1313 4751 1528 4808 penitus
1571 4766 1701 4804 cou-

122 4836 332 4901 sumsit,
378 4845 436 4892 et
481 4852 642 4907 quem
691 4838 948 4894 oblivioni
1002 4856 1106 4896 non
1154 4841 1396 4906 tradidit,
1443 4844 1698 4913 quamdiu

129 4928 367 4983 mortalis
405 4930 531 4984 vita:
570 4931 821 5001 spiritum
860 4932 1046 4986 traxit.
1094 4932 1398 4997 Heinricus,
1445 4935 1551 4988 dux
1596 4934 1701 4989 Ba-

121 5012 465 5082 juwariorum
506 5022 817 5090 praeclarus,
858 5024 1024 5079 nimia
1059 5023 1377 5126 inﬁrmitate
1419 5037 1704 5097 correptus
1803 5042 2096 5117 quicquam
2139 5012 2363 5105 cibiﬂe;
2401 5012 2790 5127 diewg'usrtavvit:

126 5119 224 5163 est.
256 5109 360 5177 Qui
393 5127 517 5167 cum
555 5116 803 5184 sentiret,
841 5116 1013 5172 morbi
1051 5114 1403 5188 gravedinem
1449 5132 1557 5173 non
1599 5122 1700 5176 mi-

1782 1834 2015 1889 invicem
2065 1838 2475 1907 amplectentes,
2529 1838 2713 1895 oscula
2778 1842 3080 1912 dederunt,
3132 1847 3365 1903 multum

1781 1923 2151 1983 lacrimantes.
2200 1928 2338 1996 Quid
2385 1929 2595 2001 plura?
2648 1931 2934 1989 lleinricus
2984 1937 3038 1990 in
3092 1940 3365 2010 regionem

1782 2014 2213 2085 Bajowariorum
2259 2022 2525 2089 perrexit,
2557 2032 2611 2078 et
2648 2024 2722 2078 ibi
2768 2041 2927 2095 quam
2964 2028 3224 2099 plurimos
3250 2031 3369 2088 dies

1785 2111 2097 2180 aegrotando
2122 2110 2413 2179 laboravit,
2445 2129 2614 2184 usque
2642 2117 2768 2172 dum
2799 2119 2910 2174 Deo
2930 2120 3158 2191 jubente
3184 2126 3368 2182 anima

1788 2200 1856 2255 de
1879 2215 2113 2270 corpore
2153 2203 2343 2269 exivit,
2375 2214 2432 2259 et
2472 2215 2531 2260 ut
2568 2218 2835 2277 speratur,
2873 2214 3108 2281 paradisi
3143 2215 3368 2284 januam

1786 2293 2032 2351 introivit
2057 2296 2169 2369 (an.
2198 2299 2321 2362 955,
2356 2297 2494 2355 Nov.
2528 2302 2597 2374 l).
2629 2304 2725 2359 llis
2751 2305 2826 2360 ita
2855 2309 3120 2378 peractis,
3149 2312 3203 2366 in
3233 2315 3370 2370 urbe

1788 2387 2087 2459 Ratispona
2139 2393 2469 2462 sepelierunt
2508 2410 2705 2466 corpus
2764 2399 2932 2455 incliti
2997 2403 3170 2459 ducis.
3216 2404 3371 2463 Tunc

1788 2481 2114 2536 venerabilis
2139 2483 2354 2536 domina
2379 2482 2549 2553 Judit,
2578 2486 2769 2543 illustri
2801 2492 2917 2546 viro
2956 2491 3114 2564 legali
3158 2497 3370 2552 vinculo

1786 2572 2099 2645 conjuncta;
2129 2574 2282 2629 misit
2314 2576 2556 2644 nuntios,
2586 2595 2748 2651 grave
2783 2586 3031 2640 nuntium
3069 2588 3171 2658 piat
3208 2592 3371 2646 matri

1792 2664 2147 2722 indicaturos.
2179 2667 2281 2735 Qui
2309 2684 2431 2725 cum
2470 2679 2620 2727 recto
2655 2688 2817 2730 cursu
2858 2676 2911 2731 in
2939 2676 3373 2750 Quitilingoburc

1793 2758 2092 2824 venissent,
2137 2772 2194 2815 et
2234 2763 2443 2818 tristem
2487 2765 2641 2821 ducis
2682 2767 2888 2823 obitum
2924 2772 3261 2843 principibus
3286 2778 3377 2832 iu-

1794 2850 2087 2915 dicassent,
2121 2867 2220 2922 per
2251 2862 2417 2908 totum
2457 2857 2599 2912 diem
2643 2864 2845 2917 omnes
2879 2862 2932 2920 in
2982 2864 3143 2923 dubio
3188 2885 3376 2927 versa-

1793 2939 2016 3009 bantur,
2039 2957 2071 2997 a
2102 2958 2212 3014 quo
2238 2955 2441 3001 sancta:
2466 2947 2560 3004 Dei
2591 2951 2707 3007 bare
2730 2952 2937 3023 placide
2971 2960 3372 3019 nuntiarentur.

1794 3031 1978 3087 Altera
2026 3047 2159 3089 vero
2197 3035 2285 3091 die
2324 3047 2611 3108 postquam
2657 3045 2878 3100 missam
2921 3050 3206 3119 audierat,
3246 3070 3373 3111 cum

2324 3096 2344 3107 _
2463 3096 2482 3108 _
2922 3096 3206 3119 --ν---.κη
3246 3096 3373 3111 νη...

1715 3096 1761 3157 C
1792 3123 2064 3195 dialogum
2099 3127 2397 3197 accepisset
2422 3132 2476 3184 in
2507 3148 2727 3190 manum
2758 3146 2811 3192 et
2846 3141 3086 3197 studiose
3114 3144 3379 3204 intendis-

1790 3224 1875 3269 set
1903 3215 2211 3309 legendum,
2240 3218 2551 3278 Richburch
2599 3240 2696 3281 sua
2728 3227 2901 3286 ﬁdelis
2937 3222 3255 3309 pedisscqua
3299 3243 3380 3297 in-

1793 3307 1975 3373 travit,
2008 3318 2063 3364 et
2090 3310 2309 3367 nuntios
2337 3313 2405 3369 de
2443 3318 2663 3387 regione
2698 3318 3119 3390 Bajowariorum
3162 3307 3379 3391 venisse

1791 3395 2077 3455 indicavit.
2110 3401 2241 3469 Qua:
2266 3407 2452 3459 statim
2480 3423 2716 3466 maerore
2745 3428 3029 3481 concussa,
3058 3425 3211 3490 quasi
3246 3427 3380 3483 mali

1790 3490 1934 3557 quod
1958 3492 2232 3549 acciderat
2255 3498 2510 3566 praescia:
2535 3518 2553 3551 ι
2570 3500 2708 3558 Jube
2731 3504 2873 3573 illos,
2888 3508 3079 3579 inquit,
3096 3518 3375 3584 accersiri,

1794 3588 1855 3635 ut
1881 3583 2277 3653 comperiamus
2326 3591 2598 3658 quomodo
2629 3608 2689 3651 se
2726 3596 2921 3653 habeat
2947 3600 3234 3663 inﬁrmitas
3284 3583 3379 3666 ﬁlii

1793 3674 1988 3728 nostri.
2009 3693 2029 3727 ι
2049 3673 2149 3741 Qui
2176 3692 2298 3731 cum
2319 3678 2542 3736 fuissent
2565 3682 2792 3754 ingressi
2807 3698 2862 3743 et
2883 3705 3065 3747 coram
3090 3694 3216 3751 data
3231 3712 3381 3757 esset

1792 3761 2115 3858 copial'audi
2136 3764 2323 3858 Vino.
2338 3767 2472 3824 1E”.
2498 3787 2539 3837 ι,
2561 3772 2709 3845 520),
2723 3779 2965 3849 reginam
2981 3783 3378 3858 salutavcrunt,

1794 3864 1850 3906 et
1881 3854 2058 3909 adhuc
2094 3856 2169 3910 nil
2202 3860 2353 3914 triste
2381 3861 2654 3919 dixerunt.
2684 3866 2778 3923 Illa
2804 3881 2985 3927 autem
3016 3876 3181 3932 multa
3211 3854 3383 3935 inter;

1792 3946 2004 4014 rogavit
2024 3961 2190 4017 super
2214 3950 2324 4005 lilio
2344 3955 2507 4009 corde
2529 3956 2784 4026 sollicito,
2809 3963 2854 4017 si
2879 3980 2937 4019 se
2960 3965 3136 4025 lenius
3157 3970 3384 4029 haberet

1795 4034 2101 4103 inﬁrmitas,
2133 4041 2217 4096 vel
2252 4049 2522 4113 quomodo
2547 4053 2687 4119 apud
2716 4053 2889 4124 ipsum
2917 4071 3170 4130 ageretur
3196 4079 3380 4123 rerum

1796 4130 2147 4199 prosperitas.
2178 4132 2366 4204 Legati
2392 4153 2520 4195 vero
2547 4142 2613 4198 de
2655 4144 2740 4201 his
2763 4161 2939 4218 pauca
2970 4156 3382 4226 respondentes,

1794 4220 2054 4289 epistolas
2079 4229 2486 4295 praesentabant
2509 4237 2817 4305 pertristes,
2847 4256 2967 4311 qua:
2996 4220 3217 4305 causam
3249 4220 3389 4309 con;

1798 4312 2064 4379 tinebant,
2112 4332 2275 4387 quam
2330 4322 2431 4392 ipsi
2480 4325 2769 4385 iudicaturi
2810 4344 3091 4392 venerant.
3148 4340 3214 4396 Ut
3255 4358 3386 4414 ergo

1729 4441 1775 4494 ο
1801 4408 2051 4474 cognovit
2086 4410 2317 4479 gloriosa
2350 4418 2538 4487 regina
2578 4436 2643 4474 cx
2684 4422 2897 4491 litteris,
2933 4428 3185 4484 dilectum
3211 4408 3385 4491 lilium

1802 4506 1962 4548 suum
1990 4512 2057 4551 ex
2088 4500 2187 4554 hac
2209 4501 2317 4556 vita
2350 4510 2636 4576 migrasse,
2665 4512 2839 4581 pallor
2864 4515 2917 4569 in
2950 4518 3088 4573 facie
3110 4525 3385 4593 apparuit,

1801 4594 1858 4640 et
1889 4587 2099 4657 gelidus
2131 4599 2334 4648 tremor
2354 4611 2454 4663 per
2475 4602 2655 4656 omnia
2687 4607 2928 4660 membra
2961 4587 3220 4675 cucurrit,
3242 4625 3298 4669 et
3321 4587 3385 4669 li?

1802 4676 1919 4741 bcr,
1957 4693 2116 4749 quem
2162 4682 2215 4736 in
2265 4686 2516 4745 manibus
2562 4694 2797 4763 tenebat,
2844 4700 3130 4757 cadentem
3179 4706 3386 4763 vultum

1803 4770 2061 4838 suscepit.
2099 4769 2233 4827 Cum
2260 4783 2440 4829 autem
2474 4781 2747 4848 paululum
2772 4784 3152 4860 refrigesceret
3182 4807 3388 4851 matro-

1802 4862 1880 4911 ris
1907 4862 2201 4929 asperitas,
2234 4867 2418 4921 statim
2453 4873 2701 4943 prorupit
2731 4874 2784 4930 in
2818 4877 3099 4944 lacrimas,
3133 4892 3190 4936 et
3219 4892 3391 4941 totum

1800 4947 1947 5005 diem
1996 4954 2172 5011 ﬂendo
2200 4958 2428 5029 peregit,
2476 4979 2577 5019 nec
2620 4979 2731 5035 pra:
2776 4968 2984 5029 doloris
3028 4972 3399 5033 amaritudine

2842 5060 3166 5119 Convocans
3210 5073 3398 5125 autem

1802 5136 2254 5196 sanetimoniales
2276 5140 2350 5196 ad
2374 5144 2662 5201 ecclesiam
2680 5187 2695 5212 ,
2726 5147 2844 5204 illas
2874 5151 3271 5209 exhortabatur
3298 5170 3402 5226 pro

1411 5247 1643 5307 VARI/ﬁ
1680 5253 2090 5329 LECTIONES.

188 5350 237 5383 ⁸⁸
259 5353 337 5409 ita
356 5356 551 5423 codex;
583 5359 681 5415 tria
714 5360 885 5419 millia
907 5361 1023 5418 Act.
1058 5362 1160 5420 SS.
1191 5372 1241 5419 et
1267 5358 1451 5416 Leibn.
1524 5362 1573 5395 ”
1598 5366 1931 5426 bernaarius
1961 5385 1983 5426 t

2089 5385 2138 5419 u
2171 5385 2366 5426 Iuliana
2397 5405 2447 5426 m
2502 5400 2518 5426 Ι
2569 5406 2607 5426 -ι
2653 5389 2723 5426 (ili
2754 5408 2783 5426 η
2834 5394 2871 5426 Ο
