3908 5426
540 244 640 300 907

1611 233 1899 292 SANCTAS
1935 231 2301 288 MATHILDIS
2340 231 2616 289 REClNzE
2659 232 2836 289 V'ITA.

3697 237 3793 293 908

540 360 793 416 defuncto
837 351 1264 411 misericordiam
1305 350 1518 408 Domini
1569 350 1891 420 implorare.
1922 356 1978 404 et
2011 347 2124 417 ipsa
2155 354 2202 411 Α
2229 343 2394 412 tibus,
2423 345 2507 400 sin
2540 354 2722 400 autem
2755 344 2928 403 abfuit
2965 345 3351 402 monasterium
3374 387 3390 413 ,
3427 347 3630 404 ceteris
3663 350 3789 403 indi-

539 452 771 520 primnm
803 445 1025 500 ﬂectens
1055 458 1250 512 genua,
1285 443 1424 498 hanc
1454 440 1756 496 orationem
1799 435 1989 492 effudit
2022 451 2122 505 pro

538 540 650 595 cari
683 539 776 594 filii
807 538 988 592 anima
1023 554 1038 590 :
1076 554 1093 587 ι
1129 533 1172 588 Ο
1201 534 1416 589 domine
1459 533 1602 587 Deus
1625 530 1989 599 omnipotens,
2023 528 2123 582 mi-

537 645 723 688 serere
771 631 964 684 animae
1014 625 1202 681 famuli
1267 624 1392 690 tui,
1442 638 1606 694 quam
1664 622 1732 676 de
1785 621 1886 675 hoc
1937 617 2122 674 seculo

537 723 772 793 migrare
806 717 1015 788 jussisti
1051 735 1065 770 :
1101 724 1392 779 memento,
1440 725 1768 783 quaesumus,
1805 711 1947 780 quod
2000 724 2122 780 per-

537 827 661 875 raro
707 809 940 878 jocunde
979 807 1133 870 vixit,
1172 814 1229 860 et
1267 817 1428 859 omne
1472 812 1684 871 tempus
1728 801 1969 855 mortalis
1999 801 2123 856 vita

537 918 673 975 pene
704 905 756 957 in
793 901 1040 971 angustia
1072 897 1300 969 peregit.
1352 915 1370 949 ι
1425 895 1553 950 Post
1604 895 1716 949 haec
1758 893 1824 948 ab
1872 893 2120 947 oratione

538 994 798 1057 surrexit,
848 1000 901 1046 et
941 991 1007 1044 ad
1035 989 1380 1058 sepulchrum
1418 986 1560 1057 regis
1590 985 1828 1041 Heinrici
1873 999 2118 1054 gressmn

539 1083 888 1138 mediocriter
916 1081 1121 1144 tendit;
1154 1094 1316 1148 super
1343 1078 1486 1148 quod
1515 1085 1674 1147 caput
1705 1076 2002 1132 inclinans.
2042 1073 2123 1127 sic

539 1174 874 1230 illacrimans
910 1172 982 1224 ait
1015 1188 1028 1224 :
1067 1187 1085 1220 ι
1125 1170 1169 1225 0
1202 1178 1385 1222 noster
1416 1168 1654 1231 domine,
1703 1181 1865 1236 quam
1915 1164 2120 1218 felicior

541 1265 695 1320 nobis
724 1262 970 1327 extitisti,
1001 1262 1093 1330 qui
1126 1263 1266 1315 banc
1297 1258 1711 1313 amaritudinem
1755 1255 1958 1310 doloris
2011 1270 2119 1309 non

537 1358 834 1427 expectasti
865 1356 916 1409 in
957 1353 1130 1409 stadio
1160 1353 1284 1406 vita:
1314 1351 1587 1406 mortalis!
1623 1349 1800 1413 Nunc,
1829 1359 1889 1402 ut
1927 1362 2118 1418 Spera-

539 1463 678 1510 mus,
731 1447 932 1514 gaudes
980 1445 1032 1498 in
1085 1443 1291 1512 requie,
1352 1457 1451 1498 nec
1495 1441 1785 1513 quicquam
1843 1453 2004 1493 curas
2052 1438 2118 1492 de

539 1547 724 1595 nostra
757 1535 1186 1607 perturbatione.
1233 1533 1494 1600 Quotiens
1531 1530 1786 1586 acerbum
1822 1530 1964 1584 diem
2015 1537 2120 1582 tute

544 1630 732 1683 mortis
764 1626 929 1682 menti
968 1626 1299 1690 induximus,
1335 1624 1437 1678 hac
1472 1621 1586 1678 sola
1631 1620 2002 1676 consolatione
2033 1631 2118 1672 re-

2223 436 2475 507 gentibus
2503 439 2620 491 htec
2649 439 2837 492 eadem
2883 439 3145 507 porrexit.
3190 437 3329 506 Quid
3369 450 3554 496 autem
3587 441 3788 507 mirum,

2221 530 2364 598 quod
2409 530 2723 585 hominibus
2768 530 2912 600 larga
2963 529 3066 584 fuit
3115 539 3170 584 et
3208 531 3476 597 benivola,
3511 548 3632 601 quat
3663 535 3787 604 galio

2220 620 2418 675 cotidie
2469 621 2839 685 ministravit,
2892 622 2984 690 qui
3047 621 3222 678 lucem
3285 623 3390 677 diei
3461 625 3675 678 nuntiat
3731 635 3780 679 et

2221 725 2466 782 quosque
2508 711 2693 768 fideles
2744 713 2809 766 ad
2863 713 3063 768 Christi
3100 714 3378 769 servitium
3422 716 3644 770 excitat.
3692 715 3783 771 Nec

2220 804 2385 857 etiam
2413 804 2578 857 oblita
2615 813 2698 858 est
2742 804 3021 860 volucrum
3050 807 3238 860 aestivo
3278 813 3522 876 tempore
3560 808 3611 860 in
3639 809 3780 862 arbo-

2227 894 2376 948 ribus
2407 896 2801 958 resonantium,
2830 897 3148 966 praecipiens
3178 897 3465 960 ministris,
3502 899 3604 951 sub
3642 899 3782 951 arbo-

2222 1001 2307 1041 res
2330 985 2596 1056 projicere
2640 989 2809 1042 micas
2850 989 3027 1058 panis,
3061 999 3118 1042 ut
3145 991 3188 1042 si
3235 991 3355 1058 quis
3398 990 3466 1043 de
3498 989 3783 1044 volucrilus

2219 1093 2381 1147 Supra
2420 1077 2769 1143 sedisset,‘in
2833 1080 3048 1132 nomine
3107 1078 3382 1134 Creatoris
3447 1080 3556 1134 illic
3615 1081 3783 1132 alimo-

2219 1169 2363 1221 niam
2411 1169 2696 1222 inveniret.
2752 1168 2920 1222 Porro
2955 1167 3283 1238 ubicumque
3323 1168 3426 1222 iter
3474 1170 3580 1238 egit
3606 1209 3620 1228 ,
3650 1168 3781 1232 juxta

2222 1271 2444 1310 currum
2531 1257 2784 1311 candelas
2839 1258 3042 1328 portari
3102 1255 3305 1323 jussit,
3373 1273 3513 1326 quas
3577 1258 3786 1324 singulis

2221 1347 2485 1401 divideret
2544 1348 2838 1413 oratoriis,
2909 1358 2966 1402 et
3032 1347 3192 1401 simul
3254 1348 3448 1412 cibos,
3503 1348 3692 1416 quibus
3741 1349 3788 1400 in

2219 1437 2418 1492 itinere
2499 1439 2784 1493 obviantes
2866 1439 3114 1493 reficeret
3191 1453 3408 1509 egenos.
3505 1439 3602 1492 Sin
3688 1454 3784 1491 au-

2221 1537 2330 1582 tem
2383 1527 2689 1583 intenderet
2745 1528 2961 1583 lectioni
3021 1527 3104 1583 vel
3155 1527 3487 1597 psalmorum
3554 1529 3787 1582 decanta-

2224 1617 2399 1679 tioni,
2453 1627 2512 1672 ut
2561 1619 2674 1688 ipsa
2729 1628 3118 1688 przetcreuntes
3172 1620 3355 1674 videre
3416 1635 3525 1672 non
3585 1631 3787 1688 posset,

537 1722 865 1791 spiravimus
889 1759 904 1786 ,
961 1718 1103 1787 quod
1150 1716 1197 1748 ⁸⁸
1255 1715 1592 1772 dilectissimi
1648 1715 1742 1769 filii
1795 1711 1965 1769 nostri
2005 1713 2113 1767 vita
2146 1708 2194 1769 B
2223 1721 2314 1764 aut
2340 1712 2381 1764 si
2409 1723 2569 1780 caput
2609 1727 2797 1768 som'.o
2830 1712 3206 1780 inclinaverat,
3236 1715 3360 1782 quia
3391 1713 3446 1767 in
3475 1714 3636 1768 bonis
3661 1716 3784 1768 acti-

537 1822 816 1884 superstes
863 1820 1008 1874 erat,
1057 1811 1148 1879 qui
1193 1824 1290 1865 ore
1331 1809 1400 1874 ⁸⁷,
1456 1807 1674 1864 nomine
1721 1815 1776 1861 et
1823 1806 2010 1860 habitu
2064 1812 2119 1860 te

539 1904 777 1959 maxime
810 1901 1074 1957 referebat
1106 1901 1207 1953 ".i
1234 1901 1290 1956 lu
1320 1899 1422 1954 bac
1451 1899 1616 1953 etiam
1641 1898 1729 1952 die
1752 1897 1940 1952 lierilia
1964 1897 2120 1966 depo-

535 1997 648 2051 Sitit.
692 1993 1034 2056 vestimenta,
1071 2006 1190 2061 quze
1242 1991 1295 2044 in
1343 1990 1604 2044 viduitate
1651 2003 1750 2058 pro
1801 1998 2120 2042 ornamento

538 2087 746 2140 habuit.
782 2084 910 2139 Post
938 2084 1142 2138 obitum
1169 2082 1313 2137 enim
1344 2081 1675 2136 memorandi
1707 2078 1848 2148 regis
1878 2076 2118 2134 lleinrici

537 2179 752 2234 assidue
782 2178 955 2232 induit
977 2177 1252 2232 coccinum
1269 2174 1379 2245 (38)
1393 2174 1554 2228 unius
1571 2171 1785 2232 coloris,
1809 2186 1915 2226 non
1943 2166 1999 2226 in
2017 2185 2118 2239 pu-

540 2271 700 2332 blico,
721 2270 814 2324 sed
851 2269 952 2323 sub
991 2267 1132 2322 lineo
1162 2265 1510 2328 vestimento,
1531 2271 1586 2317 et
1607 2278 1704 2332 pro
1724 2262 1920 2318 decore
1949 2274 2116 2316 orna-

541 2362 708 2415 menti
754 2373 878 2414 ante
925 2374 984 2413 se
1030 2357 1194 2429 gessit
1239 2371 1430 2426 parum
1473 2355 1614 2409 auri.
1647 2353 1761 2408 Hoc
1790 2362 1960 2407 totum
1990 2361 2117 2408 tunc

537 2454 803 2522 deposuit,
850 2461 903 2506 et
943 2449 1282 2522 postmodum
1319 2447 1533 2518 lugubri
1574 2457 1724 2501 veste
1763 2445 1947 2500 induta
1992 2459 2119 2514 pro-

541 2548 727 2601 cessit.
770 2545 998 2599 P05thac
1031 2544 1300 2600 neminem
1332 2541 1503 2595 voluit
1539 2539 1727 2594 audire
1757 2540 1998 2593 carmina
2037 2553 2120 2593 se-

542 2636 746 2690 cularia
795 2643 1102 2689 cantantem
1130 2673 1146 2698 ,
1193 2646 1291 2686 nec
1335 2644 1658 2700 quemquam
1697 2629 1880 2682 videre
1934 2626 2117 2679 ludum

534 2734 910 2788 exercentem,
941 2724 1035 2778 sed
1083 2731 1288 2778 tantum
1338 2721 1540 2774 audivit
1587 2728 1771 2773 sancta
1801 2717 2043 2771 carmina
2071 2722 2117 2754 "

537 2816 608 2871 de
651 2816 944 2886 evangeliis
988 2813 1072 2868 vel
1116 2813 1240 2868 aliis
1291 2810 1575 2880 scripturis
1631 2808 1803 2864 sacris
1855 2815 2064 2877 sumpta
2101 2845 2116 2870 ,

538 2920 746 2960 necnon
797 2905 848 2959 in
899 2906 1004 2960 hoc
1048 2902 1235 2958 sedulo
1274 2901 1660 2961 delectabatur,
1701 2908 1760 2953 nt
1798 2899 1864 2952 de
1892 2899 2000 2952 vita
2032 2896 2119 2952 vel

538 2998 790 3069 passione
824 3007 1133 3050 sanctorum
1185 2995 1284 3049 sibi
1336 2999 1664 3048 cantaretur.
1701 2989 1896 3044 Cetera
1933 2988 2118 3043 mundi

539 3087 934 3142 delcctamenta
965 3085 1006 3117 ⁴⁰
1043 3084 1268 3153 respuit,
1301 3091 1354 3138 et
1380 3092 1492 3136 tota
1516 3081 1558 3112 “
1592 3080 1891 3134 intentione
1935 3079 2118 3134 divino

542 3179 824 3233 famulatui
858 3187 1064 3232 tantum
1111 3177 1370 3240 intendit;
1404 3176 1571 3228 Deum
1604 3173 1646 3204 ⁶¹
1678 3172 1732 3226 in
1766 3172 2018 3226 omnibus
2064 3180 2117 3224 ct

539 3286 702 3339 super
731 3270 912 3322 omnia
945 3269 1200 3338 diligens,
1229 3277 1284 3321 et
1327 3265 1460 3320 nihil
1484 3264 1529 3296 "
1559 3263 1674 3332 ejus
1710 3262 1879 3315 amori
1913 3277 2118 3330 praipo-

542 3375 676 3415 nens
701 3359 768 3414 “.
805 3358 1155 3428 Resplenduit
1193 3358 1247 3414 in
1279 3371 1344 3412 ea
1371 3371 1562 3411 aurum
1605 3355 1857 3423 justitiae.
1906 3369 2118 3425 gemina

539 3451 946 3514 misericordia,
976 3451 1213 3522 gravitas
1241 3447 1509 3515 amabilis,
1543 3449 1799 3505 honestas
1822 3448 2116 3503 admirabi-

535 3545 627 3606 lis,
655 3559 834 3599 sermo
869 3544 1147 3598 modestus
1172 3543 1303 3598 etin
1331 3557 1429 3597 suo
1454 3552 1696 3612 tempore
1721 3555 1959 3611 congrue
1981 3555 2118 3608 pro-

543 3638 819 3693 ferendus.
837 3636 1139 3706 Numquam
1169 3635 1386 3691 reticuit
1416 3633 1670 3704 quicquid
1694 3633 1836 3702 loqui
1863 3634 2117 3688 idoneum

537 3729 656 3780 fuit.
705 3727 1032 3796 Peregrinis,
1081 3726 1259 3781 viduis
1305 3735 1360 3780 et
1409 3725 1622 3796 pupillis
1673 3733 1926 3794 praeerat,
1979 3723 2119 3778 sicut

529 3830 715 3873 “mater
746 3819 890 3873 filiis.
924 3819 978 3872 lu
1010 3817 1259 3872 omnibus
1282 3832 1402 3888 qua:
1429 3815 1594 3876 fecit.
1633 3814 1991 3885 temperantia
2030 3812 2117 3882 ju-

538 3913 702 3965 stiiim
728 3912 832 3966 sibi
862 3927 968 3966 non
993 3911 1189 3966 defuit.

613 4007 698 4059 17.
739 4004 952 4070 Quanta
998 4021 1127 4057 cura
1173 4002 1506 4057 elemosinam
1553 3999 1886 4064 impendebat
1921 3998 2114 4068 egenis.

541 4096 763 4151 tizllicile
791 4105 875 4151 cst
898 4094 1204 4150 enumerari
1239 4104 1498 4164 quantum
1545 4093 1857 4148 intendebat
1892 4105 2118 4144 venera-

541 4188 665 4241 bilis
693 4187 874 4255 regina
904 4186 1320 4241 elemosinarum
1367 4186 1625 4255 largitati.
1658 4184 1747 4238 Bis
1780 4185 1832 4238 in
1871 4184 2118 4238 die‘om-

543 4276 754 4346 nigenis
783 4277 1024 4330 ciborum
1074 4275 1282 4330 deliciis
1329 4276 1515 4344 inopes
1559 4275 1856 4340 recreavit;
1899 4275 2118 4343 insuper

541 4383 663 4420 cum
696 4365 980 4421 accederet
1001 4367 1046 4398 ⁸⁸
1076 4381 1274 4421 mensa:
1304 4367 1492 4437 regali,
1520 4368 1775 4436 praecepit
1803 4367 2115 4437 peregrinos
2141 4397 2192 4457 Β

535 4466 591 4511 et
647 4457 946 4528 indigentes
995 4459 1329 4523 convocari,
1386 4457 1732 4514 illisdevote
1786 4458 2116 4513 distribuens

537 4547 814 4613 alimenta,
858 4563 977 4617 qua:
1022 4548 1123 4603 sibi
1171 4549 1580 4618 apponebantur
1627 4549 1949 4612 lautissima,
1998 4564 2091 4603 ere

535 4641 670 4692 tiens
709 4655 767 4694 se
803 4654 1023 4709 pascere
1065 4641 1340 4695 Christum
1372 4640 1472 4695 sub
1496 4639 1675 4710 specie
1707 4656 2020 4710 pauperum.
2056 4639 2112 4695 Si

539 4730 728 4782 aderat
759 4732 1163 4794 monasterium,
1202 4733 1302 4785 tria
1329 4730 1374 4763 “
1412 4733 1750 4801 superposita
1783 4747 1979 4784 mensa:
2015 4731 2116 4786 mi-

538 4816 609 4870 sit
632 4816 848 4873 Christo
875 4819 1260 4875 famulantibus
1288 4830 1342 4876 et
1365 4821 1421 4875 in
1443 4821 1762 4892 aegritudine
1788 4820 2112 4875 decumben-

2222 1802 2322 1855 bus
2347 1812 2557 1857 noctem
2600 1804 2915 1874 pervigilem
2945 1805 3144 1859 ducere
3180 1803 3406 1864 solebat.
3432 1804 3786 1874 Ricbburgam

2221 1892 2323 1948 sibi
2341 1893 2736 1950 ministrantem
2756 1895 3222 1950 sanctimonialem
3241 1898 3497 1966 praecepit
3516 1896 3786 1967 diligenter

2219 1985 2526 2047 observare,
2551 1995 2610 2040 ut
2636 1986 2813 2041 nullus
2834 1987 3136 2056 przeteriret
3153 2003 3454 2058 pauperum
3479 1987 3788 2041 insalutatus

2218 2075 2306 2130 vel
2344 2077 2410 2132 de
2444 2078 2558 2132 suis
2613 2077 2988 2148 largitionibus
3020 2095 3126 2133 non
3173 2080 3218 2110 "
3249 2088 3556 2135 recreatus.
3586 2077 3642 2133 Si
3679 2095 3788 2133 vero

2219 2167 2309 2222 illa
2343 2169 2647 2240 negl'genle
2682 2170 2877 2239 aliquis
2918 2171 3232 2240 pertransiit
3257 2173 3532 2242 egentium
3557 2188 3662 2228 non
3685 2188 3788 2241 per-

2218 2258 2425 2327 cipiens
2454 2261 2795 2324 alimentum,
2823 2262 3005 2314 statim
3031 2273 3196 2331 caput
3233 2264 3455 2318 elevans
3494 2265 3562 2317 de
3594 2279 3786 2326 somno,

2218 2349 2374 2418 quasi
2432 2351 2624 2420 spiritu
2689 2352 2984 2422 prophetiae
3031 2353 3186 2423 plena
3216 2395 3230 2418 ,
3279 2371 3426 2424 prmo
3459 2355 3538 2423 pit
3591 2371 3787 2409 currunt

2217 2449 2362 2495 stare
2385 2451 2439 2494 et
2487 2456 2711 2510 egenum
2755 2443 2844 2512 qui
2897 2445 3186 2498 transierat
3241 2462 3524 2515 revocare,
3555 2448 3786 2516 praebens

2219 2531 2292 2585 illi
2321 2534 2520 2586 victum
2545 2550 2637 2588 seu
2654 2535 2796 2588 aliud
2817 2536 3204 2591 necessarium.
3229 2536 3357 2592 Post
3377 2539 3492 2592 haec
3510 2539 3788 2609 paullisper

2220 2634 2516 2690 commota,
2541 2627 3010 2681 sanctimonialem
3047 2629 3373 2684 salutaribus
3401 2632 3586 2686 verbis
3619 2631 3787 2684 admo-

2221 2717 2360 2782 nuit,
2387 2725 2445 2770 ut
2501 2717 2755 2788 deinceps
2799 2719 3110 2790 diligentius
3157 2721 3512 2785 observaret,
3544 2722 3786 2791 ququuid

2219 2821 2332 2863 sua:
2357 2807 2480 2862 fidei
2509 2811 2966 2865 commendasset.
2992 2809 3110 2866 Vox
3143 2814 3297 2883 egeni
3339 2829 3642 2884 numquam
3664 2815 3786 2884 apud

2218 2897 2366 2954 illam
2406 2900 2642 2955 inaniter
2682 2903 2888 2967 sonuit,
2917 2917 3019 2957 nec
3050 2903 3163 2972 ipsa
3213 2905 3374 2958 surda
3431 2905 3690 2974 pmterﬁt
3729 2904 3784 2956 ⁸³.

2223 2989 2338 3044 Non
2391 2991 2568 3046 minor
2594 3000 2714 3047 crat
2753 2993 3138 3049 misericordia:
3165 3011 3315 3060 usus,
3344 3011 3515 3066 quam
3560 2997 3625 3050 de
3651 2997 3786 3066 plebe

2145 3059 2189 3120 (ἶ
2220 3096 2546 3147 concursus;
2589 3098 2687 3139 nec
2708 3085 2931 3138 deerant
2953 3086 3044 3155 qui
3085 3059 3492 3155 peteretit,—nec
3520 3059 3784 3143 deﬁciebat

2220 3173 2365 3242 quod
2403 3174 2649 3230 donaret.
2697 3174 2757 3229 In
2790 3191 3130 3245 quacumque
3159 3179 3382 3233 civitate
3413 3180 3457 3214 "
3491 3196 3780 3234 commora-

2217 3265 2377 3320 batur
2425 3267 2622 3330 bieme,
2650 3282 2745 3336 per
2801 3275 2966 3322 totam
3022 3277 3234 3323 noctem
3303 3269 3443 3338 ignis
3489 3272 3709 3326 ardebat
3741 3272 3786 3324 in

2218 3355 2445 3426 singulis
2486 3358 2642 3412 tectis
2685 3373 2804 3428 qum
2830 3359 2900 3412 ibi
2931 3359 3165 3422 fuerant,
3195 3369 3250 3413 et
3287 3361 3518 3432 insuper
3543 3363 3644 3416 sub
3674 3378 3788 3416 aere

2217 3447 2361 3502 nudo
2389 3449 2456 3511 7°,
2488 3457 2545 3502 ut
2577 3450 2822 3519 quisquis
2858 3451 3140 3522 indigeret,
3167 3452 3276 3506 illic
3299 3468 3419 3507 sese
3453 3453 3789 3518 calefaceret,

2218 3546 2312 3593 aut
2339 3540 2585 3608 quisquis
2616 3541 2668 3594 in
2697 3541 2931 3612 caligine
2955 3543 3129 3597 noctis
3171 3554 3405 3609 erraret,
3430 3545 3552 3600 viso
3606 3546 3786 3599 lumine

2217 3645 2321 3684 non
2344 3629 2660 3686 offenderet.
2692 3631 2895 3688 Praeter
2918 3634 3246 3689 cotidianam
3269 3635 3461 3704 largita
3473 3646 3582 3691 tem
3606 3637 3787 3691 elemo-

2217 3721 2458 3776 siuarum
2502 3722 2761 3792 singulari
2808 3725 3010 3780 honore
3056 3726 3349 3781 celebravit
3403 3730 3727 3792 sabbatum,
3759 3744 3786 3780 a

2222 3813 2398 3881 prima
2454 3813 2653 3884 quippe
2706 3815 2879 3881 liora,
2909 3816 3075 3871 immo
3127 3818 3195 3870 ab
3234 3817 3345 3888 ipsa
3400 3834 3604 3874 aurora
3645 3819 3785 3880 lacis,

2215 3919 2509 3972 numquam
2533 3907 2744 3961 vacavit
2769 3909 2836 3961 ab
2863 3908 3123 3976 operibus
3147 3910 3317 3963 bonis.
3345 3910 3505 3966 Mane
3556 3912 3786 3964 balneum

2215 3997 2513 4064 prmparari
2539 3997 2722 4066 jussit,
2749 4007 2801 4051 et
2847 4014 3112 4070 pauperes
3160 4001 3588 4074 peregrinosque
3632 4003 3786 4055 lavari

2209 4086 2391 4156 jussit.
2415 4088 2720 4157 Aliquando
2763 4105 2888 4146 vero
2935 4107 3058 4145 cum
3104 4106 3162 4146 se
3202 4107 3231 4145 a
3258 4093 3440 4162 populi
3496 4093 3786 4161 frequentia

2217 4178 2468 4246 abripere
2516 4181 2712 4248 potuit,
2751 4181 2864 4250 ipsa
2915 4182 3123 4238 occulte
3165 4183 3501 4252 ingrediens,
3553 4185 3788 4238 manibus

2217 4270 2456 4339 propriis
2500 4273 2689 4329 sordes
2737 4273 2976 4329 diluebat
3027 4274 3289 4344 singulis,
3341 4285 3396 4328 et
3444 4291 3570 4346 quae
3618 4275 3788 4328 multis

2217 4360 2522 4430 imperabat
2543 4364 2748 4435 regina,
2766 4365 3093 4434 pauperibus
3104 4367 3376 4421 serviebat
3403 4367 3560 4435 quasi
3580 4366 3782 4420 ancilla.

2219 4453 2276 4507 Si
2311 4468 2439 4508 vero
2462 4454 2575 4524 ipsa
2607 4456 2862 4525 impedita
2885 4465 2969 4510 est
2991 4456 3217 4526 ingredi,
3249 4457 3585 4512 circumfusa
3623 4457 3785 4511 multi-

2217 4545 2402 4599 tudine
2445 4546 2646 4616 populi,
2680 4563 2808 4603 suas
2858 4549 3142 4604 intromisit
3173 4550 3552 4620 pedissequas,
3579 4566 3712 4620 quas
3739 4548 3785 4602 in

2216 4634 2321 4688 fide
2371 4638 2513 4706 apud
2553 4653 2611 4694 se
2649 4651 2874 4695 noverat
2918 4644 3354 4710 probatissimas,
3387 4653 3446 4696 ut
3490 4645 3784 4698 necessaria

2213 4727 2397 4795 egenis
2443 4729 2832 4799 ministrarent,
2861 4742 2920 4787 et
2958 4735 3010 4787 in
3060 4734 3177 4789 vice
3201 4735 3318 4804 ejus
3347 4733 3481 4803 ipsis
3529 4733 3788 4788 bnmilier

2216 4817 2577 4874 deservirent.
2628 4822 3044 4894 Egreuientibus
3085 4835 3265 4881 autem
3308 4827 3415 4880 illis
3470 4829 3539 4882 de
3583 4825 3786 4886 balneo,

1835 4928 2068 4984 VARUS
2102 4928 2391 4985 LECTION
2400 4929 2506 4986 ES.

602 5041 652 5076 ⁸⁸
675 5041 800 5111 quid
836 5043 886 5097 Ι.
959 5043 1004 5076 ⁸⁷
1036 5058 1168 5098 voce
1195 5044 1250 5098 2.

537 5111 671 5166 laria
703 5121 1013 5167 cantantem
1041 5114 1189 5167 addit
1220 5115 1268 5167 l.
1345 5115 1390 5146 ⁸ο
1420 5111 1816 5168 oblectamenta
1841 5114 1895 5166 2.

1327 5044 1373 5077 ⁸⁸
1394 5043 1514 5114 Ipso
1541 5044 1840 5102 subtracto.
1867 5042 1981 5111 jam
2006 5057 2126 5111 qua:
2152 5044 2313 5098 nobis
2339 5058 2462 5112 spes
2494 5054 2549 5100 et
2577 5050 2878 5104 consolatio
2897 5051 3066 5104 nisiin
3101 5053 3210 5104 Deo
3247 5050 3392 5102 addit
3425 5051 3479 5102 9..

1345 5115 1390 5146 ⁸ο
1420 5115 1816 5168 oblectamenta
1841 5114 1895 5166 2.
1976 5114 2017 5144 θι
2047 5115 2120 5166 ita
2154 5117 2392 5182 corrigo;
2428 5125 2542 5169 tuta
2576 5119 2626 5171 1.
2704 5121 2748 5151 ⁸³
2785 5121 2845 5176 υ.
2883 5135 3010 5174 vero
3049 5123 3118 5174 ab
3159 5122 3295 5182 ipsis
3327 5123 3479 5173 cnnal

3553 5048 3602 5079 "
3641 5062 3784 5101 secn-

2704 5121 2748 5151 “
2785 5121 2845 5176 υ.
2883 5135 3010 5174 vero
3049 5123 3118 5174 ab
3159 5122 3295 5188 ipsis
3327 5119 3613 5173 cunabulis
3661 5116 3784 5170 ini.

606 5183 684 5235 nil
717 5183 764 5236 1.
839 5183 884 5215 ⁸³
908 5199 958 5250 p.
989 5185 1130 5252 quod
1159 5199 1222 5259 ex
1241 5185 1609 5259 prudentibus
1633 5185 1749 5252 ejus
1777 5185 2041 5259 virtutum
2072 5183 2359 5259 praeconiis
2390 5188 2563 5259 conici
2594 5192 2811 5256 poterit.
2851 5189 2984 5243 Nam
3021 5201 3079 5243 ut
3121 5182 3309 5243 beatus
3337 5189 3636 5259 Gregorius
3672 5189 3782 5259 ait_:

542 5249 841 5330 [innuptam
870 5249 1139 5330 estnamor
1161 5249 1521 5330 Deiotiosus;
1563 5249 1820 5330 operatur
1853 5254 2001 5307 enim
2028 5249 2228 5330 magna
2265 5253 2312 5306 si
2348 5263 2466 5330 est;
2502 5257 2554 5330 si
2594 5249 2728 5312 vero
2762 5261 2972 5330 operari
3006 5262 3254 5324 rennuit,
3307 5249 3479 5313 annor'
3494 5275 3598 5312 non
3633 5254 3784 5330 est

544 5319 589 5349 “
628 5321 900 5374 accideret
933 5321 1122 5374 Erat/1.

545 5389 724 5426 Irilnlil
773 5392 917 5426 ηΑιΙῖΙ
947 5390 980 5426 0
1076 5393 1121 5426 Ι.
1166 5392 1222 5426 In
1267 5406 1606 5426 nnunnnmnnn
1651 5392 1770 5426 Innn
1804 5391 1846 5426 ἢ
1941 5391 1988 5422 το

1230 5323 1274 5354 ⁸⁸
1302 5339 1393 5377 rex
1419 5323 1471 5374 1.
1506 5335 1586 5376 ter
1609 5323 1671 5375 ι..
1726 5331 1840 5376 tres
1862 5323 2326 5390 superpositiones
2345 5323 2400 5376 2.

1267 5406 1606 5426 nnlnnnmnnn
1651 5392 1770 5426 ιηηη
1804 5391 1846 5426 q
1941 5391 1988 5422 ro
2026 5391 2126 5426 cnh
2172 5392 2296 5426 {Nam
2339 5389 2374 5426 ο

2026 5405 2126 5426 cun
2172 5405 2296 5426 nuun
2339 5405 2374 5426 η
2449 5405 2454 5409 “

2497 5325 2540 5356 ⁸⁷
2573 5332 2712 5381 deest
2750 5324 2814 5383 ι’
2875 5330 2920 5362 ⁸⁸
2964 5330 3058 5383 sed
3109 5333 3160 5385 ei
3202 5345 3433 5400 quaeque
3486 5324 3785 5382 necessaria
