3908 5426
143 300 249 358 909

1180 290 1476 348 ΞΑΝΕΤΒ
1516 281 1887 342 MATHILDZS
1925 282 2201 338 REGINE
2244 281 2421 338 \‘l'l‘A.

3309 279 3411 334 910

142 435 334 479 attines
362 416 670 489 cubiculum
718 411 1035 475 introduxit,
1064 410 1431 465 esurientibus
1458 406 1593 463 dans
1630 402 1730 455 ali-
1757 401 1809 460 Α
1838 397 2043 468 integer
2077 401 2325 467 pervenit
2363 401 2415 454 in
2447 400 2725 471 cujusdam
2772 397 3028 470 pauperis
3083 395 3295 460 sinum,
3319 397 3409 449 cui

146 521 328 565 tinenta
376 518 433 563 et
488 507 644 560 nudis
700 503 1061 562 vestimenta;
1119 500 1247 568 quia
1294 514 1397 551 non
1445 492 1728 554 dubitavit,

144 601 391 656 membra
414 598 614 653 Christi
634 596 737 666 tegi
761 593 860 649 sub
885 592 1073 660 largita
1096 599 1243 644 veste
1266 588 1429 657 inopi.
1460 585 1733 639 Laboran-

144 695 293 748 tibus
324 700 509 745 autem
542 689 594 742 in
631 686 966 748 inﬁrmitate,
994 682 1087 753 qui
1132 683 1198 736 ad
1229 695 1287 735 se
1327 694 1432 731 nun
1482 683 1737 744 poterant

142 784 358 845 venire,
401 781 549 835 misit
574 792 729 848 poma
757 786 812 831 et
837 791 957 845 qua:
981 775 1123 829 inter
1156 772 1365 841 regales
1403 769 1554 823 cibos
1582 768 1631 820 vi
1654 770 1732 820 lc-

142 875 344 927 bantur
371 873 609 942 optima;
648 878 702 923 et
732 884 875 938 sepe
914 865 1113 921 accidit
1158 864 1331 934 gratia
1388 861 1504 923 Dei,
1537 869 1595 912 ut
1641 857 1732 928 qui

142 964 289 1019 infra
326 966 515 1019 decem
544 962 658 1015 dies
682 960 754 1014 nil
780 966 1095 1030 gustaverat
1118 956 1249 1019 cibi,
1275 970 1369 1025 per
1399 953 1517 1023 ejus
1542 952 1734 1005 riterita

144 1057 459 1126 perciperet
490 1050 843 1109 refectionem
871 1051 1076 1121 pariter
1118 1055 1174 1102 et
1214 1047 1464 1101 salutem.
1500 1043 1609 1099 Nec
1634 1043 1735 1097 hoc

145 1148 423 1202 silendum
459 1159 582 1199 esse
606 1157 825 1205 censeo,
864 1156 1032 1212 quare
1069 1140 1163 1194 tali
1194 1137 1498 1193 reverentia
1550 1150 1713 1188 cusm

145 1241 291 1293 diret
313 1238 624 1293 sabbatum.
650 1234 833 1288 Primo
867 1233 1084 1303 quidem
1112 1240 1333 1300 propter
1360 1227 1595 1296 vigiliam
1645 1227 1735 1276 do-

148 1329 371 1384 minica
426 1326 867 1388 resurrectionis,
900 1339 1018 1394 quae
1052 1324 1105 1377 in
1152 1323 1258 1375 hac
1287 1320 1373 1373 die
1429 1318 1738 1373 celebratur

150 1439 251 1492 per
278 1422 546 1476 circulum
596 1418 772 1482 orbis;
824 1416 1015 1471 dehinc
1054 1415 1180 1485 quia
1228 1411 1520 1466 venerandi
1574 1408 1733 1473 regis.

152 1514 396 1569 Heinrici
439 1513 617 1566 anima
644 1512 696 1564 in
728 1509 916 1564 eadem
946 1508 1033 1562 die
1061 1506 1127 1561 de
1157 1519 1383 1574 corpore
1424 1504 1598 1558 soluta
1630 1511 1734 1565 est,

152 1615 229 1668 et,
253 1616 311 1658 ut
335 1614 613 1673 speratur,
633 1600 867 1672 paradisi
890 1598 1109 1671 januam
1138 1607 1221 1653 est
1248 1599 1516 1669 ingressa.
1540 1595 1740 1662 Quam-

156 1698 247 1751 diu
279 1711 414 1766 ergo
459 1705 644 1749 sancta
683 1694 776 1748 Dei
810 1693 969 1758 vixit,
994 1691 1234 1747 studiose
1287 1689 1598 1744 observavit
1657 1687 1737 1741 in-

153 1789 273 1843 cliti
304 1789 454 1856 regis
478 1798 762 1851 octavum,
794 1785 1127 1839 tricesimum
1155 1791 1210 1837 ct
1255 1781 1395 1836 diem
1432 1780 1717 1834 anniversa

154 1883 325 1935 rium.
356 1878 546 1933 Nullus
590 1879 755 1932 etiam
800 1876 1029 1939 dubitet,
1061 1876 1189 1944 quin
1231 1875 1349 1944 ejus
1397 1874 1536 1928 bona
1580 1887 1745 1941 opera

155 1973 497 2042 placuissent
534 1972 667 2035 Deo,
692 1986 815 2037 qute
849 1978 994 2022 tanta
1016 1966 1301 2021 devotione
1334 1966 1663 2035 operabatur
1694 1964 1747 2017 in

158 2064 424 2127 sabbato;
450 2079 574 2116 nam
602 2064 717 2131 ipsa
745 2058 961 2130 quoque
991 2056 1179 2113 eadem
1210 2058 1297 2111 die
1331 2057 1397 2111 de
1423 2057 1526 2111 hoc
1567 2057 1750 2111 seculo

164 2156 449 2223 migravit,
471 2166 525 2209 et
548 2154 611 2208 de
642 2153 828 2207 labore
859 2152 926 2206 ad
960 2150 1199 2220 requiem
1233 2149 1501 2217 pervenit.

232 2246 321 2300 18.
365 2246 503 2311 Quia
537 2260 802 2314 nunquam
821 2244 932 2297 ocio
962 2241 1274 2304 indulserit;
1301 2250 1348 2295 et
1374 2242 1439 2293 de
1460 2256 1595 2308 parte
1618 2256 1752 2309 pan-

160 2340 273 2407 peri
302 2338 367 2390 de
394 2346 565 2390 monte
586 2334 836 2405 projecto.
861 2334 900 2389 F
903 2334 1032 2387 estis
1052 2332 1471 2402 diebus,quibus
1500 2347 1605 2384 non
1633 2332 1755 2385 lici-

167 2439 284 2483 tum
330 2440 411 2483 est
439 2429 689 2482 insistere
717 2441 970 2482 manuum
1000 2424 1274 2493 operibus,
1299 2424 1412 2493 ipsa
1438 2423 1567 2493 legit
1593 2424 1639 2455 “
1671 2424 1752 2475 Vcl

165 2519 473 2590 legentibus
516 2535 699 2574 aurem
744 2516 1195 2579 accommodavit,
1225 2524 1280 2571 et
1313 2514 1571 2584 quidquid
1600 2529 1753 2568 sacra

166 2612 452 2681 Scriptura
494 2610 785 2681 praecepit,
864 2608 1180 2662 memoriter
1240 2606 1431 2661 tenuit.
1515 2606 1757 2661 Cotidia-

170 2705 260 2758 εἰς
284 2718 416 2757 vere
449 2701 638 2759 diebus
682 2701 991 2772 psalmodiae
1020 2707 1075 2755 et
1103 2698 1297 2753 divinae
1341 2696 1556 2753 lectioni
1591 2693 1759 2754 iuba:-

173 2796 355 2858 rehat,
396 2809 495 2849 nec
548 2793 723 2848 minus
758 2806 1012 2847 manuum
1053 2791 1352 2861 operationi
1396 2791 1648 2846 instabat.
1700 2790 1758 2846 Si

172 2885 393 2955 quando
421 2894 599 2940 autem
630 2884 1023 2954 impediebatur
1046 2883 1258 2937 diverso
1278 2883 1595 2951 populorum
1643 2899 1761 2939 ser-

174 2994 360 3043 mone,
385 2977 547 3032 solito
575 2992 725 3032 more
749 2976 916 3031 divini
964 2976 1145 3045 operis
1187 2975 1423 3029 studium
1458 2976 1756 3041 celebrare,

1837 489 1986 543 illum
2037 491 2353 546 decreverat
2398 493 2652 557 dandum,
2700 508 2883 545 coram
2929 499 3140 544 astante
3178 488 3415 557 plurima

1837 581 2190 635 multitudine
2216 582 2418 652 populi,
2449 583 2538 652 qui
2560 582 2799 651 ejusdem
2825 591 2990 635 testes
3017 578 3232 634 fuerant
3255 579 3419 631 mira-

1836 672 1962 725 culi.
1991 672 2073 726 Ad
2102 673 2217 727 haec
2263 674 2574 728 beatissima
2612 675 2793 745 regina
2824 672 3043 731 Christo
3074 671 3276 742 gratias
3320 671 3421 724 hu-

1837 763 2035 818 militer
2062 766 2190 836 egit,
2215 766 2370 835 cujus
2398 781 2619 820 munere
2656 775 2710 819 et
2738 766 2934 819 virtute
2959 765 3012 819 id
3036 773 3259 818 noverat
3284 778 3414 817 eve-

1838 856 2005 909 nisse.
2058 854 2162 911 Scd
2192 866 2247 913 et
2278 858 2385 913 alio
2407 857 2761 913 nihilominus
2793 858 2845 912 in
2882 857 3073 913 eadem
3121 858 3339 912 civitate
3372 856 3421 887 "

1836 958 1922 1002 est
1945 948 2219 1004 declarata
2246 950 2530 1006 miraculo.

1913 1061 1995 1117 i9.
2036 1062 2111 1118 De
2159 1080 2349 1129 cerva,
2378 1080 2497 1135 ante
2541 1063 2829 1133 ampullam
2887 1065 3244 1120 devoraverat.
3304 1063 3420 1119 Mos

1837 1154 2036 1222 quippe
2081 1152 2260 1209 fuerat
2284 1165 2489 1211 sancta:
2511 1157 2767 1221 dontinm,
2800 1159 3001 1216 cotidie
3024 1146 3297 1213 sacerdoti
3351 1155 3418 1209 ad

1840 1245 2059 1298 missam
2090 1256 2421 1313 prtusenlare
2474 1242 2808 1305 oblationem
2868 1252 3027 1319 panis
3066 1248 3261 1303 etvini
3321 1262 3423 1317 pro

1838 1336 2016 1390 salute
2061 1347 2117 1393 et
2154 1338 2390 1393 utilitate
2433 1341 2594 1395 totius
2622 1350 2825 1395 sanctae
2872 1341 3138 1396 ecclesiae.
3181 1340 3429 1405 Quadam

1838 1440 1971 1497 ergo
2002 1429 2109 1493 die,
2143 1430 2295 1485 ﬁnita
2354 1431 2544 1496 missa,
2576 1448 2682 1486 una
2740 1447 2905 1487 aurea
2935 1432 3173 1501 ampulla
3210 1432 3434 1495 incaute

1839 1530 1924 1576 est
1948 1522 2183 1591 perdita,
2213 1524 2267 1577 in
2310 1538 2417 1594 qua
2447 1532 2635 1578 sancta
2658 1522 2752 1579 Dei
2784 1524 2852 1578 ad
2883 1523 3212 1580 sacriﬁcium
3243 1523 3431 1576 vinum

1838 1616 2133 1671 obtulerat.
2160 1616 2436 1671 Bichburc
2483 1626 2664 1670 autem
2714 1616 3034 1686 pedissequa
3058 1616 3261 1682 ejusct
3308 1613 3431 1668 alim

1846 1706 1948 1762 sibi
1980 1707 2373 1769 ministrantes,
2399 1707 2569 1762 nimio
2598 1707 2790 1763 timore
2816 1716 3203 1777 coangustatae,
3228 1705 3433 1774 ubique

1844 1799 2215 1868 requirebant,
2235 1809 2291 1853 et
2313 1799 2555 1853 invenire
2576 1814 2685 1854 non
2714 1808 2985 1867 poterant.
3015 1798 3273 1867 Sequenti
3304 1811 3433 1850 vom

1847 1890 1934 1948 die
1961 1904 2084 1943 eum
2126 1897 2439 1944 cantaretur
2467 1889 2658 1955 missa,
2705 1887 2908 1943 Christi
2957 1886 3156 1940 famula
3216 1884 3434 1941 solitam

1850 1980 2167 2053 reposcebat
2191 1978 2483 2049 ampullam
2516 1992 2545 2031 a
2572 1977 2965 2032 sanctimoniali
2998 1976 3285 2046 praedicta;
3314 1988 3436 2042 quin

1849 2069 2070 2142 perfusa
2101 2069 2296 2125 rubore
2318 2069 2475 2135 dixit,
2500 2069 2643 2122 furto
2682 2081 2801 2122 ese
2832 2066 3122 2124 sublatam.
3146 2064 3274 2121 Post
3298 2064 3436 2117 mis-

1851 2176 1970 2217 sam
1997 2161 2181 2230 regina
2207 2159 2496 2214 ecclesiam
2541 2174 2759 2228 egressa
2792 2168 2899 2224 est,
2929 2156 3223 2227 pannulum
3280 2170 3434 2210 com-

1854 2262 2028 2316 mota;
2057 2252 2349 2320 statimque
2369 2250 2581 2304 obviam
2603 2250 2791 2304 habuit
2810 2248 3096 2318 quamdam
3115 2246 3439 2301 cervulam“

1856 2344 1994 2398 infra
2025 2343 2259 2397 claustra
2300 2342 2614 2396 monasterii
2645 2341 2936 2395 edomitam
2963 2356 2977 2404 ;
3010 2355 3170 2408 quam
3192 2348 3254 2392 ut
3276 2338 3440 2400 vidit,

1855 2432 2050 2487 blando
2076 2438 2207 2485 nutu
2233 2430 2300 2483 ad
2331 2444 2389 2484 se
2403 2429 2638 2494 vocavit,
2656 2426 2912 2496 adjurans
2933 2442 3031 2496 per
3055 2440 3255 2482 nomen
3285 2424 3442 2480 Chri-

1854 2523 1951 2588 sti,
1984 2530 2042 2576 ιιι
2089 2520 2189 2575 sibi
2222 2535 2315 2574 vas
2363 2521 2635 2585 redderet,
2668 2518 2812 2589 quod
2863 2518 3199 2573 devorasset.
3250 2514 3439 2570 Bestia

1858 2624 2035 2668 autem
2066 2613 2252 2667 virtuti
2298 2612 2614 2682 imperantis
2638 2612 2918 2675 obediens.
2949 2609 3095 2665 dicto
3124 2608 3285 2664 citius
3315 2623 3437 2662 am-

1857 2702 2055 2773 pullam
2084 2702 2345 2765 evomuit,
2368 2702 2506 2756 baud
2551 2701 2822 2755 immerito
2850 2698 2995 2754 illius
3024 2712 3295 2769 praecepto
3343 2712 3446 2766 pa-

1860 2802 2007 2857 rens,
2028 2807 2147 2861 quae
2165 2790 2280 2844 Deo
2305 2804 2520 2858 semper
2545 2788 2644 2841 fuit
2670 2788 2951 2843 obediens.
2976 2786 3177 2842 Omnes
3196 2787 3287 2855 qui
3316 2786 3465 2840 ade-.

1860 2892 1985 2937 rant
2023 2882 2133 2936 Deo
2195 2879 2398 2949 gratias
2455 2878 2710 2947 agebant,
2744 2878 2869 2945 quia
2930 2876 3115 2945 regina
3165 2876 3233 2930 de
3280 2876 3443 2930 bruto

1862 2970 2081 3026 animali
2127 2985 2220 3024 vas
2251 2969 2475 3023 illaesum
2518 2967 2739 3036 recepit,
2772 2966 2912 3035 quod
2941 2979 3042 3020 nec
3071 2965 3185 3037 ipsa
3217 2963 3451 3020 devora-

174 3069 313 3123 hora
352 3069 543 3123 saltem
596 3068 913 3123 refectinnis
964 3078 1113 3121 stans
1157 3074 1282 3120 ante
1327 3082 1592 3133 mensam,
1626 3067 1755 3121 nihil
1787 3077 1832 3141 ο
1865 3075 1975 3118 ιιιιη
1999 3063 2232 3129 viderat,
2258 3076 2359 3116 nec
2380 3061 2448 3116 ab
2484 3060 2675 3130 aliquo
2711 3060 2978 3115 audierat.

175 3161 284 3214 cibi
317 3161 570 3228 gustavit,
603 3161 913 3229 priusquam
938 3157 1141 3228 aliquid
1166 3158 1347 3227 operis
1377 3156 1596 3223 faceret,
1629 3160 1758 3215 illud

174 3266 287 3305 non
317 3252 639 3307 ubliviscens
656 3251 798 3319 quod
820 3249 1248 3320 dicitApostoius
1275 3266 1289 3302 :
1320 3249 1423 3314 Qui
1450 3267 1553 3304 non
1577 3268 1760 3320 opera-

179 3353 291 3408 tur,
321 3360 412 3397 nec
438 3344 709 3397 manducet
742 3341 826 3411 (Il
862 3340 1012 3396 Thes.
1057 3357 1138 3405 ιιι,
1172 3340 1282 3410 10).
1307 3341 1601 3396 Clementia
1632 3358 1761 3398 vero

182 3433 279 3487 Dei
309 3432 696 3501 onmipotentis
726 3432 978 3487 meritum
1000 3432 1326 3486 venerabilis
1351 3432 1547 3501 reginae
1573 3434 1761 3489 nolens

184 3525 392 3579 diutius
437 3523 623 3586 latere,
664 3539 764 3594 per
823 3524 967 3578 illam
1018 3523 1345 3593 cperabatur
1394 3524 1679 3589 miracula,
1706 3535 1763 3579 ut

189 3616 396 3686 liquido
408 3614 620 3670 cunctis
647 3616 1028 3678 innotesceret,
1056 3625 1315 3684 quantum
1337 3617 1437 3671 sibi
1459 3618 1763 3685 obsequen-

181 3710 256 3761 tis
287 3708 393 3760 vita
449 3708 704 3775 placeret.
758 3706 893 3760 Nam
949 3707 1076 3761 dum
1130 3709 1362 3775 quodam
1415 3691 1661 3777 tempoI‘e
1706 3708 1761 3762 in

190 3800 626 3869 Quitilingoburc
665 3799 1095 3853 anniversarium
1145 3799 1286 3854 diem
1334 3799 1481 3870 regis
1523 3800 1763 3854 Heinrici

188 3904 398 3957 magno
432 3897 690 3958 apparatu
725 3888 1044 3954 celebraret,
1073 3897 1132 3941 ut
1154 3903 1368 3957 semper
1390 3898 1762 3953 consueverat,

191 3992 345 4035 tanta
393 3981 650 4036 conﬂuxit
680 3981 965 4035 multitudo
1022 3972 1339 4050 pauperum,
1373 3991 1432 4034 ut
1460 3981 1607 4034 nullo
1640 3996 1767 4049 pos-

190 4081 318 4127 sent
342 4073 719 4141 comprehendi
749 4087 989 4126 numero.
1018 4071 1223 4139 Regina
1247 4086 1379 4125 vero
1429 4070 1640 4125 illorum
1676 4072 1768 4124 ad-

192 4170 359 4217 ventu
415 4161 603 4217 hilaris
648 4160 860 4224 eii‘ecta,
889 4161 1146 4229 praecepit
1204 4160 1467 4228 quosdam
1511 4160 1767 4214 collocari

192 4254 251 4307 in
285 4254 570 4308 cacumine
609 4252 825 4315 montis,
873 4260 928 4305 et
958 4260 1169 4305 ceteros
1198 4251 1251 4305 in
1299 4250 1407 4306 imo
1452 4251 1631 4315 vallis,
1656 4253 1769 4322 ipsa

199 4345 516 4398 ministrans
543 4343 595 4397 in
630 4353 811 4398 monte
857 4342 1199 4397 vementibus
1223 4383 1238 4406 ,
1268 4342 1403 4396 alios
1451 4357 1579 4397 vero
1622 4359 1771 4398 com-

201 4437 465 4490 tnendans
485 4434 963 4502 dispensatoribus.
986 4434 1117 4487 Cum
1146 4444 1324 4487 autem
1349 4449 1537 4488 omnes
1568 4434 1772 4503 rrgales

197 4528 347 4581 cibos
379 4527 751 4594 impendissct,
776 4534 831 4579 et
856 4525 1003 4593 larga
1028 4540 1187 4578 manu
1211 4539 1438 4592 quasque
1463 4526 1769 4578 necessaria

200 4619 579 4674 habundanter
615 4616 1196 4678 ministrasset,adhuc
1244 4625 1443 4671 tortum
1488 4632 1679 4685 panem
1726 4618 1772 4648 ²¹

202 4727 306 4766 non
335 4719 710 4780 perceperant,
739 4708 830 4777 qui
870 4709 922 4760 in
954 4706 1087 4761 valle
1121 4704 1402 4761 sedebant.
1442 4707 1602 4760 Stans
1647 4723 1776 4777 ergo

206 4803 290 4855 illa
322 4816 487 4871 supra
525 4801 724 4854 montis
770 4798 1046 4861 verticem,
1077 4797 1255 4851 subito
1293 4798 1523 4865 arripuit
1555 4815 1774 4868 panem,

206 4910 364 4962 super
384 4908 548 4962 quem
570 4892 779 4961 signum
813 4891 992 4945 crucis
1024 4890 1325 4956 imponens.
1354 4889 1599 4943 invocato
1623 4891 1780 4945 Chri-

209 4988 270 5039 sti
299 4986 545 5047 nomine,
574 4982 800 5054 projecit
831 4982 898 5036 ab
938 4980 1045 5034 allo
1072 4980 1386 5044 cacumine;
1419 4981 1511 5047 qui
1569 4982 1782 5036 volutus

209 5084 272 5130 de
299 5077 419 5132 loco
449 5076 502 5128 in
533 5073 731 5138 locum,
750 5074 892 5127 inter
904 5071 1200 5127 densitates
1224 5084 1477 5124 saxorum
1500 5078 1555 5124 et
1573 5074 1779 5143 sepium

1925 3174 2016 3229 20.
2057 3174 2134 3228 De
2157 3174 2423 3244 prophetia
2446 3182 2639 3227 sancire
2664 3171 2779 3226 Dei.
2812 3170 2927 3226 Non
2950 3170 3113 3227 etiam
3142 3170 3439 3241 prophetia

1861 3266 2005 3333 dono
2030 3266 2230 3330 caruit,
2256 3280 2376 3334 qute
2401 3266 2677 3332 signorum
2717 3263 2955 3319 emcacia
3013 3262 3229 3318 enituit.
3262 3262 3441 3332 Rega-

1862 3355 1929 3412 lis
1957 3357 2242 3426 progenies
2264 3357 2495 3426 quodam
2532 3366 2773 3425 tempore
2816 3357 2868 3410 in
2908 3355 3079 3409 Fraso
3104 3353 3215 3425 (59,-
3242 3368 3447 3408 conve-

1863 3448 2043 3510 niens,
2071 3446 2273 3515 pariter
2314 3456 2578 3500 venerunt
2605 3447 2813 3514 regales
2861 3446 3040 3513 pueri,
3075 3445 3308 3498 ﬁliorum
3338 3445 3450 3499 sci-

1866 3534 1994 3588 licet
2021 3534 2137 3596 ﬁlii,
2166 3532 2292 3589 Otto
2344 3549 2480 3602 puer
2525 3534 2668 3589 filius
2716 3534 2931 3590 Ottonis
2980 3534 3345 3603 imperatoris,
3391 3545 3450 3587 et

1866 3623 2153 3677 lleinricus
2196 3632 2357 3678 natus
2404 3622 2638 3677 lleinrici
2693 3625 2848 3677 ducis
2894 3623 3350 3693 Bajovvariorum;
3394 3630 3453 3675 et

1869 3715 2010 3768 sicut
2039 3712 2362 3766 venerabilis
2394 3714 2580 3782 regina
2623 3712 2766 3766 hunc
2791 3728 2901 3782 pm
2922 3714 3116 3767 ceteris
3160 3712 3275 3766 suis
3303 3711 3452 3765 natis

1866 3803 2149 3867 dilexerat,
2178 3804 2248 3856 ita
2274 3812 2329 3856 et
2351 3803 2518 3857 filium
2549 3803 2663 3872 ejus
2695 3803 3029 3866 Heinricum,‘
3064 3818 3220 3856 suum
3252 3817 3453 3870 parvu-

1870 3892 1976 3945 lum
2013 3901 2285 3960 nepotem,
2327 3891 2447 3945 aliis
2484 3891 2769 3960 nepotibus
2805 3891 2865 3946 in
2898 3905 3081 3945 amore
3128 3889 3446 3959 praeposuit.

1870 3983 2101 4036 Sedente
2123 3983 2284 4050 igitur
2306 3980 2601 4035 Mahthilda
2624 3980 2918 4036 venerabili
2940 3981 3008 4033 ad
3031 3981 3218 4050 epulas
3247 3979 3449 4050 regalis

1869 4092 2069 4130 mensa:
2117 4084 2172 4128 et
2232 4090 2415 4129 secum
2460 4074 2755 4129 Adelhetda
2778 4073 2823 4111 ⁷⁵
2855 4072 3063 4144 regina,
3092 4088 3278 4127 coram
3304 4082 3455 4126 asta-

1869 4170 1999 4223 bant
2041 4169 2189 4237 pueri
2220 4168 2470 4237 jocantes
2515 4165 2641 4220 ludo
2670 4164 2923 4219 infantili.
2964 4163 3119 4219 Tunc
3163 4162 3450 4218 Heinricns

1873 4275 2072 4316 mensa:
2102 4260 2333 4314 accessit
2359 4258 2599 4327 propior,
2634 4255 2725 4325 qui
2750 4265 2954 4310 sancta:
2984 4252 3078 4307 Dei
3127 4252 3225 4307 fuit
3253 4253 3454 4315 carior,

1873 4351 2143 4421 egregiam
2164 4349 2337 4402 aviam
2365 4348 2652 4417 diligenter
2674 4346 2913 4407 intuens,
2937 4358 3001 4398 ac
3024 4342 3365 4397 familiariter
3395 4355 3458 4395 se

1879 4443 2159 4497 reclinavit
2194 4441 2244 4493 in
2270 4440 2387 4506 ejus
2416 4438 2705 4507 gremium,
2736 4445 3008 4504 tamquam
3034 4435 3105 4489 ab
3149 4448 3212 4489 ea
3250 4433 3458 4487 deside-

1876 4551 2007 4590 rans
2043 4532 2309 4587 osculum.
2343 4530 2514 4594 Quem
2568 4526 2892 4582 venerabilis
2936 4524 3118 4591 regina
3177 4533 3460 4591 gratanter

1878 4625 2136 4691 suscrpil,
2175 4632 2230 4675 et
2278 4619 2610 4686 amplectens
2634 4617 2781 4669 illum
2814 4615 3077 4679 brachiis,
3102 4614 3180 4667 sic
3205 4612 3283 4665 ait
3310 4628 3325 4666 :
3358 4628 3377 4662 ‹
3413 4610 3459 4665 0

1877 4715 2093 4767 domine
2117 4712 2257 4763 Deus
2279 4711 2636 4774 omnipotens,
2667 4704 2872 4775 gratias
2903 4714 3007 4757 tute
3034 4702 3225 4771 pietati
3272 4700 3462 4754 referi-

1879 4820 1997 4857 nms
2025 4814 2080 4856 et
2102 4801 2304 4862 laudes,
2334 4798 2423 4867 qui
2456 4798 2599 4851 hunc
2634 4810 2861 4865 parvum
2898 4805 3149 4864 nepotem
3182 4791 3338 4845 nobis
3366 4807 3455 4843 re-

1887 4892 2117 4947 servasti
2165 4888 2512 4951 incolumem,
2547 4885 2703 4955 cujus
2727 4892 2934 4953 patrem
2963 4894 3083 4938 atra
3109 4880 3224 4936 dies
3275 4880 3470 4934 morzis

1888 4984 2126 5038 abstulit.
2156 4980 2262 5034 Sed
2290 4976 2499 5048 gratias
2549 4978 2672 5042 tibi,
2702 4975 2792 5045 qui
2833 4974 2936 5029 hoc
2960 4987 3158 5031 nomen
3189 4971 3255 5025 de
3285 4981 3475 5028 nostra

1892 5074 2241 5146 generatione
2268 5069 2448 5126 delere
2477 5069 2718 5127 noluisti.
2750 5064 2905 5121 Hunc
2925 5067 3106 5130 nobis,
3138 5074 3485 5131 quaesumuS,

1497 5201 1728 5261 VARUE
1772 5205 2176 5265 LECTIONES.
