3908 5426
446 305 542 360 9H

1491 301 1785 359 SANC'I‘IE
1825 297 2193 354 MATIIILDIS
2235 295 2512 355 REGINJJ
2551 300 2724 358 VlTA.
3623 308 3715 362 9i!

439 418 647 472 5alvum
688 433 926 484 reserva,
957 419 1212 490 quamdiu
1253 419 1385 477 velis
1428 421 1643 476 mortali
1683 435 1782 476 nos
1836 427 2020 472 tenere
2056 423 2101 478 Α
2138 415 2366 471 virtutes
2417 419 2615 488 regium
2664 415 2969 473 Mahlhildis
2994 458 3008 479 ,
3049 417 3194 472 mira
3245 418 3504 489 opinione
3554 420 3718 477 laudis

439 511 489 563 in
515 511 648 574 vita,
680 520 738 564 ut
769 520 1014 565 nostrum
1040 511 1327 566 amabilem
1360 511 1530 566 lilium
1565 510 1877 566 Heinricum
1925 526 2022 581 per

439 618 630 657 nomen
662 602 854 657 saltem
897 604 1140 660 imitetur
1167 613 1219 659 et
1250 621 1457 659 vocem.
1489 622 1506 656 ι
1545 604 1698 659 'l‘uuc
1720 613 1772 659 et
1801 619 2023 658 venera~

434 695 558 748 bilis
589 695 770 763 regina
801 695 1050 751 Adelheit
1075 697 1154 754 sic
1181 699 1254 751 ait
1283 715 1295 750 :
1332 716 1349 750 ι
1389 696 1562 764 Quam
1595 695 1917 766 exoptabilis
1937 704 2022 750 est

435 784 594 852 hujus
625 787 774 855 pueri
793 798 1065 857 aspectus,
1089 797 1142 842 et
1173 804 1334 858 quam
1357 789 1585 843 decorus
1609 788 1673 841 ad
1703 787 2016 842 intuendum

435 877 641 930 vultus!
675 875 774 932 Ubi
799 892 926 946 ergo
963 877 1273 932 invenietur
1316 877 1489 946 virgo,
1512 892 1631 945 quae
1656 876 1704 930 ei
1731 876 2020 930 conveniat

437 965 608 1021 forma
664 975 722 1022 et
771 967 1019 1037 ingenio?
1042 966 1151 1022 Nos
1195 976 1375 1021 natam
1407 967 1667 1020 habemus
1715 966 2017 1036 parvulam,

428 1057 656 1111 nomine
688 1056 969 1111 llemmam
995 1058 1138 1128 (40);
1171 1059 1311 1113 hanc
1340 1059 1412 1112 illi
1439 1073 1801 1122 reservemus,
1831 1059 1876 1112 si
1911 1059 2020 1112 Deo

420 1149 612 1230 {placet
631 1160 686 1206 et
711 1153 884 1216 vobis,
918 1159 976 1206 ut
1001 1152 1156 1205 nobis
1185 1152 1468 1221 coltuletnr
1491 1152 1577 1206 hic
1599 1166 1769 1222 gener
1796 1161 2022 1222 exopta-

438 1239 580 1296 bilis.
614 1260 634 1294 ›
679 1241 912 1298 Econtra
973 1241 1176 1298 Christi
1231 1228 1428 1296 famula
1460 1243 1693 1306 reticuit,
1725 1252 1782 1297 et
1836 1244 1925 1296 diu
1963 1243 2017 1296 in

424 1334 789 1404 responsione
832 1333 1121 1390 haesitavit.
1154 1333 1281 1388 Post
1313 1333 1428 1390 inec
1478 1334 1636 1404 longa
1677 1335 1896 1388 trahens
1929 1351 2021 1388 su-

433 1424 626 1492 spiria,
676 1424 788 1478 haec
835 1424 1068 1479 reddidit
1119 1425 1326 1478 verba:
1377 1443 1395 1475 ι
1433 1424 1606 1488 Absit,
1639 1435 1696 1478 ut
1724 1423 1789 1478 de
1830 1434 2017 1479 nostra

433 1525 588 1584 parte
619 1516 773 1570 vobis
792 1508 1008 1570 eveniat
1040 1525 1248 1570 tantum
1283 1516 1466 1583 triste;
1489 1517 1709 1588 expedit
1734 1517 1878 1571 enim
1896 1517 2017 1570 lilia:

432 1617 624 1663 vestrae
649 1607 875 1663 feliciori
911 1621 970 1664 se
997 1609 1118 1664 viro
1151 1608 1464 1678 adiungere.
1505 1609 1618 1664 Hoc
1663 1623 1856 1664 nomen
1889 1619 2019 1664 tunc

435 1699 770 1755 solummodo
805 1702 971 1755 decus
996 1701 1210 1766 habuit,
1239 1702 1497 1772 quamdiu
1525 1701 1777 1757 dominus
1821 1711 2017 1758 «noster

2127 521 2351 560 vocatus
2388 519 2473 564 est
2501 509 2640 562 illius
2664 509 2782 578 ejus
2810 525 2900 564 rex
2938 509 3065 566 Otto
3111 511 3165 565 in
3205 526 3432 582 regnum
3472 509 3652 567 Romae
3682 531 3713 568 a

2124 608 2357 668 prmsute
2404 601 2548 654 sedis
2573 601 2906 668 apostolicae,
2949 611 3007 654 ut
3033 601 3260 671 gloriam
3299 602 3601 673 imperialis
3628 621 3711 660 co-

2123 704 2269 743 rona:
2317 692 2636 760 perciperet,
2682 701 2738 745 et
2780 691 3044 746 Romanis
3089 703 3348 763 praeesset
3400 697 3517 766 (an.
3565 697 3711 757 96H.

2124 777 2276 835 Tune
2324 782 2711 837 commendans
2764 797 2990 854 regnum
3037 793 3091 839 et
3141 783 3441 852 Ottonem,
3490 802 3710 856 parvum

2123 871 2292 926 lilium
2327 887 2506 936 suum,
2537 874 2637 942 piae
2669 874 2825 928 matri
2867 883 2920 929 et
2960 876 3374 948 archiepiscopo
3406 877 3708 940 Wilheimo,

2121 976 2306 1016 secum
2339 963 2456 1018 tulit
2489 963 2645 1017 fortia
2675 965 2914 1020 virorum
2955 976 3194 1035 pectora,
3241 979 3295 1023 et
3331 967 3554 1024 Christo
3580 971 3710 1026 duca

2121 1053 2348 1108 Romam
2380 1057 2727 1125 properabat,
2772 1057 2912 1111 siettt
2961 1073 3096 1127 papa
3128 1059 3503 1121 mandaverat,
3531 1077 3708 1116 secum

2119 1144 2414 1198 comitante
2443 1145 2622 1214 regina
2650 1145 2970 1200 Adelheiola.
2999 1147 3132 1202 Cum
3167 1157 3352 1202 autem
3383 1151 3713 1220 pervenisset

2124 1235 2190 1287 ad
2221 1235 2533 1289 cathedram
2567 1238 2738 1292 sancti
2768 1237 2933 1301 Petri,
2969 1239 3129 1293 simul
3176 1255 3301 1294 cum
3341 1256 3514 1296 uxore
3545 1243 3705 1311 impe-

2123 1326 2308 1380 rialem
2355 1342 2612 1380 coronam
2637 1328 2846 1397 accepit
2875 1343 3100 1382 tuuncre
3123 1328 3346 1394 Christi,
3374 1340 3430 1384 et
3457 1341 3600 1386 totus
3623 1346 3713 1400 po-

2120 1419 2279 1488 pulus
2305 1417 2674 1473 Romanorum
2707 1435 2764 1474 se
2792 1433 2984 1490 sponte
3019 1419 3328 1492 subiugavit
3357 1422 3530 1491 ipsius
3549 1423 3708 1479 domi-

2119 1511 2294 1575 nattti,
2322 1519 2377 1565 et
2401 1510 2503 1565 sibi
2529 1511 2808 1566 solvebant
2838 1514 3056 1574 tributa,
3087 1521 3142 1566 et
3177 1523 3299 1582 post
3331 1513 3483 1567 illum
3513 1517 3708 1570 ceteris

2119 1602 2231 1656 suis
2257 1602 2489 1671 posteris
2523 1602 2633 1675 (an.
2679 1604 2803 1668 962,
2831 1603 2988 1658 Febr.
3020 1605 3099 1677 2).
3127 1605 3352 1660 Interim
3389 1608 3708 1663 venerabilis

2121 1695 2306 1762 regina
2337 1695 2480 1750 inter
2513 1709 2663 1764 spem
2691 1706 2744 1752 et
2773 1708 2975 1751 metum
3005 1697 3308 1766 angebatur
3337 1699 3705 1758 dubia,utrum

434 1792 721 1848 lleinricus
753 1793 908 1846 vixit.
940 1792 1233 1862 Postquam
1266 1803 1448 1848 autem
1497 1793 1548 1847 in
1577 1801 1820 1864 posteros
1841 1795 2014 1861 venit,
2051 1763 2090 1820 Β
2123 1787 2232 1840 ﬁlio
2261 1802 2360 1842 suo
2389 1789 2694 1842 evenissent
2724 1803 2980 1859 prospera
3015 1805 3083 1844 an
3115 1790 3366 1857 adversa,
3414 1800 3471 1844 et
3510 1806 3606 1861 pro
3635 1792 3708 1845 in-

429 1900 724 1954 numquam
748 1884 1045 1940 infortunio
1065 1885 1262 1941 caruit.
1289 1884 1427 1952 Quid
1472 1885 1703 1940 dicimus
1743 1888 1808 1942 de
1851 1902 2017 1957 angu-

432 1976 552 2030 stiis
580 1985 636 2030 et
673 1975 1109 2030 tribulationibus
1158 1991 1292 2044 quas
1324 1975 1578 2030 sustinuit
1622 1986 1774 2045 pater
1819 1974 2019 2044 ipsius?

433 2069 540 2121 Sed
563 2068 706 2121 enim
737 2068 916 2122 adlmc
940 2067 992 2122 in
1023 2068 1203 2122 divina
1234 2067 1587 2138 dispositione
1620 2077 1707 2122 est
1739 2067 1868 2136 quid
1893 2067 2018 2122 huic

429 2161 626 2214 debeat
654 2160 924 2216 accidere.
961 2158 1254 2228 Speramus
1277 2169 1480 2222 autent,
1515 2159 1616 2214 hoc
1652 2173 1849 2213 nomen
1906 2175 2012 2212 non

429 2251 682 2306 excidere
705 2251 772 2305 de
797 2263 994 2320 genere
1021 2258 1230 2314 nostro,
1254 2250 1566 2320 priusquam
1591 2249 1785 2318 aliquis
1817 2263 2016 2319 parvu-

429 2341 514 2396 lus
553 2355 721 2409 nepos
753 2341 964 2395 oriatur
1011 2341 1077 2396 de
1122 2339 1362 2408 ejusdem
1411 2339 1620 2408 parvuli
1659 2341 1889 2404 semine,
1917 2341 2010 2410 qui

426 2434 751 2488 subliutetnr
780 2431 947 2504 regali
975 2433 1257 2504 dignitate.
1299 2448 1318 2483 ι
1345 2431 1478 2497 Quis
1509 2431 1554 2462 ⁷⁸
1579 2439 1760 2486 autem
1782 2430 2012 2494 dubitet,

427 2526 613 2579 electae
641 2523 842 2579 Christi
872 2523 1086 2578 famula:
1113 2522 1449 2593 prophetiam
1475 2523 1527 2578 in
1557 2523 2016 2578 christianissimo

427 2630 554 2686 rege
606 2613 862 2672 Heinrieo
891 2630 1036 2670 nunc
1070 2629 1196 2670 esse
1224 2615 1540 2684 impletam;
1587 2614 1678 2684 qui
1715 2613 1834 2668 sine
1878 2614 1932 2667 vi
1961 2621 2017 2668 et

427 2707 598 2761 armis
649 2707 892 2776 suscepit
937 2707 1151 2762 culmen
1203 2706 1592 2776 regimiuis,‘et
1642 2705 2016 2774 tranquilitate

425 2798 583 2868 pacis.
607 2811 752 2857 nunc
781 2804 928 2853 tenet
950 2797 1212 2853 honorem
1253 2797 1531 2868 dignitatis
1554 2797 1579 2850 ?
1606 2796 1650 2852 0
1681 2813 1774 2852 rex
1800 2795 2016 2852 Heinri-

427 2903 509 2953 ce,
539 2889 733 2942 merito
763 2887 1050 2952 laudande,
1078 2887 1238 2943 induc
1259 2887 1425 2942 etiam
1447 2897 1609 2958 atque
1637 2887 1802 2942 etiam
1843 2889 2012 2943 menti

426 2989 532 3034 tua:
551 2982 887 3050 prophetiam
913 2980 1138 3051 insignis
1163 2982 1386 3051 reginae,
1408 2988 1462 3035 et
1478 2994 1745 3050 cognosce
1773 2988 1826 3036 te
1849 2988 2013 3036 tanta:

426 3072 707 3140 dignitatis
743 3072 1053 3128 ascendisse
1080 3072 1275 3127 solium
1305 3087 1403 3143 per
1443 3073 1612 3140 ipsius
1645 3072 2008 3127 interventum
2039 3101 2083 3162 ρ

425 3171 481 3217 et
502 3163 778 3218 meritum.
807 3162 1072 3218 Dominus
1097 3162 1243 3218 Deus
1262 3162 1630 3231 omnipotens,
1654 3162 1746 3231 qui
1774 3171 1826 3218 te
1851 3161 2013 3234 elegit

427 3263 483 3306 rt
526 3253 644 3307 sine
697 3253 748 3307 vi
799 3253 1014 3308 culmen
1074 3253 1297 3307 honoris
1346 3253 1638 3317 concessit,
1675 3254 1880 3309 tribuat
1913 3254 2010 3310 tibi

428 3345 643 3412 ropiam
671 3343 1065 3398 benedictionis
1086 3359 1217 3409 suae,
1257 3351 1591 3412 coronetque
1614 3351 1670 3398 te
1695 3358 1898 3400 corona
1925 3343 2012 3414 ju-

426 3433 616 3497 stitiae;
648 3431 812 3487 faciat
845 3441 896 3488 te
923 3432 1178 3488 blandum
1202 3432 1366 3501 iustis
1387 3441 1444 3488 et
1471 3433 1771 3489 terribilem
1807 3434 2009 3506 impiis,

425 3523 682 3589 quatinus
699 3521 966 3589 justitiam
986 3531 1260 3579 sectantes
1287 3538 1383 3593 per
1421 3523 1662 3579 lenitatis
1691 3533 2008 3579 mansuetu-

424 3615 604 3668 dinem
631 3616 972 3680 eorrobores,
995 3623 1051 3669 et
1073 3624 1323 3670 errantes
1349 3628 1446 3684 per
1466 3614 1691 3687 justitia:
1714 3615 2011 3674 districtio-

423 3721 545 3760 nem
577 3707 862 3762 terrilices.
894 3707 1131 3778 Angelus
1153 3708 1365 3763 Domini
1393 3717 1446 3763 te
1474 3723 1690 3779 semper
1715 3711 2004 3779 przecedat.

423 3799 713 3854 comitetur
759 3808 815 3854 et
843 3801 1224 3871 subsequatur,
1255 3802 1346 3871 qui
1379 3813 1570 3858 omnes
1597 3811 1753 3858 actus
1783 3813 1904 3858 tuos
1925 3803 2009 3858 di-

423 3893 583 3962 rigat,
613 3901 668 3947 et
691 3903 918 3950 cunctos
941 3893 1190 3950 inimicos
1219 3895 1321 3948 sub
1359 3894 1466 3948 tuis
1488 3894 1713 3963 pedibus
1735 3904 2004 3960 conterat,

424 3993 485 4037 ut
507 3985 574 4038 ad
601 3985 901 4054 profectum
925 3995 1126 4042 sanctae
1147 3985 1391 4041 ecclesia:
1414 3986 1669 4042 diuturno
1694 3988 1844 4043 vivas
1874 3997 2006 4042 tem-

423 4090 578 4144 pore,
607 4085 662 4131 et
711 4078 1050 4147 postmodum
1099 4079 1265 4132 vitam
1301 4077 1571 4146 percipias
1595 4078 1712 4134 sine
1741 4079 1864 4133 line.
1896 4079 2008 4133 Au-

425 4176 513 4220 tor
545 4166 706 4235 hujus
759 4167 994 4221 dictatus
1048 4183 1156 4221 non
1220 4170 1521 4233 omitteret,
1574 4169 1704 4236 quin
1747 4169 1866 4234 tibi,
1908 4185 2003 4224 rex

425 4254 674 4324 gloriose,
706 4265 980 4324 perpetuas
1015 4254 1288 4312 felicitatis
1322 4267 1377 4313 et
1409 4259 1693 4312 mundana:
1732 4261 2006 4330 prosperi-

426 4345 554 4399 tatis
585 4344 704 4413 plus
747 4354 1053 4414 exoptaret,
1089 4347 1133 4401 si
1169 4362 1276 4401 non
1308 4347 1376 4402 ab
1407 4347 1604 4402 invidis
1643 4349 1815 4418 magis
1841 4350 2004 4418 depu-

2120 1877 2438 1934 columitate
2464 1877 2580 1948 ejus
2605 1881 2728 1934 vita:
2757 1880 2869 1935 Deo
2915 1895 3128 1950 semper
3157 1882 3354 1935 obtulit
3387 1882 3707 1937 sacrificium

2119 1970 2527 2026 continuatione
2573 1985 2794 2041 precum
2861 1981 2917 2026 et
2964 1972 3213 2042 largitate
3269 1973 3706 2028 elemosinarum.

2120 2061 2273 2116 Tunc
2295 2062 2460 2116 etiam
2491 2063 2795 2117 construxit
2820 2065 3208 2120 monasterium
3232 2065 3284 2119 in
3309 2065 3534 2120 civitate
3563 2065 3707 2120 Nort-

2120 2152 2419 2208 husunensi
2456 2155 2500 2186 "
2545 2167 2814 2208 consensu
2855 2155 2938 2209 sui
2978 2155 3185 2225 parvuli
3229 2157 3447 2226 nepotis
3482 2156 3707 2221 Ottouis,

2117 2259 2215 2313 pro
2242 2245 2420 2298 anima
2449 2245 2594 2314 regis
2643 2244 2878 2301 lleiurici
2920 2257 2974 2300 et
3019 2248 3100 2302 sui
3147 2249 3419 2303 carissimi
3467 2249 3586 2314 filii,
3627 2253 3706 2307 cui

2117 2336 2290 2404 patris
2321 2351 2513 2390 nomen
2547 2337 2899 2407 imposuerat,
2930 2349 2984 2394 et
3010 2355 3170 2409 quem
3215 2340 3271 2394 in
3321 2341 3550 2411 przelata
3578 2343 3706 2397 civi-

2119 2436 2224 2481 tate
2253 2437 2652 2495 procreaverat.
2703 2429 2814 2483 lllic
2863 2439 3290 2499 congregaverat
3339 2436 3634 2488 turmulam
3663 2436 3706 2469 "

2119 2532 2369 2571 sororum
2408 2517 2520 2572 Deo
2546 2527 2602 2573 et
2644 2519 2819 2574 beatae
2860 2519 3042 2576 Maria:
3073 2522 3268 2593 virgini
3312 2524 3703 2581 famulantium.

2117 2607 2324 2664 Interea
2358 2609 2778 2680 pervulgabatur
2823 2610 3007 2667 Ottoni
3051 2615 3366 2684 imperatori
3419 2618 3473 2670 in
3519 2617 3705 2682 Roma,

2116 2713 2270 2754 suam
2301 2701 2558 2770 eptimam
2593 2713 2820 2758 matrem
2862 2704 3088 2758 nimium
3120 2707 3436 2761 contristari
3482 2710 3548 2763 de
3592 2709 3706 2778 ejus

2116 2793 2394 2859 absentia;
2425 2794 2515 2862 qui
2550 2793 2687 2847 miro
2710 2808 2974 2849 accensus
3002 2811 3188 2851 amore
3210 2799 3433 2852 Christo
3459 2800 3703 2861 dilectam

2116 2885 2318 2952 videre,
2345 2886 2528 2940 statim
2547 2885 2770 2954 reliquit
2818 2885 3042 2946 Romam
3073 2898 3129 2942 et
3158 2891 3406 2957 pervenit
3435 2890 3488 2944 in
3526 2891 3702 2945 civita-

2117 2985 2223 3030 tem
2271 2975 2574 3042 Coloniam,
2629 2977 2718 3032 ubi
2767 2977 2933 3033 frater
2977 2977 3098 3046 ejus
3143 2980 3325 3036 Bruno
3368 2983 3704 3038 venerandus

2117 3069 2596 3137 archipmstilattts
2645 3069 2868 3124 tenebat
2919 3069 3142 3125 iufulam
3195 3071 3323 3142 (an.
3371 3072 3502 3138 965,
3553 3072 3704 3128 Mai.-

2112 3160 2293 3231 Jun.).
2337 3159 2453 3216 lllic
2497 3169 2687 3215 sancta
2736 3161 3064 3217 venerabilis
3101 3163 3288 3234 regina
3337 3163 3451 3217 filio
3499 3163 3703 3218 obviam

2112 3253 2260 3307 venit
2287 3267 2410 3308 cum
2435 3262 2630 3322 nepote
2655 3253 2897 3322 parvulo,
2939 3268 3101 3323 quem
3133 3255 3363 3310 Romam
3392 3265 3585 3325 petens
3610 3257 3702 3310 sibi

2112 3345 2608 3410 commendaverat,
2635 3359 2816 3400 secum
2844 3346 3010 3400 etiam
3043 3347 3335 3400 comitante
3363 3347 3524 3400 herili
3552 3362 3704 3416 puero

2112 3437 2387 3500 Heinrieo,
2417 3452 2575 3506 quem
2612 3436 2662 3489 in
2712 3436 2832 3492 loco
2879 3436 2975 3490 filii
3013 3436 3221 3501 dilexit,
3252 3448 3542 3508 postquam
3572 3439 3702 3493 idem

2113 3529 2220 3585 dux
2256 3529 2591 3597 Bajowarize,
2625 3529 2766 3583 filius
2796 3529 3006 3584 scilicet
3036 3528 3174 3598 ejus,
3209 3545 3278 3584 ex
3319 3530 3428 3584 hac
3466 3532 3574 3583 vita
3604 3530 3701 3583 dis-

2109 3622 2293 3678 cessit.
2321 3620 2481 3678 Venit
2502 3632 2556 3674 et
2583 3621 2767 3691 regina
2797 3621 3046 3685 Gerbirc,
3076 3633 3279 3676 sancta:
3314 3621 3409 3675 Dei
3447 3621 3576 3676 ﬁlia.
3600 3621 3703 3676 Illic

2115 3713 2316 3785 regalis
2355 3723 2652 3768 conventus
2696 3722 2998 3782 postremos
3036 3713 3357 3768 alterutrum
3408 3713 3559 3768 dedit
3597 3730 3702 3766 am-

2108 3804 2318 3876 plexus,
2364 3817 2422 3860 et
2466 3804 2576 3863 illic
2622 3803 2800 3858 sortiti
2850 3813 2978 3858 sunt
3025 3813 3271 3859 extrema
3329 3803 3701 3860 collocutionis

2110 3897 2294 3961 verba,
2345 3897 2397 3950 id
2439 3897 2511 3950 ita
2558 3896 2879 3966 disponente
2919 3895 3102 3951 divina
3141 3896 3462 3951 clementia.
3518 3895 3696 3950 Postea

2107 3988 2251 4042 enim
2307 4003 2367 4043 se
2414 4003 2520 4043 non
2577 3987 2825 4042 viderunt
2885 3988 2938 4042 iu
2990 3988 3093 4042 hoc
3154 3987 3370 4042 mortali
3431 4003 3695 4056 corpore,

2107 4079 2203 4135 sed
2230 4087 2290 4132 ut
2315 4093 2594 4150 speramus
2620 4079 2672 4133 iu
2700 4088 2902 4134 reterna
2931 4094 3071 4134 nunc
3096 4078 3439 4146 congaudent
3475 4079 3674 4150 requie.

2175 4171 2267 4226 22.
2301 4171 2574 4236 Quomodo
2628 4171 2842 4241 vestigia
2891 4171 2990 4240 ﬁlii
3039 4170 3250 4224 Ottoni:
3299 4170 3690 4225 deosculaem't.

2115 4263 2258 4333 Ergo
2297 4262 2481 4317 inclita
2530 4262 2710 4331 regina
2763 4264 2992 4332 primum
3039 4276 3068 4316 a
3110 4278 3312 4316 cassare
3357 4273 3412 4316 et
3463 4264 3572 4318 filio
3606 4278 3697 4317 suo

2107 4354 2512 4422 archiepiscopo
2563 4352 2812 4407 Bruuoue
2869 4353 3172 4424 ceterisque
3225 4354 3332 4407 illic
3384 4353 3672 4407 continenti

425 4438 633 4491 taretur
673 4436 1056 4506 vituperationi
1085 4439 1436 4503 adulationis,
1469 4455 1630 4509 quam
1660 4434 1879 4496 caritati
1918 4457 2008 4496 ve-
2041 4433 2086 4494 D
2117 4447 2216 4500 bus
2265 4444 2563 4499 honorifice
2605 4453 2872 4514 suscepta,
2906 4460 3032 4498 suos
3079 4445 3262 4515 gavisa
3306 4453 3387 4497 est
3418 4460 3479 4500 se
3506 4446 3694 4498 vidisse

423 4526 618 4582 ritatis.
639 4527 944 4598 Supersunt
965 4527 1197 4598 plurima
1221 4531 1288 4584 de
1313 4539 1365 4584 te
1388 4531 1734 4586 laudabiliter
1755 4533 2002 4595 dicenda;

422 4622 517 4676 sed
559 4621 672 4676 haec
697 4621 1159 4692 prmtermittenda
1196 4631 1342 4688 sunt,
1365 4631 1426 4678 ut
1447 4638 1546 4678 ora
1576 4623 1878 4678 invidorum
1914 4625 2008 4678 ob-

423 4721 726 4766 struantur.
1942 4727 1948 4732 ’

490 4803 582 4856 21.
614 4804 689 4857 De
736 4805 977 4860 unctione
1014 4803 1220 4860 Ottoni:
1268 4807 1426 4875 regis.
1477 4805 1875 4861 Revertendum
1922 4813 2008 4859 est

425 4905 510 4949 est
537 4894 602 4948 ad
635 4895 836 4964 priora,
864 4909 921 4950 ut
948 4897 1016 4950 ad
1045 4897 1205 4951 finem
1232 4898 1592 4966 perducantur
1616 4899 1846 4966 incepta.
1872 4897 2004 4952 Cum

427 4986 571 5053 gitur
623 4987 782 5059 longe
843 4988 1058 5058 lateque
1110 4990 1519 5059 divulgarentur
1583 4990 2010 5047 innumerabiles

2119 4536 2260 4592 lilios
2286 4546 2341 4591 et
2377 4545 2620 4606 nepotes,
2642 4551 2851 4590 necnon
2878 4534 3095 4591 Christo
3123 4535 3396 4588 referebat
3429 4535 3612 4589 laudes
3645 4543 3695 4588 et

2115 4628 2316 4697 gratias
2343 4642 2442 4696 pro
2471 4625 2836 4682 incolumitate
2862 4627 3125 4682 omnium.
3151 4627 3343 4681 Postea
3377 4642 3509 4680 vero
3542 4641 3692 4696 quam

2114 4734 2175 4774 se
2206 4730 2390 4772 mutuo
2424 4717 2745 4781 salutarunt,
2777 4719 3002 4788 ingressi
3044 4727 3171 4772 sunt
3201 4717 3532 4780 cubiculum,
3563 4719 3696 4770 inter

2113 4823 2171 4863 se
2195 4810 2549 4879 producentes
2578 4808 2842 4861 familiare
2869 4809 3212 4878 colloquium.
3247 4809 3469 4862 Interim
3497 4807 3694 4861 introiit

2115 4902 2394 4969 episcopus
2424 4899 2736 4953 Baldericus
2761 4901 2895 4969 (ιι),
2930 4900 3018 4968 qui
3073 4900 3170 4952 fuit
3205 4900 3464 4968 magister
3495 4897 3693 4950 Bruno-

2116 4992 2199 5047 nis
2227 4991 2614 5062 archiepisc0pi
2641 4992 2968 5060 temporibus
3000 4991 3139 5062 regis
3164 4989 3426 5053 llcinrici,
3452 4999 3506 5043 et
3528 4987 3691 5041 omni-

1715 5121 1944 5176 νΑΒιίΕ
1987 5120 2384 5177 LECTIONES.

506 5219 547 5250 "
576 5223 708 5278 Quis
735 5219 970 5280 dubitet,
1019 5219 1156 5273 hanc
1186 5217 1522 5282 prophetiam
1554 5217 1606 5271 in
1630 5215 1886 5273 Heinrico
1922 5215 2374 5287 Bahenbergense
2403 5215 2571 5284 ipsius
2594 5215 2746 5284 pueri
2797 5222 2981 5287 postea
3013 5213 3122 5288 lilio
3171 5211 3552 5288 adi-lltpieltlttl,
3601 5210 3689 5278 qui
