3908 5426
137 271 233 327 913
1163 262 1458 320 ΒΑΜ)τῶ
1496 256 1866 316 ΜΑτιιιωιδ
1908 257 2184 315 ΒΕΟΙΝΑΞ
2226 259 2400 318 VITA.

3324 256 3422 314 3H

137 384 234 437 bus
262 386 424 449 caput
458 375 723 430 inclinans
742 416 756 440 ,
808 374 1040 447 regalem
1070 385 1396 430 conventum
1426 369 1720 430 bcnclixit.
1757 370 1804 428 Α
1832 368 1956 424 dnlo
1981 369 2216 426 inducite
2238 380 2432 428 vestrae
2462 373 2740 430 memoriae
2767 363 2948 428 omnia
2991 381 3114 442 qua:
3153 373 3208 430 ln
3239 374 3285 406 ”
3321 375 3426 428 hoc

138 474 263 531 Post
291 471 410 527 [nec
439 470 504 523 ad
537 477 778 524 sanctam
809 468 1081 523 dominam
1129 467 1478 522 Malithildam
1511 464 1724 535 specia-

138 567 258 619 liter
311 561 472 617 inﬁt:
508 579 528 614 ε
575 560 826 624 Laetare,
875 561 1199 615 venerabilis
1251 561 1480 630 regina,
1531 556 1728 612 talibus

139 655 454 711 muneribus
489 668 518 707 a
566 654 674 708 Deo
720 653 1021 716 honorata;
1059 668 1204 708 nunc
1224 653 1376 708 vides
1422 651 1562 706 ﬁlios
1608 657 1730 706 tuos

137 747 428 802 ctillorum
476 745 642 799 ﬁlios!
699 745 836 799 Vere
892 745 1215 814 adimpletus
1263 756 1349 799 est
1399 743 1452 798 in
1509 752 1560 798 te
1610 758 1731 798 ver-

139 838 338 893 siculus
379 837 695 906 psalniistm,
723 838 816 906 qui
851 837 965 892 ait:
999 836 1066 892 Et
1094 838 1271 892 videas
1315 837 1455 906 ﬁlios
1499 836 1730 906 [uiarum

140 940 345 982 tuorum
377 927 559 999 (Psal.
585 945 788 992 curn,
816 930 893 1001 ti).
928 948 949 982 ο
984 929 1216 984 Econtra
1249 930 1435 998 regina
1468 929 1580 984 Deo
1607 944 1732 999 gra-

142 1022 239 1075 tias
260 1022 396 1091 egit,
428 1021 568 1075 sicut
604 1036 820 1091 semper
857 1021 1015 1078 solita
1065 1021 1166 1076 fuit
1192 1022 1260 1077 "’.
1293 1021 1446 1076 Tunc
1471 1021 1733 1077 disseruit

139 1113 258 1168 ﬁliis
287 1123 341 1168 ct
383 1113 667 1184 nepotibus
703 1113 816 1168 suis
855 1115 922 1168 de
959 1112 1368 1168 constructione
1412 1113 1730 1169 monasterii

140 1204 622 1269 Northusunensis,
653 1214 709 1260 et
731 1205 876 1275 quali
903 1204 951 1237 ‘°
983 1213 1280 1275 angeretur
1305 1204 1523 1272 timore,
1550 1215 1610 1259 ut
1648 1205 1735 1260 iu-

140 1307 347 1367 ccptinn
382 1312 521 1367 opus
557 1312 662 1353 non
712 1306 892 1367 posset
931 1298 1235 1368 perlicere;
1283 1296 1498 1352 tandem
1544 1296 1622 1351 sic
1653 1296 1733 1351 ait

141 1387 377 1444 lacrimis
412 1390 662 1459 perfusa:
697 1408 716 1442 ‹
751 1390 895 1446 Istud
925 1389 1315 1445 monasterium
1343 1398 1541 1445 nostra:
1566 1391 1734 1446 reditio

141 1481 366 1537 cationis
405 1464 710 1538 extremum
754 1493 837 1540 est
873 1499 1041 1550 Opus,
1083 1493 1142 1538 ut
1178 1483 1529 1539 aestimamus.
1577 1482 1735 1539 ditas

141 1584 319 1630 nostra
358 1577 427 1630 ad
473 1575 824 1631 laborandum
872 1587 956 1631 est
1000 1577 1227 1646 fragilis,
1280 1576 1500 1645 insuper
1537 1579 1734 1632 ceteris

143 1666 515 1724 distribuimus
545 1670 889 1725 monasteriis
928 1669 1298 1740 possessiones
1345 1676 1404 1724 et
1440 1683 1618 1724 rerum
1651 1669 1730 1724 fa-

143 1759 396 1824 cultates;
431 1771 760 1832 quapropter
796 1761 1246 1816 commendamus
1276 1760 1428 1816 vobis
1454 1761 1726 1826 omnibus,

145 1863 198 1905 ut
223 1851 500 1922 inceptum
529 1869 663 1924 opus
688 1853 1017 1926 perﬁciatis;
1064 1852 1192 1923 quia
1233 1852 1606 1908 inchoavimus
1634 1869 1733 1924 pro

145 1945 314 1999 anima
341 1947 519 2002 nostri
564 1946 767 2002 domini
808 1954 862 2002 et
908 1945 1174 2001 carissimi
1213 1944 1306 1998 ﬁlii
1341 1943 1602 2010 Heinrici,
1633 1960 1732 2002 nec

149 2051 246 2091 non
277 2052 376 2107 pro
409 2039 561 2109 regni
585 2039 901 2103 stabilitate,
945 2047 1001 2094 et
1042 2046 1281 2092 vestrum
1307 2036 1351 2070 ⁸⁸
1377 2037 1618 2092 omnium
1649 2038 1734 2092 in-

146 2127 472 2186 calamitate.
517 2131 652 2187 uAd
685 2132 799 2188 hare
846 2131 1145 2202 imperator
1171 2127 1297 2185 Otto
1335 2143 1520 2185 coram
1553 2130 1734 2186 omni-

148 2221 242 2277 bus
269 2224 588 2294 respondit:
626 2243 645 2278 ι
679 2224 824 2281 Deus
868 2224 1129 2280 secundet
1156 2231 1335 2278 vestra
1368 2222 1610 2292 incepta;
1640 2240 1737 2280 no-

149 2321 254 2367 stra
304 2330 416 2370 non
463 2316 691 2372 deerunt
732 2317 962 2383 auxilia,
990 2317 1121 2386 quin
1171 2315 1336 2370 etiam
1383 2317 1738 2374 cohortamur

153 2403 307 2460 tilium
342 2417 590 2463 nostrum
621 2409 872 2466 Ottonem
897 2417 954 2463 et
979 2416 1209 2464 caeteros
1231 2416 1450 2462 nostros
1488 2417 1735 2478 nepotes,

153 2507 205 2552 ut
228 2498 326 2554 illis
351 2499 654 2556 subsidium
677 2501 974 2572 praebeant,
991 2499 1244 2570 quamdiu
1269 2493 1474 2554 vivant.
1496 2518 1516 2553 ι
1542 2500 1736 2556 Postea

153 2591 344 2657 pariter
363 2604 724 2661 perrexerunt
747 2595 801 2648 in
823 2594 1098 2650 civitatem
1123 2589 1644 2658 Northusnnenscm,
1671 2595 1738 2649 ad

151 2682 430 2737 videndum
460 2684 630 2753 ipsam
661 2687 1156 2756 congregationem.
1201 2683 1355 2737 Tunc
1401 2683 1510 2737 Deo
1541 2683 1738 2740 dilecta

153 2774 323 2844 regina
355 2777 801 2833 sanctimoniales
829 2777 1151 2833 convocavit
1175 2776 1244 2840 θ’,
1271 2784 1326 2829 et
1353 2790 1542 2830 omnes
1572 2776 1740 2846 impe-

153 2867 305 2920 ratori
336 2869 756 2924 commendavit.
786 2869 880 2925 l-Ile
907 2879 1086 2924 autem
1109 2881 1300 2924 omnes
1321 2867 1534 2937 placido
1559 2868 1740 2923 animo

152 2963 200 3010 et
228 2957 378 3012 hilari
410 2959 558 3014 vultu
586 2962 910 3031 suscipiens,
934 2960 1045 3015 Deo
1066 2959 1487 3024 commendavit,
1514 2959 1734 3015 dicens:

1832 460 1952 516 loco
1977 464 2475 520 commendavimus
2501 466 2624 522 ﬁdei
2649 474 2863 522 vestrm.
2890 465 3046 536 Sazpe
3075 465 3164 520 hic
3183 466 3422 534 jucunde

1832 553 2088 617 viximus.
2111 561 2168 609 et
2187 555 2253 609 de
2273 556 2668 624 periclitatione
2692 567 3009 628 partusnos
3034 559 3232 628 eripuit
3259 560 3420 614 Deus.

1831 645 1890 702 lu
1921 645 2030 701 hac
2052 645 2271 700 civitate
2296 646 2520 703 fratrem
2566 659 2804 705 vestrum
2834 650 3146 706 Heinricum
3173 667 3425 721 procrea-
3463 721 3466 730 ι

1833 741 2033 805 vimus,
2075 752 2238 809 quem
2277 749 2502 811 propter
2539 751 2826 812 paternum
2859 759 3054 798 nomen
3093 743 3318 798 nimium
3344 744 3422 798 di-
3464 731 3465 734 “

1833 831 2090 897 leximus,
2133 847 2342 888 necnon
2384 841 2441 889 et
2484 834 2576 890 hic
2613 844 2736 890 nata
2780 844 2868 890 est
2903 851 3058 891 soror
3083 845 3262 890 vestra
3288 834 3424 891 Ger-

1832 925 1971 997 birg.
2010 927 2154 996 Ergo
2188 927 2316 997 quia
2363 943 2464 997 per
2506 927 2946 986 intercessionem
2990 940 3192 985 sancta:
3239 929 3423 984 Maria)

1833 1021 2062 1089 virginis
2090 1021 2144 1076 in
2181 1022 2282 1078 hoc
2306 1021 2425 1078 loco
2447 1022 2531 1077 bis
2561 1022 2966 1093 enavigavimus
2997 1023 3275 1094 angustias
3299 1037 3424 1092 par-

1836 1122 1942 1176 tus.
1969 1111 2128 1183 hujus
2157 1114 2469 1168 monasterii
2503 1113 2579 1186 [in
2607 1113 2724 1182 ejus
2763 1114 2968 1170 honore
2991 1113 3061 1187 θθ]
3105 1113 3426 1169 fundamen-

1837 1215 1950 1261 tum
1972 1206 2271 1277 posuimus,
2297 1215 2352 1262 et
2376 1206 2611 1260 maxime
2637 1221 2736 1276 pro
2761 1207 2941 1262 anima
2972 1207 3136 1263 vestri
3165 1206 3427 1278 genitoris

1833 1307 1890 1353 et
1931 1297 2119 1354 fratris
2157 1310 2214 1357 et
2255 1314 2352 1370 pro
2399 1298 2769 1355 incolumitate
2816 1311 3015 1362 vestra.
3073 1299 3212 1354 sicut
3259 1314 3424 1368 supra

1835 1391 2278 1448 memoravimus.
2300 1391 2644 1461 Quapropter
2669 1395 2920 1450 convenit
2948 1403 3028 1462 ut,
3049 1393 3306 1464 quotiens
3330 1393 3429 1448 ho-

1839 1499 1959 1539 rum
1983 1484 2028 1517 "
2057 1483 2437 1550 memineritis,
2470 1493 2692 1555 propter
2735 1501 2832 1540 nos
2862 1485 3134 1554 majorem
3178 1499 3431 1554 compas-

1835 1577 2044 1632 sionem
2080 1576 2134 1632 in
2172 1575 2276 1631 hoc
2324 1575 2445 1633 loco
2481 1579 2949 1634 commorantibus
2981 1577 3300 1633 exhibeatis.
3344 1577 3428 1630 Ad

1837 1669 1978 1736 haec,
2018 1676 2080 1723 ut
2121 1668 2431 1738 opinamur,
2459 1679 2703 1726 extrema
2742 1671 3120 1727 collocationis
3144 1671 3308 1728 verba
3339 1669 3427 1723 hic

1837 1761 1979 1817 inter
2009 1777 2112 1817 nos
2141 1762 2422 1818 sortimur.
2464 1762 2602 1831 Quid
2648 1763 2841 1834 plura?
2869 1763 2993 1820 llaec
3020 1763 3208 1819 ultima
3233 1771 3428 1816 vestrae

1835 1855 2026 1910 matris
2050 1855 2188 1911 visio
2211 1854 2370 1923 hujus
2399 1857 2711 1911 monasterii
2744 1857 2813 1911 sit
2841 1858 2889 1892 "
2920 1853 3428 1912 admonitioa'l‘unc

1835 1947 2132 2017 imperator
2155 1957 2512 2019 compunctus
2538 1949 2720 2015 corde,
2751 1950 2997 2020 promisit
3028 1963 3086 2003 se
3114 1947 3298 2003 omnia
3325 1947 3429 2001 im-

1836 2039 2102 2110 pleturum
2141 2056 2262 2111 quae
2305 2041 2692 2112 postulaverat.
2727 2041 2930 2097 Deinde
2977 2041 3181 2110 pariter
3220 2039 3425 2110 egressi

1834 2131 2144 2196 ecclesiam,
2170 2132 2528 2188 substiterunt
2553 2143 2678 2186 ante
2694 2133 2938 2202 ianuam.
2964 2143 3018 2188 et
3041 2131 3429 2198 amplectentes

1837 2238 1896 2277 se
1940 2223 2191 2287 invicem,
2229 2223 2388 2280 ﬂetus
2437 2234 2791 2294 utrorumque
2829 2226 3160 2280 lnuuectavit
3207 2224 3426 2279 faciem.

1836 2314 2126 2370 Postuuam
2157 2326 2336 2370 autem
2363 2316 2546 2371 oscula
2577 2327 2764 2371 mutuo
2785 2317 3073 2382 dederunt,
3101 2333 3292 2374 oumes
3333 2316 3428 2385 qui
3459 2333 3487 2384 ;,

1836 2407 2061 2462 aderant
2101 2407 2356 2463 lacrimas
2398 2406 2717 2462 ﬁmdebant.
2766 2409 2969 2478 Regina
3019 2423 3147 2463 vero
3190 2409 3243 2463 in
3297 2407 3430 2476 ipsis

1839 2497 2044 2554 foribus
2071 2500 2268 2554 sistens
2295 2498 2544 2570 gradum,
2573 2510 2790 2555 euntem
2836 2501 3002 2555 tilium
3031 2500 3326 2555 deducebat
3358 2499 3429 2554 ad

1837 2606 2035 2660 equum
2066 2591 2214 2646 claro
2246 2591 2440 2645 intuitu
2469 2591 2767 2647 oculorum.
2796 2593 3004 2648 Exinde
3028 2591 3310 2648 ecclesiam
3343 2591 3426 2644 in-
3466 2653 3475 2673 θ

1838 2697 2045 2753 gressa,
2072 2698 2300 2754 propere
2323 2683 2390 2737 ad
2427 2683 2604 2738 locum
2633 2685 2929 2750 contendit,
2967 2685 3020 2740 in
3055 2700 3162 2754 quo
3192 2684 3425 2754 impera-
3466 2664 3490 2688 τ’

1842 2786 1946 2841 tor,
1976 2774 2103 2829 dum
2128 2776 2290 2831 missa
2314 2775 2657 2843 cantabatur,
2691 2786 2940 2843 steterat,
2985 2785 3042 2833 et
3078 2775 3299 2831 ﬂectens
3339 2788 3430 2846 gc—
3470 2785 3476 2808 ι

1820 2881 1970 2933 nua,
1997 2866 2245 2922 abeuntis
2269 2868 2362 2923 lilii
2388 2868 2721 2925 lacrimando
2745 2869 3159 2925 deosculabatur
3178 2868 3427 2937 vestigia.
3490 2919 3496 2930 ,

1843 2959 1966 3015 Haec
1988 2968 2048 3014 ut
2071 2959 2207 3015 vidit
2237 2959 2440 3033 Witigo
2466 2976 2648 3018 comes
2681 2971 2732 3018 et
2757 2962 2946 3025 ceteri,
2976 2962 3067 3032 qui
3095 2961 3271 3015 adhuc
3301 2960 3430 3014 sub-
3489 2939 3498 3015 ἶ

158 3066 174 3097 ς
205 3047 396 3104 Sancta
438 3051 531 3106 Dei
571 3054 802 3122 genitrix
844 3055 997 3125 virgo
1045 3053 1234 3116 Maria,
1275 3051 1511 3108 caelestis
1558 3051 1607 3084 ⁸³
1648 3067 1733 3107 re-
1760 3065 1807 3128 c
1838 3052 2107 3115 stiterant,
2136 3053 2360 3122 milites,
2398 3057 2601 3126 gemitu
2647 3056 2881 3128 perculsi
2928 3055 3201 3124 exierunt,
3229 3062 3282 3109 et
3312 3053 3430 3109 haec

155 3141 288 3209 gina,
321 3143 442 3200 illas
471 3143 521 3176 ”
541 3146 839 3200 clementer
867 3145 1123 3214 suscipiat
1150 3154 1204 3200 et
1231 3159 1328 3214 per
1367 3158 1608 3200 amorem
1641 3143 1734 3198 ﬁlii

155 3233 230 3288 sui
257 3232 300 3266 ⁸³
335 3250 555 3304 semper
593 3236 888 3303 custodiat,
920 3247 978 3292 ut
1019 3237 1185 3291 Deum
1217 3235 1390 3291 solum
1421 3251 1533 3307 pne
1560 3237 1740 3291 omni-

155 3322 246 3379 bus
271 3326 521 3397 diligant,
551 3337 605 3382 et
635 3328 709 3383 illi
743 3338 852 3385 tota
882 3338 1063 3384 mente
1102 3328 1431 3394 deserviant,
1484 3343 1592 3384 non
1638 3344 1739 3400 pro

160 3418 383 3484 appetitu
421 3419 672 3474 humana:
703 3419 896 3483 laudis,
931 3425 1025 3476 sed
1065 3422 1182 3476 solo
1225 3421 1492 3477 desiderio
1521 3430 1740 3478 aeternae

157 3511 599 3566 remunerationis
631 3511 699 3566 ⁸⁸.
723 3513 805 3567 Ad
835 3514 953 3568 luce
982 3529 1287 3584 precamur,
1329 3520 1388 3568 ut
1427 3513 1521 3569 ﬁlii
1565 3518 1735 3571 nostri

158 3611 216 3653 ac
241 3610 461 3670 nepotes
493 3602 582 3665 tali
611 3603 982 3660 misericordia
1008 3613 1456 3661 commoveantur
1482 3621 1609 3677 erga
1641 3607 1740 3664 has

157 3693 607 3760 sanctimoniales,
653 3705 712 3751 ut
766 3699 1023 3766 quamdiu
1077 3707 1356 3754 remaneat
1385 3715 1492 3754 una
1526 3699 1738 3756 scintil-

160 3781 254 3835 lula
285 3793 482 3840 nostra:
513 3787 736 3853 sobolis,
766 3789 875 3845 illis
914 3806 1207 3860 numquam
1245 3790 1386 3846 desit
1432 3793 1739 3849 adminicuc

159 3870 257 3925 hun
287 3878 890 3936 consolat'ionis.i'l‘uuc
917 3883 963 3914 ⁸⁷
994 3898 1093 3952 pro
1122 3899 1180 3939 se
1209 3899 1539 3955 suorumque
1566 3885 1741 3942 salute

159 3976 430 4031 parentum
453 3969 534 4023 vel
558 3981 810 4040 nepotum
838 3974 951 4029 base
978 3976 1161 4029 omnia
1185 3975 1435 4031 iterando
1465 3977 1737 4044 ﬁrmabat,

158 4071 270 4125 qua:
297 4071 483 4117 sancta
516 4063 607 4118 Dei
645 4080 908 4122 consensu
944 4069 1154 4139 nepOIis
1183 4069 1266 4124 sui
1296 4077 1456 4124 antea
1494 4070 1735 4137 dederat,

161 4148 370 4221 ins-iper
394 4165 447 4208 et
473 4154 562 4209 illa
590 4158 792 4212 addidit
820 4175 940 4229 quae
967 4171 1141 4215 mater
1168 4161 1510 4217 desideravit.
1543 4162 1738 4219 Postea

163 4256 229 4308 te.
253 4252 355 4299 tem
379 4246 569 4302 dies“
596 4249 648 4301 in
681 4250 868 4305 eadem
915 4252 1134 4308 civitate
1160 4255 1657 4321 commorabantur,
1685 4267 1740 4313 et

163 4345 336 4390 sancta
360 4341 541 4408 regina
568 4339 676 4395 ﬁlio
707 4344 1108 4400 commendavit
1136 4348 1558 4419 quamplurima,
1582 4353 1735 4419 quasi

164 4421 214 4479 in
238 4425 338 4482 hoc
385 4431 596 4487 mortali
641 4448 868 4502 corpore
912 4434 1142 4493 ulterius
1185 4455 1309 4494 cum
1346 4457 1451 4496 non
1482 4450 1626 4497 esset
1657 4443 1737 4498 vi-

165 4528 300 4572 sura.
337 4519 399 4576 Ut
433 4531 611 4578 antem
643 4523 762 4580 dies
790 4525 964 4581 illuxit
993 4543 1100 4598 quo
1146 4545 1240 4585 rex
1293 4531 1444 4587 abire
1475 4532 1734 4590 decreve-

165 4615 265 4675 rat,
285 4627 437 4669 mane
459 4624 741 4684 surgentes
763 4617 814 4672 in
843 4619 1058 4690 longum
1086 4623 1387 4692 produxere
1403 4639 1734 4694 sermonem,

168 4701 378 4758 multum
408 4705 771 4764 lacrimantes.
806 4709 933 4767 Post
977 4713 1092 4769 hmc
1124 4717 1351 4786 ingreSsi
1399 4725 1524 4772 sunt
1564 4718 1740 4773 eccle-

167 4795 314 4860 siam,
345 4801 544 4868 pariter
570 4802 806 4857 audituri
835 4804 1078 4872 missam,
1109 4816 1164 4863 et
1191 4809 1514 4865 venerabilis
1550 4811 1734 4881 regina

167 4884 479 4948 hilaritatem
527 4894 673 4948 vultu
704 4895 1015 4966 simulabat,
1064 4900 1157 4954 sed
1196 4917 1450 4972 magnum
1499 4903 1740 4959 dolorem

167 4981 316 5035 corde
363 4986 658 5052 premebat.
695 4987 874 5042 Finita
907 4999 1084 5044 autem
1118 4993 1304 5056 missa,
1338 4992 1504 5049 ﬁlium
1547 4995 1742 5052 talibus

169 5073 332 5128 verbis
359 5077 552 5133 iterum
579 5088 658 5136 est
698 5095 954 5154 aggressa
983 5098 998 5134 :
1033 5103 1064 5135 ί.
1090 5083 1190 5139 Fili
1221 5084 1292 5138 mi
1319 5089 1617 5152 carissime,
1657 5103 1741 5143 se-

1768 4399 1816 4462 D

1839 3143 2154 3212 imperatori
2187 3144 2462 3202 dixerunt.
2498 3147 2599 3215 Qui
2637 3151 2819 3205 statim
2861 3151 2930 3206 ab
2969 3165 3109 3220 equo
3148 3148 3426 3212 desiliens,
3461 3189 3465 3196 .

1839 3236 1908 3290 ad
1935 3235 2222 3292 ecclesiam
2262 3239 2635 3296 revertebatur
2669 3241 3050 3313 ingemiscens,
3070 3249 3120 3298 et
3150 3241 3429 3310 ingressus

1841 3326 2044 3384 invenit
2076 3329 2220 3386 illam
2248 3332 2426 3388 adhuc
2466 3333 2519 3388 in
2550 3334 2738 3389 eodem
2784 3335 2903 3392 loco
2934 3345 3180 3390 orantem
3203 3344 3258 3390 et
3291 3332 3432 3388 mul-

1842 3428 1954 3477 tum
1977 3420 2374 3490 lacrimantem,
2403 3426 2692 3495 statimque
2738 3442 2942 3497 pronus
2985 3426 3039 3482 in
3091 3435 3291 3481 terram
3340 3439 3430 3480 ca~

1841 3514 1993 3578 deus,
2021 3515 2092 3568 ita
2116 3514 2327 3570 loeutus
2359 3525 2482 3571 est:
2519 3534 2540 3570 ε
2580 3517 2624 3572 Ο
2655 3518 2977 3572 venerabilis
3019 3516 3255 3580 domina,
3281 3514 3429 3585 quali

1841 3605 2098 3661 servitute
2135 3607 2235 3662 has
2261 3607 2513 3663 lacrimas
2542 3609 2693 3663 vobis
2725 3623 3010 3678 possumus
3035 3605 3372 3677 rependere?
3405 3625 3426 3656 ι
3478 3607 3484 3630 τ

1841 3696 2149 3767 Iterumque
2193 3699 2454 3770 aggressi,
2496 3713 2763 3769 perpauca
2812 3701 3064 3754 dixerunt
3096 3712 3228 3752 voce
3272 3696 3430 3750 lacri-

1843 3788 2047 3844 mabili.
2090 3789 2368 3846 Postremo
2407 3790 2731 3845 venerabilis
2762 3790 2943 3860 regina
2975 3790 3056 3845 sic
3086 3790 3161 3843 ait
3187 3806 3199 3842 :
3231 3807 3249 3839 ε
3287 3786 3430 3853 Quid

1841 3881 1997 3938 nobis
2045 3882 2263 3952 prodest
2305 3882 2506 3938 diutius
2548 3882 2786 3936 morari?
2831 3881 3092 3949 Quamvis
3142 3879 3426 3941 nolentes,

1841 3975 2088 4044 cogimur
2113 3981 2291 4029 tamen
2326 3974 2394 4029 ab
2417 3973 2646 4030 invicem
2672 3973 2849 4030 divelli
2872 3990 2886 4038 ;
2913 3981 2968 4029 et
2993 3987 3092 4028 nos
3112 3968 3429 4026 “intuendo

1841 4066 2082 4122 dolorem
2105 4081 2210 4121 non
2243 4066 2566 4131 minuemus,
2590 4065 2685 4121 sed
2725 4067 2902 4136 potius
2936 4060 3426 4134 augmentabimus.

1840 4158 1915 4215 Ite
1943 4160 2050 4229 jam
2086 4160 2139 4214 in
2178 4173 2312 4228 pace
2357 4157 2589 4223 Christi;
2636 4167 2879 4214 nostram
2913 4157 3103 4212 faciem
3143 4154 3286 4209 ultra
3323 4167 3431 4208 non

1840 4253 2092 4308 videbitis
2119 4251 2173 4307 in
2195 4266 2359 4308 carne
2377 4249 2611 4306 mortali.
2638 4250 3079 4314 Utzcstimamus,
3107 4247 3184 4303 nil
3210 4254 3432 4318 prmter-

1842 4347 2112 4412 misimus,
2160 4346 2255 4403 sed
2303 4354 2496 4402 vcstrte
2546 4344 2668 4400 ﬁdei
2706 4341 3204 4399 eommendavimus
3250 4341 3432 4394 omnia

1840 4453 1960 4509 qua:
1999 4448 2179 4496 metite
2208 4441 2547 4512 gerebamus.
2579 4435 2811 4493 Tantum
2842 4437 3036 4491 animae
3073 4442 3275 4490 nostrae
3317 4432 3434 4486 haec

1844 4546 2069 4587 munera
2116 4531 2401 4597 remittite,
2451 4539 2508 4585 ut
2547 4529 2691 4585 hunc
2734 4528 2909 4584 locum
2949 4527 3136 4582 sedulo
3164 4525 3435 4581 inducatis

1841 4633 2037 4683 vestra:
2083 4623 2378 4679 memoriae.
2417 4641 2436 4673 ι
2467 4621 2768 4689 Imperator
2813 4633 2946 4673 vero
2993 4617 3118 4671 inde
3167 4631 3432 4686 pergens,

1841 4719 2148 4788 peragravit
2173 4716 2305 4771 alias
2335 4713 2497 4769 urbes
2525 4702 2834 4780 Thuriugiac
2865 4708 3099 4781 regionis
3131 4707 3244 4778 (an.
3281 4707 3432 4778 966),

1841 4821 2026 4882 postea
2073 4811 2266 4866 iterum
2304 4807 2529 4862 Romam
2557 4803 2813 4874 perrexit,
2845 4801 2954 4858 ﬁlio
2995 4816 3093 4856 suo
3128 4813 3314 4854 secum
3342 4817 3447 4870 eor

1848 4905 2070 4961 mitante
2094 4906 2202 4972 (an.
2238 4899 2384 4970 967).
2428 4934 2436 4940 -

1900 4997 2091 5060 22,25.
2111 4996 2185 5050 De
2199 4994 2537 5064 trgrotatione
2551 4986 2879 5046 Mahlliildis.
2897 4985 3128 5054 Jamjam
3146 4987 3443 5057 appropin-

1847 5095 2034 5164 quavit
2073 5091 2207 5146 hora
2252 5087 2436 5142 multis
2467 5087 2741 5148 luctuosa,
2782 5081 2835 5135 in
2867 5099 2976 5159 qua
3013 5081 3154 5135 Deus
3199 5078 3463 5140 animm;~

1386 5359 1390 5362 ν
1473 5288 1706 5346 νωιίὲ
1747 5290 2153 5353 nummus.-
