3908 5426
478 290 583 346 913

1514 295 1811 355 sueris
1856 292 2228 359 uarttttot‘s
2267 302 2546 363 uacum
2590 292 2768 363 i’t'l‘A.
2806 370 2810 374 _

3650 301 3759 360 9l6

484 406 689 497 inclita:
711 407 909 477 regina:
935 409 1002 464 de
1032 408 1509 480 carnisergastulo
1538 402 1981 482 voluitdissulvi,
2005 426 2064 471 ut
2091 424 2138 485 Α
2172 428 2349 497 vester
2375 421 2625 489 animus,
2651 432 2707 477 et
2744 419 3007 479 inferetur
3045 418 3199 477 vobis
3231 417 3510 481 calumnia
3538 418 3587 479 ν’
3630 420 3762 474 dea-

479 496 787 567 pertiperet
820 497 1101 568 praemium
1122 567 1125 570 ν
1144 499 1348 557 laboris
1379 510 1435 556 et
1471 502 1702 573 gloriam
1733 514 1950 561 aeterm:
1975 523 2064 563 re-

478 587 893 644 munerationis.
924 587 1030 643 Per
1050 588 1096 621 ⁸⁵
1125 589 1389 645 circulum
1420 592 1586 648 totius
1628 594 1754 648 anni
1784 593 2069 651 laborabat

481 679 841 748 aegrotatione
866 679 1040 750 gravi,
1067 680 1162 736 sed
1187 690 1365 736 tamen
1391 683 1658 738 circuibat
1688 685 1803 740 loca
1838 689 2062 758 regalia,

477 771 732 840 quamvis
754 770 1050 828 deficerent
1073 777 1320 843 corporis
1340 776 1506 830 vires.
1541 775 1675 832 Cum
1705 788 1884 833 autem
1904 796 2066 850 pera-

476 871 691 934 grasset
719 864 973 921 civitates
1001 863 1255 920 Saxonis!
1288 867 1544 938 regionis,
1589 877 1645 923 et
1693 886 1925 940 quaeque
1965 888 2064 927 ue-

474 956 715 1012 et-ssaria
769 957 1001 1028 singulis
1044 957 1403 1029 impendisset
1443 963 1826 1028 monasteriis,
1870 964 2065 1019 iterum

476 1053 983 1111 Northusunensem
1032 1056 1309 1110 Civitatem
1365 1054 1565 1122 adiit,~
1606 1072 1770 1127 quam
1839 1059 2064 1114 nimium

485 1144 701 1209 dilexit,
729 1151 793 1200 ut
819 1144 1031 1200 videret
1058 1144 1425 1215 Bichburgam
1448 1146 1515 1211 ",
1548 1162 1709 1218 quam
1748 1164 1918 1217 nuper
1939 1164 2067 1204 con-

481 1236 736 1291 stituerat
767 1235 1121 1292 abbatissam.
1157 1234 1357 1291 Statim
1395 1245 1579 1292 autem
1614 1246 1672 1292 ut
1700 1239 1880 1305 venit,
1925 1239 2067 1295 hanc

488 1327 843 1384 adsevocari
886 1328 1173 1399 praecepit,
1213 1330 1381 1384 multa
1430 1330 1771 1402 interrogans
1817 1333 1885 1389 de
1938 1349 2071 1389 con-

492 1408 811 1493 gregatione
838 1422 941 1478 sibi
967 1422 1281 1477 commissa.
1328 1423 1460 1479 Post
1489 1425 1607 1480 haec
1647 1426 1763 1496 ipsa
1798 1435 2068 1482 monaste—

480 1511 623 1566 rium
655 1519 739 1566 est
760 1511 1024 1583 ingressa,
1055 1511 1341 1583 diligenter
1372 1512 1719 1584 investigavit
1750 1511 1921 1587 quali
1949 1526 2067 1570 stu-

481 1603 573 1658 dio
604 1602 902 1674 disciplinae
945 1619 1282 1674 unaquaque
1323 1603 1517 1660 fuisset
1558 1606 1883 1661 exercitata.
1929 1603 2068 1660 Nam

483 1708 550 1750 ex
581 1691 690 1765 quo
722 1694 960 1765 primum
986 1695 1377 1751 monasterium
1408 1697 1735 1761 construxit,
1762 1697 1905 1752 hanc
1935 1712 2067 1753 cou-

2171 513 2468 585 pectionis,
2514 515 2561 569 si
2603 524 2874 571 mortuum
2916 527 3114 584 corpus
3153 512 3306 568 vobis
3342 509 3629 569 auferetur
3671 512 3759 567 in-

2170 602 2317 658 vitis.
2355 605 2448 662 llae
2480 608 2643 675 igitur
2669 623 2849 662 causa:
2877 607 3178 674 admonent
3215 620 3318 661 nos
3356 604 3485 660 hinc
3529 605 3640 661 iter
3666 622 3762 660 ac-

2170 690 2431 745 celerare.
2480 692 2635 763 Quid
2672 692 2862 763 plura?
2912 692 3080 747 Deum
3117 705 3334 761 semper
3358 689 3605 761 diligite,
3655 707 3757 746 nec

2169 780 2335 835 alium
2370 791 2568 850 praeter
2591 762 2715 838 eum
2750 790 3048 837 amatorem
3084 780 3391 843 admittite,
3416 781 3511 834 sed
3536 795 3760 848 semper

2168 873 2288 942 ejus
2330 874 2609 929 famulatui
2654 876 2936 940 intendite.
2980 874 3165 929 Estote
3204 874 3260 928 in
3296 873 3549 929 oratione
3573 875 3756 942 pervi-

2171 967 2330 1038 giles,
2358 976 2412 1023 et
2443 966 2494 1021 in
2524 978 2713 1023 saneto
2740 967 3020 1037 proposito
3053 973 3460 1036 permanentes.
3491 963 3766 1019 Mentorea

2172 1067 2348 1113 estote
2371 1058 2678 1112 animarum
2710 1098 2725 1122 ,
2762 1072 2860 1127 pro
2884 1057 3083 1127 quibus
3122 1056 3226 1111 hoc
3256 1055 3540 1124 posuimus
3580 1070 3768 1108 monar-

2170 1147 2421 1213 sterium,
2442 1150 2664 1217 insuper
2691 1157 2746 1202 et
2774 1158 3031 1218 nepotum
3059 1154 3372 1203 nostrorum
3404 1145 3586 1201 adhuc
3617 1161 3765 1198 mot~

2175 1237 2269 1291 tali
2314 1238 2367 1293 in
2411 1228 2519 1291 vita
2569 1228 3182 1307 degentium,’necuon-
3218 1236 3553 1313 mentionem
3594 1237 3767 1291 nostri

2158 1328 2365 1395 facite;
2394 1345 2518 1384 nam
2549 1330 2616 1361 ‘°°
2642 1331 2916 1385 neminem
2950 1330 3088 1385 ultra
3116 1329 3370 1384 videbitis
3394 1328 3556 1385 vobis
3581 1330 3768 1401 placa-

2172 1420 2446 1476 biliorem.
2474 1420 2934 1477 Conmtendamus
2953 1418 3047 1478 vos
3064 1421 3176 1477 Deo
3202 1422 3578 1497 orphanorum
3602 1423 3764 1491 patri,

2175 1522 2230 1568 et
2259 1523 2468 1569 sanctte
2497 1512 2684 1583 Maria:
2711 1513 2934 1586 virgini,
2973 1524 3027 1570 et
3075 1524 3390 1570 sanctorum
3416 1515 3766 1575 intercessio-

2180 1606 2361 1672 nibus,
2391 1622 2621 1677 quorum
2654 1606 2912 1675 reliquias
2942 1607 3028 1663 hic
3066 1607 3482 1667 collocavimus:
3515 1622 3625 1663 non
3652 1616 3766 1662 tur-

2173 1698 2333 1753 betur
2353 1713 2449 1753 cor
2478 1708 2738 1766 vestrum,
2765 1701 2858 1755 sed
2884 1716 2979 1770 spe
3011 1701 3218 1755 tendite
3244 1700 3298 1755 in
3326 1699 3532 1767 Deum;
3580 1718 3765 1771 quam-

481 1786 825 1842 suetndiuem
853 1802 1073 1857 semper
1100 1788 1311 1852 habuit,
1345 1798 1404 1842 ut
1428 1788 1780 1858 ipsaseolam
1814 1789 2068 1854 intraret,
2106 1801 2148 1860 Β
2176 1789 2259 1843 vis
2304 1789 2451 1843 enim
2510 1802 2737 1859 corpore
2780 1788 2951 1844 simus
2994 1790 3246 1845 absentes
3269 1829 3316 1868 ,Δ
3339 1805 3534 1846 amore
3590 1799 3766 1847 tamen

484 1889 542 1933 et
585 1877 918 1949 singularum
948 1878 995 1911 9°
1019 1879 1200 1935 studia
1253 1879 1459 1934 intente
1509 1888 1897 1948 pernosceret;
1938 1880 2087 1950 quia‘

481 1968 586 2025 sibi
623 1968 806 2025 fuerat
857 1970 961 2024 hoc
989 1985 1186 2026 munus
1213 1970 1610 2040 gratissimum,
1644 1971 1829 2026 videre
1854 1971 1934 2027 vel
1975 1988 2076 2026 au-

486 2061 609 2114 dire
637 2058 905 2131 cujusque
942 2060 1178 2115 hominis
1225 2060 1549 2129 profectum.
1592 2061 1726 2116 Tum
1769 2076 2074 2118 commora-

482 2152 648 2207 batur
670 2153 722 2207 iu
749 2151 941 2207 eadem
963 2152 1187 2208 civitate
1210 2167 1239 2207 a
1273 2162 1515 2222 tempore
1543 2153 1790 2208 autumni
1819 2153 1865 2185 "’
1896 2168 2074 2224 usque

483 2240 555 2313 ad
582 2239 933 2296 festivitatem
975 2241 1276 2297 nativitatis
1317 2240 1541 2297 Christi.
1592 2243 1723 2298 Post
1763 2244 2075 2315 sollempui-

489 2343 657 2390 tatem
685 2347 813 2390 vero
835 2334 1014 2390 sancti
1042 2334 1272 2405 apostoli
1310 2332 1531 2391 Thema:
1561 2333 1709 2406 (Dee.
1738 2334 1842 2407 ﬁl);
1878 2337 2072 2392 iterum

488 2422 836 2480 albatissam.
861 2422 931 2478 ad
958 2439 1019 2479 se
1048 2424 1286 2489 vocavit,
1318 2432 1375 2478 et
1408 2424 1555 2479 hunc
1591 2438 1903 2480 sermonem
1948 2442 2070 2480 cum

488 2502 605 2585 ipsa
649 2514 875 2569 habuit:
922 2531 941 2565 ι
973 2513 1019 2571 0
1054 2513 1213 2570 nobis
1256 2527 1474 2584 semper
1510 2513 1619 2570 tida
1660 2523 1721 2572 et
1760 2523 2074 2571 nostrorum

483 2604 735 2661 laborum
787 2606 1023 2663 maxime
1072 2606 1338 2663 conseia!
1379 2605 1494 2675 jam
1538 2609 1919 2680 cognoscimus
1965 2609 2076 2665 fre-

489 2699 713 2767 quentia
744 2697 1107 2765 infirmitatis,
1135 2709 1334 2757 nostra:
1355 2701 1728 2759 dissolutionis
1752 2688 1895 2761 diem
1918 2704 2075 2761 nobis

485 2788 957 2859 appropinquare,
1005 2799 1070 2845 et.
1104 2790 1312 2847 idcirco
1347 2793 1569 2861 expedit
1608 2792 1766 2850 nobis
1809 2794 1939 2849 hinc
1970 2794 2075 2850 iter

484 2877 830 2944 accelerare,
864 2892 933 2933 ne
961 2879 1049 2934 hic
1079 2880 1378 2949 praeveniat
1405 2896 1506 2936 nos
1536 2882 1758 2938 ultimus
1786 2883 1902 2940 dies
1935 2898 2074 2955 prte-

486 2968 663 3023 sentis
694 2967 836 3023 vitm.
868 2987 887 3021 ι
930 2969 1166 3023 Econtra
1194 2970 1479 3026 abbatissa
1505 2986 1617 3042 pra:
1645 2973 1881 3043 singultu
1907 2986 1963 3029 et
1990 2974 2072 3028 la-

468 3059 682 3140 ..crintis
709 3060 887 3132 primo
933 3060 1275 3125 retieuit,et
1317 3061 1498 3132 paullo
1541 3072 1663 3133 post
1700 3064 1781 3120 sic
1810 3066 1922 3121 ait:
1963 3082 1983 3117 ι
2026 3063 2073 3120 ο

2174 1892 2390 1947 semper
2413 1877 2565 1933 vobis
2590 1888 2885 1949 praesentes
2920 1878 3145 1933 erimus.
3174 1896 3194 1932 ι

2254 1967 2343 2022 24.
2380 1968 2457 2022 De
2480 1970 2724 2023 unctione
2754 1969 2967 2039 regium.
3015 1950 3187 2040 Igitur
3232 1956 3489 2027 discessit
3528 1967 3645 2025 Deo
3688 1971 3764 2024 di-

2177 2059 2314 2114 lteta
2354 2059 2539 2129 regina
2597 2060 2665 2115 de
2703 2060 2927 2115 civitate
2965 2057 3411 2115 Northusunense
3438 2061 3513 2126 in
3563 2060 3622 2114 ll
3671 2060 3767 2114 Κει-

2177 2149 2456 2205 leadarum
2481 2147 2724 2203 Januarii
2754 2147 2902 2220 (Dec;
2931 2148 3046 2219 2'2),
3070 2158 3125 2203 et
3148 2148 3442 2205 maximum
3478 2164 3764 2204 maerorem

2178 2228 2288 2299 illic
2309 2242 2776 2299 commorantibus
2812 2242 3028 2313 reliquit
3060 2243 3604 2304 sanctimonialibus,
3637 2259 3765 2313 quas

2175 2349 2394 2405 semper
2434 2344 2688 2390 materno
2725 2333 2913 2390 dilexit
2954 2332 3173 2403 amore;
3218 2335 3348 2406 quia
3395 2335 3550 2390 illam
3583 2337 3639 2390 in
3673 2320 3767 2391 hoc

2181 2428 2394 2483 mortali
2433 2443 2695 2498 corpore,
2739 2443 2838 2500 pro
2884 2428 3064 2485 dolor:
3112 2431 3338 2486 ulterius
3369 2446 3478 2486 non
3506 2440 3672 2486 erant
3696 2431 3765 2483 vi-

2179 2533 2336 2583 turte,
2365 2535 2485 2590 quae
2518 2513 2733 2574 illarum
2759 2520 2861 2574 fuit
2886 2522 3088 2587 honor,
3127 2521 3336 2586 laetitia,
3365 2522 3539 2577 decus
3564 2532 3624 2578 et
3648 2523 3757 2592 glo-

2180 2610 2281 2685 tia.
2323 2610 2477 2666 Tunc
2516 2612 2569 2666 in
2611 2611 3045 2683 Quitilingoburc
3086 2614 3450 2685 properabat,
3495 2614 3590 2669 ubi
3630 2614 3765 2677 Deus

2179 2708 2421 2754 sanctam
2451 2700 2689 2756 animam
2717 2702 2782 2757 de
2803 2703 2986 2758 carnis
3010 2703 3282 2774 ergastulo
3318 2698 3543 2760 dissolvi
3574 2718 3762 2773 praer-

2176 2789 2491 2858 dinaverat;
2537 2791 2718 2861 ibique
2749 2792 2914 2847 nimia
2945 2795 3266 2864 aegritudine
3295 2804 3579 2864 correpta,
3606 2810 3764 2862 usque

2181 2880 2249 2936 ad
2288 2880 2468 2938 obitus
2514 2883 2655 2938 diem
2711 2883 3093 2941 infirmabatur
3136 2885 3245 2957 (an.
3286 2885 3436 2957 968).
3476 2886 3763 2956 Appropiir

2173 2981 2375 3042 quante
2395 2981 2576 3029 autem
2597 2974 2970 3031 dissolutionis
2998 2976 3084 3031 die
3098 3014 3125 3042 μ
3142 2977 3207 3031 ad
3229 2992 3289 3032 se
3309 2976 3499 3031 vocari
3521 2973 3763 3047 premit

2174 3076 2339 3132 supra
2362 3076 2713 3121 memoratam
2737 3066 3068 3122 abbatissam
3086 3067 3474 3139 Richburgam,
3492 3067 3581 3123 cui
3596 3068 3761 3121 omnia

494 3152 748 3211 amabilis
792 3154 1041 3222 domina,
1104 3155 1233 3225 quid
1293 3154 1394 3210 sibi
1438 3157 1552 3211 vult
1598 3159 1714 3214 haec
1756 3160 2072 3231 prephetia?
2099 3145 2143 3207 C
2174 3150 2517 3221 ejussecreta
2539 3163 2666 3211 tunc
2690 3155 2907 3211 fuerant
2929 3157 3472 3224 notissima,utdiem
3497 3158 3758 3231 obitussai

488 3244 602 3302 Cur
630 3246 788 3303 nobis
818 3247 1037 3302 miseris
1063 3255 1174 3300 tam
1210 3247 1368 3301 triste
1397 3246 1597 3303 malum
1631 3249 1959 3318 pmdicitis,
1985 3258 2079 3305 aut

489 3336 580 3392 cui
612 3351 728 3392 nos
776 3336 1051 3393 desolatas
1106 3336 1444 3408 relinquitis?
1486 3338 1784 3407 Speramus
1806 3341 1984 3405 enim,
2022 3348 2081 3396 ut

492 3427 606 3482 Deo
645 3426 977 3498 prepitiante
1012 3426 1254 3482 nondum
1296 3425 1405 3481 tale
1433 3427 1564 3496 quid
1601 3429 1837 3483 eveniat.
1883 3426 2078 3486 Verum

492 3518 919 3594 quia’versatur
947 3517 1001 3572 in
1035 3516 1234 3583 dubio,
1274 3530 1536 3586 quorsum
1581 3527 1828 3573 vertatur
1872 3518 1919 3550 "'
1963 3518 2093 3575 lucc

489 3617 677 3663 vestra
705 3607 994 3678 aegritudo,
1021 3606 1300 3662 humiliter
1334 3621 1429 3663 vos
1464 3607 1733 3677 petimus,
1754 3617 1814 3664 ut
1848 3609 1939 3665 hic
1965 3626 2080 3665 tua-

490 3699 668 3754 neatis
689 3713 788 3768 per
813 3696 1018 3767 aliquot
1046 3705 1295 3769 tempus,
1339 3712 1511 3767 usque
1544 3698 1672 3754 dum
1704 3697 2000 3762 videamus,
2033 3698 2079 3754 si

493 3791 608 3846 Deo
647 3791 884 3845 donante
922 3789 1161 3845 leniatur
1203 3795 1386 3844 vester
1422 3788 1673 3853 morbus,
1715 3798 1809 3855 ut,
1834 3789 1877 3844 si
1913 3804 2081 3860 grave

492 3881 852 3937 infortunium
876 3881 1116 3948 eveniat,
1136 3882 1279 3953 quod
1310 3896 1459 3936 mors
1484 3891 1685 3937 nostra:
1709 3881 1867 3937 saluti
1899 3882 2080 3939 invida

457 3995 461 3999 ν
492 3991 594 4031 nos
630 3984 813 4031 vestra
842 3976 952 4029 vita
989 3974 1275 4037 destituat,
1323 3972 1521 4028 saltem
1565 3974 1671 4029 hac
1711 3972 2083 4029 consolatione

494 4068 851 4139 tespiremus,
875 4076 933 4121 ut
959 4069 1012 4121 in
1043 4066 1148 4122 hoc
1173 4065 1291 4121 loco
1313 4066 1591 4123 nobiseum
1639 4067 1952 4136 requiescat
1988 4082 2082 4122 ve-

494 4168 668 4215 strum
715 4157 948 4217 amabile
990 4173 1205 4227 corpus.
1241 4176 1258 4208 ι
1312 4155 1449 4210 Τιιιιι
1491 4157 1604 4212 Deo
1655 4155 1853 4211 dilecta
1893 4156 2080 4227 regina

500 4249 617 4303 htec
643 4262 903 4319 responsa
931 4247 1110 4301 dedit:
1140 4265 1158 4299 ι
1192 4245 1317 4303 llaec
1339 4245 1452 4313 jam
1483 4246 1691 4316 pridem
1718 4262 1749 4300 a
1780 4245 1936 4301 nobis
1974 4248 2084 4304 fue-

497 4348 625 4394 rant
647 4341 1035 4410 prteeogitata;
1074 4348 1130 4394 et
1164 4348 1426 4408 quantum
1459 4338 1615 4394 nobis
1638 4338 1952 4408 placuisset,
1985 4357 2083 4394 noo

499 4444 679 4492 atrum
709 4450 908 4505 corpus
936 4435 991 4490 in
1015 4435 1119 4491 hoc
1145 4432 1362 4503 sepeliri
1390 4433 1541 4497 loco,
1564 4434 1609 4487 si
1638 4431 2082 4502 prmdestinatum

507 4535 655 4583 esset
689 4542 719 4581 a
746 4526 888 4593 Deo,
919 4534 978 4580 ut
1009 4524 1101 4579 filii
1132 4524 1303 4581 nostri
1342 4523 1557 4580 Ottonis
1595 4533 1651 4579 et
1695 4521 1924 4578 aliorum
1991 4538 2087 4577 no-

494 4628 734 4675 atrorum
761 4628 1016 4690 nepotum
1053 4632 1181 4690 erga
1220 4633 1317 4673 vos
1353 4618 1525 4689 major
1554 4626 1701 4673 esset
1742 4615 2083 4688 procuratio!

496 4713 607 4768 Sed
637 4713 736 4770 hoc
766 4712 899 4767 haut
928 4709 1224 4766 consentiri
1259 4708 1725 4780 pertimescimus,
1751 4708 1876 4777 quia
1912 4707 2087 4763 domi-

499 4819 603 4857 nus
634 4811 822 4859 noster
852 4800 1145 4857 Heinricus
1180 4800 1233 4855 in
1270 4800 1710 4871 Quitilingoburc
1756 4798 2080 4868 requiesdl,

489 4892 652 4961 juxta
674 4907 835 4960 quem
870 4899 1092 4961 oportet
1127 4906 1228 4947 nos
1268 4891 1640 4946 commendari
1677 4890 2001 4959 sepulturae,
2030 4900 2085 4944 et

496 4980 642 5035 diem
686 4981 932 5035 ultimum
978 4991 1319 5051 exspectare.
1366 4980 1523 5035 Nunc
1567 4988 1748 5034 autem
1789 4981 1833 5034 si
1879 4979 1933 5033 in
1983 4981 2089 5034 hoc

498 5072 620 5129 loco
648 5074 896 5131 evenerit
924 5072 1104 5130 obitus
1130 5083 1316 5128 noster
1334 5112 1350 5141 ,
1380 5072 1600 5142 gravius
1629 5071 2083 5143 eoangustabitur

2183 3242 2291 3299 illic
2311 3253 2685 3315 exspectaret,
2716 3255 2772 3303 et
2808 3247 2861 3302 in
2892 3246 3191 3317 extremis,
3228 3248 3372 3304 sicut
3406 3257 3572 3303 antea
3592 3289 3608 3313 ,
3641 3248 3760 3303 lide-

2182 3331 2310 3387 liter
2352 3335 2709 3391 ministraret.
2773 3334 3032 3393 Sentiens
3075 3345 3263 3392 autem
3310 3348 3507 3401 sancta
3553 3339 3759 3394 dentis:

2182 3422 2327 3478 diem
2355 3423 2610 3480 ultimum
2637 3426 2739 3481 sibi
2771 3427 3051 3491 advenire,
3079 3427 3351 3497 episcopis
3369 3438 3425 3482 et
3456 3427 3761 3498 presbiteris

2181 3528 2287 3569 ozm
2310 3528 2396 3570 exn
2423 3531 2645 3572 censum
2687 3519 2981 3589 erogabat,
3016 3533 3179 3588 quem
3215 3519 3434 3573 utilitati
3476 3535 3760 3590 pauperqu

2183 3606 2418 3662 nondum
2442 3611 2989 3674 accommodaverat,
3025 3621 3082 3663 et
3122 3607 3379 3665 muniﬁca
3425 3624 3591 3667 manu
3634 3610 3759 3665 inter

2187 3697 2518 3752 monasteria
2542 3700 2816 3756 dividebat
2854 3699 3009 3770 (42);.
3043 3698 3171 3754 illud
3227 3700 3539 3755 recondens
3576 3700 3629 3753 in
3658 3714 3759 3752 me-

2182 3787 2379 3854 moria,
2402 3789 2547 3858 quod
2574 3804 2762 3860 evaugc
2782 3789 2885 3847 lica
2915 3790 3162 3861 prtreipit
3192 3789 3463 3857 scriptura
3491 3805 3506 3841 :
3538 3807 3558 3841 ι
3594 3785 3761 3840 Vende

2183 3878 2365 3933 omnia
2387 3893 2506 3948 qua:
2524 3877 2692 3935 habes
2713 3889 2768 3934 et
2788 3878 2852 3933 da
2879 3880 3206 3951 pauperibus
3221 3877 3440 3951 (Matth.
3466 3870 3586 3942 ω.
3615 3878 3717 3944 21).
3741 3894 3758 3925 ι

2182 3969 2318 4026 Cum
2366 3970 2533 4042 igitur
2573 3971 2855 4027 innumera
2890 3970 3187 4027 conﬂueret
3227 3968 3557 4034 multitudo,
3605 3981 3762 4037 tegm-

2185 4071 2389 4116 Iantem
2434 4061 2676 4132 reginam
2705 4062 2962 4127 visitare,
3006 4061 3158 4117 venit
3191 4068 3250 4115 et
3286 4056 3760 4118 Willehelmus’“,

2194 4150 2527 4223 Moguntina:
2575 4154 2722 4209 sedis
2764 4153 3239 4223 archiepiscopus,
3278 4157 3333 4206 et
3377 4149 3633 4221 quamvis
3669 4146 3764 4200 Deo

2180 4244 2411 4314 jubente
2438 4245 2589 4315 prior
2608 4253 2841 4301 mortem
2866 4253 3012 4301 esset
3036 4243 3348 4307 subiturus,
3373 4252 3559 4295 tamen
3592 4251 3763 4310 aggre-

2187 4333 2336 4388 ditur
2376 4343 2623 4389 sanctant
2667 4333 2803 4397 Dei,
2849 4335 3018 4389 verba
3068 4330 3460 4389 consolationis
3505 4331 3763 4385 ministra-

2192 4422 2389 4482 turus:
2429 4427 2680 4481 obiturus
2715 4426 2960 4481 visitavit
2999 4425 3302 4488 obituram,
3349 4433 3403 4478 et
3447 4437 3564 4476 sua:
3592 4419 3767 4477 mortis

2190 4517 2436 4581 nescius,
2480 4515 2868 4575 consolabatur
2914 4515 3188 4571 modicum
3225 4523 3352 4584 post
3392 4528 3455 4568 se
3489 4512 3761 4567 victuram.

2190 4606 2356 4663 Beata
2390 4624 2523 4665 vero
2554 4608 2738 4679 regina
2764 4608 3077 4677 episcopum
3117 4614 3177 4660 ut
3214 4604 3379 4669 vidit,
3425 4604 3590 4659 hilari
3634 4601 3762 4655 vultu

2189 4712 2243 4757 et
2272 4717 2435 4772 quam
2471 4701 2725 4758 familiari
2754 4703 2997 4772 suscepit
3021 4700 3185 4759 all‘atu
3214 4719 3226 4755 :
3254 4719 3275 4752 ‹
3304 4697 3419 4755 Non
3446 4699 3762 4755 dubitamus,

2194 4792 2390 4861 inquit,
2417 4791 2696 4848 voluntate
2738 4791 2834 4848 Dei
2869 4807 2967 4847 vos
3010 4807 3154 4846 nunc
3194 4791 3262 4845 ad
3292 4803 3393 4845 nos
3422 4788 3617 4858 dirigi;
3655 4799 3761 4840 nant

2190 4897 2350 4936 nemo
2401 4882 2557 4938 nobis
2579 4880 2911 4942 fantiliarior
2949 4891 3005 4937 et
3037 4882 3103 4938 ad
3136 4883 3238 4937 hoc
3260 4895 3395 4950 opus
3424 4889 3574 4934 esset
3600 4878 3667 4909 ³⁸⁸
3690 4891 3763 4930 ac-

2197 4978 2441 5047 ceptior;
2516 4978 2959 5050 quandoquidem
3028 4976 3186 5031 nobis
3235 4978 3350 5031 haec
3396 4973 3649 5029 absur’uta
3695 4977 3762 5026 est

2198 5085 2346 5139 spes,
2381 5080 2440 5126 ut
2467 5071 2699 5126 dilectus
2726 5068 2869 5126 filius
2892 5077 3082 5125 noster
3102 5068 3285 5124 Bruno
3317 5074 3567 5121 maneret
3590 5075 3761 5133 super-

1784 5186 2020 5240 ‘v’Al‘tll-E
2061 5187 2466 5246 LECTIONES.
