3908 5426
133 284 240 344 917

1170 287 1464 346 SANCTE
1503 289 1872 347 MATIIILDIS
1907 288 2186 347 RECINaﬁ
2226 286 2402 342 VITA.

3315 267 3462 337 ore:

137 418 286 468 szcs,
324 417 493 472 usque
515 403 638 458 dum
683 411 866 458 nostra
905 411 1147 458 extrema
1193 403 1419 468 videret,
1451 413 1504 458 et
1534 418 1730 470 corpus
1763 409 1806 463 Α
1840 415 1972 470 Pace
2021 400 2256 465 Christi,
2307 412 2653 470 quocumque
2718 395 2969 451 voluntas
3010 393 3180 465 ipsius
3226 393 3453 449 decre-.

139 508 312 550 terra:
361 494 786 550 commendaret.
836 492 990 547 Nunc
1036 501 1216 546 autem
1261 493 1493 562 primum
1547 491 1730 546 audite

140 598 398 641 nostram
428 585 863 650 confessionem,
910 592 964 640 et
995 583 1119 637 date
1142 582 1297 637 nobis
1330 582 1733 646 remissionem,

137 694 244 748 per
277 686 596 747 potestatem
623 692 744 744 qua:
764 674 920 729 vobis
943 674 1140 728 tradita
1173 683 1258 728 est
1290 689 1317 726 a
1348 672 1457 726 Deo
1474 683 1527 726 et
1548 681 1736 726 sancto

140 767 326 822 Petro
356 767 600 836 principe
625 767 1027 835 apostolorum,
1074 773 1128 818 et
1171 774 1300 818 tunc
1339 764 1536 817 intrate
1565 763 1739 817 eccle-

140 861 310 924 siam,
343 870 396 914 et
423 869 640 914 eantate
670 859 888 912 missam
919 873 1016 928 pro
1044 859 1284 928 peccatis
1317 867 1369 910 et
1394 857 1737 926 negligentiis

141 951 393 1012 nosuis.
447 951 667 1020 insuper
717 965 816 1020 pro
876 949 1056 1003 anima
1116 948 1319 1004 domini
1377 949 1544 1003 nostri
1597 949 1739 1018 regis

145 1044 313 1100 licini
333 1044 424 1110 ici,
467 1054 522 1100 tt
549 1059 649 1114 pro
676 1043 929 1097 erunibus
957 1041 1158 1097 Christi
1190 1041 1259 1072 ¹⁰³
1291 1040 1560 1106 ﬁdelibus,
1603 1040 1738 1096 vivis

141 1146 200 1188 et
223 1135 523 1189 defunctis.
556 1153 575 1186 ι
622 1133 897 1202 Completa
924 1142 1103 1185 autem
1137 1129 1498 1194 confessione,
1531 1130 1733 1199 episco-

148 1244 256 1295 ius
291 1226 518 1282 intravit
547 1224 829 1281 eiclesiam
853 1265 867 1288 ,
917 1224 1100 1279 omnia
1135 1223 1364 1294 implens
1391 1239 1509 1292 qua:
1553 1222 1734 1292 regina

141 1319 583 1374 desideraverat.
623 1317 801 1371 Finita
832 1317 1026 1380 missa,
1071 1331 1287 1370 rursum
1329 1315 1551 1369 intravit
1589 1314 1741 1369 cubi-

143 1423 174 1463 c
198 1408 356 1470 ilum,
404 1418 460 1461 et
491 1406 738 1461 iterando
767 1407 914 1462 dedit
956 1406 1031 1460 illi
1078 1405 1453 1460 remiSsionem
1489 1413 1740 1474 peccato-

141 1514 293 1554 rum.
341 1497 693 1554 Postmodum
749 1497 1004 1568 perunxit
1053 1511 1174 1550 eam
1225 1504 1440 1551 sacrato
1484 1494 1636 1558 oleo,
1681 1502 1736 1548 et

143 1591 425 1646 recreavit
471 1600 819 1644 sacrosancto
853 1587 1098 1658 corporis
1129 1596 1182 1642 et
1215 1587 1495 1656 sanguinis
1535 1585 1739 1640 Christi

146 1682 443 1752 mysterio.
483 1679 633 1734 Tunc
675 1679 804 1732 inibi
849 1677 1289 1732 commorabatur
1334 1692 1434 1745 per
1477 1675 1736 1738 triduum,

1839 493 1995 549 verit.
2037 514 2063 544 ι

1907 586 1999 640 25.
2044 585 2120 639 De
2161 585 2305 639 obitu
2342 585 2589 653 episcopi.
2638 582 2937 654 Episcopus
2977 590 3161 636 autem
3201 579 3325 634 inde
3365 579 3421 634 in

1838 679 2206 734 RaduIverOth
2232 693 2494 748 pergens,
2527 677 2706 746 ibique
2742 675 3120 730 medicinalem
3150 672 3423 741 accipiens

1838 769 2148 838 potionem,
2198 768 2480 822 subitanea
2523 778 2698 820 morte
2742 766 3064 836 defungitur
3106 763 3295 834 (Mart.
3339 762 3426 834 2).

1841 857 2046 912 Euntes
2091 866 2273 911 autem
2307 856 2481 910 nuntii
2515 857 2627 909 haec
2657 856 2708 909 in
2736 855 3173 926 Quitilingoburc
3221 853 3426 907 indica-

1839 950 1991 1005 bant.
2039 949 2174 1004 Cum
2221 957 2402 1003 autem
2441 963 2631 1002 omnes
2674 948 2984 1002 dubitarent
3027 947 3260 1016 qualiter
3311 946 3426 999 hanc

1839 1039 2041 1108 regina:
2087 1038 2492 1101 iudicarentur,
2526 1052 2592 1092 ne
2626 1036 2959 1090 inﬁrmitatis
2996 1034 3114 1102 ejus
3161 1037 3428 1105 asperitas

1841 1131 2225 1200 adaugeretur,
2251 1128 2580 1183 venerabilis
2609 1128 2814 1183 Christi
2851 1125 3090 1192 famula,
3131 1126 3286 1194 quasi
3319 1127 3426 1194 spi-

1841 1223 1949 1279 ritu
1991 1221 2290 1293 prophetia:
2336 1220 2642 1286 illustrata,
2697 1218 3110 1274 lacrimabiliter
3145 1217 3430 1272 subridens

1841 1314 1958 1369 ait:
1998 1332 2017 1365 ε
2052 1311 2190 1382 Quid
2240 1311 2385 1365 intra
2433 1325 2534 1365 vos
2583 1309 2976 1364 murmuratis?
3021 1308 3091 1363 Et
3139 1323 3237 1364 cur
3273 1307 3428 1360 triste

1843 1401 2044 1458 malmn
2112 1417 2213 1457 nos
2273 1399 2454 1458 celare
2514 1401 2880 1457 desideratis?
2939 1399 3200 1455 Novimus
3252 1398 3427 1460 enim,

1841 1493 2246 1548 Willehclmum
2270 1495 2582 1564 episc0pum
2609 1493 2674 1546 de
2705 1493 2808 1547 hoc
2839 1490 3041 1545 mmido
3065 1490 3352 1562 migrasse,
3376 1498 3432 1542 et

1844 1585 1948 1639 hoc
1969 1593 2063 1654 test
2088 1599 2313 1655 magnus
2341 1583 2594 1639 cumulus
2624 1582 2957 1636 inﬁrmitatis
2986 1590 3204 1636 nostra.
3235 1578 3434 1634 Praci-

1842 1678 1953 1749 pitc
1980 1678 2132 1749 signa
2166 1677 2413 1732 ecclesia:
2444 1669 2671 1747 pulsari,
2705 1684 2758 1729 et
2787 1688 3052 1745 pauperes
3082 1673 3427 1742 congregari,

142 1771 271 1840 quia
299 1768 799 1840 credebatjamjam
830 1767 1255 1837 imminereejus
1279 1765 1737 1832 obitum.Quarto
1771 1755 1813 1814 Β
1848 1779 1906 1825 ut
1947 1769 2274 1824 elemosinas
2323 1769 2623 1839 accipiant,
2675 1782 2794 1836 qua:
2831 1782 2926 1836 pro
2974 1765 3153 1818 anima
3197 1762 3314 1832 ejus
3363 1764 3431 1817 atl

146 1870 341 1916 autem
373 1859 461 1914 die
486 1875 608 1914 eum
638 1856 957 1926 illltiiigtl'el
977 1896 992 1922 ,
1038 1858 1180 1911 diem
1213 1857 1582 1910 dissolutionis
1610 1871 1744 1912 non-

151 1957 284 2011 dum
331 1957 562 2019 instare,
612 1954 678 2006 ad
722 1961 1074 2021 mgrotantezn
1119 1950 1360 2020 reginam
1410 1949 1662 2014 accessit,
1690 1956 1744 2002 et

158 2044 326 2100 eundi
357 2042 634 2098 licentiam
671 2040 1002 2109 postulavit,
1029 2040 1288 2108 plangens
1328 2039 1452 2091 fletu
1493 2038 1744 2092 inconso-

146 2136 342 2200 labili,
401 2136 528 2207 quia
577 2134 877 2197 sentiebat,
923 2132 1042 2203 ejus
1094 2130 1466 2186 inﬁrmitatem
1522 2129 1744 2182 minime

148 2225 348 2288 leniri;
388 2223 480 2278 sed
514 2223 558 2277 si
591 2222 842 2277 nimroris
875 2222 1140 2292 asperitas
1183 2220 1368 2273 animo
1393 2218 1530 2273 ullas
1567 2219 1744 2272 remit-

151 2324 300 2372 teret
346 2315 628 2380 inducias,
678 2329 788 2367 non
845 2312 1058 2379 dolere,
1111 2311 1242 2381 quin
1297 2312 1475 2380 potius
1525 2310 1746 2365 deberet

149 2408 424 2478 gaudere;
456 2407 582 2475 quia
615 2416 817 2460 sancta}
854 2405 948 2458 Dei
980 2404 1163 2457 anima
1209 2417 1489 2458 recessura
1524 2403 1590 2456 de
1625 2417 1746 2455 cor-

148 2514 318 2567 pore,
366 2497 433 2553 de
475 2496 661 2552 labore
707 2497 774 2551 ad
839 2495 1081 2565 requiem
1141 2494 1382 2548 creditur
1435 2493 1740 2562 pervenire.

157 2588 370 2644 Sancta
404 2597 586 2643 autem
618 2587 838 2642 domina
881 2595 936 2640 et
977 2586 1264 2655 episcopus
1295 2585 1745 2654 colloquehantur

155 2681 306 2735 inter
357 2695 416 2734 se
462 2679 725 2748 plurima,
760 2695 880 2748 qua:
927 2692 1248 2732 enumerare
1285 2687 1411 2732 sunt
1447 2677 1740 2747 perlonga,

153 2772 385 2828 Interim
418 2771 604 2841 regina
636 2770 704 2824 ad
746 2786 804 2825 se
850 2770 1060 2825 vocavit
1099 2769 1428 2824 abbatissam
1475 2768 1746 2824 Richbur—

151 2877 318 2931 gam,
369 2861 716 2930 interrogans
787 2861 831 2914 si
902 2860 1030 2928 quid
1081 2859 1182 2914 sibi
1227 2869 1564 2928 superesset,
1603 2861 1744 2930 quod

153 2953 420 3019 episeopo
469 2951 600 3006 dare
654 2959 854 3020 posset.
911 2949 1002 3003 illa
1062 2965 1192 3003 vero
1248 2950 1580 3019 respondens
1623 2950 1740 3003 ait:

160 3061 178 3095 ι
213 3042 360 3110 Quid
392 3043 547 3097 vobis
571 3083 585 3108 ,
634 3043 742 3096 Deo
787 3041 1132 3097 dilectissima
1155 3083 1168 3107 ,
1214 3051 1393 3110 potest
1430 3040 1745 3112 superesse?

155 3129 356 3187 Omnia
387 3141 564 3185 vestra
601 3131 650 3182 in
677 3131 1032 3186 necessitates
1075 3146 1368 3200 pauperum
1401 3139 1527 3183 sunt
1563 3129 1745 3184 distri-
1772 3098 1816 3160 Ο

157 3220 359 3274 buta.)
411 3219 482 3272 At
532 3219 661 3272 illa:
698 3237 716 3271 ι
755 3218 854 3273 Ubi
909 3230 1075 3285 sunt,
1133 3219 1340 3288 inquit,
1387 3219 1580 3290 pallia,
1628 3235 1747 3289 qua:

159 3320 368 3363 nostra:
398 3310 688 3378 sepultura:
717 3309 980 3378 jussimus
1009 3312 1421 3365 abscondenda?
1460 3311 1549 3366 llla
1592 3313 1747 3367 nobis

157 3409 596 3471 prxsententur,
643 3411 700 3454 ut
750 3408 936 3455 nostro
987 3402 1166 3470 nepoti
1214 3402 1266 3454 in
1319 3403 1509 3472 pignus
1545 3403 1748 3457 amoris

158 3495 466 3556 donentur;
512 3506 636 3545 nam
665 3491 779 3561 ipse
807 3492 954 3561 prior
980 3492 1134 3546 nobis
1160 3493 1243 3548 his
1266 3494 1503 3563 indiget,
1547 3502 1607 3548 ut
1645 3510 1748 3564 pu-

161 3591 369 3646 tamus,
417 3583 542 3652 quia
573 3583 676 3637 iter
703 3583 1078 3638 diflicilliinum
1105 3592 1190 3639 est
1227 3585 1559 3654 incepturus.
1587 3586 1746 3640 Sem-

160 3689 259 3742 per
286 3672 432 3727 enim
451 3681 700 3728 versatur
721 3674 774 3729 in
806 3673 994 3738 dubio,
1037 3689 1146 3744 quo
1174 3689 1233 3729 se
1260 3683 1434 3728 vertat
1478 3675 1747 3731 instabilis

162 3763 398 3817 fortuna:
428 3764 691 3829 conditio,
721 3765 809 3818 vel
839 3766 906 3819 ad
941 3781 1076 3834 quos
1105 3765 1322 3820 labores
1362 3766 1592 3820 miseros
1625 3783 1744 3836 per-

163 3855 350 3910 trahat
375 3855 644 3909 homines.
670 3854 804 3909 Cum
837 3865 1015 3909 autem
1045 3867 1229 3911 noster
1258 3857 1438 3912 obitus
1469 3857 1743 3924 evenerit,

159 3949 269 4003 hoc
294 3948 642 4017 proverbium
679 3948 730 4002 in
760 3948 917 4003 nobis
946 3957 1121 4018 potest
1146 3949 1449 4018 adimpleri,
1477 3951 1620 4020 quod
1651 3966 1753 4004 ore

159 4039 306 4110 vulgi
331 4039 434 4096 dici
459 4039 634 4095 solet:
671 4057 688 4091 ς
726 4039 1023 4110 Propinqui
1051 4055 1191 4110 saepe
1220 4041 1747 4110 invenientnuptia-

165 4150 184 4184 ι
216 4133 324 4187 lem
355 4141 562 4188 vestem
591 4143 645 4187 et
669 4135 1002 4204 lugubreth
1023 4134 1385 4192 lnterimdum
1419 4136 1533 4190 haec
1563 4134 1769 4205 loque-

158 4234 315 4278 retur
350 4225 565 4294 regina,
594 4225 743 4278 venit
772 4226 1046 4280 abbatissa
1077 4224 1312 4281 alferens
1337 4226 1525 4294 pallia;
1571 4236 1627 4280 at
1653 4225 1744 4280 illa

160 4320 276 4374 haec
327 4319 638 4387 accipiens,
671 4319 817 4373 dedit
849 4319 1136 4387 episcopo,
1164 4328 1217 4373 ct
1249 4319 1326 4372 ait
1355 4333 1368 4372 :
1404 4336 1422 4370 ‹
1459 4316 1582 4373 llaec
1623 4335 1745 4373 mu-

1845 1859 2015 1913 Dcum
2049 1859 2412 1914 intercedant.
2443 1880 2460 1911 ι
2499 1859 2628 1914 Post
2663 1858 2778 1913 haec
2819 1856 3102 1913 duodecim
3135 1855 3252 1912 dies
3283 1871 3431 1908 mon-

1848 1949 1970 2003 talis
1993 1950 2118 2003 vita:
2144 1949 2399 2019 spiritum
2425 1949 2602 2004 duxit.

1915 2039 2005 2092 2⁸.
2025 2037 2401 2103 ρααιὶιει·.ςιιο.ς
2425 2039 2693 2095 como/ala
2718 2041 2804 2094 sit.
2826 2040 3025 2096 Sancto
3047 2049 3225 2094 antem
3241 2039 3434 2094 sabba-

1847 2134 1940 2187 tho
1969 2133 2156 2203 (Mart.
2180 2133 2291 2204 M),
2341 2135 2392 2188 in
2417 2150 2525 2205 quo
2551 2135 2751 2189 Christi
2775 2134 2978 2189 famula
3006 2150 3285 2191 recessura
3315 2143 3435 2189 erat

1847 2239 1878 2278 a
1909 2226 2123 2290 seculo,
2152 2236 2208 2278 ut
2245 2227 2480 2295 pritnunt
2513 2206 2785 2296 persensit
2820 2226 3115 2292 lucescere,
3155 2241 3342 2282 omnes
3379 2226 3436 2280 in

1847 2316 2094 2372 cubiculo
2110 2333 2296 2372 secum
2312 2328 2716 2372 commorantes
2731 2319 3015 2374 admonuit
3029 2320 3094 2374 de
3107 2334 3299 2374 somno
3319 2312 3439 2373 sua"

1845 2421 1991 2476 gere,
2008 2416 2066 2460 ut
2090 2407 2422 2476 presbiteros
2436 2417 2490 2462 et
2513 2423 2569 2462 sa
2579 2408 2954 2464 nctimoniales
2969 2426 3206 2465 convoca
3216 2419 3354 2472 rent,
3380 2419 3436 2466 et

1846 2512 1966 2568 qure
2013 2499 2218 2568 agenda
2259 2508 2443 2554 essent
2490 2500 2919 2570 agerent.-Cum
2961 2517 3090 2572 ergo
3147 2503 3436 2558 innumera

1847 2590 2130 2660 utriusque
2144 2605 2306 2645 sexus
2330 2590 2616 2646 multitudo
2629 2593 2959 2656 conveniret,
2976 2595 3228 2664 praecepit
3247 2604 3438 2650 sancta

1847 2680 1939 2735 Dei
1970 2681 2098 2735 nulli
2123 2681 2406 2736 introitum
2445 2683 2742 2752 prohiberi.
2776 2682 2943 2754 Igitur
2985 2686 3234 2741 omnibus
3270 2687 3440 2742 intro-

1847 2773 2070 2844 gressis,
2101 2775 2431 2829 salutaribus
2469 2776 2688 2831 monitis
2719 2775 2839 2831 illos
2887 2777 3168 2842 instruxit,
3208 2778 3433 2835 dicens:

1852 2880 1871 2914 ί
1904 2864 2113 2919 Servite
2140 2865 2366 2922 Domino
2398 2867 2448 2920 in
2483 2868 2698 2934 timore,
2736 2877 2790 2924 et
2818 2868 3058 2924 exultate
3084 2871 3134 2925 ei
3165 2886 3287 2925 cum
3321 2881 3438 2928 tres

1847 2971 2030 3023 more;
2062 2959 2454 3027 apprehendite
2482 2961 2847 3030 disciplinam,
2892 2977 2959 3018 ne
2979 2965 3193 3031 quando
3225 2965 3434 3019 irasca-

1850 3061 1936 3105 tur
1958 3049 2238 3118 Dominus,
2272 3061 2326 3108 et
2354 3055 2593 3122 pereatis
2616 3055 2682 3109 de
2733 3055 2817 3108 via
2854 3055 3004 3124 justa
3046 3054 3221 3128 (Psal.
3254 3073 3317 3124 ll,
3344 3059 3434 3123 ll,

1852 3142 1960 3212 12).
1994 3143 2268 3200 Declinate
2291 3161 2320 3200 a
2344 3145 2485 3200 malo
2505 3156 2560 3202 et
2586 3146 2746 3201 facite
2766 3147 2987 3211 bonum,
3019 3156 3074 3202 ut
3101 3147 3152 3202 in
3180 3157 3432 3203 extrema

1848 3235 1981 3288 bora
2009 3245 2202 3292 vestrae
2233 3239 2427 3292 anima:
2457 3239 2525 3294 ab
2565 3239 2774 3294 insidiis
2800 3238 3000 3293 diaboli
3024 3239 3345 3310 eripiantur,
3379 3251 3442 3297 et.

1848 3335 2049 3380 teterna
2084 3328 2238 3384 vobis
2271 3330 2491 3398 prmmia
2538 3345 2569 3382 a
2614 3331 2723 3384 Deo
2763 3330 3053 3385 donentur.
3093 3351 3111 3383 ι
3156 3331 3282 3386 Post
3325 3333 3440 3387 haec

1848 3419 2128 3489 praecepit,
2154 3429 2213 3474 ut
2239 3436 2428 3476 omnes
2454 3421 2667 3476 exirent
2691 3423 2744 3476 in
2782 3438 2914 3492 pace
2944 3422 3170 3490 Christi,
3214 3425 3314 3480 nisi
3345 3426 3442 3499 qui

1851 3513 2156 3566 necessaria
2179 3512 2279 3566 sibi
2310 3522 2495 3568 essent
2544 3514 2928 3568 ministraturi.
2978 3515 3128 3571 Tunc
3151 3515 3216 3568 ad
3243 3531 3302 3570 se
3348 3531 3443 3576 vo-,

1849 3604 1993 3656 cavit
2014 3618 2166 3657 suam
2196 3604 2466 3672 neptnlatn
2496 3605 2827 3658 abbatissam
2863 3605 3235 3671 Mahthildam,
3273 3606 3440 3661 ﬁliam

1849 3693 2062 3749 Ottonis
2086 3695 2448 3764 imperatoris,
2496 3681 2749 3749 salutaria
2794 3695 2868 3750 illi
2917 3695 3051 3772 dans
3099 3698 3326 3762 monita,
3377 3706 3440 3753 nt

1849 3796 1992 3840 esset
2017 3786 2105 3855 pia
2132 3795 2184 3840 et
2208 3787 2448 3851 humilis,
2478 3788 2711 3856 prudens
2737 3796 2792 3840 et
2836 3797 3012 3852 cauta,
3048 3803 3112 3844 ac
3141 3788 3245 3843 sibi
3287 3805 3440 3844 eom-

1852 3878 2076 3932 missum
2106 3894 2323 3949 gregem
2350 3878 2672 3943 custodiret,
2709 3886 2763 3933 et
2796 3887 2852 3931 ut
2890 3879 3280 3933 monasterium
3315 3896 3438 3936 raro

1851 3971 2225 4039 egrederetur,
2283 3987 2350 4026 ne
2387 3969 2726 4025 secularibus
2756 3970 2938 4024 dedita
2968 3986 2998 4024 a
3029 3970 3230 4027 Christi
3264 3974 3436 4026 servi-

1853 4061 1930 4116 tio
1975 4062 2347 4132 impediretur.
2398 4063 2742 4116 Deditetiam
2786 4061 2834 4115 ei
2873 4062 2928 4116 in
2959 4078 3176 4116 manum
3214 4079 3439 4134 compu-

1854 4155 2076 4220 tarinm,
2107 4155 2163 4210 in
2212 4170 2322 4224 quo
2353 4155 2571 4209 nomina
2617 4154 2992 4210 defunctorum
3032 4155 3231 4223 scripta
3280 4165 3441 4210 erant

1851 4263 2169 4318 procerum;
2212 4247 2611 4304 commendavit
2641 4247 2714 4301 illi
2746 4246 2948 4301 domini
2976 4247 3058 4300 sui
3089 4245 3231 4317 regis
3275 4247 3440 4301 licin-

1850 4339 1953 4394 riei
2009 4341 2268 4406 animam,
2326 4340 2727 4396 commendavit
2772 4348 2827 4394 et
2871 4355 3047 4404 suam,
3097 4349 3151 4394 et
3195 4342 3438 4394 omnium

163 4424 295 4463 nera
323 4418 513 4463 nostra
537 4411 644 4464 sint
668 4410 998 4464 monimenta
1031 4408 1117 4461 ηδ.
1150 4429 1168 4461 ι
1207 4409 1272 4463 Et
1303 4425 1424 4463 cum
1455 4410 1570 4465 inec
1592 4426 1742 4466 acce-

1855 4432 2114 4499 tldelium,
2161 4448 2392 4509 quorum
2443 4433 2762 4488 memoriam
2811 4432 3100 4487 recolebat.
3136 4431 3440 4488 Novissima

158 4499 326 4566 pisset
362 4500 686 4568 episcopus,
731 4501 934 4569 gratias
973 4500 1113 4570 egit,
1167 4509 1220 4554 et
1262 4516 1382 4554 eam
1415 4503 1744 4557 benedicens

158 4593 411 4647 recessit.
459 4592 766 4647 Conversus
811 4602 990 4646 autem
1033 4581 1099 4649 ad
1130 4594 1578 4660 circumstantes,
1620 4611 1742 4650 cum

157 4681 372 4736 silentio
399 4682 477 4736 sic
517 4681 730 4737 locutus
757 4692 838 4736 est
866 4701 878 4736 :
919 4701 936 4733 ‹
974 4681 1109 4736 llinc
1144 4683 1195 4736 in
1220 4682 1588 4737 liadulveroth
1621 4695 1741 4739 ten»

159 4772 355 4840 dimus,
381 4781 438 4829 et
465 4789 630 4828 unum
663 4789 730 4828 ex
757 4773 971 4830 clericis
1010 4776 1211 4830 nostris
1238 4776 1325 4832 hic
1363 4776 1430 4807 ¹⁰⁵
1470 4778 1738 4847 relinqui.

158 4877 310 4927 mus,
338 4870 398 4916 ut
428 4863 474 4916 si
513 4863 745 4918 domina:
782 4874 984 4918 nostra:
1017 4865 1199 4920 obitus
1235 4865 1480 4931 eveniat,
1525 4867 1632 4921 cito
1673 4868 1741 4921 ad

158 4963 261 5010 nos
287 4953 498 5018 redeat,
534 4965 590 5007 et
620 4955 776 5013 nobis
811 4957 1114 5021 annuntiet,
1134 4967 1193 5011 ut
1218 4959 1414 5012 iterum
1441 4960 1742 5024 veniamus,

158 5054 210 5097 et
257 5045 475 5100 decenti
521 5044 726 5100 honore
771 5062 971 5115 corpus
1015 5056 1176 5102 terra:
1220 5050 1683 5104 commendemus.
1722 5069 1739 5101 ι

160 5132 363 5205 Regina
388 5148 524 5190 vero
551 5145 711 5206 caput
739 5136 993 5204 erigens,
1021 5137 1178 5204 quasi
1210 5138 1495 5206 episcopus
1533 5141 1646 5194 lucc
1675 5139 1743 5193 ad

161 5238 217 5278 ιθ
241 5226 512 5279 dixisset;
543 5243 563 5276 ε
602 5224 716 5280 Non
747 5237 830 5282 εδι
861 5240 1015 5293 opus,
1048 5225 1246 5295 inquit,
1275 5234 1334 5279 ut
1360 5227 1444 5279 lic
1473 5230 1743 5297 t'clinq'2a-

1855 4533 2035 4580 autem
2074 4525 2348 4582 ltiehburc
2377 4524 2650 4579 abbatissa
2683 4533 2876 4577 maesta
2905 4524 3188 4592 processit,
3220 4534 3274 4578 et
3296 4540 3439 4593 genu

1848 4615 1988 4672 ﬂexo
2017 4620 2080 4671 in
2118 4627 2341 4679 terram,
2369 4617 2531 4684 pedes
2556 4616 2755 4684 regina:
2792 4614 3122 4669 lacrimando
3163 4617 3442 4683 amplecti-

1852 4718 1960 4774 tur,
1991 4709 2066 4764 ita
2093 4708 2377 4778 inquiens:
2412 4726 2430 4757 ‹
2464 4707 2689 4761 Domina
2721 4705 2793 4759 mi
2819 4705 3130 4768 Carissima,
3161 4707 3244 4759 cui
3279 4706 3442 4758 rclin.

1847 4802 2014 4870 quitis
2056 4799 2529 4870 congregationem
2577 4796 2890 4863 desolatam,
2948 4811 3111 4865 super
3141 4811 3303 4863 quam
3351 4813 3440 4850 me

1855 4891 2126 4963 indignam
2180 4889 2542 4946 constituistis
2591 4887 2973 4964 abbatissam?
3028 4886 3253 4940 Diﬂicile
3308 4889 3421 4942 niih

1852 4993 1935 5039 est
1963 4999 2179 5040 servare
2199 4996 2416 5054 gregem
2442 4978 2963 5046 commissumgluia
2992 4987 3230 5033 vestrmn
3263 4978 3449 5034 aberit
3479 5037 3482 5039 Α

1852 5076 2172 5132 subsidium.
2213 5093 2231 5127 ›
2261 5075 2462 5129 Sancta
2488 5087 2615 5128 vero
2640 5071 2822 5142 regina
2847 5085 3009 5142 super
3039 5072 3149 5125 haec
3173 5071 3336 5122 verba
3363 5081 3462 5126 to-~

1849 5170 1919 5224 tis
1946 5167 2243 5221 visceribus
2265 5175 2558 5231 commota,
2583 5162 2746 5218 dixit:
2783 5179 2800 5211 ι
2827 5160 3049 5215 Summo
3065 5175 3154 5212 vos
3173 5173 3456 5216 common-

1853 5264 2045 5306 damns
2070 5256 2370 5306 defensori:
2422 5275 2528 5306 mm
2561 5253 2922 5306 relinquimus
2951 5268 3047 5306 vos
3091 5250 3304 5306 alienis.
3359 5257 3458 5306 sed
