3908 5426
479 294 588 358 933

1555 293 1904 351 ClSMPOt.Df
1942 269 2252 350 'sptscort
2292 295 2660 354 HANTUANI

3635 298 3738 355 Ἧι

482 408 732 471 Domino,
756 418 888 474 etc.,
913 423 1083 479 usque
1110 407 1422 464 mculorum
1456 424 1627 473 amen,
1661 407 1896 462 utlectio
1918 404 2060 461 anti-
2093 419 2139 476 Α
2239 405 2453 463 Librum
2504 406 2784 464 Laurentii
2834 409 3141 466 Casincnsis
3196 409 3482 477 monachi,
3535 411 3738 465 ultimis

483 517 588 567 qua
619 500 673 555 itt
706 517 858 556 usum
892 500 1149 554 Breviarii
1173 499 1284 572 (f7)
1325 499 1538 556 Codicis
1580 498 1734 554 istius
1772 498 1880 552 fata
1915 498 2068 568 igno-

483 605 517 645 r
549 607 579 642 ll
611 607 694 644 ur.

553 683 835 752 Gumpoldi
885 691 1052 738 textui
1103 686 1348 751 quaedam
1396 698 1463 738 ex
1513 681 1735 751 legenda
1794 682 1918 735 inde
1965 681 2067 736 sub

482 772 644 827 finem
691 773 872 829 seculi
897 771 944 826 X
974 774 1212 828 derivata
1237 813 1252 838 ,
1307 788 1466 842 quam
1491 786 1555 825 ex
1584 771 1770 825 codice
1807 771 1887 839 SI)
1917 772 2067 839 regio

481 863 787 919 Monacensi
819 864 960 920 inter
987 865 1518 920 Bcaedietoburauos
1545 862 1674 919 Nro.
1702 863 1820 918 105.
1850 864 2067 932 signato

495 955 554 1008 ν.
589 957 670 1010 Cl.
708 956 991 1029 Foringer,
1016 959 1323 1012 biliothecm
1351 957 1508 1026 regis:
1528 964 1729 1019 custos,
1756 955 2066 1023 exscripsit,

482 1049 998 1120 subjicerejuvabit.
1049 1049 1180 1116 Quae
1218 1048 1338 1103 licet
1366 1046 1507 1101 haud
1552 1046 1734 1116 magni
1783 1043 2064 1110 momenti,

483 1152 665 1195 tamen
694 1139 929 1212 qualiter
951 1156 1152 1210 paucos
1183 1140 1321 1194 intra
1345 1154 1515 1193 annos
1551 1139 1738 1192 eadem
1773 1152 1860 1191 res
1890 1136 2063 1210 altera

484 1229 609 1285 vice
634 1239 852 1286 narrata
882 1231 954 1287 sit
983 1232 1239 1288 ostendit.

2167 501 2347 556 sreculi
2381 519 2433 558 ιι
2465 505 2619 558 annis
2642 519 2707 559 ex
2741 505 3091 560 relationibus
3119 505 3339 559 Bohemi
3378 503 3662 571 cujusdam
3687 515 3742 559 et

2172 612 2190 642 ι
2222 593 2421 647 domini
2447 593 2718 650 Benedicti
2773 596 3024 662 Saxonis,
3056 598 3305 660 monachi
3341 596 3678 658 Casinensis,
3716 617 3737 649 ι

2169 680 2409 735 adhibita
2441 680 2561 735 Vita
2593 681 2650 736 S.
2689 683 2986 749 Adalberti,
3037 684 3326 739 conflatum
3363 694 3420 738 et
3467 685 3743 738 erroribus

2168 781 2493 837 scatentem,
2518 774 2619 829 hoc
2648 773 2766 829 loco
2793 776 2966 830 omitti
3009 777 3230 846 placuit,
3267 791 3434 845 quum
3476 790 3745 844 quammu-

2167 874 2272 929 que
2292 861 2518 932 alicujus
2543 865 2797 918 momenti
2821 881 2939 920 esse
2954 875 3200 936 poterant
3218 867 3340 920 inde
3362 866 3612 933 decerpta
3635 863 3742 931 jam

2169 950 2441 1006 sexdecim
2499 962 2628 1010 ante
2673 969 2846 1012 annos
2891 956 3190 1014 Annalibus
3236 957 3442 1014 nostris
3501 957 3744 1011 inserue-

2169 1037 2272 1092 rim
2299 1038 2451 1111 (18)..

1191 1362 1436 1419 INCIPIT
1473 1358 1840 1420 PROLOGUS
1869 1355 2221 1416 GUMPOLDI
2246 1360 2604 1420 MANTUANI
2641 1365 2944 1424 EPISCOPI
2977 1370 3018 1422 ⁸.

560 1549 871 1606 Studiorum
909 1550 1071 1620 igitur
1107 1565 1304 1621 genera
1339 1547 1687 1602 multiformia
1731 1545 1908 1600 varias
1945 1544 2060 1600 cui-
2091 1522 2137 1582 Β
2168 1546 2435 1618 vestigare
2483 1547 2752 1606 desudant
2797 1553 2860 1607 “.
2909 1553 3012 1608 Alii
3065 1562 3244 1609 autem
3295 1556 3492 1612 studiis
3539 1556 3745 1611 incitati

489 1661 596 1715 que
641 1643 949 1698 mortalium
993 1644 1239 1712 ingerere
1285 1641 1460 1696 solent
1497 1641 1832 1710 ingeniorum
1877 1651 2067 1703 curas,

490 1736 685 1806 quibus
708 1736 757 1789 id
783 1752 952 1806 genus
983 1736 1201 1790 ratione
1223 1733 1724 1804 pmstantissimum
1757 1732 1776 1762 ’
1808 1729 2070 1798 imagina-

491 1828 654 1882 tiouis
700 1828 941 1896 potentia
984 1827 1280 1890 interioris,
1328 1835 1439 1880 tum
1482 1833 1695 1887 natura,
1737 1831 1848 1876 tum
1899 1823 2067 1877 etiam

489 1919 776 1984 industria,
819 1935 908 1975 res
943 1935 1158 1989 quoquo
1200 1920 1358 1973 modo
1401 1916 1650 1973 sensibus
1692 1914 1960 1984 subjectus
1992 1914 2071 1967 in—

492 2013 707 2068 tellectu
737 2014 1048 2068 discernere
1068 2053 1082 2077 ,
1112 2021 1166 2066 et
1197 2011 1262 2065 ad
1313 2020 1433 2064 vota
1466 2011 1700 2064 humana
1740 2009 1793 2061 in
1827 2023 1956 2061 usus
1978 2005 2064 2074 jn-

489 2106 699 2160 cundos
726 2106 924 2174 gaudet
958 2104 1253 2173 ditiingere.
1285 2103 1384 2158 llic
1421 2116 1652 2171 namque
1692 2108 1872 2154 mente
1899 2099 1921 2131 ³
1956 2114 2072 2153 mo-

490 2199 736 2261 deratus,
781 2207 966 2266 spreto
1013 2196 1336 2250 caducorum
1363 2195 1606 2257 ludicro,
1635 2206 1865 2262 superna
1893 2191 2071 2244 inten-

492 2289 592 2352 dit,
639 2289 729 2343 ille
771 2299 1049 2344 extructos
1081 2289 1132 2342 in
1171 2289 1336 2341 altum
1377 2287 1609 2341 honores
1648 2284 1857 2339 ardenti
1891 2298 2072 2346 rerum

495 2381 770 2452 fugacium
808 2382 896 2436 siti
925 2392 1230 2435 exmstuans
1277 2380 1589 2444 desiderat;
1623 2378 1765 2431 lnmc
1813 2385 1945 2431 mtas
1987 2377 2071 2446 jn-

492 2473 718 2529 vencula
741 2485 930 2528 contra
961 2473 1044 2527 fas
1083 2473 1400 2542 plerumque
1441 2471 1614 2533 illicit,
1663 2470 1812 2524 illum
1865 2467 2075 2536 frigida:

493 2565 791 2620 senectutis
827 2574 1035 2618 matura
1075 2564 1385 2634 longmvitas
1422 2563 1476 2616 itt
1523 2577 1700 2617 mores
1745 2576 1964 2616 severos
2012 2575 2076 2616 ac

493 2657 743 2712 salubres
765 2665 1010 2724 coaptat;
1037 2657 1164 2711 huic
1190 2656 1326 2711 artis
1347 2656 1550 2711 bellicae
1576 2655 1750 2709 audax
1779 2654 2073 2722 prudeneia

497 2749 841 2817 appetibilem
880 2749 1053 2803 laudis
1084 2749 1308 2818 gloriam
1345 2756 1706 2819 promeretur,
1740 2748 1815 2800 illi
1848 2763 2072 2816 operum

496 2839 838 2894 diversorum
865 2841 1015 2894 labor
1052 2842 1380 2896 artiliciosus
1408 2842 1669 2897 desidiam
1694 2841 1905 2903 eximit,
1931 2856 2078 2894 men-

500 2930 678 2999 tisque
725 2932 1024 2986 naturalem
1075 2934 1428 2987 subtilitatem
1481 2941 1787 3002 extorquet.
1841 2934 2071 3000 Quidam

496 3035 630 3075 vero
671 3022 919 3078 litteralis
965 3025 1338 3092 spenlacione
1388 3026 1407 3057 ⁸
1446 3023 1829 3093 profunditatis
1879 3025 2071 3090 infixi,

499 3127 710 3168 necnon
766 3114 975 3169 liberali
1021 3117 1142 3170 oeio
1181 3131 1278 3184 per
1325 3116 1490 3170 ruiras
1532 3115 1870 3186 eloquiorum
1909 3132 2076 3170 venu-

499 3212 670 3259 states
709 3207 1069 3274 perspicatius
1120 3208 1306 3270 dediti,
1357 3209 1796 3276 frequentissima
1855 3219 2072 3278 reputa-

502 3295 662 3350 cione
689 3296 732 3359 ⁸,
763 3313 869 3364 quo
902 3298 1092 3352 ordine
1128 3299 1366 3353 siderum
1397 3309 1576 3352 motus
1616 3313 1682 3352 ac
1730 3299 1928 3352 fixione
1969 3315 2074 3354 non

499 3386 744 3466 mutabili
777 3387 1152 3454 disponantur,
1187 3405 1306 3458 qua:
1347 3397 1440 3442 aut
1471 3389 1644 3456 qualis
1686 3404 1934 3443 mensura
1973 3398 2078 3442 ter-

504 3491 653 3539 rente
682 3476 702 3507 ‘
731 3477 1118 3544 magnitudinis
1159 3479 1417 3533 ambitum
1461 3482 1504 3544 ⁷,
1535 3480 1766 3551 quadam
1801 3482 1955 3548 quasi
1998 3480 2078 3535 la-

507 3568 638 3622 tenti
672 3568 910 3633 racioue,
942 3585 1038 3638 per
1068 3569 1324 3626 formulas
1353 3572 1759 3643 geometricales
1781 3573 1846 3627 ad
1877 3585 2078 3629 certant

505 3660 759 3715 metiendi
831 3663 1386 3731 comprehensionem.
1438 3664 1727 3734 asstringat
1783 3663 1847 3729 ⁸,
1909 3680 2082 3733 quove

504 3751 651 3805 dictu
687 3752 708 3784 ⁸
740 3761 848 3807 tota
886 3768 981 3821 per
1015 3770 1294 3809 numerum
1337 3755 1588 3810 decurrat
1627 3771 1833 3809 summa
1871 3755 2081 3824 quanti-

509 3845 635 3898 tatis
673 3846 1064 3916 soliditatisqne
1100 3849 1163 3916 ¹⁰,
1201 3858 1293 3902 aut
1321 3864 1415 3919 per
1441 3865 1574 3919 quas
1609 3852 2083 3906 consonantiarum

506 3937 884 4005 pr0pnrtiones
909 3940 1176 3994 cantilena
1203 3949 1530 4008 temperetur
1556 3941 1836 4002 naturalis,
1867 3940 1947 3996 vel
1979 3958 2082 4011 qua

506 4026 817 4094 opinionmn
843 4029 1074 4096 imagine
1095 4030 1196 4085 sub
1218 4031 1326 4085 veri
1345 4030 1570 4100 falsique
1585 4033 1857 4101 propnsiio
1872 4047 2086 4086 coruin-

505 4128 609 4181 que
636 4115 834 4170 difﬁcili
861 4118 1240 4174 commixtione
1271 4128 1375 4174 tam
1410 4119 1671 4190 profuada
1717 4120 2082 4189 eloquentium

506 4205 760 4276 subrepat
799 4206 1126 4277 disputacio,
1161 4223 1258 4277 per
1292 4211 1485 4263 artium
1526 4209 1968 4279 scrupulositates
2002 4210 2082 4263 in-
2116 4207 2156 4261 D

2171 1639 2503 1706 carminum,
2546 1640 2670 1697 ludo
2718 1643 3026 1700 insistentes
3076 1646 3118 1678 ¹¹
3170 1647 3402 1715 poetico,
3452 1649 3520 1701 ad
3555 1648 3754 1702 naenia-

2173 1748 2289 1788 rum
2327 1733 2370 1766 "
2393 1733 2736 1805 garrulitates
2760 1734 2867 1789 alta
2902 1735 2944 1767 “
2968 1736 3236 1791 diverlunt
3271 1737 3505 1808 ingenia.
3530 1737 3746 1791 Famam

2171 1834 2350 1880 autem
2404 1827 2648 1881 veritatis
2693 1842 2821 1897 erga
2873 1827 2967 1882 Dei
3031 1837 3344 1883 sanctorum
3401 1828 3749 1881 memoranda

2175 1923 2358 1984 gesta,
2396 1915 2605 1970 omlesti
2653 1916 2982 1986 benignitate
3019 1917 3326 1972 mortalium
3365 1918 3648 1970 obtutibus
3682 1927 3752 1970 to-

2175 2007 2277 2063 ties
2320 2008 2653 2077 designatam
2683 2049 2697 2074 ,
2751 2009 2970 2064 incurire
3017 2024 3178 2079 quam
3226 2009 3435 2064 exitiali
3485 2007 3532 2041 ι’
3580 2007 3754 2076 ηεειεο

2172 2100 2376 2168 gentia.
2409 2098 2602 2153 fabulis
2635 2099 2678 2130 “
2709 2099 2991 2163 delectati,
3038 2115 3141 2152 non
3180 2107 3376 2168 pavent
3413 2097 3748 2152 subcludere.

2177 2191 2287 2246 Nec
2316 2192 2540 2252 mirum,
2577 2191 2620 2245 si
2647 2190 2872 2259 grandia
2905 2205 2968 2244 ac
3000 2189 3400 2259 philosophicas
3431 2189 3752 2256 qntnsliones

2177 2283 2447 2338 moventia
2491 2280 2795 2348 hujusmodi
2835 2281 3106 2351 sapientes
3145 2296 3174 2334 a
3209 2280 3443 2349 simplici
3490 2278 3752 2347 composi—

2175 2376 2391 2429 cionum
2429 2373 2570 2428 serie
2601 2371 3004 2428 transduxcrint
3047 2373 3112 2437 ",
3148 2387 3266 2426 cum
3310 2371 3496 2440 plures
3541 2384 3746 2431 eorum,

2177 2466 2454 2522 ardentius
2495 2466 2805 2520 inluerendo
2856 2464 3132 2534 gentilium
3182 2463 3431 2531 scriptis,
3486 2477 3592 2514 non
3640 2471 3754 2513 tan-

2180 2567 2292 2612 tum
2321 2557 2362 2589 ¹³
2383 2557 2509 2626 quid
2532 2558 2582 2610 in
2605 2556 2776 2610 sacris
2800 2555 2966 2626 gestis
2990 2554 3142 2608 laudi
3160 2552 3352 2606 divinre
3374 2549 3749 2620 proferendum

2180 2665 2244 2704 ac
2269 2649 2568 2702 litterarum
2594 2646 2804 2702 indiciis
2834 2647 2884 2699 in
2915 2655 3157 2714 posteros
3187 2641 3574 2712 divulgandum
3606 2649 3744 2707 pos:-

2181 2741 2461 2812 posuerint
2486 2741 2550 2804 ’9',
2584 2754 2769 2793 verum
2806 2737 3060 2807 quicquid
3095 2735 3334 2789 divinum
3376 2749 3448 2786 ac,
3471 2732 3635 2784 menti
3671 2731 3749 2783 de-

2136 2875 2156 2896 ,
2189 2844 2324 2887 votae
2368 2832 2714 2887 mitissimum
2757 2831 2801 2862 ¹⁰
2829 2829 3144 2897 simpliciter
3185 2842 3249 2880 ac
3289 2826 3406 2878 sine
3433 2821 3751 2877 diflicultatis

2188 2923 2534 2994 perplexione
2555 2923 2787 2985 videtur,
2813 2920 3025 2990 penitus
3049 2917 3098 2972 id
3128 2917 3278 2986 quasi
3313 2915 3546 2969 utilitate
3568 2927 3750 2966 carens

2183 3015 2479 3085 abjecerint
2515 3015 2580 3068 “.
2609 3012 2718 3067 Hac
2748 3011 2978 3079 denique
3005 3010 3240 3074 fortuna,
3266 3007 3343 3061 uti
3368 3005 3550 3076 plures
3574 3000 3726 3058 existi

2184 3115 2362 3172 mant,
2406 3121 2491 3160 res
2518 3105 2796 3159 hominum
2825 3101 3072 3155 volvente
3101 3114 3164 3153 ac
3194 3097 3508 3152 sublimium
3553 3097 3750 3162 sagaci-

2186 3207 2293 3254 tate
2321 3198 2594 3252 rethorum
2627 3195 2672 3225 “
2704 3193 2875 3263 magis
2913 3192 3102 3245 altiora
3135 3194 3432 3257 spectante,
3467 3185 3626 3239 nobis
3653 3183 3697 3215 "
3723 3197 3749 3233 a

2187 3301 2332 3346 tanta
2378 3289 2682 3358 sapientum
2711 3285 2757 3319 “
2783 3301 2847 3339 ac
2884 3283 3042 3338 docta
3098 3279 3424 3348 loquacitate
3471 3274 3749 3328 admodum

2183 3381 2473 3449 sejunctis,
2523 3378 2704 3434 brevis
2748 3385 2926 3430 tamen
2990 3370 3184 3426 seriola
3231 3368 3280 3400 ⁸⁸
3322 3363 3746 3423 subnotacionis.

2183 3475 2430 3546 quamvis
2453 3477 2706 3539 corrupte
2739 3468 2785 3500 “
2816 3465 3047 3536 prolata,
3073 3456 3504 3516 victoriosissimi
3531 3457 3750 3524 impera-

2186 3544 2319 3621 toris
2352 3563 2561 3635 angusti
2594 3559 2806 3617 Ottonis
2847 3555 3067 3612 secundi
3101 3566 3259 3608 sacro
3288 3551 3443 3620 jussu
3471 3544 3749 3600 rusticitati

2187 3671 2384 3714 nostrae
2412 3654 2682 3724 imposita,
2717 3646 3083 3705 memorabilis
3109 3645 3206 3699 viri
3242 3656 3434 3698 nomen
3458 3647 3751 3709 gestorum-

2187 3767 2292 3820 que
2322 3749 2560 3817 insignes
2597 3742 2897 3798 tnentiones
2930 3738 3090 3808 paqu
3118 3743 3236 3806 post
3271 3733 3619 3787 declaratum
3639 3767 3655 3789 ,
3680 3740 3750 3778 se-

2186 3841 2403 3912 quentis
2449 3838 2718 3908 prmeedat
2769 3842 2948 3887 textus
2998 3831 3276 3884 raritatem
3320 3825 3398 3890 ’ῖς
3448 3837 3612 3891 quem
3641 3831 3752 3870 vero

2189 3943 2451 4004 quantum
2481 3935 2732 3984 attenuat
2769 3925 2925 3994 culpa
2962 3922 3165 3976 viciose
3207 3917 3528 3978 scribentis,
3560 3920 3750 3964 tantum

2189 4033 2418 4080 exornat
2465 4020 2638 4076 sancti
2686 4017 2898 4072 excelsa
2947 4014 3200 4083 dignitas,
3255 4008 3500 4064 materia:
3547 4014 3762 4058 causam.

2186 4131 2410 4186 operum
2435 4129 2591 4168 sacra
2617 4110 2938 4166 auctoritate
2961 4102 3289 4176 designautis
3315 4099 3381 4153 ".

1812 4319 2130 4378 EXI’LICIT
2173 4315 2446 4376 PROLOG
2459 4314 2542 4369 US
2595 4312 2660 4362 ”.

651 4488 1113 4577 INCIPIT
1161 4489 1567 4582 PASSIO
1618 4489 2026 4582 SANCTI
2099 4479 2834 4580 VENCEZLAVI
2892 4465 3505 4565 MARTYRIS
3550 4449 3638 4550 ”’.

589 4700 638 4755 Ι.
681 4701 872 4757 Avulsa
904 4703 1066 4771 igitur
1087 4703 1153 4758 nl)
1186 4702 1498 4758 insecabilis.
1527 4716 1926 4758 sacramentum
1970 4701 2091 4755 Tri-

2189 4697 2455 4768 pestifcrm
2484 4694 2751 4748 hrereseos
2777 4697 2993 4744 sentosa
3019 4683 3368 4754 pnlnlatione,
3391 4679 3573 4733 vitalis
3595 4677 3755 4747 splene

518 4793 705 4848 nitatis
727 4795 903 4864 ptiscu
925 4795 1316 4850 catholicorum
1347 4795 1647 4863 idoneuque
1675 4795 1716 4826 ³⁸
1744 4794 2016 4862 refragatu
2048 4792 2090 4822 ⁸²
2188 4789 2288 4842 dor
2313 4772 2582 4856 dugﬂtatis
2609 4779 2889 4835 irradianti
2932 4776 3215 4833 difiusione
3241 4771 3428 4827 orbem
3457 4779 3580 4822 atra
3616 4780 3751 4821 erro-

1817 4907 2048 4962 vauma
2086 4897 2483 4959 LECTIONES.
2952 4874 2954 4876 ’

597 4999 614 5032 ⁸
640 4999 706 5048 G-
740 4998 804 5048 Mr
845 5001 882 5040 li‘.
938 5001 1122 5048 desunt
1146 5002 1201 5048 ἓ-
1225 5001 1278 5048 5.
1356 5001 1375 5031 ¹
1405 4998 1894 5048 nrestantissintntn
1931 4997 1981 5048 1.

2058 4995 2101 5048 ³.
2135 5002 2370 5047 mentem
2398 4991 2448 5044 l.

2525 4989 2546 5020 δ
2577 4983 2935 5048 speculacioni
2959 4982 3012 5035 2.
3089 4979 3109 5011 ⁸
3137 4975 3498 5048 disputatione
3523 4974 3578 5047 2,
3604 5043 3614 5048 _
3653 4973 3675 5005 ⁸
3695 4983 3756 5023 lc-
