3908 5426
129 274 226 329 925

1219 272 1370 328 \‘l'l‘.\
1419 272 1850 330 VENCEZLAVI
1884 273 2086 332 DUCIS
2131 275 2477 333 ΒΟΗΕΜΙᾸΞ.

3283 271 3387 327 926

131 404 240 442 ram
267 383 316 420 ⁸⁸
343 384 570 455 caligine
596 386 933 440 obfuscatum
965 385 1156 440 diviuit
1181 402 1222 440 :s
1256 391 1547 442 serenavft.
1583 387 1689 442 Sel
1724 396 1766 451 Α
1802 401 1912 444 tum
1958 389 2315 446 Vencezlanm
2359 391 2429 455 ⁸³,
2458 389 2802 460 superstitem
2845 388 2944 446 sibi
2988 403 3050 443 ac
3080 387 3250 458 multo
3278 403 3389 442 co.»
3455 461 3460 464 _

127 481 243 549 quia
281 477 400 531 fidei
445 476 676 531 salubris
702 477 1054 541 incrementa,
1092 494 1200 544 quo
1234 478 1465 545 prinnnn
1495 477 1703 532 roLoris

127 570 484 635 Sumpsissenl
523 569 802 622 exordium
855 569 1227 622 aécclesiastici
1282 570 1326 600 “
1357 609 1370 633 ,
1420 571 1598 637 priore
1655 569 1701 601 ³⁸

129 660 495 718 theolozorum
543 653 780 713 sollertia
836 659 1155 713 salutarium
1214 660 1410 714 studiis
1461 671 1704 716 textuum

126 753 284 806 iatius
314 761 632 806 coruscante
653 791 669 816 ,
701 751 856 806 libris
894 752 1211 822 inscriptum
1245 769 1308 807 ac
1332 754 1563 808 credulae
1605 771 1700 826 po-

125 843 352 898 steritati
376 846 579 897 certius
607 844 986 914 prmsignatum
1020 845 1152 899 satis
1175 857 1427 899 rtmstare
1456 847 1708 917 pernovi-

127 953 286 989 nms:
334 937 585 1004 gentibus
615 945 791 989 tamen
831 936 1148 1005 quibusdam
1193 935 1349 1005 longo
1397 949 1514 1006 post
1559 954 1708 994 erra-

125 1027 298 1082 bnndo
327 1025 666 1080 anfractuum
694 1025 739 1056 ³⁸
769 1026 1084 1080 diverticul»
1117 1029 1179 1080 ad
1207 1027 1463 1081 not-inalis
1488 1029 1707 1083 rectitu-

129 1119 300 1171 dinem
341 1118 577 1172 tramitis
605 1133 755 1171 sacra
789 1118 1154 1173 illustracione
1185 1120 1439 1183 redactis,
1473 1123 1706 1175 nomium

126 1219 328 1264 cunctae
354 1209 538 1264 mundi
558 1210 819 1272 nationes,
843 1211 1087 1278 quamvis
1111 1211 1524 1280 przetlcstinatze,
1554 1213 1710 1284 hujus

127 1302 306 1371 gratiae
335 1301 538 1354 donum
571 1299 728 1354 simul
748 1309 872 1354 sunt
893 1301 1128 1363 sortitae;
1164 1301 1255 1355 sed
1283 1301 1567 1357 ordinante
1602 1318 1713 1358 c03-

130 1392 241 1446 lesti
277 1392 590 1460 majestate,
633 1393 784 1460 quasi
829 1393 1081 1462 paulatim
1125 1395 1467 1464 surgentibus
1512 1396 1710 1451 diaboli

130 1483 482 1548 detrimentis,
533 1483 740 1537 felicius
791 1485 842 1537 in
895 1495 1076 1552 partes
1131 1487 1413 1552 processit.
1472 1487 1710 1554 Quarum

127 1574 339 1643 quidem
390 1573 622 1644 partium
683 1590 845 1627 unam
887 1575 994 1628 stili
1039 1577 1384 1645 simplicitate
1431 1580 1713 1646 pnesentis

127 1663 554 1734 exprimendam,
607 1662 798 1716 incolis
847 1663 1200 1716 inhabitatum
1259 1664 1589 1721 Sclavanicis
1643 1667 1709 1734 ³⁷,

1807 482 2022 536 lestium
2051 479 2414 536 ardentiorem
2442 479 2673 550 reliquit.

1874 575 1928 628 Δ.
1966 572 2068 640 Qui
2105 587 2234 626 vero
2267 572 2416 627 mira:
2445 572 2707 626 claritatis
2739 586 2802 628 ac
2827 572 3067 627 amanda:
3099 571 3294 625 indolis
3321 570 3389 634 “,

1805 661 1932 717 dum
1960 661 2204 716 ﬂoridam
2227 661 2530 731 juventutis
2563 671 2779 715 mtatem
2811 662 3043 730 primum
3079 660 3347 730 attigisset
3371 700 3386 722 ,

1807 766 1961 823 patre
1986 753 2162 807 adhuc
2200 752 2345 817 vivo,
2378 753 2444 805 ad
2479 752 2778 805 litterarum
2813 751 3022 820 disponi
3054 751 3314 805 exercitia
3345 748 3393 780 "

1808 845 2154 904 desiderans.
2191 852 2585 912 paternumque
2621 841 2813 894 crebro
2848 840 3177 911 ﬂagitamine
3231 839 3395 894 deﬂe-

1807 947 1960 990 Ctens
1984 931 2377 1001 animum,ejus
2397 932 2716 986 transmissu
2742 930 2786 961 ⁸⁸
2815 931 2867 986 iu
2887 930 3102 984 civitate
3128 929 3392 985 BunsZa”

1811 1027 2005 1081 litteris
2033 1025 2376 1080 addiscendis
2399 1034 2483 1078 est
2512 1023 2737 1091 positus.
2768 1020 2934 1089 Cujus
2966 1022 3146 1090 itaque
3178 1022 3397 1092 ingenio

1809 1116 1972 1170 celeri
2019 1116 2324 1185 capacitate
2371 1113 2630 1168 divinitus
2677 1113 2973 1174 instructo,
3017 1112 3174 1165 brevi
3212 1114 3396 1166 studio

1810 1207 2004 1261 librum
2040 1206 2441 1277 spalmodialem
2479 1205 2527 1238 ⁸⁸
2561 1216 2849 1274 ceteraque
2888 1203 3193 1257 divinorum
3242 1223 3394 1259 cout-

1812 1300 1986 1371 pluria
2033 1300 2318 1368 perdidicit
2349 1300 2392 1332 ³⁹
2429 1307 2485 1353 et
2534 1299 2756 1353 solidius
2811 1300 3060 1355 interiori
3119 1299 3397 1354 memoria:

1813 1391 2092 1446 conexuit.
2134 1391 2294 1445 Patre
2329 1391 2569 1457 interim,
2619 1400 2677 1444 ιιι
2716 1389 2828 1457 jam
2866 1390 3068 1444 dictum
3115 1398 3227 1452 est,
3281 1391 3402 1442 nni-

1814 1501 1986 1539 versw
2015 1484 2199 1539 carnis
2240 1485 2383 1538 viam
2423 1484 2669 1555 ingresso
2703 1484 2778 1546 ‘°,
2814 1481 3029 1551 juvenis
3063 1481 3177 1550 ipse
3208 1495 3400 1534 senum

1814 1577 2061 1647 exempla
2103 1577 2315 1632 actibus
2355 1577 2670 1640 declarans,
2717 1576 2816 1631 sub
2873 1573 3018 1644 regis
3068 1571 3403 1626 serenissimi

1815 1669 2030 1724 Ottonis
2057 1669 2171 1740 (25)
2208 1669 2447 1740 fulgente
2483 1667 2747 1737 potentia,
2781 1664 3057 1720 favorabili
3081 1662 3401 1734 populorum

133 1752 476 1822 aggredimur
503 1751 567 1804 ³⁸.
599 1750 757 1821 Plaga
792 1752 1111 1820 aquilonalis
1138 1753 1199 1814 ”,
1230 1755 1423 1809 ceteris
1455 1756 1716 1810 immitior
1745 1734 1787 1793 Β
1817 1775 2040 1813 assensu
2071 1755 2122 1813 iii
2150 1759 2359 1829 paterni
2389 1755 3058 1817 ducatussuccessionem,
3093 1769 3150 1808 se
3175 1752 3401 1806 nimium

129 1859 185 1896 ac
227 1841 332 1896 ﬁde
387 1843 624 1905 tardior,
675 1853 876 1897 nostra:
935 1853 1242 1914 prostratur
1285 1847 1333 1878 ‘°
1383 1847 1712 1913 intentioni;

129 1949 280 2003 quam
312 1933 431 2001 ipsa
463 1934 602 1987 sacri
637 1936 940 2003 pneumatis
961 1935 1005 1966 “
1033 1935 1287 1991 charistia
1313 1936 1378 1990 ad
1409 1936 1715 1992 christiana:

126 2027 321 2082 cultum
353 2024 728 2095 professionis,
757 2029 1008 2095 quamvis
1033 2043 1178 2094 sera,
1204 2039 1382 2084 tamen
1411 2030 1566 2085 beata
1585 2045 1715 2086 con-

130 2116 372 2171 versione
397 2116 614 2186 dignata
651 2125 735 2172 est
767 2117 1074 2173 instituere.

192 2207 244 2261 2.
280 2207 551 2274 Quoniam
581 2208 797 2276 quidem
833 2208 902 2264 ab
929 2209 1064 2278 ipsis
1095 2221 1251 2265 terrae
1281 2209 1469 2265 incolis
1501 2209 1715 2265 Boeinia

137 2300 337 2370 regioni
381 2299 701 2354 vocabulum
737 2299 784 2332 "
828 2309 986 2355 sonat
1027 2303 1371 2371 impositum;
1405 2302 1488 2355 cui
1519 2303 1632 2373 jam
1669 2302 1716 2344 δι

136 2402 394 2462 regnante
432 2390 608 2446 felicis
633 2394 909 2446 memorize
943 2393 1357 2462 praeclarissimo
1397 2410 1522 2464 rege
1556 2395 1718 2450 llein—

133 2483 260 2545 rico,
306 2482 535 2551 quidam
575 2483 752 2554 gentis
796 2483 938 2539 illius
981 2485 1233 2554 progenie
1270 2485 1470 2539 clarior
1511 2503 1575 2540 ac
1625 2501 1717 2557 po-

137 2571 287 2628 tentia
342 2575 397 2626 in
443 2572 591 2628 cives
631 2573 976 2638 eminentior,
1019 2563 1352 2646 lpuytignev
1381 2575 1428 2608 “
1463 2577 1574 2646 (l9)
1621 2596 1718 2632 no-

137 2663 290 2725 mine,
318 2664 656 2733 principatus
692 2665 931 2735 regimen
975 2667 1075 2720 sub
1108 2666 1250 2736 regis
1296 2665 1573 2720 dominatu
1614 2668 1716 2719 im-

137 2755 393 2822 pendens,
439 2756 604 2809 divini
661 2740 838 2810 cultus
889 2755 1030 2810 dulci
1079 2767 1207 2812 voto
1254 2766 1524 2823 attactus,
1575 2757 1715 2811 sacri

139 2847 292 2900 fontis
355 2847 612 2916 mysterio
658 2847 968 2918 regenerari
1013 2863 1118 2902 non
1164 2863 1351 2916 parum
1411 2847 1714 2911 anhelans,

142 2937 412 3006 baptismo
445 2939 756 3002 muniatur,
781 2946 836 2992 et
870 2953 1007 2992 novo
1041 2938 1222 2992 studio
1262 2937 1495 3002 fervens,
1528 2939 1717 2993 domos

139 3033 225 3088 Dei
257 3035 323 3087 ad
359 3034 405 3066 "
433 3034 760 3088 beatissima;
789 3033 905 3103 ejus
935 3034 1213 3103 genitricis
1244 3033 1424 3086 Mariae
1454 3032 1564 3103 (20)
1593 3048 1716 3086 san-

137 3127 308 3195 ctique
344 3126 706 3195 apostolorum
742 3126 1000 3194 principis
1027 3125 1144 3196 (2|)
1184 3123 1586 3178 memorandum
1622 3140 1717 3176 ve-

143 3220 486 3274 neracionem
523 3219 846 3284 construxit,
887 3219 938 3272 in
965 3218 1159 3287 quibus
1192 3217 1532 3287 postmodum
1563 3216 1720 3269 innu-

141 3330 280 3368 mera
331 3314 612 3368 annuatim
659 3312 917 3368 miracula
952 3313 1000 3344 “
1026 3327 1132 3384 ope
1164 3312 1348 3366 divina
1394 3319 1720 3381 cooperante

142 3404 429 3459 fulserunt.

203 3494 256 3548 5.
297 3493 468 3562 llnjus
498 3492 717 3549 interim
753 3492 1037 3548 laudabilis
1068 3493 1191 3547 vitae
1217 3493 1438 3556 diebus,
1466 3493 1721 3546 honesto-

139 3601 254 3642 rum
288 3597 506 3642 actuum
541 3585 820 3656 exemplo,
861 3600 956 3654 per
987 3593 1197 3638 natura:
1233 3585 1404 3653 legem
1451 3583 1718 3647 obclusis,

127 3663 304 3736 frater
331 3679 449 3748 ejus
475 3688 634 3734 aetate
661 3679 706 3711 "
747 3678 927 3733 minor
959 3676 1256 3731 Wratizlav
1283 3675 1330 3708 “
1363 3677 1415 3729 in
1452 3675 1722 3746 principa-

139 3785 267 3837 tum,
299 3788 360 3829 se
387 3773 603 3843 publico
629 3787 854 3828 assensu
898 3770 1161 3840 cligente,
1200 3770 1495 3834 successit,
1528 3769 1724 3822 fratcre

139 3880 370 3934 namque
408 3865 524 3934 ipse
555 3865 604 3897 δ’
638 3874 919 3919 assecutus
954 3863 1001 3894 ⁸ο
1037 3861 1390 3931 religionem,
1431 3860 1723 3914 victorioso

140 3953 227 4008 Dei
256 3955 305 3987 δ’
328 3955 544 4010 athleta":
574 3955 734 4010 beato
769 3952 978 4007 martiri
1015 3951 1248 4022 Georgio
1289 3950 1569 4005 basilicam
1609 3948 1721 4020 (22)

140 4047 245 4101 Deo
274 4046 595 4112 dicandam,
623 4046 936 4102 christiana:
961 4045 1212 4100 credulus
1240 4044 1486 4109 veritati,
1525 4044 1720 4098 erexit.

139 4136 252 4203 Quo
286 4139 452 4192 etiam
487 4151 609 4208 post
633 4138 818 4193 tardos
844 4150 1146 4206 temporum
1177 4144 1380 4191 tractus
1402 4134 1724 4189 naturaliter

139 4227 410 4280 hominem
455 4237 687 4283 exeunte
725 4228 793 4294 ⁸⁸,
837 4226 1075 4282 sobolem
1116 4225 1224 4280 alta
1260 4225 1647 4280 ammiracione
1676 4225 1722 4257 ⁸³

140 4319 459 4374 mortalibus
491 4336 588 4390 per
619 4321 802 4374 laudes
831 4318 1313 4390 frequentandam,
1358 4318 1587 4372 filiorum
1622 4318 1728 4373 sci-

1821 1848 2117 1911 refutante,
2151 1849 2396 1904 delectus
2422 1889 2437 1914 ,
2474 1857 2530 1903 et
2569 1848 2620 1902 in
2653 1844 2968 1917 principalis
2997 1843 3182 1898 sedem
3219 1841 3403 1913 digni.

1821 1941 1948 1996 tatis
1977 1949 2058 1994 est
2093 1940 2355 1995 elevatus.

1887 2030 1941 2085 5.
1981 2031 2152 2097 Quam
2182 2031 2437 2100 gravibus
2475 2032 2516 2065 σί
2559 2039 2686 2084 tunc
2725 2029 3100 2100 perturbantis
3141 2027 3404 2082 molestiae

1819 2121 2224 2176 diversitatibus
2265 2121 2526 2190 principis
2573 2121 2765 2175 novelli
2810 2121 3132 2191 benignitas,
3191 2128 3407 2174 terreno

1811 2213 1935 2282 jure
1967 2222 2236 2284 suscepto,
2271 2213 2600 2267 intrinsecus
2625 2223 2951 2284 angeretur,
2986 2229 3090 2268 non
3119 2222 3203 2267 est
3233 2212 3407 2267 adrni-

1818 2309 2068 2368 randum,
2114 2306 2369 2377 quoniam
2419 2307 2658 2362 cmlestia
2688 2346 2703 2372 ,
2753 2323 2860 2376 prae
2907 2307 3107 2361 ceteris
3150 2306 3408 2360 intuendo

1820 2407 2000 2454 mente
2027 2399 2220 2453 devota
2256 2399 2301 2428 ⁶¹
2329 2398 2640 2466 proposuit,
2673 2408 2730 2450 ut
2759 2399 3006 2468 quamvis
3046 2397 3274 2466 publica:
3303 2398 3410 2450 uti-

1820 2491 1955 2545 litati
2008 2490 2351 2559 providendm
2394 2489 2608 2544 debitor
2653 2489 2697 2520 ⁸³
2741 2489 3034 2554 extitisset,
3081 2489 3173 2542 Dei
3222 2497 3402 2542 tamen

1817 2584 2070 2653 praedulci
2099 2583 2358 2652 obsequio
2389 2583 2434 2614 “
2466 2584 2540 2636 uti
2569 2583 2762 2652 primis
2789 2598 2846 2637 se
2887 2582 3046 2637 annis
3079 2581 3406 2651 implicavit,

1817 2678 1998 2745 potius
2026 2681 2278 2746 despecto
2307 2677 2350 2709 ⁸⁸
2377 2677 2604 2731 seculari
2645 2677 2860 2748 fastigio
2879 2717 2893 2741 ,
2925 2693 3030 2730 non
3077 2675 3407 2746 repudiavit.

1817 2768 1998 2824 Plebis
2025 2778 2204 2826 autem
2229 2770 2532 2825 commissa:
2565 2770 2770 2826 crimen
2799 2769 3054 2823 luendum
3089 2769 3293 2823 veritus
3319 2810 3332 2831 ,
3362 2767 3408 2821 si

1819 2860 2042 2931 dignam
2088 2860 2265 2914 civilis
2299 2861 2654 2916 districtionis
2687 2861 2858 2930 legem
2893 2877 2998 2915 non
3039 2861 3406 2929 inpendisset;

1819 2953 1914 3006 sed
1945 2953 2046 3007 hoc
2079 2951 2393 3022 ambiguum
2431 2968 2536 3007 non
2571 2953 2658 3005 diu
2691 2953 3072 3007 mediastinum
3112 2959 3406 3012 tractatus,

1821 3059 1984 3112 quam
2013 3043 2285 3114 sagaciter
2305 3045 2574 3114 arripiens
2598 3044 2809 3109 callem,
2835 3054 2893 3098 ut
2916 3060 3092 3115 neque
3122 3045 3224 3098 hoc
3253 3058 3408 3097 secn-

1831 3134 2018 3189 lariter
2065 3135 2331 3204 agendum
2371 3135 2679 3199 omisisset,
2724 3135 2810 3191 vel
2868 3136 3010 3191 istud
3059 3135 3129 3190 ob
3171 3134 3413 3190 cwlestia

1826 3223 2154 3278 tendendum
2176 3241 2204 3278 a
2233 3241 2289 3279 se
2320 3225 2528 3296 neglegi
2563 3226 2616 3280 in
2649 3225 2887 3280 futurum
2926 3241 3033 3281 non
3065 3225 3369 3295 expavisset
3397 3241 3411 3287 ;

1823 3314 2094 3369 moderari
2133 3308 2425 3371 in‘civium
2466 3333 2531 3372 ac
2573 3318 2791 3371 miliciaa
2825 3333 3143 3372 communes
3188 3315 3234 3347 “
3267 3316 3412 3368 utili-

1824 3417 1964 3462 tates
2015 3408 2192 3477 legum
2241 3410 2502 3474 decreta,
2564 3409 2955 3480 benignissimo
3015 3418 3072 3464 et
3120 3410 3413 3463 admodum

1823 3497 2061 3551 discreto
2083 3499 2322 3553 dominio
2347 3499 2390 3531 ⁸⁷
2422 3500 2656 3569 denique
2696 3500 2938 3554 residens
2959 3540 2974 3565 ,
3006 3510 3139 3553 nutu
3179 3502 3416 3553 certav't

1822 3584 2131 3654 principali.
2167 3585 2222 3639 ln
2268 3587 2611 3642 decernendo
2652 3588 2697 3620 ⁸⁸
2741 3588 3017 3658 providus,
3067 3596 3124 3641 et
3167 3587 3414 3641 misereri

1823 3675 2074 3744 cuiquam
2122 3685 2425 3746 promptus,
2460 3678 2513 3731 in
2559 3679 2788 3733 miseras
2833 3692 3050 3731 reorum
3079 3691 3250 3730 noxas
3278 3675 3413 3728 faci-

1823 3764 1927 3819 lius
1949 3766 2209 3820 cessanda
2239 3767 2484 3838 punitate
2507 3768 2818 3832 exorabilis,
2843 3768 3256 3836 omnigenarum
3280 3781 3415 3835 quae

1823 3856 1977 3912 litate
2001 3875 2283 3929 pamarum
2317 3861 2369 3914 in
2390 3860 2612 3930 judiciis
2640 3861 2880 3926 alienus;
2916 3860 3210 3914 domestica
3263 3859 3415 3912 hali-

1827 3947 2013 4005 tudine
2049 3951 2280 4020 simplex
2309 3993 2322 4016 ,
2355 3967 2565 4006 morum
2595 3951 2848 4006 castitate
2864 3949 3214 4020 perspicuus.
3247 3951 3415 4004 bono-

1825 4063 1945 4101 rum
1993 4043 2352 4114 promissione
2401 4059 2529 4112 erga
2588 4044 2924 4113 potentiores
2973 4041 3116 4096 haud
3176 4038 3362 4093 tardus
3394 4079 3408 4102 ,

1826 4136 2017 4207 hisque
2047 4134 2406 4203 adimplendis
2437 4151 2591 4204 aeque
2617 4135 2878 4199 devotus;
2934 4130 3233 4186 incolarum
3278 4143 3416 4198 quo-

1823 4244 1930 4299 que
1961 4229 2179 4299 inopum
2203 4226 2319 4297 jam
2354 4227 2714 4283 rusticitatem
2739 4225 3036 4295 majoribus
3077 4239 3218 4294 sche
3244 4226 3295 4277 in
3328 4222 3412 4274 di-

1826 4323 2044 4393 ligendo
2076 4320 2371 4393 praaferens
2405 4319 2450 4352 ⁶⁹
2475 4337 2491 4387 ;
2521 4319 2756 4375 viduatis
2791 4327 3074 4389 parentum
3124 4315 3202 4370 vel
3236 4329 3413 4367 rerum

139 4407 260 4463 licet
287 4419 396 4464 tam
417 4418 547 4464 natu
578 4423 740 4480 quam
762 4409 928 4464 etiam
954 4417 1076 4464 actu
1111 4405 1392 4476 majorem,
1418 4409 1530 4464 Deo
1558 4408 1719 4465 dilec-
1749 4429 1800 4489 ι)
1828 4413 2179 4475 adminiculo,
2209 4428 2420 4468 necnon
2447 4413 2625 4483 patria
2647 4410 2995 4467 exulantibus
3014 4409 3080 4474 7°,
3106 4405 3417 4463 consolator

1500 4542 1734 4602 VARle
1773 4545 2176 4604 LECTlONES.

206 4682 252 4713 ⁸⁸
278 4697 469 4735 eorum
499 4682 548 4736 l.
623 4681 670 4713 “
710 4680 1153 4736 :ecclesiasti‘cum
1183 4682 1238 4735 2.

141 4752 344 4806 lonaris
394 4752 452 4804 2.
552 4754 599 4784 ’⁵ο
654 4760 990 4820 protestatnr
1039 4753 1095 4807 2.
1153 4761 1414 4820 prolestat
1484 4753 1540 4807 3.
1639 4753 1683 4784 δι

141 4823 183 4853 ⁸⁸
205 4823 504 4892 Zyptineus
564 4822 618 4876 2.
661 4823 943 4891 Spilignru
991 4823 1045 4876 3.
1110 4824 1412 4892 zpitigneus
1447 4821 1516 4876 Μ.

143 4962 193 5016 1.
270 4961 317 4992 "
349 4963 586 5016 euntei.
663 4963 712 4996 "
763 4963 1097 5016 amiracione
1137 4965 1184 5017 l.

141 5031 186 5062 “
226 5031 604 5086 translatissum
651 5034 700 5090 1.

1314 4681 1360 4713 ⁸⁸
1391 4681 1628 4750 priorum
1663 4682 1719 4738 2.
1794 4685 1842 4718 ”
1887 4685 2043 4740 amfr.
2069 4685 2124 4752 2,

1744 4756 2019 4823 pneumati
2053 4758 2100 4811 1.

1622 4823 1668 4855 "
1701 4840 1765 4879 ac
1803 4826 1858 4879 2.
1899 4824 1954 4880 2i.

143 4826 183 4853 “
205 4826 504 4892 Zyptineus
564 4826 618 4876 2.
661 4826 943 4891 Spiliguru
991 4826 1045 4876 ὅ.
1110 4826 1412 4891 zpitigneus
1447 4826 1516 4876 Μ.
1622 4826 1668 4855 ⁸⁸
1701 4840 1765 4879 ac
1803 4826 1858 4879 2.
1899 4826 1954 4880 '5.
2028 4826 2078 4859 “
2114 4826 2360 4883 milacnla

143 4892 353 4961 tyzlans
399 4893 455 4943 2.
510 4892 824 4947 Wratislaw
881 4893 933 4946 5.
994 4893 1292 4946 wirizlaum
1342 4891 1412 4945 Μ.
1467 4893 1838 4949 bratesclabus
1889 4895 2207 4950 Laurentius
2268 4895 2391 4950 Cas.

1260 4963 1306 4994 ⁸³
1359 4961 1742 5019 Weucezlaum
1792 4967 1848 5018 2.
1905 4967 1972 5021 Μ.

806 5033 851 5066 ⁸⁷
887 5033 1064 5087 Bndec
1105 5033 1159 5085 2.
1203 5031 1405 5087 Budess
1445 5034 1500 5087 5.
1535 5034 1749 5089 Bndéea
1804 5035 1874 5090 M.

2201 4685 2246 4717 ³⁷
2294 4684 2623 4756 germanicis
2651 4685 2706 4739 5.

2205 4756 2250 4787 ⁸³
2303 4755 2582 4810 vocablnm
2621 4756 2672 4808 1.

2028 4825 2078 4859 “
2114 4825 2360 4883 milacala
2391 4826 2443 4880 1.
2505 4826 2562 4895 _"
2593 4835 2704 4892 post
2732 4823 3025 4895 suppletum
3054 4826 3104 4878 1.

2501 4893 2547 4927 "
2576 4896 2716 4948 deest
2771 4893 2839 4949 2.
2875 4895 2926 4949 5.
3036 4895 3082 4927 ⁵ο
3116 4905 3428 4953 assectulns

2236 4983 2368 5035 puer
2398 4965 2451 5020 5.
2527 4965 2574 4997 ³⁸
2611 4967 2819 5021 exertia
2879 4980 3016 5018 corr.
3070 4965 3330 5019 exerticia
3375 4970 3445 5024 t.‘

1970 5039 2018 5071 ⁵⁸
2071 5036 2480 5100 psalmodialem
2529 5035 2584 5088 2.
2690 5037 2737 5069 ⁵⁹
2771 5055 2798 5090 a
2838 5037 3070 5100 quodam
3124 5035 3438 5096 venerabili

2785 4684 2830 4715 ⁸⁸
2859 4685 2997 4738 deest
3033 4685 3082 4737 1.
3186 4682 3230 4712 ³’
3257 4683 3416 4752 aqui-

2769 4755 2813 4786 ⁵³
2845 4755 3008 4807 etiam
3049 4769 3187 4807 corr.
3217 4752 3326 4818 jam
3362 4755 3412 4808 1.

2769 4823 3025 4878 uuuletum
3054 4826 3104 4878 1.
3183 4823 3230 4856 ’⁵⁸
3259 4823 3412 4878 Wra-

2052 4968 2098 4999 εδ
2154 4967 2191 5019 ί.
