  <div class='ocr_page' id='page_1' title='image "/cluster/home/n/w/nwhite01/storage/ocr_20150623/135/hvd.32044015471758/471.png"; bbox 0 0 3908 5426; ppageno 0'>
   <div class='ocr_carea' id='block_1_1' title="bbox 512 280 616 357">
    <p class='ocr_par' dir='ltr' id='par_1_1' title="bbox 512 280 616 357">
     <span class='ocr_line' id='line_1_1' title="bbox 512 280 616 357; baseline 0 -25"><span class='ocrx_word' id='word_1_1' title='bbox 512 280 616 357; x_wconf 72' lang='lat'><strong>927</strong></span> 
     </span>
    </p>
   </div>
   <div class='ocr_carea' id='block_1_2' title="bbox 1643 279 2734 338">
    <p class='ocr_par' dir='ltr' id='par_1_2' title="bbox 1643 279 2734 338">
     <span class='ocr_line' id='line_1_2' title="bbox 1643 279 2734 338; baseline -0.001 -2"><span class='ocrx_word' id='word_1_2' title='bbox 1643 280 1991 338; x_wconf 74' lang='lat' dir='ltr'><strong>GUMPOLDI</strong></span> <span class='ocrx_word' id='word_1_3' title='bbox 2034 280 2338 337; x_wconf 80' lang='lat' dir='ltr'><strong>EPISCOPI</strong></span> <span class='ocrx_word' id='word_1_4' title='bbox 2375 279 2734 337; x_wconf 70' lang='lat' dir='ltr'><strong>MAN&#39;I‘UANI</strong></span> 
     </span>
    </p>
   </div>
   <div class='ocr_carea' id='block_1_3' title="bbox 3689 283 3785 336">
    <p class='ocr_par' dir='ltr' id='par_1_3' title="bbox 3689 283 3785 336">
     <span class='ocr_line' id='line_1_3' title="bbox 3689 283 3785 336; baseline 0 0"><span class='ocrx_word' id='word_1_5' title='bbox 3689 283 3785 336; x_wconf 64' lang='grc' dir='ltr'><em>ηε</em></span> 
     </span>
    </p>
   </div>
   <div class='ocr_carea' id='block_1_4' title="bbox 511 391 3785 466">
    <p class='ocr_par' dir='ltr' id='par_1_4' title="bbox 511 391 3785 466">
     <span class='ocr_line' id='line_1_4' title="bbox 511 391 3785 466; baseline 0 -17"><span class='ocrx_word' id='word_1_6' title='bbox 511 409 577 449; x_wconf 84' lang='lat' dir='ltr'><strong>ac</strong></span> <span class='ocrx_word' id='word_1_7' title='bbox 604 400 864 464; x_wconf 83' lang='lat' dir='ltr'><strong>paternus</strong></span> <span class='ocrx_word' id='word_1_8' title='bbox 915 391 1095 447; x_wconf 99' lang='lat' dir='ltr'><strong>fautor</strong></span> <span class='ocrx_word' id='word_1_9' title='bbox 1123 392 1261 446; x_wconf 75' lang='lat' dir='ltr'><strong>miro</strong></span> <span class='ocrx_word' id='word_1_10' title='bbox 1304 406 1516 463; x_wconf 79' lang='lat' dir='ltr'><strong>semper</strong></span> <span class='ocrx_word' id='word_1_11' title='bbox 1547 395 1788 449; x_wconf 83' lang='lat' dir='ltr'><strong>caritatis</strong></span> <span class='ocrx_word' id='word_1_12' title='bbox 1816 395 2102 466; x_wconf 77' lang='lat' dir='ltr'><strong>splendore</strong></span> <span class='ocrx_word' id='word_1_13' title='bbox 2129 403 2176 459; x_wconf 79' lang='grc' dir='ltr'><strong>Α</strong></span> <span class='ocrx_word' id='word_1_14' title='bbox 2210 393 2625 450; x_wconf 72' lang='lat' dir='ltr'><strong>formationibus</strong></span> <span class='ocrx_word' id='word_1_15' title='bbox 2659 409 2816 449; x_wconf 81' lang='lat' dir='ltr'><strong>ruens</strong></span> <span class='ocrx_word' id='word_1_16' title='bbox 2843 400 2994 449; x_wconf 86' lang='lat' dir='ltr'><strong>casta</strong></span> <span class='ocrx_word' id='word_1_17' title='bbox 3041 392 3255 449; x_wconf 79' lang='lat' dir='ltr'><strong>cmlitus</strong></span> <span class='ocrx_word' id='word_1_18' title='bbox 3282 392 3509 457; x_wconf 78' lang='lat' dir='ltr'><strong>educta.</strong></span> <span class='ocrx_word' id='word_1_19' title='bbox 3543 391 3785 464; x_wconf 80' lang='lat' dir='ltr'><strong>frequen-</strong></span> 
     </span>
    </p>
   </div>
   <div class='ocr_carea' id='block_1_5' title="bbox 511 483 2104 558">
    <p class='ocr_par' dir='ltr' id='par_1_5' title="bbox 511 483 2104 558">
     <span class='ocr_line' id='line_1_5' title="bbox 511 483 2104 558; baseline 0.003 -18"><span class='ocrx_word' id='word_1_20' title='bbox 511 483 736 540; x_wconf 78' lang='lat' dir='ltr'><strong>elfulsit.</strong></span> <span class='ocrx_word' id='word_1_21' title='bbox 772 483 1047 540; x_wconf 74' lang='lat' dir='ltr'><strong>Modestus</strong></span> <span class='ocrx_word' id='word_1_22' title='bbox 1078 484 1131 538; x_wconf 92' lang='lat' dir='ltr'><strong>in</strong></span> <span class='ocrx_word' id='word_1_23' title='bbox 1160 497 1352 540; x_wconf 88' lang='lat' dir='ltr'><strong>omnes</strong></span> <span class='ocrx_word' id='word_1_24' title='bbox 1386 494 1578 552; x_wconf 88' lang='lat' dir='ltr'><strong>actus,</strong></span> <span class='ocrx_word' id='word_1_25' title='bbox 1623 488 2104 558; x_wconf 79' lang='lat' dir='ltr'><strong>memorabilisque</strong></span> 
     </span>
    </p>
   </div>
   <div class='ocr_carea' id='block_1_6' title="bbox 513 575 2103 646">
    <p class='ocr_par' dir='ltr' id='par_1_6' title="bbox 513 575 2103 646">
     <span class='ocr_line' id='line_1_6' title="bbox 513 575 2103 646; baseline 0 -14"><span class='ocrx_word' id='word_1_26' title='bbox 513 585 728 632; x_wconf 86' lang='lat' dir='ltr'><strong>amator</strong></span> <span class='ocrx_word' id='word_1_27' title='bbox 753 576 1061 646; x_wconf 69' lang='lat' dir='ltr'><strong>pacientiaz,</strong></span> <span class='ocrx_word' id='word_1_28' title='bbox 1094 584 1151 630; x_wconf 90' lang='lat' dir='ltr'><strong>et</strong></span> <span class='ocrx_word' id='word_1_29' title='bbox 1199 576 1343 630; x_wconf 89' lang='lat' dir='ltr'><strong>inter</strong></span> <span class='ocrx_word' id='word_1_30' title='bbox 1381 575 1428 610; x_wconf 72' lang='grc' dir='ltr'><strong>τί</strong></span> <span class='ocrx_word' id='word_1_31' title='bbox 1481 586 1708 634; x_wconf 86' lang='lat' dir='ltr'><strong>cunctas</strong></span> <span class='ocrx_word' id='word_1_32' title='bbox 1751 593 1975 633; x_wconf 82' lang='lat' dir='ltr'><strong>casuum</strong></span> <span class='ocrx_word' id='word_1_33' title='bbox 2009 578 2103 632; x_wconf 89' lang='lat' dir='ltr'><strong>ad-</strong></span> 
     </span>
    </p>
   </div>
   <div class='ocr_carea' id='block_1_7' title="bbox 511 669 2106 743">
    <p class='ocr_par' dir='ltr' id='par_1_7' title="bbox 511 669 2106 743">
     <span class='ocr_line' id='line_1_7' title="bbox 511 669 2106 743; baseline 0.003 -19"><span class='ocrx_word' id='word_1_34' title='bbox 511 671 803 725; x_wconf 82' lang='lat' dir='ltr'><strong>versitates</strong></span> <span class='ocrx_word' id='word_1_35' title='bbox 829 669 1068 740; x_wconf 85' lang='lat' dir='ltr'><strong>prudens</strong></span> <span class='ocrx_word' id='word_1_36' title='bbox 1102 671 1434 736; x_wconf 92' lang='lat' dir='ltr'><strong>moderator,</strong></span> <span class='ocrx_word' id='word_1_37' title='bbox 1463 671 1892 726; x_wconf 87' lang='lat' dir='ltr'><strong>substantiarmn</strong></span> <span class='ocrx_word' id='word_1_38' title='bbox 1917 671 2106 743; x_wconf 81' lang='lat' dir='ltr'><strong>largis-</strong></span> 
     </span>
    </p>
   </div>
   <div class='ocr_carea' id='block_1_8' title="bbox 512 761 2100 834">
    <p class='ocr_par' dir='ltr' id='par_1_8' title="bbox 512 761 2100 834">
     <span class='ocr_line' id='line_1_8' title="bbox 512 761 2100 834; baseline 0.001 -16"><span class='ocrx_word' id='word_1_39' title='bbox 512 761 686 818; x_wconf 81' lang='lat' dir='ltr'><strong>simus</strong></span> <span class='ocrx_word' id='word_1_40' title='bbox 715 761 768 816; x_wconf 93' lang='lat' dir='ltr'><strong>in</strong></span> <span class='ocrx_word' id='word_1_41' title='bbox 806 776 1103 832; x_wconf 82' lang='lat' dir='ltr'><strong>pauperum</strong></span> <span class='ocrx_word' id='word_1_42' title='bbox 1144 761 1350 818; x_wconf 80' lang='lat' dir='ltr'><strong>flebiles</strong></span> <span class='ocrx_word' id='word_1_43' title='bbox 1381 763 1707 834; x_wconf 81' lang='lat' dir='ltr'><strong>indigentias</strong></span> <span class='ocrx_word' id='word_1_44' title='bbox 1731 764 2100 832; x_wconf 75' lang='lat' dir='ltr'><strong>dispensator,</strong></span> 
     </span>
    </p>
   </div>
   <div class='ocr_carea' id='block_1_9' title="bbox 513 853 2102 924">
    <p class='ocr_par' dir='ltr' id='par_1_9' title="bbox 513 853 2102 924">
     <span class='ocr_line' id='line_1_9' title="bbox 513 853 2102 924; baseline 0.003 -16"><span class='ocrx_word' id='word_1_45' title='bbox 513 853 841 909; x_wconf 80' lang='lat' dir='ltr'><strong>humilitatis</strong></span> <span class='ocrx_word' id='word_1_46' title='bbox 868 854 1323 909; x_wconf 71' lang='lat' dir='ltr'><strong>mansuetissima:</strong></span> <span class='ocrx_word' id='word_1_47' title='bbox 1349 854 1593 924; x_wconf 89' lang='lat' dir='ltr'><strong>placidus</strong></span> <span class='ocrx_word' id='word_1_48' title='bbox 1622 856 1668 888; x_wconf 76' lang='grc' dir='ltr'><strong>τ’</strong></span> <span class='ocrx_word' id='word_1_49' title='bbox 1694 866 2012 919; x_wconf 66' lang='lat' dir='ltr'><strong>exsecutor,</strong></span> <span class='ocrx_word' id='word_1_50' title='bbox 2049 857 2102 912; x_wconf 89' lang='lat' dir='ltr'><strong>in</strong></span> 
     </span>
    </p>
   </div>
   <div class='ocr_carea' id='block_1_10' title="bbox 511 947 2108 1019">
    <p class='ocr_par' dir='ltr' id='par_1_10' title="bbox 511 947 2108 1019">
     <span class='ocr_line' id='line_1_10' title="bbox 511 947 2108 1019; baseline 0.003 -17"><span class='ocrx_word' id='word_1_51' title='bbox 511 947 921 1018; x_wconf 86' lang='lat' dir='ltr'><strong>seplerumque</strong></span> <span class='ocrx_word' id='word_1_52' title='bbox 947 949 995 981; x_wconf 82' lang='lat'><em>&quot;</em></span> <span class='ocrx_word' id='word_1_53' title='bbox 1019 950 1294 1016; x_wconf 83' lang='lat' dir='ltr'><strong>severior;</strong></span> <span class='ocrx_word' id='word_1_54' title='bbox 1323 949 1374 1004; x_wconf 91' lang='lat' dir='ltr'><strong>iu</strong></span> <span class='ocrx_word' id='word_1_55' title='bbox 1401 958 1612 1005; x_wconf 74' lang='lat' dir='ltr'><strong>ceteros</strong></span> <span class='ocrx_word' id='word_1_56' title='bbox 1637 949 1835 1019; x_wconf 91' lang='lat' dir='ltr'><strong>ubique</strong></span> <span class='ocrx_word' id='word_1_57' title='bbox 1870 951 2108 1006; x_wconf 80' lang='lat' dir='ltr'><strong>clemen-</strong></span> 
     </span>
    </p>
   </div>
   <div class='ocr_carea' id='block_1_11' title="bbox 512 1041 2103 1112">
    <p class='ocr_par' dir='ltr' id='par_1_11' title="bbox 512 1041 2103 1112">
     <span class='ocr_line' id='line_1_11' title="bbox 512 1041 2103 1112; baseline 0.002 -19"><span class='ocrx_word' id='word_1_58' title='bbox 512 1041 643 1107; x_wconf 88' lang='lat' dir='ltr'><strong>tior,</strong></span> <span class='ocrx_word' id='word_1_59' title='bbox 668 1043 922 1098; x_wconf 90' lang='lat' dir='ltr'><strong>omnibus</strong></span> <span class='ocrx_word' id='word_1_60' title='bbox 971 1042 1023 1096; x_wconf 91' lang='lat' dir='ltr'><strong>in</strong></span> <span class='ocrx_word' id='word_1_61' title='bbox 1073 1042 1397 1098; x_wconf 80' lang='lat' dir='ltr'><strong>:cternitatis</strong></span> <span class='ocrx_word' id='word_1_62' title='bbox 1440 1042 1743 1112; x_wconf 79' lang='lat' dir='ltr'><strong>exemplum</strong></span> <span class='ocrx_word' id='word_1_63' title='bbox 1791 1043 2103 1111; x_wconf 81' lang='lat' dir='ltr'><strong>largiendo,</strong></span> 
     </span>
    </p>
   </div>
   <div class='ocr_carea' id='block_1_12' title="bbox 512 1131 2107 1201">
    <p class='ocr_par' dir='ltr' id='par_1_12' title="bbox 512 1131 2107 1201">
     <span class='ocr_line' id='line_1_12' title="bbox 512 1131 2107 1201; baseline 0.003 -15"><span class='ocrx_word' id='word_1_64' title='bbox 512 1131 856 1198; x_wconf 80' lang='lat' dir='ltr'><strong>miserando,</strong></span> <span class='ocrx_word' id='word_1_65' title='bbox 895 1133 1095 1188; x_wconf 91' lang='lat' dir='ltr'><strong>inscios</strong></span> <span class='ocrx_word' id='word_1_66' title='bbox 1119 1133 1168 1166; x_wconf 74' lang='lat'><strong>&quot;</strong></span> <span class='ocrx_word' id='word_1_67' title='bbox 1189 1132 1566 1201; x_wconf 79' lang='lat' dir='ltr'><strong>reformando,</strong></span> <span class='ocrx_word' id='word_1_68' title='bbox 1601 1133 1830 1190; x_wconf 89' lang='lat' dir='ltr'><strong>cdoctos</strong></span> <span class='ocrx_word' id='word_1_69' title='bbox 1865 1135 1914 1168; x_wconf 76' lang='grc'>’⁸</span> <span class='ocrx_word' id='word_1_70' title='bbox 1947 1138 2107 1190; x_wconf 85' lang='lat' dir='ltr'><strong>robo-</strong></span> 
     </span>
    </p>
   </div>
   <div class='ocr_carea' id='block_1_13' title="bbox 514 1224 1058 1295">
    <p class='ocr_par' dir='ltr' id='par_1_13' title="bbox 514 1224 1058 1295">
     <span class='ocr_line' id='line_1_13' title="bbox 514 1224 1058 1295; baseline -0.004 -15"><span class='ocrx_word' id='word_1_71' title='bbox 514 1224 689 1281; x_wconf 87' lang='lat' dir='ltr'><strong>rando</strong></span> <span class='ocrx_word' id='word_1_72' title='bbox 727 1225 964 1295; x_wconf 76' lang='lat' dir='ltr'><strong>perluxit</strong></span> <span class='ocrx_word' id='word_1_73' title='bbox 990 1224 1058 1278; x_wconf 74' lang='grc'><strong>’⁸.</strong></span> 
     </span>
    </p>
   </div>
   <div class='ocr_carea' id='block_1_14' title="bbox 585 1315 2109 1389">
    <p class='ocr_par' dir='ltr' id='par_1_14' title="bbox 585 1315 2109 1389">
     <span class='ocr_line' id='line_1_14' title="bbox 585 1315 2109 1389; baseline 0.001 -17"><span class='ocrx_word' id='word_1_74' title='bbox 585 1315 639 1372; x_wconf 89' lang='lat'><strong>6.</strong></span> <span class='ocrx_word' id='word_1_75' title='bbox 671 1316 766 1372; x_wconf 80' lang='lat' dir='ltr'><strong>llis</strong></span> <span class='ocrx_word' id='word_1_76' title='bbox 791 1332 924 1388; x_wconf 84' lang='lat' dir='ltr'><strong>ergo</strong></span> <span class='ocrx_word' id='word_1_77' title='bbox 963 1317 1223 1372; x_wconf 89' lang='lat' dir='ltr'><strong>virtutum</strong></span> <span class='ocrx_word' id='word_1_78' title='bbox 1267 1315 1599 1389; x_wconf 77' lang='lat' dir='ltr'><strong>fulgentibus</strong></span> <span class='ocrx_word' id='word_1_79' title='bbox 1633 1319 1864 1388; x_wconf 84' lang='lat' dir='ltr'><strong>gemmis</strong></span> <span class='ocrx_word' id='word_1_80' title='bbox 1909 1320 2109 1374; x_wconf 89' lang='lat' dir='ltr'><strong>beatis-</strong></span> 
     </span>
    </p>
   </div>
   <div class='ocr_carea' id='block_1_15' title="bbox 516 1407 2108 1477">
    <p class='ocr_par' dir='ltr' id='par_1_15' title="bbox 516 1407 2108 1477">
     <span class='ocr_line' id='line_1_15' title="bbox 516 1407 2108 1477; baseline 0.001 -14"><span class='ocrx_word' id='word_1_81' title='bbox 516 1407 640 1463; x_wconf 83' lang='lat' dir='ltr'><strong>simi</strong></span> <span class='ocrx_word' id='word_1_82' title='bbox 666 1407 881 1477; x_wconf 83' lang='lat' dir='ltr'><strong>juvenis</strong></span> <span class='ocrx_word' id='word_1_83' title='bbox 908 1409 1159 1464; x_wconf 85' lang='lat' dir='ltr'><strong>decorata</strong></span> <span class='ocrx_word' id='word_1_84' title='bbox 1191 1409 1551 1472; x_wconf 86' lang='lat' dir='ltr'><strong>conversatio,</strong></span> <span class='ocrx_word' id='word_1_85' title='bbox 1579 1410 1632 1464; x_wconf 92' lang='lat' dir='ltr'><strong>in</strong></span> <span class='ocrx_word' id='word_1_86' title='bbox 1663 1417 1869 1464; x_wconf 89' lang='lat' dir='ltr'><strong>tantum</strong></span> <span class='ocrx_word' id='word_1_87' title='bbox 1900 1410 1966 1465; x_wconf 88' lang='lat' dir='ltr'><strong>ad</strong></span> <span class='ocrx_word' id='word_1_88' title='bbox 1996 1411 2108 1465; x_wconf 67' lang='grc' dir='ltr'><strong>Ικυο</strong></span> 
     </span>
    </p>
   </div>
   <div class='ocr_carea' id='block_1_16' title="bbox 515 1499 2110 1570">
    <p class='ocr_par' dir='ltr' id='par_1_16' title="bbox 515 1499 2110 1570">
     <span class='ocr_line' id='line_1_16' title="bbox 515 1499 2110 1570; baseline -0.001 -17"><span class='ocrx_word' id='word_1_89' title='bbox 515 1499 733 1568; x_wconf 89' lang='lat' dir='ltr'><strong>pietatis</strong></span> <span class='ocrx_word' id='word_1_90' title='bbox 762 1499 997 1555; x_wconf 90' lang='lat' dir='ltr'><strong>studium</strong></span> <span class='ocrx_word' id='word_1_91' title='bbox 1028 1499 1320 1563; x_wconf 85' lang='lat' dir='ltr'><strong>adamavit,</strong></span> <span class='ocrx_word' id='word_1_92' title='bbox 1351 1507 1409 1553; x_wconf 91' lang='lat' dir='ltr'><strong>ut</strong></span> <span class='ocrx_word' id='word_1_93' title='bbox 1443 1503 1892 1570; x_wconf 76' lang='lat' dir='ltr'><strong>quandocumque</strong></span> <span class='ocrx_word' id='word_1_94' title='bbox 1928 1501 2110 1569; x_wconf 85' lang='lat' dir='ltr'><strong>dispo-</strong></span> 
     </span>
    </p>
   </div>
   <div class='ocr_carea' id='block_1_17' title="bbox 517 1589 2108 1661">
    <p class='ocr_par' dir='ltr' id='par_1_17' title="bbox 517 1589 2108 1661">
     <span class='ocr_line' id='line_1_17' title="bbox 517 1589 2108 1661; baseline 0 -17"><span class='ocrx_word' id='word_1_95' title='bbox 517 1590 642 1646; x_wconf 80' lang='lat' dir='ltr'><strong>sitis</strong></span> <span class='ocrx_word' id='word_1_96' title='bbox 695 1605 822 1661; x_wconf 84' lang='lat' dir='ltr'><strong>crga</strong></span> <span class='ocrx_word' id='word_1_97' title='bbox 883 1589 1126 1660; x_wconf 89' lang='lat' dir='ltr'><strong>publicas</strong></span> <span class='ocrx_word' id='word_1_98' title='bbox 1177 1589 1532 1645; x_wconf 82' lang='lat' dir='ltr'><strong>necessitates</strong></span> <span class='ocrx_word' id='word_1_99' title='bbox 1584 1590 1972 1660; x_wconf 88' lang='lat' dir='ltr'><strong>colloquiorum</strong></span> <span class='ocrx_word' id='word_1_100' title='bbox 2027 1591 2108 1645; x_wconf 84' lang='lat' dir='ltr'><strong>vel</strong></span> 
     </span>
    </p>
   </div>
   <div class='ocr_carea' id='block_1_18' title="bbox 515 1680 2108 1752">
    <p class='ocr_par' dir='ltr' id='par_1_18' title="bbox 515 1680 2108 1752">
     <span class='ocr_line' id='line_1_18' title="bbox 515 1680 2108 1752; baseline 0.001 -16"><span class='ocrx_word' id='word_1_101' title='bbox 515 1681 838 1752; x_wconf 86' lang='lat' dir='ltr'><strong>placitorum</strong></span> <span class='ocrx_word' id='word_1_102' title='bbox 884 1680 1026 1736; x_wconf 89' lang='lat' dir='ltr'><strong>inter</strong></span> <span class='ocrx_word' id='word_1_103' title='bbox 1049 1681 1298 1737; x_wconf 90' lang='lat' dir='ltr'><strong>ordinata</strong></span> <span class='ocrx_word' id='word_1_104' title='bbox 1320 1680 1565 1751; x_wconf 90' lang='lat' dir='ltr'><strong>judicnm</strong></span> <span class='ocrx_word' id='word_1_105' title='bbox 1607 1681 1953 1752; x_wconf 88' lang='lat' dir='ltr'><strong>plebiumque</strong></span> <span class='ocrx_word' id='word_1_106' title='bbox 1979 1683 2108 1738; x_wconf 61' lang='lat' dir='ltr'><strong>sub-</strong></span> 
     </span>
    </p>
   </div>
   <div class='ocr_carea' id='block_1_19' title="bbox 514 1771 2108 1845">
    <p class='ocr_par' dir='ltr' id='par_1_19' title="bbox 514 1771 2108 1845">
     <span class='ocr_line' id='line_1_19' title="bbox 514 1771 2108 1845; baseline 0.003 -19"><span class='ocrx_word' id='word_1_107' title='bbox 514 1771 670 1826; x_wconf 83' lang='lat' dir='ltr'><strong>sellia</strong></span> <span class='ocrx_word' id='word_1_108' title='bbox 717 1771 944 1836; x_wconf 90' lang='lat' dir='ltr'><strong>edictis,</strong></span> <span class='ocrx_word' id='word_1_109' title='bbox 997 1787 1171 1842; x_wconf 89' lang='lat' dir='ltr'><strong>eoque</strong></span> <span class='ocrx_word' id='word_1_110' title='bbox 1222 1773 1551 1829; x_wconf 86' lang='lat' dir='ltr'><strong>eminentius</strong></span> <span class='ocrx_word' id='word_1_111' title='bbox 1598 1789 1686 1830; x_wconf 89' lang='lat' dir='ltr'><strong>res</strong></span> <span class='ocrx_word' id='word_1_112' title='bbox 1739 1775 2008 1845; x_wconf 89' lang='lat' dir='ltr'><strong>quaslibet</strong></span> <span class='ocrx_word' id='word_1_113' title='bbox 2053 1776 2108 1830; x_wconf 90' lang='lat' dir='ltr'><strong>in</strong></span> 
     </span>
    </p>
   </div>
   <div class='ocr_carea' id='block_1_20' title="bbox 507 1861 2110 1936">
    <p class='ocr_par' dir='ltr' id='par_1_20' title="bbox 507 1861 2110 1936">
     <span class='ocr_line' id='line_1_20' title="bbox 507 1861 2110 1936; baseline 0.002 -21"><span class='ocrx_word' id='word_1_114' title='bbox 507 1861 732 1932; x_wconf 76' lang='lat' dir='ltr'><strong>judiciis</strong></span> <span class='ocrx_word' id='word_1_115' title='bbox 760 1873 1152 1934; x_wconf 68' lang='lat' dir='ltr'><strong>prarnoscente,</strong></span> <span class='ocrx_word' id='word_1_116' title='bbox 1195 1865 1241 1922; x_wconf 88' lang='lat' dir='ltr'><strong>si</strong></span> <span class='ocrx_word' id='word_1_117' title='bbox 1279 1865 1461 1920; x_wconf 86' lang='lat' dir='ltr'><strong>forsan</strong></span> <span class='ocrx_word' id='word_1_118' title='bbox 1502 1866 1626 1936; x_wconf 84' lang='lat' dir='ltr'><strong>quis</strong></span> <span class='ocrx_word' id='word_1_119' title='bbox 1655 1881 1794 1921; x_wconf 81' lang='lat' dir='ltr'><strong>noxa</strong></span> <span class='ocrx_word' id='word_1_120' title='bbox 1833 1866 2110 1933; x_wconf 76' lang='lat' dir='ltr'><strong>detentus,</strong></span> 
     </span>
    </p>
   </div>
   <div class='ocr_carea' id='block_1_21' title="bbox 517 1953 2107 2030">
    <p class='ocr_par' dir='ltr' id='par_1_21' title="bbox 517 1953 2107 2030">
     <span class='ocr_line' id='line_1_21' title="bbox 517 1953 2107 2030; baseline 0.006 -24"><span class='ocrx_word' id='word_1_121' title='bbox 517 1953 734 2010; x_wconf 91' lang='lat' dir='ltr'><strong>mortali</strong></span> <span class='ocrx_word' id='word_1_122' title='bbox 765 1957 1040 2010; x_wconf 89' lang='lat' dir='ltr'><strong>seutencia</strong></span> <span class='ocrx_word' id='word_1_123' title='bbox 1067 1958 1317 2028; x_wconf 82' lang='lat' dir='ltr'><strong>quamvis</strong></span> <span class='ocrx_word' id='word_1_124' title='bbox 1343 1958 1528 2013; x_wconf 89' lang='lat' dir='ltr'><strong>debito</strong></span> <span class='ocrx_word' id='word_1_125' title='bbox 1557 1960 1890 2030; x_wconf 90' lang='lat' dir='ltr'><strong>proscriptus</strong></span> <span class='ocrx_word' id='word_1_126' title='bbox 1922 1960 2037 2028; x_wconf 88' lang='lat' dir='ltr'><strong>ejus</strong></span> <span class='ocrx_word' id='word_1_127' title='bbox 2062 1961 2107 1994; x_wconf 85' lang='lat'>&quot;</span> 
     </span>
    </p>
   </div>
   <div class='ocr_carea' id='block_1_22' title="bbox 517 2045 2110 2117">
    <p class='ocr_par' dir='ltr' id='par_1_22' title="bbox 517 2045 2110 2117">
     <span class='ocr_line' id='line_1_22' title="bbox 517 2045 2110 2117; baseline 0.006 -21"><span class='ocrx_word' id='word_1_128' title='bbox 517 2045 821 2112; x_wconf 68' lang='lat' dir='ltr'><strong>praesentia:</strong></span> <span class='ocrx_word' id='word_1_129' title='bbox 856 2046 924 2100; x_wconf 90' lang='lat' dir='ltr'><strong>ab</strong></span> <span class='ocrx_word' id='word_1_130' title='bbox 963 2046 1331 2103; x_wconf 89' lang='lat' dir='ltr'><strong>incusatorum</strong></span> <span class='ocrx_word' id='word_1_131' title='bbox 1360 2049 1654 2104; x_wconf 89' lang='lat' dir='ltr'><strong>damnabili</strong></span> <span class='ocrx_word' id='word_1_132' title='bbox 1686 2049 1892 2117; x_wconf 88' lang='lat' dir='ltr'><strong>judicio</strong></span> <span class='ocrx_word' id='word_1_133' title='bbox 1917 2049 2110 2106; x_wconf 89' lang='lat' dir='ltr'><strong>fuisset</strong></span> 
     </span>
    </p>
   </div>
   <div class='ocr_carea' id='block_1_23' title="bbox 518 2135 2112 2211">
    <p class='ocr_par' dir='ltr' id='par_1_23' title="bbox 518 2135 2112 2211">
     <span class='ocr_line' id='line_1_23' title="bbox 518 2135 2112 2211; baseline 0.005 -21"><span class='ocrx_word' id='word_1_134' title='bbox 518 2135 783 2192; x_wconf 84' lang='lat' dir='ltr'><strong>adductus</strong></span> <span class='ocrx_word' id='word_1_135' title='bbox 811 2137 877 2202; x_wconf 82' lang='grc'><strong>⁷⁸,</strong></span> <span class='ocrx_word' id='word_1_136' title='bbox 911 2135 1051 2210; x_wconf 91' lang='lat' dir='ltr'><strong>[ejus</strong></span> <span class='ocrx_word' id='word_1_137' title='bbox 1077 2138 1126 2170; x_wconf 76' lang='grc' dir='ltr'><strong>τ’</strong></span> <span class='ocrx_word' id='word_1_138' title='bbox 1153 2137 1424 2211; x_wconf 73' lang='lat' dir='ltr'><strong>suffragiis</strong></span> <span class='ocrx_word' id='word_1_139' title='bbox 1455 2139 1710 2196; x_wconf 89' lang='lat' dir='ltr'><strong>immunis</strong></span> <span class='ocrx_word' id='word_1_140' title='bbox 1738 2141 1913 2196; x_wconf 90' lang='lat' dir='ltr'><strong>abiret</strong></span> <span class='ocrx_word' id='word_1_141' title='bbox 1941 2157 1971 2197; x_wconf 91' lang='lat' dir='ltr'><strong>e</strong></span> <span class='ocrx_word' id='word_1_142' title='bbox 2000 2158 2112 2198; x_wconf 87' lang='lat' dir='ltr'><strong>tne-</strong></span> 
     </span>
    </p>
   </div>
   <div class='ocr_carea' id='block_1_24' title="bbox 517 2224 2111 2301">
    <p class='ocr_par' dir='ltr' id='par_1_24' title="bbox 517 2224 2111 2301">
     <span class='ocr_line' id='line_1_24' title="bbox 517 2224 2111 2301; baseline 0.006 -21"><span class='ocrx_word' id='word_1_143' title='bbox 517 2224 666 2298; x_wconf 85' lang='lat' dir='ltr'><strong>dio];</strong></span> <span class='ocrx_word' id='word_1_144' title='bbox 701 2226 749 2280; x_wconf 91' lang='lat' dir='ltr'><strong>si</strong></span> <span class='ocrx_word' id='word_1_145' title='bbox 777 2241 907 2283; x_wconf 88' lang='lat' dir='ltr'><strong>vero</strong></span> <span class='ocrx_word' id='word_1_146' title='bbox 930 2227 1181 2299; x_wconf 85' lang='lat' dir='ltr'><strong>princeps</strong></span> <span class='ocrx_word' id='word_1_147' title='bbox 1207 2228 1298 2283; x_wconf 92' lang='lat' dir='ltr'><strong>ille</strong></span> <span class='ocrx_word' id='word_1_148' title='bbox 1324 2230 1656 2297; x_wconf 85' lang='lat' dir='ltr'><strong>misericors,</strong></span> <span class='ocrx_word' id='word_1_149' title='bbox 1683 2245 1783 2287; x_wconf 89' lang='lat' dir='ltr'><strong>nec</strong></span> <span class='ocrx_word' id='word_1_150' title='bbox 1804 2240 2111 2301; x_wconf 87' lang='lat' dir='ltr'><strong>permutata</strong></span> 
     </span>
    </p>
   </div>
   <div class='ocr_carea' id='block_1_25' title="bbox 517 2315 2111 2391">
    <p class='ocr_par' dir='ltr' id='par_1_25' title="bbox 517 2315 2111 2391">
     <span class='ocr_line' id='line_1_25' title="bbox 517 2315 2111 2391; baseline 0.005 -20"><span class='ocrx_word' id='word_1_151' title='bbox 517 2315 655 2387; x_wconf 83' lang='lat' dir='ltr'><strong>legis</strong></span> <span class='ocrx_word' id='word_1_152' title='bbox 711 2319 1038 2374; x_wconf 85' lang='lat' dir='ltr'><strong>necessitate</strong></span> <span class='ocrx_word' id='word_1_153' title='bbox 1082 2335 1182 2375; x_wconf 89' lang='lat' dir='ltr'><strong>nec</strong></span> <span class='ocrx_word' id='word_1_154' title='bbox 1224 2318 1498 2389; x_wconf 71' lang='lat' dir='ltr'><strong>iudicibus</strong></span> <span class='ocrx_word' id='word_1_155' title='bbox 1547 2337 1644 2391; x_wconf 91' lang='lat' dir='ltr'><strong>pro</strong></span> <span class='ocrx_word' id='word_1_156' title='bbox 1697 2323 1800 2378; x_wconf 89' lang='lat' dir='ltr'><strong>hoc</strong></span> <span class='ocrx_word' id='word_1_157' title='bbox 1854 2323 2111 2379; x_wconf 89' lang='lat' dir='ltr'><strong>solvendo</strong></span> 
     </span>
    </p>
   </div>
   <div class='ocr_carea' id='block_1_26' title="bbox 519 2410 2113 2486">
    <p class='ocr_par' dir='ltr' id='par_1_26' title="bbox 519 2410 2113 2486">
     <span class='ocr_line' id='line_1_26' title="bbox 519 2410 2113 2486; baseline 0.003 -21"><span class='ocrx_word' id='word_1_158' title='bbox 519 2410 864 2483; x_wconf 84' lang='lat' dir='ltr'><strong>aliquatenus</strong></span> <span class='ocrx_word' id='word_1_159' title='bbox 891 2411 960 2467; x_wconf 93' lang='lat' dir='ltr'><strong>ab</strong></span> <span class='ocrx_word' id='word_1_160' title='bbox 981 2427 1047 2468; x_wconf 89' lang='lat' dir='ltr'><strong>eo</strong></span> <span class='ocrx_word' id='word_1_161' title='bbox 1069 2413 1325 2478; x_wconf 80' lang='lat' dir='ltr'><strong>exoratis,</strong></span> <span class='ocrx_word' id='word_1_162' title='bbox 1355 2414 1579 2470; x_wconf 87' lang='lat' dir='ltr'><strong>minime</strong></span> <span class='ocrx_word' id='word_1_163' title='bbox 1601 2431 1753 2478; x_wconf 87' lang='lat' dir='ltr'><strong>reum</strong></span> <span class='ocrx_word' id='word_1_164' title='bbox 1791 2414 1908 2486; x_wconf 88' lang='lat' dir='ltr'><strong>lege</strong></span> <span class='ocrx_word' id='word_1_165' title='bbox 1935 2416 2113 2470; x_wconf 90' lang='lat' dir='ltr'><strong>horri-</strong></span> 
     </span>
    </p>
   </div>
   <div class='ocr_carea' id='block_1_27' title="bbox 519 2503 2113 2577">
    <p class='ocr_par' dir='ltr' id='par_1_27' title="bbox 519 2503 2113 2577">
     <span class='ocr_line' id='line_1_27' title="bbox 519 2503 2113 2577; baseline 0.004 -19"><span class='ocrx_word' id='word_1_166' title='bbox 519 2503 611 2558; x_wconf 88' lang='lat' dir='ltr'><strong>bili</strong></span> <span class='ocrx_word' id='word_1_167' title='bbox 665 2505 919 2576; x_wconf 80' lang='lat' dir='ltr'><strong>cognovit</strong></span> <span class='ocrx_word' id='word_1_168' title='bbox 968 2505 1347 2576; x_wconf 89' lang='lat' dir='ltr'><strong>eripiendum,</strong></span> <span class='ocrx_word' id='word_1_169' title='bbox 1398 2521 1458 2560; x_wconf 91' lang='lat' dir='ltr'><strong>se</strong></span> <span class='ocrx_word' id='word_1_170' title='bbox 1507 2507 1724 2561; x_wconf 88' lang='lat' dir='ltr'><strong>tandem</strong></span> <span class='ocrx_word' id='word_1_171' title='bbox 1775 2507 2001 2577; x_wconf 86' lang='lat' dir='ltr'><strong>cupiens</strong></span> <span class='ocrx_word' id='word_1_172' title='bbox 2048 2523 2113 2564; x_wconf 87' lang='lat' dir='ltr'><strong>ac</strong></span> 
     </span>
    </p>
   </div>
   <div class='ocr_carea' id='block_1_28' title="bbox 517 2597 2112 2669">
    <p class='ocr_par' dir='ltr' id='par_1_28' title="bbox 517 2597 2112 2669">
     <span class='ocr_line' id='line_1_28' title="bbox 517 2597 2112 2669; baseline 0.002 -18"><span class='ocrx_word' id='word_1_173' title='bbox 517 2611 707 2652; x_wconf 78' lang='lat' dir='ltr'><strong>sacros</strong></span> <span class='ocrx_word' id='word_1_174' title='bbox 761 2597 983 2652; x_wconf 83' lang='lat' dir='ltr'><strong>obtutus</strong></span> <span class='ocrx_word' id='word_1_175' title='bbox 1038 2597 1332 2669; x_wconf 87' lang='lat' dir='ltr'><strong>sanguinea</strong></span> <span class='ocrx_word' id='word_1_176' title='bbox 1393 2597 1538 2654; x_wconf 73' lang='lat' dir='ltr'><strong>czede</strong></span> <span class='ocrx_word' id='word_1_177' title='bbox 1591 2614 1698 2654; x_wconf 91' lang='lat' dir='ltr'><strong>non</strong></span> <span class='ocrx_word' id='word_1_178' title='bbox 1754 2599 2112 2654; x_wconf 87' lang='lat' dir='ltr'><strong>sordidandos</strong></span> 
     </span>
    </p>
   </div>
   <div class='ocr_carea' id='block_1_29' title="bbox 517 2687 2109 2760">
    <p class='ocr_par' dir='ltr' id='par_1_29' title="bbox 517 2687 2109 2760">
     <span class='ocr_line' id='line_1_29' title="bbox 517 2687 2109 2760; baseline -0.001 -14"><span class='ocrx_word' id='word_1_179' title='bbox 517 2687 845 2755; x_wconf 73' lang='lat' dir='ltr'><strong>subducere,</strong></span> <span class='ocrx_word' id='word_1_180' title='bbox 883 2689 1025 2744; x_wconf 86' lang='lat' dir='ltr'><strong>edita</strong></span> <span class='ocrx_word' id='word_1_181' title='bbox 1074 2704 1292 2760; x_wconf 90' lang='lat' dir='ltr'><strong>quoquo</strong></span> <span class='ocrx_word' id='word_1_182' title='bbox 1329 2690 1488 2746; x_wconf 90' lang='lat' dir='ltr'><strong>modo</strong></span> <span class='ocrx_word' id='word_1_183' title='bbox 1531 2689 1829 2746; x_wconf 80' lang='lat' dir='ltr'><strong>excusabili</strong></span> <span class='ocrx_word' id='word_1_184' title='bbox 1867 2691 2109 2757; x_wconf 89' lang='lat' dir='ltr'><strong>racione,</strong></span> 
     </span>
    </p>
   </div>
   <div class='ocr_carea' id='block_1_30' title="bbox 523 2785 2110 2856">
    <p class='ocr_par' dir='ltr' id='par_1_30' title="bbox 523 2785 2110 2856">
     <span class='ocr_line' id='line_1_30' title="bbox 523 2785 2110 2856; baseline -0.001 -14"><span class='ocrx_word' id='word_1_185' title='bbox 523 2801 786 2842; x_wconf 91' lang='lat' dir='ltr'><strong>consessu</strong></span> <span class='ocrx_word' id='word_1_186' title='bbox 837 2801 902 2840; x_wconf 91' lang='lat' dir='ltr'><strong>ac</strong></span> <span class='ocrx_word' id='word_1_187' title='bbox 942 2785 1147 2855; x_wconf 83' lang='lat' dir='ltr'><strong>judicio</strong></span> <span class='ocrx_word' id='word_1_188' title='bbox 1197 2785 1462 2849; x_wconf 82' lang='lat' dir='ltr'><strong>excessit,</strong></span> <span class='ocrx_word' id='word_1_189' title='bbox 1515 2799 1678 2856; x_wconf 85' lang='lat' dir='ltr'><strong>quam</strong></span> <span class='ocrx_word' id='word_1_190' title='bbox 1729 2800 1861 2841; x_wconf 88' lang='lat' dir='ltr'><strong>sano</strong></span> <span class='ocrx_word' id='word_1_191' title='bbox 1915 2785 2110 2855; x_wconf 79' lang='lat' dir='ltr'><strong>ingenii</strong></span> 
     </span>
    </p>
   </div>
   <div class='ocr_carea' id='block_1_31' title="bbox 523 2876 2111 2946">
    <p class='ocr_par' dir='ltr' id='par_1_31' title="bbox 523 2876 2111 2946">
     <span class='ocr_line' id='line_1_31' title="bbox 523 2876 2111 2946; baseline -0.003 -14"><span class='ocrx_word' id='word_1_192' title='bbox 523 2877 780 2933; x_wconf 88' lang='lat' dir='ltr'><strong>acumine</strong></span> <span class='ocrx_word' id='word_1_193' title='bbox 807 2876 854 2911; x_wconf 78' lang='grc' dir='ltr'><strong>⁸ο</strong></span> <span class='ocrx_word' id='word_1_194' title='bbox 884 2877 1144 2932; x_wconf 90' lang='lat' dir='ltr'><strong>salutaris</strong></span> <span class='ocrx_word' id='word_1_195' title='bbox 1189 2876 1474 2932; x_wconf 78' lang='lat' dir='ltr'><strong>aemulator</strong></span> <span class='ocrx_word' id='word_1_196' title='bbox 1508 2885 1562 2932; x_wconf 90' lang='lat' dir='ltr'><strong>et</strong></span> <span class='ocrx_word' id='word_1_197' title='bbox 1606 2876 1901 2946; x_wconf 84' lang='lat' dir='ltr'><strong>evangelici</strong></span> <span class='ocrx_word' id='word_1_198' title='bbox 1929 2877 2111 2944; x_wconf 88' lang='lat' dir='ltr'><strong>edicti,</strong></span> 
     </span>
    </p>
   </div>
   <div class='ocr_carea' id='block_1_32' title="bbox 521 2966 2116 3040">
    <p class='ocr_par' dir='ltr' id='par_1_32' title="bbox 521 2966 2116 3040">
     <span class='ocr_line' id='line_1_32' title="bbox 521 2966 2116 3040; baseline 0.001 -20"><span class='ocrx_word' id='word_1_199' title='bbox 521 2985 631 3040; x_wconf 84' lang='lat' dir='ltr'><strong>quo</strong></span> <span class='ocrx_word' id='word_1_200' title='bbox 678 2969 1031 3040; x_wconf 66' lang='lat' dir='ltr'><strong>praecipitur:</strong></span> <span class='ocrx_word' id='word_1_201' title='bbox 1065 2967 1244 3024; x_wconf 80' lang='lat' dir='ltr'><strong>Nolite</strong></span> <span class='ocrx_word' id='word_1_202' title='bbox 1279 2966 1558 3039; x_wconf 81' lang='lat' dir='ltr'><strong>judicare,</strong></span> <span class='ocrx_word' id='word_1_203' title='bbox 1601 2977 1648 3021; x_wconf 78' lang='lat' dir='ltr'><strong>et</strong></span> <span class='ocrx_word' id='word_1_204' title='bbox 1689 2967 1734 3000; x_wconf 84' lang='grc'><strong>⁸¹</strong></span> <span class='ocrx_word' id='word_1_205' title='bbox 1769 2985 1870 3022; x_wconf 81' lang='lat' dir='ltr'><strong>non</strong></span> <span class='ocrx_word' id='word_1_206' title='bbox 1904 2968 2116 3038; x_wconf 61' lang='lat' dir='ltr'><strong>judice-</strong></span> 
     </span>
    </p>
   </div>
   <div class='ocr_carea' id='block_1_33' title="bbox 519 3054 2113 3130">
    <p class='ocr_par' dir='ltr' id='par_1_33' title="bbox 519 3054 2113 3130">
     <span class='ocr_line' id='line_1_33' title="bbox 519 3054 2113 3130; baseline -0.001 -16"><span class='ocrx_word' id='word_1_207' title='bbox 519 3060 656 3114; x_wconf 75' lang='grc' dir='ltr'><strong>ἠιὶηί</strong></span> <span class='ocrx_word' id='word_1_208' title='bbox 669 3054 690 3126; x_wconf 66' lang='grc' dir='ltr'><em>ξ</em></span> <span class='ocrx_word' id='word_1_209' title='bbox 722 3071 766 3113; x_wconf 84' lang='lat' dir='ltr'><strong>et</strong></span> <span class='ocrx_word' id='word_1_210' title='bbox 797 3059 958 3113; x_wconf 75' lang='lat' dir='ltr'><strong>nolite</strong></span> <span class='ocrx_word' id='word_1_211' title='bbox 978 3059 1380 3130; x_wconf 81' lang='lat' dir='ltr'><strong>condempnare,</strong></span> <span class='ocrx_word' id='word_1_212' title='bbox 1403 3069 1449 3113; x_wconf 84' lang='lat' dir='ltr'><strong>et</strong></span> <span class='ocrx_word' id='word_1_213' title='bbox 1475 3074 1577 3112; x_wconf 85' lang='lat' dir='ltr'><strong>non</strong></span> <span class='ocrx_word' id='word_1_214' title='bbox 1603 3058 2113 3130; x_wconf 82' lang='lat' dir='ltr'><strong>condempnabimini</strong></span> 
     </span>
    </p>
   </div>
   <div class='ocr_carea' id='block_1_34' title="bbox 525 3148 1122 3221">
    <p class='ocr_par' dir='ltr' id='par_1_34' title="bbox 525 3148 1122 3221">
     <span class='ocr_line' id='line_1_34' title="bbox 525 3148 1122 3221; baseline 0.007 -20"><span class='ocrx_word' id='word_1_215' title='bbox 525 3148 678 3221; x_wconf 90' lang='lat' dir='ltr'><strong>(Luc.</strong></span> <span class='ocrx_word' id='word_1_216' title='bbox 715 3166 787 3212; x_wconf 84' lang='lat' dir='ltr'><strong>vt,</strong></span> <span class='ocrx_word' id='word_1_217' title='bbox 817 3149 931 3218; x_wconf 76' lang='lat'><strong>57).</strong></span> <span class='ocrx_word' id='word_1_218' title='bbox 1119 3154 1122 3156; x_wconf 58' lang='grc'>⁷</span> 
     </span>
    </p>
   </div>
   <div class='ocr_carea' id='block_1_35' title="bbox 600 3240 2115 3314">
    <p class='ocr_par' dir='ltr' id='par_1_35' title="bbox 600 3240 2115 3314">
     <span class='ocr_line' id='line_1_35' title="bbox 600 3240 2115 3314; baseline 0.002 -20"><span class='ocrx_word' id='word_1_219' title='bbox 600 3240 652 3294; x_wconf 88' lang='lat'><strong>7.</strong></span> <span class='ocrx_word' id='word_1_220' title='bbox 684 3240 797 3297; x_wconf 81' lang='lat' dir='ltr'><strong>Hoc</strong></span> <span class='ocrx_word' id='word_1_221' title='bbox 828 3243 940 3311; x_wconf 88' lang='lat' dir='ltr'><strong>ipse</strong></span> <span class='ocrx_word' id='word_1_222' title='bbox 976 3243 1085 3297; x_wconf 89' lang='lat' dir='ltr'><strong>Deo</strong></span> <span class='ocrx_word' id='word_1_223' title='bbox 1119 3241 1309 3314; x_wconf 89' lang='lat' dir='ltr'><strong>plenus</strong></span> <span class='ocrx_word' id='word_1_224' title='bbox 1334 3241 1548 3311; x_wconf 88' lang='lat' dir='ltr'><strong>juvenis</strong></span> <span class='ocrx_word' id='word_1_225' title='bbox 1591 3242 1902 3297; x_wconf 90' lang='lat' dir='ltr'><strong>mandatum</strong></span> <span class='ocrx_word' id='word_1_226' title='bbox 1941 3243 2115 3313; x_wconf 79' lang='lat' dir='ltr'><strong>perfe-</strong></span> 
     </span>
    </p>
   </div>
   <div class='ocr_carea' id='block_1_36' title="bbox 526 3334 2116 3405">
    <p class='ocr_par' dir='ltr' id='par_1_36' title="bbox 526 3334 2116 3405">
     <span class='ocr_line' id='line_1_36' title="bbox 526 3334 2116 3405; baseline 0.001 -16"><span class='ocrx_word' id='word_1_227' title='bbox 526 3334 670 3389; x_wconf 88' lang='lat' dir='ltr'><strong>ctius</strong></span> <span class='ocrx_word' id='word_1_228' title='bbox 714 3334 976 3396; x_wconf 88' lang='lat' dir='ltr'><strong>amando,</strong></span> <span class='ocrx_word' id='word_1_229' title='bbox 1026 3351 1088 3390; x_wconf 84' lang='lat' dir='ltr'><strong>ac</strong></span> <span class='ocrx_word' id='word_1_230' title='bbox 1119 3334 1422 3404; x_wconf 85' lang='lat' dir='ltr'><strong>periculose</strong></span> <span class='ocrx_word' id='word_1_231' title='bbox 1451 3351 1476 3389; x_wconf 90' lang='lat' dir='ltr'><strong>a</strong></span> <span class='ocrx_word' id='word_1_232' title='bbox 1506 3351 1776 3405; x_wconf 89' lang='lat' dir='ltr'><strong>quoquam</strong></span> <span class='ocrx_word' id='word_1_233' title='bbox 1810 3335 2116 3390; x_wconf 85' lang='lat' dir='ltr'><strong>mortalium</strong></span> 
     </span>
    </p>
   </div>
   <div class='ocr_carea' id='block_1_37' title="bbox 527 3425 2119 3495">
    <p class='ocr_par' dir='ltr' id='par_1_37' title="bbox 527 3425 2119 3495">
     <span class='ocr_line' id='line_1_37' title="bbox 527 3425 2119 3495; baseline 0.001 -16"><span class='ocrx_word' id='word_1_234' title='bbox 527 3425 886 3494; x_wconf 71' lang='lat' dir='ltr'><strong>prmsentiens</strong></span> <span class='ocrx_word' id='word_1_235' title='bbox 909 3425 956 3456; x_wconf 81' lang='grc'><strong>⁸¹</strong></span> <span class='ocrx_word' id='word_1_236' title='bbox 985 3441 1092 3478; x_wconf 89' lang='lat' dir='ltr'><strong>non</strong></span> <span class='ocrx_word' id='word_1_237' title='bbox 1137 3427 1513 3495; x_wconf 55' lang='lat' dir='ltr'><strong>sequendumf,</strong></span> <span class='ocrx_word' id='word_1_238' title='bbox 1545 3427 1743 3480; x_wconf 88' lang='lat' dir='ltr'><strong>notatis</strong></span> <span class='ocrx_word' id='word_1_239' title='bbox 1779 3428 1890 3482; x_wconf 89' lang='lat' dir='ltr'><strong>rcis</strong></span> <span class='ocrx_word' id='word_1_240' title='bbox 1931 3428 2119 3482; x_wconf 82' lang='lat' dir='ltr'><strong>crimi-</strong></span> 
     </span>
    </p>
   </div>
   <div class='ocr_carea' id='block_1_38' title="bbox 527 3515 2118 3588">
    <p class='ocr_par' dir='ltr' id='par_1_38' title="bbox 527 3515 2118 3588">
     <span class='ocr_line' id='line_1_38' title="bbox 527 3515 2118 3588; baseline 0.002 -19"><span class='ocrx_word' id='word_1_241' title='bbox 527 3530 663 3570; x_wconf 88' lang='lat' dir='ltr'><strong>nosa</strong></span> <span class='ocrx_word' id='word_1_242' title='bbox 715 3515 1109 3585; x_wconf 88' lang='lat' dir='ltr'><strong>dampnacione</strong></span> <span class='ocrx_word' id='word_1_243' title='bbox 1157 3515 1446 3585; x_wconf 90' lang='lat' dir='ltr'><strong>pereundis</strong></span> <span class='ocrx_word' id='word_1_244' title='bbox 1496 3516 1880 3588; x_wconf 88' lang='lat' dir='ltr'><strong>benignissime</strong></span> <span class='ocrx_word' id='word_1_245' title='bbox 1925 3533 2118 3588; x_wconf 81' lang='lat' dir='ltr'><strong>prper-</strong></span> 
     </span>
    </p>
   </div>
   <div class='ocr_carea' id='block_1_39' title="bbox 528 3607 2117 3664">
    <p class='ocr_par' dir='ltr' id='par_1_39' title="bbox 528 3607 2117 3664">
     <span class='ocr_line' id='line_1_39' title="bbox 528 3607 2117 3664; baseline 0.001 -2"><span class='ocrx_word' id='word_1_246' title='bbox 528 3609 606 3663; x_wconf 88' lang='lat' dir='ltr'><strong>cit</strong></span> <span class='ocrx_word' id='word_1_247' title='bbox 635 3608 700 3662; x_wconf 83' lang='grc'><strong>⁸³.</strong></span> <span class='ocrx_word' id='word_1_248' title='bbox 749 3607 944 3664; x_wconf 75' lang='lat' dir='ltr'><strong>Verum</strong></span> <span class='ocrx_word' id='word_1_249' title='bbox 979 3624 1047 3664; x_wconf 92' lang='lat' dir='ltr'><strong>ne</strong></span> <span class='ocrx_word' id='word_1_250' title='bbox 1093 3616 1485 3663; x_wconf 88' lang='lat' dir='ltr'><strong>tormentorum</strong></span> <span class='ocrx_word' id='word_1_251' title='bbox 1522 3608 1756 3663; x_wconf 80' lang='lat' dir='ltr'><strong>nefanda</strong></span> <span class='ocrx_word' id='word_1_252' title='bbox 1789 3611 2117 3664; x_wconf 81' lang='lat' dir='ltr'><strong>monimenta</strong></span> 
     </span>
    </p>
   </div>
   <div class='ocr_carea' id='block_1_40' title="bbox 492 3698 2118 3771">
    <p class='ocr_par' dir='ltr' id='par_1_40' title="bbox 492 3698 2118 3771">
     <span class='ocr_line' id='line_1_40' title="bbox 492 3698 2118 3771; baseline 0.002 -17"><span class='ocrx_word' id='word_1_253' title='bbox 492 3698 733 3756; x_wconf 78' lang='lat' dir='ltr'><strong>-diutius</strong></span> <span class='ocrx_word' id='word_1_254' title='bbox 789 3701 1190 3766; x_wconf 75' lang='lat' dir='ltr'><strong>excrevissent,</strong></span> <span class='ocrx_word' id='word_1_255' title='bbox 1256 3701 1436 3756; x_wconf 89' lang='lat' dir='ltr'><strong>omnia</strong></span> <span class='ocrx_word' id='word_1_256' title='bbox 1509 3701 1782 3771; x_wconf 87' lang='lat' dir='ltr'><strong>patibula,</strong></span> <span class='ocrx_word' id='word_1_257' title='bbox 1841 3703 2118 3758; x_wconf 88' lang='lat' dir='ltr'><strong>hominum</strong></span> 
     </span>
    </p>
   </div>
   <div class='ocr_carea' id='block_1_41' title="bbox 529 3787 2118 3862">
    <p class='ocr_par' dir='ltr' id='par_1_41' title="bbox 529 3787 2118 3862">
     <span class='ocr_line' id='line_1_41' title="bbox 529 3787 2118 3862; baseline 0.001 -15"><span class='ocrx_word' id='word_1_258' title='bbox 529 3793 840 3862; x_wconf 78' lang='lat' dir='ltr'><strong>suspeudiis</strong></span> <span class='ocrx_word' id='word_1_259' title='bbox 869 3793 920 3845; x_wconf 90' lang='lat' dir='ltr'><strong>in</strong></span> <span class='ocrx_word' id='word_1_260' title='bbox 952 3791 1068 3858; x_wconf 85' lang='lat' dir='ltr'><strong>ejus</strong></span> <span class='ocrx_word' id='word_1_261' title='bbox 1103 3792 1252 3862; x_wconf 85' lang='lat' dir='ltr'><strong>regni</strong></span> <span class='ocrx_word' id='word_1_262' title='bbox 1291 3791 1425 3846; x_wconf 87' lang='lat' dir='ltr'><strong>locis</strong></span> <span class='ocrx_word' id='word_1_263' title='bbox 1451 3787 1613 3862; x_wconf 87' lang='lat' dir='ltr'><strong>quam</strong></span> <span class='ocrx_word' id='word_1_264' title='bbox 1641 3791 1885 3862; x_wconf 89' lang='lat' dir='ltr'><strong>pluribus</strong></span> <span class='ocrx_word' id='word_1_265' title='bbox 1913 3803 2118 3856; x_wconf 87' lang='lat' dir='ltr'><strong>erecta,</strong></span> 
     </span>
    </p>
   </div>
   <div class='ocr_carea' id='block_1_42' title="bbox 532 3881 2119 3955">
    <p class='ocr_par' dir='ltr' id='par_1_42' title="bbox 532 3881 2119 3955">
     <span class='ocr_line' id='line_1_42' title="bbox 532 3881 2119 3955; baseline 0.003 -21"><span class='ocrx_word' id='word_1_266' title='bbox 532 3883 772 3952; x_wconf 77' lang='lat' dir='ltr'><strong>pmnitns</strong></span> <span class='ocrx_word' id='word_1_267' title='bbox 799 3882 938 3938; x_wconf 86' lang='lat' dir='ltr'><strong>dirui</strong></span> <span class='ocrx_word' id='word_1_268' title='bbox 967 3881 1115 3946; x_wconf 88' lang='lat' dir='ltr'><strong>fecit,</strong></span> <span class='ocrx_word' id='word_1_269' title='bbox 1149 3898 1247 3937; x_wconf 84' lang='lat' dir='ltr'><strong>nec</strong></span> <span class='ocrx_word' id='word_1_270' title='bbox 1290 3883 1517 3937; x_wconf 88' lang='lat' dir='ltr'><strong>ulterius</strong></span> <span class='ocrx_word' id='word_1_271' title='bbox 1559 3885 1661 3938; x_wconf 88' lang='lat' dir='ltr'><strong>hoc</strong></span> <span class='ocrx_word' id='word_1_272' title='bbox 1692 3892 1932 3954; x_wconf 83' lang='lat' dir='ltr'><strong>tempore</strong></span> <span class='ocrx_word' id='word_1_273' title='bbox 1961 3900 2119 3955; x_wconf 87' lang='lat' dir='ltr'><strong>repa-</strong></span> 
     </span>
    </p>
   </div>
   <div class='ocr_carea' id='block_1_43' title="bbox 533 3971 2124 4044">
    <p class='ocr_par' dir='ltr' id='par_1_43' title="bbox 533 3971 2124 4044">
     <span class='ocr_line' id='line_1_43' title="bbox 533 3971 2124 4044; baseline 0.003 -18"><span class='ocrx_word' id='word_1_274' title='bbox 533 3973 647 4027; x_wconf 85' lang='lat' dir='ltr'><strong>rari</strong></span> <span class='ocrx_word' id='word_1_275' title='bbox 687 3973 936 4027; x_wconf 80' lang='lat' dir='ltr'><strong>toleravit</strong></span> <span class='ocrx_word' id='word_1_276' title='bbox 980 3971 1047 4025; x_wconf 69' lang='grc'><strong>⁸⁸.</strong></span> <span class='ocrx_word' id='word_1_277' title='bbox 1080 3973 1420 4028; x_wconf 86' lang='lat' dir='ltr'><strong>Felicissimo</strong></span> <span class='ocrx_word' id='word_1_278' title='bbox 1457 3983 1635 4028; x_wconf 91' lang='lat' dir='ltr'><strong>autem</strong></span> <span class='ocrx_word' id='word_1_279' title='bbox 1665 3985 1883 4028; x_wconf 87' lang='lat' dir='ltr'><strong>actuum</strong></span> <span class='ocrx_word' id='word_1_280' title='bbox 1932 3991 2124 4044; x_wconf 87' lang='lat' dir='ltr'><strong>prove-</strong></span> 
     </span>
    </p>
   </div>
   <div class='ocr_carea' id='block_1_44' title="bbox 533 4050 2122 4138">
    <p class='ocr_par' dir='ltr' id='par_1_44' title="bbox 533 4050 2122 4138">
     <span class='ocr_line' id='line_1_44' title="bbox 533 4050 2122 4138; baseline 0.003 -19"><span class='ocrx_word' id='word_1_281' title='bbox 533 4075 649 4132; x_wconf 84' lang='lat' dir='ltr'><strong>ctu,</strong></span> <span class='ocrx_word' id='word_1_282' title='bbox 684 4065 944 4119; x_wconf 84' lang='lat' dir='ltr'><strong>bonitatis</strong></span> <span class='ocrx_word' id='word_1_283' title='bbox 965 4063 1078 4134; x_wconf 89' lang='lat' dir='ltr'><strong>jam</strong></span> <span class='ocrx_word' id='word_1_284' title='bbox 1109 4065 1399 4134; x_wconf 77' lang='lat' dir='ltr'><strong>probandae</strong></span> <span class='ocrx_word' id='word_1_285' title='bbox 1427 4050 1702 4121; x_wconf 90' lang='lat' dir='ltr'><strong>cumulum</strong></span> <span class='ocrx_word' id='word_1_286' title='bbox 1728 4067 1899 4136; x_wconf 88' lang='lat' dir='ltr'><strong>magis</strong></span> <span class='ocrx_word' id='word_1_287' title='bbox 1927 4069 2122 4138; x_wconf 84' lang='lat' dir='ltr'><strong>magis-</strong></span> 
     </span>
    </p>
   </div>
   <div class='ocr_carea' id='block_1_45' title="bbox 531 4161 2124 4232">
    <p class='ocr_par' dir='ltr' id='par_1_45' title="bbox 531 4161 2124 4232">
     <span class='ocr_line' id='line_1_45' title="bbox 531 4161 2124 4232; baseline 0.002 -18"><span class='ocrx_word' id='word_1_288' title='bbox 531 4177 641 4230; x_wconf 88' lang='lat' dir='ltr'><strong>que</strong></span> <span class='ocrx_word' id='word_1_289' title='bbox 679 4162 731 4215; x_wconf 90' lang='lat' dir='ltr'><strong>in</strong></span> <span class='ocrx_word' id='word_1_290' title='bbox 762 4161 880 4216; x_wconf 81' lang='lat' dir='ltr'><strong>dies</strong></span> <span class='ocrx_word' id='word_1_291' title='bbox 916 4161 1358 4217; x_wconf 87' lang='lat' dir='ltr'><strong>convenustando</strong></span> <span class='ocrx_word' id='word_1_292' title='bbox 1388 4175 1750 4232; x_wconf 77' lang='lat' dir='ltr'><strong>exaggerans,</strong></span> <span class='ocrx_word' id='word_1_293' title='bbox 1779 4175 2124 4232; x_wconf 87' lang='lat' dir='ltr'><strong>quacumque</strong></span> 
     </span>
    </p>
   </div>
   <div class='ocr_carea' id='block_1_46' title="bbox 536 4254 2124 4323">
    <p class='ocr_par' dir='ltr' id='par_1_46' title="bbox 536 4254 2124 4323">
     <span class='ocr_line' id='line_1_46' title="bbox 536 4254 2124 4323; baseline 0.001 -15"><span class='ocrx_word' id='word_1_294' title='bbox 536 4263 803 4309; x_wconf 88' lang='lat' dir='ltr'><strong>terrarum</strong></span> <span class='ocrx_word' id='word_1_295' title='bbox 851 4265 1005 4323; x_wconf 88' lang='lat' dir='ltr'><strong>parte</strong></span> <span class='ocrx_word' id='word_1_296' title='bbox 1033 4255 1262 4310; x_wconf 87' lang='lat' dir='ltr'><strong>clericos</strong></span> <span class='ocrx_word' id='word_1_297' title='bbox 1312 4255 1660 4310; x_wconf 86' lang='lat' dir='ltr'><strong>advenientes</strong></span> <span class='ocrx_word' id='word_1_298' title='bbox 1697 4254 1862 4309; x_wconf 89' lang='lat' dir='ltr'><strong>alacri</strong></span> <span class='ocrx_word' id='word_1_299' title='bbox 1909 4255 2124 4309; x_wconf 85' lang='lat' dir='ltr'><strong>munifi-</strong></span> 
     </span>
    </p>
   </div>
   <div class='ocr_carea' id='block_1_47' title="bbox 537 4346 2124 4416">
    <p class='ocr_par' dir='ltr' id='par_1_47' title="bbox 537 4346 2124 4416">
     <span class='ocr_line' id='line_1_47' title="bbox 537 4346 2124 4416; baseline 0.002 -16"><span class='ocrx_word' id='word_1_300' title='bbox 537 4346 726 4400; x_wconf 88' lang='lat' dir='ltr'><strong>ceucia</strong></span> <span class='ocrx_word' id='word_1_301' title='bbox 769 4347 869 4401; x_wconf 91' lang='lat' dir='ltr'><strong>sub</strong></span> <span class='ocrx_word' id='word_1_302' title='bbox 924 4347 1095 4402; x_wconf 89' lang='lat' dir='ltr'><strong>tocius</strong></span> <span class='ocrx_word' id='word_1_303' title='bbox 1144 4347 1484 4402; x_wconf 88' lang='lat' dir='ltr'><strong>necessitatis</strong></span> <span class='ocrx_word' id='word_1_304' title='bbox 1517 4357 1668 4416; x_wconf 89' lang='lat' dir='ltr'><strong>grata</strong></span> <span class='ocrx_word' id='word_1_305' title='bbox 1701 4347 2028 4403; x_wconf 87' lang='lat' dir='ltr'><strong>revelatione</strong></span> <span class='ocrx_word' id='word_1_306' title='bbox 2055 4348 2124 4404; x_wconf 85' lang='lat' dir='ltr'><strong>ad</strong></span> 
     </span>
    </p>
   </div>
   <div class='ocr_carea' id='block_1_48' title="bbox 538 4438 2124 4510">
    <p class='ocr_par' dir='ltr' id='par_1_48' title="bbox 538 4438 2124 4510">
     <span class='ocr_line' id='line_1_48' title="bbox 538 4438 2124 4510; baseline 0.003 -20"><span class='ocrx_word' id='word_1_307' title='bbox 538 4452 600 4491; x_wconf 87' lang='lat' dir='ltr'><strong>se</strong></span> <span class='ocrx_word' id='word_1_308' title='bbox 645 4438 868 4506; x_wconf 83' lang='lat' dir='ltr'><strong>recepit,</strong></span> <span class='ocrx_word' id='word_1_309' title='bbox 919 4438 1208 4506; x_wconf 87' lang='lat' dir='ltr'><strong>diviuoque</strong></span> <span class='ocrx_word' id='word_1_310' title='bbox 1255 4451 1442 4493; x_wconf 86' lang='lat' dir='ltr'><strong>amore</strong></span> <span class='ocrx_word' id='word_1_311' title='bbox 1487 4453 1615 4510; x_wconf 86' lang='lat' dir='ltr'><strong>erga</strong></span> <span class='ocrx_word' id='word_1_312' title='bbox 1664 4439 1968 4508; x_wconf 78' lang='lat' dir='ltr'><strong>proximum</strong></span> <span class='ocrx_word' id='word_1_313' title='bbox 2008 4455 2124 4496; x_wconf 82' lang='lat' dir='ltr'><strong>ser—</strong></span> 
     </span>
    </p>
   </div>
   <div class='ocr_carea' id='block_1_49' title="bbox 537 4529 2126 4598">
    <p class='ocr_par' dir='ltr' id='par_1_49' title="bbox 537 4529 2126 4598">
     <span class='ocr_line' id='line_1_49' title="bbox 537 4529 2126 4598; baseline 0.007 -19"><span class='ocrx_word' id='word_1_314' title='bbox 537 4529 715 4582; x_wconf 82' lang='lat' dir='ltr'><strong>vando</strong></span> <span class='ocrx_word' id='word_1_315' title='bbox 741 4529 812 4594; x_wconf 85' lang='grc'><strong>⁸³,</strong></span> <span class='ocrx_word' id='word_1_316' title='bbox 837 4530 937 4584; x_wconf 90' lang='lat' dir='ltr'><strong>sub</strong></span> <span class='ocrx_word' id='word_1_317' title='bbox 963 4529 1134 4584; x_wconf 91' lang='lat' dir='ltr'><strong>oculis</strong></span> <span class='ocrx_word' id='word_1_318' title='bbox 1161 4529 1277 4598; x_wconf 87' lang='lat' dir='ltr'><strong>ejus</strong></span> <span class='ocrx_word' id='word_1_319' title='bbox 1313 4531 1520 4596; x_wconf 80' lang='lat' dir='ltr'><strong>adfixo,</strong></span> <span class='ocrx_word' id='word_1_320' title='bbox 1553 4531 1846 4587; x_wconf 89' lang='lat' dir='ltr'><strong>reverenda</strong></span> <span class='ocrx_word' id='word_1_321' title='bbox 1895 4534 2126 4590; x_wconf 89' lang='lat' dir='ltr'><strong>caritate</strong></span> 
     </span>
    </p>
   </div>
   <div class='ocr_carea' id='block_1_50' title="bbox 535 4623 2124 4698">
    <p class='ocr_par' dir='ltr' id='par_1_50' title="bbox 535 4623 2124 4698">
     <span class='ocr_line' id='line_1_50' title="bbox 535 4623 2124 4698; baseline 0.005 -26"><span class='ocrx_word' id='word_1_322' title='bbox 535 4634 724 4674; x_wconf 81' lang='lat' dir='ltr'><strong>secum</strong></span> <span class='ocrx_word' id='word_1_323' title='bbox 765 4637 858 4678; x_wconf 87' lang='lat' dir='ltr'><strong>eos</strong></span> <span class='ocrx_word' id='word_1_324' title='bbox 908 4623 1162 4680; x_wconf 89' lang='lat' dir='ltr'><strong>libentius</strong></span> <span class='ocrx_word' id='word_1_325' title='bbox 1193 4635 1603 4681; x_wconf 89' lang='lat' dir='ltr'><strong>commanentes</strong></span> <span class='ocrx_word' id='word_1_326' title='bbox 1630 4626 1842 4680; x_wconf 89' lang='lat' dir='ltr'><strong>curiose</strong></span> <span class='ocrx_word' id='word_1_327' title='bbox 1875 4625 2124 4698; x_wconf 87' lang='lat' dir='ltr'><strong>benigni-</strong></span> 
     </span>
    </p>
   </div>
   <div class='ocr_carea' id='block_1_51' title="bbox 537 4717 2124 4788">
    <p class='ocr_par' dir='ltr' id='par_1_51' title="bbox 537 4717 2124 4788">
     <span class='ocr_line' id='line_1_51' title="bbox 537 4717 2124 4788; baseline 0.004 -21"><span class='ocrx_word' id='word_1_328' title='bbox 537 4720 730 4784; x_wconf 88' lang='lat' dir='ltr'><strong>terque</strong></span> <span class='ocrx_word' id='word_1_329' title='bbox 769 4717 1046 4786; x_wconf 90' lang='lat' dir='ltr'><strong>tractavit,</strong></span> <span class='ocrx_word' id='word_1_330' title='bbox 1070 4731 1368 4788; x_wconf 88' lang='lat' dir='ltr'><strong>eorumque</strong></span> <span class='ocrx_word' id='word_1_331' title='bbox 1395 4718 1442 4751; x_wconf 84' lang='grc'><strong>⁸⁸</strong></span> <span class='ocrx_word' id='word_1_332' title='bbox 1467 4718 1674 4775; x_wconf 88' lang='lat' dir='ltr'><strong>crebris</strong></span> <span class='ocrx_word' id='word_1_333' title='bbox 1707 4718 1988 4788; x_wconf 86' lang='lat' dir='ltr'><strong>sacrisque</strong></span> <span class='ocrx_word' id='word_1_334' title='bbox 2035 4719 2124 4774; x_wconf 85' lang='lat' dir='ltr'><strong>in-</strong></span> 
     </span>
    </p>
   </div>
   <div class='ocr_carea' id='block_1_52' title="bbox 2209 486 3788 556">
    <p class='ocr_par' dir='ltr' id='par_1_52' title="bbox 2209 486 3788 556">
     <span class='ocr_line' id='line_1_52' title="bbox 2209 486 3788 556; baseline 0.005 -18"><span class='ocrx_word' id='word_1_335' title='bbox 2209 487 2313 540; x_wconf 89' lang='lat' dir='ltr'><strong>tius</strong></span> <span class='ocrx_word' id='word_1_336' title='bbox 2348 487 2402 544; x_wconf 91' lang='lat' dir='ltr'><strong>in</strong></span> <span class='ocrx_word' id='word_1_337' title='bbox 2450 487 2710 543; x_wconf 88' lang='lat' dir='ltr'><strong>discendo</strong></span> <span class='ocrx_word' id='word_1_338' title='bbox 2761 486 3008 552; x_wconf 80' lang='lat' dir='ltr'><strong>exculta,</strong></span> <span class='ocrx_word' id='word_1_339' title='bbox 3049 487 3101 541; x_wconf 90' lang='lat' dir='ltr'><strong>in</strong></span> <span class='ocrx_word' id='word_1_340' title='bbox 3157 486 3352 542; x_wconf 88' lang='lat' dir='ltr'><strong>miram</strong></span> <span class='ocrx_word' id='word_1_341' title='bbox 3402 487 3788 556; x_wconf 79' lang='lat' dir='ltr'><strong>scripturarum</strong></span> 
     </span>
    </p>
   </div>
   <div class='ocr_carea' id='block_1_53' title="bbox 2207 578 3788 648">
    <p class='ocr_par' dir='ltr' id='par_1_53' title="bbox 2207 578 3788 648">
     <span class='ocr_line' id='line_1_53' title="bbox 2207 578 3788 648; baseline 0.003 -16"><span class='ocrx_word' id='word_1_342' title='bbox 2207 579 2566 646; x_wconf 77' lang='lat' dir='ltr'><strong>Capacitatem</strong></span> <span class='ocrx_word' id='word_1_343' title='bbox 2595 579 2831 648; x_wconf 90' lang='lat' dir='ltr'><strong>prodivit</strong></span> <span class='ocrx_word' id='word_1_344' title='bbox 2859 580 2924 633; x_wconf 80' lang='grc'><strong>⁸⁷.</strong></span> <span class='ocrx_word' id='word_1_345' title='bbox 2959 578 3224 647; x_wconf 87' lang='lat' dir='ltr'><strong>Quicquid</strong></span> <span class='ocrx_word' id='word_1_346' title='bbox 3249 580 3297 612; x_wconf 79' lang='grc'><strong>⁸⁸</strong></span> <span class='ocrx_word' id='word_1_347' title='bbox 3331 595 3575 647; x_wconf 87' lang='lat' dir='ltr'><strong>namque</strong></span> <span class='ocrx_word' id='word_1_348' title='bbox 3600 581 3788 636; x_wconf 81' lang='lat' dir='ltr'><strong>docen-</strong></span> 
     </span>
    </p>
   </div>
   <div class='ocr_carea' id='block_1_54' title="bbox 2208 670 3789 741">
    <p class='ocr_par' dir='ltr' id='par_1_54' title="bbox 2208 670 3789 741">
     <span class='ocr_line' id='line_1_54' title="bbox 2208 670 3789 741; baseline 0.004 -19"><span class='ocrx_word' id='word_1_349' title='bbox 2208 671 2342 724; x_wconf 88' lang='lat' dir='ltr'><strong>tium</strong></span> <span class='ocrx_word' id='word_1_350' title='bbox 2373 671 2550 725; x_wconf 87' lang='lat' dir='ltr'><strong>studia</strong></span> <span class='ocrx_word' id='word_1_351' title='bbox 2587 670 2640 724; x_wconf 84' lang='lat' dir='ltr'><strong>in</strong></span> <span class='ocrx_word' id='word_1_352' title='bbox 2684 687 2750 725; x_wconf 91' lang='lat' dir='ltr'><strong>eo</strong></span> <span class='ocrx_word' id='word_1_353' title='bbox 2787 671 3279 741; x_wconf 65' lang='lat' dir='ltr'><strong>praesiguaverant,</strong></span> <span class='ocrx_word' id='word_1_354' title='bbox 3311 672 3564 726; x_wconf 87' lang='lat' dir='ltr'><strong>honestis</strong></span> <span class='ocrx_word' id='word_1_355' title='bbox 3594 674 3789 729; x_wconf 80' lang='lat' dir='ltr'><strong>actibus</strong></span> 
     </span>
    </p>
   </div>
   <div class='ocr_carea' id='block_1_55' title="bbox 2207 761 3787 833">
    <p class='ocr_par' dir='ltr' id='par_1_55' title="bbox 2207 761 3787 833">
     <span class='ocr_line' id='line_1_55' title="bbox 2207 761 3787 833; baseline 0.002 -18"><span class='ocrx_word' id='word_1_356' title='bbox 2207 761 2322 830; x_wconf 89' lang='lat' dir='ltr'><strong>ipse</strong></span> <span class='ocrx_word' id='word_1_357' title='bbox 2351 762 2669 832; x_wconf 84' lang='lat' dir='ltr'><strong>complevit;</strong></span> <span class='ocrx_word' id='word_1_358' title='bbox 2698 764 2824 833; x_wconf 86' lang='lat' dir='ltr'><strong>quia</strong></span> <span class='ocrx_word' id='word_1_359' title='bbox 2871 764 3116 818; x_wconf 86' lang='lat' dir='ltr'><strong>omnium</strong></span> <span class='ocrx_word' id='word_1_360' title='bbox 3147 763 3411 833; x_wconf 65' lang='lat' dir='ltr'><strong>angustia:</strong></span> <span class='ocrx_word' id='word_1_361' title='bbox 3460 779 3787 832; x_wconf 86' lang='lat' dir='ltr'><strong>compassus,</strong></span> 
     </span>
    </p>
   </div>
   <div class='ocr_carea' id='block_1_56' title="bbox 2209 853 3792 924">
    <p class='ocr_par' dir='ltr' id='par_1_56' title="bbox 2209 853 3792 924">
     <span class='ocr_line' id='line_1_56' title="bbox 2209 853 3792 924; baseline 0.002 -17"><span class='ocrx_word' id='word_1_362' title='bbox 2209 853 2561 909; x_wconf 88' lang='lat' dir='ltr'><strong>inbccillitate</strong></span> <span class='ocrx_word' id='word_1_363' title='bbox 2612 855 2876 924; x_wconf 86' lang='lat' dir='ltr'><strong>quosdam</strong></span> <span class='ocrx_word' id='word_1_364' title='bbox 2926 855 3194 909; x_wconf 82' lang='lat' dir='ltr'><strong>lassantes</strong></span> <span class='ocrx_word' id='word_1_365' title='bbox 3243 855 3536 909; x_wconf 79' lang='lat' dir='ltr'><strong>caritativo</strong></span> <span class='ocrx_word' id='word_1_366' title='bbox 3569 857 3792 910; x_wconf 77' lang='lat' dir='ltr'><strong>visitavit</strong></span> 
     </span>
    </p>
   </div>
   <div class='ocr_carea' id='block_1_57' title="bbox 2206 935 3792 1018">
    <p class='ocr_par' dir='ltr' id='par_1_57' title="bbox 2206 935 3792 1018">
     <span class='ocr_line' id='line_1_57' title="bbox 2206 935 3792 1018; baseline 0.002 -17"><span class='ocrx_word' id='word_1_367' title='bbox 2206 945 2436 1012; x_wconf 89' lang='lat' dir='ltr'><strong>solacio,</strong></span> <span class='ocrx_word' id='word_1_368' title='bbox 2479 957 2536 1002; x_wconf 89' lang='lat' dir='ltr'><strong>et</strong></span> <span class='ocrx_word' id='word_1_369' title='bbox 2577 935 2772 1002; x_wconf 87' lang='lat' dir='ltr'><strong>mortis</strong></span> <span class='ocrx_word' id='word_1_370' title='bbox 2819 947 2935 1018; x_wconf 85' lang='lat' dir='ltr'><strong>lege</strong></span> <span class='ocrx_word' id='word_1_371' title='bbox 2982 946 3307 1015; x_wconf 84' lang='lat' dir='ltr'><strong>illaqueatos</strong></span> <span class='ocrx_word' id='word_1_372' title='bbox 3347 946 3394 978; x_wconf 80' lang='lat'>&quot;</span> <span class='ocrx_word' id='word_1_373' title='bbox 3420 986 3436 1008; x_wconf 93' lang='lat'><strong>,</strong></span> <span class='ocrx_word' id='word_1_374' title='bbox 3491 948 3792 1016; x_wconf 63' lang='lat' dir='ltr'><strong>plerumque</strong></span> 
     </span>
    </p>
   </div>
   <div class='ocr_carea' id='block_1_58' title="bbox 2209 1038 3791 1110">
    <p class='ocr_par' dir='ltr' id='par_1_58' title="bbox 2209 1038 3791 1110">
     <span class='ocr_line' id='line_1_58' title="bbox 2209 1038 3791 1110; baseline 0 -16"><span class='ocrx_word' id='word_1_375' title='bbox 2209 1038 2455 1109; x_wconf 79' lang='lat' dir='ltr'><strong>neglecta</strong></span> <span class='ocrx_word' id='word_1_376' title='bbox 2493 1055 2525 1093; x_wconf 90' lang='lat' dir='ltr'><strong>a</strong></span> <span class='ocrx_word' id='word_1_377' title='bbox 2548 1040 2758 1095; x_wconf 79' lang='lat' dir='ltr'><strong>civibus</strong></span> <span class='ocrx_word' id='word_1_378' title='bbox 2795 1041 2973 1094; x_wconf 84' lang='lat' dir='ltr'><strong>minus</strong></span> <span class='ocrx_word' id='word_1_379' title='bbox 3008 1039 3276 1109; x_wconf 82' lang='lat' dir='ltr'><strong>religiosis</strong></span> <span class='ocrx_word' id='word_1_380' title='bbox 3304 1038 3620 1110; x_wconf 74' lang='lat' dir='ltr'><strong>sepuliura,</strong></span> <span class='ocrx_word' id='word_1_381' title='bbox 3648 1041 3791 1094; x_wconf 81' lang='lat' dir='ltr'><strong>func-</strong></span> 
     </span>
    </p>
   </div>
   <div class='ocr_carea' id='block_1_59' title="bbox 2207 1129 3789 1202">
    <p class='ocr_par' dir='ltr' id='par_1_59' title="bbox 2207 1129 3789 1202">
     <span class='ocr_line' id='line_1_59' title="bbox 2207 1129 3789 1202; baseline -0.001 -16"><span class='ocrx_word' id='word_1_382' title='bbox 2207 1130 2324 1186; x_wconf 85' lang='lat' dir='ltr'><strong>bris</strong></span> <span class='ocrx_word' id='word_1_383' title='bbox 2373 1133 2418 1164; x_wconf 78' lang='grc' dir='ltr'><strong>⁸ο</strong></span> <span class='ocrx_word' id='word_1_384' title='bbox 2463 1132 2708 1202; x_wconf 87' lang='lat' dir='ltr'><strong>obsequii</strong></span> <span class='ocrx_word' id='word_1_385' title='bbox 2763 1131 3052 1185; x_wconf 87' lang='lat' dir='ltr'><strong>tumulavit</strong></span> <span class='ocrx_word' id='word_1_386' title='bbox 3101 1129 3298 1186; x_wconf 75' lang='lat' dir='ltr'><strong>ofﬁcio.</strong></span> <span class='ocrx_word' id='word_1_387' title='bbox 3353 1131 3463 1184; x_wconf 85' lang='lat' dir='ltr'><strong>Sed</strong></span> <span class='ocrx_word' id='word_1_388' title='bbox 3525 1135 3789 1201; x_wconf 80' lang='lat' dir='ltr'><strong>gentibus,</strong></span> 
     </span>
    </p>
   </div>
   <div class='ocr_carea' id='block_1_60' title="bbox 2209 1222 3788 1293">
    <p class='ocr_par' dir='ltr' id='par_1_60' title="bbox 2209 1222 3788 1293">
     <span class='ocr_line' id='line_1_60' title="bbox 2209 1222 3788 1293; baseline 0 -16"><span class='ocrx_word' id='word_1_389' title='bbox 2209 1222 2405 1277; x_wconf 89' lang='lat' dir='ltr'><strong>ducatu</strong></span> <span class='ocrx_word' id='word_1_390' title='bbox 2435 1224 2606 1292; x_wconf 88' lang='lat' dir='ltr'><strong>ipsius</strong></span> <span class='ocrx_word' id='word_1_391' title='bbox 2636 1239 2732 1293; x_wconf 90' lang='lat' dir='ltr'><strong>per</strong></span> <span class='ocrx_word' id='word_1_392' title='bbox 2752 1223 2928 1293; x_wconf 81' lang='lat' dir='ltr'><strong>legem</strong></span> <span class='ocrx_word' id='word_1_393' title='bbox 2955 1239 3019 1277; x_wconf 92' lang='lat' dir='ltr'><strong>ac</strong></span> <span class='ocrx_word' id='word_1_394' title='bbox 3044 1238 3254 1276; x_wconf 89' lang='lat' dir='ltr'><strong>morum</strong></span> <span class='ocrx_word' id='word_1_395' title='bbox 3283 1225 3733 1277; x_wconf 79' lang='lat' dir='ltr'><strong>consuetudinem</strong></span> <span class='ocrx_word' id='word_1_396' title='bbox 3754 1225 3788 1258; x_wconf 76' lang='grc' dir='ltr'><strong>ἰ</strong></span> 
     </span>
    </p>
   </div>
   <div class='ocr_carea' id='block_1_61' title="bbox 2209 1315 3791 1386">
    <p class='ocr_par' dir='ltr' id='par_1_61' title="bbox 2209 1315 3791 1386">
     <span class='ocr_line' id='line_1_61' title="bbox 2209 1315 3791 1386; baseline 0.002 -18"><span class='ocrx_word' id='word_1_397' title='bbox 2209 1325 2478 1370; x_wconf 86' lang='lat' dir='ltr'><strong>vetustam</strong></span> <span class='ocrx_word' id='word_1_398' title='bbox 2525 1318 2893 1386; x_wconf 86' lang='lat' dir='ltr'><strong>disponendis,</strong></span> <span class='ocrx_word' id='word_1_399' title='bbox 2943 1315 3094 1371; x_wconf 88' lang='lat' dir='ltr'><strong>rudis</strong></span> <span class='ocrx_word' id='word_1_400' title='bbox 3146 1317 3324 1371; x_wconf 89' lang='lat' dir='ltr'><strong>adlme</strong></span> <span class='ocrx_word' id='word_1_401' title='bbox 3379 1316 3505 1370; x_wconf 83' lang='lat' dir='ltr'><strong>fidei</strong></span> <span class='ocrx_word' id='word_1_402' title='bbox 3561 1317 3791 1372; x_wconf 72' lang='lat' dir='ltr'><strong>doctrina</strong></span> 
     </span>
    </p>
   </div>
   <div class='ocr_carea' id='block_1_62' title="bbox 2211 1409 3793 1481">
    <p class='ocr_par' dir='ltr' id='par_1_62' title="bbox 2211 1409 3793 1481">
     <span class='ocr_line' id='line_1_62' title="bbox 2211 1409 3793 1481; baseline 0.003 -19"><span class='ocrx_word' id='word_1_403' title='bbox 2211 1411 2550 1475; x_wconf 87' lang='lat' dir='ltr'><strong>nutantibus,</strong></span> <span class='ocrx_word' id='word_1_404' title='bbox 2586 1411 2711 1466; x_wconf 87' lang='lat' dir='ltr'><strong>dum</strong></span> <span class='ocrx_word' id='word_1_405' title='bbox 2756 1424 2850 1480; x_wconf 89' lang='lat' dir='ltr'><strong>per</strong></span> <span class='ocrx_word' id='word_1_406' title='bbox 2877 1409 3139 1466; x_wconf 80' lang='lat' dir='ltr'><strong>nefandas</strong></span> <span class='ocrx_word' id='word_1_407' title='bbox 3173 1410 3451 1466; x_wconf 80' lang='lat' dir='ltr'><strong>aditurum</strong></span> <span class='ocrx_word' id='word_1_408' title='bbox 3485 1420 3655 1481; x_wconf 89' lang='lat' dir='ltr'><strong>atque</strong></span> <span class='ocrx_word' id='word_1_409' title='bbox 3687 1428 3793 1466; x_wconf 56' lang='lat' dir='ltr'><strong>ara-</strong></span> 
     </span>
    </p>
   </div>
   <div class='ocr_carea' id='block_1_63' title="bbox 2211 1499 3792 1573">
    <p class='ocr_par' dir='ltr' id='par_1_63' title="bbox 2211 1499 3792 1573">
     <span class='ocr_line' id='line_1_63' title="bbox 2211 1499 3792 1573; baseline 0.003 -18"><span class='ocrx_word' id='word_1_410' title='bbox 2211 1516 2332 1556; x_wconf 86' lang='lat' dir='ltr'><strong>rum</strong></span> <span class='ocrx_word' id='word_1_411' title='bbox 2379 1499 2652 1557; x_wconf 88' lang='lat' dir='ltr'><strong>furialium</strong></span> <span class='ocrx_word' id='word_1_412' title='bbox 2709 1503 2880 1568; x_wconf 63' lang='lat' dir='ltr'><strong>aedes,</strong></span> <span class='ocrx_word' id='word_1_413' title='bbox 2919 1517 3177 1572; x_wconf 89' lang='lat' dir='ltr'><strong>proceres</strong></span> <span class='ocrx_word' id='word_1_414' title='bbox 3223 1517 3444 1572; x_wconf 89' lang='lat' dir='ltr'><strong>quoque</strong></span> <span class='ocrx_word' id='word_1_415' title='bbox 3501 1504 3651 1573; x_wconf 85' lang='lat' dir='ltr'><strong>ipsos</strong></span> <span class='ocrx_word' id='word_1_416' title='bbox 3705 1506 3792 1559; x_wconf 80' lang='lat' dir='ltr'><strong>diis</strong></span> 
     </span>
    </p>
   </div>
   <div class='ocr_carea' id='block_1_64' title="bbox 2213 1593 3792 1664">
    <p class='ocr_par' dir='ltr' id='par_1_64' title="bbox 2213 1593 3792 1664">
     <span class='ocr_line' id='line_1_64' title="bbox 2213 1593 3792 1664; baseline 0.003 -17"><span class='ocrx_word' id='word_1_417' title='bbox 2213 1593 2488 1648; x_wconf 89' lang='lat' dir='ltr'><strong>libandum</strong></span> <span class='ocrx_word' id='word_1_418' title='bbox 2516 1593 2706 1649; x_wconf 85' lang='lat' dir='ltr'><strong>alienis</strong></span> <span class='ocrx_word' id='word_1_419' title='bbox 2733 1595 2779 1629; x_wconf 76' lang='lat'><strong><em>”</em></strong></span> <span class='ocrx_word' id='word_1_420' title='bbox 2801 1593 3141 1664; x_wconf 79' lang='lat' dir='ltr'><strong>frequentius</strong></span> <span class='ocrx_word' id='word_1_421' title='bbox 3163 1595 3216 1648; x_wconf 93' lang='lat' dir='ltr'><strong>in</strong></span> <span class='ocrx_word' id='word_1_422' title='bbox 3247 1610 3391 1649; x_wconf 89' lang='lat' dir='ltr'><strong>anno</strong></span> <span class='ocrx_word' id='word_1_423' title='bbox 3416 1604 3792 1651; x_wconf 76' lang='lat' dir='ltr'><strong>cmtcursantes</strong></span> 
     </span>
    </p>
   </div>
   <div class='ocr_carea' id='block_1_65' title="bbox 2213 1685 3792 1758">
    <p class='ocr_par' dir='ltr' id='par_1_65' title="bbox 2213 1685 3792 1758">
     <span class='ocr_line' id='line_1_65' title="bbox 2213 1685 3792 1758; baseline 0.002 -18"><span class='ocrx_word' id='word_1_424' title='bbox 2213 1685 2387 1741; x_wconf 66' lang='lat' dir='ltr'><strong>beatae</strong></span> <span class='ocrx_word' id='word_1_425' title='bbox 2420 1686 2618 1741; x_wconf 90' lang='lat' dir='ltr'><strong>indolis</strong></span> <span class='ocrx_word' id='word_1_426' title='bbox 2659 1686 2986 1758; x_wconf 85' lang='lat' dir='ltr'><strong>juvenculus</strong></span> <span class='ocrx_word' id='word_1_427' title='bbox 3026 1686 3407 1756; x_wconf 76' lang='lat' dir='ltr'><strong>conspexisset</strong></span> <span class='ocrx_word' id='word_1_428' title='bbox 3435 1687 3504 1752; x_wconf 82' lang='lat'><strong>”,</strong></span> <span class='ocrx_word' id='word_1_429' title='bbox 3552 1688 3620 1742; x_wconf 88' lang='lat' dir='ltr'><strong>ad</strong></span> <span class='ocrx_word' id='word_1_430' title='bbox 3671 1687 3792 1743; x_wconf 87' lang='lat' dir='ltr'><strong>hanc</strong></span> 
     </span>
    </p>
   </div>
   <div class='ocr_carea' id='block_1_66' title="bbox 2213 1778 3792 1834">
    <p class='ocr_par' dir='ltr' id='par_1_66' title="bbox 2213 1778 3792 1834">
     <span class='ocr_line' id='line_1_66' title="bbox 2213 1778 3792 1834; baseline 0 -2"><span class='ocrx_word' id='word_1_431' title='bbox 2213 1778 2538 1834; x_wconf 79' lang='lat' dir='ltr'><strong>scelerosum</strong></span> <span class='ocrx_word' id='word_1_432' title='bbox 2586 1778 2828 1834; x_wconf 65' lang='lat' dir='ltr'><strong>mdendis</strong></span> <span class='ocrx_word' id='word_1_433' title='bbox 2858 1779 3252 1834; x_wconf 79' lang='lat' dir='ltr'><strong>sacriﬁciorum</strong></span> <span class='ocrx_word' id='word_1_434' title='bbox 3291 1779 3530 1833; x_wconf 85' lang='lat' dir='ltr'><strong>victimis</strong></span> <span class='ocrx_word' id='word_1_435' title='bbox 3564 1794 3792 1833; x_wconf 83' lang='lat' dir='ltr'><strong>commu-</strong></span> 
     </span>
    </p>
   </div>
   <div class='ocr_carea' id='block_1_67' title="bbox 2214 1871 3792 1942">
    <p class='ocr_par' dir='ltr' id='par_1_67' title="bbox 2214 1871 3792 1942">
     <span class='ocr_line' id='line_1_67' title="bbox 2214 1871 3792 1942; baseline 0.001 -18"><span class='ocrx_word' id='word_1_436' title='bbox 2214 1871 2430 1926; x_wconf 85' lang='lat' dir='ltr'><strong>nionem</strong></span> <span class='ocrx_word' id='word_1_437' title='bbox 2473 1873 2718 1942; x_wconf 83' lang='lat' dir='ltr'><strong>quamvis</strong></span> <span class='ocrx_word' id='word_1_438' title='bbox 2763 1885 2906 1940; x_wconf 77' lang='lat' dir='ltr'><strong>sa-pe</strong></span> <span class='ocrx_word' id='word_1_439' title='bbox 2956 1880 3176 1940; x_wconf 86' lang='lat' dir='ltr'><strong>rogatus</strong></span> <span class='ocrx_word' id='word_1_440' title='bbox 3213 1871 3282 1937; x_wconf 67' lang='lat'><strong>9‘,</strong></span> <span class='ocrx_word' id='word_1_441' title='bbox 3316 1886 3522 1926; x_wconf 69' lang='lat' dir='ltr'><strong>mensa:</strong></span> <span class='ocrx_word' id='word_1_442' title='bbox 3569 1871 3792 1926; x_wconf 72' lang='lat' dir='ltr'><strong>caelestis</strong></span> 
     </span>
    </p>
   </div>
   <div class='ocr_carea' id='block_1_68' title="bbox 2213 1962 3791 2034">
    <p class='ocr_par' dir='ltr' id='par_1_68' title="bbox 2213 1962 3791 2034">
     <span class='ocr_line' id='line_1_68' title="bbox 2213 1962 3791 2034; baseline -0.001 -15"><span class='ocrx_word' id='word_1_443' title='bbox 2213 1964 2460 2019; x_wconf 88' lang='lat' dir='ltr'><strong>convivia</strong></span> <span class='ocrx_word' id='word_1_444' title='bbox 2491 1980 2602 2034; x_wconf 73' lang='lat' dir='ltr'><strong>pra:</strong></span> <span class='ocrx_word' id='word_1_445' title='bbox 2635 1965 2888 2018; x_wconf 91' lang='lat' dir='ltr'><strong>omnibus</strong></span> <span class='ocrx_word' id='word_1_446' title='bbox 2921 1962 3192 2027; x_wconf 88' lang='lat' dir='ltr'><strong>esuriens,</strong></span> <span class='ocrx_word' id='word_1_447' title='bbox 3223 1978 3332 2017; x_wconf 92' lang='lat' dir='ltr'><strong>non</strong></span> <span class='ocrx_word' id='word_1_448' title='bbox 3361 1972 3574 2016; x_wconf 88' lang='lat' dir='ltr'><strong>tantum</strong></span> <span class='ocrx_word' id='word_1_449' title='bbox 3620 1964 3791 2031; x_wconf 83' lang='lat' dir='ltr'><strong>epulas</strong></span> 
     </span>
    </p>
   </div>
   <div class='ocr_carea' id='block_1_69' title="bbox 2213 2055 3789 2124">
    <p class='ocr_par' dir='ltr' id='par_1_69' title="bbox 2213 2055 3789 2124">
     <span class='ocr_line' id='line_1_69' title="bbox 2213 2055 3789 2124; baseline -0.002 -13"><span class='ocrx_word' id='word_1_450' title='bbox 2213 2056 2471 2111; x_wconf 86' lang='lat' dir='ltr'><strong>refutavit</strong></span> <span class='ocrx_word' id='word_1_451' title='bbox 2503 2057 2740 2121; x_wconf 90' lang='lat' dir='ltr'><strong>illicitas,</strong></span> <span class='ocrx_word' id='word_1_452' title='bbox 2764 2072 2950 2112; x_wconf 83' lang='lat' dir='ltr'><strong>verum</strong></span> <span class='ocrx_word' id='word_1_453' title='bbox 2980 2056 3142 2111; x_wconf 82' lang='lat' dir='ltr'><strong>etiam</strong></span> <span class='ocrx_word' id='word_1_454' title='bbox 3172 2055 3398 2124; x_wconf 83' lang='lat' dir='ltr'><strong>profana</strong></span> <span class='ocrx_word' id='word_1_455' title='bbox 3424 2056 3789 2119; x_wconf 81' lang='lat' dir='ltr'><strong>convivarum,</strong></span> 
     </span>
    </p>
   </div>
   <div class='ocr_carea' id='block_1_70' title="bbox 2213 2149 3792 2218">
    <p class='ocr_par' dir='ltr' id='par_1_70' title="bbox 2213 2149 3792 2218">
     <span class='ocr_line' id='line_1_70' title="bbox 2213 2149 3792 2218; baseline -0.003 -14"><span class='ocrx_word' id='word_1_456' title='bbox 2213 2149 2466 2205; x_wconf 84' lang='lat' dir='ltr'><strong>sordibus</strong></span> <span class='ocrx_word' id='word_1_457' title='bbox 2501 2149 2850 2204; x_wconf 71' lang='lat' dir='ltr'><strong>tlzetnoniacis</strong></span> <span class='ocrx_word' id='word_1_458' title='bbox 2896 2149 3297 2218; x_wconf 89' lang='lat' dir='ltr'><strong>inquiuatorum</strong></span> <span class='ocrx_word' id='word_1_459' title='bbox 3321 2189 3336 2210; x_wconf 94' lang='lat'><strong>,</strong></span> <span class='ocrx_word' id='word_1_460' title='bbox 3367 2163 3533 2216; x_wconf 87' lang='lat' dir='ltr'><strong>quam</strong></span> <span class='ocrx_word' id='word_1_461' title='bbox 3583 2155 3792 2201; x_wconf 82' lang='lat' dir='ltr'><strong>strenue</strong></span> 
     </span>
    </p>
   </div>
   <div class='ocr_carea' id='block_1_71' title="bbox 2213 2237 3792 2313">
    <p class='ocr_par' dir='ltr' id='par_1_71' title="bbox 2213 2237 3792 2313">
     <span class='ocr_line' id='line_1_71' title="bbox 2213 2237 3792 2313; baseline -0.004 -16"><span class='ocrx_word' id='word_1_462' title='bbox 2213 2241 2421 2311; x_wconf 83' lang='lat' dir='ltr'><strong>aufugit</strong></span> <span class='ocrx_word' id='word_1_463' title='bbox 2459 2243 2756 2298; x_wconf 81' lang='lat' dir='ltr'><strong>consortia.</strong></span> <span class='ocrx_word' id='word_1_464' title='bbox 2791 2240 2966 2313; x_wconf 86' lang='lat' dir='ltr'><strong>Super</strong></span> <span class='ocrx_word' id='word_1_465' title='bbox 2997 2241 3079 2294; x_wconf 90' lang='lat' dir='ltr'><strong>his</strong></span> <span class='ocrx_word' id='word_1_466' title='bbox 3104 2251 3282 2294; x_wconf 89' lang='lat' dir='ltr'><strong>tamen</strong></span> <span class='ocrx_word' id='word_1_467' title='bbox 3313 2255 3506 2294; x_wconf 90' lang='lat' dir='ltr'><strong>errore</strong></span> <span class='ocrx_word' id='word_1_468' title='bbox 3547 2237 3792 2308; x_wconf 80' lang='lat' dir='ltr'><strong>pestifero</strong></span> 
     </span>
    </p>
   </div>
   <div class='ocr_carea' id='block_1_72' title="bbox 2209 2331 3787 2405">
    <p class='ocr_par' dir='ltr' id='par_1_72' title="bbox 2209 2331 3787 2405">
     <span class='ocr_line' id='line_1_72' title="bbox 2209 2331 3787 2405; baseline -0.006 -13"><span class='ocrx_word' id='word_1_469' title='bbox 2209 2335 2482 2405; x_wconf 85' lang='lat' dir='ltr'><strong>dcpressis</strong></span> <span class='ocrx_word' id='word_1_470' title='bbox 2514 2351 2618 2388; x_wconf 89' lang='lat' dir='ltr'><strong>non</strong></span> <span class='ocrx_word' id='word_1_471' title='bbox 2663 2350 2855 2404; x_wconf 76' lang='lat' dir='ltr'><strong>parum</strong></span> <span class='ocrx_word' id='word_1_472' title='bbox 2887 2333 3177 2394; x_wconf 89' lang='lat' dir='ltr'><strong>sollicitus,</strong></span> <span class='ocrx_word' id='word_1_473' title='bbox 3214 2331 3397 2386; x_wconf 83' lang='lat' dir='ltr'><strong>voluta</strong></span> <span class='ocrx_word' id='word_1_474' title='bbox 3424 2332 3629 2401; x_wconf 68' lang='lat' dir='ltr'><strong>saepius</strong></span> <span class='ocrx_word' id='word_1_475' title='bbox 3662 2331 3787 2385; x_wconf 86' lang='lat' dir='ltr'><strong>scri—</strong></span> 
     </span>
    </p>
   </div>
   <div class='ocr_carea' id='block_1_73' title="bbox 2214 2423 3794 2500">
    <p class='ocr_par' dir='ltr' id='par_1_73' title="bbox 2214 2423 3794 2500">
     <span class='ocr_line' id='line_1_73' title="bbox 2214 2423 3794 2500; baseline -0.004 -17"><span class='ocrx_word' id='word_1_476' title='bbox 2214 2438 2397 2500; x_wconf 87' lang='lat' dir='ltr'><strong>ptura,</strong></span> <span class='ocrx_word' id='word_1_477' title='bbox 2435 2444 2538 2498; x_wconf 91' lang='lat' dir='ltr'><strong>qua</strong></span> <span class='ocrx_word' id='word_1_478' title='bbox 2584 2443 2681 2499; x_wconf 90' lang='lat' dir='ltr'><strong>per</strong></span> <span class='ocrx_word' id='word_1_479' title='bbox 2715 2426 2941 2496; x_wconf 89' lang='lat' dir='ltr'><strong>apostoli</strong></span> <span class='ocrx_word' id='word_1_480' title='bbox 2990 2425 3132 2480; x_wconf 90' lang='lat' dir='ltr'><strong>dicta</strong></span> <span class='ocrx_word' id='word_1_481' title='bbox 3185 2424 3501 2494; x_wconf 69' lang='lat' dir='ltr'><strong>prascipitur</strong></span> <span class='ocrx_word' id='word_1_482' title='bbox 3543 2442 3558 2478; x_wconf 92' lang='lat'><strong>:</strong></span> <span class='ocrx_word' id='word_1_483' title='bbox 3599 2442 3619 2475; x_wconf 72' lang='grc' dir='ltr'><strong>ι</strong></span> <span class='ocrx_word' id='word_1_484' title='bbox 3661 2423 3794 2477; x_wconf 82' lang='lat' dir='ltr'><strong>Alter</strong></span> 
     </span>
    </p>
   </div>
   <div class='ocr_carea' id='block_1_74' title="bbox 2213 2516 3792 2588">
    <p class='ocr_par' dir='ltr' id='par_1_74' title="bbox 2213 2516 3792 2588">
     <span class='ocr_line' id='line_1_74' title="bbox 2213 2516 3792 2588; baseline -0.004 -14"><span class='ocrx_word' id='word_1_485' title='bbox 2213 2519 2439 2574; x_wconf 88' lang='lat' dir='ltr'><strong>alterius</strong></span> <span class='ocrx_word' id='word_1_486' title='bbox 2469 2522 2677 2574; x_wconf 88' lang='lat' dir='ltr'><strong>honera</strong></span> <span class='ocrx_word' id='word_1_487' title='bbox 2708 2517 2753 2550; x_wconf 79' lang='lat'>”</span> <span class='ocrx_word' id='word_1_488' title='bbox 2786 2525 2999 2588; x_wconf 90' lang='lat' dir='ltr'><strong>portate</strong></span> <span class='ocrx_word' id='word_1_489' title='bbox 3043 2517 3186 2587; x_wconf 84' lang='lat' dir='ltr'><strong>(Gal.</strong></span> <span class='ocrx_word' id='word_1_490' title='bbox 3222 2531 3298 2579; x_wconf 80' lang='lat' dir='ltr'><strong>vr,</strong></span> <span class='ocrx_word' id='word_1_491' title='bbox 3327 2516 3418 2585; x_wconf 70' lang='lat'><strong>2),</strong></span> <span class='ocrx_word' id='word_1_492' title='bbox 3467 2535 3488 2568; x_wconf 73' lang='grc' dir='ltr'><strong>ι</strong></span> <span class='ocrx_word' id='word_1_493' title='bbox 3519 2519 3792 2585; x_wconf 65' lang='lat' dir='ltr'><strong>quosdam,</strong></span> 
     </span>
    </p>
   </div>
   <div class='ocr_carea' id='block_1_75' title="bbox 2214 2605 3792 2678">
    <p class='ocr_par' dir='ltr' id='par_1_75' title="bbox 2214 2605 3792 2678">
     <span class='ocr_line' id='line_1_75' title="bbox 2214 2605 3792 2678; baseline -0.004 -15"><span class='ocrx_word' id='word_1_494' title='bbox 2214 2608 2396 2678; x_wconf 87' lang='lat' dir='ltr'><strong>aliquo</strong></span> <span class='ocrx_word' id='word_1_495' title='bbox 2425 2608 2588 2663; x_wconf 87' lang='lat' dir='ltr'><strong>modo</strong></span> <span class='ocrx_word' id='word_1_496' title='bbox 2611 2608 2678 2662; x_wconf 88' lang='lat' dir='ltr'><strong>ad</strong></span> <span class='ocrx_word' id='word_1_497' title='bbox 2707 2621 2896 2662; x_wconf 87' lang='lat' dir='ltr'><strong>verum</strong></span> <span class='ocrx_word' id='word_1_498' title='bbox 2938 2607 3140 2660; x_wconf 88' lang='lat' dir='ltr'><strong>summi</strong></span> <span class='ocrx_word' id='word_1_499' title='bbox 3171 2607 3294 2661; x_wconf 88' lang='lat' dir='ltr'><strong>boni</strong></span> <span class='ocrx_word' id='word_1_500' title='bbox 3345 2606 3621 2661; x_wconf 82' lang='lat' dir='ltr'><strong>tramitem</strong></span> <span class='ocrx_word' id='word_1_501' title='bbox 3656 2605 3792 2658; x_wconf 80' lang='lat' dir='ltr'><strong>ﬂexi-</strong></span> 
     </span>
    </p>
   </div>
   <div class='ocr_carea' id='block_1_76' title="bbox 2212 2698 3792 2769">
    <p class='ocr_par' dir='ltr' id='par_1_76' title="bbox 2212 2698 3792 2769">
     <span class='ocr_line' id='line_1_76' title="bbox 2212 2698 3792 2769; baseline -0.004 -12"><span class='ocrx_word' id='word_1_502' title='bbox 2212 2700 2466 2766; x_wconf 90' lang='lat' dir='ltr'><strong>biliores,</strong></span> <span class='ocrx_word' id='word_1_503' title='bbox 2518 2700 2704 2756; x_wconf 85' lang='lat' dir='ltr'><strong>suavis</strong></span> <span class='ocrx_word' id='word_1_504' title='bbox 2755 2699 2992 2769; x_wconf 91' lang='lat' dir='ltr'><strong>alloquio</strong></span> <span class='ocrx_word' id='word_1_505' title='bbox 3054 2698 3455 2768; x_wconf 84' lang='lat' dir='ltr'><strong>persuasionis,</strong></span> <span class='ocrx_word' id='word_1_506' title='bbox 3501 2707 3563 2753; x_wconf 89' lang='lat' dir='ltr'><strong>ut</strong></span> <span class='ocrx_word' id='word_1_507' title='bbox 3609 2699 3792 2768; x_wconf 73' lang='lat' dir='ltr'><strong>spretis</strong></span> 
     </span>
    </p>
   </div>
   <div class='ocr_carea' id='block_1_77' title="bbox 2213 2789 3792 2861">
    <p class='ocr_par' dir='ltr' id='par_1_77' title="bbox 2213 2789 3792 2861">
     <span class='ocr_line' id='line_1_77' title="bbox 2213 2789 3792 2861; baseline -0.001 -17"><span class='ocrx_word' id='word_1_508' title='bbox 2213 2791 2414 2860; x_wconf 86' lang='lat' dir='ltr'><strong>quibus</strong></span> <span class='ocrx_word' id='word_1_509' title='bbox 2458 2791 2669 2861; x_wconf 89' lang='lat' dir='ltr'><strong>decepti</strong></span> <span class='ocrx_word' id='word_1_510' title='bbox 2731 2791 2960 2846; x_wconf 88' lang='lat' dir='ltr'><strong>fuissent</strong></span> <span class='ocrx_word' id='word_1_511' title='bbox 3011 2791 3277 2846; x_wconf 87' lang='lat' dir='ltr'><strong>idolorum</strong></span> <span class='ocrx_word' id='word_1_512' title='bbox 3324 2789 3687 2858; x_wconf 84' lang='lat' dir='ltr'><strong>imaginibus,</strong></span> <span class='ocrx_word' id='word_1_513' title='bbox 3737 2789 3792 2842; x_wconf 86' lang='lat' dir='ltr'><strong>ad</strong></span> 
     </span>
    </p>
   </div>
   <div class='ocr_carea' id='block_1_78' title="bbox 2215 2879 3790 2945">
    <p class='ocr_par' dir='ltr' id='par_1_78' title="bbox 2215 2879 3790 2945">
     <span class='ocr_line' id='line_1_78' title="bbox 2215 2879 3790 2945; baseline 0 -13"><span class='ocrx_word' id='word_1_514' title='bbox 2215 2895 2357 2936; x_wconf 72' lang='lat' dir='ltr'><strong>vera:</strong></span> <span class='ocrx_word' id='word_1_515' title='bbox 2385 2889 2441 2936; x_wconf 83' lang='lat' dir='ltr'><strong>et</strong></span> <span class='ocrx_word' id='word_1_516' title='bbox 2471 2881 2828 2945; x_wconf 85' lang='lat' dir='ltr'><strong>inmutabilis,</strong></span> <span class='ocrx_word' id='word_1_517' title='bbox 2863 2897 3111 2937; x_wconf 83' lang='lat' dir='ltr'><strong>crescere</strong></span> <span class='ocrx_word' id='word_1_518' title='bbox 3160 2879 3240 2934; x_wconf 88' lang='lat' dir='ltr'><strong>vel</strong></span> <span class='ocrx_word' id='word_1_519' title='bbox 3289 2881 3458 2934; x_wconf 89' lang='lat' dir='ltr'><strong>minui</strong></span> <span class='ocrx_word' id='word_1_520' title='bbox 3495 2882 3790 2941; x_wconf 86' lang='lat' dir='ltr'><strong>nescientis,</strong></span> 
     </span>
    </p>
   </div>
   <div class='ocr_carea' id='block_1_79' title="bbox 2215 2971 3792 3041">
    <p class='ocr_par' dir='ltr' id='par_1_79' title="bbox 2215 2971 3792 3041">
     <span class='ocr_line' id='line_1_79' title="bbox 2215 2971 3792 3041; baseline -0.003 -14"><span class='ocrx_word' id='word_1_521' title='bbox 2215 2988 2429 3041; x_wconf 86' lang='lat' dir='ltr'><strong>semper</strong></span> <span class='ocrx_word' id='word_1_522' title='bbox 2454 2973 2500 3006; x_wconf 80' lang='lat'>“</span> <span class='ocrx_word' id='word_1_523' title='bbox 2531 2973 2834 3038; x_wconf 88' lang='lat' dir='ltr'><strong>manentis,</strong></span> <span class='ocrx_word' id='word_1_524' title='bbox 2871 2973 3166 3028; x_wconf 90' lang='lat' dir='ltr'><strong>essentiam</strong></span> <span class='ocrx_word' id='word_1_525' title='bbox 3213 2971 3464 3037; x_wconf 84' lang='lat' dir='ltr'><strong>Deitatis,</strong></span> <span class='ocrx_word' id='word_1_526' title='bbox 3517 2985 3727 3026; x_wconf 85' lang='lat' dir='ltr'><strong>mentes</strong></span> <span class='ocrx_word' id='word_1_527' title='bbox 3749 2980 3792 3023; x_wconf 84' lang='lat' dir='ltr'><strong>et</strong></span> 
     </span>
    </p>
   </div>
   <div class='ocr_carea' id='block_1_80' title="bbox 2219 3062 3791 3132">
    <p class='ocr_par' dir='ltr' id='par_1_80' title="bbox 2219 3062 3791 3132">
     <span class='ocr_line' id='line_1_80' title="bbox 2219 3062 3791 3132; baseline -0.002 -17"><span class='ocrx_word' id='word_1_528' title='bbox 2219 3074 2340 3117; x_wconf 87' lang='lat' dir='ltr'><strong>vota</strong></span> <span class='ocrx_word' id='word_1_529' title='bbox 2374 3079 2497 3119; x_wconf 89' lang='lat' dir='ltr'><strong>cum</strong></span> <span class='ocrx_word' id='word_1_530' title='bbox 2527 3064 2633 3119; x_wconf 79' lang='lat' dir='ltr'><strong>fide</strong></span> <span class='ocrx_word' id='word_1_531' title='bbox 2663 3063 3042 3127; x_wconf 86' lang='lat' dir='ltr'><strong>inclinassent,</strong></span> <span class='ocrx_word' id='word_1_532' title='bbox 3072 3077 3318 3132; x_wconf 70' lang='lat' dir='ltr'><strong>superna:</strong></span> <span class='ocrx_word' id='word_1_533' title='bbox 3363 3062 3640 3117; x_wconf 83' lang='lat' dir='ltr'><strong>mercedis</strong></span> <span class='ocrx_word' id='word_1_534' title='bbox 3670 3062 3791 3115; x_wconf 79' lang='lat' dir='ltr'><strong>bona</strong></span> 
     </span>
    </p>
   </div>
   <div class='ocr_carea' id='block_1_81' title="bbox 2222 3151 3793 3226">
    <p class='ocr_par' dir='ltr' id='par_1_81' title="bbox 2222 3151 3793 3226">
     <span class='ocr_line' id='line_1_81' title="bbox 2222 3151 3793 3226; baseline -0.001 -18"><span class='ocrx_word' id='word_1_535' title='bbox 2222 3157 2586 3226; x_wconf 86' lang='lat' dir='ltr'><strong>promittendo</strong></span> <span class='ocrx_word' id='word_1_536' title='bbox 2632 3155 3055 3218; x_wconf 78' lang='lat' dir='ltr'><strong>imestimabilia,</strong></span> <span class='ocrx_word' id='word_1_537' title='bbox 3093 3154 3541 3209; x_wconf 86' lang='lat' dir='ltr'><strong>constantissime</strong></span> <span class='ocrx_word' id='word_1_538' title='bbox 3575 3151 3793 3208; x_wconf 79' lang='lat' dir='ltr'><strong>adortari</strong></span> 
     </span>
    </p>
   </div>
   <div class='ocr_carea' id='block_1_82' title="bbox 2221 3247 3795 3318">
    <p class='ocr_par' dir='ltr' id='par_1_82' title="bbox 2221 3247 3795 3318">
     <span class='ocr_line' id='line_1_82' title="bbox 2221 3247 3795 3318; baseline -0.002 -13"><span class='ocrx_word' id='word_1_539' title='bbox 2221 3265 2326 3305; x_wconf 87' lang='lat' dir='ltr'><strong>non</strong></span> <span class='ocrx_word' id='word_1_540' title='bbox 2378 3248 2605 3303; x_wconf 88' lang='lat' dir='ltr'><strong>destitit.</strong></span> <span class='ocrx_word' id='word_1_541' title='bbox 2657 3247 2931 3315; x_wconf 83' lang='lat' dir='ltr'><strong>Quosdam</strong></span> <span class='ocrx_word' id='word_1_542' title='bbox 2986 3263 3116 3303; x_wconf 88' lang='lat' dir='ltr'><strong>vero</strong></span> <span class='ocrx_word' id='word_1_543' title='bbox 3166 3249 3344 3302; x_wconf 85' lang='lat' dir='ltr'><strong>minus</strong></span> <span class='ocrx_word' id='word_1_544' title='bbox 3391 3247 3612 3318; x_wconf 70' lang='lat' dir='ltr'><strong>peritiae</strong></span> <span class='ocrx_word' id='word_1_545' title='bbox 3657 3248 3795 3316; x_wconf 83' lang='lat' dir='ltr'><strong>hujus</strong></span> 
     </span>
    </p>
   </div>
   <div class='ocr_carea' id='block_1_83' title="bbox 2221 3339 3794 3408">
    <p class='ocr_par' dir='ltr' id='par_1_83' title="bbox 2221 3339 3794 3408">
     <span class='ocr_line' id='line_1_83' title="bbox 2221 3339 3794 3408; baseline -0.003 -13"><span class='ocrx_word' id='word_1_546' title='bbox 2221 3339 2519 3395; x_wconf 67' lang='lat' dir='ltr'><strong>salutiferae</strong></span> <span class='ocrx_word' id='word_1_547' title='bbox 2566 3355 2802 3408; x_wconf 89' lang='lat' dir='ltr'><strong>capaces</strong></span> <span class='ocrx_word' id='word_1_548' title='bbox 2823 3379 2837 3404; x_wconf 93' lang='lat'><strong>,</strong></span> <span class='ocrx_word' id='word_1_549' title='bbox 2868 3340 3032 3394; x_wconf 90' lang='lat' dir='ltr'><strong>corde</strong></span> <span class='ocrx_word' id='word_1_550' title='bbox 3071 3339 3343 3402; x_wconf 88' lang='lat' dir='ltr'><strong>duriores,</strong></span> <span class='ocrx_word' id='word_1_551' title='bbox 3379 3353 3662 3408; x_wconf 87' lang='lat' dir='ltr'><strong>sensuque</strong></span> <span class='ocrx_word' id='word_1_552' title='bbox 3688 3353 3794 3390; x_wconf 78' lang='lat' dir='ltr'><strong>vera</strong></span> 
     </span>
    </p>
   </div>
   <div class='ocr_carea' id='block_1_84' title="bbox 2222 3427 3794 3498">
    <p class='ocr_par' dir='ltr' id='par_1_84' title="bbox 2222 3427 3794 3498">
     <span class='ocr_line' id='line_1_84' title="bbox 2222 3427 3794 3498; baseline -0.003 -15"><span class='ocrx_word' id='word_1_553' title='bbox 2222 3429 2563 3498; x_wconf 84' lang='lat' dir='ltr'><strong>intellegendi</strong></span> <span class='ocrx_word' id='word_1_554' title='bbox 2599 3428 2896 3484; x_wconf 89' lang='lat' dir='ltr'><strong>dcsidiores</strong></span> <span class='ocrx_word' id='word_1_555' title='bbox 2917 3469 2933 3494; x_wconf 92' lang='lat'><strong>,</strong></span> <span class='ocrx_word' id='word_1_556' title='bbox 2971 3427 3129 3498; x_wconf 84' lang='lat' dir='ltr'><strong>juxta</strong></span> <span class='ocrx_word' id='word_1_557' title='bbox 3162 3429 3427 3483; x_wconf 88' lang='lat' dir='ltr'><strong>monitum</strong></span> <span class='ocrx_word' id='word_1_558' title='bbox 3457 3428 3794 3497; x_wconf 83' lang='lat' dir='ltr'><strong>apostolicum</strong></span> 
     </span>
    </p>
   </div>
   <div class='ocr_carea' id='block_1_85' title="bbox 2221 3519 3795 3590">
    <p class='ocr_par' dir='ltr' id='par_1_85' title="bbox 2221 3519 3795 3590">
     <span class='ocr_line' id='line_1_85' title="bbox 2221 3519 3795 3590; baseline -0.003 -16"><span class='ocrx_word' id='word_1_559' title='bbox 2221 3531 2490 3589; x_wconf 88' lang='lat' dir='ltr'><strong>oportune</strong></span> <span class='ocrx_word' id='word_1_560' title='bbox 2539 3521 2888 3575; x_wconf 85' lang='lat' dir='ltr'><strong>cathezizans</strong></span> <span class='ocrx_word' id='word_1_561' title='bbox 2919 3520 2962 3551; x_wconf 87' lang='lat'><strong>&quot;</strong></span> <span class='ocrx_word' id='word_1_562' title='bbox 3009 3529 3174 3590; x_wconf 88' lang='lat' dir='ltr'><strong>atque</strong></span> <span class='ocrx_word' id='word_1_563' title='bbox 3222 3519 3518 3589; x_wconf 89' lang='lat' dir='ltr'><strong>inportune</strong></span> <span class='ocrx_word' id='word_1_564' title='bbox 3563 3519 3795 3588; x_wconf 62' lang='lat' dir='ltr'><strong>objurgao</strong></span> 
     </span>
    </p>
   </div>
   <div class='ocr_carea' id='block_1_86' title="bbox 2225 3612 3797 3683">
    <p class='ocr_par' dir='ltr' id='par_1_86' title="bbox 2225 3612 3797 3683">
     <span class='ocr_line' id='line_1_86' title="bbox 2225 3612 3797 3683; baseline -0.003 -17"><span class='ocrx_word' id='word_1_565' title='bbox 2225 3622 2311 3666; x_wconf 90' lang='lat' dir='ltr'><strong>tus</strong></span> <span class='ocrx_word' id='word_1_566' title='bbox 2341 3612 2406 3674; x_wconf 68' lang='grc'><strong>⁸⁸,</strong></span> <span class='ocrx_word' id='word_1_567' title='bbox 2437 3612 2721 3682; x_wconf 88' lang='lat' dir='ltr'><strong>utriusque</strong></span> <span class='ocrx_word' id='word_1_568' title='bbox 2754 3612 2897 3666; x_wconf 87' lang='lat' dir='ltr'><strong>modi</strong></span> <span class='ocrx_word' id='word_1_569' title='bbox 2944 3612 2991 3645; x_wconf 72' lang='grc'><strong>⁵⁸</strong></span> <span class='ocrx_word' id='word_1_570' title='bbox 3029 3613 3321 3683; x_wconf 84' lang='lat' dir='ltr'><strong>designans</strong></span> <span class='ocrx_word' id='word_1_571' title='bbox 3363 3612 3652 3682; x_wconf 73' lang='lat' dir='ltr'><strong>pnemium</strong></span> <span class='ocrx_word' id='word_1_572' title='bbox 3673 3651 3688 3675; x_wconf 91' lang='lat'><strong>,</strong></span> <span class='ocrx_word' id='word_1_573' title='bbox 3715 3625 3797 3679; x_wconf 90' lang='lat' dir='ltr'><strong>pro</strong></span> 
     </span>
    </p>
   </div>
   <div class='ocr_carea' id='block_1_87' title="bbox 2223 3701 3797 3772">
    <p class='ocr_par' dir='ltr' id='par_1_87' title="bbox 2223 3701 3797 3772">
     <span class='ocr_line' id='line_1_87' title="bbox 2223 3701 3797 3772; baseline -0.003 -18"><span class='ocrx_word' id='word_1_574' title='bbox 2223 3701 2429 3755; x_wconf 89' lang='lat' dir='ltr'><strong>viribus</strong></span> <span class='ocrx_word' id='word_1_575' title='bbox 2461 3703 2740 3766; x_wconf 81' lang='lat' dir='ltr'><strong>conando,</strong></span> <span class='ocrx_word' id='word_1_576' title='bbox 2770 3717 3142 3772; x_wconf 87' lang='lat' dir='ltr'><strong>quoscmnque</strong></span> <span class='ocrx_word' id='word_1_577' title='bbox 3188 3702 3394 3771; x_wconf 87' lang='lat' dir='ltr'><strong>potuit,</strong></span> <span class='ocrx_word' id='word_1_578' title='bbox 3425 3709 3540 3754; x_wconf 85' lang='lat' dir='ltr'><strong>tam</strong></span> <span class='ocrx_word' id='word_1_579' title='bbox 3573 3701 3797 3754; x_wconf 73' lang='lat' dir='ltr'><strong>ultronea</strong></span> 
     </span>
    </p>
   </div>
   <div class='ocr_carea' id='block_1_88' title="bbox 2219 3795 3797 3868">
    <p class='ocr_par' dir='ltr' id='par_1_88' title="bbox 2219 3795 3797 3868">
     <span class='ocr_line' id='line_1_88' title="bbox 2219 3795 3797 3868; baseline -0.006 -12"><span class='ocrx_word' id='word_1_580' title='bbox 2219 3813 2384 3868; x_wconf 70' lang='lat' dir='ltr'><strong>(luam</strong></span> <span class='ocrx_word' id='word_1_581' title='bbox 2439 3808 2630 3853; x_wconf 88' lang='lat' dir='ltr'><strong>coacta</strong></span> <span class='ocrx_word' id='word_1_582' title='bbox 2678 3799 2843 3852; x_wconf 89' lang='lat' dir='ltr'><strong>etiam</strong></span> <span class='ocrx_word' id='word_1_583' title='bbox 2896 3799 3236 3862; x_wconf 78' lang='lat' dir='ltr'><strong>invitatione,</strong></span> <span class='ocrx_word' id='word_1_584' title='bbox 3287 3796 3353 3850; x_wconf 87' lang='lat' dir='ltr'><strong>ad</strong></span> <span class='ocrx_word' id='word_1_585' title='bbox 3404 3795 3797 3866; x_wconf 79' lang='lat' dir='ltr'><strong>patrisfamilias</strong></span> 
     </span>
    </p>
   </div>
   <div class='ocr_carea' id='block_1_89' title="bbox 2223 3888 3798 3958">
    <p class='ocr_par' dir='ltr' id='par_1_89' title="bbox 2223 3888 3798 3958">
     <span class='ocr_line' id='line_1_89' title="bbox 2223 3888 3798 3958; baseline -0.004 -14"><span class='ocrx_word' id='word_1_586' title='bbox 2223 3905 2457 3951; x_wconf 62' lang='lat' dir='ltr'><strong>cuinam,</strong></span> <span class='ocrx_word' id='word_1_587' title='bbox 2508 3890 2758 3944; x_wconf 86' lang='lat' dir='ltr'><strong>omnibus</strong></span> <span class='ocrx_word' id='word_1_588' title='bbox 2802 3890 3081 3957; x_wconf 87' lang='lat' dir='ltr'><strong>copiarum</strong></span> <span class='ocrx_word' id='word_1_589' title='bbox 3134 3888 3441 3958; x_wconf 87' lang='lat' dir='ltr'><strong>sumptibus</strong></span> <span class='ocrx_word' id='word_1_590' title='bbox 3500 3889 3798 3942; x_wconf 80' lang='lat' dir='ltr'><strong>habundan-</strong></span> 
     </span>
    </p>
   </div>
   <div class='ocr_carea' id='block_1_90' title="bbox 2226 3978 3797 4050">
    <p class='ocr_par' dir='ltr' id='par_1_90' title="bbox 2226 3978 3797 4050">
     <span class='ocr_line' id='line_1_90' title="bbox 2226 3978 3797 4050; baseline -0.003 -16"><span class='ocrx_word' id='word_1_591' title='bbox 2226 3988 2353 4043; x_wconf 85' lang='lat' dir='ltr'><strong>tetn,</strong></span> <span class='ocrx_word' id='word_1_592' title='bbox 2391 3980 2541 4050; x_wconf 88' lang='lat' dir='ltr'><strong>pulsa</strong></span> <span class='ocrx_word' id='word_1_593' title='bbox 2578 3981 2720 4035; x_wconf 90' lang='lat' dir='ltr'><strong>fame</strong></span> <span class='ocrx_word' id='word_1_594' title='bbox 2757 3980 3035 4035; x_wconf 84' lang='lat' dir='ltr'><strong>sacietatis</strong></span> <span class='ocrx_word' id='word_1_595' title='bbox 3071 3991 3284 4035; x_wconf 72' lang='lat' dir='ltr'><strong>aeterna:</strong></span> <span class='ocrx_word' id='word_1_596' title='bbox 3315 3980 3514 4050; x_wconf 84' lang='lat' dir='ltr'><strong>gaudia</strong></span> <span class='ocrx_word' id='word_1_597' title='bbox 3553 3978 3797 4034; x_wconf 85' lang='lat' dir='ltr'><strong>submini-</strong></span> 
     </span>
    </p>
   </div>
   <div class='ocr_carea' id='block_1_91' title="bbox 2224 4072 3676 4143">
    <p class='ocr_par' dir='ltr' id='par_1_91' title="bbox 2224 4072 3676 4143">
     <span class='ocr_line' id='line_1_91' title="bbox 2224 4072 3676 4143; baseline -0.003 -15"><span class='ocrx_word' id='word_1_598' title='bbox 2224 4083 2488 4128; x_wconf 88' lang='lat' dir='ltr'><strong>strantem</strong></span> <span class='ocrx_word' id='word_1_599' title='bbox 2520 4074 2610 4138; x_wconf 70' lang='lat' dir='ltr'><strong>m,</strong></span> <span class='ocrx_word' id='word_1_600' title='bbox 2642 4073 2971 4143; x_wconf 85' lang='lat' dir='ltr'><strong>conjungere</strong></span> <span class='ocrx_word' id='word_1_601' title='bbox 2994 4073 3220 4142; x_wconf 87' lang='lat' dir='ltr'><strong>cupidus</strong></span> <span class='ocrx_word' id='word_1_602' title='bbox 3245 4072 3567 4141; x_wconf 61' lang='lat' dir='ltr'><strong>prolieravit</strong></span> <span class='ocrx_word' id='word_1_603' title='bbox 3591 4072 3676 4124; x_wconf 79' lang='grc'><strong>⁸⁸³.</strong></span> 
     </span>
    </p>
   </div>
   <div class='ocr_carea' id='block_1_92' title="bbox 2296 4155 3800 4232">
    <p class='ocr_par' dir='ltr' id='par_1_92' title="bbox 2296 4155 3800 4232">
     <span class='ocr_line' id='line_1_92' title="bbox 2296 4155 3800 4232; baseline -0.008 -14"><span class='ocrx_word' id='word_1_604' title='bbox 2296 4163 2348 4218; x_wconf 88' lang='lat'><strong>8.</strong></span> <span class='ocrx_word' id='word_1_605' title='bbox 2376 4163 2520 4217; x_wconf 88' lang='lat' dir='ltr'><strong>Inter</strong></span> <span class='ocrx_word' id='word_1_606' title='bbox 2554 4163 2620 4194; x_wconf 85' lang='grc'><strong>¹⁰²</strong></span> <span class='ocrx_word' id='word_1_607' title='bbox 2651 4162 2788 4216; x_wconf 85' lang='lat' dir='ltr'><strong>mira</strong></span> <span class='ocrx_word' id='word_1_608' title='bbox 2820 4163 2984 4232; x_wconf 90' lang='lat' dir='ltr'><strong>igitur</strong></span> <span class='ocrx_word' id='word_1_609' title='bbox 3007 4161 3336 4232; x_wconf 81' lang='lat' dir='ltr'><strong>jejuniorum</strong></span> <span class='ocrx_word' id='word_1_610' title='bbox 3373 4159 3690 4215; x_wconf 87' lang='lat' dir='ltr'><strong>eletnosinis</strong></span> <span class='ocrx_word' id='word_1_611' title='bbox 3715 4155 3800 4208; x_wconf 80' lang='lat' dir='ltr'><strong>fui-</strong></span> 
     </span>
    </p>
   </div>
   <div class='ocr_carea' id='block_1_93' title="bbox 2225 4249 3798 4324">
    <p class='ocr_par' dir='ltr' id='par_1_93' title="bbox 2225 4249 3798 4324">
     <span class='ocr_line' id='line_1_93' title="bbox 2225 4249 3798 4324; baseline -0.006 -15"><span class='ocrx_word' id='word_1_612' title='bbox 2225 4255 2466 4324; x_wconf 83' lang='lat' dir='ltr'><strong>geutium</strong></span> <span class='ocrx_word' id='word_1_613' title='bbox 2503 4263 2625 4309; x_wconf 90' lang='lat' dir='ltr'><strong>acta</strong></span> <span class='ocrx_word' id='word_1_614' title='bbox 2676 4253 2782 4309; x_wconf 86' lang='lat' dir='ltr'><strong>hoc</strong></span> <span class='ocrx_word' id='word_1_615' title='bbox 2823 4254 3098 4324; x_wconf 85' lang='lat' dir='ltr'><strong>egregium</strong></span> <span class='ocrx_word' id='word_1_616' title='bbox 3147 4252 3408 4320; x_wconf 82' lang='lat' dir='ltr'><strong>modestae</strong></span> <span class='ocrx_word' id='word_1_617' title='bbox 3437 4249 3798 4306; x_wconf 88' lang='lat' dir='ltr'><strong>consuetudini</strong></span> 
     </span>
    </p>
   </div>
   <div class='ocr_carea' id='block_1_94' title="bbox 2232 4344 3804 4415">
    <p class='ocr_par' dir='ltr' id='par_1_94' title="bbox 2232 4344 3804 4415">
     <span class='ocr_line' id='line_1_94' title="bbox 2232 4344 3804 4415; baseline -0.004 -12"><span class='ocrx_word' id='word_1_618' title='bbox 2232 4348 2592 4403; x_wconf 87' lang='lat' dir='ltr'><strong>saluberrimo</strong></span> <span class='ocrx_word' id='word_1_619' title='bbox 2620 4346 2813 4402; x_wconf 89' lang='lat' dir='ltr'><strong>solitus</strong></span> <span class='ocrx_word' id='word_1_620' title='bbox 2839 4357 2920 4401; x_wconf 87' lang='lat' dir='ltr'><strong>est</strong></span> <span class='ocrx_word' id='word_1_621' title='bbox 2957 4347 3246 4401; x_wconf 89' lang='lat' dir='ltr'><strong>adnectere</strong></span> <span class='ocrx_word' id='word_1_622' title='bbox 3265 4345 3543 4415; x_wconf 82' lang='lat' dir='ltr'><strong>exemplo,</strong></span> <span class='ocrx_word' id='word_1_623' title='bbox 3573 4344 3804 4398; x_wconf 79' lang='lat' dir='ltr'><strong>videlicet</strong></span> 
     </span>
    </p>
   </div>
   <div class='ocr_carea' id='block_1_95' title="bbox 2159 4435 3802 4516">
    <p class='ocr_par' dir='ltr' id='par_1_95' title="bbox 2159 4435 3802 4516">
     <span class='ocr_line' id='line_1_95' title="bbox 2159 4435 3802 4516; baseline -0.004 -24"><span class='ocrx_word' id='word_1_624' title='bbox 2159 4457 2203 4516; x_wconf 81' lang='grc' dir='ltr'>ι)</span> <span class='ocrx_word' id='word_1_625' title='bbox 2231 4449 2290 4493; x_wconf 82' lang='grc' dir='ltr'><strong>ιιι</strong></span> <span class='ocrx_word' id='word_1_626' title='bbox 2320 4439 2485 4494; x_wconf 88' lang='lat' dir='ltr'><strong>divini</strong></span> <span class='ocrx_word' id='word_1_627' title='bbox 2518 4438 2881 4493; x_wconf 90' lang='lat' dir='ltr'><strong>insinuatione</strong></span> <span class='ocrx_word' id='word_1_628' title='bbox 2905 4435 3172 4493; x_wconf 78' lang='lat' dir='ltr'><strong>eﬂ‘aminis</strong></span> <span class='ocrx_word' id='word_1_629' title='bbox 3199 4451 3369 4492; x_wconf 64' lang='lat' dir='ltr'><strong>sacra:</strong></span> <span class='ocrx_word' id='word_1_630' title='bbox 3394 4437 3598 4492; x_wconf 89' lang='lat' dir='ltr'><strong>mentis</strong></span> <span class='ocrx_word' id='word_1_631' title='bbox 3625 4436 3802 4490; x_wconf 88' lang='lat' dir='ltr'><strong>intuitu</strong></span> 
     </span>
    </p>
   </div>
   <div class='ocr_carea' id='block_1_96' title="bbox 2236 4527 3800 4601">
    <p class='ocr_par' dir='ltr' id='par_1_96' title="bbox 2236 4527 3800 4601">
     <span class='ocr_line' id='line_1_96' title="bbox 2236 4527 3800 4601; baseline -0.006 -15"><span class='ocrx_word' id='word_1_632' title='bbox 2236 4530 2398 4586; x_wconf 88' lang='lat' dir='ltr'><strong>altius</strong></span> <span class='ocrx_word' id='word_1_633' title='bbox 2421 4539 2726 4601; x_wconf 87' lang='lat' dir='ltr'><strong>perspecta,</strong></span> <span class='ocrx_word' id='word_1_634' title='bbox 2756 4529 2882 4600; x_wconf 90' lang='lat' dir='ltr'><strong>quia</strong></span> <span class='ocrx_word' id='word_1_635' title='bbox 2911 4529 3233 4583; x_wconf 76' lang='lat' dir='ltr'><strong>obedientize</strong></span> <span class='ocrx_word' id='word_1_636' title='bbox 3258 4528 3432 4597; x_wconf 85' lang='lat' dir='ltr'><strong>magis</strong></span> <span class='ocrx_word' id='word_1_637' title='bbox 3454 4542 3620 4596; x_wconf 87' lang='lat' dir='ltr'><strong>quam</strong></span> <span class='ocrx_word' id='word_1_638' title='bbox 3651 4527 3800 4580; x_wconf 74' lang='lat' dir='ltr'><strong>sacri-</strong></span> 
     </span>
    </p>
   </div>
   <div class='ocr_carea' id='block_1_97' title="bbox 2236 4616 3802 4694">
    <p class='ocr_par' dir='ltr' id='par_1_97' title="bbox 2236 4616 3802 4694">
     <span class='ocr_line' id='line_1_97' title="bbox 2236 4616 3802 4694; baseline -0.008 -16"><span class='ocrx_word' id='word_1_639' title='bbox 2236 4625 2342 4680; x_wconf 88' lang='lat' dir='ltr'><strong>ficii</strong></span> <span class='ocrx_word' id='word_1_640' title='bbox 2376 4626 2542 4679; x_wconf 89' lang='lat' dir='ltr'><strong>Deum</strong></span> <span class='ocrx_word' id='word_1_641' title='bbox 2572 4623 2640 4656; x_wconf 79' lang='grc'><strong>¹⁰⁸</strong></span> <span class='ocrx_word' id='word_1_642' title='bbox 2681 4625 3035 4694; x_wconf 89' lang='lat' dir='ltr'><strong>comprobare</strong></span> <span class='ocrx_word' id='word_1_643' title='bbox 3079 4621 3276 4693; x_wconf 85' lang='lat' dir='ltr'><strong>legitur</strong></span> <span class='ocrx_word' id='word_1_644' title='bbox 3319 4621 3676 4689; x_wconf 87' lang='lat' dir='ltr'><strong>obsequium,</strong></span> <span class='ocrx_word' id='word_1_645' title='bbox 3703 4616 3802 4685; x_wconf 84' lang='lat' dir='ltr'><strong>pios</strong></span> 
     </span>
    </p>
   </div>
   <div class='ocr_carea' id='block_1_98' title="bbox 2231 4707 3799 4774">
    <p class='ocr_par' dir='ltr' id='par_1_98' title="bbox 2231 4707 3799 4774">
     <span class='ocr_line' id='line_1_98' title="bbox 2231 4707 3799 4774; baseline -0.011 -3"><span class='ocrx_word' id='word_1_646' title='bbox 2231 4733 2295 4773; x_wconf 92' lang='lat' dir='ltr'><strong>ac</strong></span> <span class='ocrx_word' id='word_1_647' title='bbox 2321 4717 2659 4774; x_wconf 80' lang='lat' dir='ltr'><strong>venerandos</strong></span> <span class='ocrx_word' id='word_1_648' title='bbox 2686 4729 2867 4771; x_wconf 90' lang='lat' dir='ltr'><strong>mores</strong></span> <span class='ocrx_word' id='word_1_649' title='bbox 2894 4713 3179 4770; x_wconf 88' lang='lat' dir='ltr'><strong>admodum</strong></span> <span class='ocrx_word' id='word_1_650' title='bbox 3208 4726 3478 4767; x_wconf 75' lang='lat' dir='ltr'><strong>exornare</strong></span> <span class='ocrx_word' id='word_1_651' title='bbox 3505 4707 3799 4764; x_wconf 76' lang='lat' dir='ltr'><strong>studuissrt.</strong></span> 
     </span>
    </p>
   </div>
   <div class='ocr_carea' id='block_1_99' title="bbox 1826 4872 2495 4931">
    <p class='ocr_par' dir='ltr' id='par_1_99' title="bbox 1826 4872 2495 4931">
     <span class='ocr_line' id='line_1_99' title="bbox 1826 4872 2495 4931; baseline -0.006 0"><span class='ocrx_word' id='word_1_652' title='bbox 1826 4873 2060 4931; x_wconf 61' lang='lat' dir='ltr'><strong>VARIIE</strong></span> <span class='ocrx_word' id='word_1_653' title='bbox 2089 4872 2495 4930; x_wconf 82' lang='lat' dir='ltr'><strong>LECTIONES.</strong></span> 
     </span>
    </p>
   </div>
   <div class='ocr_carea' id='block_1_100' title="bbox 620 4994 2043 5079">
    <p class='ocr_par' dir='ltr' id='par_1_100' title="bbox 620 4994 2043 5079">
     <span class='ocr_line' id='line_1_100' title="bbox 620 4994 2043 5079; baseline 0 -17"><span class='ocrx_word' id='word_1_654' title='bbox 620 5007 666 5040; x_wconf 84' lang='lat'><strong>&#39;&quot;</strong></span> <span class='ocrx_word' id='word_1_655' title='bbox 715 5008 768 5062; x_wconf 91' lang='lat' dir='ltr'><strong>in</strong></span> <span class='ocrx_word' id='word_1_656' title='bbox 820 5008 878 5064; x_wconf 74' lang='grc'><strong>2.</strong></span> <span class='ocrx_word' id='word_1_657' title='bbox 975 5010 1022 5043; x_wconf 77' lang='grc' dir='ltr'><strong>τ’</strong></span> <span class='ocrx_word' id='word_1_658' title='bbox 1068 5008 1469 5079; x_wconf 83' lang='lat' dir='ltr'><strong>placidiss&#39;mus</strong></span> <span class='ocrx_word' id='word_1_659' title='bbox 1515 5009 1678 5074; x_wconf 75' lang='lat' dir='ltr'><strong>(deest</strong></span> <span class='ocrx_word' id='word_1_660' title='bbox 1731 5009 1930 5074; x_wconf 84' lang='lat' dir='ltr'><strong>mans.)</strong></span> <span class='ocrx_word' id='word_1_661' title='bbox 1989 4994 2043 5062; x_wconf 75' lang='lat'><strong>9..</strong></span> 
     </span>
    </p>
   </div>
   <div class='ocr_carea' id='block_1_101' title="bbox 541 5079 2062 5150">
    <p class='ocr_par' dir='ltr' id='par_1_101' title="bbox 541 5079 2062 5150">
     <span class='ocr_line' id='line_1_101' title="bbox 541 5079 2062 5150; baseline 0.013 -38"><span class='ocrx_word' id='word_1_662' title='bbox 541 5079 590 5112; x_wconf 77' lang='grc' dir='ltr'><strong>νο</strong></span> <span class='ocrx_word' id='word_1_663' title='bbox 641 5080 894 5150; x_wconf 56' lang='lat' dir='ltr'><strong>pol-(luxu</strong></span> <span class='ocrx_word' id='word_1_664' title='bbox 940 5080 990 5134; x_wconf 77' lang='grc'><strong>1,</strong></span> <span class='ocrx_word' id='word_1_665' title='bbox 1086 5081 1131 5112; x_wconf 83' lang='grc'><strong>⁷⁷</strong></span> <span class='ocrx_word' id='word_1_666' title='bbox 1187 5081 1325 5134; x_wconf 75' lang='lat' dir='ltr'><strong>deest</strong></span> <span class='ocrx_word' id='word_1_667' title='bbox 1365 5081 1418 5133; x_wconf 74' lang='lat'><strong>‘2.</strong></span> <span class='ocrx_word' id='word_1_668' title='bbox 1484 5081 1538 5134; x_wconf 78' lang='lat'><strong>5.</strong></span> <span class='ocrx_word' id='word_1_669' title='bbox 1647 5080 1694 5111; x_wconf 84' lang='grc'>⁷⁸</span> <span class='ocrx_word' id='word_1_670' title='bbox 1727 5081 1976 5134; x_wconf 86' lang='lat' dir='ltr'><strong>addictus</strong></span> <span class='ocrx_word' id='word_1_671' title='bbox 2009 5079 2062 5132; x_wconf 77' lang='grc'><strong>5.</strong></span> 
     </span>
    </p>
   </div>
   <div class='ocr_carea' id='block_1_102' title="bbox 2144 5004 2709 5076">
    <p class='ocr_par' dir='ltr' id='par_1_102' title="bbox 2144 5004 2709 5076">
     <span class='ocr_line' id='line_1_102' title="bbox 2144 5004 2709 5076; baseline 0 -18"><span class='ocrx_word' id='word_1_672' title='bbox 2144 5007 2192 5039; x_wconf 73' lang='grc'><strong>’⁸</strong></span> <span class='ocrx_word' id='word_1_673' title='bbox 2247 5016 2320 5076; x_wconf 85' lang='lat' dir='ltr'><strong>pl.</strong></span> <span class='ocrx_word' id='word_1_674' title='bbox 2388 5021 2501 5075; x_wconf 83' lang='lat' dir='ltr'><strong>Ipse</strong></span> <span class='ocrx_word' id='word_1_675' title='bbox 2565 5019 2609 5057; x_wconf 86' lang='lat' dir='ltr'><strong>s.</strong></span> <span class='ocrx_word' id='word_1_676' title='bbox 2654 5004 2709 5058; x_wconf 83' lang='grc'><strong>’5.</strong></span> 
     </span>
    </p>
   </div>
   <div class='ocr_carea' id='block_1_103' title="bbox 2153 5067 3346 5130">
    <p class='ocr_par' dir='ltr' id='par_1_103' title="bbox 2153 5067 3346 5130">
     <span class='ocr_line' id='line_1_103' title="bbox 2153 5067 3346 5130; baseline -0.008 -1"><span class='ocrx_word' id='word_1_677' title='bbox 2153 5078 2199 5109; x_wconf 72' lang='grc' dir='ltr'><strong>⁷ο</strong></span> <span class='ocrx_word' id='word_1_678' title='bbox 2238 5067 2289 5128; x_wconf 75' lang='grc' dir='ltr'><strong>ὁ.</strong></span> <span class='ocrx_word' id='word_1_679' title='bbox 2351 5067 2420 5130; x_wconf 56' lang='lat' dir='ltr'><strong>s.&#39;</strong></span> <span class='ocrx_word' id='word_1_680' title='bbox 2460 5077 2496 5128; x_wconf 91' lang='lat' dir='ltr'><strong>i.</strong></span> <span class='ocrx_word' id='word_1_681' title='bbox 2554 5091 2604 5128; x_wconf 91' lang='lat' dir='ltr'><strong>a.</strong></span> <span class='ocrx_word' id='word_1_682' title='bbox 2664 5089 2694 5126; x_wconf 91' lang='lat' dir='ltr'><strong>e</strong></span> <span class='ocrx_word' id='word_1_683' title='bbox 2748 5074 2925 5126; x_wconf 88' lang='lat' dir='ltr'><strong>medio</strong></span> <span class='ocrx_word' id='word_1_684' title='bbox 2975 5074 3160 5124; x_wconf 79' lang='lat' dir='ltr'><strong>desum</strong></span> <span class='ocrx_word' id='word_1_685' title='bbox 3207 5072 3251 5122; x_wconf 91' lang='lat' dir='ltr'><strong>l.</strong></span> <span class='ocrx_word' id='word_1_686' title='bbox 3292 5067 3346 5120; x_wconf 71' lang='grc' dir='ltr'><strong>Ξ.</strong></span> 
     </span>
    </p>
   </div>
   <div class='ocr_carea' id='block_1_104' title="bbox 3372 4990 3800 5048">
    <p class='ocr_par' dir='ltr' id='par_1_104' title="bbox 3372 4990 3800 5048">
     <span class='ocr_line' id='line_1_104' title="bbox 3372 4990 3800 5048; baseline -0.014 0"><span class='ocrx_word' id='word_1_687' title='bbox 3372 4997 3419 5029; x_wconf 76' lang='grc'><strong>⁷³</strong></span> <span class='ocrx_word' id='word_1_688' title='bbox 3468 5007 3525 5048; x_wconf 87' lang='lat' dir='ltr'><strong>et</strong></span> <span class='ocrx_word' id='word_1_689' title='bbox 3551 4996 3730 5048; x_wconf 79' lang='lat' dir='ltr'><strong>doctos</strong></span> <span class='ocrx_word' id='word_1_690' title='bbox 3757 4990 3800 5038; x_wconf 74' lang='lat'><strong>3.</strong></span> 
     </span>
    </p>
   </div>
   <div class='ocr_carea' id='block_1_105' title="bbox 3451 5064 3803 5119">
    <p class='ocr_par' dir='ltr' id='par_1_105' title="bbox 3451 5064 3803 5119">
     <span class='ocr_line' id='line_1_105' title="bbox 3451 5064 3803 5119; baseline -0.006 -6"><span class='ocrx_word' id='word_1_691' title='bbox 3451 5067 3498 5097; x_wconf 78' lang='grc' dir='ltr'><strong>⁸ο</strong></span> <span class='ocrx_word' id='word_1_692' title='bbox 3545 5064 3803 5119; x_wconf 72' lang='lat' dir='ltr'><strong>accttlninc</strong></span> 
     </span>
    </p>
   </div>
   <div class='ocr_carea' id='block_1_106' title="bbox 2804 5000 3262 5055">
    <p class='ocr_par' dir='ltr' id='par_1_106' title="bbox 2804 5000 3262 5055">
     <span class='ocr_line' id='line_1_106' title="bbox 2804 5000 3262 5055; baseline -0.002 -1"><span class='ocrx_word' id='word_1_693' title='bbox 2804 5003 2853 5034; x_wconf 66' lang='lat'><strong>&quot;*</strong></span> <span class='ocrx_word' id='word_1_694' title='bbox 2910 5003 2963 5055; x_wconf 89' lang='lat' dir='ltr'><strong>in</strong></span> <span class='ocrx_word' id='word_1_695' title='bbox 3012 5001 3190 5055; x_wconf 91' lang='lat' dir='ltr'><strong>socios</strong></span> <span class='ocrx_word' id='word_1_696' title='bbox 3214 5000 3262 5053; x_wconf 73' lang='grc' dir='ltr'><strong>Ι.</strong></span> 
     </span>
    </p>
   </div>
   <div class='ocr_carea' id='block_1_107' title="bbox 545 5133 3799 5218">
    <p class='ocr_par' dir='ltr' id='par_1_107' title="bbox 545 5133 3799 5218">
     <span class='ocr_line' id='line_1_107' title="bbox 545 5133 3799 5218; baseline -0.006 -14"><span class='ocrx_word' id='word_1_697' title='bbox 545 5152 602 5204; x_wconf 77' lang='grc'><strong>1.</strong></span> <span class='ocrx_word' id='word_1_698' title='bbox 641 5133 655 5150; x_wconf 64' lang='grc'><strong><em>³</em></strong></span> <span class='ocrx_word' id='word_1_699' title='bbox 677 5151 724 5189; x_wconf 72' lang='grc'>⁸⁸</span> <span class='ocrx_word' id='word_1_700' title='bbox 756 5133 895 5205; x_wconf 65' lang='grc' dir='ltr'><strong>[ηε.</strong></span> <span class='ocrx_word' id='word_1_701' title='bbox 921 5150 976 5202; x_wconf 76' lang='grc'><strong>5.</strong></span> <span class='ocrx_word' id='word_1_702' title='bbox 1051 5150 1097 5181; x_wconf 80' lang='grc'>⁸³</span> <span class='ocrx_word' id='word_1_703' title='bbox 1121 5133 1462 5218; x_wconf 77' lang='lat' dir='ltr'><strong>pet-sentiens</strong></span> <span class='ocrx_word' id='word_1_704' title='bbox 1484 5133 1538 5203; x_wconf 59' lang='grc' dir='ltr'><strong>ἒ.</strong></span> <span class='ocrx_word' id='word_1_705' title='bbox 1614 5149 1660 5181; x_wconf 79' lang='grc'><strong>⁸⁸</strong></span> <span class='ocrx_word' id='word_1_706' title='bbox 1684 5133 1946 5204; x_wconf 69' lang='lat' dir='ltr'><strong>(Lat-ceres</strong></span> <span class='ocrx_word' id='word_1_707' title='bbox 1976 5163 2193 5216; x_wconf 88' lang='lat' dir='ltr'><strong>quoque</strong></span> <span class='ocrx_word' id='word_1_708' title='bbox 2218 5147 2487 5200; x_wconf 80' lang='lat' dir='ltr'><strong>destruxit</strong></span> <span class='ocrx_word' id='word_1_709' title='bbox 2510 5155 2566 5198; x_wconf 88' lang='lat' dir='ltr'><strong>et</strong></span> <span class='ocrx_word' id='word_1_710' title='bbox 2591 5144 2790 5218; x_wconf 63' lang='lat' dir='ltr'><strong>omnia</strong></span> <span class='ocrx_word' id='word_1_711' title='bbox 2819 5141 3060 5218; x_wconf 70' lang='lat' dir='ltr'><strong>patibula</strong></span> <span class='ocrx_word' id='word_1_712' title='bbox 3091 5139 3340 5218; x_wconf 60' lang='lat' dir='ltr'><strong>succidit.</strong></span> <span class='ocrx_word' id='word_1_713' title='bbox 3372 5137 3461 5217; x_wconf 38' lang='grc' dir='ltr'><strong>Μ..</strong></span> <span class='ocrx_word' id='word_1_714' title='bbox 3519 5136 3641 5218; x_wconf 38' lang='lat' dir='ltr'><strong>“nn.</strong></span> <span class='ocrx_word' id='word_1_715' title='bbox 3673 5149 3728 5218; x_wconf 40' lang='lat' dir='ltr'><strong>tu.</strong></span> <span class='ocrx_word' id='word_1_716' title='bbox 3756 5133 3799 5218; x_wconf 62' lang='lat' dir='ltr'><strong>li.</strong></span> 
     </span>
    </p>
   </div>
   <div class='ocr_carea' id='block_1_108' title="bbox 548 5215 2668 5312">
    <p class='ocr_par' dir='ltr' id='par_1_108' title="bbox 548 5215 2668 5312">
     <span class='ocr_line' id='line_1_108' title="bbox 548 5215 2668 5312; baseline -0.002 -40"><span class='ocrx_word' id='word_1_717' title='bbox 548 5229 589 5273; x_wconf 84' lang='grc' dir='ltr'>ι.</span> <span class='ocrx_word' id='word_1_718' title='bbox 633 5237 677 5274; x_wconf 92' lang='lat' dir='ltr'><strong>r.</strong></span> <span class='ocrx_word' id='word_1_719' title='bbox 772 5220 1042 5312; x_wconf 38' lang='lat' dir='ltr'><strong>destituit}.</strong></span> <span class='ocrx_word' id='word_1_720' title='bbox 1118 5215 1165 5312; x_wconf 44' lang='lat'><strong>3“</strong></span> <span class='ocrx_word' id='word_1_721' title='bbox 1193 5220 1516 5304; x_wconf 43' lang='lat' dir='ltr'><strong>servandu’m</strong></span> <span class='ocrx_word' id='word_1_722' title='bbox 1555 5219 1688 5312; x_wconf 45' lang='lat'><strong>2.}.</strong></span> <span class='ocrx_word' id='word_1_723' title='bbox 1759 5218 1812 5312; x_wconf 60' lang='grc' dir='ltr'><strong><em>ξο</em></strong></span> <span class='ocrx_word' id='word_1_724' title='bbox 1835 5233 2258 5312; x_wconf 63' lang='lat' dir='ltr'><strong>erumqnecorr.</strong></span> <span class='ocrx_word' id='word_1_725' title='bbox 2285 5229 2582 5312; x_wconf 53' lang='lat' dir='ltr'><strong>eorultnque</strong></span> <span class='ocrx_word' id='word_1_726' title='bbox 2598 5215 2668 5312; x_wconf 50' lang='grc' dir='ltr'><strong>οξ.</strong></span> 
     </span>
    </p>
   </div>
   <div class='ocr_carea' id='block_1_109' title="bbox 2745 5214 2875 5283">
    <p class='ocr_par' dir='ltr' id='par_1_109' title="bbox 2745 5214 2875 5283">
     <span class='ocr_line' id='line_1_109' title="bbox 2745 5214 2875 5283; baseline 0 -39"><span class='ocrx_word' id='word_1_727' title='bbox 2745 5214 2790 5245; x_wconf 67' lang='grc'><strong>87</strong></span> <span class='ocrx_word' id='word_1_728' title='bbox 2822 5229 2875 5283; x_wconf 61' lang='grc' dir='ltr'><strong>Ρ.</strong></span> 
     </span>
    </p>
   </div>
   <div class='ocr_carea' id='block_1_110' title="bbox 2598 5202 3802 5312">
    <p class='ocr_par' dir='ltr' id='par_1_110' title="bbox 2598 5202 3802 5312">
     <span class='ocr_line' id='line_1_110' title="bbox 2617 5202 3802 5283; baseline -0.019 -8"><span class='ocrx_word' id='word_1_729' title='bbox 2617 5215 2668 5267; x_wconf 69' lang='grc' dir='ltr'><strong>1ο</strong></span> <span class='ocrx_word' id='word_1_730' title='bbox 2745 5214 2790 5245; x_wconf 76' lang='grc'><strong>⁵⁷</strong></span> <span class='ocrx_word' id='word_1_731' title='bbox 2922 5227 2972 5266; x_wconf 91' lang='lat' dir='ltr'><strong>c.</strong></span> <span class='ocrx_word' id='word_1_732' title='bbox 3001 5212 3060 5265; x_wconf 73' lang='lat'><strong>2.</strong></span> <span class='ocrx_word' id='word_1_733' title='bbox 3133 5210 3180 5243; x_wconf 84' lang='grc'><strong>⁸⁸</strong></span> <span class='ocrx_word' id='word_1_734' title='bbox 3208 5208 3340 5263; x_wconf 84' lang='lat' dir='ltr'><strong>Nam</strong></span> <span class='ocrx_word' id='word_1_735' title='bbox 3372 5205 3630 5277; x_wconf 86' lang='lat' dir='ltr'><strong>quicquid</strong></span> <span class='ocrx_word' id='word_1_736' title='bbox 3673 5202 3726 5254; x_wconf 67' lang='lat'><strong>2.</strong></span> <span class='ocrx_word' id='word_1_737' title='bbox 3756 5215 3802 5262; x_wconf 85' lang='lat' dir='ltr'><strong>q.</strong></span> 
     </span>
     <span class='ocr_line' id='line_1_111' title="bbox 2598 5275 3802 5312; baseline -0.016 18"><span class='ocrx_word' id='word_1_738' title='bbox 2598 5283 2640 5312; x_wconf 69' lang='grc' dir='ltr'>οι</span> <span class='ocrx_word' id='word_1_739' title='bbox 2669 5299 2702 5312; x_wconf 76' lang='grc' dir='ltr'><strong>-σ</strong></span> <span class='ocrx_word' id='word_1_740' title='bbox 2756 5297 2784 5312; x_wconf 65' lang='grc' dir='ltr'><strong>Α</strong></span> <span class='ocrx_word' id='word_1_741' title='bbox 2832 5283 2864 5312; x_wconf 77' lang='grc' dir='ltr'>ο</span> <span class='ocrx_word' id='word_1_742' title='bbox 2911 5281 2942 5312; x_wconf 68' lang='grc' dir='ltr'>π</span> <span class='ocrx_word' id='word_1_743' title='bbox 3042 5281 3088 5312; x_wconf 72' lang='lat' dir='ltr'><strong>os</strong></span> <span class='ocrx_word' id='word_1_744' title='bbox 3117 5279 3354 5312; x_wconf 54' lang='lat' dir='ltr'><strong>“una”...</strong></span> <span class='ocrx_word' id='word_1_745' title='bbox 3392 5293 3514 5312; x_wconf 71' lang='lat' dir='ltr'><strong>tuna“</strong></span> <span class='ocrx_word' id='word_1_746' title='bbox 3553 5275 3604 5312; x_wconf 61' lang='lat' dir='ltr'><strong>It:</strong></span> <span class='ocrx_word' id='word_1_747' title='bbox 3635 5284 3802 5312; x_wconf 73' lang='lat' dir='ltr'><strong>nmle</strong></span> 
     </span>
    </p>
   </div>
   <div class='ocr_carea' id='block_1_111' title="bbox 3042 5275 3807 5312">
    <p class='ocr_par' dir='ltr' id='par_1_111' title="bbox 3042 5275 3807 5312">
     <span class='ocr_line' id='line_1_112' title="bbox 3042 5275 3807 5312; baseline 0 0"><span class='ocrx_word' id='word_1_748' title='bbox 3042 5281 3088 5312; x_wconf 71' lang='grc' dir='ltr'><strong>ΩΙ</strong></span> <span class='ocrx_word' id='word_1_749' title='bbox 3117 5279 3354 5312; x_wconf 69' lang='lat' dir='ltr'><strong>“auia-In</strong></span> <span class='ocrx_word' id='word_1_750' title='bbox 3392 5275 3514 5312; x_wconf 46' lang='lat' dir='ltr'><strong>eun.“</strong></span> <span class='ocrx_word' id='word_1_751' title='bbox 3553 5275 3604 5312; x_wconf 77' lang='grc' dir='ltr'><strong>Ιὶῖ</strong></span> <span class='ocrx_word' id='word_1_752' title='bbox 3635 5284 3807 5312; x_wconf 56' lang='lat' dir='ltr'><strong>(“nilei</strong></span> 
     </span>
    </p>
   </div>
   <div class='ocr_carea' id='block_1_112' title="bbox 2273 5285 2500 5312">
    <p class='ocr_par' dir='ltr' id='par_1_112' title="bbox 2273 5285 2500 5312">
     <span class='ocr_line' id='line_1_113' title="bbox 2273 5285 2500 5312; baseline 0 0"><span class='ocrx_word' id='word_1_753' title='bbox 2273 5285 2443 5312; x_wconf 56' lang='grc' dir='ltr'><strong>-..ιηηΙμ</strong></span> <span class='ocrx_word' id='word_1_754' title='bbox 2455 5295 2500 5312; x_wconf 74' lang='grc' dir='ltr'>ιι.</span> 
     </span>
    </p>
   </div>
  </div>
