3908 5426
103 291 202 347 929

1205 282 1361 338 "TA
1408 277 1839 337 VENCE‘ZLAYI
1880 276 2078 333 DUCIS
2111 276 2463 334 BOHEMLE.

3283 279 3391 337 930

101 405 371 474 Quoniam
401 401 472 436 '“
503 401 763 459 redeunte
792 415 888 470 per
915 413 1125 454 annuas
1147 398 1297 454 vices
1342 397 1580 467 legitimo
1607 411 1693 447 ιη-
1723 398 1769 454 Α
1798 393 1971 446 solum
2005 393 2285 458 clientulo,
2333 393 2606 458 infusum,
2648 393 3020 464 secretiusqne
3065 396 3389 475 repositum'

101 499 220 549 dum
253 492 659 550 observationis
684 491 915 562 jejunio,
945 505 1102 546 sacer
1123 489 1238 560 ipse
1257 488 1492 558 juvenis,
1524 500 1696 542 szecue

103 589 312 643 laribus
333 587 582 658 quamvis
607 586 678 641 ob
703 585 941 656 regimen
969 582 1208 654 negociis
1228 582 1360 636 haut
1386 595 1512 634 raro
1534 579 1698 632 fuerit

102 681 442 748 interceptus
475 677 564 741 ⁸⁸⁸,
598 675 882 731 indefessis
929 684 1108 729 tamen
1151 674 1499 737 orationum,
1547 670 1694 740 larga

101 771 246 825 inter
297 783 570 839 pauperes
616 767 1020 838 dispensatione
1064 765 1394 830 volantium,
1441 763 1698 832 operibus

101 860 346 930 singulos
368 874 530 929 quam
553 867 880 914 veneranter
903 859 1154 928 perduxit
1181 856 1250 889 "‘
1275 857 1411 911 dies.
1436 854 1697 909 Noctibus

103 964 282 1009 autem
309 952 666 1008 serenissimo
699 952 908 1006 instans
935 950 1238 1021 pervigilio,
1269 948 1406 1003 lenis
1431 948 1698 1002 inmemor

102 1044 338 1110 soporis,
368 1041 546 1112 primo
567 1041 766 1110 quietis
787 1050 1064 1094 nocturna:
1084 1037 1379 1094 conticinio
1401 1037 1489 1098 ⁸⁸⁷,
1516 1045 1698 1106 spreto

104 1131 360 1203 fulgentis
409 1140 582 1185 stratu
631 1131 856 1192 cubilis,
889 1129 1030 1185 clam
1063 1128 1263 1183 ceteris
1311 1128 1379 1182 de
1425 1128 1581 1180 thoro
1627 1125 1695 1157 ⁸⁸⁸

102 1222 292 1292 surgit,
333 1236 562 1290 puerum
594 1219 964 1274 cubicularem
1012 1220 1210 1272 tacitus
1238 1217 1306 1250 ¹⁰⁹
1343 1217 1568 1280 excitat,
1599 1230 1695 1269 co-

103 1314 354 1370 dicellum
390 1312 625 1367 manuali
670 1311 976 1381 frequentia
1025 1325 1280 1381 rugosum
1324 1308 1508 1378 eripit,
1545 1307 1696 1377 pala-

102 1407 233 1461 tium
286 1406 495 1461 nesciis
554 1404 873 1459 custodibus
921 1417 1217 1474 egressus,
1269 1401 1468 1457 comite
1517 1401 1694 1455 solum

102 1497 382 1561 clientulo,
426 1509 618 1565 aspera
665 1495 930 1549 montium
976 1493 1292 1560 cacumina,
1325 1492 1546 1546 vallium
1579 1491 1695 1546 exi~

103 1586 245 1641 tialia
278 1586 352 1619 ⁸³⁸
391 1585 721 1656 praecipitia,
773 1582 1219 1639 diverticulorum
1263 1595 1330 1636 ac
1372 1581 1692 1636 semitarum

102 1677 342 1748 lapillosa
377 1677 461 1732 vel
491 1677 663 1748 glacie
691 1675 970 1730 horrentia
997 1675 1142 1729 inter
1180 1673 1431 1728 civitates
1471 1671 1688 1735 itinera,

1798 482 2139 538 considerata
2188 482 2592 552 oportunitate.
2625 483 2773 538 inter
2806 482 3036 539 clericos
3064 488 3392 556 conprovina

1796 573 1964 630 ciales
1993 587 2121 631 cum
2165 573 2384 638 oblatis,
2414 588 2551 644 quas
2585 573 2790 629 missin
2831 574 3135 630 celebritati
3169 576 3240 612 ⁸³⁸
3268 593 3397 648 pro-

1797 664 2031 721 videndo
2077 665 2194 734 ipse
2242 662 2549 734 coquebat,
2581 665 2684 720 sub
2725 665 2861 720 mira
2905 666 3210 723 divinorum
3243 685 3395 724 com-

1799 756 2059 811 munione
2087 756 2155 787 ¹²⁵
2187 755 2490 810 distribuit.
2521 753 2566 810 Ο
2609 755 2984 812 indissolubile
3023 758 3171 814 circa
3204 767 3396 829 pectus

1795 848 2171 902 castissimum
2199 846 2322 901 ﬁdei
2346 847 2674 902 inviolabilis
2695 847 3006 902 vinculum!
3035 849 3080 904 Ο
3107 850 3394 908 laudabilis

1795 937 2119 994 obedientite
2163 947 2491 994 sectatorem
2534 937 2988 994 devotissimum!
3046 940 3091 996 Ο
3131 945 3395 1013 principis

1796 1029 1996 1083 miram
2051 1029 2439 1094 humilitatem,
2490 1031 2830 1085 servulorum
2871 1032 3164 1090 ““oﬁicia
3223 1037 3392 1092 divini

1796 1117 2000 1172 amoris
2030 1116 2291 1171 instinctu
2333 1118 2518 1174 subire
2564 1135 2670 1172 non
2703 1122 3028 1188 pudentem!
3063 1121 3165 1189 Qui
3197 1129 3396 1182 mentis

1795 1209 1965 1263 ardua
2013 1207 2468 1278 contemplatione
2520 1209 2760 1264 caelestia
2812 1225 2935 1280 quae
2989 1213 3156 1268 corde
3220 1217 3397 1272 tenuit

1796 1299 2030 1356 intuitus
2075 1302 2142 1335 "7
2193 1301 2472 1365 archana,
2527 1305 2878 1358 reverendam
2932 1321 2994 1360 ac
3045 1308 3387 1364 salutiferam

1795 1391 2053 1447 dominici
2099 1393 2345 1462 corporis
2394 1405 2450 1446 et
2497 1395 2774 1463 sanguinis
2831 1396 3177 1453 collationem
3243 1410 3392 1456 tanto

1795 1493 2088 1538 veneratus
2115 1493 2194 1538 est
2245 1483 2312 1539 ac
2354 1484 2554 1539 dilexit
2583 1486 2846 1556 obsequio
2869 1525 2884 1551 ,
2917 1497 2976 1541 ut
3012 1488 3295 1544 :libaminis
3319 1490 3392 1522 "'

1794 1573 1962 1630 cultui
1993 1574 2258 1637 caelestis.
2285 1575 2580 1631 criminum
2623 1578 2873 1647 contagia
2917 1581 3248 1643 mandantis,
3278 1595 3388 1636 non

1795 1662 1922 1718 ﬁdei
1951 1664 2288 1720 solummodo
2331 1666 2618 1721 militasset
2644 1667 2974 1731 constantia,
3003 1682 3191 1722 verum
3222 1669 3389 1724 etiam

103 1770 356 1825 continua
393 1769 726 1839 psalmorum
757 1776 1174 1834 ceterarumque
1219 1777 1438 1835 precum
1491 1761 1690 1815 reeita-
1721 1755 1765 1815 Β
1793 1754 1958 1810 fontis
2006 1757 2378 1826 purgatissimi
2407 1758 2683 1813 exteriore
2727 1759 2901 1813 instar
2926 1759 3125 1813 servuli
3156 1762 3392 1830 agrestis

103 1863 249 1918 cione
279 1863 514 1932 nudipcs
550 1860 858 1930 singulatim
891 1857 1167 1914 ecclesias
1195 1854 1535 1926 quaeritando
1565 1868 1687 1922 per-

104 1953 386 2009 lustrabat.
413 1955 468 2008 in
498 1961 705 2008 tantum
737 1953 920 2022 itaque
947 1951 1129 2007 carnis
1156 1949 1503 2004 atllictionem
1527 1946 1684 2001 suffe-

106 2060 222 2099 rens
262 2045 356 2108 ⁸η,
390 2058 452 2100 ut
483 2045 674 2099 scissis
719 2043 922 2098 teneris
947 2043 1015 2074 ἰ’
1043 2041 1260 2112 plantis,
1290 2055 1453 2095 cruor
1479 2038 1688 2095 deﬂuus

106 2136 326 2204 sparsim
360 2144 606 2190 notasset
653 2134 902 2203 vestigia.
934 2133 1163 2188 Domum
1191 2141 1374 2187 autem
1413 2147 1684 2196 reversus,

107 2242 215 2294 quae
242 2243 399 2282 mens
425 2227 656 2282 interius
678 2227 848 2297 gessit
886 2226 1002 2296 ipse
1037 2224 1446 2287 dissimulando,
1479 2226 1686 2294 princi~

107 2319 294 2388 palium
326 2319 462 2372 item
494 2320 1216 2394 vestibusornamentorum
1255 2317 1394 2371 solio
1445 2317 1689 2373 residens

107 2405 364 2472 induitur,
395 2409 487 2462 sed
517 2422 647 2462 caro
689 2407 1042 2462 mundissima
1092 2407 1310 2461 cilicino
1339 2404 1529 2460 subtus
1558 2421 1687 2460 acu-

109 2497 242 2551 mine
269 2498 611 2554 dissulcatur
638 2499 731 2551 “3.
777 2497 969 2553 Messis
998 2497 1160 2554 etiam
1205 2497 1504 2553 inminente
1529 2505 1686 2561 testu,

108 2597 215 2642 tuto
257 2589 436 2643 noctis
479 2589 698 2646 silentio
748 2605 846 2658 per
887 2587 1119 2659 agellum
1165 2589 1331 2645 tritici
1378 2589 1688 2659 manipulos

109 2679 212 2747 ipse
239 2679 493 2735 falcicula
524 2680 593 2711 ηδ
617 2681 927 2746 succidens,
970 2680 1229 2750 gravique
1267 2679 1414 2736 fasce
1457 2681 1688 2750 prepriis

110 2770 384 2840 impositos
420 2772 681 2834 humeris,
729 2772 787 2826 in
833 2771 1129 2828 secretiore
1159 2772 1229 2804 “'
1257 2773 1449 2828 domus
1489 2773 1686 2841 angulo

109 2866 405 2931 abscondit,
437 2866 746 2936 ibidemque
773 2868 1065 2933 trituratis,
1093 2878 1149 2924 et
1173 2869 1314 2923 inter
1344 2885 1474 2923 saxa
1505 2870 1688 2926 tritico

109 2956 270 3011 fracto
293 2972 357 3012 ac
386 2958 760 3028 purgamentis
782 2960 1088 3026 agrestibus
1115 2961 1184 3014 ad
1212 2961 1469 3014 mundam
1498 2975 1689 3018 excus-

109 3047 300 3102 sionem
368 3063 401 3103 a
472 3050 676 3105 sanctis
733 3050 985 3104 manibus
1046 3051 1216 3122 ipsius
1279 3050 1346 3080 ““
1401 3051 1688 3122 diligenter

106 3139 366 3204 cribrato,
408 3157 532 3196 cum
586 3142 752 3198 fontis
794 3145 1131 3215 aspersione,
1188 3159 1347 3213 quem
1382 3144 1494 3214 ipse
1537 3146 1686 3201 solus

109 3242 363 3298 praesente
397 3241 604 3288 tantum
647 3235 876 3304 puerulo
921 3251 1044 3290 cum
1091 3236 1244 3306 ydria
1283 3237 1349 3266 ¹¹⁷
1379 3238 1686 3306 produceus

109 3332 237 3375 verte
266 3321 551 3378 Trinitatis
576 3323 915 3380 invocatione
943 3325 1197 3396 signavit,
1231 3326 1370 3380 hanc
1396 3327 1682 3382 farinnlam

109 3426 274 3467 massa
313 3415 385 3446 ¹¹⁶
430 3416 663 3470 naturali
699 3426 1012 3486 congestam
1062 3417 1114 3470 in
1149 3417 1288 3471 libas
1330 3418 1680 3483 sacriﬁcales,

109 3505 444 3560 sacerdotum
487 3507 740 3564 manibus
784 3506 1124 3574 oﬁerendas,
1166 3508 1258 3563 ille
1305 3508 1524 3579 proprio
1570 3524 1684 3562 ma-

108 3606 263 3648 nuum
301 3594 491 3652 labore
535 3597 695 3667 coqui
726 3599 976 3667 parabat.
1006 3599 1246 3653 Necdum
1287 3609 1466 3654 autem
1497 3614 1680 3654 secum

109 3683 366 3754 deputans
395 3687 686 3742 missarum
717 3703 778 3744 se
822 3689 1156 3744 satisfecisse
1207 3689 1562 3758 sollempniis,
1589 3690 1682 3743 sed

109 3773 456 3838 obedientiae,
504 3791 668 3846 quam
717 3778 979 3833 divinitus
1019 3778 1130 3846 jam
1197 3779 1387 3833 didicit
1453 3779 1686 3834 victimis

111 3860 256 3919 laude
301 3866 618 3936 pruriatam,
671 3883 866 3939 sapore
910 3869 1240 3933 delectatus,
1287 3869 1431 3924 inter
1473 3885 1686 3924 amiuos

111 3968 385 4022 processus
413 3959 738 4014 adveniente
769 3960 835 3992 ¹¹⁹
861 3960 1152 4027 vindemia,
1180 3961 1483 4016 clanculum
1511 3962 1686 4018 accito

113 4044 282 4101 nimia:
322 4049 600 4104 hdelitatis
645 4049 756 4117 jam
807 4051 954 4106 dicto
1000 4052 1218 4121 sequaci
1273 4053 1363 4116 “°,
1406 4052 1682 4108 vinearum

113 4144 251 4202 septa
277 4147 442 4193 noctu
473 4139 786 4197 transiliens
813 4144 902 4206 η’,
932 4141 1222 4198 ﬁscellulas
1247 4142 1496 4212 utrisque
1523 4145 1684 4200 dorso

113 4224 466 4294 dependentes
492 4232 730 4300 gravidis
759 4232 988 4302 implens
1020 4235 1281 4298 racemis,
1307 4233 1554 4288 cellulam
1584 4248 1683 4303 pa-

114 4313 235 4371 latio
261 4323 610 4377 remotiorem
634 4324 846 4394 sibique
871 4327 1003 4382 adeo
1027 4341 1208 4382 caram
1241 4327 1385 4381 furto
1427 4328 1683 4382 laudabili

117 4407 310 4463 revisit.
366 4410 586 4466 Interim
634 4414 906 4485 hospitioli
958 4415 1167 4472 foribus
1205 4418 1584 4488 repagulorum
1616 4418 1681 4448 “’

116 4506 262 4551 cauta
292 4503 530 4571 undique
575 4503 826 4558 clausura
878 4506 1121 4572 munitis,
1173 4506 1224 4560 ili
1267 4521 1362 4559 vas
1393 4506 1519 4561 huic
1546 4522 1680 4562 con-

117 4598 292 4651 gruum
333 4589 670 4644 vindemiolas
698 4607 829 4647 uvas
875 4593 1075 4662 pistillo
1104 4603 1424 4659 conterens,
1453 4609 1680 4666 expres-

119 4689 272 4743 saque
303 4681 464 4733 musti
495 4690 681 4736 tenero
728 4682 960 4752 liquore,
993 4701 1090 4754 per
1135 4685 1260 4739 linei
1297 4686 1495 4739 saeculi
1531 4703 1679 4739 mun-

118 4763 228 4818 dani
274 4769 626 4825 subtilitatem
677 4773 1074 4828 studiosissima
1125 4784 1401 4829 castarum
1457 4777 1525 4807 “3
1579 4776 1650 4829 im

120 4861 380 4923 pressione
406 4878 660 4919 manuum
692 4865 991 4935 excolavit;
1034 4868 1222 4937 sicque
1252 4868 1430 4933 diotte,
1461 4869 1677 4926 conscio

1789 1847 1974 1904 labore
1999 1865 2064 1904 ac
2100 1851 2188 1922 pia
2231 1850 2526 1920 largicione
2569 1853 2913 1908 sacerdotum
2945 1853 3193 1926 religioni
3223 1855 3389 1910 sorti-

1790 1948 1881 1997 tus
1912 1942 1980 1974 ¹²⁹
2011 1943 2127 2011 ipse
2158 1941 2372 1997 fuisset.

1861 2076 1914 2131 9.
1943 2075 2055 2130 Non
2087 2076 2255 2131 latere
2281 2086 2462 2132 autem
2496 2078 2784 2149 benignam
2812 2079 2922 2134 veri
2960 2091 3263 2135 amatorum
3296 2082 3376 2136 iu-

1788 2167 2085 2222 tentioncm
2119 2167 2249 2222 utile
2277 2169 2548 2232 ducimus,
2581 2169 2840 2238 quoniam
2876 2171 3101 2224 honesta
3142 2189 3386 2241 quorun-

1788 2261 1914 2315 dam
1961 2261 2246 2324 relatione,
2301 2260 2603 2337 futurorum
2654 2272 2801 2317 certa
2848 2264 3111 2334 praésagia
3165 2265 3388 2319 cmlitus

1785 2349 1894 2418 jam
1931 2351 2147 2406 doctum
2189 2349 2444 2418 juvenem
2480 2352 2548 2388 ¹⁸⁰
2581 2353 2634 2407 in
2663 2353 2869 2408 crebris
2898 2369 3028 2424 erga
3064 2370 3148 2410 res
3190 2355 3386 2422 huma-

1789 2456 1889 2496 nas
1916 2441 2202 2495 eventibus
2236 2441 2302 2472 ¹³¹
2334 2443 2621 2510 praescisse
2653 2457 2716 2496 ac
2759 2442 3106 2498 familiarium
3139 2460 3281 2514 smpc
3314 2443 3387 2478 "'

1790 2532 1915 2588 ﬁdei
1968 2549 2065 2603 per
2097 2549 2265 2588 novos
2295 2549 2518 2589 casuum
2562 2544 2801 2590 terrores
2852 2537 3210 2606 prta-signasse
3263 2537 3387 2611 lex-

1789 2624 1926 2695 perti
1956 2639 2145 2679 sumus
2178 2623 2303 2697 m].
2337 2623 2503 2694 Cujus
2533 2626 2658 2680 doni
2690 2627 3060 2683 memorabilis
3091 2629 3386 2698 gloriosam

1789 2717 1935 2773 inter
1974 2725 2054 2773 tot
2097 2717 2484 2773 miraculorum
2529 2720 2801 2790 prtecouia
2844 2721 3198 2788 mentionem,
3243 2723 3383 2777 scri-

1789 2810 1967 2866 bentis
1998 2827 2106 2864 non
2160 2811 2355 2865 reticet
2397 2811 2698 2865 humillima
2728 2812 2974 2878 devotio;
3015 2814 3142 2883 quia
3190 2814 3387 2869 divini-

1791 2913 1875 2960 tus
1903 2913 2088 2974 aperta
2118 2904 2349 2970 visione,
2379 2891 2553 2958 noctis
2583 2905 2900 2971 conticinio,
2924 2904 3066 2960 forte
3093 2906 3376 2976 cujusdam

1788 2998 1987 3052 atrium
2020 2998 2324 3068 presbyteri
2357 2996 2506 3051 Pauli
2546 2998 2634 3062 ⁸³⁸,
2678 2999 2821 3068 quod
2851 2999 3084 3054 amomis
3129 3009 3185 3054 et
3212 3002 3384 3056 vastis

1714 3109 1761 3170 ρ
1791 3090 1988 3143 aedium
2033 3090 2275 3143 munitur
2305 3089 2622 3153 ambitihus,
2653 3091 2753 3144 sub
2785 3090 2958 3144 Sancti
2984 3090 3202 3161 Deoque
3237 3090 3382 3161 pleni

1789 3181 2113 3236 Vencezlavi
2168 3181 2235 3212 ¹³⁵
2291 3180 2598 3236 clarissimo
2648 3181 2871 3246 obtutu,
2923 3183 3068 3237 omni
3118 3184 3378 3237 moenium

1786 3271 1933 3327 cultu
1981 3271 2255 3326 desertum
2285 3281 2338 3326 et
2374 3273 2624 3328 humana!
2655 3274 2923 3343 passionis
2949 3273 3016 3305 ⁸³⁸
3039 3273 3384 3329 habitacione

1786 3362 2010 3419 omnino
2061 3363 2365 3431 comparuit
2401 3363 2661 3418 alienum.
2721 3361 2876 3430 Quod
2929 3363 3182 3418 videliCet
3240 3365 3380 3434 ipse,

1787 3453 1939 3523 pulsa
1978 3454 2152 3506 somni
2187 3452 2426 3507 carnalis
2464 3454 2754 3523 gravitate,
2791 3454 2973 3507 cordis
3011 3454 3385 3522 sperulatione

1787 3539 2060 3610 pervigilis
2091 3540 2156 3570 ¹³⁷
2187 3525 2476 3603 excitatus,
2521 3541 2770 3610 quisdam
2807 3541 2898 3604 ³³⁸,
2930 3557 3050 3609 qua:
3080 3542 3193 3595 visa
3225 3552 3382 3610 sunt,

1786 3630 2038 3701 prudenti
2081 3645 2334 3685 sermone
2384 3631 2746 3689 innotescens.
2778 3632 3114 3700 subindeqne
3145 3633 3273 3702 quid
3305 3631 3378 3665 ¹⁶⁹

1787 3720 1971 3773 verius
2022 3718 2262 3774 futurum
2315 3720 2459 3775 edita
2503 3720 2616 3790 jam
2660 3721 3072 3790 pronunciassc:
3116 3722 3378 3786 crzensio,

1788 3809 2136 3880 prophetauti
2175 3808 2244 3840 “°
2290 3824 2387 3864 ore
2427 3810 2755 3876 edisserens,
2807 3818 3135 3867 convocatos
3185 3811 3376 3884 hujus-

1787 3903 1932 3956 modi
1963 3903 2123 3957 dictis
2151 3901 2448 3973 alloquitur
2475 3915 2490 3956 :

1857 4037 1946 4093 10.
1985 4036 2198 4094 σΤΙιοτο
2226 4051 2311 4092 me
2341 4036 2714 4101 accubantem,
2743 4036 2930 4094 dulces
2959 4037 3118 4093 amici
3150 4053 3374 4109 vosque,

1786 4147 1820 4187 ο
1857 4131 2154 4188 familiares
2193 4130 2458 4196 clientuli,
2491 4129 2668 4185 noctis
2708 4131 2924 4185 silentio
2954 4132 3135 4202 gravis
3167 4139 3223 4187 et
3263 4132 3372 4186 alta

1786 4224 2008 4281 sustulit
2053 4224 2226 4290 visio;
2278 4223 2537 4294 quoniam
2586 4221 2736 4278 Pauli
2789 4223 3075 4294 presbiteri
3107 4225 3376 4295 porticum

1788 4325 1900 4372 tota
1928 4317 2279 4372 aedificiorum
2326 4314 2659 4370 sublimitate
2703 4331 2767 4370 ac
2796 4316 3072 4370 hominum
3119 4317 3266 4372 cultu
3296 4318 3380 4372 vi-

1789 4409 1981 4464 debam
2015 4407 2230 4476 penitus
2255 4405 2572 4460 desolatam.
2599 4405 2716 4471 Quo
2737 4405 2854 4459 viso
2873 4414 3100 4461 moestus
3123 4404 3372 4474 dejic’ior.

1792 4517 1858 4556 ac
1903 4501 2130 4555 interna:
2159 4514 2257 4568 pro
2285 4497 2378 4551 Dei
2411 4497 2659 4551 ﬁdelibus
2701 4497 3078 4552 sollicitudinis
3121 4499 3373 4554 molestia

1788 4605 2128 4653 consternor.
2169 4592 2276 4648 Sed
2322 4601 2502 4644 tamen
2535 4599 2592 4643 ut
2625 4591 2885 4644 immensa
2915 4589 3154 4644 omnium
3188 4592 3374 4660 cogni-

1787 4697 1922 4745 tens
1950 4688 2152 4756 pietate
2185 4683 2238 4737 in
2275 4697 2446 4752 spem.
2481 4696 2584 4750 qua
2613 4678 2854 4733 credenti
2882 4687 3078 4733 cuncta
3109 4679 3173 4711 “'
3210 4694 3372 4747 posse

1784 4779 2109 4848 [tomissum
2142 4783 2246 4838 est,
2283 4771 2601 4832 transferar,
2634 4769 2794 4839 hujus
2838 4769 3033 4824 somnii
3064 4769 3131 4800 m
3172 4771 3374 4823 verita-

1787 4877 1898 4924 tem
1938 4864 2255 4921 imminente
2282 4860 2397 4931 jam
2451 4876 2578 4916 casu
2619 4857 2685 4890 ³⁸³
2726 4858 3180 4928 pernoscendam,
3213 4857 3376 4916 clarae

1397 5021 1629 5078 VARIA'.
1663 5018 2068 5080 LECTIONLS.

185 5116 340 5180 mi—io
373 5129 421 5180 1.
452 5127 602 5183 lineae
638 5129 788 5183 initio
821 5135 1031 5190 omisso.

126 5192 184 5223 ’θ’
203 5211 315 5250 exc.
347 5205 448 5250 tac.
474 5197 528 5250 2.
559 5199 614 5253 5.
690 5199 755 5230 ¹¹⁰
778 5201 981 5260 exitiiia
1023 5206 1077 5259 1.

1177 5202 1290 5236 ilic
1351 5202 1360 5236 ξ

127 5209 315 5250 exc.
347 5209 448 5250 lac.
474 5209 528 5250 2.
559 5209 614 5253 ὖ.
690 5209 755 5230 ιιυ
778 5209 981 5260 exitiiia
1023 5209 1077 5259 1.
1177 5209 1240 5233 ¹¹¹
1268 5220 1313 5255 s.
1350 5225 1402 5259 a.
1427 5209 1480 5261 2.

221 5267 495 5344 secretiori
539 5268 591 5344 2.
636 5269 711 5344 5._
804 5270 870 5300 ¹¹⁸
904 5277 1020 5344 ejus
1046 5275 1103 5326 2.
1188 5272 1252 5302 ¹²⁷
1284 5274 1477 5344 hydria

1188 5272 1252 5302 ¹²⁷
1284 5274 1477 5344 hydria
1518 5275 1572 5328 5.

1126 5131 1472 5205 “finccptns
1504 5136 1554 5189 1.
1579 5136 1648 5168 ⁸⁸⁸
1684 5137 1940 5205 produvit
1966 5129 2107 5205 λβ.

1569 5205 1636 5238 ¹¹³
1660 5200 1814 5262 cissis
1857 5203 2131 5262 teneribus
2178 5200 2229 5253 1.

221 5276 495 5320 secretiori
539 5276 591 5320 2.
636 5276 688 5324 5.
804 5276 870 5300 ’³⁵
904 5277 1020 5344 ejus
1046 5276 1103 5326 2.
1188 5276 1252 5302 ¹¹⁷
1284 5276 1477 5344 hydria
1518 5276 1572 5328 δ,
1652 5277 1720 5308 iis
1753 5294 1933 5332 massa
1976 5276 2028 5329 ι,
2109 5276 2178 5302 ειν
2232 5276 2566 5329 adventante
2593 5276 2648 5323 ‘2.
2739 5276 2810 5298 ""
2851 5279 3088 5336 sequace
3131 5276 3186 5316 ‘z.
3219 5276 3272 5317 ‘a.
3312 5276 3371 5347 ξ.

124 5332 530 5426 ξξξλμςοιιοεεειξςῃ
578 5338 630 5393 in
663 5338 870 5419 vineam
895 5361 1046 5400 suam
1083 5357 1205 5426 cum
1239 5342 1488 5426 ministro
1511 5345 1676 5398 ﬁdeli.
1714 5345 1783 5426 Μἶ
1818 5350 1898 5426 η’.
1934 5338 2311 5426 repaculorpni
2341 5343 2398 5397 2,
2476 5344 2546 5379 ³1³
2577 5344 2884 5426 ςὶεειιζειςιιίῂ
2924 5341 3017 5426 1:0
3050 5332 3384 5426 “ignotuml-

2192 5129 2260 5161 ¹⁹⁷
2291 5129 2438 5186 deest
2465 5133 2520 5187 ἓ.
2545 5129 2634 5184 ubi
2664 5137 2957 5184 noc'nrno.
3035 5126 3101 5160 ¹⁰⁸
3141 5124 3281 5179 lecto
3315 5126 3371 5181 2.

2313 5201 2382 5233 ιη
2414 5202 2746 5260 disculcatur
2781 5198 2827 5250 1.
2913 5199 2980 5231 ηδ
3032 5195 3290 5249 fascicula
3323 5199 3370 5250 1.

2109 5269 2178 5302 “9
2232 5271 2566 5329 adventante
2593 5271 2648 5323 ‘2.
2739 5268 2810 5298 "°
2851 5263 3186 5336 sequacee.
3213 5265 3273 5336 ᾖ.
3312 5266 3371 5320 2.

2984 5406 3017 5426 Ω
