3908 5426
506 381 606 438 931

1602 376 1886 436 GUIPOL
1896 375 1956 432 Dl
1990 372 2302 432 EPISCOPI
2338 374 2701 439 ΜΛΝΊὋΑΜ

3679 384 3782 444 IS!

508 497 795 555 solutionis
825 497 1310 566 interpretamento
1340 495 1405 527 i“
1437 496 1505 551 ad
1541 506 1751 555 certam
1786 494 1863 550 rei
1894 509 2089 549 escus-
2121 495 2170 552 Δ
2199 493 2377 550 Vando
2405 495 2650 560 retinuit,
2669 496 2935 568 depositis
2958 498 3026 531 ¹⁶⁸
3050 497 3270 557 interim
3293 494 3565 559 secu‘laris
3585 510 3781 577 negotii

509 593 721 647 sionem
752 590 822 622 ⁸⁸⁸
847 589 1141 659 explanare
1167 588 1471 658 aggredior.

502 717 511 725 -
581 684 669 737 ll;
704 700 724 733 ι
762 681 1054 736 Domorum
1104 696 1341 750 namque
1387 681 1500 735 visa
1537 679 1836 736 destructio
1876 677 2096 736 lelicem

500 771 669 844 {avie
699 770 797 844 ﬂ"]
841 786 972 826 mete
1001 769 1280 825 Liudmilm
1312 769 1404 834 ιδ’,
1450 778 1651 824 sanctae
1678 769 1746 800 ’⁵⁸
1773 784 1836 823 ac
1868 783 2097 823 venera-

505 864 632 919 bilis
658 869 938 925 matronzn,
979 860 1257 930 portendit
1282 859 1512 915 obitum.
1547 858 1678 923 Qum
1701 857 1952 912 videlicet
1976 845 2093 912 ma-

507 955 614 1010 tris
640 967 796 1017 meze,
830 960 940 1007 tam
976 965 1177 1020 genere
1207 965 1367 1019 quam
1398 963 1621 1019 operum
1652 949 1816 1005 etiam
1848 948 2101 1017 inquina-

506 1045 668 1099 cione
693 1042 933 1114 gentilis,
955 1041 1139 1116 furiali
1177 1055 1301 1096 cum
1343 1040 1547 1110 aliqu0t
1590 1040 1857 1095 ministris
1883 1040 1949 1094 ad
1977 1054 2096 1094 scc-

509 1136 598 1190 lus
627 1149 782 1207 atque
831 1136 1039 1206 paratis
1069 1135 1211 1189 facta
1254 1133 1684 1204 conspiracione,
1721 1149 1830 1187 non
1871 1133 2097 1188 multum

509 1226 639 1280 hinc
684 1235 1011 1294 proceSsuro
1064 1232 1346 1293 tempore.
1413 1222 1716 1278 clanculum
1762 1222 2099 1279 irruentibus

508 1330 893 1386 perversorum
920 1315 1109 1380 armis,
1138 1329 1243 1384 pro
1269 1313 1556 1369 christiani
1591 1313 1826 1369 nominis
1871 1329 1936 1370 ac
1969 1312 2097 1368 fidei

511 1406 850 1478 professione
898 1407 1145 1477 corporis
1191 1406 1258 1447 ¹⁸ο
1306 1406 1584 1462 crudelem
1640 1405 1844 1461 subibit
1895 1405 2101 1476 passio.

510 1512 657 1553 nem.
692 1496 940 1553 Porticus
968 1506 1171 1561 autem,
1209 1506 1272 1551 ut
1314 1496 1454 1551 visio
1490 1496 1562 1529 ¹⁸⁰
1607 1505 1857 1562 testatur,
1886 1496 2099 1566 populis

514 1593 582 1626 ⁸⁸⁸
613 1593 827 1649 deserta
854 1592 1172 1663 amplitudo,
1199 1591 1369 1658 clero,
1400 1599 1591 1648 nostro
1621 1591 1830 1647 incluso
1861 1590 1928 1623 ιδ’
1957 1599 2100 1646 tuta-

510 1685 679 1750 tnine,
710 1683 1079 1739 miserabilem
1116 1682 1387 1755 prazfingit
1424 1698 1456 1738 e
1501 1698 1668 1754 regno
1719 1681 2098 1752 expulsionem

510 1775 797 1844 tociusqne
864 1773 1184 1829 substantia:
1252 1787 1360 1828 non
1417 1774 1653 1828 debitam
1724 1773 2095 1829 amissionem.

509 1866 809 1922 Enimvero
840 1865 1166 1922 execrabilis
1197 1865 1481 1920 memoriae
1503 1865 1736 1934 genitrix
1772 1882 1890 1921 mea
1935 1877 2099 1922 sectae

512 1956 689 2022 vitali,
718 1971 880 2026 quam
911 1972 1009 2026 pro
1041 1965 1156 2011 toto
1187 1970 1346 2025 posse
1387 1954 1658 2020 confiteri,
1704 1956 1906 2020 colere,
1935 1955 2101 2010 corde

514 2057 677 2102 tenus
699 2047 853 2116 sequi
883 2058 939 2102 et
969 2062 1155 2101 amare
1184 2046 1349 2110 insto,
1375 2056 1430 2101 et
1456 2046 1685 2116 posthac
1716 2046 1978 2102 aliorsum
2015 2046 2099 2101 in-

514 2138 1133 2200 revocabilisinstabo,
1190 2136 1519 2192 mordaciter
1563 2137 1835 2201 invidens,
1883 2136 2101 2192 eosdem

515 2234 855 2287 diversorum
906 2231 1135 2287 clericos
1180 2232 1431 2287 ordinum
1464 2233 1534 2265 ’⁸³
1578 2233 1703 2303 quia
1733 2250 1943 2289 mecum
1971 2249 2101 2290 sen-

516 2326 624 2378 tire
662 2340 768 2379 non
798 2335 1016 2395 negant,
1049 2339 1150 2394 ope
1196 2333 1409 2379 terrena
1451 2324 1715 2394 privatos,
1751 2341 1917 2398 regno
1953 2340 2103 2384 seve-

515 2416 630 2470 rius
658 2414 888 2485 ejectum
927 2416 989 2470 iri
1020 2416 1090 2456 ιδδ
1123 2416 1343 2471 molitur
1369 2416 1459 2470 ⁸⁸⁵.
1492 2435 1511 2471 ι

587 2505 675 2560 l2.
704 2505 816 2560 llac
848 2506 1080 2575 denique
1106 2506 1319 2577 sagacis
1346 2506 1659 2577 conjectura
1692 2504 2101 2575 prmdivinatio-

518 2598 606 2653 nis
634 2613 788 2654 mens
808 2598 923 2655 veri
954 2598 1172 2654 conscia
1202 2598 1426 2654 minime
1455 2596 1785 2663 frustratur;
1818 2597 1912 2653 sed
1935 2607 1994 2652 ut
2019 2598 2104 2652 iu-

518 2689 932 2758 terpretacionis
975 2702 1214 2758 congrua
1248 2687 1316 2720 ¹⁵⁶
1355 2697 1660 2744 sonuerunt
1718 2688 1939 2755 indicia,
1972 2702 2102 2758 erga

509 2775 626 2845 jam
668 2781 886 2848 scripta:
934 2779 999 2817 ⁸⁸⁷
1044 2781 1472 2850 peremptionem
1514 2788 1813 2845 matronae,
1863 2780 2105 2849 clerique

521 2869 681 2937 longo
716 2867 1079 2938 adjacentium
1114 2869 1321 2923 ambitu
1362 2869 1638 2939 regionum
1683 2870 1737 2924 in
1769 2867 1888 2939 ejus
1927 2868 2107 2938 subje-

517 2959 960 3025 ctiouem,immo
982 2960 1326 3015 mitissimam
1357 2959 1662 3032 largitatem
1691 2975 1751 3015 se
1773 2968 2018 3032 prompte
2034 2960 2106 2993 ¹⁸⁶

515 3052 864 3107 concedentis
898 3051 966 3083 ¹⁸⁹
994 3050 1228 3107 ferocem
1259 3052 1650 3123 expulsionem,
1687 3053 1880 3109 ordine
1921 3052 2105 3108 incor-

518 3152 680 3213 rupto
705 3159 810 3198 non
840 3143 1001 3214 longo
1027 3151 1150 3214 post
1180 3152 1374 3200 cuncta
1399 3142 1516 3213 jam
1547 3153 1765 3200 constat
1807 3142 1974 3199 fuisse
2001 3144 2103 3199 itu-

519 3234 693 3303 plcta.
717 3234 831 3301 Qua
851 3234 1183 3289 '“videlicet
1203 3236 1393 3305 gratia:
1417 3234 1717 3304 spiritualis
1745 3233 2101 3304 signiﬁcativa

509 3312 864 3395 ’przescieutia
891 3323 1106 3392 juvenis
1152 3324 1316 3380 electi
1350 3326 1667 3394 praecordiis
1703 3325 1968 3391 elucente,
2015 3340 2111 3396 pa-

529 3422 712 3468 tentes
740 3412 854 3484 (Ἠ)
884 3412 1049 3466 invidi
1089 3412 1378 3467 admodum
1418 3411 1908 3483 concussi,jugiter
1934 3413 2110 3482 ipsum

521 3503 727 3559 Christi
777 3502 1278 3559 cunstautissinmm
1323 3512 1620 3558 amatorem
1668 3518 1768 3574 per
1814 3504 2107 3559 satellitum

524 3596 758 3651 vicinius
800 3596 914 3651 suis
946 3593 1324 3663 adjunctorum
1357 3592 1601 3648 consiliis
1640 3592 1839 3648 furtiva
1872 3592 2106 3665 alloqttia

516 3696 952 3757 commoventes,
994 3700 1023 3738 a
1053 3684 1352 3755 proposito,
1385 3698 1493 3754 quo
1521 3683 1769 3740 devotius
1799 3684 2113 3740 coelestibus

522 3778 873 3850 capessendis
919 3776 1175 3832 insistere
1214 3775 1475 3840 decrevit,
1508 3775 1578 3830 ob
1618 3775 1972 3831 necessitates
2012 3790 2111 3845 pu-

524 3872 695 3926 blicas
719 3871 788 3925 ab
808 3884 875 3924 co
902 3867 1267 3940 providendas
1291 3866 1634 3937 aliquatenus
1664 3866 1897 3922 avellere
1926 3866 2109 3922 conati

525 3972 669 4017 sunt.
699 3961 817 4031 ipse
846 3969 1028 4016 autem
1059 3958 1295 4016 cmlestis
1319 3966 1611 4012 armatum:
1640 3955 1928 4012 roboratus
1970 3964 2111 4011 tuta-

530 4053 694 4115 tuiue,
731 4050 1041 4123 bujusmodi
1089 4049 1436 4104 familiarium
1465 4047 1531 4079 ¹⁶¹
1562 4047 1966 4118 suggestionutn
2001 4061 2112 4100 nae-

526 4144 634 4199 uiis
662 4158 847 4199 sacras
875 4141 1144 4198 interdum
1174 4156 1335 4196 aures
1360 4138 1539 4210 palam
1589 4136 1741 4206 regni
1785 4136 2113 4207 primatibus

527 4235 685 4304 quasi
734 4234 1086 4290 consentiens
1128 4232 1432 4302 applicabat
1467 4230 1557 4295 ⁸⁵⁸.
1590 4230 1776 4285 cordis
1808 4240 1993 4285 autem
2023 4228 2111 4283 in-

530 4332 683 4379 terna
712 4321 1147 4377 consideratione
1178 4334 1462 4374 assensum
1504 4319 1557 4372 in
1586 4317 1799 4372 actibus
1841 4317 2108 4388 denegat;

530 4413 658 4483 quia
686 4411 813 4465 licet.
845 4424 904 4465 se
927 4410 1082 4479 quasi
1113 4410 1340 4464 terroris
1371 4408 1595 4463 immani
1639 4407 1707 4439 ¹⁶³
1734 4409 1914 4477 specie
1943 4408 2110 4463 simu-

530 4502 696 4559 lasset
727 4501 1035 4565 cedentem,
1078 4498 1387 4570 templaque
1424 4498 1517 4553 Dei
1569 4497 1903 4569 aliquantum
1948 4497 2110 4553 solito

532 4595 714 4650 rarius
749 4595 850 4649 sub
890 4592 1123 4663 publicis
1178 4591 1536 4648 conventibus
1586 4589 2001 4661 frequentasset,
2031 4597 2113 4642 ta-

530 4703 653 4744 men
680 4688 824 4757 quod
854 4686 1051 4742 mentis
1081 4683 1448 4755 profunditate
1475 4682 1687 4748 dilexit,
1722 4696 1947 4753 operum
1971 4680 2111 4736 mira

530 4782 843 4837 constancia
902 4779 1301 4846 manifestavit;
1346 4779 1474 4849 quia
1523 4777 1837 4832 continuam
1886 4789 2108 4845 precum

532 4875 944 4943 divinarumque
964 4873 1273 4927 orationum
1298 4872 1696 4939 seriem,quam
1720 4881 1890 4937 parvo
1914 4864 2110 4920 inscri-

533 4974 678 5034 ptam
708 4963 944 5020 libeilnlo
973 4964 1281 5036 diligentius
1301 4962 1673 5032 occultiusque
1695 4960 1763 4992 '“
1784 4973 1967 5014 secum
1994 4972 2113 5013 ser-

2128 3187 2175 3251 C
2204 3186 2412 3243 viribus
2464 3187 2634 3242 tutavi

2199 585 2370 652 curis,
2399 587 2508 644 duo
2530 589 2693 645 iecies
2719 590 2801 647 vel
2828 590 2950 661 plus
2985 607 3072 657 eo,
3102 596 3350 662 quamvis
3378 595 3654 652 interdum
3683 601 3781 653 nisi

2200 680 2305 735 sub
2333 682 2629 738 secretiore
2684 684 2918 749 cubiculi
2956 687 3043 742 vel
3082 688 3116 756 ἱι
3132 689 3251 743 sius
3297 689 3525 745 thalami
3577 692 3784 749 silentio

2199 771 2392 825 orandi
2443 773 2596 828 locus
2623 776 2847 833 concedi
2889 793 2995 835 non
3026 790 3234 848 posset,
3286 782 3440 843 inter
3490 783 3667 846 noctis
3702 786 3785 841 vel

2201 861 2309 917 diei
2336 872 2522 920 certas
2560 866 2963 927 vicissitudines
2989 880 3143 927 casta
3177 873 3491 931 intentione
3519 874 3784 935 Christian

2172 949 2471 1009 -laudando
2498 955 2565 1009 ad
2598 956 2758 1013 linem
2787 973 2959 1031 usque
2984 961 3312 1033 perlegerat.

2276 1061 2367 1118 15.
2406 1063 2739 1122 Transcttrsa
2794 1068 2861 1101 “‘
2911 1069 3131 1126 interim
3160 1087 3433 1131 annorum
3472 1075 3786 1146 iuvenilium

2201 1159 2315 1207 tam
2360 1152 2502 1209 felici
2538 1164 2704 1212 aatate
2734 1159 2823 1221 ¹⁶’.
2850 1160 2905 1215 ἰιι
2930 1161 3107 1217 virilis
3141 1163 3311 1219 au’mi
3342 1144 3521 1221 robur
3540 1144 3655 1222 du}
3679 1166 3788 1236 ipse

2201 1244 2366 1299 altius
2396 1249 2791 1306 conscenderat
2816 1252 2910 1319 ³⁸⁸,
2955 1254 3331 1326 paulatimque
3370 1271 3609 1312 suorum
3656 1275 3787 1315 vana

2201 1336 2529 1390 sectantium
2578 1339 2809 1394 consilia
2867 1342 3104 1398 viriliter
3161 1345 3449 1409 abiciam,
3497 1360 3789 1420 eorumne

2200 1424 2568 1482 errabundam
2618 1442 2652 1482 a
2711 1444 2845 1486 vero
2905 1431 3268 1503 ignorantiam
3336 1449 3449 1492 non
3526 1439 3787 1494 modicum

2200 1517 2605 1583 abbominatns,
2655 1521 2744 1577 die
2770 1525 3018 1593 quadam
3070 1526 3417 1584 militum-et
3482 1529 3780 1586 amicorum

2201 1610 2456 1665 contione
2491 1612 2562 1658 ³9⁸
2605 1613 2663 1669 in
2712 1615 2781 1647 ’ὀ
2831 1614 3034 1685 palatio
3075 1616 3249 1682 facta,
3287 1618 3607 1689 bujusmodi
3644 1623 3789 1691 ipsos

2203 1700 2460 1759 ell‘amine
2517 1703 2911 1775 increpationis
2958 1708 3259 1779 alloquitur
3303 1728 3319 1765 :
3362 1730 3384 1764 ι
3436 1712 3486 1768 0
3532 1715 3696 1769 ιιιηὶεὲ
3736 1724 3791 1769 et

2210 1790 2402 1848 fideles
2430 1794 2637 1848 utinam
2667 1794 2903 1852 Christi!
2936 1798 3071 1855 Cum
3099 1815 3201 1873 ego
3229 1801 3455 1858 litterali
3481 1804 3787 1874 studiojam

2206 1888 2481 1954 quondam
2535 1898 2821 1957 parentum
2885 1904 3018 1945 cura
3062 1892 3341 1963 iniunctus
3394 1896 3467 1927 ω
3521 1896 3791 1951 doctrinas

2204 1981 2419 2035 avidius
2448 1981 2936 2046 hauserim.~inter
2973 1994 3170 2040 caetera
3214 1987 3613 2060 magistrorum
3656 1991 3786 2044 dicta

2206 2072 2477 2142 quoddam
2509 2074 2737 2143 apostoli
2766 2075 3028 2146 scriptum
3055 2076 3296 2141 addisco.
3321 2094 3435 2149 quo
3453 2082 3534 2135 ait
3559 2096 3574 2136 ε
3606 2100 3631 2130 ε
3663 2082 3787 2138 Cum

2207 2180 2231 2214 ι
2268 2178 2448 2219 essem
2475 2165 2754 2235 parvulus,
2786 2166 3047 2237 loquebar
3079 2176 3140 2223 ut
3184 2170 3468 2238 parvulus,
3518 2172 3789 2241 sepiebant

2208 2271 2232 2306 ι
2261 2264 2319 2309 ιιι
2339 2255 2621 2325 parvulus,
2645 2257 2951 2327 cogitabam
2980 2267 3041 2312 ut
3063 2260 3350 2329 parvulus;
3376 2262 3603 2330 quando
3617 2270 3788 2316 evitent

2211 2360 2231 2395 ι
2270 2343 2445 2400 factus
2463 2359 2584 2400 sum
2616 2347 2722 2411 vir,
2742 2347 3001 2402 evacuavi
3021 2362 3143 2417 qua
3168 2358 3329 2404 erant
3348 2350 3565 2418 parvuli
3597 2348 3653 2419 (I
3674 2347 3788 2405 Cor.

2211 2454 2231 2487 ι
2271 2451 2395 2501 χιιι,
2419 2437 2532 2508 ll).
2553 2456 2573 2490 ι
2602 2436 2715 2494 Hac
2738 2438 2938 2509 quippe
2963 2440 3257 2504 sententia,
3288 2440 3459 2497 modo
3486 2456 3577 2495 me
3621 2441 3787 2511 ipsum

2209 2527 2497 2595 intuendo,
2524 2531 2785 2600 quoniam
2841 2532 2910 2563 ⁸⁷³
2956 2530 3135 2602 primo
3157 2530 3270 2599 jam
3298 2532 3540 2588 adeunte
3558 2533 3786 2603 pueritia

2206 2635 2389 2676 rerum
2418 2626 2663 2678 omnium
2683 2623 2950 2680 factorem
2981 2624 3105 2679 vilis
3121 2622 3448 2694 egofactura
3462 2638 3789 2696 cognoscere

2205 2713 2432 2785 ejusque
2453 2717 2678 2773 servitio
2698 2730 2784 2773 me
2805 2716 3074 2787 implicari
3103 2718 3176 2754 ¹⁷³
3203 2718 3495 2772 ardentius
3512 2719 3786 2778 desidem.

2205 2808 2304 2862 sed
2332 2822 2468 2877 puer
2487 2824 2590 2881 ego
2610 2811 2664 2865 in
2689 2811 3055 2880 principatum
3081 2816 3262 2866 vestra
3294 2824 3536 2866 censura
3558 2809 3787 2883 patri:m

2206 2907 2426 2955 mortuo
2465 2915 2595 2957 natu
2645 2901 2907 2957 fratribus
2937 2902 3110 2970 major
3141 2901 3464 2967 succedens,
3493 2917 3593 2973 per
3614 2903 3784 2972 legunt

2206 2990 2361 3047 frena
2392 2995 2670 3051 moderata
2691 3004 2747 3052 et
2769 3010 2882 3051 rem
2907 2996 3178 3066 publieam
3203 2996 3314 3051 Deo
3338 3006 3713 3066 praestruente
3729 2995 3787 3026 ‘i’

2206 3087 2470 3156 disposui,
2497 3100 2552 3145 et
2577 3091 2813 3162 patriam
2838 3099 3029 3147 contra
3063 3088 3445 3145 infestantium
3476 3090 3674 3145 molem
3698 3101 3789 3159 pro

2680 3201 2699 3241 :
2738 3199 2835 3241 vos
2887 3194 3068 3241 autem
3099 3225 3115 3250 ,
3180 3183 3308 3254 quia
3364 3184 3627 3240 cordibus
3672 3192 3786 3250 erga

2215 3295 2485 3337 summam
2518 3280 2803 3336 veritatem
2834 3278 3222 3348 speculandam
3249 3277 3469 3332 desides
3496 3276 3709 3346 ﬁdeque
3729 3273 3788 3305 "'

2209 3371 2345 3427 mihi
2377 3371 2612 3428 manetis
2640 3371 2904 3441 dispares,
2935 3384 3099 3441 quam
3131 3369 3425 3440 plurimum
3469 3370 3527 3423 in
3558 3367 3790 3443 consiliis

2208 3473 2406 3519 vestra:
2438 3464 2784 3535 perversitatl
2830 3462 3188 3527 amabilibus,
3232 3462 3329 3517 sed
3366 3459 3690 3516 rectitudini
3730 3458 3787 3489 ¹”

2210 3556 2500 3611 admodum
2524 3553 3046 3621 dissitniiibus,satis
3067 3555 3199 3609 mihi
3223 3553 3521 3624 injuriosos
3536 3552 3790 3607 hactenus

2211 3647 2281 3680 ’"
2295 3645 2409 3716 jam
2441 3647 2509 3681 "’
2535 3647 2740 3718 patior;
2763 3662 2867 3718 qua
2889 3646 3246 3707 districtione,
3266 3645 3311 3699 si
3332 3645 3442 3699 vita
3472 3655 3793 3715 regnumque

2210 3738 2450 3795 manebit
2495 3739 2797 3804 incolume,
2850 3738 3081 3808 posthac
3118 3736 3402 3792 exsolutus
3454 3736 3688 3794 vacatio.
3742 3742 3792 3787 et

2206 3832 2361 3904 juxta
2390 3832 2654 3903 scriptum
2690 3831 3009 3887 retromissa
3041 3827 3110 3863 ¹⁸⁰
3146 3828 3433 3901 juventute
3464 3829 3554 3882 vir
3582 3827 3792 3881 ell'ectus

2212 3921 2300 3989 ίθί,
2342 3937 2463 3994 qua;
2509 3929 2637 3977 sunt
2681 3918 2888 3991 parvuli
2933 3919 3238 3984 evacuabo;
3291 3918 3553 3987 praecepti
3585 3916 3783 3971 actibus

2211 4013 2493 4079 dominici,
2524 4019 2722 4068 vestra:
2765 4009 2995 4067 ulterius
3043 4025 3149 4065 non
3180 4008 3485 4064 obaudiens
3520 4004 3789 4077 nequitize.

2212 4117 2447 4176 superna
2502 4103 2795 4158 roboratus
2853 4101 3141 4157 clementia
3197 4099 3468 4155 insistam.
3532 4096 3788 4164 Quocirra

2210 4203 2474 4251 vanescat
2510 4193 2902 4250 susurrationis
2930 4202 3126 4248 vestrae
3148 4190 3434 4247 adversum
3469 4205 3560 4245 me
3590 4187 3792 4255 conspi-

2210 4290 2387 4354 ratio;
2421 4294 2640 4344 cesscnt
2681 4301 2823 4342 saeva
2851 4284 3082 4356 publicis
3108 4282 3468 4339 conventibus
3517 4280 3662 4334 inter
3702 4289 3793 4329 vos

2210 4379 2458 4437 consilia.
2486 4376 2645 4433 Pacis
2666 4391 2821 4432 amor
2850 4374 2994 4431 domi
3020 4370 3262 4444 forisque
3292 4374 3346 4428 in
3371 4385 3544 4442 regno
3570 4369 3789 4423 ferveat.

2212 4472 2449 4542 Negocia
2481 4468 2770 4541 cujuslibet
2804 4467 3056 4523 utilitatis
3088 4464 3333 4534 judicum
3364 4461 3655 4518 eversione
3691 4472 3792 4513 non

2217 4565 2546 4622 damnentur
2571 4564 2657 4620 i".
2688 4564 3110 4620 Parricidiorum
3137 4550 3365 4625 scelera,
3399 4561 3605 4631 quibus
3634 4555 3791 4627 pollui

2216 4656 2423 4722 soletis,
2464 4670 2493 4711 a
2547 4670 2820 4726 quoquam
2855 4656 2996 4711 ultra
3042 4670 3147 4709 non
3200 4660 3627 4723 prmsumautur.
3676 4647 3792 4701 llaec

2218 4746 2354 4818 legis
2379 4745 2787 4818 inquinamenta
2823 4745 2868 4801 si
2898 4744 3092 4800 summi
3124 4745 3266 4813 regis
3298 4750 3446 4797 metu
3473 4741 3545 4773 ¹¹³³
3574 4754 3677 4795 non
3702 4737 3790 4792 deo

2216 4842 2419 4906 seritis.
2469 4848 2655 4896 nostra
2696 4839 2773 4894 ira
2815 4839 2871 4893 in
2896 4835 3194 4894 scelerosus
3243 4835 3336 4889 Dei
3386 4833 3507 4888 zelo
3547 4843 3787 4887 accensa.

2218 4945 2614 5005 quemcumque
2660 4929 2964 5001 bujusmodi
3022 4942 3175 4984 reum
3227 4926 3406 4996 capite
3446 4921 3734 4978 truncabit.
3768 4935 3785 4968 ι

1772 5048 2007 5106 VARUE
2040 5043 2445 5106 LECTIONES.

605 5147 1168 5219 “‘interpretamenta
1201 5150 1251 5205 I-
1329 5148 1396 5182 “'
1427 5146 1798 5219 excessimtent
1827 5141 1961 5219 ἐἷο
1992 5140 2270 5219 ,ωέςεει
2305 5138 2456 5219 Le;
2510 5133 2853 5219 “fimi”?
2877 5127 3381 5219 διη¹ἲ³ῗέῖῗῖᾍ²ιι
3424 5128 3493 5219 ’.ζ’
3520 5121 3781 5219 ε’..ἱυξὲῖ

539 5217 607 5290 ‘_”
639 5220 753 5273 viso
784 5204 850 5273 1.’
912 5219 978 5251 ¹⁸¹
1007 5220 1187 5290 populi
1215 5220 1272 5273 2.
1350 5221 1419 5252 ⁸⁸⁸
1450 5219 1579 5273 cieri
1607 5233 1663 5290 ιι.
1692 5213 1885 5290 inclusi
1909 5211 1963 5265 2.
1992 5211 2079 5290 '5._
2126 5212 2197 5290 ’δέ
2218 5228 2272 5266 o.
2318 5224 2368 5263 c.
2422 5205 2478 5262 2.
2555 5205 2651 5290 ¹⁸δ¹
2671 5205 2750 5290 ire
2790 5204 2844 5290 2.

1760 5284 1826 5314 ¹⁸⁹
1849 5281 2229 5337 concredenlis
2277 5295 2413 5332 rorr.
2448 5274 2672 5331 conced.
2702 5276 2754 5328 1.

2117 5350 2185 5382 ’⁸⁸
2209 5346 2477 5406 Repositis
2504 5347 2554 5399 Ι.

538 5287 601 5359 2.
673 5290 740 5322 ¹⁸⁷
788 5286 1185 5359 scripturae].
1239 5290 1308 5323 "'
1345 5298 1573 5359 propter
1610 5286 1665 5339 2.

539 5358 610 5389 η’
651 5351 958 5406 ειηηιίιειιιέ.
992 5359 1046 5406 5.
1124 5358 1192 5391 ιη
1216 5351 1361 5406 ιιιιηῗ
1387 5351 1461 5406 1-’
1515 5355 1583 5388 ⁸⁸⁸
1605 5353 1955 5406 occultusuue
1985 5351 2037 5403 l.

2922 5201 2989 5234 ¹⁸⁵
3038 5200 3289 5255 molietur
3336 5199 3393 5251 2.
3439 5197 3494 5250 5.
3572 5194 3789 5247 “‘deat

2833 5272 2899 5304 ⁸⁸⁸
2926 5271 3064 5339 Quia
3113 5274 3163 5324 t.
3242 5269 3308 5299 ¹⁶¹
3366 5267 3695 5321 familiarum
3737 5263 3784 5314 l.

2635 5344 2704 5377 ¹⁵⁶
2739 5357 2861 5399 cum
2889 5351 3068 5395 autem
3092 5340 3268 5393 factus
3294 5348 3443 5392 esset
3466 5338 3568 5398 vir,
3596 5347 3787 5406 contu»
