3908 5426
193 325 287 384 953

1275 311 1428 372 VlTA
1473 310 1902 370 VENCEZLAVI
1947 309 2148 366 DUCIS
2180 310 2528 368 BO!‘EMIJE.

3336 314 3438 370 934

189 435 364 490 ρεηηο
404 434 470 475 ιιι
495 430 804 487 “calentis
834 429 1068 500 alloquio
1089 427 1368 497 iussionis,
1394 425 1616 483 nefasta:
1639 440 1759 495 par-
1790 431 1836 487 Α
1870 429 2225 486 structorum,
2255 420 2455 476 Christi
2485 436 2605 476 eam
2653 422 3033 494 victoriosique
3075 424 3290 481 athleta:
3323 430 3441 499 ejus

191 527 378 593 ticipes
435 522 826 590 conjuraciouis
879 520 1097 575 domum
1146 518 1325 587 pavidi
1372 519 1618 580 redeunt,
1673 529 1763 569 su-

188 617 346 686 perba
372 617 638 669 mentium
671 613 908 683 lastigia,
939 620 1164 681 accepto
1197 611 1338 666 sacri
1374 609 1526 665 ducis
1551 608 1760 678 potenti

187 712 392 780 vigore,
423 709 594 763 coacti
631 707 928 776 deponunt,
959 704 1250 772 solitasque
1279 717 1404 771 erga
1446 701 1597 755 mira:
1639 713 1764 754 san-

189 799 387 852 ctitatis
403 798 578 851 virum
603 796 847 862 insidias,
873 797 1117 864 quamvis
1147 794 1210 846 ad
1235 793 1506 847 modicum
1529 799 1760 860 tempus,

193 888 366 941 moliri
417 889 690 940 desinunt.
738 885 856 940 1am
889 894 1015 940 tunc
1054 886 1164 939 Deo
1193 891 1478 938 serenante
1525 881 1761 950 compri-

190 989 408 1032 muntur
445 978 780 1047 aliquantum
816 979 916 1032 sub
961 975 1078 1044 ejus
1105 991 1268 1031 manu
1297 975 1542 1029 barbara:
1566 971 1762 1027 motio-

195 1082 288 1122 nes
309 1061 417 1131 "‘3;
455 1079 684 1136 surgunt
711 1076 887 1121 autem
918 1067 1196 1121 catholicae
1219 1064 1494 1134 religionis
1523 1063 1643 1117 laeta
1673 1062 1758 1116 in-

189 1168 498 1221 crementa;
551 1158 804 1225 quoniam
859 1156 1042 1210 divino
1086 1154 1252 1208 cultui
1312 1152 1509 1221 templa
1558 1151 1760 1216 dicata,

188 1246 344 1315 paulo
374 1257 503 1300 ante
538 1246 834 1300 infidelium
867 1245 1110 1315 neglectu
1139 1244 1411 1307 cadentia,
1447 1240 1626 1297 stabili
1676 1255 1761 1295 re-

189 1341 468 1407 paratione
494 1338 808 1403 fundantur,
837 1339 1021 1394 clerici
1045 1340 1219 1410 patria
1246 1339 1509 1408 bonisque
1535 1335 1758 1408 privati,

192 1430 412 1500 benigna
459 1430 705 1500 largitate
744 1438 1098 1494 revocantur;
1147 1430 1438 1498 statimque
1487 1442 1594 1482 non
1642 1435 1760 1480 tan-

191 1534 296 1577 tum
336 1521 614 1584 restituta,
657 1535 846 1575 verum
877 1519 1050 1575 sancti
1093 1519 1196 1573 viri
1244 1518 1493 1590 plurimis
1532 1518 1758 1571 adaucta

194 1613 507 1670 muneribus
535 1613 833 1666 substantia
864 1610 1279 1680 locupletantur,
1309 1618 1366 1665 et
1391 1617 1502 1662 tota
1538 1622 1636 1677 per
1662 1609 1761 1661 has

191 1715 363 1774 partes
393 1704 488 1756 tali
513 1703 612 1757 sub
640 1702 882 1772 principe
903 1701 1042 1757 elata
1075 1699 1380 1770 congaudet
1401 1697 1642 1752 :ecclesia
1665 1696 1753 1751 η’.

1865 509 2007 564 beati
2043 507 2146 562 Viti
2186 509 2428 565 martiris
2457 509 2645 564 honori
2675 511 2980 567 dicandam.
3012 512 3120 568 Nec
3152 529 3323 579 mora,
3357 521 3441 571 in-

1867 609 1980 654 stat
2027 600 2256 670 impiger
2293 599 2447 662 facti.
2478 599 2692 656 fervens
2721 613 2903 658 autem
2950 609 3232 676 propositi,
3261 610 3441 664 missis

1862 690 2185 761 Ratespoua:
2232 691 2298 724 ¹⁹¹
2346 693 2461 747 sedi
2507 694 2668 761 regia:
2713 694 2988 766 legatariis
3019 699 3106 763 ⁸⁸³,
3175 699 3437 756 Tutonem

1861 781 2177 852 episc0pum
2209 783 2349 853 (25),
2386 785 2550 840 totius
2579 787 2862 854 probitatis
2895 790 3071 844 virum
3121 791 3277 859 cujus
3319 794 3440 847 dio-

1860 873 1970 925 cesi
2005 880 2115 926 tota
2167 874 2508 928 subcluditur
2555 876 2773 930 Boemia
2815 877 2900 941 ³³³,
2947 879 3171 948 supplici
3227 895 3438 952 rogatu,

1859 977 1968 1030 quo
2016 964 2155 1018 idem
2187 979 2323 1033 opus
2352 968 2462 1019 Deo
2489 969 2812 1022 sacrandum
2839 969 2955 1037 ejus
2984 970 3204 1028 licentia
3256 985 3312 1030 et
3353 991 3441 1030 as-

1862 1067 2025 1106 sensu
2058 1055 2230 1118 tieret,
2263 1055 2539 1123 implorat.

1934 1143 2021 1198 16.
2063 1145 2197 1200 Dato
2221 1145 2380 1214 juxta
2410 1147 2552 1202 beati
2583 1148 2737 1203 ducis
2774 1157 2896 1204 vota
2929 1150 2997 1205 ab
3027 1152 3280 1222 episcopo
3310 1168 3434 1224 per-

1861 1236 2055 1300 missu,
2090 1237 2444 1308 remissisque
2476 1244 2704 1295 caritate
2741 1242 2972 1306 nuntiis,
3000 1243 3240 1298 artiﬁces
3268 1246 3429 1300 celeri

1857 1323 2105 1393 jussione
2153 1338 2422 1383 convocat
2476 1347 2489 1383 :
2540 1328 2711 1384 fervet
2763 1345 2919 1401 Opus,
2956 1332 3110 1387 labor
3158 1333 3443 1403 impatiens

1857 1415 2099 1488 eﬂ‘ulget,
2149 1420 2400 1475 :ecclesia
2457 1422 2524 1475 ad
2580 1422 2804 1490 perfecti
2850 1434 3074 1480 ornatus
3131 1439 3436 1482 eXtremam

1861 1525 2078 1564 manum
2103 1513 2437 1582 perducitur,
2469 1515 2715 1584 miroque
2747 1516 3087 1571 metallorum
3114 1519 3322 1588 fulgore
3340 1521 3436 1574 de-

1822 1615 2046 1660 .corata
2097 1616 2414 1662 exornatur.
2458 1608 2712 1687 lnvitato‘
2723 1609 2837 1677 jam
2875 1613 3021 1666 dicto
3065 1616 3345 1685 episcOpo,
3383 1618 3435 1670 in

1855 1694 2122 1750 honorem
2147 1696 2214 1728 ¹⁹⁸
2231 1697 2404 1752 sancti
2428 1696 2537 1752 Viti
2557 1700 2798 1754 martiris
2812 1713 3168 1757 consecratur
3197 1705 3264 1746 ‘9'.
3289 1707 3433 1774 (26);

257 1797 336 1851 η,
367 1796 575 1850 Deinde
616 1796 818 1850 chrias
848 1795 1109 1848 νει-ιυιιηη
1140 1793 1256 1860 ejus
1295 1801 1620 1848 coruscame
1657 1807 1758 1862 per
1793 1778 1836 1836 Β
1867 1788 2170 1857 ibidemque
2224 1790 2455 1859 plurima
2518 1791 2938 1857 miraculorum,
2995 1796 3176 1849 divina
3234 1798 3435 1852 virtute

188 1889 365 1944 orbem
402 1888 635 1947 decore,
668 1887 744 1941 rei
789 1885 1017 1958 publica:
1046 1883 1330 1940 commoda
1360 1884 1576 1938 curioso
1605 1884 1756 1938 ducis

173 1981 395 2034 «alitus
419 1979 618 2032 armati
651 1978 912 2048 regimine
937 1977 1210 2032 studiosus
1230 1986 1496 2045 geruntur
1525 1975 1613 2030 ⁸⁸⁷.
1649 1976 1756 2030 Sed

191 2086 300 2140 qua!
333 2072 491 2140 prius
525 2084 773 2140 superna:
799 2069 1104 2125 dilectionis
1129 2070 1314 2141 vigore
1340 2069 1644 2140 peragenda
1676 2070 1758 2124 in-

190 2162 501 2225 stituuntur,
531 2160 773 2232 vigilanti
801 2161 1065 2231 principis
1095 2161 1369 2230 diligentia
1403 2169 1554 2215 tanto
1579 2162 1758 2214 minus

185 2250 554 2320 negleguntur,
590 2250 869 2320 quoniam,
910 2249 1036 2304 licet
1070 2249 1321 2319 palatium
1352 2250 1614 2319 frequens
1661 2267 1755 2306 co-

196 2341 354 2395 hortis
379 2341 527 2395 latus
567 2348 857 2410 utrumque
895 2341 1386 2409 circumstipaverit
1419 2341 1760 2396 tumultuatio

189 2431 356 2496 solita,
395 2441 583 2487 tamen
615 2434 856 2503 sagatius
885 2433 1132 2488 recolens
1160 2435 1410 2489 assiduus
1443 2449 1538 2503 pro
1566 2449 1625 2489 se
1660 2450 1756 2504 po-

197 2521 415 2590 puloque
465 2522 746 2578 incredulo
791 2531 1000 2587 orator,
1047 2523 1374 2594 inopumque
1415 2526 1755 2593 promptissi-

195 2626 309 2666 mus
345 2612 546 2678 fautor,
586 2613 852 2668 mmsticia
879 2629 1187 2684 pressorum
1219 2615 1480 2684 benignus
1507 2615 1756 2670 consola-

199 2709 293 2764 tor,
319 2711 515 2758 eventu
539 2703 823 2758 subitaneo
854 2715 1132 2773 raptorum
1158 2707 1491 2774 compatieus
1521 2707 1754 2775 adjutor,

197 2790 328 2843 nulla
374 2792 803 2861 interrumpente
842 2793 1181 2848 smcularium
1227 2808 1378 2848 mora
1421 2805 1755 2864 perseverat.

255 2881 339 2935 15.
375 2882 485 2936 Aut
523 2881 865 2939 fraudulenta
901 2884 1070 2939 hostis
1099 2884 1447 2954 impurissimi
1480 2886 1759 2940 machina-

195 2969 324 3024 tione
348 2971 658 3041 bujusmodi
687 2986 909 3042 operum
936 2973 1219 3028 affectibus
1255 2982 1396 3038 astu,
1421 2974 1464 3027 si
1497 2990 1753 3044 umquam

192 3063 393 3128 poterit,
441 3065 667 3132 antiquo
696 3066 1045 3134 perimendis,
1097 3066 1379 3120 minimum
1419 3069 1750 3133 retardante,

195 3149 350 3212 frater
373 3151 492 3220 ejus
518 3151 768 3206 Bolezlav
797 3153 863 3186 ¹⁸⁸
889 3162 1047 3209 aetate
1073 3156 1268 3218 minor,
1313 3160 1508 3213 mentis
1537 3175 1752 3230 perver-

197 3238 346 3294 sitate
397 3249 452 3293 et
507 3252 725 3295 actuum
778 3243 1037 3312 qualitate
1077 3248 1437 3313 execrandas,
1487 3251 1754 3306 diabolica

195 3336 329 3382 tactu
376 3330 671 3388 instinctus
698 3332 786 3396 m,
816 3332 1018 3388 furoris
1063 3337 1302 3405 nequitia
1353 3349 1541 3394 contra
1573 3342 1752 3396 virum

198 3418 279 3474 Dei
319 3425 603 3477 saevienter
640 3433 906 3487 armatus,
960 3427 1112 3495 regni
1163 3426 1403 3482 fraterna
1451 3446 1611 3484 manu
1667 3447 1753 3486 ra-

197 3511 356 3578 piendi
388 3515 634 3582 cupidus,
663 3529 783 3569 cum
809 3514 1018 3569 nefario
1042 3516 1414 3571 ministrorum
1444 3535 1578 3573 ausu
1612 3537 1756 3576 mor-

197 3603 317 3662 tales
339 3606 404 3638 "°
428 3608 578 3662 exitii
605 3608 832 3664 insidias
860 3608 962 3664 sibi
993 3610 1212 3664 tendere
1258 3627 1418 3681 quam
1459 3614 1749 3683 plurimum

194 3708 404 3753 conatus
451 3709 554 3754 est.
610 3698 714 3754 Sed
772 3701 1029 3756 divinitus
1074 3703 1544 3770 praedestinatione
1611 3723 1752 3772 rem,

193 3789 519 3854 postmodum
549 3798 727 3844 tamen
760 3788 1016 3855 futuram,
1052 3799 1164 3844 tum
1197 3791 1363 3848 fuisse
1387 3805 1592 3851 certum
1623 3814 1752 3852 con-

193 3884 290 3930 stat
326 3878 564 3933 dilatam.
613 3879 731 3936 Jam
762 3897 930 3950 parvo
977 3881 1334 3951 interjacente
1377 3895 1616 3958 tempore
1670 3908 1752 3946 vr

197 3963 294 4020 Deo
349 3984 509 4024 carus
553 3981 680 4024 voto
725 3971 949 4027 salutari
995 3976 1329 4043 propositum
1375 3979 1653 4049 obligavit,
1691 3999 1751 4038 se

195 4055 295 4112 Deo
327 4061 560 4118 donante
585 4063 885 4120 ecclesiam
908 4065 1074 4121 nobili
1099 4081 1320 4136 operum
1351 4069 1584 4126 artificio
1613 4088 1748 4128 cou-

1859 1878 2178 1933 mortalibus
2222 1879 2290 1911 ¹⁹⁶
2315 1887 2616 1950 gestorum,
2667 1881 2720 1936 in
2765 1898 3002 1951 praesens
3058 1901 3229 1956 usque
3284 1888 3434 1956 signa

1857 1979 2164 2022 coruscant.
2192 1967 2441 2024 Nondum
2482 1981 2660 2026 autem
2697 1971 2953 2028 sitibuudi
2997 1989 3126 2044 erga
3162 1977 3250 2031 Dei
3278 1976 3440 2044 jlhli-

1856 2056 1996 2110 ciam
2015 2059 2248 2126 pectoris
2274 2060 2561 2129 adimpleta
2586 2061 2975 2130 profunditate,
3007 2066 3090 2118 vir
3117 2068 3434 2121 meritorum

1857 2145 2310 2221 inaestimabilium
2327 2150 2530 2206 electus
2558 2151 2648 2206 Dei
2682 2151 3011 2210 Vencezlaus
3037 2160 3240 2212 terreni
3262 2159 3439 2214 fasces

1856 2237 2096 2303 honoris,
2132 2254 2266 2308 quos
2297 2255 2425 2295 casu
2470 2242 2622 2295 novit
2662 2241 2900 2312 fragiles,
2931 2246 3298 2315 depositurum
3325 2255 3438 2301 tra-

1859 2340 2120 2400 ternoque
2160 2331 2270 2400 juri
2336 2332 2670 2400 principatus
2716 2336 3084 2390 moderamina
3136 2349 3437 2406 spontaneo

1857 2417 2053 2472 alfectu
2087 2418 2361 2479 illaturum
2388 2422 2664 2490 cogitavit,
2703 2437 2912 2478 necnon
2941 2424 3127 2482 Romae
3156 2428 3432 2482 liminibus

1856 2509 2223 2576 apostolorum
2277 2511 2343 2543 ³⁸⁷
2390 2514 2656 2568 orationis
2705 2517 2878 2583 gratia
2940 2521 3291 2587 qureritandis
3336 2523 3438 2576 sub

1855 2603 2038 2655 dontui
2090 2603 2371 2671 apostolici
2421 2619 2576 2659 sacra
2622 2609 2949 2664 auctoritate
2993 2613 3344 2668 saecularibus
3375 2631 3436 2670 se

1861 2695 2291 2748 renuntiaturum
2346 2698 2772 2768 monachicoque
2832 2700 3022 2756 habitu
3077 2705 3434 2770 vestiendum,

1855 2799 2027 2854 eaque
2053 2791 2464 2845 conversatione
2507 2792 2630 2846 vita)
2669 2795 2978 2862 temporalis
3007 2805 3247 2850 extrema
3291 2799 3438 2853 visu-

1860 2898 2002 2946 rum,
2037 2884 2238 2939 interni
2270 2887 2482 2940 ardoris
2529 2887 2619 2940 siti
2650 2888 2946 2945 anhelavit.
2985 2891 3091 2944 Sed
3145 2891 3433 2962 largissimi

1855 2976 2279 3028 remuneratoris
2299 2977 2658 3044 providentia,
2681 2979 2851 3047 aequis
2871 2993 3087 3048 semper
3112 2983 3432 3035 meritorum

1855 3067 2448 3134 recompensationilius
2496 3083 2554 3122 se
2583 3069 2774 3138 dignos
2815 3069 3175 3136 glorificante,
3228 3072 3434 3142 majora

1860 3159 1984 3213 huic
2009 3160 2307 3214 caelestium
2336 3162 2573 3215 consorti
2604 3162 2669 3194 m
2718 3178 2936 3218 servare
2962 3165 3180 3233 dignata
3214 3176 3298 3218 est
3323 3180 3438 3219 cer-

1859 3249 2090 3314 tamina,
2125 3259 2184 3304 ut
2214 3261 2331 3320 post
2374 3252 2568 3306 horum
2599 3253 2805 3308 nobiles
2841 3254 3142 3324 tritnupbos
3173 3255 3438 3312 nobiliora

1856 3349 2037 3410 captet
2064 3349 2120 3395 et
2146 3343 2386 3410 praemia.

1926 3433 1994 3487 17
2025 3433 2112 3487 ¹”.
2155 3433 2419 3499 Quoniam
2448 3449 2646 3490 vesano
2673 3435 2918 3504 germani
2949 3435 3236 3491 Bolezlawi
3281 3438 3432 3507 regni

1859 3525 2128 3580 desiderio
2159 3526 2230 3556 ’°°
2261 3539 2477 3593 quoquo
2518 3527 2678 3579 modo
2727 3535 2909 3594 posset
2939 3526 3281 3595 acquirendi,
3338 3540 3437 3592 per

1859 3616 2204 3671 multimodas
2260 3615 2576 3668 insidiarum
2624 3617 2894 3670 versutias
2941 3617 2997 3669 in
3045 3626 3289 3669 sanctum
3339 3616 3434 3669 Dei

1856 3706 2265 3770 exardesceute,
2318 3705 2417 3757 iter
2441 3704 2509 3734 ¹⁰¹
2555 3705 2742 3759 Itonia:
2793 3705 3118 3759 tendendum
3159 3705 3436 3773 intercipi-

1860 3805 1966 3860 tur,
2000 3795 2241 3868 profana
2267 3795 2444 3866 gentis
2485 3795 2750 3849 cotidiana
2783 3796 2854 3827 ’θ’
2893 3794 3230 3864 conspiracio
3262 3795 3434 3848 domi-

1856 3890 2103 3945 ciliorum
2134 3889 2372 3944 latibulis
2397 3889 2596 3944 furtive
2623 3890 2900 3950 densatur,
2933 3887 3208 3955 ipsiusque
3244 3886 3433 3940 fratris

1857 3982 2056 4035 invidia
2091 3981 2162 4012 ¹⁰³
2191 3981 2364 4049 magis
2408 3983 2712 4050 magisque,
2753 3977 2968 4032 diabolo
3003 3974 3245 4030 fomitem
3300 3990 3434 4044 prte-

1859 4076 2038 4138 bente,
2067 4073 2402 4129 accenditur.
2451 4071 2801 4142 Nequaquam
2846 4078 3026 4124 tanien
3057 4066 3296 4122 omnium
3331 4081 3432 4121 s1:-

1445 4220 1675 4281 VARI/13
1712 4201 2113 4286 LECTIONES.

255 4327 319 4358 ’³⁵
355 4328 486 4382 ἰηίιο
533 4326 585 4380 1.
633 4325 696 4381 F.
732 4327 916 4397 itaque
958 4328 1014 4383 2.
1042 4329 1099 4384 3.
1178 4330 1245 4363 ⁸⁸⁸
1271 4333 1516 4389 nationes
1540 4353 1676 4391 corr.
1722 4341 1988 4396 motiones
2013 4343 2064 4395 1.

2144 4341 2210 4374 ³⁸⁸
2237 4341 2293 4396 ln
2326 4351 2566 4410 tempore
2597 4349 2778 4396 autem
2817 4340 2910 4395 illo
2936 4338 3087 4392 multi
3121 4338 3431 4393 sacerdotes

195 4395 255 4479 de
283 4399 557 4479 provincia
588 4395 1064 4479 Bauuariornmft
1111 4400 1177 4479 d_e
1209 4400 1452 4479 _Sueuia,
1481 4406 1759 4462 audientes
1791 4395 1990 4466 famam
2034 4413 2099 4466 de
2128 4427 2212 4475 eo,
2240 4395 2583 4466 confluebant
2609 4395 2728 4464 cum
2758 4411 2999 4479 reliquiis
3035 4419 3344 4463 sanctorum
3374 4419 3448 4462 et.

194 4465 333 4545 libris
360 4469 426 4522 ad
457 4469 827 4547 eumuquibus
857 4469 1107 4523 omnibus
1139 4471 1386 4550 habunde
1417 4465 1604 4550 aurum
1630 4488 1683 4530 et
1709 4491 2012 4546 argentum,
2036 4465 2282 4535 crusinas
2313 4491 2365 4534 et
2409 4465 2678 4550 mancipia
2718 4465 2891 4549 atque.
2930 4480 3250 4550 uestimenta
3292 4479 3430 4530 hila~

194 4536 317 4589 riter
363 4536 838 4620 prontun‘icuiq‘ue
865 4554 999 4608 opus
1023 4549 1142 4620 erat
1177 4543 1472 4620 prest-abat.
1499 4536 1821 4620 Hiiquoqti'e
1849 4536 2037 4620 omnes
2061 4552 2302 4620 magistri
2333 4536 2670 4604 mirabantur
2694 4551 2747 4603 in
2770 4536 3015 4620 doctrina
3041 4549 3177 4617 ejus.
3205 4546 3426 4620 Poterat

195 4619 414 4685 nfunque
459 4608 700 4689 imitator
749 4609 865 4661 fore
925 4608 1214 4689 psalmistaa
1247 4611 1334 4678 qui
1363 4613 1427 4689 _in
1465 4608 1656 4680 Spiritu
1687 4608 1823 4671 dixit
1855 4636 1868 4672 :
1901 4619 2076 4689 Super
2105 4608 2293 4675 omnes
2321 4630 2570 4688 potentes
2601 4633 2684 4671 me
2729 4619 2987 4689 intellexi,
3019 4608 3144 4689 quia
3181 4616 3430 4689 testimo.

195 4675 273 4726 nia
302 4675 385 4730 tua
430 4677 716 4757 meditacio
743 4693 859 4730 mea
887 4687 988 4760 est.
1023 4677 1077 4731 lu
1107 4675 1277 4760 cujus
1305 4681 1466 4734 etiam
1498 4675 1677 4737 mente
1725 4689 1833 4741 sola
1863 4675 2120 4760 prec'iosze
2171 4675 2476 4760 margarita:
2506 4690 2724 4760 claritas
2751 4675 3226 4760 fulgebat,_cuique
3252 4685 3425 4738 domi-

195 4758 288 4798 nus
317 4755 520 4800 tantam
562 4747 800 4825 graciam
832 4748 1353 4825 conferredignatus
1389 4760 1492 4825 est,
1546 4763 1605 4825 ut
1665 4766 1717 4808 et
1766 4747 1950 4824 preliis
2011 4761 2186 4813 victor
2245 4747 2522 4813 efisteret.
2578 4757 2738 4811 Uultu
2781 4747 2957 4811 amem
2996 4756 3099 4810 fuit
3138 4747 3424 4825 procerus,

195 4826 404 4893 corpore
457 4816 676 4893 castus,
723 4816 793 4868 ita
866 4827 943 4893 nt_
975 4816 1185 4893 celi-hs“
1215 4819 1399 4893 libenti
1469 4823 1652 4877 animo
1711 4816 1923 4893 optaret
1975 4830 2140 4883 uitam
2202 4829 2378 4882 ﬁnire.
2435 4828 2694 4880 Blandum
2747 4827 2980 4880 habebat
3033 4816 3160 4880 cuni
3208 4825 3428 4878 mitibus

195 4881 837 4964 t'ﬁ’tlﬁilfmgfquosﬁauten}
869 4887 1072 4940 sciebat
1101 4887 1317 4964 inmites
1337 4899 1676 4964 etAuagantes
1696 4881 1814 4949 sine
1843 4881 2177 4962 causa,toto
2202 4881 2381 4952 animo
2411 4899 2635 4952 uitabat.
2671 4898 2816 4948 addit
2844 4896 2914 4949 Μ.
2989 4897 3054 4929 ³⁸⁷
3084 4904 3345 4964 reguntur
3371 4895 3427 4948 3.

197 4949 258 5036 ξξξ
287 4949 577 5036 ξΒυΙυῑΙὶῖυε
626 4956 681 5009 2.
712 5021 723 5036 .
761 4955 828 5036 “_”
877 4966 1054 5036 tactus
1097 4958 1354 5036 instinctu
1380 4959 1449 5036 2.Δ
1487 4949 1580 4992 Vm
1611 4949 1867 5036 nuntiatis?
1901 4949 2109 5024 2:
2134 4949 2588 5036 agilitatis—pontu
2623 4970 2765 5021 sedis
2793 4969 2848 5020 2.
2908 4969 2963 5022 5.
3007 4949 3310 5036 radaspone
3356 4964 3425 5018 M.

199 5017 258 5105 ἴθ’
285 5023 550 5105 legatur-us
573 5021 744 5094 suppl.
778 5026 802 5079 1
912 5025 978 5056 ²⁹³
999 5042 1047 5080 c.
1070 5027 1130 5105 _d.
1167 5036 1208 5080 t.
1241 5042 1288 5080 s.
1319 5027 1384 5105 b._
1415 5032 1598 5105 desunt
1626 5033 1682 5105 2.
1708 5033 1761 5086 5.
1798 5017 1805 5018 ί
1834 5017 2179 5094 hilarabere
2221 5017 2848 5105 2.31"”ui'tspiééepxis
2899 5017 3279 5105 atitemvilftittts
3327 5017 3430 5085 ex;

196 5095 368 5164 pandit
394 5110 580 5164 manus
606 5108 754 5164 suas,
797 5111 919 5149 cum
945 5097 1239 5164 gratiarum
1274 5099 1495 5154 accione
1521 5103 1587 5153 ad
1624 5104 1901 5160 dominum
1931 5125 2100 5164 ovans
2130 5120 2184 5162 et
2212 5111 2434 5163 dicens:
2469 5106 2542 5160 Ite
2582 5095 2799 5161 uarraie
2826 5107 2936 5161 filio
2982 5120 3102 5158 meo
3135 5102 3430 5157 UUenzez-

199 5158 346 5250 ⁵³¹¹ξ¹ο
383 5163 620 5250 ἀίεθιξιθε
650 5181 672 5244 ε,
704 5161 823 5244 13!!!
848 5158 1072 5247 ecclesia
1106 5176 1210 5246 tua.
1229 5177 1440 5250 constat
1465 5181 1589 5250 ante
1619 5158 1905 5250 Dominum
1937 5158 2110 5236 béiiih
2136 5158 2534 5233 uenustissime
2554 5158 3178 5250 _constri_icta.'Cuiuque
3211 5186 3434 5250 narras-

197 5238 306 5307 seut
339 5235 628 5310 secundum
656 5233 964 5310 iussionem
979 5235 1238 5310 episc0pi,
1269 5237 1424 5309 ualde
1453 5242 1670 5308 gauisus
1697 5241 1799 5296 fuit
1829 5258 1886 5300 et
1921 5233 2238 5305 continentis
2269 5251 2518 5304 omnibus
2553 5247 2661 5300 Deo
2689 5246 2988 5310 opitulante
3011 5233 3122 5310 ipse
3161 5240 3434 5308 incipiens
