3972 5428
481 309 590 366 955
1581 290 1932 352 GUMPOLDI
1961 288 2264 348 EPISCOPI
2304 289 2665 351 MANTUANl
3653 281 3751 349 536

485 421 618 475 vitia
661 418 716 474 in
749 412 1076 472 sanctissimi
1102 410 1205 466 viri
1235 408 1504 469 occultam
1531 421 1722 464 necem
1765 404 2070 475 conjurato-
2096 409 2143 464 Α
2177 415 2296 454 rum
2320 409 2624 457 nostrarum
2655 409 2878 472 paratus
2899 408 3184 472 susceptor
3205 400 3561 471 clemensque
3587 402 3643 457 in
3663 418 3750 473 pa-

486 511 854 569 rumbeatam
881 505 1044 560 futuri
1068 504 1209 559 diem
1241 499 1470 570 trophazi
1499 506 1626 554 ante
1649 497 1742 552 Dei
1775 495 2072 566 prmsigna-
2179 493 2342 547 radisi
2390 493 2692 564 voluptates
2733 494 2987 564 dignetur
3018 493 3134 548 fieri
3174 494 3486 558 subvector,
3515 495 3751 550 cordium

487 604 693 657 tionem
734 596 1043 653 accelerare
1081 593 1389 648 valuerunt.
1427 591 1622 646 Frater
1646 597 1824 644 autem
1851 585 2073 642 sceleris
2176 583 2302 639 imis
2329 587 2640 654 precemur!
2683 604 2702 637 ι
2740 585 3048 656 Statimque
3069 593 3190 654 post
3210 586 3433 641 verbum
3471 585 3628 640 latus
3648 587 3753 640 cbi-

488 693 546 747 in
583 706 708 747 eum
755 688 934 744 luendi
976 686 1110 741 satis
1151 683 1458 754 impatiens,
1505 691 1719 736 ceteras
1769 678 1988 733 fraudes
2017 678 2070 732 iu
2177 674 2277 740 hit,
2301 675 2614 745 singillatim
2645 677 2716 708 ³⁸⁸
2745 676 3002 732 omnibus
3045 680 3240 733 eodem
3287 691 3476 732 amore
3520 678 3753 749 singulos

486 784 609 854 ejus
634 782 833 838 caedem
855 794 975 836 rnon
1005 777 1206 833 debere
1253 775 1428 831 visum
1452 782 1536 828 est
1565 772 1767 828 diutius
1812 783 2074 842 prosecu-
2177 766 2415 836 Scyphos
2443 767 2512 798 "°
2539 767 2838 824 ehibcndos
2879 768 3233 824 blandissima
3261 767 3522 839 propinat
3549 769 3753 823 osculo.

494 885 678 929 turum
705 872 801 937 "9,
843 885 1030 925 verum
1065 882 1230 922 unam
1266 866 1387 920 aliis
1415 864 1680 935 aptiorem
1715 860 1868 916 nefas
1893 859 2075 928 potius
2179 857 2484 927 intrepidus
2511 870 2714 924 autem,
2745 861 2976 929 sumptis
3006 871 3115 915 tam
3165 862 3393 916 honeste
3433 861 3631 930 epulis,
3683 863 3752 914 uti

493 963 761 1020 maturari
805 975 836 1014 a
887 964 947 1016 se
976 959 1048 990 '°'
1088 955 1299 1012 cautius
1342 954 1620 1008 inventam
1670 949 1891 1021 delegit.
1938 946 2076 1002 Nam
2179 948 2538 1018 divinojussu
2575 965 2664 1004 res
2691 949 2960 1013 diﬂ‘ertur,
2995 952 3217 1006 domum
3272 951 3495 1007 inlaesus
3552 952 3752 1008 revisit.

493 1065 816 1115 cunctorum
842 1053 1009 1107 armis
1037 1051 1266 1105 vestium
1294 1055 1646 1102 contractura
1689 1043 1875 1098 dolose
1903 1041 2078 1095 laten-
2251 1041 2340 1098 19.
2381 1040 2566 1096 Noctis
2592 1050 2772 1096 autem
2819 1045 3101 1113 sequentis
3131 1043 3201 1074 ²²¹
3244 1057 3430 1108 cursu;
3459 1045 3754 1098 orationum

497 1149 667 1210 tibus,
705 1144 1069 1212 simulataque
1095 1156 1250 1211 pace,
1279 1155 1433 1194 amor
1468 1138 1568 1192 sub
1609 1135 1855 1190 fraterno
1883 1133 2077 1189 obtutu
2179 1149 2246 1190 ac
2265 1135 2680 1191 elemosinarum
2705 1138 3074 1192 curiosissima
3103 1138 3175 1168 ’⁸⁸
3193 1138 3466 1194 desudans
3486 1140 3754 1204 instantia,

498 1239 654 1308 quasi
683 1253 844 1292 verus
882 1235 1124 1305 fingitur,
1179 1233 1272 1302 qui
1330 1231 1502 1300 magis
1552 1227 1779 1284 nocendi
1821 1225 2080 1283 facultate
2181 1225 2350 1281 futuri
2372 1224 2444 1258 “'
2472 1227 2745 1293 conscius,
2787 1229 2980 1284 mortis
3008 1244 3106 1298 pro
3135 1228 3354 1284 Christo
3389 1229 3517 1297 jura
3546 1231 3656 1299 pati
3677 1231 3761 1284 de-

499 1329 790 1400 quaerenda
818 1335 1157 1382 monstratur
1176 1324 1267 1377 ³⁰⁶.
2181 1326 2340 1372 votus
2387 1319 2743 1388 pernoctavit.
2787 1317 3067 1376 Redeuute
3109 1328 3291 1375 autem
3338 1328 3462 1390 post
3505 1321 3758 1388 gallicinia

577 1421 661 1477 18.
701 1421 812 1475 Sub
857 1419 1139 1487 cujusdam
1175 1430 1332 1470 .svero
1391 1411 1597 1469 festiva
1648 1411 1755 1468 diei
1804 1410 2080 1467 exultabili
2186 1411 2522 1468 matutinalis
2546 1413 2693 1467 hora:
2712 1411 2905 1478 ofﬁcio,
2933 1413 3086 1483 pulso
3114 1413 3414 1484 signaculo,
3445 1418 3556 1470 non
3594 1415 3760 1487 segnis

498 1522 622 1567 ortu
653 1512 835 1566 infelix
857 1511 943 1566 ille
964 1509 1172 1563 fraudis
1193 1508 1400 1563 amicus
1421 1507 1638 1561 domum
1663 1505 1935 1575 propriam
1967 1503 2082 1576 (27)
2185 1508 2366 1572 thoro,
2397 1516 2457 1561 ut
2495 1504 2610 1575 jam
2635 1510 2740 1560 'est
2766 1506 2974 1570 solitus,
3005 1507 3311 1576 prosiliens,
3360 1508 3764 1577 mcclesiamque

499 1605 646 1660 onmi
669 1612 1112 1659 ornamentorum
1141 1601 1321 1668 copia,
1350 1615 1472 1669 qua:
1501 1598 1627 1652 huic
1653 1597 1798 1668 genti
1823 1611 2082 1666 umquam
2185 1599 2527 1668 properando
2559 1597 2854 1667 ingressus,
2886 1606 3104 1651 cantum
3143 1597 3522 1652 nocturnalem
3565 1598 3763 1652 laudes-

497 1699 672 1756 moris
715 1705 874 1753 erant
909 1694 1273 1757 habendam,
1303 1707 1466 1762 quam
1526 1690 1770 1746 studiose
1824 1688 2083 1759 fulgidam
2121 1756 2157 1762 _
2192 1704 2299 1760 que
2340 1687 2680 1744 matutinales
2732 1689 2974 1744 modesta
3027 1689 3300 1744 intentans
3349 1688 3763 1752 auscultac'onc,

495 1792 661 1856 fecit;
695 1789 1005 1844 convivium
1037 1787 1157 1858 plus
1198 1786 1356 1840 solito
1384 1781 1687 1855 parandum
1717 1782 1984 1837 ministris
2010 1780 2091 1835 iu-
2120 1756 2167 1818 Β
2197 1790 2316 1850 post
2342 1777 2602 1846 plurimas
2643 1780 2928 1834 oracioncs
2943 1779 3168 1833 domum
3202 1779 3361 1834 lassis
3390 1781 3656 1834 mcmhris
3682 1781 3766 1833 ali-

502 1883 669 1948 dixit;
718 1882 922 1936 amicos
951 1881 1052 1935 sub
1085 1877 1388 1949 hylaritatis
1441 1875 1622 1946 specie
1673 1875 1954 1939 invitavit;
2013 1873 2096 1943 ip-
2196 1886 2458 1942 quantum
2503 1886 2694 1927 somno
2721 1871 2806 1904 ²⁸δι
2839 1871 3144 1927 reficiendis
3189 1872 3498 1927 divertitur.
3539 1871 3768 1926 Ruhente

506 1973 727 2042 siusque
773 1971 1034 2041 principis
1087 1969 1315 2039 supplex
1364 1967 1435 1999 ⁸⁸⁸
1484 1967 1760 2036 ingressus
1813 1963 2090 2036 palatium,
2193 1962 2396 2034 jam’“I
2424 1961 2654 2032 primum
2685 1962 3214 2026 aurora,execrahili
3243 1963 3508 2019 memmia
3541 1963 3769 2018 scriben-

501 2063 770 2120 conviviis
794 2076 916 2117 eum
948 2061 1212 2115 interesse
1242 2056 1500 2112 fraternis
1521 2056 1698 2126 primo
1721 2051 1962 2123 omnium
1985 2069 2095 2124 quo
2197 2055 2300 2111 dus
2328 2052 2606 2109 Bolezlaus
2630 2052 2700 2084 ’³⁸
2722 2052 2821 2107 viri
2852 2053 3026 2108 sancti
3057 2069 3368 2123 germanus,
3398 2056 3761 2125 perversitatis

512 2158 832 2228 dignaretur
855 2154 1185 2223 corrogavit.
1216 2150 1382 2220 Cujus
1425 2149 1825 2205 mansuetudini
1849 2149 2100 2219 quamvis
2200 2154 2406 2206 auctor,
2439 2159 2559 2213 qua:
2587 2143 2736 2213 prius
2757 2159 2906 2197 arma
2930 2152 3119 2198 contra
3153 2145 3501 2200 innocentem
3559 2144 3769 2199 latenter

511 2246 662 2302 falsae
682 2245 1012 2316 Deodignns
1037 2242 1464 2298 Vencezlausm
1487 2241 2097 2311 multumeongaudens,
2201 2235 2555 2293 commoverit
2581 2235 2650 2266 ³⁸⁷
2709 2250 2814 2288 non
2869 2235 3159 2300 inmemor,
3224 2250 3388 2304 specu
3445 2251 3561 2305 quo
3612 2236 3769 2300 latuit,

513 2347 678 2407 atque
721 2336 987 2391 consertis
1030 2335 1266 2388 invicem
1307 2332 1584 2398 manibus,
1620 2333 1838 2388 domum
1871 2333 1942 2363 ²¹⁰
1972 2347 2102 2401 gau-
2203 2343 2354 2385 more
2376 2329 2578 2399 lupino,
2613 2342 2738 2383 cum
2789 2342 2858 2382 ex
2901 2328 3129 2382 adverso
3159 2342 3356 2399 agnum
3395 2328 3603 2385 furtive
3649 2330 3772 2386 lace-

519 2431 613 2484 dio
660 2430 958 2482 introeunt.
1016 2425 1202 2495 Epulis
1251 2425 1612 2480 discumbunt.
1683 2422 1926 2492 Vinoque
1982 2431 2104 2494 post
2205 2420 2431 2475 rmidum
2489 2417 2666 2481 irruit,
2719 2418 2992 2488 ipse-cum
3025 2417 3230 2486 aliquot
3279 2419 3611 2488 sequacibus
3662 2420 3772 2474 huic

521 2518 743 2587 longum
776 2515 1027 2585 quisdam
1059 2515 1126 2546 '“
1155 2514 1418 2568 feracium
1447 2512 1797 2568 convivarum
1821 2513 2101 2578 saturatis,
2205 2512 2395 2568 sceleri
2419 2511 2762 2581 comparibus
2781 2509 3068 2565 furibunde
3089 2525 3428 2580 progressus,
3453 2520 3512 2564 ct
3537 2525 3774 2566 mucrone

524 2607 679 2661 fraus
709 2605 935 2661 conﬂata
959 2605 1050 2658 diu
1101 2604 1268 2659 latere
1293 2605 1565 2667 nesciens,
1611 2618 1706 2658 eos
1735 2602 1889 2671 quasi
1913 2603 2107 2656 unaui-
2207 2603 2537 2666 succinctus,
2589 2603 2707 2657 viro
2751 2601 2980 2672 simplici
3013 2603 3188 2657 media
3233 2603 3316 2657 via
3349 2602 3548 2658 obvius
3578 2602 3772 2656 restitit.

528 2696 688 2750 miter
730 2696 783 2749 in
809 2695 982 2750 sancti
1018 2696 1118 2750 viri
1169 2709 1358 2749 necem
1401 2694 1668 2750 accendit.
1702 2691 1803 2760 Qui
1845 2692 2104 2757 malivoli,
2209 2696 2380 2762 Quem
2411 2704 2632 2750 sanctus
2661 2694 2774 2765 ipse
2796 2693 3078 2749 mitissima
3112 2695 3254 2751 inter
3277 2695 3572 2752 salutando
3598 2695 3666 2727 ’³⁸
3691 2694 3772 2747 be-

499 2786 877 2841 .mucronibus
905 2796 1051 2840 veste
1091 2786 1203 2855 jam
1247 2785 1422 2848 tectis,
1469 2795 1551 2840 ter
1578 2793 1884 2855 surgentes,
1917 2792 2108 2853 terque
2207 2786 2471 2854 nign€tate
2492 2785 2563 2816 “9
2590 2786 2663 2839 ita
2693 2784 2764 2815 ⁸³⁸
2787 2783 3120 2853 alloquitur:
3152 2803 3171 2836 ι
3197 2787 3332 2852 Ave,
3358 2786 3536 2841 frater
3565 2786 3769 2841 dilecte!

529 2877 725 2930 iterum
750 2877 901 2945 quasi
934 2875 1333 2944 quodammodo
1355 2874 1480 2929 lassi
1506 2874 1728 2929 sedibus
1751 2889 1808 2928 se
1839 2873 2108 2928 iuclinau-
2209 2886 2390 2946 grates
2435 2876 2716 2930 immensae
2753 2874 3026 2930 dilectioni
3062 2887 3164 2930 tuae
3199 2891 3229 2930 a
3259 2876 3416 2932 nobis
3447 2878 3562 2932 sint
3591 2879 3772 2942 relatae,

533 2978 615 3023 trs
641 2970 734 3031 m,
761 2970 970 3025 viribus
993 2968 1171 3023 saltim
1201 2967 1272 2999 ²¹³
1295 2977 1350 3022 et
1373 2967 1590 3021 audatia
1611 2966 1833 3022 omnino
1859 2965 2108 3031 emolliti,
2212 2969 2338 3035 quia
2365 2967 2662 3022 honorifice
2700 2967 2960 3037 disposito
2989 2967 3054 2999 ⁸³³
3103 2969 3218 3023 heri
3249 2970 3504 3025 convivio
3531 2970 3668 3026 bene
3693 2986 3772 3025 no-

529 3077 598 3114 eu
625 3062 767 3129 quod
819 3061 1059 3114 nondum
1109 3060 1368 3114 divinitus
1387 3061 1536 3129 jussa
1587 3059 1796 3113 venerit
1839 3060 2108 3128 passionis
2135 3100 2180 3161 Ο
2213 3059 2298 3112 his
2339 3068 2396 3112 et
2443 3058 2576 3110 satis
2599 3057 2835 3127 jucunde
2857 3057 2930 3090 ³³³
2957 3058 3295 3114 ministrasti.
3321 3080 3340 3111 ι
3376 3061 3512 3116 Tam
3552 3061 3626 3094 ³⁸³
3649 3062 3773 3116 dulci

532 3151 692 3214 hora,
728 3150 973 3205 inlaesum
1003 3167 1126 3206 eum
1156 3152 1496 3206 dimiserunt.
1543 3151 1712 3219 Hujus
1748 3154 1823 3206 rei
1855 3152 1968 3220 ipse
2014 3161 2109 3204 aut
2139 3149 2180 3161 ν
2213 3150 2478 3221 pessimus
2527 3149 2614 3203 ille
2665 3165 2770 3203 non
2803 3153 3136 3220 respondens
3179 3151 3518 3219 allocutioni,
3572 3155 3663 3209 sed
3695 3169 3774 3208 ex-

528 3241 752 3300 inscius,
780 3241 1018 3310 periculo
1042 3257 1147 3295 non
1176 3243 1424 3311 pavidus,
1449 3243 1614 3296 divini
1651 3243 1930 3298 tutaminis
1955 3259 2109 3299 secu-
2213 3251 2388 3297 tracto
2415 3242 2584 3297 cicius
2604 3255 2752 3306 ense,
2779 3241 2832 3295 in
2856 3242 3029 3296 sancti
3060 3243 3254 3313 capitis
3280 3244 3568 3309 verticem,
3597 3254 3653 3299 ut
3684 3245 3776 3300 for-

529 3332 693 3386 ritate
735 3332 1026 3398 animatus,
1053 3333 1303 3400 quamvis
1339 3333 1617 3401 cujusdam
1649 3334 1889 3389 clientuli
1942 3335 1996 3390 in
2043 3336 2114 3369 ²¹⁸
2215 3332 2320 3387 tius
2344 3333 2508 3396 valet,
2540 3332 2867 3402 percutiens,
2899 3333 2976 3388 ait
3013 3347 3028 3386 :
3071 3353 3089 3384 ι
3131 3333 3320 3390 Melius
3345 3335 3506 3390 hodie
3536 3336 3632 3391 tibi
3658 3351 3777 3405 prm-

534 3437 719 3479 aurem
744 3425 1078 3479 susurrantis
1103 3424 1332 3491 cautela,
1352 3427 1621 3496 quomodo
1643 3436 1832 3482 contra
1849 3443 1971 3483 eum
1998 3445 2114 3484 mo-
2212 3437 2478 3493 paravero
2499 3421 2570 3455 ’³⁸
2596 3425 2933 3478 convivium!
2971 3444 2990 3478 ι
3027 3425 3134 3480 Sed
3157 3426 3227 3458 “’
3249 3426 3396 3481 ferro
3440 3428 3712 3483 resiliente
3732 3435 3779 3482 et

501 3514 609 3568 -liti
643 3513 862 3579 fuerint,
881 3523 1314 3586 pmstrucretur,
1331 3516 1458 3570 sede
1485 3517 1555 3547 ²¹⁵
1581 3526 1756 3571 tamen
1778 3533 1884 3572 non
1910 3529 2110 3584 motus,
2215 3531 2315 3569 nec
2336 3514 2574 3568 vulneris
2599 3515 2810 3569 tandem
2832 3516 3042 3586 sigmnn
3059 3526 3352 3572 annutante
3371 3519 3466 3582 ⁸³⁸,
3491 3520 3779 3590 geminatur

529 3607 774 3671 fratrem,
803 3607 1488 3676 ceterosque'considentcs
1509 3609 1581 3640 ¹¹⁶
1607 3609 1931 3674 exhilarari,
1954 3611 2113 3682 quasi
2215 3609 2375 3663 ictus.
2407 3607 2526 3676 Quo
2556 3608 2724 3662 nihilo
2752 3610 2923 3678 magis
2970 3608 3221 3677 lmdente,
3271 3611 3443 3665 tercio
3489 3611 3652 3664 fcrire
3671 3626 3775 3664 cum

531 3697 763 3768 hospitis
786 3699 856 3729 ’⁸⁷
879 3707 1032 3769 grata
1063 3701 1204 3760 vice,
1245 3699 1555 3754 amabiliter
1591 3700 1823 3771 rogavit.
1861 3701 1927 3755 Et
1955 3701 2114 3771 paulo
2213 3698 2364 3766 velit,
2397 3715 2506 3753 una
2535 3715 2655 3754 cum
2684 3707 2908 3756 extenso
2938 3702 3077 3755 ictus
3113 3701 3261 3756 ensis
3291 3717 3454 3755 manu
3494 3703 3666 3756 territi
3693 3701 3779 3753 mi-

531 3804 655 3864 post
698 3802 876 3847 amota
925 3809 1110 3848 mensa
1137 3789 1333 3865 surgit,
1384 3794 1710 3864 impletaqne
1739 3795 1864 3849 vino
1903 3805 2110 3864 patera,
2217 3791 2328 3846 litis
2353 3792 2422 3823 ⁸³⁷
2444 3791 2663 3847 excidit.
2693 3789 2864 3858 Quem
2888 3792 3071 3846 statim
3097 3801 3320 3848 sanctus
3347 3791 3680 3849 Vencezlaus
3699 3807 3779 3862 per

533 3887 794 3942 modesta:
847 3885 1198 3941 salutacionis
1223 3887 1366 3942 dicto
1409 3901 1599 3942 omnes
1652 3885 1884 3942 dulciter
1930 3885 2115 3954 hujus-
2216 3885 2465 3955 capulum
2490 3883 2562 3916 ⁸³⁸
2606 3883 2906 3954 surripiens
2929 3895 2986 3940 et
3029 3901 3190 3954 supra
3241 3885 3578 3942 scelerosum
3615 3886 3780 3940 fratris

531 3981 678 4034 modi
709 3979 1002 4049 alloquitur
1029 3997 1043 4033 :
1080 3998 1098 4031 ‹
1134 3979 1348 4034 Salutet
1378 3994 1475 4035 vos
1502 3978 1650 4034 salus
1675 3980 1918 4035 omnium
1957 3977 2116 4033 Chri—
2209 3975 2323 4046 jam
2353 3977 2574 4030 inermis
2598 3977 2852 4032 verticem
2889 3993 3048 4030 manu
3095 3977 3300 4032 librans
3325 3977 3396 4010 ”’
3426 3995 3440 4031 :
3480 3996 3498 4030 ι
3546 3977 3775 4039 Videsne,

531 4073 678 4126 stus!
715 4073 974 4137 Calicem,
998 4087 1158 4142 quem
1190 4089 1352 4130 manu
1382 4085 1560 4140 teneo,
1590 4075 1644 4128 in
1681 4074 1853 4130 sancti
1879 4075 2115 4130 archan—
2219 4067 2426 4138 inquid,
2455 4083 2489 4123 o
2515 4067 2764 4124 funeste?
2803 4069 2947 4124 Verti
2976 4071 3026 4123 iu
3073 4079 3124 4123 te
3151 4079 3331 4140 posset
3362 4080 3469 4124 lita:
3509 4070 3779 4124 crudelita-

533 4164 638 4230 geti
691 4162 1006 4218 Michahelis
1076 4179 1316 4219 amorem
1369 4166 1613 4230 ebibere,
1677 4179 2118 4236 unumquemque
2219 4163 2290 4218 tis
2318 4163 2700 4222 cxitium.En!
2754 4164 2897 4219 unde
2939 4165 3230 4235 prohibeor
3261 4166 3490 4222 fraterni
3522 4164 3780 4236 sanguinis

538 4263 786 4307 nostrum
814 4267 880 4308 ne
924 4255 1123 4324 pigeat,
1157 4257 1258 4310 hoc
1287 4270 1470 4309 amore
1515 4256 1878 4325 spiritalitatis
1900 4257 1970 4289 ἰθ
2000 4254 2117 4324 ejus
2220 4255 2336 4311 fieri
2370 4254 2601 4313 ellusor?
2655 4256 2759 4311 Sed
2784 4256 2927 4322 nolo,
2957 4258 3022 4311 de
3074 4273 3234 4312 manu
3273 4272 3392 4313 mea
3443 4258 3634 4313 ultimo
3669 4269 3780 4310 exa-

540 4345 880 4400 altitudinem
921 4361 1018 4414 pro
1053 4361 1213 4416 posse
1264 4356 1610 4413 venerantes,
1667 4357 1728 4402 ut
1773 4362 2117 4419 quacumque
2219 4351 2365 4405 mine
2394 4351 2611 4422 sanguis
2640 4349 2732 4414 Μ,
2757 4366 2791 4405 ο
2820 4349 3010 4414 frater,
3035 4359 3157 4404 tuus
3180 4360 3457 4420 qua-ratur
3484 4350 3538 4404 in
3565 4364 3671 4404 me.
3695 4347 3781 4402 Rc-

539 4435 670 4490 hora
701 4433 784 4489 lex
814 4447 1021 4491 natura:
1047 4437 1115 4492 ad
1144 4444 1386 4494 extrema
1431 4453 1530 4496 nos
1574 4437 1878 4505 deduxerit,
1907 4439 2122 4493 anim'a-
2150 4455 2196 4511 ι)
2221 4442 2340 4511 cipe
2371 4439 2628 4511 gladium,
2665 4448 2876 4495 matura
2898 4439 3249 4509 supplicium;
3300 4454 3422 4510 qua:
3443 4448 3574 4495 sunt
3595 4436 3780 4509 agenda

1787 4616 2018 4673 VARle
2039 4612 2443 4672 LECTIONES.

613 4749 683 4782 ὀδ
713 4757 1122 4818 persecuturum
1151 4751 1207 4804 5.
1315 4750 1386 4781 ’⁸⁸
1439 4764 1501 4804 ac
1545 4766 1638 4818 pro
1699 4765 1729 4803 a
1770 4765 1829 4804 se
1870 4749 1920 4802 1.
2029 4747 2100 4779 ³⁸⁸
2142 4755 2589 4818 praemonstratur
2627 4747 2682 4801 2.
2789 4749 2858 4788 ’θ’
2907 4748 3206 4802 habendam
3234 4749 3283 4802 1.
3389 4748 3461 4781 ⁸⁸⁸
3519 4749 3700 4816 snpch
3737 4748 3755 4800 l

540 4821 612 4852 ’θ’
649 4819 954 4871 vcncizlans
990 4821 1039 4872 l.
1136 4820 1205 4851 ²¹⁰
1237 4835 1394 4889 super
1444 4819 1637 4872 lineam
1687 4821 1834 4872 addit
1875 4820 1932 4872 ‘2.
2011 4819 2078 4851 '“
2127 4820 2451 4886 quibusdam
2487 4819 2542 4872 2.
2576 4820 2629 4874 5.
2705 4819 2774 4851 ¹¹³
2825 4820 3157 4874 acelinautes
3181 4820 3236 4872 2.
3274 4821 3328 4875 5.
3408 4821 3483 4851 ’⁸³
3510 4822 3697 4873 saltem
3731 4819 3780 4872 Ξ.

542 4890 755 4956 minus.
832 4891 902 4926 ἰδ
926 4899 986 4940 ut
1018 4891 1068 4942 l.
1108 4890 1174 4942 ad
1221 4891 1274 4943 5.
1351 4889 1421 4920 ²¹³
1450 4889 1638 4944 sedeo
1675 4890 1730 4943 9..
1761 4890 1815 4943 5.
1927 4890 1997 4921 '“
2043 4891 2381 4943 conlidentes
2421 4889 2474 4942 1.
2503 4889 2558 4942 2.
2665 4890 2732 4921 ⁸¹⁷
2764 4889 2953 4959 ospitis
2993 4891 3041 4942 l.
3138 4890 3207 4921 m
3237 4891 3504 4958 apiritatis
3525 4905 3660 4942 corr.
3689 4889 3781 4956 spi-

547 4959 763 5013 ritalitis
791 4959 848 5011 9..
923 4959 991 4990 ²¹⁹
1014 4959 1310 5022 singilatirr.
1340 4961 1389 5014 1..
1462 4959 1532 4990 ⁸⁵³⁵
1557 4960 1765 5022 cyphos
1797 4960 1847 5013 1.
1921 4961 1989 4992 ἐι
2028 4959 2326 5022 frequentis
2354 4960 2405 5013 1.
2444 4959 2712 5022 frequenti
2752 4960 2808 5012 2.
2883 4961 2952 4990 '"
2981 4960 3354 5015 curiacissima
3380 4963 3428 5014 l.
3509 4961 3578 4991 “’
3609 4960 3782 5012 lutum
