3972 5428
170 372 284 434 θΞῖ

1145 376 1305 437 “TA
1368 377 1796 438 VENCEZIAW
1854 376 2055 433 DUCIS
2107 372 2464 438 ΒΟΙΙΕΜΙΑ.

3340 370 3448 437 038

171 506 247 547 ne
282 492 507 550 diﬂ'eras
560 493 619 550 in
668 493 918 566 longam!
961 512 981 546 ι
1022 492 1319 563 Resumpto
1357 494 1552 550 iterum
1595 491 1764 547 frater
1793 493 1839 555 Α
1868 501 2053 560 postea
2081 507 2186 547 non
2220 501 2658 563 comparuerant,
2691 501 2784 549 aut
2815 507 2971 553 versa
3005 506 3106 563 pro
3147 493 3303 552 viciis
3351 511 3449 552 ita.

172 585 383 656 impius
412 584 575 651 ferro,
600 585 769 640 altum
802 587 957 655 qttasi
987 585 1128 640 vinci
1178 596 1424 641 metuens
1451 585 1671 657 clamat,
1706 583 1759 637 in

173 676 445 733 auxilium
473 676 555 730 sui
580 676 759 730 socios
785 675 850 706 ’“
886 684 1062 739 vocat,
1107 689 1167 729 se
1193 676 1346 743 quasi
1373 683 1619 729 coactum
1651 682 1707 727 et
1732 687 1761 725 a

171 767 370 824 fratris
398 767 600 837 impetu
647 769 795 837 prius
827 768 1012 823 lzesum
1045 781 1347 837 repugnare
1376 765 1614 820 simulat.
1641 764 1762 818 Mox

169 858 302 913 sotii
335 873 531 927 magno
552 857 796 912 clamore
818 858 990 911 vocati
1020 864 1331 917 accurrunt,
1361 871 1583 910 causam
1604 853 1762 924 quasi

168 945 406 1000 sceleris
437 947 507 978 ⁸³³
538 946 695 1003 inscii
743 947 808 1000 de
856 946 1086 1000 tumultu
1137 954 1391 1015 quaerunt
1440 944 1642 999 domini
1683 938 1766 997 sui

172 1035 448 1091 fervidam
493 1037 737 1092 sentiunt
788 1038 945 1092 iram.
990 1035 1175 1105 quue
1211 1035 1325 1105 jam
1378 1044 1503 1089 tunc
1546 1033 1768 1088 sceleris

172 1138 409 1185 auctore
435 1140 628 1198 quarta
661 1129 779 1183 vice
809 1144 1023 1183 sacrum
1054 1135 1217 1196 eaput
1246 1141 1342 1195 per
1373 1127 1542 1180 ictum
1583 1124 1767 1179 saltim

169 1220 577 1292 confringente,
608 1235 799 1276 omnes
843 1220 1002 1275 simul
1044 1220 1213 1275 armis
1257 1221 1486 1282 irruunt,
1517 1218 1765 1273 certatim

178 1312 426 1364 membra
468 1310 671 1364 lanceis
698 1309 999 1378 gladiisque
1033 1307 1364 1377 perfodiunt.
1396 1308 1606 1374 Corpus
1643 1322 1769 1361 sau~

173 1400 386 1455 ciatum
422 1399 568 1454 humi
602 1398 963 1468 prosternitur
1002 1398 1347 1452 semivivum.
1397 1396 1767 1451 Crebrescunt

175 1490 384 1543 iterum
442 1491 749 1558 iterumque
799 1504 956 1543 smvte
1012 1487 1311 1558 gladiorum
1359 1484 1801 1556 percussionesf

173 1583 402 1651 sanguis
455 1580 719 1634 innocuus
760 1578 1084 1639 effunditur;
1138 1593 1336 1647 corpus
1391 1578 1510 1631 labe
1542 1592 1773 1631 vacuum

176 1672 495 1727 minutatim
523 1670 594 1701 m
621 1671 777 1739 quasi
805 1686 837 1723 a
864 1670 1093 1724 canibus
1130 1668 1419 1721 laceratur.
1447 1668 1640 1721 Anima
1682 1683 1769 1722 sa-

172 1763 492 1818 cratissima
514 1763 696 1817 carnei
714 1762 963 1815 clausura
987 1758 1248 1812 domicilii
1267 1757 1367 1811 sub
1394 1766 1471 1811 tot
1491 1756 1773 1811 vulnerum

1867 594 2013 648 tura,
2037 600 2231 639 canum
2254 586 2323 617 ’⁸⁷
2358 587 2555 641 latratu
2598 587 2718 643 vice
2759 586 3007 656 loquendi
3062 595 3296 652 utentes,
3321 589 3452 644 don-

1863 676 2000 730 tium
2026 677 2262 731 stridore
2286 692 2498 733 morsus
2542 679 2823 733 itnitautnr
2849 680 2922 712 ’⁸³
2952 680 3195 745 eaninos,
3227 691 3321 737 aut
3343 682 3447 736 mia

1865 780 1987 823 sera
2020 782 2306 837 corporum
2331 770 2585 824 ariditate
2606 772 2818 831 siccati,
2846 786 3055 827 necnon
3082 774 3298 829 auditus
3320 790 3454 829 cons

1868 860 2020 914 tinua
2061 861 2392 931 privacidne,
2422 863 2589 917 vitam
2624 862 2753 931 ipsis
2787 863 2968 918 saltim
3007 866 3250 920 odiOsam
3297 864 3455 923 lini)-

1869 961 2019 1007 runt.

1939 1043 2029 1100 25.
2070 1043 2397 1110 Quicsceute
2420 1044 2619 1099 ibidem
2646 1059 2745 1113 per
2773 1045 2934 1099 trium
2965 1061 3062 1115 ενι
3097 1045 3146 1102 ii
3188 1062 3456 1105 enarrari

1868 1136 2175 1189 venerando
2194 1149 2441 1203 corpore,
2464 1133 2711 1189 fidelibus
2726 1136 2976 1205 quistam
3005 1136 3074 1168 "’
3097 1148 3255 1193 nocte
3278 1154 3313 1193 v
3335 1154 3363 1195 ι
3401 1153 3456 1194 nt

1869 1232 1984 1286 eet,
2034 1233 2122 1286 ut,
2175 1224 2283 1279 Deo
2330 1240 2442 1277 rem
2500 1224 2836 1290 insinuante,
2891 1227 3016 1281 inde
3056 1230 3125 1281 ad
3156 1230 3458 1283 modestiam

1871 1315 2044 1370 sancti
2076 1316 2180 1370 Viti
2212 1314 2483 1378 martiris,
2514 1331 2677 1385 quam
2720 1317 2833 1385 ipse
2882 1318 2995 1386 jam
3050 1329 3457 1380 construxerat.

1874 1404 2210 1473 religiosiore
2243 1405 2583 1458 condemlum
2630 1406 2905 1474 sepultura
2938 1409 3223 1463 transferri
3249 1411 3461 1465 deleat.

1873 1498 1976 1563 Qui
2006 1512 2197 1552 sorua
2237 1497 2437 1550 emersi
2462 1498 2575 1552 viso
2599 1500 2917 1561 credentes,
2958 1509 3016 1553 et
3060 1501 3187 1554 licet
3206 1501 3467 1569 principis

1878 1589 2218 1657 tyrannidem
2248 1596 2588 1650 metuentes,
2636 1590 2813 1643 noctis
2870 1598 3046 1645 tanien
3084 1591 3262 1645 medio
3290 1606 3372 1645 eo.
3395 1597 3468 1643 ιι-

1876 1680 2021 1734 cinio
2072 1680 2289 1733 bustum
2329 1694 2491 1747 quam
2558 1680 2735 1748 pavidi
2791 1681 3105 1745 recludunt,
3159 1683 3464 1750 prec-insutu

1878 1771 2134 1840 martyris
2165 1769 2390 1838 pignus,
2422 1785 2535 1829 non
2554 1780 2745 1839 aperto
2771 1771 3085 1841 sarcofago,
3119 1773 3367 1827 vehiculo
3396 1772 3466 1803 ⁸⁸³

175 1867 345 1910 exuta
383 1855 685 1919 tormentis,
717 1852 883 1908 nobili
921 1849 1195 1919 triumpho
1225 1850 1482 1919 angelicis
1518 1848 1773 1902 subvecta
1808 1852 1851 1910 Β
1878 1868 2137 1929 peream“
2162 1862 2383 1929 .igamm
2409 1871 2800 1929 mpm-Panum,
2831 1863 3080 1930 νίαηημω
3117 1878 3223 1931 (μη
3245 1878 3372 1932 gr“
3401 1875 3468 1918 ,ς

179 1944 453 2004 manibus,
486 1944 679 1997 summi
714 1941 1143 1996 remuneratoris
1170 1950 1446 2010 aspectum
1477 1940 1673 2009 gaudio
1698 1939 1775 1991 vi-

178 2050 336 2097 sura,
362 2043 420 2088 et
450 2033 592 2086 inter
617 2033 879 2103 gloriosos
912 2031 1195 2085 martirnm
1225 2030 1445 2084 ordines
1474 2044 1570 2097 per
1599 2043 1771 2084 aevum

179 2142 529 2191 consessum,
559 2126 656 2177 sub
686 2125 720 2177 4
750 2122 818 2155 ³⁵⁸
849 2123 1211 2177 Kalendarum
1236 2121 1553 2175 Octobrium
1584 2136 1778 2191 perpe-

181 2229 278 2276 tua
308 2199 546 2275 laetantia
579 2219 724 2290 regni
752 2217 992 2273 omlestis
1023 2215 1326 2286 ingreditur
1352 2215 1648 2267 consortia.

252 2312 346 2366 20.
390 2310 619 2365 Sacrum
664 2319 842 2363 autem
875 2322 1072 2375 corpus
1112 2305 1452 2361 credulorum
1501 2304 1655 2373 pauci
1685 2303 1774 2372 qui

183 2403 422 2458 aderant
448 2400 829 2455 venerabiliter
857 2398 1143 2467 sarcofago
1182 2396 1254 2427 m
1295 2396 1654 2460 includentes,
1688 2409 1781 2450 ce-

184 2494 399 2549 lebrato
435 2510 464 2548 a
494 2493 708 2548 clericis
731 2491 943 2546 funebri
987 2490 1267 2558 obsequio,
1295 2496 1452 2542 extra
1475 2486 1777 2541 azcclesiam

186 2585 507 2642 certaminis
556 2585 675 2639 loco
714 2584 947 2638 vicinam
1005 2583 1380 2637 condiderunt.
1426 2578 1780 2641 ,Soccedente

184 2688 313 2748 post
344 2679 470 2732 hinc
513 2677 566 2732 in
615 2692 837 2748 regnum
867 2674 1049 2729 nimia:
1095 2672 1466 2743 perversitatis
1511 2671 1646 2725 duce
1681 2669 1783 2724 Bo-

187 2770 417 2834 lrzlavo,
446 2771 759 2838 savitiaque
781 2767 898 2836 ejus
944 2768 995 2821 itt
1042 2776 1289 2822 catervas
1319 2765 1556 2819 fidelium
1587 2763 1656 2794 ’δ’
1700 2762 1783 2818 fu-

190 2876 367 2925 rente.
405 2880 509 2919 non
537 2863 704 2917 multo
746 2870 867 2931 post
896 2861 1038 2916 beati
1075 2859 1174 2913 viri
1206 2874 1395 2913 necem
1421 2858 1515 2921 ³⁸⁷,
1546 2857 1781 2911 humana

188 2958 319 3010 dum
348 2955 549 3009 frttitnr
570 2955 695 3017 vita,
734 2954 963 3009 clericos
986 2961 1043 3007 et
1066 2952 1292 3013 amicos,
1317 2963 1525 3003 necnon
1550 2946 1783 3002 servitio

186 3046 308 3114 ejus
364 3046 707 3101 familiariter
747 3043 989 3112 junctus,
1041 3043 1221 3099 subita
1269 3041 1461 3095 mortis
1514 3038 1783 3094 sententia

188 3139 470 3192 damnavit
495 3138 565 3171 m

1878 1966 1947 2005 eo
1993 1951 2615 2020 dirigitur,c..r,:entes,
2661 1953 2984 2019 perveniunt
3021 1952 3089 2006 ad
3136 1954 3466 2024 rivum(18).

1875 2041 2172 2096 incedendo
2206 2042 2516 2111 supergredi
2546 2041 2874 2095 animalibus
2903 2042 3204 2111 plaustrum
3252 2044 3461 2097 ducen-

1881 2131 2025 2185 tibus
2051 2130 2214 2187 nimia
2261 2130 2631 2198 protunditatc
2670 2131 3088 2194 intransdiilem,
3116 2132 3383 2188 naviculis
3413 2144 3470 2187 ct

1875 2229 2035 2291 portu
2064 2221 2337 2289 utrimque
2362 2221 2429 2251 ⁸⁶¹
2459 2229 2759 2275 carentem.
2810 2222 2968 2275 Stant
2997 2222 3196 2290 quippe
3223 2224 3465 2276 circum-

1877 2311 2192 2388 spicientes.
2223 2310 2368 2365 Pons
2386 2310 2502 2379 jam
2531 2311 2739 2366 fractus
2787 2316 2993 2365 undosa
3039 2313 3471 2382 transgressione

1878 2403 2206 2473 d.ssipatur;
2238 2405 2381 2475 ligna
2431 2405 2499 2458 ad
2551 2406 2668 2471 eius
2715 2406 3111 2474 reparationem
3156 2422 3264 2459 non
3317 2406 3470 2460 inve-

1880 2496 2125 2549 niuntur.
2156 2496 2295 2561 Quid
2331 2495 2575 2551 lacerent
2602 2497 2716 2550 m?
2745 2498 2879 2551 Dum
2934 2497 2986 2550 in
3038 2497 3139 2551 hac
3183 2506 3472 2551 versantur

1880 2587 2163 2653 angustia,
2206 2587 2386 2641 subito
2435 2588 2634 2643 erectis
2676 2587 2986 2652 obtutibus,
3016 2602 3148 2643 ecce
3194 2590 3330 2644 mira
3375 2589 3471 2643 Dei

1880 2688 2148 2751 praesente
2181 2682 2398 2747 virtute,
2422 2682 2720 2751 plaustrum
2744 2684 2914 2739 altera
2946 2694 3054 2740 stat
3094 2686 3163 2718 ³⁸³
3205 2687 3344 2753 ripa,
3372 2701 3473 2741 un-

1882 2772 2207 2842 diquesecus
2234 2773 2304 2804 '“
2331 2789 2487 2843 aqua:
2539 2776 2862 2829 humiditate
2900 2776 2972 2807 '“
3020 2779 3308 2832 intactum.
3350 2778 3469 2843 Quo

1881 2867 2146 2922 miraculo
2186 2867 2287 2937 ipsi
2335 2867 2675 2937 aliquantum
2727 2869 3078 2927 haesitantes.
3131 2878 3471 2924 Irata-natatu

1880 2975 2045 3029 supra
2071 2961 2311 3016 caballus
2334 2960 2529 3024 rivulo,
2568 2961 2874 3016 vehiculum
2903 2977 3063 3016 sacro
3090 2961 3239 3016 fasce
3270 2966 3471 3031 gram-

1886 3062 1997 3109 tmu
2021 3055 2315 3123 prosecuti,
2345 3055 2412 3108 ad
2442 3054 2615 3109 locum
2639 3054 3081 3123 praedestinatum
3110 3054 3272 3108 citius
3296 3054 3470 3123 appli-

1886 3155 2032 3212 cant,
2059 3145 2361 3201 recclesiain
2400 3160 2524 3200 cum
2573 3144 2862 3214 sarcofago
2895 3144 3062 3199 Deum
3095 3145 3363 3200 laudando
3392 3145 3474 3198 in-

260 3228 349 3284 2|.
393 3230 618 3285 Peracta
660 3229 940 3284 fortissimi
990 3227 1085 3284 Dei
1127 3226 1346 3281 athleta!
1375 3226 1443 3257 ²³⁹
1474 3225 1770 3280 venerabili
1801 3224 1844 3286 C
1881 3245 2121 3298 troeuat,
2142 3235 2460 3303 foribusque
2485 3234 2794 3302 diligentius
2818 3233 3087 3289 obseratis
3108 3235 3473 3303 precibusque

187 3323 464 3390 passione,
503 3322 732 3376 ministri
757 3321 977 3391 quidam
1006 3319 1348 3390 sanguinem,
1376 3319 1468 3388 qui
1506 3334 1601 3387 per
1623 3319 1777 3372 tabuo

191 3412 271 3466 las
319 3413 581 3467 ecclesiae
630 3413 742 3483 ipsa
804 3412 1033 3467 martirii
1092 3412 1224 3466 hora
1290 3425 1545 3479 aspersus
1611 3424 1778 3481 appa-

191 3514 276 3558 ret
301 3505 398 3565 ³⁸⁸,
420 3504 557 3572 iussi
613 3520 753 3573 aqua
802 3504 1067 3569 lavantes,
1119 3502 1336 3572 penitus
1385 3502 1777 3557 absterserunt.

194 3595 527 3665 l’osteraque
548 3596 634 3650 die
664 3596 787 3650 illuc
810 3597 1112 3660 venientes,
1129 3610 1233 3649 non
1268 3595 1448 3649 minus
1467 3608 1630 3662 quam
1654 3607 1780 3647 cum

197 3687 433 3758 prinnnn
466 3689 659 3759 parieti
690 3689 918 3743 adhaesit
948 3703 1196 3742 cruorem
1235 3689 1409 3757 ipsum
1440 3687 1630 3740 eodem
1664 3686 1782 3739 loco

193 3779 475 3834 dilatatam
532 3781 599 3812 ‘“
657 3781 1019 3850 cormpiciuut.
1080 3778 1195 3833 Non
1262 3794 1451 3847 parum
1520 3777 1619 3847 ipsi
1678 3777 1785 3831 hoc

191 3869 307 3923 viso
334 3870 406 3901 ¹⁸²
436 3873 630 3935 territi,
663 3887 800 3940 aqua
828 3874 1021 3925 iterum
1049 3871 1234 3937 allata,
1267 3870 1435 3924 multo
1459 3868 1532 3900 ⁸⁸³
1575 3870 1782 3924 studio-

192 3961 305 4014 sius
366 3962 583 4017 abluerc
631 3964 936 4018 decertant.
986 3962 1236 4018 Crastino
1291 3971 1470 4015 autem
1522 3960 1782 4030 probandi

190 4066 382 4116 causa,
411 4054 458 4107 si
487 4054 650 4108 etiam
692 4057 869 4110 adhuc
895 4054 1139 4109 frustrati
1172 4055 1302 4118 sint,
1335 4054 1642 4116 redeuntes,
1679 4067 1784 4106 non

188 4143 376 4198 minus
424 4145 652 4199 tinctum
716 4147 978 4217 sanguine
1031 4147 1329 4215 parietem,
1385 4145 1635 4215 quamvis
1704 4153 1788 4198 ter

188 4236 412 4290 ablutus
472 4237 753 4304 videatur,
814 4246 1136 4309 agnoscunt.
1178 4239 1384 4304 Quibus
1435 4236 1507 4268 ³⁵⁵
1560 4233 1786 4289 multmn

189 4342 359 4397 super
386 4329 491 4382 hoc
521 4330 873 4395 mirantibus,
918 4345 1090 4399 eoque
1140 4330 1388 4384 abluendi
1440 4328 1623 4384 labete
1670 4337 1792 4396 post

190 4417 321 4473 inde
348 4422 709 4484 cessantibus,
740 4438 912 4491 usque
946 4422 1102 4477 hodie
1128 4422 1409 4492 sanguinis
1446 4421 1687 4490 ejusdem
1713 4422 1793 4475 in-

193 4509 462 4564 tinctione
487 4513 668 4581 paries
691 4515 807 4583 ipse
837 4529 936 4584 pro
962 4515 1118 4584 signo
1145 4514 1452 4568 venerando
1482 4513 1716 4566 nitescit.

262 4601 360 4655 εξ.
409 4602 478 4658 Ut
506 4604 577 4635 ’⁸⁸
601 4606 877 4658 veracium
905 4620 1047 4675 sa'pe
1072 4604 1225 4657 nobis
1254 4604 1421 4657 relatu
1461 4604 1787 4671 patefactum

189 4703 298 4756 cst,
312 4704 436 4763 post
454 4697 884 4752 constantissimi
914 4694 1332 4763 triumphum'“
1351 4694 1567 4748 athleta:
1598 4686 1789 4748 manes

188 4788 479 4857 Sanguinis
508 4787 774 4843 effusores
829 4788 1135 4843 innocentis
1182 4802 1419 4855 superno
1469 4784 1668 4839 incussi
1708 4784 1790 4837 fu-

189 4892 341 4944 rore,
374 4888 473 4933 aut
523 4880 814 4936 demonum
867 4887 1133 4952 potestate
1179 4879 1317 4949 rapti
1374 4878 1515 4932 inter
1541 4878 1790 4932 homines

1879 3327 2168 3383 sinceriter
2190 3325 2401 3388 effusis,
2425 3324 2770 3395 sarcofagum
2793 3326 3074 3395 aperiunt;
3106 3333 3164 3378 et
3190 3339 3318 3379 ecce
3347 3338 3472 3377 cor-

1882 3434 1982 3488 pus
2002 3432 2201 3472 carnea
2229 3415 2409 3470 adhuc
2430 3416 2573 3470 mole
2598 3416 2870 3485 integrum
2891 3424 2947 3470 et
2985 3429 3086 3483 per
3111 3423 3307 3468 cuncta
3355 3411 3474 3466 vul-

1883 3523 2016 3563 nera
2071 3522 2305 3570 sanum,
2356 3507 2744 3575 apparentibus
2796 3505 2867 3540 ³⁵⁸
2917 3515 3126 3559 tantum
3194 3504 3474 3574 plagarum

1883 3597 2075 3666 signis,
2105 3597 2206 3650 nisi
2239 3597 2412 3650 solum
2443 3595 2636 3649 vulnus
2667 3595 2911 3650 fraterno
2931 3610 3062 3649 ense
3091 3593 3312 3658 factum,
3331 3595 3474 3661 quod

1883 3706 1944 3746 se
1968 3690 2260 3745 dehiscens
2305 3690 2568 3758 sanguine
2620 3691 2794 3743 visum
2833 3696 2918 3743 est
2969 3703 3210 3742 manare.
3264 3687 3477 3740 luclusn

1886 3781 2083 3836 iterum
2131 3781 2233 3841 sub
2284 3781 2402 3849 ipso
2434 3780 2627 3833 altaris
2671 3780 2852 3843 aditu,
2884 3778 3179 3833 comitante
3235 3777 3472 3832 fideliam

1889 3874 2067 3935 turba,
2104 3872 2355 3940 interque
2394 3870 2715 3924 sonantibus
2757 3870 3080 3924 clericorum
3110 3868 3323 3939 ymnis,
3354 3883 3480 3935 pre-

1886 3964 2092 4017 ciosum
2134 3976 2331 4031 corpus
2360 3960 2557 4015 celebri
2589 3960 2851 4014 memoria
2896 3961 3260 4012 venerandum
3295 3973 3415 4012 COllt
3437 3956 3481 4010 i-

1888 4055 2103 4109 derunt.
2144 4052 2219 4106 lbi
2265 4067 2393 4108 vero
2440 4051 2620 4106 divina
2650 4050 2847 4120 saepius
2876 4061 3200 4106 coruscante
3227 4050 3481 4117 omnipo-

1890 4146 2088 4207 tentia,
2140 4142 2626 4201 innumerabilibus
2678 4141 3066 4197 miraculorum
3122 4141 3294 4210 signis
3345 4139 3477 4193 felix

1889 4236 2158 4292 exultacio
2190 4235 2437 4289 lidelibus
2480 4243 2766 4302 terrorque
2819 4230 3148 4295 incredulis,
3195 4230 3327 4283 tanti
3373 4230 3477 4281 viri

1891 4328 2123 4394 meritis,
2141 4326 2573 4399 frequentissime
2595 4324 2868 4380 clarescit.
2895 4321 3060 4388 Cujus
3083 4333 3262 4375 autem
3296 4330 3477 4372 trans-

1894 4421 2116 4475 lationis
2173 4430 2386 4488 tempus
2428 4418 2528 4473 sub
2577 4416 2706 4470 ματ
2738 4415 2872 4470 Non.
2923 4412 3108 4467 Monii
3157 4409 3359 4464 titottal
3380 4410 3480 4463 bus

1896 4509 2280 4565 celebrandum
2311 4516 2621 4561 aunotatur.
2664 4505 2740 4559 De
2771 4505 3061 4558 virtutibus
3104 4510 3318 4562 autent,
3358 4513 3482 4567 que

1896 4605 2072 4674 pietas
2092 4603 2271 4655 divina
2305 4617 2402 4671 per
2427 4601 2746 4653 meritorum
2770 4597 2886 4664 ejus
2930 4596 3048 4649 orbi
3091 4594 3481 4649 claresmntrm

1896 4693 2122 4764 gloriam
2172 4701 2294 4761 post
2337 4690 2559 4759 dignata
2604 4697 2688 4744 est
2732 4688 2976 4756 operari,
3005 4684 3271 4740 sermonis
3306 4685 3481 4738 nostri

1898 4793 2213 4837 transcursu
2245 4782 2463 4837 curiosa
2496 4780 2850 4833 interscratnr
2879 4777 3113 4841 mentio,
3152 4776 3481 4844 condignum

1896 4873 2129 4928 videtur.

1476 5032 1712 5089 VARUE
1754 5029 2161 5090 LECTIONES.
