3972 5428
489 315 593 371 331

1521 303 1878 364 'CUMPOLDI
1917 301 2070 357 EPlS

2181 299 2220 354 ἰ
2275 296 2364 352 MA
2377 292 2632 352 NTUANI
3646 289 3740 346 ΝΘ

534 433 647 487 '25.
685 431 914 499 Quidam
940 427 1166 484 crimine
1189 424 1480 495 judiciario
1504 420 1650 491 capti
1680 419 1774 484 ³⁸⁸,
1803 417 2060 486 palatium
2093 425 2138 482 Α
2169 413 2280 468 lloc
2310 411 2652 483 postmodum
2687 407 2929 480 impleto,
2958 407 3186 464 crelens
3221 405 3334 476 ipse
3378 404 3598 472 Deoque
3638 420 3744 459 ser-

487 525 588 580 sub
613 523 843 577 vinculis
894 519 1148 588 ingressi,
1182 516 1444 588 principis
1478 513 1630 582 jussu
1665 509 1872 566 carceri
1899 508 2070 562 inclu-

487 618 707 680 duutur,
741 612 1096 667 tenatioribus
1122 609 1258 662 infra
1290 604 1639 675 ligaminibus
1666 617 1761 670 per
1791 613 1982 652 manus
2008 611 2073 652 ac

486 707 656 772 pecies
685 703 784 757 sub
833 701 1036 756 crudeli
1069 701 1137 731 “’
1169 697 1414 752 custodia
1461 693 1804 762 implicantur
1831 687 1920 740 "°.
1968 686 2070 753 Qui

489 799 662 852 media
689 806 880 857 nocte,
910 803 968 848 ut
1008 801 1130 848 erat
1181 804 1438 850 necesse,
1465 783 1781 855 pervigiles,
1815 780 2072 834 strictura

490 887 810 957 compellunt
856 902 919 939 ac
969 883 1305 937 manicarum
1369 874 1750 931 miserabiliter
1818 870 2068 928 contriti.

489 981 692 1044 gemitu
719 991 908 1029 amaro
935 973 1098 1028 corda
1128 972 1432 1042 pulsantes,
1477 970 1528 1023 in
1571 967 1875 1035 ltujusmodi
1909 964 2070 1018 verba

489 1070 782 1127 orationis.
825 1067 1151 1121 dormitante
1179 1079 1367 1134 parum
1395 1063 1647 1127 custode,
1689 1075 1878 1114 omnes
1911 1058 2071 1113 simul

488 1160 666 1215 ﬂendo
693 1157 761 1193 ’τί
795 1164 1151 1228 proruperunt
1181 1175 1194 1208 :
1232 1173 1252 1207 ι
1282 1153 1326 1208 Ο
1353 1169 1560 1208 summe
1590 1153 1914 1222 gementium
1941 1167 2072 1205 con-

489 1252 693 1305 solator
715 1250 876 1311 Deus,
901 1247 1020 1302 carli
1047 1257 1312 1314 tcrrarque
1334 1242 1600 1298 mirabilis
1619 1251 1854 1301 creator,
1889 1240 2072 1308 aspice

489 1356 589 1395 nos
618 1339 808 1394 mortis
829 1337 938 1404 juri
969 1338 1296 1398 destinatos,
1332 1343 1389 1388 et
1433 1348 1530 1402 per
1586 1329 1840 1400 suﬂragia
1888 1329 2069 1385 dilecti

465 1432 567 1484 --tui
609 1429 927 1484 Vcncezlavi
977 1427 1198 1490 militis,
1249 1425 1337 1493 qui
1390 1438 1606 1490 semper
1631 1422 1740 1488 jam
1789 1421 2070 1474 inmundo

479 1521 664 1584 -vivus,
697 1520 914 1575 miseris
956 1533 1054 1588 pro
1084 1527 1176 1571 tuo
1220 1515 1436 1570 nomine
1481 1515 1742 1584 benignus
1767 1513 1945 1566 extitit
1973 1513 2068 1566 de-

480 1608 688 1679 i‘ensor,
722 1611 792 1666 ab
819 1609 1044 1664 instanti
1086 1607 1434 1663 damnatione
1461 1606 1692 1659 educere
1730 1619 1828 1657 nos
1875 1606 2068 1658 miscr-

474 1701 658 1754 ‘rimos
678 1701 920 1769 dignare.
949 1699 1112 1753 Facta
1143 1699 1417 1764 oracione,
1452 1697 1623 1750 media
1654 1711 1780 1764 pars
1809 1696 2066 1760 carceris,

2174 505 2348 567 vicus,
2378 504 2513 558 satis
2541 502 2751 570 longam
2779 501 3034 569 perduxit
3056 509 3292 555 aetatem.

2241 593 2332 646 26.
2351 591 2484 646 Huic
2499 593 2626 660 quid
2639 590 2963 644 m-maliud
2981 606 3085 645 non
3119 591 3299 643 minus
3318 588 3564 644 succedit
3594 588 3748 642 mira-

2173 684 2373 739 culum.
2404 683 2758 739 Juvenculum
2792 685 3062 752 quendam
3106 681 3747 744 cubicularitnnmomine

2173 773 2462 829 Podbiwen
2504 773 2591 836 κο,
2617 773 2814 828 ceteris
2839 772 3134 826 ﬁdeliorem
3161 771 3390 825 servulis
3416 770 3508 834 ’3‘,
3534 770 3748 839 ejusque

2173 868 2394 922 secretis
2422 866 2715 934 aptiorem,
2761 867 2842 918 vir
2891 874 3110 918 sanctus
3150 864 3262 931 jam
3314 863 3516 917 sa-culo
3572 863 3748 914 \ivetts

2175 957 2464 1010 admodum
2501 956 2732 1018 amavit;
2784 955 2939 1022 cujus
2990 955 3152 1007 etiam
3216 953 3464 1022 superius
3516 953 3750 1008 meminit

2173 1050 2453 1118 scriptum.
2471 1048 2572 1114 Qui
2595 1049 2665 1078 ¹³¹
2688 1047 2979 1100 karissimo
2994 1046 3235 1115 privatus
3257 1046 3497 1108 do.uino,
3519 1045 3746 1098 lamenta

2173 1137 2344 1192 tristis
2404 1151 2502 1206 per
2547 1136 2662 1191 dies
2701 1137 3083 1204 frcqucntavit.
3134 1142 3328 1189 etnon
3368 1136 3550 1190 minus
3599 1136 3747 1205 plura

2172 1226 2440 1281 factorum
2479 1225 2595 1293 ejus
2638 1225 2914 1294 exempla,
2947 1240 3174 1294 quorum
3206 1224 3324 1293 ipse
3371 1227 3623 1280 conscius
3652 1238 3748 1289 est,

2176 1317 2321 1370 inter
2369 1315 2568 1370 multos
2616 1315 2888 1368 laudando
2942 1315 3210 1368 dilatavit.
3245 1315 3362 1380 Quo
3391 1316 3500 1369 dux
3530 1331 3751 1372 vesanus

2172 1419 2477 1477 comperto,
2507 1408 2850 1476 rapidissima
2879 1407 2949 1438 ³⁸⁸
2977 1423 3273 1462 succensus
3325 1410 3437 1469 ira,
3469 1411 3752 1478 suspendio

2170 1516 2295 1555 mox
2325 1515 2448 1554 eum
2473 1500 2542 1532 ⁸⁸³
2572 1499 2792 1554 interire
2829 1498 3000 1566 jubet.
3050 1498 3358 1568 Suspensus
3396 1516 3656 1570 namque,
3695 1511 3749 1555 ut

2171 1605 2298 1644 vera
2335 1591 2597 1644 bonorum
2633 1598 2902 1643 testantur
2945 1590 3090 1644 dicta
3137 1591 3406 1656 virorum,
3439 1602 3564 1662 post
3602 1593 3747 1646 bii-n-

2173 1683 2343 1745 nium,
2378 1695 2483 1734 non
2513 1681 2845 1749 aliterquam
2879 1680 2995 1734 viva
3029 1689 3080 1735 et
3109 1696 3239 1734 sana
3273 1681 3448 1736 solent
3475 1681 3746 1736 hominum

474 1806 588 1859 qua
625 1793 878 1845 custodes
907 1800 1114 1844 stantes
1143 1789 1460 1859 vigilabant,
1496 1797 1715 1856 repente
1763 1797 1870 1842 tota
1913 1787 2068 1856 quasi

2181 1773 2350 1840 capita
2377 1811 2391 1836 ,
2422 1771 2638 1826 ﬂorenti
2669 1773 2874 1829 canit-ie
2907 1787 3004 1842 per
3042 1772 3178 1841 pilos
3206 1773 3274 1804 ⁸⁵³
3303 1787 3557 1828 crescere
3597 1783 3750 1842 atque

477 1896 593 1934 aere
622 1881 946 1936 densissimo
973 1882 1045 1922 ³⁷³
1093 1881 1470 1944 obnubilalur;
1521 1879 1878 1948 cxtinctisque
1928 1880 2072 1933 intus

487 1972 806 2026 ardentibus
834 1972 1052 2040 vigilum
1084 1971 1342 2033 lucernis,
1373 1980 1550 2025 cetera
1583 1987 1726 2040 pars,
1758 1987 1861 2040 qua
1899 1972 2070 2026 vincti

480 2043 687 2127 iacent,
725 2065 878 2132 quasi
911 2064 1022 2117 sole
1048 2063 1352 2118 clarissimo
1391 2073 1692 2118 serenatur.
1724 2063 1782 2117 Et
1815 2079 1940 2118 ecce
1969 2080 2072 2120 vox

494 2155 801 2224 repentina,
826 2155 1036 2210 caelitus
1061 2164 1115 2208 ut
1140 2169 1264 2208 vere
1290 2156 1615 2210 credendum
1641 2166 1722 2208 est
1754 2155 1825 2186 ³⁷⁸
1849 2157 2068 2219 emissa,

492 2246 692 2300 vinctis
737 2246 787 2299 in
831 2261 990 2302 aures
1024 2256 1170 2300 tonat
1212 2246 1322 2311 1m;
1358 2256 1417 2300 ut
1441 2257 1696 2316 surgant,
1724 2246 1933 2302 indicit.
1969 2247 2070 2313 Qui

485 2351 616 2405 ergo
647 2345 752 2389 tam
781 2351 978 2405 pavore
1005 2351 1164 2407 quam
1193 2337 1262 2368 ’⁷⁵
1290 2337 1480 2391 Ιωιῖείίι
1505 2337 2072 2406 stupefacti,mernbra

474 2425 710 2479 silentcr
731 2437 976 2492 movent;
1001 2427 1294 2497 statimque
1319 2428 1530 2482 vincula
1556 2429 1608 2482 in
1627 2438 1811 2496 partes
1829 2430 2071 2497 disrupta

488 2517 766 2582 decidunt,
797 2533 988 2572 manus
1009 2517 1292 2572 solvuntur
1317 2533 1381 2572 ac
1413 2518 1607 2589 pedes;
1653 2528 1949 2588 apertoque
1995 2520 2074 2572 di-

487 2608 694 2662 vinitus
733 2609 980 2663 carceris
1027 2609 1237 2672 hostio,
1289 2608 1393 2663 lzcti
1439 2609 1684 2664 exiliunt.
1711 2609 1784 2664 ita
1817 2608 1908 2662 Dei
1941 2618 2072 2662 nutu

483 2699 750 2768 expediti,
781 2699 966 2754 laudes
983 2699 1202 2754 Christo
1224 2711 1522 2769 sanctoque
1549 2699 1665 2766 eius
1693 2700 1900 2754 martiri
1934 2698 2072 2754 Ven-

489 2789 706 2844 cezlavo
759 2790 897 2845 inter
939 2789 1164 2860 populos
1202 2790 1480 2855 referunt,
1537 2792 1908 2859 immensaque
1957 2789 2072 2842 vir-

491 2889 662 2932 tutum
692 2879 808 2948 ejus
835 2879 1099 2934 mirabilia
1134 2880 1576 2934 conslantissime
1617 2887 1673 2932 et
1701 2879 1982 2933 credentes
2019 2886 2073 2932 et

489 2977 844 3032 ammirantes
872 2991 1171 3046 prepagare
1195 2977 1496 3030 decertant.

2174 1865 2509 1918 candescere
2533 1864 2678 1918 visus
2697 1873 2801 1919 est.

2243 1955 2332 2009 27.
2372 1955 2580 2009 lntcrca
2609 1955 2677 1986 ⁸⁸⁸
2705 1964 2892 2025 captus
2919 1955 3133 2024 quidam
3170 1969 3359 2010 severa
3398 1956 3607 2026 judicis
3634 1972 3748 2012 sca.

2177 2050 2368 2115 tentia,
2394 2049 2444 2102 in
2476 2047 2706 2102 similem
2729 2047 3020 2102 carceralis
3045 2047 3303 2102 custodia:
3328 2063 3570 2118 poenam,
3589 2051 3749 2104 altcta

2175 2139 2262 2194 die
2304 2138 2687 2208 perimendus,
2716 2139 3008 2192 intruditur
3037 2138 3128 2201 ⁸⁸⁷,
3159 2147 3212 2192 et
3241 2140 3518 2209 prioribus
3539 2143 3749 2205 solutis,

2175 2231 2344 2286 multo
2372 2231 2613 2285 strictius
2657 2232 2910 2284 vincitur.
2955 2229 3054 2296 Qui
3098 2229 3166 2262 ’⁸⁸
3202 2231 3368 2282 etiam
3415 2233 3751 2287 amarissime

2173 2321 2348 2375 ﬂendo
2375 2329 2620 2375 sanctum
2650 2319 2744 2374 Dei
2776 2317 3136 2376 Vcncezlaum
3168 2319 3376 2372 intimis
3399 2320 3469 2373 ad
3491 2322 3574 2373 sui
3602 2323 3748 2374 auxi-

2176 2416 2305 2470 lium
2330 2417 2581 2485 prccibus
2601 2417 2814 2470 vocavit
2838 2415 3028 2470 dicens
3058 2433 3071 2468 :
3109 2434 3128 2466 ι
3168 2415 3368 2470 Sancte
3401 2414 3498 2468 Dei
3535 2432 3584 2468 m
3623 2425 3746 2485 rtyr,

2175 2507 2221 2560 si
2281 2515 2522 2569 tantum,
2561 2515 2620 2558 ut
2669 2505 2916 2560 homines
2978 2505 3195 2572 dicttnt,
3233 2505 3375 2574 apud
3435 2503 3747 2558 altissimum

2177 2597 2340 2650 Deum
2368 2596 2616 2649 obtinere
2638 2595 2805 2659 vales,
2841 2595 3103 2649 interveni
3134 2609 3229 2664 pro
3258 2609 3343 2647 me
3374 2594 3658 2656 morituro,
3697 2601 3752 2646 ut

2177 2686 2284 2740 tuis
2313 2685 2572 2740 liberatus
2599 2686 2810 2740 meritis
2831 2725 2846 2748 ,
2878 2685 2943 2737 ad
2975 2684 3262 2739 criminum
3300 2686 3578 2754 purganda
3613 2698 3751 2738 como

2176 2779 2338 2832 missa
2387 2779 2552 2832 miser
2604 2793 2704 2847 ego
2745 2786 3010 2846 praesente
3055 2775 3390 2846 aliquantum
3419 2777 3621 2831 diutius
3652 2777 3749 2828 vita

2177 2869 2490 2922 subsistant.
2515 2886 2534 2918 ι
2555 2867 2860 2934 Statimque
2878 2874 2935 2920 ut
2960 2875 3172 2920 oratum
3196 2866 3264 2896 W
3289 2877 3388 2926 est,
3415 2877 3539 2934 rupl
3563 2879 3750 2935 squam

2177 2960 2387 3013 fortiter
2410 2957 2672 3018 vinculis,
2705 2958 2795 3011 Dei
2827 2958 3000 3025 gratia
3039 2957 3238 3012 nesciis
3284 2957 3602 3011 custodibus
3642 2972 3752 3009 car-

559 3066 650 3121 25.
692 3065 838 3120 huc,
861 3067 932 3098 m
960 3045 1096 3136 quos
1116 3067 1330 3137 gemilis
1357 3067 1596 3135 quidam,
1623 3065 1871 3135 baptismi
1895 3065 2069 3136 gratia
2097 3093 2142 3153 Ο
2175 3064 2299 3102 cere
2327 3057 2408 3101 est
2439 3045 2760 3112 exsolutus;
2795 3046 2887 3102 scd
2918 3056 3070 3100 extra
3097 3047 3405 3100 astantibus
3430 3061 3750 3116 paganorum

489 3158 726 3212 nondum
769 3158 1086 3222 mundatus,
1133 3174 1257 3212 cum
1305 3172 1362 3212 se
1399 3159 1511 3227 jam
1549 3173 1646 3226 per
1681 3159 1823 3210 beati
1876 3159 2067 3211 merita

492 3246 812 3300 Vencczlavi
835 3257 1009 3302 morte
1033 3247 1320 3302 liberatum
1355 3247 1606 3310 senserit,
1640 3248 1704 3300 ad
1738 3247 1858 3302 ﬁdei
1884 3249 2070 3302 catho-

492 3336 610 3391 lica:
639 3352 821 3390 veram
853 3337 1183 3406 agnitionem
1211 3337 1437 3391 devotus
1463 3337 1832 3399 convertitur,
1865 3337 2070 3394 salubri

493 3424 712 3480 lavacro
749 3435 1030 3494 purgatur,
1065 3425 1386 3495 ﬁrmataque
1425 3426 1532 3481 ﬁde
1560 3426 1652 3492 "7,
1684 3439 1748 3482 ae
1791 3425 1887 3482 Dei
1933 3427 1983 3481 in
2012 3441 2071 3481 se

491 3518 708 3572 conﬁxo
731 3531 914 3572 amore
944 3517 1058 3582 ⁸⁷⁷⁸,
1091 3525 1278 3572 natum
1303 3517 1542 3582 unicum,
1569 3534 1728 3587 quem
1767 3532 1921 3587 aeque
1943 3531 2070 3587 pro-

491 3609 609 3675 pria
647 3609 755 3662 vita
788 3608 994 3675 dilexit,
1024 3609 1079 3664 in
1105 3609 1395 3664 clericatus
1433 3608 1666 3665 oﬂicium
1717 3609 1813 3665 Dei
1841 3609 2075 3664 servicio

491 3697 562 3752 ad
595 3697 736 3754 beati
784 3699 1026 3754 martiris
1061 3699 1356 3755 accelesiam
1405 3713 1462 3757 se
1494 3701 1744 3756 daturum
1797 3698 2068 3770 promisit.

2177 3143 2471 3198 latronibus
2506 3143 2700 3197 iterum
2733 3153 2960 3212 captus,
2996 3143 3221 3196 nimium
3255 3142 3680 3210 constringitur,
3705 3149 3752 3193 et

2178 3235 2302 3289 dum
2328 3232 2537 3303 longius
2562 3231 2664 3286 sub
2686 3233 2937 3296 vinculis,
2967 3231 3150 3300 precio
3177 3247 3284 3300 quo
3317 3231 3492 3300 possit
3523 3243 3754 3284 commu-

2182 3325 2400 3388 tandus,
2427 3324 2766 3385 transfertur,
2804 3323 3040 3392 priorem
3074 3322 3268 3390 repetit
3311 3322 3660 3384 oracionem;
3691 3333 3751 3372 ac

2181 3417 2566 3474 mansuefactis
2586 3416 2866 3487 gentilium
2888 3415 3373 3484 cordibus,sponte
3398 3429 3526 3468 eum
3551 3412 3754 3467 solvunt

2181 3527 2247 3566 ac
2274 3511 2572 3565 dimittunt.
2600 3509 2672 3562 At
2697 3508 2766 3540 ”°
2812 3507 2885 3562 ita
2915 3507 3092 3562 denuo
3121 3507 3402 3567 liberatus,
3437 3504 3622 3559 laudes
3651 3503 3754 3558 Deo

2178 3609 2236 3658 et
2258 3602 2417 3656 beato
2446 3599 2568 3654 duci
2593 3615 2689 3669 per
2711 3607 2884 3653 terras
2909 3598 3088 3652 eundo
3115 3595 3488 3665 magniﬁcavit
3513 3594 3601 3647 "ﬁ

2247 3693 2336 3748 28.
2381 3691 2635 3747 Mansisse
2667 3689 2839 3746 fertur
2868 3689 3054 3744 eadem
3085 3689 3324 3752 civitate,
3359 3702 3470 3759 qua
3509 3696 3748 3742 sanctum

1705 3937 1939 3993 VAlllIE
1978 3934 2383 3992 LECTIONES.

570 4075 932 4148 mjudicario
977 4076 1142 4148 capiti
1192 4077 1264 4148 l.‘
1357 4077 1426 4115 ⁹⁶⁹
1479 4077 1696 4148 ἄθρει-1·

1810 4075 1880 4107 ³⁷⁸
1909 4082 2030 4143 post
2085 4072 2198 4126 ltaze
2250 4070 2573 4143 iu__carcere
2619 4069 2835 4143 plurimi
2887 4069 3152 4143 homines
3190 4069 3453 4143 ja‘cebant
3501 4070 3556 4124 in
3617 4069 3754 4143 ligno

497 4139 716 4210 inclusi,
745 4155 802 4200 et
845 4139 1137 4212 unicuique
1194 4145 1295 4200 luit
1344 4153 1564 4213 torques
1613 4145 1823 4199 ferreus
1871 4139 1923 4197 iri
1950 4143 2114 4208 collo,
2166 4149 2222 4195 et
2268 4141 2341 4195 hii
2379 4154 2584 4213 omnes
2655 4140 2724 4213 ἱιιΔ
2763 4139 3535 4213 angustiissttjs'_Dominttm
3583 4141 3754 4213 ontni-

496 4208 775 4288 potentem
833 4208 1266 4288 deprecabantur
1316 4208 1602 4288 dicentes;
1663 4214 1889 4288 Domine
1937 4213 2076 4268 Deus
2123 4227 2219 4288 per
2259 4210 2536 4288 meritauet
2585 4210 2860 4262 orationes
2911 4208 3054 4288 beati
3107 4208 3524 4288 \Yc_(u)zezla.\vi
3571 4211 3752 4276 adjnva

499 4278 626 4340 itos.
660 4284 828 4338 Nocte
860 4278 1039 4334 autem
1076 4283 1318 4335 insecuta
1347 4283 1502 4348 quasi
1552 4282 1979 4336 tintinnabulum
2027 4278 2210 4336 sonuit
2261 4280 2311 4333 in
2347 4280 2804 4348 anribusieorum,
2853 4288 2907 4332 et
2954 4278 3041 4330 lux
3081 4279 3290 4348 refulsit
3342 4279 3394 4331 in
3436 4293 3678 4339 carcere,
3705 4290 3754 4331 ct

488 4354 733 4408 tetendit
755 4365 812 4404 se
836 4349 1036 4418 lignum
1059 4349 1207 4418 velut
1229 4347 1409 4412 arcus,
1443 4360 1497 4404 et
1528 4359 1887 4404 extraxerunt
1923 4350 2087 4418 pedes
2110 4364 2238 4404 suos
2264 4349 2330 4403 de
2359 4349 2525 4415 ligno.
2565 4347 2719 4402 Tunc
2746 4363 2934 4400 omnes
2965 4347 3407 4401 vociferalmntur
3431 4351 3754 4402 unanimiter

487 4424 744 4480 dicentes
773 4436 786 4472 :
821 4417 1044 4473 Dutnine
1071 4417 1211 4472 Deus
1242 4419 1502 4475 miserere
1533 4423 1710 4474 nobis.
1746 4420 1862 4473 Mox
1909 4417 2084 4474 adfuit
2128 4419 2331 4475 Christi
2378 4422 2570 4479 virtus,
2601 4430 2655 4471 et
2701 4419 3120 4486 uniuscujusque
3157 4427 3377 4484 torques
3424 4418 3752 4478 confractus,

499 4489 778 4546 cccitlitdc
819 4486 977 4553 collo,
1024 4487 1215 4541 cecidit
1255 4489 1308 4541 in
1343 4497 1561 4543 terram.
1606 4489 1674 4542 M.
1754 4490 1821 4521 ²⁷¹
1849 4490 1990 4542 deest
2021 4489 2073 4542 2.
2103 4490 2156 4541 '5.
2233 4489 2302 4519 ’τ’
2326 4486 2566 4541 (ξιιιιςυὲ.
2642 4487 2712 4518 ³⁷⁸
2735 4503 2786 4539 ιι.
2830 4502 2879 4538 v.
2918 4503 2965 4540 c.
2995 4502 3046 4541 c.
3101 4487 3284 4539 desunt
3312 4487 3365 4539 2.
3445 4489 3520 4518 ³⁷⁸
3558 4490 3753 4541 intonat

500 4561 552 4615 2.
584 4560 636 4614 5.
713 4559 784 4590 ³⁷⁸
811 4568 865 4628 et
893 4558 944 4611 1.
1019 4557 1090 4628 "‘_
1120 4556 1236 4622 Quo
1263 4573 1378 4610 vrso
1403 4558 1664 4611 miraculo
1694 4575 1832 4613 ttnus
1854 4574 2093 4628 paganus
2123 4558 2212 4628 qui
2243 4559 2294 4612 in
2343 4558 2533 4611 eadem
2572 4566 2752 4628 tentus
2791 4560 3129 4628 servabatur,
3161 4567 3343 4628 votum
3373 4559 3520 4610 vovit
3548 4559 3752 4628 domino

498 4631 721 4684 dicens:
750 4628 806 4681 Si
840 4626 981 4680 Deus
1008 4625 1224 4694 adjuvat
1273 4641 1358 4680 me
1387 4643 1483 4694 per
1527 4629 1719 4682 merita
1765 4625 1906 4682 beati
1930 4625 1943 4626 ί
1966 4625 2349 4688 Wencezlawi,
2378 4629 2538 4679 cre.lo
2573 4629 2622 4678 in
2671 4626 2973 4689 Christum,
3018 4637 3070 4680 et
3101 4627 3240 4677 dabo
3295 4627 3463 4679 lilium
3510 4644 3677 4680 meum
3705 4626 3752 4679 ei

499 4700 554 4752 in
593 4699 890 4752 servitium.
935 4695 1010 4750 De
1064 4711 1172 4762 quo
1217 4699 1401 4750 statim
1456 4699 1635 4750 omnia
1695 4698 1868 4752 vincla
1923 4695 2098 4751 ferrea
2151 4698 2484 4756 ceciderunt,
2525 4710 2684 4762 quem
2737 4698 2930 4748 iterum
2993 4697 3298 4763 iterumque
3357 4699 3636 4764 artiusque
3671 4697 3753 4748 in-

502 4768 816 4827 cluserunt,
863 4775 919 4818 et
968 4781 1178 4818 rursum
1227 4767 1365 4818 sicut
1411 4777 1536 4820 ante
1573 4767 1889 4820 ceciderunt
1939 4766 2008 4820 ab
2055 4782 2120 4820 eo
2162 4770 2471 4834 compedes.
2526 4765 2626 4832 Qui
2671 4768 2928 4818 continuo
2982 4765 3263 4827 dimissus,
3317 4776 3369 4819 et
3422 4779 3607 4819 sancta
3652 4766 3756 4819 ﬂde

503 4837 821 4895 instructus,
875 4835 1180 4903 baptizatus
1228 4845 1330 4892 est,
1375 4845 1430 4887 et
1482 4846 1665 4902 postea
1717 4837 1851 4888 vixit
1913 4836 2178 4902 plurimos
2232 4851 2425 4888 annos.
2474 4834 2541 4886 Μ.
2619 4835 2686 4865 ’⁷⁷
2733 4835 3040 4903 ﬂrntitaque
3082 4836 3206 4903 litlci
3256 4836 3304 4887 Ι.
3382 4835 3476 4866 ⁸⁷⁷·
3522 4852 3572 4888 a.
3615 4851 3644 4888 c
3699 4835 3749 4885 ‘3.

503 4913 722 4972 gnatum
754 4914 1116 4973 corranutuur
1140 4902 1191 4955 1.
1269 4903 1336 4934 ³⁷⁸
1362 4905 1500 4973 Qua'
1527 4906 1579 4957 in
1610 4907 1705 4957 hoc
1728 4907 1956 4973 capitulo
1995 4904 2266 4972 leguntur,
2315 4921 2417 4956 non
2463 4904 2721 4957 habentur
2769 4905 2823 4956 in
2859 4902 2966 4956 Μ(
3010 4903 3080 4934 ³⁷⁸
3113 4902 3382 4972 Quicquid
3429 4906 3478 4958 Ι.
3521 4905 3584 4958 ll.
3618 4920 3749 4971 quo-

503 4970 608 5043 due
643 4973 696 5026 2.
723 4974 779 5043 3.
854 4971 924 5003 ²⁸⁰
955 4970 1285 5043 deltjvuett
1317 4971 1755 5043 aliogalrameguo
1787 4970 1874 5028 sed
1903 4970 2087 5028 eadem
2135 4990 2312 5043 ηιιιιιιι
2336 4975 2390 5026 in
2421 4974 2532 5043 loco
2560 4989 2722 5028 vacuo
2764 4973 3046 5043 relicto].
3089 4975 3176 5025 ubi
3225 4970 3284 5043 Ιιξ
3308 4970 3752 5042 superscriptitm;

506 5039 561 5095 ti.
624 5043 682 5097 P.
745 5041 930 5111 desunt
980 5039 1032 5092 2.
1091 5041 1151 5111 ὅ.
1222 5040 1288 5073 ⁸⁸³
1335 5057 1380 5093 s.
1428 5041 1466 5094 l'.
1506 5042 1574 5111 ἓ.
1637 5041 1706 5097 ὐ
1731 5043 1858 5096 vii.
1933 5043 2004 5075 ’⁸³
2052 5044 2222 5096 rabid.
2284 5042 2339 5096 5.
2417 5042 2486 5074 ⁸⁸⁵
2516 5043 2660 5096 enim
2691 5043 2744 5096 1.
2821 5042 2891 5074 ³⁸⁸
2922 5041 3076 5111 pillos
3114 5045 3158 5094 Ι.
3238 5042 3308 5074 ⁸⁸⁸
3355 5039 3509 5097 Alius
3549 5039 3752 5111 quoque

505 5111 694 5182 codetn
725 5112 883 5164 modo
904 5109 1090 5182 jussus
1127 5107 1311 5182 fuerat
1334 5111 1532 5182 retrudi
1563 5110 1614 5163 in
1661 5126 1957 5172 carcerem,
1992 5128 2021 5165 a
2063 5127 2169 5180 quo
2199 5112 2449 5166 similiter
2491 5122 2687 5182 cuncta
2735 5107 3086 5182 argumenta
3133 5111 3478 5182 vinculorum
3522 5107 3751 5180 disrupta

507 5181 1028 5258 ceciderunt,_q_uetn
1055 5179 1314 5258 increduli
1349 5179 1534 5258 statim
1563 5179 2108 5258 .comprebendeaEes
2157 5183 2518 5256 vendiderunt
2549 5179 2859 5252 longinquis
2897 5181 3141 5250 paganis.
3173 5180 3277 5246 Qui
3325 5198 3450 5236 cum
3475 5179 3752 5237 duceretur
