3972 5428
157 325 243 378 9η
1140 320 1295 376 νιτΑ
1354 317 1708 376 VANCEZLA

1833 315 2034 374 DUCIS
2070 315 2420 378 DOHEMI‘.

3299 312 3404 371 912

158 434 439 508 requiescit
471 448 685 504 corpus,
711 418 1167 503 mulier‘quaedam
1207 436 1322 489 visu
1361 433 1575 497 orbata,
1605 448 1722 486 ma-
1749 437 1797 496 Α
1825 431 2029 497 valeas,
2061 446 2096 486 ο
2129 447 2349 501 panper,
2379 446 2556 504 surge,
2586 446 2650 487 ac
2679 431 2928 504 Pragam,
2963 432 3198 490 Boemite
3219 435 3288 468 '“
3331 437 3408 492 cl-

155 544 310 584 nuutn
341 541 566 580 recurva
597 523 880 578 inﬂexione
902 524 968 577 ab
997 525 1111 593 ipso
1135 525 1244 594 jam
1277 534 1397 578 orttt
1424 533 1722 587 contracta,

156 620 290 673 onmi
342 633 441 670 usu
479 619 572 679 ”',
605 615 848 669 manibus
896 631 991 684 per
1037 626 1283 670 naturam
1323 631 1581 670 concesso
1616 617 1726 684 pri-

155 719 288 762 vata.
319 706 451 772 Quae
480 705 746 769 videlicet,
796 720 1013 759 reverso
1056 721 1152 775 per
1201 722 1396 759 annmn
1444 707 1530 761 die
1574 705 1722 760 festi-

156 799 328 861 νοω,
359 796 659 850 :ecclesiam
700 799 873 850 sancti
921 797 1023 850 Viti
1074 798 1328 867 martyris
1371 798 1632 868 ingressa,
1669 807 1724 851 ct

154 899 270 942 ante
296 887 642 956 sepulchrum
674 887 814 939 beati
858 887 1170 940 Vencezlavi
1191 927 1204 949 ,
1239 903 1345 955 quo
1375 887 1720 950 desideravit,

155 982 328 1041 ducta,
383 994 548 1032 orans
598 987 894 1046 prostrata,
954 978 1154 1032 tamditt
1202 978 1451 1046 precibus
1493 977 1723 1046 lugendo

153 1078 484 1141 perseverat,
537 1067 714 1138 quoad
762 1068 971 1122 cunctis
1010 1068 1356 1122 cernentibus
1400 1067 1570 1120 sancti
1620 1066 1720 1118 viri

155 1160 344 1213 meritis
374 1157 492 1210 visu
523 1155 892 1220 inluminatur,
926 1165 978 1209 et
1023 1170 1278 1208 manuum
1321 1153 1470 1208 salva
1500 1153 1721 1206 restituo

152 1251 293 1305 cioue
319 1251 674 1303 instauratur.

212 1343 296 1395 29.
333 1341 530 1395 Postea
571 1353 785 1408 quoque
819 1345 1008 1406 captus
1045 1337 1261 1406 qttidam
1292 1336 1360 1390 ah
1395 1335 1500 1400 his,
1529 1334 1721 1405 quibus

157 1436 476 1503 aliquantum
526 1431 768 1502 pecuniae
815 1429 915 1484 sub
960 1428 1426 1483 accomodacionis
1459 1427 1530 1458 "l‘
1563 1436 1721 1496 pacto

152 1527 350 1588 debuit,
404 1525 606 1592 diuque
661 1523 763 1576 sub
809 1520 1145 1574 vinculorum
1197 1520 1563 1582 districtione,
1615 1532 1721 1586 quo

154 1617 377 1670 debitum
413 1616 608 1676 solvat,
641 1613 905 1666 contritus
935 1622 1036 1665 est.
1071 1610 1176 1664 Sed
1207 1611 1400 1664 ceteris
1437 1611 1720 1664 imminen-

155 1708 372 1761 tihus'”
413 1707 674 1776 negociis,
716 1704 896 1772 aliquo
931 1719 1026 1772 per
1057 1704 1242 1757 urbem
1292 1704 1390 1772 ipsi
1436 1716 1714 1772 vagantes,

1827 525 2070 586 vitalem,
2104 525 2352 594 quamvis
2390 526 2536 579 onmi
2569 527 2688 580 data
2723 541 2820 595 pro
2847 527 3092 581 vehiculo
3120 544 3227 598 quo
3264 527 3408 584 ferae

1827 614 1903 669 ris
1930 615 2250 678 substantia,
2282 615 2644 683 proﬁciscere,
2673 630 2844 684 eoque
2873 626 3184 684 perventus,
3213 619 3404 673 (eccle-

1826 704 1962 756 siam
1995 706 2166 756 saneti
2199 703 2304 757 Viti
2347 705 2623 773 martyris,
2652 720 2755 774 qua
2791 716 3036 761 sanctum
3088 707 3406 764 Vencezlavi

1826 796 2067 849 martiris
2131 811 2326 865 corpus
2389 798 2709 866 requiescit,
2772 799 3094 868 ingreditor;
3154 800 3408 871 factaque

1825 887 2080 940 oracione
2115 888 2330 950 ibidem,
2377 905 2596 958 gressus
2637 899 2833 959 praeter
2871 907 3032 945 omne
3065 892 3285 946 dubium
3323 908 3409 946 re-

1824 979 1990 1047 cipies
2044 980 2351 1036 sanitatem.
2393 1000 2411 1032 ι
2457 981 2556 1046 Qui
2606 995 2795 1035 somno
2850 997 3091 1036 emersus
3128 983 3279 1052 jussa
3333 982 3406 1016 '°‘

1824 1068 2132 1138 neglegens,
2164 1071 2338 1124 somni
2383 1087 2443 1125 se
2477 1071 2722 1126 delusum
2760 1073 3007 1138 credens,
3041 1075 3143 1128 iter
3182 1075 3404 1144 imposi-

1825 1165 1936 1210 tum
1991 1159 2210 1212 omnino
2260 1159 2458 1214 diﬂ‘ert.
2513 1159 2680 1216 Name
2727 1172 2908 1216 autem
2959 1163 3202 1218 insecuta
3247 1167 3390 1220 enhil

1823 1263 2027 1318 panper
2056 1251 2364 1318 quiescens,
2395 1254 2622 1306 curulem
2653 1262 2814 1307 tantae
2843 1255 3110 1309 claritatis
3140 1258 3406 1312 seniorem

1821 1339 2017 1396 lectulo
2065 1342 2256 1396 iterum
2293 1343 2366 1375 ³⁰⁶
2416 1345 2589 1398 cernit
2640 1347 2968 1412 adstantem,
3002 1350 3091 1417 qui
3133 1367 3254 1404 eum
3308 1353 3410 1405 hoc

1822 1431 1985 1483 modo
2038 1433 2366 1502 redargncns
2418 1434 2538 1487 ait:
2579 1453 2598 1485 ι
2639 1435 2848 1504 Pauper
2895 1439 3156 1502 amande,
3217 1457 3408 1496 somno

1822 1524 2082 1585 excitare,
2121 1524 2344 1577 visionis
2394 1524 2552 1593 hujus
2599 1541 2784 1580 verum
2809 1527 2879 1558 ⁸⁰⁷
2928 1544 3161 1598 agnusce
3207 1546 3409 1600 prtesa-

1822 1614 1989 1684 gium.
2028 1615 2177 1668 Unde
2219 1616 2416 1670 misero
2465 1610 2556 1671 tibi
2605 1619 2963 1689 neglegentia,
2995 1638 3193 1690 corpus
3232 1624 3408 1678 debile

1822 1706 2162 1759 curandum?
2189 1707 2298 1760 Cur
2335 1708 2438 1761 iter
2460 1709 2529 1739 ³⁰⁸
2567 1709 2632 1761 ad
2674 1712 2948 1778 propriam
2980 1711 3206 1766 salutem
3236 1729 3409 1782 nnpt-r

153 1801 373 1852 vinctum
419 1799 633 1851 interim
686 1812 808 1850 eum
845 1796 916 1826 m
963 1796 1104 1848 inter
1157 1796 1298 1848 viam
1353 1795 1620 1863 publicam
1666 1804 1720 1848 et
1752 1769 1794 1829 Β
1825 1814 1942 1851 mea
1998 1798 2088 1852 tibi
2139 1799 2394 1852 indictum
2422 1800 2492 1832 ³⁰⁹
2537 1801 2742 1855 visione
2773 1803 3065 1857 distuliitl?
3100 1823 3119 1855 ι
3164 1803 3277 1870 Qua
3321 1805 3406 1857 in-

153 1889 429 1942 :ecclesiam
457 1887 660 1951 deforis
682 1887 782 1940 sub
817 1886 1059 1940 custodia
1079 1887 1350 1952 jacentcm
1377 1885 1716 1938 dimiserunt.

153 1978 231 2032 ille
260 1979 427 2032 media
463 1985 712 2032 versatus
744 1976 1017 2045 angustia,
1062 1989 1252 2028 manus
1282 1983 1468 2028 contra
1506 1984 1717 2042 portam

154 2072 389 2125 atcclesite
430 2071 649 2133 levavit,
682 2069 782 2122 hoc
812 2069 972 2124 modo
1011 2077 1302 2136 precatus:
1337 2087 1353 2118 t
1389 2067 1432 2122 Ο
1470 2069 1573 2120 dux
1616 2067 1716 2120 mi-

156 2163 342 2216 tissime
367 2162 666 2230 martirque
698 2161 1064 2222 sanctissime,
1106 2175 1230 2214 cum
1268 2159 1379 2227 jam
1424 2158 1622 2211 multos
1653 2158 1720 2212 ab

155 2253 421 2322 impiorum
463 2253 716 2307 manibus
745 2255 1006 2305 sanctitas
1035 2260 1119 2304 tua
1164 2251 1230 2303 ad
1271 2265 1522 2318 magnum
1553 2249 1718 2302 Deum

155 2347 521 2400 intercedendo
565 2345 858 2414 eripuerit,
915 2358 1082 2397 exoro
1126 2343 1310 2404 miser,
1358 2354 1424 2393 ne
1467 2355 1552 2394 me
1586 2337 1719 2393 obli-

157 2436 359 2489 viscaris
397 2436 648 2504 ligatum,
680 2435 773 2488 sed
825 2433 982 2488 solita
1026 2434 1226 2502 pietate
1260 2433 1384 2486 hinc
1427 2446 1511 2485 me
1552 2433 1720 2486 facias

155 2527 437 2581 exsolutum
471 2527 565 2580 "7.
603 2546 621 2576 ι
663 2524 1028 2580 Prmsente’t'
1069 2525 1239 2578 cicius
1281 2523 1370 2577 Dei
1409 2523 1716 2586 clementia,

155 2616 280 2670 beati
309 2617 550 2671 martiris
574 2616 820 2685 precibus
845 2616 1000 2684 quasi
1035 2613 1206 2668 ferrea
1234 2616 1349 2667 acie
1377 2613 1593 2667 concisa
1626 2611 1712 2676 ’9’,

156 2709 313 2763 Subito
359 2709 716 2764 dissOtiantur
765 2707 1008 2770 vincula,
1050 2707 1270 2775 ipseque
1314 2705 1407 2758 Dei
1462 2705 1715 2774 templum

158 2814 319 2872 grates
353 2803 702 2874 rependendo
739 2801 1014 2870 ingressus
1037 2840 1050 2862 ,
1097 2799 1422 2869 prolatisque
1453 2799 1520 2850 ad
1551 2798 1714 2849 Deum

157 2904 202 2946 et
242 2905 450 2949 sanctos
500 2893 752 2947 martircs
803 2891 1156 2954 orationibus,
1198 2889 1332 2942 hber
1374 2889 1589 2941 domum
1630 2900 1716 2940 re-

156 2989 306 3040 meavi
317 2997 354 3040 t.

214 3076 290 3130 30.
332 3079 659 3134 Francorum
703 3078 865 3147 igitur
903 3073 1179 3145 provincia
1224 3073 1309 3128 vir
1355 3071 1572 3141 quidam
1619 3087 1711 3140 pe-

1739 3104 1783 3163 C
1817 3104 1920 3126 ιιιη
1952 3104 2195 3128 "mutua
2271 3104 2278 3105 ί
2321 3104 2534 3140 tuuuu,
2563 3104 2755 3145 [mttunt
2784 3104 2933 3131 IIUI‘VI
2963 3104 3110 3145 pt'ltlb
3134 3104 3398 3134 ςυιιιηιωι

1816 3165 1969 3232 quasi
2004 3162 2218 3235 fragore
2256 3167 2622 3219 extenduntur
2651 3165 2742 3232 ³³⁸,
2774 3167 2930 3221 bases
2957 3177 3012 3221 et
3043 3168 3238 3237 plantae
3265 3185 3398 3224 con-

154 3168 262 3218 dum
287 3167 351 3200 ³⁰“
384 3171 598 3223 incessu
631 3170 700 3222 ab
731 3169 841 3236 ipsa
881 3167 992 3234 jam
1037 3165 1265 3220 infantia
1302 3177 1493 3216 carens
1522 3163 1614 3226 ³⁰¹,
1655 3172 1709 3216 et

157 3255 330 3312 viciala
361 3270 553 3313 natura
581 3275 686 3312 non
721 3257 1018 3327 gressibilis
1044 3256 1134 3309 sed
1166 3254 1368 3322 reptilis
1391 3268 1486 3322 pcr
1509 3262 1707 3306 terram

154 3358 205 3398 se
237 3349 596 3403 contrahendo
627 3349 902 3411 incedens,
937 3357 1092 3400 nocte
1140 3347 1369 3414 quadam
1416 3358 1511 3413 per
1548 3358 1707 3412 sopo-

157 3447 255 3487 rem
282 3439 484 3491 vrsione
516 3437 812 3498 intrenmit,
846 3436 1099 3505 quoniam
1127 3435 1277 3487 mira:
1299 3433 1710 3502 pulchritudinis

157 3524 246 3590 vir,
277 3527 407 3582 albis
435 3530 504 3562 ⁸⁸³
547 3530 785 3593 indutus,
819 3527 1013 3582 lectulo
1048 3526 1306 3579 assistens
1336 3525 1426 3590 ³⁰³,
1461 3524 1708 3577 claudum

158 3621 354 3686 excitat,
379 3638 441 3676 ac
463 3622 692 3678 salutem
714 3627 980 3675 monstrat
1001 3619 1223 3672 dicens:
1257 3633 1275 3666 t
1305 3615 1531 3685 Quoquo
1551 3615 1710 3670 modo

1821 1889 2153 1958 crepationis
2198 1893 2490 1959 asperitate
2536 1891 2760 1946 claudus
2797 1893 3081 1962 evigilans,
3114 1894 3268 1961 pulso
3306 1909 3404 1946 att-

1822 1981 1967 2035 ditus
1993 1983 2177 2045 dubio,
2202 1983 2443 2037 veritatis
2473 1999 2576 2038 non
2609 1985 2834 2050 inseius,
2865 1988 3142 2054 respondit
3169 2002 3181 2038 :
3220 2006 3236 2036 ε
3274 1984 3409 2038 Ριο·

1824 2072 1992 2127 fieisci
2045 2089 2150 2144 non
2207 2091 2410 2139 moror,
2442 2091 2474 2129 ο
2518 2076 2604 2144 pie
2649 2091 2713 2130 ac
2758 2077 3079 2131 venerabilis
3128 2077 3346 2130 Stnior!
3380 2096 3399 2128 ι

1824 2163 2096 2233 Factoqne
2133 2179 2309 2227 mane,
2342 2175 2565 2234 paratur
2607 2167 2930 2236 quantocius
2971 2166 3305 2220 vehiculum:
3342 2182 3407 2221 ac

1819 2254 1942 2310 data
2003 2259 2395 2311 mercatoribus
2442 2274 2539 2328 per
2588 2259 2815 2313 eandem
2869 2259 3008 2312 viam
3063 2261 3405 2314 tendentibus

1819 2346 2017 2415 placita
2049 2348 2318 2410 mercede,
2353 2347 2550 2402 festino
2575 2364 2759 2402 eorum
2793 2350 2953 2403 ductu
2995 2351 3062 2403 ad
3095 2350 3205 2417 jam
3238 2353 3405 2405 desti-

1821 2445 2002 2488 natum
2030 2433 2098 2466 ³⁸⁸
2120 2438 2363 2504 pervenit
2390 2435 2587 2500 locum,
2616 2445 2666 2489 et
2686 2438 2841 2506 juxta
2870 2440 3104 2505 priorem
3129 2438 3230 2492 viri
3258 2441 3307 2493 in
3333 2441 3400 2471 ⁸¹¹

1819 2540 2010 2579 somno
2060 2527 2372 2594 apparentis
2424 2528 2773 2580 tnonitionem
2803 2528 2870 2558 ³¹²
2907 2531 3076 2583 sancti
3111 2529 3214 2584 Viti
3253 2547 3395 2586 mar-

1822 2617 1942 2670 tiris
1987 2618 2268 2682 arcelesite,
2302 2635 2406 2686 qua
2455 2620 2669 2673 beatum
2714 2636 2909 2690 corpus
2956 2624 3210 2692 quiescit,
3248 2641 3400 2694 gres-

1818 2724 1976 2763 suum
2013 2711 2244 2764 orbitate
2283 2712 2572 2778 invalidus,
2614 2713 2839 2767 aliorum
2873 2715 2942 2746 ⁸⁸³
2973 2720 3288 2786 portacione
3321 2720 3402 2772 in-

1816 2799 2009 2855 fertur.
2060 2801 2188 2856 Solo
2241 2813 2366 2857 ante
2417 2821 2566 2857 aram
2619 2814 2941 2874 prostratus,
2990 2809 3178 2862 intime
3232 2810 3397 2863 Deum

1817 2901 2142 2959 sanctosque
2191 2904 2464 2963 precatur.
2507 2893 2622 2948 Non
2663 2897 2863 2950 diutius
2907 2910 3148 2953 morante
3185 2900 3401 2955 virtutis

1815 2980 2009 3034 divina:
2037 2980 2108 3012 ³η
2133 2982 2392 3046 subsidio,
2422 2985 2516 3037 sed
2545 3000 2644 3053 per
2690 2986 2935 3038 miranda
2978 2987 3116 3041 beati
3159 2987 3395 3043 Vencez-

1817 3073 1920 3126 lavi
1952 3074 2195 3128 martiris
2217 3073 2286 3105 ³¹⁸
2321 3076 2534 3140 merita,
2563 3077 2755 3145 pedum
2784 3077 2933 3131 nervi
2963 3079 3110 3145 prius
3134 3082 3398 3134 contracti

1815 3257 2138 3310 solidantur.
2190 3256 2373 3326 Surgit
2422 3258 2514 3312 Dei
2562 3259 2734 3328 gratia
2791 3273 2976 3323 sanus,
3018 3259 3298 3328 relataque
3329 3261 3395 3292 ‘"

1817 3347 2114 3416 gratiarum
2145 3346 2377 3411 actione,
2411 3363 2540 3402 sana
2579 3357 2634 3401 et
2672 3347 2795 3402 forti
2842 3348 3089 3403 incessus
3127 3359 3401 3404 restaura-

1819 3441 1965 3494 tionc
1997 3450 2244 3508 potenter
2291 3439 2408 3493 sine
2462 3439 2686 3506 alicujus
2734 3439 3096 3494 sustentaculo
3123 3433 3427 3509 egressus,

1815 3531 2042 3598 patriam
2067 3529 2356 3583 exultando
2381 3545 2444 3582 ac
2465 3530 2554 3582 Dei
2581 3529 2848 3584 mirabilia
2875 3530 3033 3583 latius
3056 3531 3398 3598 prtedicando

1816 3620 2000 3673 revisit
2027 3618 2117 3673 ³η.

1346 3798 1582 3856 VARle
1611 3796 2014 3853 LELTIONES.

223 3933 285 3963 ’θ’
315 3935 425 3990 visu
456 3940 509 3992 1.
586 3937 654 3970 ⁸⁵³
684 3937 818 3992 festo
857 3937 911 3991 2.
988 3937 1059 3970 ’9‘
1086 3953 1318 3992 acomm.
1355 3940 1406 3993 1.

163 3999 208 4050 1.
274 4004 338 4038 ³⁸⁸
360 4022 408 4060 c.
434 4024 484 4061 a.
515 4008 571 4064 2,
647 4009 716 4040 ³⁰⁰
735 4011 874 4060 deest
909 4009 957 4062 1.
1035 4009 1102 4040 ²⁰¹
1130 4012 1211 4061 vir
1236 4010 1458 4062 claudus
1481 4009 1548 4062 M.

161 4067 222 4099 ³⁰⁵
246 4074 349 4128 visa
375 4079 546 4132 somni
579 4094 631 4131 n.
661 4093 720 4132 se
749 4080 802 4130 (Ι.
837 4094 958 4131 esse
984 4093 1034 4131 c.
1061 4080 1115 4132 2.
1191 4079 1260 4111 ³⁰⁶
1285 4084 1424 4132 deest
1455 4081 1506 4132 1.

161 4133 218 4169 ³¹¹
255 4142 302 4195 in
331 4160 374 4198 s.
407 4164 456 4200 a.
501 4149 684 4200 desunt
712 4147 765 4200 2.
913 4148 982 4178 ³¹¹
1013 4150 1460 4202 atnmonitionem
1489 4150 1543 4202 2.

161 4205 217 4239 ιιτ

1482 3940 1553 3972 ¹⁹⁸
1595 3939 1647 3992 in
1674 3940 1945 3994 mentibus
1976 3939 2026 3993 1.

1627 4009 1694 4040 ³⁰²
1719 4010 1818 4062 alis
1846 4010 1901 4063 2.

1585 4078 1651 4109 ³⁰⁷
1685 4091 1890 4133 certum
1917 4080 1972 4132 2.

1647 4147 1718 4179 ³¹³
1748 4152 1817 4204 ab
1870 4156 2062 4205 borum
2105 4150 2160 4203 2.

251 4212 492 4286 elataque
652 4217 720 4248 ³⁸⁸
753 4231 796 4270 r.
828 4217 1059 4287 Explicit
1081 4220 1260 4288 passio
1289 4218 1345 4273 S.
1375 4217 1685 4275 Wencezlai
1709 4219 1767 4272 2.

2469 3937 2535 3968 ⁸⁸⁷
2565 3935 2866 3990 absolutum
2897 3933 2950 3988 2.
3026 3934 3095 3966 ¹⁹⁸
3133 3937 3392 3992 Cresente

2477 4007 2548 4038 ⁸⁰³
2590 4008 2813 4060 hoetnia:
2849 4021 2985 4058 corr.
3015 4004 3312 4060 boemaniaa
3336 4007 3386 4059 1.

2420 4077 2488 4109 ³⁸³
2522 4078 2557 4131 i.
2585 4076 2679 4130 tibi
2716 4077 2772 4129 2.
2851 4075 2919 4106 ³³⁸
2969 4075 3304 4144 designatum
3327 4075 3386 4129 2.

2427 4163 2478 4202 v.
2511 4146 2565 4200 2.
2641 4146 2711 4179 “'
2741 4146 2882 4201 deest
2925 4146 2981 4199 2.
3069 4145 3141 4178 ³⁸⁸
3168 4147 3294 4202 dist.
3329 4146 3385 4201 2.

2103 3938 2172 3970 ²⁹⁸
2194 3951 2315 3992 cum
2341 3940 2391 3992 1.

1977 4009 2047 4041 ³⁸⁸
2087 4008 2321 4062 asistens
2351 4009 2400 4062 1.

2049 4079 2119 4111 ³⁰⁸
2151 4080 2223 4132 ita
2265 4077 2319 4132 2.
2420 4077 2488 4109 ³⁸³
2522 4078 2548 4131 i.

2049 4165 2062 4202 ι
2105 4150 2160 4203 2.
2236 4148 2307 4181 “"
2341 4148 2396 4204 d.
2427 4163 2478 4202 v.
2511 4146 2548 4199 2
