  <div class='ocr_page' id='page_1' title='image "/cluster/home/n/w/nwhite01/storage/ocr_20150623/135/hvd.32044015471758/479.png"; bbox 0 0 3972 5428; ppageno 0'>
   <div class='ocr_carea' id='block_1_1' title="bbox 566 274 681 329">
    <p class='ocr_par' dir='ltr' id='par_1_1' title="bbox 566 274 681 329">
     <span class='ocr_line' id='line_1_1' title="bbox 566 274 681 329; baseline -0.035 1"><span class='ocrx_word' id='word_1_1' title='bbox 566 274 681 329; x_wconf 67' lang='grc' dir='ltr'><strong>9η</strong></span> 
     </span>
    </p>
   </div>
   <div class='ocr_carea' id='block_1_2' title="bbox 1680 276 2739 336">
    <p class='ocr_par' dir='ltr' id='par_1_2' title="bbox 1680 276 2739 336">
     <span class='ocr_line' id='line_1_2' title="bbox 1680 276 2739 336; baseline 0.003 -3"><span class='ocrx_word' id='word_1_2' title='bbox 1680 277 1947 333; x_wconf 67' lang='grc' dir='ltr'><strong>ιῖιιΑςιλι</strong></span> <span class='ocrx_word' id='word_1_3' title='bbox 1996 278 2297 336; x_wconf 68' lang='lat' dir='ltr'><strong>El‘lSCOPI</strong></span> <span class='ocrx_word' id='word_1_4' title='bbox 2336 276 2739 336; x_wconf 70' lang='lat' dir='ltr'><strong>LEODIENSIS</strong></span> 
     </span>
    </p>
   </div>
   <div class='ocr_carea' id='block_1_3' title="bbox 3730 284 3822 339">
    <p class='ocr_par' dir='ltr' id='par_1_3' title="bbox 3730 284 3822 339">
     <span class='ocr_line' id='line_1_3' title="bbox 3730 284 3822 339; baseline 0.011 -1"><span class='ocrx_word' id='word_1_5' title='bbox 3730 284 3822 339; x_wconf 72' lang='grc' dir='ltr'><strong>εἰι</strong></span> 
     </span>
    </p>
   </div>
   <div class='ocr_carea' id='block_1_4' title="bbox 571 409 3822 458">
    <p class='ocr_par' dir='ltr' id='par_1_4' title="bbox 571 409 3822 458">
     <span class='ocr_line' id='line_1_4' title="bbox 571 409 3822 458; baseline 0.002 -5"><span class='ocrx_word' id='word_1_6' title='bbox 571 409 3822 458; x_wconf 58' lang='lat' dir='ltr'><em>W</em></span> 
     </span>
    </p>
   </div>
   <div class='ocr_carea' id='block_1_5' title="bbox 1760 555 2626 601">
    <p class='ocr_par' dir='ltr' id='par_1_5' title="bbox 1760 555 2626 601">
     <span class='ocr_line' id='line_1_5' title="bbox 1760 555 2626 601; baseline 0.001 -2"><span class='ocrx_word' id='word_1_7' title='bbox 1760 556 1933 600; x_wconf 65' lang='lat' dir='ltr'><strong>ANNO</strong></span> <span class='ocrx_word' id='word_1_8' title='bbox 1973 556 2204 600; x_wconf 74' lang='lat' dir='ltr'><strong>DOMINI</strong></span> <span class='ocrx_word' id='word_1_9' title='bbox 2249 555 2626 601; x_wconf 74' lang='lat' dir='ltr'><strong>DCCCCLIXI.</strong></span> 
     </span>
    </p>
   </div>
   <div class='ocr_carea' id='block_1_6' title="bbox 1590 716 2800 885">
    <p class='ocr_par' dir='ltr' id='par_1_6' title="bbox 1590 716 2800 885">
     <span class='ocr_line' id='line_1_6' title="bbox 1590 716 2800 885; baseline 0.002 -5"><span class='ocrx_word' id='word_1_10' title='bbox 1590 716 2800 885; x_wconf 81' lang='lat' dir='ltr'><strong>ERACLIUS</strong></span> 
     </span>
    </p>
   </div>
   <div class='ocr_carea' id='block_1_7' title="bbox 1375 938 3103 1187">
    <p class='ocr_par' dir='ltr' id='par_1_7' title="bbox 1375 938 3103 1187">
     <span class='ocr_line' id='line_1_7' title="bbox 1375 938 3103 1187; baseline -0.003 -56"><span class='ocrx_word' id='word_1_11' title='bbox 1375 1015 2210 1187; x_wconf 84' lang='lat' dir='ltr'><strong>LEQDIENSIS</strong></span> <span class='ocrx_word' id='word_1_12' title='bbox 2288 938 3103 1137; x_wconf 84' lang='lat' dir='ltr'><strong>EPISCOPUS.</strong></span> 
     </span>
    </p>
   </div>
   <div class='ocr_carea' id='block_1_8' title="bbox 1551 1383 2843 1489">
    <p class='ocr_par' dir='ltr' id='par_1_8' title="bbox 1551 1383 2843 1489">
     <span class='ocr_line' id='line_1_8' title="bbox 1551 1383 2843 1489; baseline 0.003 -14"><span class='ocrx_word' id='word_1_13' title='bbox 1551 1383 2063 1479; x_wconf 84' lang='lat' dir='ltr'><strong>NOTITIA</strong></span> <span class='ocrx_word' id='word_1_14' title='bbox 2150 1386 2843 1483; x_wconf 83' lang='lat' dir='ltr'><strong>HISTORICA.</strong></span> 
     </span>
    </p>
   </div>
   <div class='ocr_carea' id='block_1_9' title="bbox 1998 1554 2412 1632">
    <p class='ocr_par' dir='ltr' id='par_1_9' title="bbox 1998 1554 2412 1632">
     <span class='ocr_line' id='line_1_9' title="bbox 1998 1554 2412 1632; baseline 0.005 -21"><span class='ocrx_word' id='word_1_15' title='bbox 1998 1554 2162 1632; x_wconf 81' lang='lat' dir='ltr'><strong>(Call.</strong></span> <span class='ocrx_word' id='word_1_16' title='bbox 2191 1556 2412 1630; x_wconf 73' lang='lat' dir='ltr'><strong>Christ.)</strong></span> 
     </span>
    </p>
   </div>
   <div class='ocr_carea' id='block_1_10' title="bbox 617 1836 3802 1925">
    <p class='ocr_par' dir='ltr' id='par_1_10' title="bbox 617 1836 3802 1925">
     <span class='ocr_line' id='line_1_10' title="bbox 617 1836 3802 1925; baseline 0.003 -15"><span class='ocrx_word' id='word_1_17' title='bbox 617 1851 885 1917; x_wconf 82' lang='lat' dir='ltr'><strong>Eraclius,</strong></span> <span class='ocrx_word' id='word_1_18' title='bbox 910 1852 1002 1922; x_wconf 91' lang='lat' dir='ltr'><strong>qui</strong></span> <span class='ocrx_word' id='word_1_19' title='bbox 1022 1849 1418 1907; x_wconf 78' lang='lat' dir='ltr'><strong>etEuractuset</strong></span> <span class='ocrx_word' id='word_1_20' title='bbox 1438 1846 2131 1912; x_wconf 78' lang='lat' dir='ltr'><strong>Everacius,etaFnleuino</strong></span> <span class='ocrx_word' id='word_1_21' title='bbox 2161 1836 2207 1892; x_wconf 74' lang='grc' dir='ltr'><strong>Α</strong></span> <span class='ocrx_word' id='word_1_22' title='bbox 2235 1852 2525 1909; x_wconf 74' lang='lat' dir='ltr'><strong>canonicos</strong></span> <span class='ocrx_word' id='word_1_23' title='bbox 2554 1851 2784 1923; x_wconf 80' lang='lat' dir='ltr'><strong>singulis</strong></span> <span class='ocrx_word' id='word_1_24' title='bbox 2834 1854 3192 1925; x_wconf 87' lang='lat' dir='ltr'><strong>deputaverit.</strong></span> <span class='ocrx_word' id='word_1_25' title='bbox 3237 1853 3447 1913; x_wconf 81' lang='lat' dir='ltr'><strong>Ternas</strong></span> <span class='ocrx_word' id='word_1_26' title='bbox 3492 1860 3674 1917; x_wconf 88' lang='lat' dir='ltr'><strong>curias</strong></span> <span class='ocrx_word' id='word_1_27' title='bbox 3724 1864 3802 1918; x_wconf 55' lang='lat' dir='ltr'><strong>de.</strong></span> 
     </span>
    </p>
   </div>
   <div class='ocr_carea' id='block_1_11' title="bbox 540 1938 2127 2010">
    <p class='ocr_par' dir='ltr' id='par_1_11' title="bbox 540 1938 2127 2010">
     <span class='ocr_line' id='line_1_11' title="bbox 540 1938 2127 2010; baseline -0.006 -9"><span class='ocrx_word' id='word_1_28' title='bbox 540 1946 814 2001; x_wconf 77' lang='lat' dir='ltr'><strong>Euracrus</strong></span> <span class='ocrx_word' id='word_1_29' title='bbox 866 1950 1227 2010; x_wconf 90' lang='lat' dir='ltr'><strong>nuncupatur,</strong></span> <span class='ocrx_word' id='word_1_30' title='bbox 1280 1938 1566 1995; x_wconf 76' lang='lat' dir='ltr'><strong>Savonieze</strong></span> <span class='ocrx_word' id='word_1_31' title='bbox 1600 1941 1775 2010; x_wconf 86' lang='lat' dir='ltr'><strong>gentis</strong></span> <span class='ocrx_word' id='word_1_32' title='bbox 1826 1939 2127 2005; x_wconf 70' lang='lat' dir='ltr'><strong>nobilitate,</strong></span> 
     </span>
    </p>
   </div>
   <div class='ocr_carea' id='block_1_12' title="bbox 538 2030 2126 2108">
    <p class='ocr_par' dir='ltr' id='par_1_12' title="bbox 538 2030 2126 2108">
     <span class='ocr_line' id='line_1_12' title="bbox 538 2030 2126 2108; baseline -0.005 -15"><span class='ocrx_word' id='word_1_33' title='bbox 538 2033 797 2108; x_wconf 76' lang='lat' dir='ltr'><strong>singulari</strong></span> <span class='ocrx_word' id='word_1_34' title='bbox 838 2032 1099 2105; x_wconf 81' lang='lat' dir='ltr'><strong>sapientia</strong></span> <span class='ocrx_word' id='word_1_35' title='bbox 1129 2040 1183 2087; x_wconf 91' lang='lat' dir='ltr'><strong>et</strong></span> <span class='ocrx_word' id='word_1_36' title='bbox 1209 2049 1331 2087; x_wconf 89' lang='lat' dir='ltr'><strong>rara</strong></span> <span class='ocrx_word' id='word_1_37' title='bbox 1373 2032 1601 2087; x_wconf 88' lang='lat' dir='ltr'><strong>scientia</strong></span> <span class='ocrx_word' id='word_1_38' title='bbox 1647 2030 1748 2085; x_wconf 82' lang='lat' dir='ltr'><strong>fuit</strong></span> <span class='ocrx_word' id='word_1_39' title='bbox 1778 2030 2126 2102; x_wconf 87' lang='lat' dir='ltr'><strong>percelebris.</strong></span> 
     </span>
    </p>
   </div>
   <div class='ocr_carea' id='block_1_13' title="bbox 537 2127 2127 2199">
    <p class='ocr_par' dir='ltr' id='par_1_13' title="bbox 537 2127 2127 2199">
     <span class='ocr_line' id='line_1_13' title="bbox 537 2127 2127 2199; baseline -0.004 -12"><span class='ocrx_word' id='word_1_40' title='bbox 537 2130 780 2187; x_wconf 70' lang='lat' dir='ltr'><strong>Colonia:</strong></span> <span class='ocrx_word' id='word_1_41' title='bbox 809 2128 1120 2199; x_wconf 76' lang='lat' dir='ltr'><strong>Agrippina:</strong></span> <span class='ocrx_word' id='word_1_42' title='bbox 1149 2128 1414 2193; x_wconf 85' lang='lat' dir='ltr'><strong>eruditus,</strong></span> <span class='ocrx_word' id='word_1_43' title='bbox 1445 2135 1656 2183; x_wconf 90' lang='lat' dir='ltr'><strong>tantum</strong></span> <span class='ocrx_word' id='word_1_44' title='bbox 1685 2143 2027 2199; x_wconf 79' lang='lat' dir='ltr'><strong>progressum</strong></span> <span class='ocrx_word' id='word_1_45' title='bbox 2074 2127 2127 2182; x_wconf 92' lang='lat' dir='ltr'><strong>in</strong></span> 
     </span>
    </p>
   </div>
   <div class='ocr_carea' id='block_1_14' title="bbox 535 2220 2133 2292">
    <p class='ocr_par' dir='ltr' id='par_1_14' title="bbox 535 2220 2133 2292">
     <span class='ocr_line' id='line_1_14' title="bbox 535 2220 2133 2292; baseline -0.004 -10"><span class='ocrx_word' id='word_1_46' title='bbox 535 2224 707 2282; x_wconf 78' lang='lat' dir='ltr'><strong>sacris</strong></span> <span class='ocrx_word' id='word_1_47' title='bbox 734 2223 928 2279; x_wconf 83' lang='lat' dir='ltr'><strong>litteris</strong></span> <span class='ocrx_word' id='word_1_48' title='bbox 959 2222 1107 2287; x_wconf 80' lang='lat' dir='ltr'><strong>fecit,</strong></span> <span class='ocrx_word' id='word_1_49' title='bbox 1134 2230 1451 2291; x_wconf 87' lang='lat' dir='ltr'><strong>tantumque</strong></span> <span class='ocrx_word' id='word_1_50' title='bbox 1488 2236 1585 2292; x_wconf 93' lang='lat' dir='ltr'><strong>pro</strong></span> <span class='ocrx_word' id='word_1_51' title='bbox 1612 2220 1690 2275; x_wconf 85' lang='lat' dir='ltr'><strong>eis</strong></span> <span class='ocrx_word' id='word_1_52' title='bbox 1717 2220 2004 2275; x_wconf 79' lang='lat' dir='ltr'><strong>dilatandis</strong></span> <span class='ocrx_word' id='word_1_53' title='bbox 2041 2236 2133 2275; x_wconf 90' lang='lat' dir='ltr'><strong>ar-</strong></span> 
     </span>
    </p>
   </div>
   <div class='ocr_carea' id='block_1_15' title="bbox 535 2312 2127 2383">
    <p class='ocr_par' dir='ltr' id='par_1_15' title="bbox 535 2312 2127 2383">
     <span class='ocr_line' id='line_1_15' title="bbox 535 2312 2127 2383; baseline -0.003 -12"><span class='ocrx_word' id='word_1_54' title='bbox 535 2316 721 2371; x_wconf 89' lang='lat' dir='ltr'><strong>dorem</strong></span> <span class='ocrx_word' id='word_1_55' title='bbox 744 2314 1011 2383; x_wconf 81' lang='lat' dir='ltr'><strong>concepit,</strong></span> <span class='ocrx_word' id='word_1_56' title='bbox 1043 2320 1099 2368; x_wconf 91' lang='lat' dir='ltr'><strong>ut</strong></span> <span class='ocrx_word' id='word_1_57' title='bbox 1142 2329 1205 2368; x_wconf 75' lang='lat' dir='ltr'><strong>ex</strong></span> <span class='ocrx_word' id='word_1_58' title='bbox 1240 2313 1439 2367; x_wconf 66' lang='lat' dir='ltr'><strong>nomne</strong></span> <span class='ocrx_word' id='word_1_59' title='bbox 1467 2312 1672 2367; x_wconf 86' lang='lat' dir='ltr'><strong>decano</strong></span> <span class='ocrx_word' id='word_1_60' title='bbox 1700 2327 1793 2367; x_wconf 90' lang='lat' dir='ltr'><strong>seu</strong></span> <span class='ocrx_word' id='word_1_61' title='bbox 1840 2312 2127 2383; x_wconf 74' lang='lat' dir='ltr'><strong>praeposito</strong></span> 
     </span>
    </p>
   </div>
   <div class='ocr_carea' id='block_1_16' title="bbox 535 2404 2128 2476">
    <p class='ocr_par' dir='ltr' id='par_1_16' title="bbox 535 2404 2128 2476">
     <span class='ocr_line' id='line_1_16' title="bbox 535 2404 2128 2476; baseline -0.001 -14"><span class='ocrx_word' id='word_1_62' title='bbox 535 2407 710 2462; x_wconf 82' lang='lat' dir='ltr'><strong>factus</strong></span> <span class='ocrx_word' id='word_1_63' title='bbox 733 2405 953 2462; x_wconf 76' lang='grc' dir='ltr'><strong>ιοοιιίς.</strong></span> <span class='ocrx_word' id='word_1_64' title='bbox 982 2405 1269 2476; x_wconf 84' lang='lat' dir='ltr'><strong>episcopus</strong></span> <span class='ocrx_word' id='word_1_65' title='bbox 1301 2405 1444 2459; x_wconf 86' lang='lat' dir='ltr'><strong>circa</strong></span> <span class='ocrx_word' id='word_1_66' title='bbox 1481 2419 1570 2459; x_wconf 88' lang='lat' dir='ltr'><strong>an.</strong></span> <span class='ocrx_word' id='word_1_67' title='bbox 1615 2404 1742 2472; x_wconf 83' lang='lat'><strong>960,</strong></span> <span class='ocrx_word' id='word_1_68' title='bbox 1784 2413 1952 2459; x_wconf 88' lang='lat' dir='ltr'><strong>totam</strong></span> <span class='ocrx_word' id='word_1_69' title='bbox 2002 2404 2128 2461; x_wconf 86' lang='lat' dir='ltr'><strong>Leo-</strong></span> 
     </span>
    </p>
   </div>
   <div class='ocr_carea' id='block_1_17' title="bbox 534 2482 2126 2568">
    <p class='ocr_par' dir='ltr' id='par_1_17' title="bbox 534 2482 2126 2568">
     <span class='ocr_line' id='line_1_17' title="bbox 534 2482 2126 2568; baseline -0.004 -12"><span class='ocrx_word' id='word_1_70' title='bbox 534 2482 812 2558; x_wconf 86' lang='lat' dir='ltr'><strong>diccnsem</strong></span> <span class='ocrx_word' id='word_1_71' title='bbox 860 2498 1183 2564; x_wconf 83' lang='lat' dir='ltr'><strong>Ecclesiam,</strong></span> <span class='ocrx_word' id='word_1_72' title='bbox 1220 2498 1326 2552; x_wconf 93' lang='lat' dir='ltr'><strong>imo</strong></span> <span class='ocrx_word' id='word_1_73' title='bbox 1358 2506 1525 2553; x_wconf 88' lang='lat' dir='ltr'><strong>totam</strong></span> <span class='ocrx_word' id='word_1_74' title='bbox 1567 2498 1925 2568; x_wconf 88' lang='lat' dir='ltr'><strong>provinciam.</strong></span> <span class='ocrx_word' id='word_1_75' title='bbox 1962 2497 2126 2552; x_wconf 88' lang='lat' dir='ltr'><strong>nullis</strong></span> 
     </span>
    </p>
   </div>
   <div class='ocr_carea' id='block_1_18' title="bbox 534 2589 2121 2655">
    <p class='ocr_par' dir='ltr' id='par_1_18' title="bbox 534 2589 2121 2655">
     <span class='ocr_line' id='line_1_18' title="bbox 534 2589 2121 2655; baseline -0.004 -7"><span class='ocrx_word' id='word_1_76' title='bbox 534 2593 798 2648; x_wconf 79' lang='lat' dir='ltr'><strong>lzactenus</strong></span> <span class='ocrx_word' id='word_1_77' title='bbox 828 2590 1024 2645; x_wconf 88' lang='lat' dir='ltr'><strong>litteris</strong></span> <span class='ocrx_word' id='word_1_78' title='bbox 1055 2590 1400 2651; x_wconf 88' lang='lat' dir='ltr'><strong>illustratam,</strong></span> <span class='ocrx_word' id='word_1_79' title='bbox 1437 2589 1503 2644; x_wconf 84' lang='lat' dir='ltr'><strong>ad</strong></span> <span class='ocrx_word' id='word_1_80' title='bbox 1530 2591 1767 2644; x_wconf 83' lang='lat' dir='ltr'><strong>studium</strong></span> <span class='ocrx_word' id='word_1_81' title='bbox 1792 2590 2121 2655; x_wconf 87' lang='lat' dir='ltr'><strong>accenderit,</strong></span> 
     </span>
    </p>
   </div>
   <div class='ocr_carea' id='block_1_19' title="bbox 532 2680 2124 2753">
    <p class='ocr_par' dir='ltr' id='par_1_19' title="bbox 532 2680 2124 2753">
     <span class='ocr_line' id='line_1_19' title="bbox 532 2680 2124 2753; baseline -0.003 -14"><span class='ocrx_word' id='word_1_82' title='bbox 532 2684 737 2753; x_wconf 79' lang='lat' dir='ltr'><strong>peritos</strong></span> <span class='ocrx_word' id='word_1_83' title='bbox 766 2682 1125 2753; x_wconf 81' lang='lat' dir='ltr'><strong>uztdequaque</strong></span> <span class='ocrx_word' id='word_1_84' title='bbox 1155 2680 1385 2737; x_wconf 81' lang='lat' dir='ltr'><strong>clericos</strong></span> <span class='ocrx_word' id='word_1_85' title='bbox 1434 2681 1733 2751; x_wconf 79' lang='lat' dir='ltr'><strong>collegerit,</strong></span> <span class='ocrx_word' id='word_1_86' title='bbox 1774 2696 1977 2751; x_wconf 85' lang='lat' dir='ltr'><strong>eosque</strong></span> <span class='ocrx_word' id='word_1_87' title='bbox 2009 2697 2124 2735; x_wconf 82' lang='lat' dir='ltr'><strong>ma-</strong></span> 
     </span>
    </p>
   </div>
   <div class='ocr_carea' id='block_1_20' title="bbox 533 2770 2124 2845">
    <p class='ocr_par' dir='ltr' id='par_1_20' title="bbox 533 2770 2124 2845">
     <span class='ocr_line' id='line_1_20' title="bbox 533 2770 2124 2845; baseline -0.001 -18"><span class='ocrx_word' id='word_1_88' title='bbox 533 2774 733 2845; x_wconf 86' lang='lat' dir='ltr'><strong>gistros</strong></span> <span class='ocrx_word' id='word_1_89' title='bbox 773 2772 1059 2828; x_wconf 91' lang='lat' dir='ltr'><strong>instituens</strong></span> <span class='ocrx_word' id='word_1_90' title='bbox 1087 2786 1183 2826; x_wconf 89' lang='lat' dir='ltr'><strong>sua</strong></span> <span class='ocrx_word' id='word_1_91' title='bbox 1214 2785 1317 2841; x_wconf 90' lang='lat' dir='ltr'><strong>ope</strong></span> <span class='ocrx_word' id='word_1_92' title='bbox 1360 2770 1657 2825; x_wconf 87' lang='lat' dir='ltr'><strong>liberaliter</strong></span> <span class='ocrx_word' id='word_1_93' title='bbox 1700 2771 1930 2841; x_wconf 84' lang='lat' dir='ltr'><strong>paverit,</strong></span> <span class='ocrx_word' id='word_1_94' title='bbox 1965 2772 2124 2827; x_wconf 82' lang='lat' dir='ltr'><strong>SCilO-</strong></span> 
     </span>
    </p>
   </div>
   <div class='ocr_carea' id='block_1_21' title="bbox 532 2862 2119 2936">
    <p class='ocr_par' dir='ltr' id='par_1_21' title="bbox 532 2862 2119 2936">
     <span class='ocr_line' id='line_1_21' title="bbox 532 2862 2119 2936; baseline 0 -18"><span class='ocrx_word' id='word_1_95' title='bbox 532 2863 721 2936; x_wconf 84' lang='lat' dir='ltr'><strong>lasquc</strong></span> <span class='ocrx_word' id='word_1_96' title='bbox 748 2880 847 2934; x_wconf 89' lang='lat' dir='ltr'><strong>per</strong></span> <span class='ocrx_word' id='word_1_97' title='bbox 865 2864 1044 2917; x_wconf 89' lang='lat' dir='ltr'><strong>omnia</strong></span> <span class='ocrx_word' id='word_1_98' title='bbox 1088 2872 1198 2917; x_wconf 93' lang='lat' dir='ltr'><strong>tum</strong></span> <span class='ocrx_word' id='word_1_99' title='bbox 1224 2862 1519 2927; x_wconf 70' lang='lat' dir='ltr'><strong>smenlaris,</strong></span> <span class='ocrx_word' id='word_1_100' title='bbox 1555 2870 1665 2917; x_wconf 87' lang='lat' dir='ltr'><strong>tum</strong></span> <span class='ocrx_word' id='word_1_101' title='bbox 1700 2862 1959 2933; x_wconf 73' lang='lat' dir='ltr'><strong>regularis</strong></span> <span class='ocrx_word' id='word_1_102' title='bbox 1989 2862 2119 2918; x_wconf 82' lang='lat' dir='ltr'><strong>cieri</strong></span> 
     </span>
    </p>
   </div>
   <div class='ocr_carea' id='block_1_22' title="bbox 533 2951 2121 3024">
    <p class='ocr_par' dir='ltr' id='par_1_22' title="bbox 533 2951 2121 3024">
     <span class='ocr_line' id='line_1_22' title="bbox 533 2951 2121 3024; baseline -0.003 -15"><span class='ocrx_word' id='word_1_103' title='bbox 533 2954 769 3010; x_wconf 83' lang='lat' dir='ltr'><strong>claustra</strong></span> <span class='ocrx_word' id='word_1_104' title='bbox 823 2952 1136 3017; x_wconf 86' lang='lat' dir='ltr'><strong>instituerit,</strong></span> <span class='ocrx_word' id='word_1_105' title='bbox 1194 2952 1368 3024; x_wconf 82' lang='lat' dir='ltr'><strong>inquit</strong></span> <span class='ocrx_word' id='word_1_106' title='bbox 1415 2951 1655 3021; x_wconf 84' lang='lat' dir='ltr'><strong>Egidius.</strong></span> <span class='ocrx_word' id='word_1_107' title='bbox 1698 2952 1803 3006; x_wconf 79' lang='lat' dir='ltr'><strong>Eas</strong></span> <span class='ocrx_word' id='word_1_108' title='bbox 1844 2966 1971 3006; x_wconf 79' lang='lat' dir='ltr'><strong>vero</strong></span> <span class='ocrx_word' id='word_1_109' title='bbox 2020 2951 2121 3005; x_wconf 83' lang='lat' dir='ltr'><strong>fre-</strong></span> 
     </span>
    </p>
   </div>
   <div class='ocr_carea' id='block_1_23' title="bbox 532 3044 2119 3117">
    <p class='ocr_par' dir='ltr' id='par_1_23' title="bbox 532 3044 2119 3117">
     <span class='ocr_line' id='line_1_23' title="bbox 532 3044 2119 3117; baseline -0.002 -17"><span class='ocrx_word' id='word_1_110' title='bbox 532 3056 796 3117; x_wconf 84' lang='lat' dir='ltr'><strong>quentare</strong></span> <span class='ocrx_word' id='word_1_111' title='bbox 825 3061 919 3100; x_wconf 90' lang='lat' dir='ltr'><strong>sua</strong></span> <span class='ocrx_word' id='word_1_112' title='bbox 964 3045 1224 3115; x_wconf 82' lang='lat' dir='ltr'><strong>dignitate</strong></span> <span class='ocrx_word' id='word_1_113' title='bbox 1263 3045 1575 3100; x_wconf 88' lang='lat' dir='ltr'><strong>nullatenus</strong></span> <span class='ocrx_word' id='word_1_114' title='bbox 1607 3044 1880 3113; x_wconf 85' lang='lat' dir='ltr'><strong>indignum</strong></span> <span class='ocrx_word' id='word_1_115' title='bbox 1909 3044 2119 3114; x_wconf 88' lang='lat' dir='ltr'><strong>judica-</strong></span> 
     </span>
    </p>
   </div>
   <div class='ocr_carea' id='block_1_24' title="bbox 532 3133 2117 3204">
    <p class='ocr_par' dir='ltr' id='par_1_24' title="bbox 532 3133 2117 3204">
     <span class='ocr_line' id='line_1_24' title="bbox 532 3133 2117 3204; baseline -0.003 -13"><span class='ocrx_word' id='word_1_116' title='bbox 532 3136 647 3200; x_wconf 86' lang='lat' dir='ltr'><strong>bat,</strong></span> <span class='ocrx_word' id='word_1_117' title='bbox 685 3136 895 3191; x_wconf 88' lang='lat' dir='ltr'><strong>animos</strong></span> <span class='ocrx_word' id='word_1_118' title='bbox 924 3136 1156 3191; x_wconf 91' lang='lat' dir='ltr'><strong>tironum</strong></span> <span class='ocrx_word' id='word_1_119' title='bbox 1183 3135 1529 3197; x_wconf 85' lang='lat' dir='ltr'><strong>accendebat,</strong></span> <span class='ocrx_word' id='word_1_120' title='bbox 1562 3135 1981 3204; x_wconf 84' lang='lat' dir='ltr'><strong>sapientioribus</strong></span> <span class='ocrx_word' id='word_1_121' title='bbox 2011 3133 2117 3189; x_wconf 83' lang='lat' dir='ltr'><strong>dif-</strong></span> 
     </span>
    </p>
   </div>
   <div class='ocr_carea' id='block_1_25' title="bbox 2230 1944 3801 2023">
    <p class='ocr_par' dir='ltr' id='par_1_25' title="bbox 2230 1944 3801 2023">
     <span class='ocr_line' id='line_1_25' title="bbox 2230 1944 3801 2023; baseline 0.006 -25"><span class='ocrx_word' id='word_1_122' title='bbox 2230 1944 2469 2013; x_wconf 67' lang='lat' dir='ltr'><strong>seripsit,</strong></span> <span class='ocrx_word' id='word_1_123' title='bbox 2510 1954 2565 1999; x_wconf 92' lang='lat' dir='ltr'><strong>et</strong></span> <span class='ocrx_word' id='word_1_124' title='bbox 2597 1945 2828 2015; x_wconf 70' lang='lat' dir='ltr'><strong>parmcis</strong></span> <span class='ocrx_word' id='word_1_125' title='bbox 2874 1947 3115 2001; x_wconf 85' lang='lat' dir='ltr'><strong>condidit</strong></span> <span class='ocrx_word' id='word_1_126' title='bbox 3145 1947 3343 2017; x_wconf 85' lang='lat' dir='ltr'><strong>templa</strong></span> <span class='ocrx_word' id='word_1_127' title='bbox 3396 1948 3456 2003; x_wconf 91' lang='lat' dir='ltr'><strong>S.</strong></span> <span class='ocrx_word' id='word_1_128' title='bbox 3491 1950 3801 2023; x_wconf 73' lang='lat' dir='ltr'><strong>Magdalena:</strong></span> 
     </span>
    </p>
   </div>
   <div class='ocr_carea' id='block_1_26' title="bbox 2228 2034 3798 2109">
    <p class='ocr_par' dir='ltr' id='par_1_26' title="bbox 2228 2034 3798 2109">
     <span class='ocr_line' id='line_1_26' title="bbox 2228 2034 3798 2109; baseline 0.006 -20"><span class='ocrx_word' id='word_1_129' title='bbox 2228 2036 2364 2090; x_wconf 86' lang='lat' dir='ltr'><strong>urbe</strong></span> <span class='ocrx_word' id='word_1_130' title='bbox 2395 2036 2589 2100; x_wconf 89' lang='lat' dir='ltr'><strong>media,</strong></span> <span class='ocrx_word' id='word_1_131' title='bbox 2620 2045 2673 2090; x_wconf 89' lang='lat' dir='ltr'><strong>et</strong></span> <span class='ocrx_word' id='word_1_132' title='bbox 2701 2035 2758 2090; x_wconf 92' lang='lat' dir='ltr'><strong>S.</strong></span> <span class='ocrx_word' id='word_1_133' title='bbox 2794 2034 3041 2091; x_wconf 84' lang='lat' dir='ltr'><strong>Severini</strong></span> <span class='ocrx_word' id='word_1_134' title='bbox 3075 2053 3139 2093; x_wconf 88' lang='lat' dir='ltr'><strong>ac</strong></span> <span class='ocrx_word' id='word_1_135' title='bbox 3172 2037 3230 2093; x_wconf 86' lang='lat' dir='ltr'><strong>S.</strong></span> <span class='ocrx_word' id='word_1_136' title='bbox 3261 2037 3568 2109; x_wconf 67' lang='lat' dir='ltr'><strong>Margaritte</strong></span> <span class='ocrx_word' id='word_1_137' title='bbox 3612 2043 3662 2096; x_wconf 91' lang='lat' dir='ltr'><strong>in</strong></span> <span class='ocrx_word' id='word_1_138' title='bbox 3691 2046 3798 2097; x_wconf 86' lang='lat' dir='ltr'><strong>sub-</strong></span> 
     </span>
    </p>
   </div>
   <div class='ocr_carea' id='block_1_27' title="bbox 2228 2124 3801 2191">
    <p class='ocr_par' dir='ltr' id='par_1_27' title="bbox 2228 2124 3801 2191">
     <span class='ocr_line' id='line_1_27' title="bbox 2228 2124 3801 2191; baseline 0.007 -11"><span class='ocrx_word' id='word_1_139' title='bbox 2228 2125 2419 2180; x_wconf 89' lang='lat' dir='ltr'><strong>urbiis.</strong></span> <span class='ocrx_word' id='word_1_140' title='bbox 2451 2124 2619 2181; x_wconf 90' lang='lat' dir='ltr'><strong>Suum</strong></span> <span class='ocrx_word' id='word_1_141' title='bbox 2651 2127 2783 2181; x_wconf 92' lang='lat' dir='ltr'><strong>etin</strong></span> <span class='ocrx_word' id='word_1_142' title='bbox 2812 2144 2925 2183; x_wconf 90' lang='lat' dir='ltr'><strong>rem</strong></span> <span class='ocrx_word' id='word_1_143' title='bbox 2967 2130 3322 2185; x_wconf 90' lang='lat' dir='ltr'><strong>monasticam</strong></span> <span class='ocrx_word' id='word_1_144' title='bbox 3365 2132 3609 2187; x_wconf 75' lang='lat' dir='ltr'><strong>Studium</strong></span> <span class='ocrx_word' id='word_1_145' title='bbox 3645 2144 3801 2191; x_wconf 78' lang='lat' dir='ltr'><strong>osten-</strong></span> 
     </span>
    </p>
   </div>
   <div class='ocr_carea' id='block_1_28' title="bbox 2228 2220 3799 2297">
    <p class='ocr_par' dir='ltr' id='par_1_28' title="bbox 2228 2220 3799 2297">
     <span class='ocr_line' id='line_1_28' title="bbox 2228 2220 3799 2297; baseline 0.005 -23"><span class='ocrx_word' id='word_1_146' title='bbox 2228 2220 2327 2286; x_wconf 88' lang='lat' dir='ltr'><strong>dit,</strong></span> <span class='ocrx_word' id='word_1_147' title='bbox 2376 2231 2583 2277; x_wconf 90' lang='lat' dir='ltr'><strong>cumet</strong></span> <span class='ocrx_word' id='word_1_148' title='bbox 2618 2220 2904 2278; x_wconf 90' lang='lat' dir='ltr'><strong>Laubiensi</strong></span> <span class='ocrx_word' id='word_1_149' title='bbox 2953 2224 3285 2280; x_wconf 89' lang='lat' dir='ltr'><strong>monasterio</strong></span> <span class='ocrx_word' id='word_1_150' title='bbox 3335 2225 3592 2281; x_wconf 88' lang='lat' dir='ltr'><strong>idoneum</strong></span> <span class='ocrx_word' id='word_1_151' title='bbox 3641 2239 3799 2297; x_wconf 87' lang='lat' dir='ltr'><strong>pasto-</strong></span> 
     </span>
    </p>
   </div>
   <div class='ocr_carea' id='block_1_29' title="bbox 2230 2306 3797 2387">
    <p class='ocr_par' dir='ltr' id='par_1_29' title="bbox 2230 2306 3797 2387">
     <span class='ocr_line' id='line_1_29' title="bbox 2230 2306 3797 2387; baseline 0.003 -22"><span class='ocrx_word' id='word_1_152' title='bbox 2230 2327 2344 2365; x_wconf 91' lang='lat' dir='ltr'><strong>rem</strong></span> <span class='ocrx_word' id='word_1_153' title='bbox 2379 2310 2613 2367; x_wconf 84' lang='lat' dir='ltr'><strong>instituit</strong></span> <span class='ocrx_word' id='word_1_154' title='bbox 2651 2306 2907 2368; x_wconf 75' lang='lat' dir='ltr'><strong>damnum</strong></span> <span class='ocrx_word' id='word_1_155' title='bbox 2934 2314 3330 2380; x_wconf 85' lang='lat' dir='ltr'><strong>Aletramnum,</strong></span> <span class='ocrx_word' id='word_1_156' title='bbox 3374 2325 3430 2371; x_wconf 90' lang='lat' dir='ltr'><strong>et</strong></span> <span class='ocrx_word' id='word_1_157' title='bbox 3476 2327 3662 2387; x_wconf 84' lang='lat' dir='ltr'><strong>postea</strong></span> <span class='ocrx_word' id='word_1_158' title='bbox 3690 2318 3797 2372; x_wconf 79' lang='lat' dir='ltr'><strong>Ful-</strong></span> 
     </span>
    </p>
   </div>
   <div class='ocr_carea' id='block_1_30' title="bbox 2228 2402 3797 2476">
    <p class='ocr_par' dir='ltr' id='par_1_30' title="bbox 2228 2402 3797 2476">
     <span class='ocr_line' id='line_1_30' title="bbox 2228 2402 3797 2476; baseline 0.005 -20"><span class='ocrx_word' id='word_1_159' title='bbox 2228 2402 2469 2466; x_wconf 87' lang='lat' dir='ltr'><strong>cuinum,</strong></span> <span class='ocrx_word' id='word_1_160' title='bbox 2499 2418 2637 2471; x_wconf 91' lang='lat' dir='ltr'><strong>quos</strong></span> <span class='ocrx_word' id='word_1_161' title='bbox 2666 2403 2959 2474; x_wconf 88' lang='lat' dir='ltr'><strong>plurimum</strong></span> <span class='ocrx_word' id='word_1_162' title='bbox 2985 2405 3148 2476; x_wconf 79' lang='lat' dir='ltr'><strong>jurit,</strong></span> <span class='ocrx_word' id='word_1_163' title='bbox 3189 2407 3484 2462; x_wconf 77' lang='lat' dir='ltr'><strong>restituens</strong></span> <span class='ocrx_word' id='word_1_164' title='bbox 3528 2418 3640 2465; x_wconf 84' lang='lat' dir='ltr'><strong>tres</strong></span> <span class='ocrx_word' id='word_1_165' title='bbox 3664 2409 3797 2464; x_wconf 78' lang='lat' dir='ltr'><strong>villas</strong></span> 
     </span>
    </p>
   </div>
   <div class='ocr_carea' id='block_1_31' title="bbox 2227 2485 3798 2567">
    <p class='ocr_par' dir='ltr' id='par_1_31' title="bbox 2227 2485 3798 2567">
     <span class='ocr_line' id='line_1_31' title="bbox 2227 2485 3798 2567; baseline 0.005 -19"><span class='ocrx_word' id='word_1_166' title='bbox 2227 2485 2384 2549; x_wconf 86' lang='lat' dir='ltr'><strong>antea</strong></span> <span class='ocrx_word' id='word_1_167' title='bbox 2408 2494 2763 2559; x_wconf 85' lang='lat' dir='ltr'><strong>abalienatas.</strong></span> <span class='ocrx_word' id='word_1_168' title='bbox 2796 2497 2973 2567; x_wconf 85' lang='lat' dir='ltr'><strong>inquit</strong></span> <span class='ocrx_word' id='word_1_169' title='bbox 3002 2497 3296 2555; x_wconf 87' lang='lat' dir='ltr'><strong>Fulcuinus</strong></span> <span class='ocrx_word' id='word_1_170' title='bbox 3328 2516 3378 2556; x_wconf 90' lang='lat' dir='ltr'><strong>c.</strong></span> <span class='ocrx_word' id='word_1_171' title='bbox 3419 2501 3512 2555; x_wconf 74' lang='grc'><strong>27.</strong></span> <span class='ocrx_word' id='word_1_172' title='bbox 3550 2501 3798 2556; x_wconf 76' lang='lat' dir='ltr'><strong>Monaste-</strong></span> 
     </span>
    </p>
   </div>
   <div class='ocr_carea' id='block_1_32' title="bbox 2226 2583 3799 2648">
    <p class='ocr_par' dir='ltr' id='par_1_32' title="bbox 2226 2583 3799 2648">
     <span class='ocr_line' id='line_1_32' title="bbox 2226 2583 3799 2648; baseline 0.006 -11"><span class='ocrx_word' id='word_1_173' title='bbox 2226 2583 2366 2637; x_wconf 90' lang='lat' dir='ltr'><strong>rium</strong></span> <span class='ocrx_word' id='word_1_174' title='bbox 2412 2584 2598 2639; x_wconf 79' lang='lat' dir='ltr'><strong>Sancti</strong></span> <span class='ocrx_word' id='word_1_175' title='bbox 2664 2584 2939 2641; x_wconf 86' lang='lat' dir='ltr'><strong>Laurentii</strong></span> <span class='ocrx_word' id='word_1_176' title='bbox 2990 2589 3090 2643; x_wconf 89' lang='lat' dir='ltr'><strong>sub</strong></span> <span class='ocrx_word' id='word_1_177' title='bbox 3140 2589 3263 2643; x_wconf 68' lang='lat' dir='ltr'><strong>vitae</strong></span> <span class='ocrx_word' id='word_1_178' title='bbox 3323 2589 3488 2645; x_wconf 81' lang='lat' dir='ltr'><strong>linem</strong></span> <span class='ocrx_word' id='word_1_179' title='bbox 3548 2593 3799 2648; x_wconf 66' lang='lat' dir='ltr'><strong>mdilieare</strong></span> 
     </span>
    </p>
   </div>
   <div class='ocr_carea' id='block_1_33' title="bbox 2224 2675 3792 2749">
    <p class='ocr_par' dir='ltr' id='par_1_33' title="bbox 2224 2675 3792 2749">
     <span class='ocr_line' id='line_1_33' title="bbox 2224 2675 3792 2749; baseline 0.004 -22"><span class='ocrx_word' id='word_1_180' title='bbox 2224 2688 2510 2745; x_wconf 79' lang='lat' dir='ltr'><strong>aggressus</strong></span> <span class='ocrx_word' id='word_1_181' title='bbox 2540 2683 2623 2731; x_wconf 91' lang='lat' dir='ltr'><strong>est</strong></span> <span class='ocrx_word' id='word_1_182' title='bbox 2653 2692 2665 2727; x_wconf 92' lang='lat'><strong>:</strong></span> <span class='ocrx_word' id='word_1_183' title='bbox 2695 2675 2783 2729; x_wconf 88' lang='lat' dir='ltr'><strong>ubi</strong></span> <span class='ocrx_word' id='word_1_184' title='bbox 2808 2692 2837 2729; x_wconf 93' lang='lat' dir='ltr'><strong>a</strong></span> <span class='ocrx_word' id='word_1_185' title='bbox 2870 2677 3220 2733; x_wconf 77' lang='lat' dir='ltr'><strong>fundamento</strong></span> <span class='ocrx_word' id='word_1_186' title='bbox 3243 2695 3532 2736; x_wconf 81' lang='lat' dir='ltr'><strong>surrexere</strong></span> <span class='ocrx_word' id='word_1_187' title='bbox 3556 2685 3792 2749; x_wconf 70' lang='lat' dir='ltr'><strong>parietes,</strong></span> 
     </span>
    </p>
   </div>
   <div class='ocr_carea' id='block_1_34' title="bbox 2223 2767 3790 2843">
    <p class='ocr_par' dir='ltr' id='par_1_34' title="bbox 2223 2767 3790 2843">
     <span class='ocr_line' id='line_1_34' title="bbox 2223 2767 3790 2843; baseline 0.006 -27"><span class='ocrx_word' id='word_1_188' title='bbox 2223 2767 2428 2821; x_wconf 85' lang='lat' dir='ltr'><strong>veritus</strong></span> <span class='ocrx_word' id='word_1_189' title='bbox 2470 2781 2557 2833; x_wconf 88' lang='lat' dir='ltr'><strong>ne,</strong></span> <span class='ocrx_word' id='word_1_190' title='bbox 2586 2767 2727 2837; x_wconf 86' lang='lat' dir='ltr'><strong>quod</strong></span> <span class='ocrx_word' id='word_1_191' title='bbox 2775 2768 2994 2834; x_wconf 88' lang='lat' dir='ltr'><strong>accidit,</strong></span> <span class='ocrx_word' id='word_1_192' title='bbox 3029 2780 3158 2826; x_wconf 86' lang='lat' dir='ltr'><strong>ante</strong></span> <span class='ocrx_word' id='word_1_193' title='bbox 3204 2772 3506 2840; x_wconf 77' lang='lat' dir='ltr'><strong>perfectum</strong></span> <span class='ocrx_word' id='word_1_194' title='bbox 3538 2789 3674 2843; x_wconf 85' lang='lat' dir='ltr'><strong>opus</strong></span> <span class='ocrx_word' id='word_1_195' title='bbox 3700 2775 3790 2827; x_wconf 76' lang='lat' dir='ltr'><strong>vita</strong></span> 
     </span>
    </p>
   </div>
   <div class='ocr_carea' id='block_1_35' title="bbox 2223 2858 3788 2925">
    <p class='ocr_par' dir='ltr' id='par_1_35' title="bbox 2223 2858 3788 2925">
     <span class='ocr_line' id='line_1_35' title="bbox 2223 2858 3788 2925; baseline 0.007 -10"><span class='ocrx_word' id='word_1_196' title='bbox 2223 2875 2346 2915; x_wconf 90' lang='lat' dir='ltr'><strong>eum</strong></span> <span class='ocrx_word' id='word_1_197' title='bbox 2392 2858 2667 2924; x_wconf 83' lang='lat' dir='ltr'><strong>deﬁceret,</strong></span> <span class='ocrx_word' id='word_1_198' title='bbox 2723 2869 3035 2915; x_wconf 82' lang='lat' dir='ltr'><strong>nascentem</strong></span> <span class='ocrx_word' id='word_1_199' title='bbox 3087 2862 3373 2917; x_wconf 84' lang='lat' dir='ltr'><strong>ecclesiam</strong></span> <span class='ocrx_word' id='word_1_200' title='bbox 3404 2865 3598 2919; x_wconf 88' lang='lat' dir='ltr'><strong>dotare</strong></span> <span class='ocrx_word' id='word_1_201' title='bbox 3625 2863 3788 2925; x_wconf 76' lang='lat' dir='ltr'><strong>voluit.</strong></span> 
     </span>
    </p>
   </div>
   <div class='ocr_carea' id='block_1_36' title="bbox 2221 2952 3788 3023">
    <p class='ocr_par' dir='ltr' id='par_1_36' title="bbox 2221 2952 3788 3023">
     <span class='ocr_line' id='line_1_36' title="bbox 2221 2952 3788 3023; baseline 0 -16"><span class='ocrx_word' id='word_1_202' title='bbox 2221 2961 2277 3007; x_wconf 88' lang='lat' dir='ltr'><strong>et</strong></span> <span class='ocrx_word' id='word_1_203' title='bbox 2308 2953 2484 3005; x_wconf 91' lang='lat' dir='ltr'><strong>minus</strong></span> <span class='ocrx_word' id='word_1_204' title='bbox 2514 2952 2704 3018; x_wconf 83' lang='lat' dir='ltr'><strong>altare,</strong></span> <span class='ocrx_word' id='word_1_205' title='bbox 2733 2953 2919 3023; x_wconf 83' lang='lat' dir='ltr'><strong>majori</strong></span> <span class='ocrx_word' id='word_1_206' title='bbox 2951 2954 3189 3009; x_wconf 85' lang='lat' dir='ltr'><strong>nondum</strong></span> <span class='ocrx_word' id='word_1_207' title='bbox 3218 2954 3485 3018; x_wconf 83' lang='lat' dir='ltr'><strong>absoluto,</strong></span> <span class='ocrx_word' id='word_1_208' title='bbox 3536 2956 3590 3010; x_wconf 90' lang='lat' dir='ltr'><strong>in</strong></span> <span class='ocrx_word' id='word_1_209' title='bbox 3640 2958 3788 3011; x_wconf 82' lang='lat' dir='ltr'><strong>bono-</strong></span> 
     </span>
    </p>
   </div>
   <div class='ocr_carea' id='block_1_37' title="bbox 2222 3043 3785 3118">
    <p class='ocr_par' dir='ltr' id='par_1_37' title="bbox 2222 3043 3785 3118">
     <span class='ocr_line' id='line_1_37' title="bbox 2222 3043 3785 3118; baseline 0.003 -20"><span class='ocrx_word' id='word_1_210' title='bbox 2222 3060 2336 3098; x_wconf 89' lang='lat' dir='ltr'><strong>rcm</strong></span> <span class='ocrx_word' id='word_1_211' title='bbox 2368 3046 2541 3099; x_wconf 87' lang='lat' dir='ltr'><strong>sancti</strong></span> <span class='ocrx_word' id='word_1_212' title='bbox 2574 3043 2712 3099; x_wconf 79' lang='lat' dir='ltr'><strong>Sixti</strong></span> <span class='ocrx_word' id='word_1_213' title='bbox 2742 3047 2996 3118; x_wconf 84' lang='lat' dir='ltr'><strong>martyris</strong></span> <span class='ocrx_word' id='word_1_214' title='bbox 3026 3056 3079 3103; x_wconf 91' lang='lat' dir='ltr'><strong>et</strong></span> <span class='ocrx_word' id='word_1_215' title='bbox 3104 3048 3383 3117; x_wconf 81' lang='lat' dir='ltr'><strong>pontiﬁcis</strong></span> <span class='ocrx_word' id='word_1_216' title='bbox 3426 3048 3656 3103; x_wconf 80' lang='lat' dir='ltr'><strong>Romani</strong></span> <span class='ocrx_word' id='word_1_217' title='bbox 3678 3063 3785 3102; x_wconf 81' lang='lat' dir='ltr'><strong>coa-</strong></span> 
     </span>
    </p>
   </div>
   <div class='ocr_carea' id='block_1_38' title="bbox 2224 3136 3786 3212">
    <p class='ocr_par' dir='ltr' id='par_1_38' title="bbox 2224 3136 3786 3212">
     <span class='ocr_line' id='line_1_38' title="bbox 2224 3136 3786 3212; baseline 0.003 -24"><span class='ocrx_word' id='word_1_218' title='bbox 2224 3136 2456 3188; x_wconf 86' lang='lat' dir='ltr'><strong>secravit</strong></span> <span class='ocrx_word' id='word_1_219' title='bbox 2487 3175 2501 3200; x_wconf 91' lang='lat'><strong>,</strong></span> <span class='ocrx_word' id='word_1_220' title='bbox 2558 3136 2737 3207; x_wconf 82' lang='lat' dir='ltr'><strong>ibique</strong></span> <span class='ocrx_word' id='word_1_221' title='bbox 2791 3136 3026 3192; x_wconf 86' lang='lat' dir='ltr'><strong>Leonem</strong></span> <span class='ocrx_word' id='word_1_222' title='bbox 3073 3140 3390 3212; x_wconf 88' lang='lat' dir='ltr'><strong>episcopum</strong></span> <span class='ocrx_word' id='word_1_223' title='bbox 3423 3182 3437 3207; x_wconf 93' lang='lat'><strong>,</strong></span> <span class='ocrx_word' id='word_1_224' title='bbox 3492 3156 3560 3196; x_wconf 78' lang='lat' dir='ltr'><strong>ex</strong></span> <span class='ocrx_word' id='word_1_225' title='bbox 3610 3140 3786 3197; x_wconf 62' lang='lat' dir='ltr'><strong>Curris</strong></span> 
     </span>
    </p>
   </div>
   <div class='ocr_carea' id='block_1_39' title="bbox 531 3203 3915 3303">
    <p class='ocr_par' dir='ltr' id='par_1_39' title="bbox 531 3203 3915 3303">
     <span class='ocr_line' id='line_1_39' title="bbox 531 3203 3915 3303; baseline 0.001 -21"><span class='ocrx_word' id='word_1_226' title='bbox 531 3226 801 3282; x_wconf 67' lang='lat' dir='ltr'><strong>liciilimas</strong></span> <span class='ocrx_word' id='word_1_227' title='bbox 843 3214 1167 3295; x_wconf 70' lang='lat' dir='ltr'><strong>quiestioncs</strong></span> <span class='ocrx_word' id='word_1_228' title='bbox 1214 3225 1550 3295; x_wconf 85' lang='lat' dir='ltr'><strong>proponebat</strong></span> <span class='ocrx_word' id='word_1_229' title='bbox 1576 3203 1908 3287; x_wconf 84' lang='lat' dir='ltr'><strong>enodandas,</strong></span> <span class='ocrx_word' id='word_1_230' title='bbox 1948 3225 1991 3277; x_wconf 91' lang='lat' dir='ltr'><strong>si</strong></span> <span class='ocrx_word' id='word_1_231' title='bbox 2025 3224 2120 3277; x_wconf 88' lang='lat' dir='ltr'><strong>mi-</strong></span> <span class='ocrx_word' id='word_1_232' title='bbox 2153 3203 2197 3261; x_wconf 79' lang='grc' dir='ltr'><strong>Β</strong></span> <span class='ocrx_word' id='word_1_233' title='bbox 2228 3203 2837 3297; x_wconf 67' lang='lat' dir='ltr'><strong>nobilissimuthquem</strong></span> <span class='ocrx_word' id='word_1_234' title='bbox 2894 3229 2996 3284; x_wconf 89' lang='lat' dir='ltr'><strong>sibi</strong></span> <span class='ocrx_word' id='word_1_235' title='bbox 3032 3203 3340 3300; x_wconf 78' lang='lat' dir='ltr'><strong>suspectum</strong></span> <span class='ocrx_word' id='word_1_236' title='bbox 3387 3203 3440 3286; x_wconf 82' lang='lat' dir='ltr'><strong>in</strong></span> <span class='ocrx_word' id='word_1_237' title='bbox 3488 3233 3591 3287; x_wconf 84' lang='lat' dir='ltr'><strong>bas</strong></span> <span class='ocrx_word' id='word_1_238' title='bbox 3633 3241 3788 3303; x_wconf 76' lang='lat' dir='ltr'><strong>partes</strong></span> <span class='ocrx_word' id='word_1_239' title='bbox 3914 3258 3915 3299; x_wconf 51' lang='grc' dir='ltr'>ι</span> 
     </span>
    </p>
   </div>
   <div class='ocr_carea' id='block_1_40' title="bbox 531 3313 2119 3389">
    <p class='ocr_par' dir='ltr' id='par_1_40' title="bbox 531 3313 2119 3389">
     <span class='ocr_line' id='line_1_40' title="bbox 531 3313 2119 3389; baseline -0.003 -16"><span class='ocrx_word' id='word_1_240' title='bbox 531 3333 636 3374; x_wconf 84' lang='lat' dir='ltr'><strong>nus</strong></span> <span class='ocrx_word' id='word_1_241' title='bbox 666 3328 906 3389; x_wconf 87' lang='lat' dir='ltr'><strong>possent,</strong></span> <span class='ocrx_word' id='word_1_242' title='bbox 946 3318 1059 3388; x_wconf 89' lang='lat' dir='ltr'><strong>ipse</strong></span> <span class='ocrx_word' id='word_1_243' title='bbox 1093 3315 1384 3371; x_wconf 82' lang='lat' dir='ltr'><strong>enodabat.</strong></span> <span class='ocrx_word' id='word_1_244' title='bbox 1430 3314 1488 3370; x_wconf 87' lang='lat' dir='ltr'><strong>lu</strong></span> <span class='ocrx_word' id='word_1_245' title='bbox 1539 3315 1626 3369; x_wconf 81' lang='lat' dir='ltr'><strong>via</strong></span> <span class='ocrx_word' id='word_1_246' title='bbox 1677 3316 1852 3385; x_wconf 89' lang='lat' dir='ltr'><strong>posito</strong></span> <span class='ocrx_word' id='word_1_247' title='bbox 1899 3313 2119 3368; x_wconf 83' lang='lat' dir='ltr'><strong>aderant</strong></span> 
     </span>
    </p>
   </div>
   <div class='ocr_carea' id='block_1_41' title="bbox 528 3406 2116 3482">
    <p class='ocr_par' dir='ltr' id='par_1_41' title="bbox 528 3406 2116 3482">
     <span class='ocr_line' id='line_1_41' title="bbox 528 3406 2116 3482; baseline -0.005 -17"><span class='ocrx_word' id='word_1_248' title='bbox 528 3417 793 3482; x_wconf 89' lang='lat' dir='ltr'><strong>perpetuo</strong></span> <span class='ocrx_word' id='word_1_249' title='bbox 821 3408 1144 3478; x_wconf 89' lang='lat' dir='ltr'><strong>quibuscum</strong></span> <span class='ocrx_word' id='word_1_250' title='bbox 1176 3407 1244 3464; x_wconf 89' lang='lat' dir='ltr'><strong>de</strong></span> <span class='ocrx_word' id='word_1_251' title='bbox 1277 3406 1574 3477; x_wconf 89' lang='lat' dir='ltr'><strong>Seripturis</strong></span> <span class='ocrx_word' id='word_1_252' title='bbox 1619 3414 1869 3467; x_wconf 86' lang='lat' dir='ltr'><strong>tentaret,</strong></span> <span class='ocrx_word' id='word_1_253' title='bbox 1900 3406 2116 3466; x_wconf 82' lang='lat' dir='ltr'><strong>absens,</strong></span> 
     </span>
    </p>
   </div>
   <div class='ocr_carea' id='block_1_42' title="bbox 532 3494 2119 3568">
    <p class='ocr_par' dir='ltr' id='par_1_42' title="bbox 532 3494 2119 3568">
     <span class='ocr_line' id='line_1_42' title="bbox 532 3494 2119 3568; baseline -0.002 -17"><span class='ocrx_word' id='word_1_254' title='bbox 532 3514 670 3568; x_wconf 89' lang='lat' dir='ltr'><strong>quos</strong></span> <span class='ocrx_word' id='word_1_255' title='bbox 700 3498 1037 3554; x_wconf 86' lang='lat' dir='ltr'><strong>scholaribus</strong></span> <span class='ocrx_word' id='word_1_256' title='bbox 1068 3498 1361 3568; x_wconf 86' lang='lat' dir='ltr'><strong>reliquerat</strong></span> <span class='ocrx_word' id='word_1_257' title='bbox 1404 3496 1694 3567; x_wconf 82' lang='lat' dir='ltr'><strong>magistros</strong></span> <span class='ocrx_word' id='word_1_258' title='bbox 1747 3494 2119 3564; x_wconf 80' lang='lat' dir='ltr'><strong>l&#39;requcntilms</strong></span> 
     </span>
    </p>
   </div>
   <div class='ocr_carea' id='block_1_43' title="bbox 528 3587 2118 3663">
    <p class='ocr_par' dir='ltr' id='par_1_43' title="bbox 528 3587 2118 3663">
     <span class='ocr_line' id='line_1_43' title="bbox 528 3587 2118 3663; baseline -0.003 -17"><span class='ocrx_word' id='word_1_259' title='bbox 528 3593 726 3648; x_wconf 78' lang='lat' dir='ltr'><strong>litteris</strong></span> <span class='ocrx_word' id='word_1_260' title='bbox 752 3592 819 3647; x_wconf 88' lang='lat' dir='ltr'><strong>ad</strong></span> <span class='ocrx_word' id='word_1_261' title='bbox 877 3593 1113 3649; x_wconf 88' lang='lat' dir='ltr'><strong>studium</strong></span> <span class='ocrx_word' id='word_1_262' title='bbox 1152 3593 1501 3663; x_wconf 85' lang='lat' dir='ltr'><strong>provocabat.</strong></span> <span class='ocrx_word' id='word_1_263' title='bbox 1540 3589 1721 3660; x_wconf 85' lang='lat' dir='ltr'><strong>anue</strong></span> <span class='ocrx_word' id='word_1_264' title='bbox 1745 3588 1971 3660; x_wconf 65' lang='lat' dir='ltr'><strong>zin‘sigui</strong></span> <span class='ocrx_word' id='word_1_265' title='bbox 2013 3587 2118 3641; x_wconf 75' lang='lat' dir='ltr'><strong>sol-</strong></span> 
     </span>
    </p>
   </div>
   <div class='ocr_carea' id='block_1_44' title="bbox 526 3682 2116 3756">
    <p class='ocr_par' dir='ltr' id='par_1_44' title="bbox 526 3682 2116 3756">
     <span class='ocr_line' id='line_1_44' title="bbox 526 3682 2116 3756; baseline -0.004 -16"><span class='ocrx_word' id='word_1_266' title='bbox 526 3685 809 3741; x_wconf 89' lang='lat' dir='ltr'><strong>licitudine</strong></span> <span class='ocrx_word' id='word_1_267' title='bbox 863 3685 1166 3756; x_wconf 90' lang='lat' dir='ltr'><strong>complures</strong></span> <span class='ocrx_word' id='word_1_268' title='bbox 1220 3682 1574 3754; x_wconf 67' lang='lat' dir='ltr'><strong>provexit~ad</strong></span> <span class='ocrx_word' id='word_1_269' title='bbox 1629 3682 1884 3737; x_wconf 85' lang='lat' dir='ltr'><strong>eximiam</strong></span> <span class='ocrx_word' id='word_1_270' title='bbox 1935 3695 2116 3735; x_wconf 88' lang='lat' dir='ltr'><strong>rerum</strong></span> 
     </span>
    </p>
   </div>
   <div class='ocr_carea' id='block_1_45' title="bbox 529 3773 2116 3846">
    <p class='ocr_par' dir='ltr' id='par_1_45' title="bbox 529 3773 2116 3846">
     <span class='ocr_line' id='line_1_45' title="bbox 529 3773 2116 3846; baseline -0.006 -12"><span class='ocrx_word' id='word_1_271' title='bbox 529 3779 888 3834; x_wconf 87' lang='lat' dir='ltr'><strong>humanarum</strong></span> <span class='ocrx_word' id='word_1_272' title='bbox 919 3788 974 3833; x_wconf 91' lang='lat' dir='ltr'><strong>et</strong></span> <span class='ocrx_word' id='word_1_273' title='bbox 998 3778 1301 3833; x_wconf 75' lang='lat' dir='ltr'><strong>divinarum</strong></span> <span class='ocrx_word' id='word_1_274' title='bbox 1328 3774 1715 3846; x_wconf 82' lang='lat' dir='ltr'><strong>cognitionem,</strong></span> <span class='ocrx_word' id='word_1_275' title='bbox 1743 3773 1878 3827; x_wconf 85' lang='lat' dir='ltr'><strong>adeo</strong></span> <span class='ocrx_word' id='word_1_276' title='bbox 1907 3781 1966 3827; x_wconf 92' lang='lat' dir='ltr'><strong>ut</strong></span> <span class='ocrx_word' id='word_1_277' title='bbox 1991 3786 2116 3827; x_wconf 84' lang='lat' dir='ltr'><strong>mox</strong></span> 
     </span>
    </p>
   </div>
   <div class='ocr_carea' id='block_1_46' title="bbox 526 3862 2116 3941">
    <p class='ocr_par' dir='ltr' id='par_1_46' title="bbox 526 3862 2116 3941">
     <span class='ocr_line' id='line_1_46' title="bbox 526 3862 2116 3941; baseline -0.003 -17"><span class='ocrx_word' id='word_1_278' title='bbox 526 3869 896 3925; x_wconf 84' lang='lat' dir='ltr'><strong>celeberrimae</strong></span> <span class='ocrx_word' id='word_1_279' title='bbox 919 3885 1016 3941; x_wconf 90' lang='lat' dir='ltr'><strong>per</strong></span> <span class='ocrx_word' id='word_1_280' title='bbox 1037 3869 1210 3923; x_wconf 81' lang='lat' dir='ltr'><strong>vicina</strong></span> <span class='ocrx_word' id='word_1_281' title='bbox 1242 3868 1348 3922; x_wconf 88' lang='lat' dir='ltr'><strong>late</strong></span> <span class='ocrx_word' id='word_1_282' title='bbox 1376 3881 1540 3937; x_wconf 85' lang='lat' dir='ltr'><strong>regna</strong></span> <span class='ocrx_word' id='word_1_283' title='bbox 1575 3862 1770 3920; x_wconf 67' lang='lat' dir='ltr'><strong>schola:</strong></span> <span class='ocrx_word' id='word_1_284' title='bbox 1788 3863 2116 3920; x_wconf 88' lang='lat' dir='ltr'><strong>Leodienses</strong></span> 
     </span>
    </p>
   </div>
   <div class='ocr_carea' id='block_1_47' title="bbox 526 3964 819 4019">
    <p class='ocr_par' dir='ltr' id='par_1_47' title="bbox 526 3964 819 4019">
     <span class='ocr_line' id='line_1_47' title="bbox 526 3964 819 4019; baseline 0 0"><span class='ocrx_word' id='word_1_285' title='bbox 526 3964 819 4019; x_wconf 70' lang='lat' dir='ltr'><strong>evaserint.</strong></span> 
     </span>
    </p>
   </div>
   <div class='ocr_carea' id='block_1_48' title="bbox 599 4045 2112 4123">
    <p class='ocr_par' dir='ltr' id='par_1_48' title="bbox 599 4045 2112 4123">
     <span class='ocr_line' id='line_1_48' title="bbox 599 4045 2112 4123; baseline -0.005 -16"><span class='ocrx_word' id='word_1_286' title='bbox 599 4053 773 4109; x_wconf 82' lang='lat' dir='ltr'><strong>Tanta</strong></span> <span class='ocrx_word' id='word_1_287' title='bbox 796 4062 912 4109; x_wconf 87' lang='lat' dir='ltr'><strong>erat</strong></span> <span class='ocrx_word' id='word_1_288' title='bbox 938 4052 1052 4123; x_wconf 86' lang='lat' dir='ltr'><strong>ejus</strong></span> <span class='ocrx_word' id='word_1_289' title='bbox 1079 4052 1364 4123; x_wconf 84' lang='lat' dir='ltr'><strong>sapientia,</strong></span> <span class='ocrx_word' id='word_1_290' title='bbox 1402 4058 1462 4117; x_wconf 88' lang='lat' dir='ltr'><strong>ut</strong></span> <span class='ocrx_word' id='word_1_291' title='bbox 1500 4066 1529 4105; x_wconf 88' lang='lat' dir='ltr'><strong>a</strong></span> <span class='ocrx_word' id='word_1_292' title='bbox 1560 4048 1897 4121; x_wconf 87' lang='lat' dir='ltr'><strong>principibus</strong></span> <span class='ocrx_word' id='word_1_293' title='bbox 1925 4045 2112 4103; x_wconf 47' lang='lat' dir='ltr'><strong>saeculi</strong></span> 
     </span>
    </p>
   </div>
   <div class='ocr_carea' id='block_1_49' title="bbox 526 4140 2108 4216">
    <p class='ocr_par' dir='ltr' id='par_1_49' title="bbox 526 4140 2108 4216">
     <span class='ocr_line' id='line_1_49' title="bbox 526 4140 2108 4216; baseline -0.004 -17"><span class='ocrx_word' id='word_1_294' title='bbox 526 4145 746 4216; x_wconf 81' lang='lat' dir='ltr'><strong>pltttimi</strong></span> <span class='ocrx_word' id='word_1_295' title='bbox 775 4144 930 4197; x_wconf 83' lang='lat' dir='ltr'><strong>ﬁeret</strong></span> <span class='ocrx_word' id='word_1_296' title='bbox 960 4150 1014 4196; x_wconf 91' lang='lat' dir='ltr'><strong>et</strong></span> <span class='ocrx_word' id='word_1_297' title='bbox 1038 4143 1200 4195; x_wconf 83' lang='lat' dir='ltr'><strong>etiam</strong></span> <span class='ocrx_word' id='word_1_298' title='bbox 1228 4142 1296 4196; x_wconf 83' lang='lat' dir='ltr'><strong>ad</strong></span> <span class='ocrx_word' id='word_1_299' title='bbox 1349 4142 1499 4211; x_wconf 80' lang='lat' dir='ltr'><strong>regni</strong></span> <span class='ocrx_word' id='word_1_300' title='bbox 1555 4140 1765 4210; x_wconf 87' lang='lat' dir='ltr'><strong>negotia</strong></span> <span class='ocrx_word' id='word_1_301' title='bbox 1806 4148 2108 4193; x_wconf 87' lang='lat' dir='ltr'><strong>vocaretur.</strong></span> 
     </span>
    </p>
   </div>
   <div class='ocr_carea' id='block_1_50' title="bbox 527 4230 2114 4303">
    <p class='ocr_par' dir='ltr' id='par_1_50' title="bbox 527 4230 2114 4303">
     <span class='ocr_line' id='line_1_50' title="bbox 527 4230 2114 4303; baseline -0.006 -11"><span class='ocrx_word' id='word_1_302' title='bbox 527 4236 666 4292; x_wconf 76' lang='lat' dir='ltr'><strong>Hinc</strong></span> <span class='ocrx_word' id='word_1_303' title='bbox 687 4234 910 4303; x_wconf 89' lang='lat' dir='ltr'><strong>jubcute</strong></span> <span class='ocrx_word' id='word_1_304' title='bbox 950 4232 1162 4288; x_wconf 89' lang='lat' dir='ltr'><strong>Othone</strong></span> <span class='ocrx_word' id='word_1_305' title='bbox 1209 4232 1451 4302; x_wconf 80' lang='lat' dir='ltr'><strong>Augusto</strong></span> <span class='ocrx_word' id='word_1_306' title='bbox 1496 4231 1799 4285; x_wconf 88' lang='lat' dir='ltr'><strong>Brunonem</strong></span> <span class='ocrx_word' id='word_1_307' title='bbox 1830 4230 2114 4285; x_wconf 85' lang='lat' dir='ltr'><strong>Colonien-</strong></span> 
     </span>
    </p>
   </div>
   <div class='ocr_carea' id='block_1_51' title="bbox 530 4323 2113 4393">
    <p class='ocr_par' dir='ltr' id='par_1_51' title="bbox 530 4323 2113 4393">
     <span class='ocr_line' id='line_1_51' title="bbox 530 4323 2113 4393; baseline -0.005 -9"><span class='ocrx_word' id='word_1_308' title='bbox 530 4343 647 4385; x_wconf 85' lang='lat' dir='ltr'><strong>setn</strong></span> <span class='ocrx_word' id='word_1_309' title='bbox 670 4325 962 4382; x_wconf 87' lang='lat' dir='ltr'><strong>comitatus</strong></span> <span class='ocrx_word' id='word_1_310' title='bbox 980 4332 1062 4379; x_wconf 89' lang='lat' dir='ltr'><strong>est</strong></span> <span class='ocrx_word' id='word_1_311' title='bbox 1094 4324 1145 4379; x_wconf 92' lang='lat' dir='ltr'><strong>in</strong></span> <span class='ocrx_word' id='word_1_312' title='bbox 1177 4323 1483 4387; x_wconf 87' lang='lat' dir='ltr'><strong>Franciam,</strong></span> <span class='ocrx_word' id='word_1_313' title='bbox 1516 4339 1625 4393; x_wconf 88' lang='lat' dir='ltr'><strong>quo</strong></span> <span class='ocrx_word' id='word_1_314' title='bbox 1668 4323 2006 4386; x_wconf 84' lang='lat' dir='ltr'><strong>mittebatur,</strong></span> <span class='ocrx_word' id='word_1_315' title='bbox 2055 4330 2113 4376; x_wconf 93' lang='lat' dir='ltr'><strong>ut</strong></span> 
     </span>
    </p>
   </div>
   <div class='ocr_carea' id='block_1_52' title="bbox 528 4413 2111 4492">
    <p class='ocr_par' dir='ltr' id='par_1_52' title="bbox 528 4413 2111 4492">
     <span class='ocr_line' id='line_1_52' title="bbox 528 4413 2111 4492; baseline -0.007 -15"><span class='ocrx_word' id='word_1_316' title='bbox 528 4419 711 4492; x_wconf 89' lang='lat' dir='ltr'><strong>nepoti</strong></span> <span class='ocrx_word' id='word_1_317' title='bbox 742 4417 1004 4475; x_wconf 80' lang='lat' dir='ltr'><strong>Lotltario</strong></span> <span class='ocrx_word' id='word_1_318' title='bbox 1033 4416 1145 4487; x_wconf 83' lang='lat' dir='ltr'><strong>regi</strong></span> <span class='ocrx_word' id='word_1_319' title='bbox 1188 4415 1463 4485; x_wconf 87' lang='lat' dir='ltr'><strong>suppetias</strong></span> <span class='ocrx_word' id='word_1_320' title='bbox 1493 4414 1677 4470; x_wconf 81' lang='lat' dir='ltr'><strong>ferret.</strong></span> <span class='ocrx_word' id='word_1_321' title='bbox 1703 4413 1889 4468; x_wconf 87' lang='lat' dir='ltr'><strong>Trecis</strong></span> <span class='ocrx_word' id='word_1_322' title='bbox 1934 4422 2111 4467; x_wconf 88' lang='lat' dir='ltr'><strong>trans-</strong></span> 
     </span>
    </p>
   </div>
   <div class='ocr_carea' id='block_1_53' title="bbox 2221 3315 3913 3393">
    <p class='ocr_par' dir='ltr' id='par_1_53' title="bbox 2221 3315 3913 3393">
     <span class='ocr_line' id='line_1_53' title="bbox 2221 3315 3913 3393; baseline 0.002 -24"><span class='ocrx_word' id='word_1_323' title='bbox 2221 3315 2516 3370; x_wconf 80' lang='lat' dir='ltr'><strong>abluxerat</strong></span> <span class='ocrx_word' id='word_1_324' title='bbox 2545 3316 2689 3372; x_wconf 83' lang='lat' dir='ltr'><strong>Otho</strong></span> <span class='ocrx_word' id='word_1_325' title='bbox 2722 3318 3036 3388; x_wconf 85' lang='lat' dir='ltr'><strong>imperator,</strong></span> <span class='ocrx_word' id='word_1_326' title='bbox 3077 3320 3360 3392; x_wconf 76' lang='lat' dir='ltr'><strong>profugum</strong></span> <span class='ocrx_word' id='word_1_327' title='bbox 3393 3322 3632 3391; x_wconf 76' lang='lat' dir='ltr'><strong>excepit,</strong></span> <span class='ocrx_word' id='word_1_328' title='bbox 3660 3338 3784 3374; x_wconf 65' lang='lat' dir='ltr'><strong>utau-</strong></span> <span class='ocrx_word' id='word_1_329' title='bbox 3912 3328 3913 3393; x_wconf 50' lang='grc' dir='ltr'>ι</span> 
     </span>
    </p>
   </div>
   <div class='ocr_carea' id='block_1_54' title="bbox 2222 3405 3781 3478">
    <p class='ocr_par' dir='ltr' id='par_1_54' title="bbox 2222 3405 3781 3478">
     <span class='ocr_line' id='line_1_54' title="bbox 2222 3405 3781 3478; baseline 0.003 -19"><span class='ocrx_word' id='word_1_330' title='bbox 2222 3405 2424 3459; x_wconf 89' lang='lat' dir='ltr'><strong>sionem</strong></span> <span class='ocrx_word' id='word_1_331' title='bbox 2458 3408 2772 3478; x_wconf 81' lang='lat' dir='ltr'><strong>assignavit,</strong></span> <span class='ocrx_word' id='word_1_332' title='bbox 2819 3417 2872 3462; x_wconf 89' lang='lat' dir='ltr'><strong>et</strong></span> <span class='ocrx_word' id='word_1_333' title='bbox 2924 3410 2990 3464; x_wconf 89' lang='lat' dir='ltr'><strong>de</strong></span> <span class='ocrx_word' id='word_1_334' title='bbox 3042 3411 3199 3465; x_wconf 87' lang='lat' dir='ltr'><strong>bonis</strong></span> <span class='ocrx_word' id='word_1_335' title='bbox 3235 3426 3265 3465; x_wconf 89' lang='lat' dir='ltr'><strong>a</strong></span> <span class='ocrx_word' id='word_1_336' title='bbox 3303 3426 3361 3465; x_wconf 89' lang='lat' dir='ltr'><strong>se</strong></span> <span class='ocrx_word' id='word_1_337' title='bbox 3416 3413 3615 3468; x_wconf 84' lang='lat' dir='ltr'><strong>ibidem</strong></span> <span class='ocrx_word' id='word_1_338' title='bbox 3657 3410 3781 3465; x_wconf 83' lang='lat' dir='ltr'><strong>dele-</strong></span> 
     </span>
    </p>
   </div>
   <div class='ocr_carea' id='block_1_55' title="bbox 2220 3497 3780 3572">
    <p class='ocr_par' dir='ltr' id='par_1_55' title="bbox 2220 3497 3780 3572">
     <span class='ocr_line' id='line_1_55' title="bbox 2220 3497 3780 3572; baseline 0.003 -25"><span class='ocrx_word' id='word_1_339' title='bbox 2220 3497 2378 3564; x_wconf 83' lang='lat' dir='ltr'><strong>gatis,</strong></span> <span class='ocrx_word' id='word_1_340' title='bbox 2413 3513 2533 3551; x_wconf 91' lang='lat' dir='ltr'><strong>cum</strong></span> <span class='ocrx_word' id='word_1_341' title='bbox 2574 3498 2687 3553; x_wconf 89' lang='lat' dir='ltr'><strong>suis</strong></span> <span class='ocrx_word' id='word_1_342' title='bbox 2718 3500 2920 3554; x_wconf 81' lang='lat' dir='ltr'><strong>habere</strong></span> <span class='ocrx_word' id='word_1_343' title='bbox 2950 3500 3215 3568; x_wconf 87' lang='lat' dir='ltr'><strong>stipendia</strong></span> <span class='ocrx_word' id='word_1_344' title='bbox 3248 3503 3558 3567; x_wconf 90' lang='lat' dir='ltr'><strong>constituit,</strong></span> <span class='ocrx_word' id='word_1_345' title='bbox 3604 3504 3686 3572; x_wconf 86' lang='lat' dir='ltr'><strong>qui</strong></span> <span class='ocrx_word' id='word_1_346' title='bbox 3723 3501 3734 3553; x_wconf 90' lang='lat' dir='ltr'><strong>i</strong></span> <span class='ocrx_word' id='word_1_347' title='bbox 3767 3499 3780 3551; x_wconf 88' lang='lat' dir='ltr'><strong>i</strong></span> 
     </span>
    </p>
   </div>
   <div class='ocr_carea' id='block_1_56' title="bbox 2219 3589 3379 3657">
    <p class='ocr_par' dir='ltr' id='par_1_56' title="bbox 2219 3589 3379 3657">
     <span class='ocr_line' id='line_1_56' title="bbox 2219 3589 3379 3657; baseline 0.003 -17"><span class='ocrx_word' id='word_1_348' title='bbox 2219 3595 2275 3640; x_wconf 89' lang='lat' dir='ltr'><strong>et</strong></span> <span class='ocrx_word' id='word_1_349' title='bbox 2301 3597 2421 3656; x_wconf 88' lang='lat' dir='ltr'><strong>post</strong></span> <span class='ocrx_word' id='word_1_350' title='bbox 2451 3594 2679 3642; x_wconf 87' lang='lat' dir='ltr'><strong>mortem</strong></span> <span class='ocrx_word' id='word_1_351' title='bbox 2712 3589 2985 3657; x_wconf 88' lang='lat' dir='ltr'><strong>sepultura</strong></span> <span class='ocrx_word' id='word_1_352' title='bbox 3012 3589 3247 3645; x_wconf 87' lang='lat' dir='ltr'><strong>donatus</strong></span> <span class='ocrx_word' id='word_1_353' title='bbox 3273 3601 3379 3645; x_wconf 87' lang='lat' dir='ltr'><strong>est.</strong></span> 
     </span>
    </p>
   </div>
   <div class='ocr_carea' id='block_1_57' title="bbox 2293 3676 3781 3751">
    <p class='ocr_par' dir='ltr' id='par_1_57' title="bbox 2293 3676 3781 3751">
     <span class='ocr_line' id='line_1_57' title="bbox 2293 3676 3781 3751; baseline 0.003 -22"><span class='ocrx_word' id='word_1_354' title='bbox 2293 3676 2479 3731; x_wconf 62' lang='lat' dir='ltr'><strong>Tantae</strong></span> <span class='ocrx_word' id='word_1_355' title='bbox 2505 3677 2600 3732; x_wconf 79' lang='lat' dir='ltr'><strong>fuit</strong></span> <span class='ocrx_word' id='word_1_356' title='bbox 2634 3679 2779 3743; x_wconf 89' lang='lat' dir='ltr'><strong>lidei,</strong></span> <span class='ocrx_word' id='word_1_357' title='bbox 2818 3688 2876 3733; x_wconf 90' lang='lat' dir='ltr'><strong>ut</strong></span> <span class='ocrx_word' id='word_1_358' title='bbox 2911 3680 3122 3751; x_wconf 82' lang='lat' dir='ltr'><strong>insigne</strong></span> <span class='ocrx_word' id='word_1_359' title='bbox 3164 3682 3485 3736; x_wconf 84' lang='lat' dir='ltr'><strong>miraculum</strong></span> <span class='ocrx_word' id='word_1_360' title='bbox 3519 3684 3571 3737; x_wconf 91' lang='lat' dir='ltr'><strong>in</strong></span> <span class='ocrx_word' id='word_1_361' title='bbox 3611 3697 3666 3737; x_wconf 86' lang='lat' dir='ltr'><strong>se</strong></span> <span class='ocrx_word' id='word_1_362' title='bbox 3705 3696 3781 3734; x_wconf 77' lang='lat' dir='ltr'><strong>ex-</strong></span> 
     </span>
    </p>
   </div>
   <div class='ocr_carea' id='block_1_58' title="bbox 2219 3770 3778 3845">
    <p class='ocr_par' dir='ltr' id='par_1_58' title="bbox 2219 3770 3778 3845">
     <span class='ocr_line' id='line_1_58' title="bbox 2219 3770 3778 3845; baseline -0.001 -20"><span class='ocrx_word' id='word_1_363' title='bbox 2219 3779 2406 3842; x_wconf 89' lang='lat' dir='ltr'><strong>pertus</strong></span> <span class='ocrx_word' id='word_1_364' title='bbox 2439 3770 2623 3826; x_wconf 81' lang='lat' dir='ltr'><strong>fuerit.</strong></span> <span class='ocrx_word' id='word_1_365' title='bbox 2664 3770 2777 3827; x_wconf 90' lang='lat' dir='ltr'><strong>Sub</strong></span> <span class='ocrx_word' id='word_1_366' title='bbox 2814 3774 2896 3827; x_wconf 89' lang='lat' dir='ltr'><strong>sui</strong></span> <span class='ocrx_word' id='word_1_367' title='bbox 2923 3774 3265 3845; x_wconf 77' lang='lat' dir='ltr'><strong>episcopatus</strong></span> <span class='ocrx_word' id='word_1_368' title='bbox 3292 3776 3468 3841; x_wconf 90' lang='lat' dir='ltr'><strong>initia,</strong></span> <span class='ocrx_word' id='word_1_369' title='bbox 3509 3775 3778 3829; x_wconf 83' lang='lat' dir='ltr'><strong>horrendus</strong></span> 
     </span>
    </p>
   </div>
   <div class='ocr_carea' id='block_1_59' title="bbox 2220 3861 3776 3937">
    <p class='ocr_par' dir='ltr' id='par_1_59' title="bbox 2220 3861 3776 3937">
     <span class='ocr_line' id='line_1_59' title="bbox 2220 3861 3776 3937; baseline 0 -22"><span class='ocrx_word' id='word_1_370' title='bbox 2220 3861 2465 3925; x_wconf 84' lang='lat' dir='ltr'><strong>morbus,</strong></span> <span class='ocrx_word' id='word_1_371' title='bbox 2506 3862 2596 3930; x_wconf 87' lang='lat' dir='ltr'><strong>qui</strong></span> <span class='ocrx_word' id='word_1_372' title='bbox 2648 3862 2804 3932; x_wconf 81' lang='lat' dir='ltr'><strong>lupus</strong></span> <span class='ocrx_word' id='word_1_373' title='bbox 2835 3879 2863 3916; x_wconf 93' lang='lat' dir='ltr'><strong>a</strong></span> <span class='ocrx_word' id='word_1_374' title='bbox 2899 3865 3121 3921; x_wconf 85' lang='lat' dir='ltr'><strong>medicis</strong></span> <span class='ocrx_word' id='word_1_375' title='bbox 3169 3867 3494 3937; x_wconf 84' lang='lat' dir='ltr'><strong>appellatur,</strong></span> <span class='ocrx_word' id='word_1_376' title='bbox 3548 3864 3776 3933; x_wconf 81' lang='lat' dir='ltr'><strong>corripuit</strong></span> 
     </span>
    </p>
   </div>
   <div class='ocr_carea' id='block_1_60' title="bbox 2221 3953 3777 4027">
    <p class='ocr_par' dir='ltr' id='par_1_60' title="bbox 2221 3953 3777 4027">
     <span class='ocr_line' id='line_1_60' title="bbox 2221 3953 3777 4027; baseline -0.001 -20"><span class='ocrx_word' id='word_1_377' title='bbox 2221 3953 2394 4022; x_wconf 90' lang='lat' dir='ltr'><strong>ipsum</strong></span> <span class='ocrx_word' id='word_1_378' title='bbox 2441 3962 2497 4008; x_wconf 92' lang='lat' dir='ltr'><strong>et</strong></span> <span class='ocrx_word' id='word_1_379' title='bbox 2538 3955 2674 4009; x_wconf 87' lang='lat' dir='ltr'><strong>adeo</strong></span> <span class='ocrx_word' id='word_1_380' title='bbox 2721 3954 2838 4024; x_wconf 86' lang='lat' dir='ltr'><strong>ejus</strong></span> <span class='ocrx_word' id='word_1_381' title='bbox 2880 3964 3033 4010; x_wconf 89' lang='lat' dir='ltr'><strong>artus</strong></span> <span class='ocrx_word' id='word_1_382' title='bbox 3076 3957 3421 4025; x_wconf 82' lang='lat' dir='ltr'><strong>depasrebat,</strong></span> <span class='ocrx_word' id='word_1_383' title='bbox 3472 3966 3535 4012; x_wconf 90' lang='lat' dir='ltr'><strong>ut</strong></span> <span class='ocrx_word' id='word_1_384' title='bbox 3568 3955 3777 4027; x_wconf 75' lang='lat' dir='ltr'><strong>quatidie</strong></span> 
     </span>
    </p>
   </div>
   <div class='ocr_carea' id='block_1_61' title="bbox 2219 4043 3865 4117">
    <p class='ocr_par' dir='ltr' id='par_1_61' title="bbox 2219 4043 3865 4117">
     <span class='ocr_line' id='line_1_61' title="bbox 2219 4043 3865 4117; baseline 0 -19"><span class='ocrx_word' id='word_1_385' title='bbox 2219 4044 2374 4100; x_wconf 91' lang='lat' dir='ltr'><strong>binos</strong></span> <span class='ocrx_word' id='word_1_386' title='bbox 2398 4043 2719 4115; x_wconf 78' lang='lat' dir='ltr'><strong>gallinarum</strong></span> <span class='ocrx_word' id='word_1_387' title='bbox 2752 4045 2929 4116; x_wconf 90' lang='lat' dir='ltr'><strong>pullos</strong></span> <span class='ocrx_word' id='word_1_388' title='bbox 2956 4061 3138 4111; x_wconf 89' lang='lat' dir='ltr'><strong>mane,</strong></span> <span class='ocrx_word' id='word_1_389' title='bbox 3191 4048 3349 4102; x_wconf 91' lang='lat' dir='ltr'><strong>binos</strong></span> <span class='ocrx_word' id='word_1_390' title='bbox 3390 4062 3617 4117; x_wconf 80' lang='lat' dir='ltr'><strong>vespere</strong></span> <span class='ocrx_word' id='word_1_391' title='bbox 3651 4044 3771 4113; x_wconf 83' lang='lat' dir='ltr'><strong>obje-</strong></span> <span class='ocrx_word' id='word_1_392' title='bbox 3857 4064 3865 4071; x_wconf 58' lang='grc' dir='ltr'><em>ν</em></span> 
     </span>
    </p>
   </div>
   <div class='ocr_carea' id='block_1_62' title="bbox 2214 4139 3777 4211">
    <p class='ocr_par' dir='ltr' id='par_1_62' title="bbox 2214 4139 3777 4211">
     <span class='ocr_line' id='line_1_62' title="bbox 2214 4139 3777 4211; baseline -0.001 -20"><span class='ocrx_word' id='word_1_393' title='bbox 2214 4144 2333 4191; x_wconf 87' lang='lat' dir='ltr'><strong>ctos</strong></span> <span class='ocrx_word' id='word_1_394' title='bbox 2362 4148 2727 4202; x_wconf 86' lang='lat' dir='ltr'><strong>consumeret,</strong></span> <span class='ocrx_word' id='word_1_395' title='bbox 2757 4153 2857 4193; x_wconf 90' lang='lat' dir='ltr'><strong>nec</strong></span> <span class='ocrx_word' id='word_1_396' title='bbox 2886 4139 2966 4193; x_wconf 83' lang='lat' dir='ltr'><strong>sic</strong></span> <span class='ocrx_word' id='word_1_397' title='bbox 2998 4147 3176 4194; x_wconf 86' lang='lat' dir='ltr'><strong>tamen</strong></span> <span class='ocrx_word' id='word_1_398' title='bbox 3208 4140 3465 4194; x_wconf 85' lang='lat' dir='ltr'><strong>carnibus</strong></span> <span class='ocrx_word' id='word_1_399' title='bbox 3511 4141 3634 4211; x_wconf 66' lang='grc' dir='ltr'><strong>κει-ἱ</strong></span> <span class='ocrx_word' id='word_1_400' title='bbox 3671 4152 3777 4207; x_wconf 71' lang='lat' dir='ltr'><strong>par-</strong></span> 
     </span>
    </p>
   </div>
   <div class='ocr_carea' id='block_1_63' title="bbox 2216 4227 3773 4300">
    <p class='ocr_par' dir='ltr' id='par_1_63' title="bbox 2216 4227 3773 4300">
     <span class='ocr_line' id='line_1_63' title="bbox 2216 4227 3773 4300; baseline -0.002 -18"><span class='ocrx_word' id='word_1_401' title='bbox 2216 4236 2382 4282; x_wconf 88' lang='lat' dir='ltr'><strong>ceret.</strong></span> <span class='ocrx_word' id='word_1_402' title='bbox 2418 4227 2544 4281; x_wconf 87' lang='lat' dir='ltr'><strong>Post</strong></span> <span class='ocrx_word' id='word_1_403' title='bbox 2565 4243 2781 4282; x_wconf 87' lang='lat' dir='ltr'><strong>omnem</strong></span> <span class='ocrx_word' id='word_1_404' title='bbox 2818 4230 3100 4283; x_wconf 73' lang='lat' dir='ltr'><strong>medicina:</strong></span> <span class='ocrx_word' id='word_1_405' title='bbox 3123 4239 3297 4284; x_wconf 90' lang='lat' dir='ltr'><strong>artem</strong></span> <span class='ocrx_word' id='word_1_406' title='bbox 3331 4229 3550 4300; x_wconf 80' lang='lat' dir='ltr'><strong>vimque</strong></span> <span class='ocrx_word' id='word_1_407' title='bbox 3578 4243 3773 4296; x_wconf 80' lang='lat' dir='ltr'><strong>supera-</strong></span> 
     </span>
    </p>
   </div>
   <div class='ocr_carea' id='block_1_64' title="bbox 2218 4319 3768 4392">
    <p class='ocr_par' dir='ltr' id='par_1_64' title="bbox 2218 4319 3768 4392">
     <span class='ocr_line' id='line_1_64' title="bbox 2218 4319 3768 4392; baseline -0.001 -20"><span class='ocrx_word' id='word_1_408' title='bbox 2218 4327 2346 4384; x_wconf 87' lang='lat' dir='ltr'><strong>tam,</strong></span> <span class='ocrx_word' id='word_1_409' title='bbox 2371 4319 2586 4374; x_wconf 87' lang='lat' dir='ltr'><strong>tandem</strong></span> <span class='ocrx_word' id='word_1_410' title='bbox 2615 4320 2681 4374; x_wconf 85' lang='lat' dir='ltr'><strong>ad</strong></span> <span class='ocrx_word' id='word_1_411' title='bbox 2709 4320 2942 4374; x_wconf 83' lang='lat' dir='ltr'><strong>divinam</strong></span> <span class='ocrx_word' id='word_1_412' title='bbox 2971 4336 3128 4390; x_wconf 87' lang='lat' dir='ltr'><strong>opem</strong></span> <span class='ocrx_word' id='word_1_413' title='bbox 3158 4322 3421 4392; x_wconf 78' lang='lat' dir='ltr'><strong>confugit,</strong></span> <span class='ocrx_word' id='word_1_414' title='bbox 3469 4338 3629 4391; x_wconf 83' lang='lat' dir='ltr'><strong>quam</strong></span> <span class='ocrx_word' id='word_1_415' title='bbox 3678 4334 3768 4373; x_wconf 83' lang='lat' dir='ltr'><strong>tue-</strong></span> 
     </span>
    </p>
   </div>
   <div class='ocr_carea' id='block_1_65' title="bbox 2216 4410 3769 4485">
    <p class='ocr_par' dir='ltr' id='par_1_65' title="bbox 2216 4410 3769 4485">
     <span class='ocr_line' id='line_1_65' title="bbox 2216 4410 3769 4485; baseline -0.001 -22"><span class='ocrx_word' id='word_1_416' title='bbox 2216 4410 2335 4465; x_wconf 89' lang='lat' dir='ltr'><strong>ritis</strong></span> <span class='ocrx_word' id='word_1_417' title='bbox 2376 4411 2518 4465; x_wconf 89' lang='lat' dir='ltr'><strong>beati</strong></span> <span class='ocrx_word' id='word_1_418' title='bbox 2566 4410 2780 4466; x_wconf 81' lang='lat' dir='ltr'><strong>Martini</strong></span> <span class='ocrx_word' id='word_1_419' title='bbox 2812 4421 3188 4468; x_wconf 89' lang='lat' dir='ltr'><strong>assecuturum</strong></span> <span class='ocrx_word' id='word_1_420' title='bbox 3220 4429 3279 4470; x_wconf 90' lang='lat' dir='ltr'><strong>se</strong></span> <span class='ocrx_word' id='word_1_421' title='bbox 3321 4415 3583 4485; x_wconf 72' lang='lat' dir='ltr'><strong>Speravit,</strong></span> <span class='ocrx_word' id='word_1_422' title='bbox 3614 4420 3769 4481; x_wconf 84' lang='lat' dir='ltr'><strong>utpote</strong></span> 
     </span>
    </p>
   </div>
   <div class='ocr_carea' id='block_1_66' title="bbox 523 4497 3766 4581">
    <p class='ocr_par' dir='ltr' id='par_1_66' title="bbox 523 4497 3766 4581">
     <span class='ocr_line' id='line_1_66' title="bbox 523 4497 3766 4581; baseline -0.005 -13"><span class='ocrx_word' id='word_1_423' title='bbox 523 4512 642 4568; x_wconf 90' lang='lat' dir='ltr'><strong>iens</strong></span> <span class='ocrx_word' id='word_1_424' title='bbox 688 4510 871 4565; x_wconf 88' lang='lat' dir='ltr'><strong>Bruno</strong></span> <span class='ocrx_word' id='word_1_425' title='bbox 930 4508 1100 4563; x_wconf 89' lang='lat' dir='ltr'><strong>sancti</strong></span> <span class='ocrx_word' id='word_1_426' title='bbox 1147 4506 1380 4562; x_wconf 88' lang='lat' dir='ltr'><strong>Patrocli</strong></span> <span class='ocrx_word' id='word_1_427' title='bbox 1413 4520 1612 4575; x_wconf 90' lang='lat' dir='ltr'><strong>corpus</strong></span> <span class='ocrx_word' id='word_1_428' title='bbox 1636 4506 1703 4560; x_wconf 91' lang='lat' dir='ltr'><strong>ab</strong></span> <span class='ocrx_word' id='word_1_429' title='bbox 1733 4505 1986 4574; x_wconf 88' lang='lat' dir='ltr'><strong>episcopo</strong></span> <span class='ocrx_word' id='word_1_430' title='bbox 2014 4504 2107 4556; x_wconf 68' lang='grc' dir='ltr'><strong>οὺ-</strong></span> <span class='ocrx_word' id='word_1_431' title='bbox 2134 4559 2179 4581; x_wconf 46' lang='lat' dir='ltr'>ﬁ</span> <span class='ocrx_word' id='word_1_432' title='bbox 2214 4497 2305 4567; x_wconf 90' lang='lat' dir='ltr'><strong>qui</strong></span> <span class='ocrx_word' id='word_1_433' title='bbox 2359 4507 2481 4567; x_wconf 92' lang='lat' dir='ltr'><strong>post</strong></span> <span class='ocrx_word' id='word_1_434' title='bbox 2528 4497 2947 4556; x_wconf 84' lang='lat' dir='ltr'><strong>Nortmannicos</strong></span> <span class='ocrx_word' id='word_1_435' title='bbox 2994 4502 3250 4572; x_wconf 85' lang='lat' dir='ltr'><strong>impetus,</strong></span> <span class='ocrx_word' id='word_1_436' title='bbox 3296 4503 3651 4559; x_wconf 83' lang='lat' dir='ltr'><strong>Antissodoro</strong></span> <span class='ocrx_word' id='word_1_437' title='bbox 3678 4498 3766 4554; x_wconf 84' lang='lat' dir='ltr'><strong>Tu-</strong></span> 
     </span>
    </p>
   </div>
   <div class='ocr_carea' id='block_1_67' title="bbox 522 4570 3765 4675">
    <p class='ocr_par' dir='ltr' id='par_1_67' title="bbox 522 4570 3765 4675">
     <span class='ocr_line' id='line_1_67' title="bbox 522 4570 3765 4675; baseline -0.005 -14"><span class='ocrx_word' id='word_1_438' title='bbox 522 4606 706 4669; x_wconf 88' lang='lat' dir='ltr'><strong>tiuuit,</strong></span> <span class='ocrx_word' id='word_1_439' title='bbox 742 4604 836 4659; x_wconf 89' lang='lat' dir='ltr'><strong>sed</strong></span> <span class='ocrx_word' id='word_1_440' title='bbox 887 4601 1117 4675; x_wconf 86' lang='lat' dir='ltr'><strong>negotiis</strong></span> <span class='ocrx_word' id='word_1_441' title='bbox 1166 4602 1482 4670; x_wconf 88' lang='lat' dir='ltr'><strong>urgentibus</strong></span> <span class='ocrx_word' id='word_1_442' title='bbox 1514 4599 1689 4654; x_wconf 86' lang='lat' dir='ltr'><strong>redire</strong></span> <span class='ocrx_word' id='word_1_443' title='bbox 1740 4606 1960 4653; x_wconf 87' lang='lat' dir='ltr'><strong>coactus</strong></span> <span class='ocrx_word' id='word_1_444' title='bbox 1990 4612 2103 4652; x_wconf 89' lang='lat' dir='ltr'><strong>rem</strong></span> <span class='ocrx_word' id='word_1_445' title='bbox 2133 4570 2178 4623; x_wconf 55' lang='grc'><strong>(³</strong></span> <span class='ocrx_word' id='word_1_446' title='bbox 2214 4603 2373 4643; x_wconf 65' lang='lat' dir='ltr'><strong>tones</strong></span> <span class='ocrx_word' id='word_1_447' title='bbox 2405 4601 2650 4645; x_wconf 79' lang='lat' dir='ltr'><strong>revectus</strong></span> <span class='ocrx_word' id='word_1_448' title='bbox 2696 4592 2850 4647; x_wconf 88' lang='lat' dir='ltr'><strong>miris</strong></span> <span class='ocrx_word' id='word_1_449' title='bbox 2895 4594 3155 4663; x_wconf 88' lang='lat' dir='ltr'><strong>prodigiis</strong></span> <span class='ocrx_word' id='word_1_450' title='bbox 3204 4595 3497 4652; x_wconf 84' lang='lat' dir='ltr'><strong>emicabat.</strong></span> <span class='ocrx_word' id='word_1_451' title='bbox 3552 4596 3765 4650; x_wconf 83' lang='lat' dir='ltr'><strong>Turoncs</strong></span> 
     </span>
    </p>
   </div>
   <div class='ocr_carea' id='block_1_68' title="bbox 527 4691 2105 4762">
    <p class='ocr_par' dir='ltr' id='par_1_68' title="bbox 527 4691 2105 4762">
     <span class='ocr_line' id='line_1_68' title="bbox 527 4691 2105 4762; baseline -0.006 -10"><span class='ocrx_word' id='word_1_452' title='bbox 527 4708 697 4753; x_wconf 69' lang='lat' dir='ltr'><strong>telam</strong></span> <span class='ocrx_word' id='word_1_453' title='bbox 729 4695 943 4750; x_wconf 87' lang='lat' dir='ltr'><strong>Eraclio</strong></span> <span class='ocrx_word' id='word_1_454' title='bbox 970 4695 1265 4757; x_wconf 89' lang='lat' dir='ltr'><strong>commisit,</strong></span> <span class='ocrx_word' id='word_1_455' title='bbox 1305 4693 1396 4762; x_wconf 85' lang='lat' dir='ltr'><strong>qui</strong></span> <span class='ocrx_word' id='word_1_456' title='bbox 1437 4691 1623 4747; x_wconf 84' lang='lat' dir='ltr'><strong>sedulo</strong></span> <span class='ocrx_word' id='word_1_457' title='bbox 1648 4705 1767 4745; x_wconf 89' lang='lat' dir='ltr'><strong>eam</strong></span> <span class='ocrx_word' id='word_1_458' title='bbox 1816 4700 2105 4745; x_wconf 75' lang='lat' dir='ltr'><strong>exsecutus</strong></span> 
     </span>
    </p>
   </div>
   <div class='ocr_carea' id='block_1_69' title="bbox 518 4784 2104 4856">
    <p class='ocr_par' dir='ltr' id='par_1_69' title="bbox 518 4784 2104 4856">
     <span class='ocr_line' id='line_1_69' title="bbox 518 4784 2104 4856; baseline -0.008 -10"><span class='ocrx_word' id='word_1_459' title='bbox 518 4804 741 4846; x_wconf 79' lang='lat' dir='ltr'><strong>sacrum</strong></span> <span class='ocrx_word' id='word_1_460' title='bbox 785 4788 1085 4856; x_wconf 89' lang='lat' dir='ltr'><strong>depositum</strong></span> <span class='ocrx_word' id='word_1_461' title='bbox 1132 4784 1410 4840; x_wconf 81' lang='lat' dir='ltr'><strong>Coloniam</strong></span> <span class='ocrx_word' id='word_1_462' title='bbox 1460 4784 1670 4838; x_wconf 88' lang='lat' dir='ltr'><strong>detulit.</strong></span> <span class='ocrx_word' id='word_1_463' title='bbox 1721 4784 2104 4852; x_wconf 77' lang='lat' dir='ltr'><strong>Imperatorem</strong></span> 
     </span>
    </p>
   </div>
   <div class='ocr_carea' id='block_1_70' title="bbox 520 4872 2104 4949">
    <p class='ocr_par' dir='ltr' id='par_1_70' title="bbox 520 4872 2104 4949">
     <span class='ocr_line' id='line_1_70' title="bbox 520 4872 2104 4949; baseline -0.006 -14"><span class='ocrx_word' id='word_1_464' title='bbox 520 4889 617 4935; x_wconf 78' lang='lat' dir='ltr'><strong>aut</strong></span> <span class='ocrx_word' id='word_1_465' title='bbox 645 4880 762 4949; x_wconf 86' lang='lat' dir='ltr'><strong>ejus</strong></span> <span class='ocrx_word' id='word_1_466' title='bbox 786 4878 951 4932; x_wconf 81' lang='lat' dir='ltr'><strong>lilium</strong></span> <span class='ocrx_word' id='word_1_467' title='bbox 976 4877 1351 4947; x_wconf 81' lang='lat' dir='ltr'><strong>cognominem</strong></span> <span class='ocrx_word' id='word_1_468' title='bbox 1380 4875 1500 4946; x_wconf 71' lang='lat' dir='ltr'><strong>(sic)</strong></span> <span class='ocrx_word' id='word_1_469' title='bbox 1540 4884 1759 4929; x_wconf 87' lang='lat' dir='ltr'><strong>secutus</strong></span> <span class='ocrx_word' id='word_1_470' title='bbox 1792 4882 1874 4928; x_wconf 91' lang='lat' dir='ltr'><strong>est</strong></span> <span class='ocrx_word' id='word_1_471' title='bbox 1906 4874 1956 4927; x_wconf 91' lang='lat' dir='ltr'><strong>in</strong></span> <span class='ocrx_word' id='word_1_472' title='bbox 2003 4872 2104 4927; x_wconf 87' lang='lat' dir='ltr'><strong>lta-</strong></span> 
     </span>
    </p>
   </div>
   <div class='ocr_carea' id='block_1_71' title="bbox 521 4963 2103 5035">
    <p class='ocr_par' dir='ltr' id='par_1_71' title="bbox 521 4963 2103 5035">
     <span class='ocr_line' id='line_1_71' title="bbox 521 4963 2103 5035; baseline -0.006 -11"><span class='ocrx_word' id='word_1_473' title='bbox 521 4969 648 5024; x_wconf 87' lang='lat' dir='ltr'><strong>liam</strong></span> <span class='ocrx_word' id='word_1_474' title='bbox 696 4978 752 5023; x_wconf 91' lang='lat' dir='ltr'><strong>ct.</strong></span> <span class='ocrx_word' id='word_1_475' title='bbox 797 4967 1039 5022; x_wconf 68' lang='lat' dir='ltr'><strong>victoriae</strong></span> <span class='ocrx_word' id='word_1_476' title='bbox 1089 4967 1142 5021; x_wconf 90' lang='lat' dir='ltr'><strong>in</strong></span> <span class='ocrx_word' id='word_1_477' title='bbox 1202 4964 1395 5035; x_wconf 74' lang='lat' dir='ltr'><strong>Apulia</strong></span> <span class='ocrx_word' id='word_1_478' title='bbox 1441 4964 1799 5033; x_wconf 81' lang='lat' dir='ltr'><strong>Calabriaque</strong></span> <span class='ocrx_word' id='word_1_479' title='bbox 1844 4963 2103 5016; x_wconf 85' lang='lat' dir='ltr'><strong>adversus</strong></span> 
     </span>
    </p>
   </div>
   <div class='ocr_carea' id='block_1_72' title="bbox 518 5052 2106 5127">
    <p class='ocr_par' dir='ltr' id='par_1_72' title="bbox 518 5052 2106 5127">
     <span class='ocr_line' id='line_1_72' title="bbox 518 5052 2106 5127; baseline -0.006 -12"><span class='ocrx_word' id='word_1_480' title='bbox 518 5060 767 5116; x_wconf 63' lang='grc' dir='ltr'><strong>ῦγιρειιηι</strong></span> <span class='ocrx_word' id='word_1_481' title='bbox 828 5058 1207 5127; x_wconf 86' lang='lat' dir='ltr'><strong>imperatorem</strong></span> <span class='ocrx_word' id='word_1_482' title='bbox 1262 5053 1524 5125; x_wconf 74' lang='lat' dir='ltr'><strong>perfidum</strong></span> <span class='ocrx_word' id='word_1_483' title='bbox 1596 5060 1887 5122; x_wconf 78' lang='lat' dir='ltr'><strong>reportata:</strong></span> <span class='ocrx_word' id='word_1_484' title='bbox 1951 5052 2106 5106; x_wconf 86' lang='lat' dir='ltr'><strong>testis</strong></span> 
     </span>
    </p>
   </div>
   <div class='ocr_carea' id='block_1_73' title="bbox 524 5140 2101 5213">
    <p class='ocr_par' dir='ltr' id='par_1_73' title="bbox 524 5140 2101 5213">
     <span class='ocr_line' id='line_1_73' title="bbox 524 5140 2101 5213; baseline -0.004 -13"><span class='ocrx_word' id='word_1_485' title='bbox 524 5146 666 5213; x_wconf 75' lang='lat' dir='ltr'><strong>fuit;</strong></span> <span class='ocrx_word' id='word_1_486' title='bbox 716 5147 822 5201; x_wconf 91' lang='lat' dir='ltr'><strong>imo</strong></span> <span class='ocrx_word' id='word_1_487' title='bbox 847 5145 1145 5201; x_wconf 81' lang='lat' dir='ltr'><strong>exercitum</strong></span> <span class='ocrx_word' id='word_1_488' title='bbox 1179 5142 1390 5210; x_wconf 89' lang='lat' dir='ltr'><strong>totjam</strong></span> <span class='ocrx_word' id='word_1_489' title='bbox 1414 5141 1655 5196; x_wconf 84' lang='lat' dir='ltr'><strong>victoriis</strong></span> <span class='ocrx_word' id='word_1_490' title='bbox 1682 5141 1966 5203; x_wconf 84' lang='lat' dir='ltr'><strong>illustrem,</strong></span> <span class='ocrx_word' id='word_1_491' title='bbox 2009 5140 2101 5193; x_wconf 86' lang='lat' dir='ltr'><strong>sed</strong></span> 
     </span>
    </p>
   </div>
   <div class='ocr_carea' id='block_1_74' title="bbox 520 5231 2101 5307">
    <p class='ocr_par' dir='ltr' id='par_1_74' title="bbox 520 5231 2101 5307">
     <span class='ocr_line' id='line_1_74' title="bbox 520 5231 2101 5307; baseline -0.006 -14"><span class='ocrx_word' id='word_1_492' title='bbox 520 5238 654 5293; x_wconf 79' lang='lat' dir='ltr'><strong>solis</strong></span> <span class='ocrx_word' id='word_1_493' title='bbox 681 5237 868 5307; x_wconf 83' lang='lat' dir='ltr'><strong>eclipsi</strong></span> <span class='ocrx_word' id='word_1_494' title='bbox 899 5236 1147 5291; x_wconf 88' lang='lat' dir='ltr'><strong>territum</strong></span> <span class='ocrx_word' id='word_1_495' title='bbox 1196 5242 1250 5287; x_wconf 90' lang='lat' dir='ltr'><strong>et</strong></span> <span class='ocrx_word' id='word_1_496' title='bbox 1298 5234 1366 5286; x_wconf 83' lang='lat' dir='ltr'><strong>ad</strong></span> <span class='ocrx_word' id='word_1_497' title='bbox 1412 5232 1706 5300; x_wconf 87' lang='lat' dir='ltr'><strong>deliquium</strong></span> <span class='ocrx_word' id='word_1_498' title='bbox 1771 5231 1882 5286; x_wconf 80' lang='lat' dir='ltr'><strong>fere</strong></span> <span class='ocrx_word' id='word_1_499' title='bbox 1928 5231 2101 5286; x_wconf 86' lang='lat' dir='ltr'><strong>addu-</strong></span> 
     </span>
    </p>
   </div>
   <div class='ocr_carea' id='block_1_75' title="bbox 523 5323 2100 5394">
    <p class='ocr_par' dir='ltr' id='par_1_75' title="bbox 523 5323 2100 5394">
     <span class='ocr_line' id='line_1_75' title="bbox 523 5323 2100 5394; baseline -0.003 -13"><span class='ocrx_word' id='word_1_500' title='bbox 523 5338 669 5383; x_wconf 86' lang='lat' dir='ltr'><strong>ctum</strong></span> <span class='ocrx_word' id='word_1_501' title='bbox 706 5329 987 5391; x_wconf 80' lang='lat' dir='ltr'><strong>excitavit,</strong></span> <span class='ocrx_word' id='word_1_502' title='bbox 1029 5341 1227 5379; x_wconf 86' lang='lat' dir='ltr'><strong>vanum</strong></span> <span class='ocrx_word' id='word_1_503' title='bbox 1281 5334 1335 5379; x_wconf 90' lang='lat' dir='ltr'><strong>et.</strong></span> <span class='ocrx_word' id='word_1_504' title='bbox 1383 5323 1644 5394; x_wconf 86' lang='lat' dir='ltr'><strong>puerilem</strong></span> <span class='ocrx_word' id='word_1_505' title='bbox 1675 5337 1794 5378; x_wconf 89' lang='lat' dir='ltr'><strong>esse</strong></span> <span class='ocrx_word' id='word_1_506' title='bbox 1837 5332 2100 5379; x_wconf 87' lang='lat' dir='ltr'><strong>terrorem</strong></span> 
     </span>
    </p>
   </div>
   <div class='ocr_carea' id='block_1_76' title="bbox 2211 4679 3763 4752">
    <p class='ocr_par' dir='ltr' id='par_1_76' title="bbox 2211 4679 3763 4752">
     <span class='ocr_line' id='line_1_76' title="bbox 2211 4679 3763 4752; baseline 0.001 -18"><span class='ocrx_word' id='word_1_507' title='bbox 2211 4694 2341 4748; x_wconf 89' lang='lat' dir='ltr'><strong>ergo</strong></span> <span class='ocrx_word' id='word_1_508' title='bbox 2386 4679 2679 4749; x_wconf 79' lang='lat' dir='ltr'><strong>profectus,</strong></span> <span class='ocrx_word' id='word_1_509' title='bbox 2712 4682 2942 4736; x_wconf 90' lang='lat' dir='ltr'><strong>natalem</strong></span> <span class='ocrx_word' id='word_1_510' title='bbox 2974 4682 3090 4751; x_wconf 91' lang='lat' dir='ltr'><strong>ejus</strong></span> <span class='ocrx_word' id='word_1_511' title='bbox 3129 4685 3272 4739; x_wconf 90' lang='lat' dir='ltr'><strong>diem</strong></span> <span class='ocrx_word' id='word_1_512' title='bbox 3310 4686 3622 4752; x_wconf 82' lang='lat' dir='ltr'><strong>celebravit,</strong></span> <span class='ocrx_word' id='word_1_513' title='bbox 3667 4686 3763 4739; x_wconf 87' lang='lat' dir='ltr'><strong>dies</strong></span> 
     </span>
    </p>
   </div>
   <div class='ocr_carea' id='block_1_77' title="bbox 2211 4771 3758 4843">
    <p class='ocr_par' dir='ltr' id='par_1_77' title="bbox 2211 4771 3758 4843">
     <span class='ocr_line' id='line_1_77' title="bbox 2211 4771 3758 4843; baseline 0.005 -20"><span class='ocrx_word' id='word_1_514' title='bbox 2211 4778 2336 4823; x_wconf 89' lang='lat' dir='ltr'><strong>octo</strong></span> <span class='ocrx_word' id='word_1_515' title='bbox 2375 4771 2565 4824; x_wconf 83' lang='lat' dir='ltr'><strong>statuit</strong></span> <span class='ocrx_word' id='word_1_516' title='bbox 2606 4771 2675 4826; x_wconf 88' lang='lat' dir='ltr'><strong>ad</strong></span> <span class='ocrx_word' id='word_1_517' title='bbox 2728 4771 2896 4841; x_wconf 89' lang='lat' dir='ltr'><strong>ipsius</strong></span> <span class='ocrx_word' id='word_1_518' title='bbox 2946 4773 3206 4827; x_wconf 84' lang='lat' dir='ltr'><strong>tumulum</strong></span> <span class='ocrx_word' id='word_1_519' title='bbox 3261 4775 3552 4831; x_wconf 90' lang='lat' dir='ltr'><strong>continuos</strong></span> <span class='ocrx_word' id='word_1_520' title='bbox 3606 4787 3758 4843; x_wconf 81' lang='lat' dir='ltr'><strong>agerc.</strong></span> 
     </span>
    </p>
   </div>
   <div class='ocr_carea' id='block_1_78' title="bbox 2211 4861 3758 4934">
    <p class='ocr_par' dir='ltr' id='par_1_78' title="bbox 2211 4861 3758 4934">
     <span class='ocr_line' id='line_1_78' title="bbox 2211 4861 3758 4934; baseline 0.001 -21"><span class='ocrx_word' id='word_1_521' title='bbox 2211 4861 2427 4914; x_wconf 88' lang='lat' dir='ltr'><strong>tandem</strong></span> <span class='ocrx_word' id='word_1_522' title='bbox 2464 4862 2694 4930; x_wconf 89' lang='lat' dir='ltr'><strong>septima</strong></span> <span class='ocrx_word' id='word_1_523' title='bbox 2723 4872 2882 4918; x_wconf 91' lang='lat' dir='ltr'><strong>noete</strong></span> <span class='ocrx_word' id='word_1_524' title='bbox 2915 4872 3101 4934; x_wconf 88' lang='lat' dir='ltr'><strong>raptus</strong></span> <span class='ocrx_word' id='word_1_525' title='bbox 3131 4864 3182 4917; x_wconf 92' lang='lat' dir='ltr'><strong>in</strong></span> <span class='ocrx_word' id='word_1_526' title='bbox 3215 4867 3476 4920; x_wconf 76' lang='lat' dir='ltr'><strong>exstasim</strong></span> <span class='ocrx_word' id='word_1_527' title='bbox 3506 4867 3632 4920; x_wconf 81' lang='lat' dir='ltr'><strong>\idit</strong></span> <span class='ocrx_word' id='word_1_528' title='bbox 3652 4879 3758 4917; x_wconf 83' lang='lat' dir='ltr'><strong>san-</strong></span> 
     </span>
    </p>
   </div>
   <div class='ocr_carea' id='block_1_79' title="bbox 2211 4950 3757 5026">
    <p class='ocr_par' dir='ltr' id='par_1_79' title="bbox 2211 4950 3757 5026">
     <span class='ocr_line' id='line_1_79' title="bbox 2211 4950 3757 5026; baseline 0 -22"><span class='ocrx_word' id='word_1_529' title='bbox 2211 4960 2356 5005; x_wconf 90' lang='lat' dir='ltr'><strong>ctum</strong></span> <span class='ocrx_word' id='word_1_530' title='bbox 2396 4950 2683 5006; x_wconf 81' lang='lat' dir='ltr'><strong>Martiuum</strong></span> <span class='ocrx_word' id='word_1_531' title='bbox 2716 4955 2931 5023; x_wconf 87' lang='lat' dir='ltr'><strong>corpori</strong></span> <span class='ocrx_word' id='word_1_532' title='bbox 2961 4968 3058 5009; x_wconf 90' lang='lat' dir='ltr'><strong>suo</strong></span> <span class='ocrx_word' id='word_1_533' title='bbox 3104 4954 3285 5009; x_wconf 91' lang='lat' dir='ltr'><strong>crucis</strong></span> <span class='ocrx_word' id='word_1_534' title='bbox 3335 4957 3549 5026; x_wconf 83' lang='lat' dir='ltr'><strong>signum</strong></span> <span class='ocrx_word' id='word_1_535' title='bbox 3596 4951 3757 5024; x_wconf 65' lang='lat' dir='ltr'><strong>imprio</strong></span> 
     </span>
    </p>
   </div>
   <div class='ocr_carea' id='block_1_80' title="bbox 2208 5043 3754 5108">
    <p class='ocr_par' dir='ltr' id='par_1_80' title="bbox 2208 5043 3754 5108">
     <span class='ocr_line' id='line_1_80' title="bbox 2208 5043 3754 5108; baseline 0.001 -12"><span class='ocrx_word' id='word_1_536' title='bbox 2208 5057 2380 5108; x_wconf 90' lang='lat' dir='ltr'><strong>mere,</strong></span> <span class='ocrx_word' id='word_1_537' title='bbox 2419 5053 2474 5096; x_wconf 88' lang='lat' dir='ltr'><strong>et</strong></span> <span class='ocrx_word' id='word_1_538' title='bbox 2502 5043 2685 5098; x_wconf 89' lang='lat' dir='ltr'><strong>statim</strong></span> <span class='ocrx_word' id='word_1_539' title='bbox 2713 5058 2743 5097; x_wconf 85' lang='lat' dir='ltr'><strong>a</strong></span> <span class='ocrx_word' id='word_1_540' title='bbox 2780 5048 2969 5101; x_wconf 91' lang='lat' dir='ltr'><strong>morbo</strong></span> <span class='ocrx_word' id='word_1_541' title='bbox 2998 5054 3222 5101; x_wconf 89' lang='lat' dir='ltr'><strong>sanatus</strong></span> <span class='ocrx_word' id='word_1_542' title='bbox 3251 5058 3357 5103; x_wconf 89' lang='lat' dir='ltr'><strong>est.</strong></span> <span class='ocrx_word' id='word_1_543' title='bbox 3383 5047 3537 5102; x_wconf 78' lang='lat' dir='ltr'><strong>Mane</strong></span> <span class='ocrx_word' id='word_1_544' title='bbox 3563 5047 3705 5101; x_wconf 77' lang='lat' dir='ltr'><strong>iacto.</strong></span> <span class='ocrx_word' id='word_1_545' title='bbox 3730 5058 3754 5093; x_wconf 73' lang='grc' dir='ltr'><strong><em>ι</em></strong></span> 
     </span>
    </p>
   </div>
   <div class='ocr_carea' id='block_1_81' title="bbox 2207 5133 3752 5202">
    <p class='ocr_par' dir='ltr' id='par_1_81' title="bbox 2207 5133 3752 5202">
     <span class='ocr_line' id='line_1_81' title="bbox 2207 5133 3752 5202; baseline -0.003 -15"><span class='ocrx_word' id='word_1_546' title='bbox 2207 5133 2421 5187; x_wconf 88' lang='lat' dir='ltr'><strong>clericis</strong></span> <span class='ocrx_word' id='word_1_547' title='bbox 2446 5133 2560 5202; x_wconf 83' lang='lat' dir='ltr'><strong>ejus</strong></span> <span class='ocrx_word' id='word_1_548' title='bbox 2592 5134 2848 5190; x_wconf 71' lang='lat' dir='ltr'><strong>Ecclesiae</strong></span> <span class='ocrx_word' id='word_1_549' title='bbox 2875 5136 2934 5188; x_wconf 87' lang='lat' dir='ltr'><strong>lit</strong></span> <span class='ocrx_word' id='word_1_550' title='bbox 2963 5136 3260 5191; x_wconf 89' lang='lat' dir='ltr'><strong>canonicus</strong></span> <span class='ocrx_word' id='word_1_551' title='bbox 3289 5146 3343 5190; x_wconf 93' lang='lat' dir='ltr'><strong>ct</strong></span> <span class='ocrx_word' id='word_1_552' title='bbox 3369 5138 3644 5193; x_wconf 68' lang='lat' dir='ltr'><strong>celebriori</strong></span> <span class='ocrx_word' id='word_1_553' title='bbox 3667 5134 3752 5187; x_wconf 84' lang='lat' dir='ltr'><strong>ritu</strong></span> 
     </span>
    </p>
   </div>
   <div class='ocr_carea' id='block_1_82' title="bbox 2208 5224 3751 5297">
    <p class='ocr_par' dir='ltr' id='par_1_82' title="bbox 2208 5224 3751 5297">
     <span class='ocr_line' id='line_1_82' title="bbox 2208 5224 3751 5297; baseline -0.001 -17"><span class='ocrx_word' id='word_1_554' title='bbox 2208 5240 2421 5280; x_wconf 88' lang='lat' dir='ltr'><strong>sacrum</strong></span> <span class='ocrx_word' id='word_1_555' title='bbox 2454 5227 2680 5297; x_wconf 88' lang='lat' dir='ltr'><strong>peregit.</strong></span> <span class='ocrx_word' id='word_1_556' title='bbox 2700 5225 2810 5282; x_wconf 85' lang='lat' dir='ltr'><strong>Nec</strong></span> <span class='ocrx_word' id='word_1_557' title='bbox 2836 5229 3120 5283; x_wconf 86' lang='lat' dir='ltr'><strong>immemor</strong></span> <span class='ocrx_word' id='word_1_558' title='bbox 3144 5228 3393 5285; x_wconf 84' lang='lat' dir='ltr'><strong>beneﬁcii</strong></span> <span class='ocrx_word' id='word_1_559' title='bbox 3425 5232 3600 5287; x_wconf 85' lang='lat' dir='ltr'><strong>statim</strong></span> <span class='ocrx_word' id='word_1_560' title='bbox 3624 5236 3676 5283; x_wconf 89' lang='lat' dir='ltr'><strong>ut</strong></span> <span class='ocrx_word' id='word_1_561' title='bbox 3698 5224 3751 5278; x_wconf 83' lang='lat' dir='ltr'><strong>ad</strong></span> 
     </span>
    </p>
   </div>
   <div class='ocr_carea' id='block_1_83' title="bbox 2206 5317 3749 5387">
    <p class='ocr_par' dir='ltr' id='par_1_83' title="bbox 2206 5317 3749 5387">
     <span class='ocr_line' id='line_1_83' title="bbox 2206 5317 3749 5387; baseline -0.002 -18"><span class='ocrx_word' id='word_1_562' title='bbox 2206 5330 2301 5369; x_wconf 82' lang='lat' dir='ltr'><strong>sua</strong></span> <span class='ocrx_word' id='word_1_563' title='bbox 2340 5330 2591 5371; x_wconf 90' lang='lat' dir='ltr'><strong>reversus</strong></span> <span class='ocrx_word' id='word_1_564' title='bbox 2620 5323 2722 5377; x_wconf 92' lang='lat' dir='ltr'><strong>est,</strong></span> <span class='ocrx_word' id='word_1_565' title='bbox 2747 5317 2981 5386; x_wconf 83' lang='lat' dir='ltr'><strong>pretiosa</strong></span> <span class='ocrx_word' id='word_1_566' title='bbox 3014 5318 3190 5371; x_wconf 90' lang='lat' dir='ltr'><strong>omnis</strong></span> <span class='ocrx_word' id='word_1_567' title='bbox 3218 5334 3339 5387; x_wconf 85' lang='lat' dir='ltr'><strong>gen:</strong></span> <span class='ocrx_word' id='word_1_568' title='bbox 3362 5321 3439 5374; x_wconf 75' lang='lat' dir='ltr'><strong>ris</strong></span> <span class='ocrx_word' id='word_1_569' title='bbox 3469 5323 3749 5373; x_wconf 80' lang='lat' dir='ltr'><strong>ornamenta</strong></span> 
     </span>
    </p>
   </div>
  </div>
