  <div class='ocr_page' id='page_1' title='image "/cluster/home/n/w/nwhite01/storage/ocr_20150623/135/hvd.32044015471758/480.png"; bbox 0 0 3972 5428; ppageno 0'>
   <div class='ocr_carea' id='block_1_1' title="bbox 206 326 319 387">
    <p class='ocr_par' dir='ltr' id='par_1_1' title="bbox 206 326 319 387">
     <span class='ocr_line' id='line_1_1' title="bbox 206 326 319 387; baseline 0.009 -2"><span class='ocrx_word' id='word_1_1' title='bbox 206 326 319 387; x_wconf 65' lang='grc'><strong>945</strong></span> 
     </span>
    </p>
   </div>
   <div class='ocr_carea' id='block_1_2' title="bbox 1114 333 2484 395">
    <p class='ocr_par' dir='ltr' id='par_1_2' title="bbox 1114 333 2484 395">
     <span class='ocr_line' id='line_1_2' title="bbox 1114 333 2484 395; baseline 0 -3"><span class='ocrx_word' id='word_1_2' title='bbox 1114 333 1447 395; x_wconf 78' lang='lat' dir='ltr'><strong>EPISTOLA</strong></span> <span class='ocrx_word' id='word_1_3' title='bbox 1491 335 1585 390; x_wconf 80' lang='lat' dir='ltr'><strong>AD</strong></span> <span class='ocrx_word' id='word_1_4' title='bbox 1619 333 2029 390; x_wconf 73' lang='lat' dir='ltr'><strong>RATHERIUM</strong></span> <span class='ocrx_word' id='word_1_5' title='bbox 2079 335 2484 394; x_wconf 75' lang='lat' dir='ltr'><strong>EPISCOPUM.</strong></span> 
     </span>
    </p>
   </div>
   <div class='ocr_carea' id='block_1_3' title="bbox 3376 332 3491 389">
    <p class='ocr_par' dir='ltr' id='par_1_3' title="bbox 3376 332 3491 389">
     <span class='ocr_line' id='line_1_3' title="bbox 3376 332 3491 389; baseline 0 0"><span class='ocrx_word' id='word_1_6' title='bbox 3376 332 3491 389; x_wconf 60' lang='grc' dir='ltr'><strong>ἰϐ</strong></span> 
     </span>
    </p>
   </div>
   <div class='ocr_carea' id='block_1_4' title="bbox 204 443 3487 521">
    <p class='ocr_par' dir='ltr' id='par_1_4' title="bbox 204 443 3487 521">
     <span class='ocr_line' id='line_1_4' title="bbox 204 443 3487 521; baseline 0.002 -23"><span class='ocrx_word' id='word_1_7' title='bbox 204 443 447 512; x_wconf 78' lang='lat' dir='ltr'><strong>aliisque</strong></span> <span class='ocrx_word' id='word_1_8' title='bbox 474 443 736 500; x_wconf 80' lang='lat' dir='ltr'><strong>ministris</strong></span> <span class='ocrx_word' id='word_1_9' title='bbox 761 443 975 502; x_wconf 81' lang='lat' dir='ltr'><strong>abunde</strong></span> <span class='ocrx_word' id='word_1_10' title='bbox 1019 448 1351 513; x_wconf 85' lang='lat' dir='ltr'><strong>sulllcerent,</strong></span> <span class='ocrx_word' id='word_1_11' title='bbox 1382 457 1438 503; x_wconf 90' lang='lat' dir='ltr'><strong>et</strong></span> <span class='ocrx_word' id='word_1_12' title='bbox 1484 449 1702 503; x_wconf 83' lang='lat' dir='ltr'><strong>demum</strong></span> <span class='ocrx_word' id='word_1_13' title='bbox 1732 450 1798 506; x_wconf 88' lang='lat' dir='ltr'><strong>de</strong></span> <span class='ocrx_word' id='word_1_14' title='bbox 1824 460 1875 516; x_wconf 77' lang='grc' dir='ltr'>Α</span> <span class='ocrx_word' id='word_1_15' title='bbox 1902 449 2133 514; x_wconf 86' lang='lat' dir='ltr'><strong>vembr.,</strong></span> <span class='ocrx_word' id='word_1_16' title='bbox 2170 464 2313 504; x_wconf 85' lang='lat' dir='ltr'><strong>anno</strong></span> <span class='ocrx_word' id='word_1_17' title='bbox 2358 448 2702 521; x_wconf 79' lang='lat' dir='ltr'><strong>pontiﬁcatus</strong></span> <span class='ocrx_word' id='word_1_18' title='bbox 2742 451 2826 506; x_wconf 88' lang='lat' dir='ltr'><strong>sui</strong></span> <span class='ocrx_word' id='word_1_19' title='bbox 2876 450 2961 515; x_wconf 74' lang='lat' dir='ltr'><strong>l2,</strong></span> <span class='ocrx_word' id='word_1_20' title='bbox 2995 447 3227 509; x_wconf 89' lang='lat' dir='ltr'><strong>Othonis</strong></span> <span class='ocrx_word' id='word_1_21' title='bbox 3277 448 3318 515; x_wconf 84' lang='grc' dir='ltr'><strong>Ι,</strong></span> <span class='ocrx_word' id='word_1_22' title='bbox 3373 462 3487 505; x_wconf 77' lang='lat' dir='ltr'><strong>tam</strong></span> 
     </span>
    </p>
   </div>
   <div class='ocr_carea' id='block_1_5' title="bbox 208 538 1798 611">
    <p class='ocr_par' dir='ltr' id='par_1_5' title="bbox 208 538 1798 611">
     <span class='ocr_line' id='line_1_5' title="bbox 208 538 1798 611; baseline 0.005 -21"><span class='ocrx_word' id='word_1_23' title='bbox 208 548 369 591; x_wconf 84' lang='lat' dir='ltr'><strong>tanto</strong></span> <span class='ocrx_word' id='word_1_24' title='bbox 394 547 592 592; x_wconf 81' lang='lat' dir='ltr'><strong>eventu</strong></span> <span class='ocrx_word' id='word_1_25' title='bbox 620 538 865 594; x_wconf 75' lang='lat' dir='ltr'><strong>chartam</strong></span> <span class='ocrx_word' id='word_1_26' title='bbox 891 555 1051 594; x_wconf 87' lang='lat' dir='ltr'><strong>manu</strong></span> <span class='ocrx_word' id='word_1_27' title='bbox 1081 543 1299 611; x_wconf 86' lang='lat' dir='ltr'><strong>propria</strong></span> <span class='ocrx_word' id='word_1_28' title='bbox 1348 542 1692 611; x_wconf 81' lang='lat' dir='ltr'><strong>conscripsit,</strong></span> <span class='ocrx_word' id='word_1_29' title='bbox 1741 554 1798 598; x_wconf 89' lang='lat' dir='ltr'><strong>et</strong></span> 
     </span>
    </p>
   </div>
   <div class='ocr_carea' id='block_1_6' title="bbox 204 629 1794 699">
    <p class='ocr_par' dir='ltr' id='par_1_6' title="bbox 204 629 1794 699">
     <span class='ocr_line' id='line_1_6' title="bbox 204 629 1794 699; baseline 0.005 -18"><span class='ocrx_word' id='word_1_30' title='bbox 204 642 354 696; x_wconf 83' lang='lat' dir='ltr'><strong>quoa</strong></span> <span class='ocrx_word' id='word_1_31' title='bbox 378 630 391 681; x_wconf 88' lang='grc' dir='ltr'><strong>Ι</strong></span> <span class='ocrx_word' id='word_1_32' title='bbox 439 629 613 698; x_wconf 83' lang='grc' dir='ltr'><strong>ροιυίι</strong></span> <span class='ocrx_word' id='word_1_33' title='bbox 640 630 933 699; x_wconf 75' lang='lat' dir='ltr'><strong>quotannis</strong></span> <span class='ocrx_word' id='word_1_34' title='bbox 959 630 1203 687; x_wconf 83' lang='lat' dir='ltr'><strong>Turones</strong></span> <span class='ocrx_word' id='word_1_35' title='bbox 1229 633 1435 688; x_wconf 82' lang='lat' dir='ltr'><strong>accessi</strong></span> <span class='ocrx_word' id='word_1_36' title='bbox 1461 632 1794 689; x_wconf 88' lang='lat' dir='ltr'><strong>benefactori</strong></span> 
     </span>
    </p>
   </div>
   <div class='ocr_carea' id='block_1_7' title="bbox 206 720 685 790">
    <p class='ocr_par' dir='ltr' id='par_1_7' title="bbox 206 720 685 790">
     <span class='ocr_line' id='line_1_7' title="bbox 206 720 685 790; baseline 0 -15"><span class='ocrx_word' id='word_1_37' title='bbox 206 720 420 790; x_wconf 67' lang='lat' dir='ltr'><strong>gratias</strong></span> <span class='ocrx_word' id='word_1_38' title='bbox 445 730 685 775; x_wconf 80' lang='lat' dir='ltr'><strong>acturus.</strong></span> 
     </span>
    </p>
   </div>
   <div class='ocr_carea' id='block_1_8' title="bbox 218 813 1799 886">
    <p class='ocr_par' dir='ltr' id='par_1_8' title="bbox 218 813 1799 886">
     <span class='ocr_line' id='line_1_8' title="bbox 218 813 1799 886; baseline 0.005 -20"><span class='ocrx_word' id='word_1_39' title='bbox 218 822 224 827; x_wconf 83' lang='lat'><strong><em>‘</em></strong></span> <span class='ocrx_word' id='word_1_40' title='bbox 285 813 345 867; x_wconf 90' lang='lat' dir='ltr'><strong>S.</strong></span> <span class='ocrx_word' id='word_1_41' title='bbox 375 813 652 869; x_wconf 64' lang='lat' dir='ltr'><strong>Evermari</strong></span> <span class='ocrx_word' id='word_1_42' title='bbox 674 830 874 886; x_wconf 84' lang='lat' dir='ltr'><strong>corpus</strong></span> <span class='ocrx_word' id='word_1_43' title='bbox 896 816 1008 885; x_wconf 91' lang='lat' dir='ltr'><strong>jam</strong></span> <span class='ocrx_word' id='word_1_44' title='bbox 1040 817 1128 873; x_wconf 85' lang='lat' dir='ltr'><strong>diu</strong></span> <span class='ocrx_word' id='word_1_45' title='bbox 1158 818 1453 875; x_wconf 80' lang='lat' dir='ltr'><strong>inol.scuro</strong></span> <span class='ocrx_word' id='word_1_46' title='bbox 1472 819 1590 875; x_wconf 85' lang='lat' dir='ltr'><strong>loco</strong></span> <span class='ocrx_word' id='word_1_47' title='bbox 1609 820 1799 876; x_wconf 78' lang='lat' dir='ltr'><strong>delite-</strong></span> 
     </span>
    </p>
   </div>
   <div class='ocr_carea' id='block_1_9' title="bbox 207 908 1794 978">
    <p class='ocr_par' dir='ltr' id='par_1_9' title="bbox 207 908 1794 978">
     <span class='ocr_line' id='line_1_9' title="bbox 207 908 1794 978; baseline 0.006 -20"><span class='ocrx_word' id='word_1_48' title='bbox 207 920 391 971; x_wconf 74' lang='lat' dir='ltr'><strong>scens,</strong></span> <span class='ocrx_word' id='word_1_49' title='bbox 408 908 502 960; x_wconf 90' lang='lat' dir='ltr'><strong>sed</strong></span> <span class='ocrx_word' id='word_1_50' title='bbox 515 908 696 961; x_wconf 87' lang='lat' dir='ltr'><strong>divina</strong></span> <span class='ocrx_word' id='word_1_51' title='bbox 711 909 1036 965; x_wconf 76' lang='lat' dir='ltr'><strong>revelatione</strong></span> <span class='ocrx_word' id='word_1_52' title='bbox 1048 910 1321 978; x_wconf 78' lang='lat' dir='ltr'><strong>cognitum</strong></span> <span class='ocrx_word' id='word_1_53' title='bbox 1341 911 1565 965; x_wconf 83' lang='lat' dir='ltr'><strong>elevavit</strong></span> <span class='ocrx_word' id='word_1_54' title='bbox 1583 926 1612 963; x_wconf 91' lang='lat' dir='ltr'><strong>c</strong></span> <span class='ocrx_word' id='word_1_55' title='bbox 1628 923 1794 977; x_wconf 88' lang='lat' dir='ltr'><strong>terra,</strong></span> 
     </span>
    </p>
   </div>
   <div class='ocr_carea' id='block_1_10' title="bbox 204 998 1799 1057">
    <p class='ocr_par' dir='ltr' id='par_1_10' title="bbox 204 998 1799 1057">
     <span class='ocr_line' id='line_1_10' title="bbox 204 998 1799 1057; baseline 0.003 -5"><span class='ocrx_word' id='word_1_56' title='bbox 204 1007 268 1052; x_wconf 80' lang='lat' dir='ltr'><strong>et</strong></span> <span class='ocrx_word' id='word_1_57' title='bbox 289 998 340 1049; x_wconf 93' lang='lat' dir='ltr'><strong>in</strong></span> <span class='ocrx_word' id='word_1_58' title='bbox 369 999 541 1053; x_wconf 61' lang='lat' dir='ltr'><strong>atdem</strong></span> <span class='ocrx_word' id='word_1_59' title='bbox 565 1007 753 1053; x_wconf 86' lang='lat' dir='ltr'><strong>sancto</strong></span> <span class='ocrx_word' id='word_1_60' title='bbox 775 998 1004 1054; x_wconf 71' lang='lat' dir='ltr'><strong>Martino</strong></span> <span class='ocrx_word' id='word_1_61' title='bbox 1031 1015 1241 1054; x_wconf 82' lang='lat' dir='ltr'><strong>sacr.un</strong></span> <span class='ocrx_word' id='word_1_62' title='bbox 1272 1001 1471 1055; x_wconf 73' lang='lat' dir='ltr'><strong>intulit.</strong></span> <span class='ocrx_word' id='word_1_63' title='bbox 1517 1000 1799 1057; x_wconf 71' lang='lat' dir='ltr'><strong>Patientia:</strong></span> 
     </span>
    </p>
   </div>
   <div class='ocr_carea' id='block_1_11' title="bbox 208 1082 1799 1162">
    <p class='ocr_par' dir='ltr' id='par_1_11' title="bbox 208 1082 1799 1162">
     <span class='ocr_line' id='line_1_11' title="bbox 208 1082 1799 1162; baseline 0.003 -19"><span class='ocrx_word' id='word_1_64' title='bbox 208 1091 536 1145; x_wconf 62' lang='lat' dir='ltr'><strong>docum‘nta</strong></span> <span class='ocrx_word' id='word_1_65' title='bbox 562 1090 674 1144; x_wconf 87' lang='lat' dir='ltr'><strong>suis</strong></span> <span class='ocrx_word' id='word_1_66' title='bbox 705 1082 954 1160; x_wconf 66' lang='lat' dir='ltr'><strong>praebuit,</strong></span> <span class='ocrx_word' id='word_1_67' title='bbox 995 1106 1117 1146; x_wconf 89' lang='lat' dir='ltr'><strong>cum</strong></span> <span class='ocrx_word' id='word_1_68' title='bbox 1156 1106 1342 1145; x_wconf 87' lang='lat' dir='ltr'><strong>eorum</strong></span> <span class='ocrx_word' id='word_1_69' title='bbox 1379 1092 1590 1162; x_wconf 82' lang='lat' dir='ltr'><strong>injuriis</strong></span> <span class='ocrx_word' id='word_1_70' title='bbox 1631 1092 1799 1147; x_wconf 83' lang='lat' dir='ltr'><strong>lares-</strong></span> 
     </span>
    </p>
   </div>
   <div class='ocr_carea' id='block_1_12' title="bbox 201 1180 1797 1251">
    <p class='ocr_par' dir='ltr' id='par_1_12' title="bbox 201 1180 1797 1251">
     <span class='ocr_line' id='line_1_12' title="bbox 201 1180 1797 1251; baseline 0.001 -18"><span class='ocrx_word' id='word_1_71' title='bbox 201 1182 352 1233; x_wconf 69' lang='lat' dir='ltr'><strong>s‘tus</strong></span> <span class='ocrx_word' id='word_1_72' title='bbox 374 1181 442 1234; x_wconf 90' lang='lat' dir='ltr'><strong>de</strong></span> <span class='ocrx_word' id='word_1_73' title='bbox 468 1180 701 1236; x_wconf 76' lang='lat' dir='ltr'><strong>vindicta</strong></span> <span class='ocrx_word' id='word_1_74' title='bbox 729 1180 1013 1251; x_wconf 87' lang='lat' dir='ltr'><strong>nequidem</strong></span> <span class='ocrx_word' id='word_1_75' title='bbox 1038 1180 1315 1250; x_wconf 74' lang='lat' dir='ltr'><strong>cegitavit.</strong></span> <span class='ocrx_word' id='word_1_76' title='bbox 1354 1180 1466 1235; x_wconf 90' lang='lat' dir='ltr'><strong>&#39;l‘an</strong></span> <span class='ocrx_word' id='word_1_77' title='bbox 1493 1183 1593 1236; x_wconf 79' lang='lat' dir='ltr'><strong>Zem</strong></span> <span class='ocrx_word' id='word_1_78' title='bbox 1626 1183 1797 1236; x_wconf 81' lang='lat' dir='ltr'><strong>virtu-</strong></span> 
     </span>
    </p>
   </div>
   <div class='ocr_carea' id='block_1_13' title="bbox 211 1270 1800 1327">
    <p class='ocr_par' dir='ltr' id='par_1_13' title="bbox 211 1270 1800 1327">
     <span class='ocr_line' id='line_1_13' title="bbox 211 1270 1800 1327; baseline 0.003 -5"><span class='ocrx_word' id='word_1_79' title='bbox 211 1270 358 1325; x_wconf 79' lang='lat' dir='ltr'><strong>tibus</strong></span> <span class='ocrx_word' id='word_1_80' title='bbox 400 1271 584 1326; x_wconf 83' lang='lat' dir='ltr'><strong>clar&#39;us</strong></span> <span class='ocrx_word' id='word_1_81' title='bbox 606 1271 868 1326; x_wconf 80' lang='lat' dir='ltr'><strong>caducam</strong></span> <span class='ocrx_word' id='word_1_82' title='bbox 900 1272 1039 1326; x_wconf 89' lang='lat' dir='ltr'><strong>hanc</strong></span> <span class='ocrx_word' id='word_1_83' title='bbox 1063 1272 1228 1326; x_wconf 86' lang='lat' dir='ltr'><strong>vitam</strong></span> <span class='ocrx_word' id='word_1_84' title='bbox 1258 1287 1380 1325; x_wconf 88' lang='lat' dir='ltr'><strong>cum</strong></span> <span class='ocrx_word' id='word_1_85' title='bbox 1409 1280 1609 1325; x_wconf 63' lang='lat' dir='ltr'><strong>aeterna</strong></span> <span class='ocrx_word' id='word_1_86' title='bbox 1652 1288 1800 1327; x_wconf 79' lang='lat' dir='ltr'><strong>com-</strong></span> 
     </span>
    </p>
   </div>
   <div class='ocr_carea' id='block_1_14' title="bbox 207 1360 1793 1433">
    <p class='ocr_par' dir='ltr' id='par_1_14' title="bbox 207 1360 1793 1433">
     <span class='ocr_line' id='line_1_14' title="bbox 207 1360 1793 1433; baseline 0.001 -19"><span class='ocrx_word' id='word_1_87' title='bbox 207 1363 444 1418; x_wconf 82' lang='lat' dir='ltr'><strong>m:.tavit</strong></span> <span class='ocrx_word' id='word_1_88' title='bbox 467 1378 610 1418; x_wconf 87' lang='lat' dir='ltr'><strong>anno</strong></span> <span class='ocrx_word' id='word_1_89' title='bbox 646 1361 914 1418; x_wconf 88' lang='lat' dir='ltr'><strong>lncarnat.</strong></span> <span class='ocrx_word' id='word_1_90' title='bbox 956 1362 1249 1417; x_wconf 67' lang='lat' dir='ltr'><strong>Dominicae</strong></span> <span class='ocrx_word' id='word_1_91' title='bbox 1282 1360 1404 1424; x_wconf 87' lang='lat'><strong>971,</strong></span> <span class='ocrx_word' id='word_1_92' title='bbox 1436 1376 1489 1415; x_wconf 74' lang='lat' dir='ltr'><strong>vx</strong></span> <span class='ocrx_word' id='word_1_93' title='bbox 1534 1361 1649 1416; x_wconf 78' lang='lat' dir='ltr'><strong>Kal.</strong></span> <span class='ocrx_word' id='word_1_94' title='bbox 1673 1362 1793 1433; x_wconf 54' lang='grc' dir='ltr'><strong>,Νο-</strong></span> 
     </span>
    </p>
   </div>
   <div class='ocr_carea' id='block_1_15' title="bbox 1901 540 3482 615">
    <p class='ocr_par' dir='ltr' id='par_1_15' title="bbox 1901 540 3482 615">
     <span class='ocr_line' id='line_1_15' title="bbox 1901 540 3482 615; baseline 0.001 -20"><span class='ocrx_word' id='word_1_95' title='bbox 1901 541 2050 611; x_wconf 89' lang='lat' dir='ltr'><strong>regni</strong></span> <span class='ocrx_word' id='word_1_96' title='bbox 2095 555 2256 610; x_wconf 89' lang='lat' dir='ltr'><strong>quam</strong></span> <span class='ocrx_word' id='word_1_97' title='bbox 2292 540 2501 609; x_wconf 88' lang='lat' dir='ltr'><strong>imperii</strong></span> <span class='ocrx_word' id='word_1_98' title='bbox 2548 540 2637 605; x_wconf 66' lang='lat'><strong>54,</strong></span> <span class='ocrx_word' id='word_1_99' title='bbox 2666 544 2741 596; x_wconf 88' lang='lat' dir='ltr'><strong>ait</strong></span> <span class='ocrx_word' id='word_1_100' title='bbox 2772 542 3041 613; x_wconf 72' lang='lat' dir='ltr'><strong>ASgidius,</strong></span> <span class='ocrx_word' id='word_1_101' title='bbox 3072 543 3164 615; x_wconf 90' lang='lat' dir='ltr'><strong>qui</strong></span> <span class='ocrx_word' id='word_1_102' title='bbox 3192 551 3247 597; x_wconf 87' lang='lat' dir='ltr'><strong>et</strong></span> <span class='ocrx_word' id='word_1_103' title='bbox 3275 541 3391 614; x_wconf 88' lang='lat' dir='ltr'><strong>ejus</strong></span> <span class='ocrx_word' id='word_1_104' title='bbox 3415 543 3482 596; x_wconf 84' lang='lat' dir='ltr'><strong>ad</strong></span> 
     </span>
    </p>
   </div>
   <div class='ocr_carea' id='block_1_16' title="bbox 1898 631 3483 707">
    <p class='ocr_par' dir='ltr' id='par_1_16' title="bbox 1898 631 3483 707">
     <span class='ocr_line' id='line_1_16' title="bbox 1898 631 3483 707; baseline -0.001 -18"><span class='ocrx_word' id='word_1_105' title='bbox 1898 632 2219 689; x_wconf 83' lang='lat' dir='ltr'><strong>Ratberium</strong></span> <span class='ocrx_word' id='word_1_106' title='bbox 2262 631 2545 701; x_wconf 81' lang='lat' dir='ltr'><strong>epistolam</strong></span> <span class='ocrx_word' id='word_1_107' title='bbox 2597 634 2783 700; x_wconf 81' lang='lat' dir='ltr'><strong>refert,</strong></span> <span class='ocrx_word' id='word_1_108' title='bbox 2836 635 2887 690; x_wconf 91' lang='lat' dir='ltr'><strong>in</strong></span> <span class='ocrx_word' id='word_1_109' title='bbox 2939 651 3045 707; x_wconf 90' lang='lat' dir='ltr'><strong>qua</strong></span> <span class='ocrx_word' id='word_1_110' title='bbox 3076 650 3135 691; x_wconf 88' lang='lat' dir='ltr'><strong>se</strong></span> <span class='ocrx_word' id='word_1_111' title='bbox 3165 633 3282 704; x_wconf 85' lang='lat' dir='ltr'><strong>ejus</strong></span> <span class='ocrx_word' id='word_1_112' title='bbox 3314 634 3483 687; x_wconf 88' lang='lat' dir='ltr'><strong>filium</strong></span> 
     </span>
    </p>
   </div>
   <div class='ocr_carea' id='block_1_17' title="bbox 1900 725 3478 796">
    <p class='ocr_par' dir='ltr' id='par_1_17' title="bbox 1900 725 3478 796">
     <span class='ocr_line' id='line_1_17' title="bbox 1900 725 3478 796; baseline -0.001 -15"><span class='ocrx_word' id='word_1_113' title='bbox 1900 726 2051 789; x_wconf 81' lang='lat' dir='ltr'><strong>dicit,</strong></span> <span class='ocrx_word' id='word_1_114' title='bbox 2081 727 2238 796; x_wconf 87' lang='lat' dir='ltr'><strong>eique</strong></span> <span class='ocrx_word' id='word_1_115' title='bbox 2268 726 2338 782; x_wconf 93' lang='lat' dir='ltr'><strong>ob</strong></span> <span class='ocrx_word' id='word_1_116' title='bbox 2374 727 2475 782; x_wconf 90' lang='lat' dir='ltr'><strong>sibi</strong></span> <span class='ocrx_word' id='word_1_117' title='bbox 2502 727 2757 781; x_wconf 89' lang='lat' dir='ltr'><strong>directam</strong></span> <span class='ocrx_word' id='word_1_118' title='bbox 2787 743 2912 782; x_wconf 90' lang='lat' dir='ltr'><strong>cum</strong></span> <span class='ocrx_word' id='word_1_119' title='bbox 2960 727 3204 783; x_wconf 90' lang='lat' dir='ltr'><strong>balsamo</strong></span> <span class='ocrx_word' id='word_1_120' title='bbox 3233 741 3300 781; x_wconf 72' lang='lat' dir='ltr'><strong>ex</strong></span> <span class='ocrx_word' id='word_1_121' title='bbox 3342 725 3478 780; x_wconf 84' lang='lat' dir='ltr'><strong>urbe</strong></span> 
     </span>
    </p>
   </div>
   <div class='ocr_carea' id='block_1_18' title="bbox 1903 815 3487 888">
    <p class='ocr_par' dir='ltr' id='par_1_18' title="bbox 1903 815 3487 888">
     <span class='ocr_line' id='line_1_18' title="bbox 1903 815 3487 888; baseline 0 -17"><span class='ocrx_word' id='word_1_122' title='bbox 1903 815 2113 873; x_wconf 82' lang='lat' dir='ltr'><strong>Verona</strong></span> <span class='ocrx_word' id='word_1_123' title='bbox 2172 817 2494 888; x_wconf 84' lang='lat' dir='ltr'><strong>legationem</strong></span> <span class='ocrx_word' id='word_1_124' title='bbox 2552 818 2753 888; x_wconf 89' lang='lat' dir='ltr'><strong>gratias</strong></span> <span class='ocrx_word' id='word_1_125' title='bbox 2799 819 2941 888; x_wconf 85' lang='lat' dir='ltr'><strong>agit,</strong></span> <span class='ocrx_word' id='word_1_126' title='bbox 2991 817 3208 872; x_wconf 87' lang='lat' dir='ltr'><strong>demum</strong></span> <span class='ocrx_word' id='word_1_127' title='bbox 3262 816 3318 871; x_wconf 92' lang='lat' dir='ltr'><strong>in</strong></span> <span class='ocrx_word' id='word_1_128' title='bbox 3364 815 3487 885; x_wconf 81' lang='lat' dir='ltr'><strong>ejus</strong></span> 
     </span>
    </p>
   </div>
   <div class='ocr_carea' id='block_1_19' title="bbox 1900 907 3484 980">
    <p class='ocr_par' dir='ltr' id='par_1_19' title="bbox 1900 907 3484 980">
     <span class='ocr_line' id='line_1_19' title="bbox 1900 907 3484 980; baseline 0.001 -19"><span class='ocrx_word' id='word_1_129' title='bbox 1900 907 2106 972; x_wconf 85' lang='lat' dir='ltr'><strong>laudes,</strong></span> <span class='ocrx_word' id='word_1_130' title='bbox 2135 907 2202 961; x_wconf 85' lang='lat' dir='ltr'><strong>de</strong></span> <span class='ocrx_word' id='word_1_131' title='bbox 2231 908 2427 977; x_wconf 82' lang='lat' dir='ltr'><strong>quibus</strong></span> <span class='ocrx_word' id='word_1_132' title='bbox 2453 924 2549 963; x_wconf 92' lang='lat' dir='ltr'><strong>nos</strong></span> <span class='ocrx_word' id='word_1_133' title='bbox 2574 924 2755 979; x_wconf 86' lang='lat' dir='ltr'><strong>supra,</strong></span> <span class='ocrx_word' id='word_1_134' title='bbox 2792 910 3051 964; x_wconf 79' lang='lat' dir='ltr'><strong>excurrit.</strong></span> <span class='ocrx_word' id='word_1_135' title='bbox 3100 909 3231 980; x_wconf 83' lang='lat' dir='ltr'><strong>Ejus</strong></span> <span class='ocrx_word' id='word_1_136' title='bbox 3265 922 3484 977; x_wconf 88' lang='lat' dir='ltr'><strong>quoque</strong></span> 
     </span>
    </p>
   </div>
   <div class='ocr_carea' id='block_1_20' title="bbox 1900 1000 3485 1073">
    <p class='ocr_par' dir='ltr' id='par_1_20' title="bbox 1900 1000 3485 1073">
     <span class='ocr_line' id='line_1_20' title="bbox 1900 1000 3485 1073; baseline -0.001 -17"><span class='ocrx_word' id='word_1_137' title='bbox 1900 1001 2107 1056; x_wconf 91' lang='lat' dir='ltr'><strong>obitum</strong></span> <span class='ocrx_word' id='word_1_138' title='bbox 2139 1015 2227 1054; x_wconf 90' lang='lat' dir='ltr'><strong>an.</strong></span> <span class='ocrx_word' id='word_1_139' title='bbox 2254 1000 2352 1055; x_wconf 79' lang='grc'><strong>971</strong></span> <span class='ocrx_word' id='word_1_140' title='bbox 2407 1000 2550 1056; x_wconf 90' lang='lat' dir='ltr'><strong>locat</strong></span> <span class='ocrx_word' id='word_1_141' title='bbox 2577 1000 2886 1057; x_wconf 85' lang='lat' dir='ltr'><strong>Cbronicon</strong></span> <span class='ocrx_word' id='word_1_142' title='bbox 2928 1001 3386 1073; x_wconf 82' lang='lat' dir='ltr'><strong>Magdeburgeuse</strong></span> <span class='ocrx_word' id='word_1_143' title='bbox 3428 1009 3485 1055; x_wconf 87' lang='lat' dir='ltr'><strong>et</strong></span> 
     </span>
    </p>
   </div>
   <div class='ocr_carea' id='block_1_21' title="bbox 1900 1091 3482 1160">
    <p class='ocr_par' dir='ltr' id='par_1_21' title="bbox 1900 1091 3482 1160">
     <span class='ocr_line' id='line_1_21' title="bbox 1900 1091 3482 1160; baseline -0.001 -15"><span class='ocrx_word' id='word_1_144' title='bbox 1900 1091 2216 1147; x_wconf 82' lang='lat' dir='ltr'><strong>Leodicnsc.</strong></span> <span class='ocrx_word' id='word_1_145' title='bbox 2245 1091 2495 1160; x_wconf 81' lang='lat' dir='ltr'><strong>Sepultus</strong></span> <span class='ocrx_word' id='word_1_146' title='bbox 2525 1103 2608 1146; x_wconf 89' lang='lat' dir='ltr'><strong>est</strong></span> <span class='ocrx_word' id='word_1_147' title='bbox 2637 1092 2689 1146; x_wconf 89' lang='lat' dir='ltr'><strong>in</strong></span> <span class='ocrx_word' id='word_1_148' title='bbox 2718 1092 2937 1147; x_wconf 87' lang='lat' dir='ltr'><strong>basilica</strong></span> <span class='ocrx_word' id='word_1_149' title='bbox 2968 1092 3151 1148; x_wconf 90' lang='lat' dir='ltr'><strong>Sancti</strong></span> <span class='ocrx_word' id='word_1_150' title='bbox 3180 1091 3395 1147; x_wconf 80' lang='lat' dir='ltr'><strong>Martini</strong></span> <span class='ocrx_word' id='word_1_151' title='bbox 3427 1091 3482 1145; x_wconf 87' lang='lat' dir='ltr'><strong>in</strong></span> 
     </span>
    </p>
   </div>
   <div class='ocr_carea' id='block_1_22' title="bbox 1902 1181 3479 1246">
    <p class='ocr_par' dir='ltr' id='par_1_22' title="bbox 1902 1181 3479 1246">
     <span class='ocr_line' id='line_1_22' title="bbox 1902 1181 3479 1246; baseline 0.001 -11"><span class='ocrx_word' id='word_1_152' title='bbox 1902 1192 2102 1236; x_wconf 89' lang='lat' dir='ltr'><strong>monte.</strong></span> <span class='ocrx_word' id='word_1_153' title='bbox 2155 1181 2340 1236; x_wconf 78' lang='lat' dir='ltr'><strong>Adfuit</strong></span> <span class='ocrx_word' id='word_1_154' title='bbox 2374 1181 2604 1236; x_wconf 90' lang='lat' dir='ltr'><strong>concilio</strong></span> <span class='ocrx_word' id='word_1_155' title='bbox 2653 1181 3089 1246; x_wconf 84' lang='lat' dir='ltr'><strong>Ravennatcnsi,</strong></span> <span class='ocrx_word' id='word_1_156' title='bbox 3136 1182 3228 1238; x_wconf 88' lang='lat' dir='ltr'><strong>ubi</strong></span> <span class='ocrx_word' id='word_1_157' title='bbox 3277 1190 3334 1238; x_wconf 88' lang='lat' dir='ltr'><strong>et</strong></span> <span class='ocrx_word' id='word_1_158' title='bbox 3381 1197 3479 1237; x_wconf 86' lang='lat' dir='ltr'><strong>sua</strong></span> 
     </span>
    </p>
   </div>
   <div class='ocr_carea' id='block_1_23' title="bbox 1899 1270 3477 1343">
    <p class='ocr_par' dir='ltr' id='par_1_23' title="bbox 1899 1270 3477 1343">
     <span class='ocr_line' id='line_1_23' title="bbox 1899 1270 3477 1343; baseline -0.003 -17"><span class='ocrx_word' id='word_1_159' title='bbox 1899 1271 2297 1342; x_wconf 88' lang='lat' dir='ltr'><strong>subscriptione</strong></span> <span class='ocrx_word' id='word_1_160' title='bbox 2334 1271 2730 1327; x_wconf 87' lang='lat' dir='ltr'><strong>institutionem</strong></span> <span class='ocrx_word' id='word_1_161' title='bbox 2789 1272 3283 1343; x_wconf 83' lang='lat' dir='ltr'><strong>archiepiscopatus</strong></span> <span class='ocrx_word' id='word_1_162' title='bbox 3326 1270 3477 1341; x_wconf 74' lang='lat' dir='ltr'><strong>Mag-</strong></span> 
     </span>
    </p>
   </div>
   <div class='ocr_carea' id='block_1_24' title="bbox 1907 1358 3181 1432">
    <p class='ocr_par' dir='ltr' id='par_1_24' title="bbox 1907 1358 3181 1432">
     <span class='ocr_line' id='line_1_24' title="bbox 1907 1358 3181 1432; baseline 0 -15"><span class='ocrx_word' id='word_1_163' title='bbox 1907 1362 2258 1432; x_wconf 86' lang='lat' dir='ltr'><strong>deburgensis</strong></span> <span class='ocrx_word' id='word_1_164' title='bbox 2285 1358 2626 1416; x_wconf 78' lang='lat' dir='ltr'><strong>conﬁrmavit</strong></span> <span class='ocrx_word' id='word_1_165' title='bbox 2654 1362 2798 1418; x_wconf 85' lang='lat' dir='ltr'><strong>circa</strong></span> <span class='ocrx_word' id='word_1_166' title='bbox 2830 1378 3033 1417; x_wconf 86' lang='lat' dir='ltr'><strong>annum</strong></span> <span class='ocrx_word' id='word_1_167' title='bbox 3057 1363 3181 1418; x_wconf 85' lang='lat'><strong>967.</strong></span> 
     </span>
    </p>
   </div>
   <div class='ocr_carea' id='block_1_25' title="bbox 222 1561 3453 1585">
    <p class='ocr_par' dir='ltr' id='par_1_25' title="bbox 222 1561 3453 1585">
     <span class='ocr_line' id='line_1_25' title="bbox 222 1561 3453 1585; baseline 0 -5"><span class='ocrx_word' id='word_1_168' title='bbox 222 1561 3453 1585; x_wconf 44' lang='grc' dir='ltr'>Μ</span> 
     </span>
    </p>
   </div>
   <div class='ocr_carea' id='block_1_26' title="bbox 1490 1705 2244 1855">
    <p class='ocr_par' dir='ltr' id='par_1_26' title="bbox 1490 1705 2244 1855">
     <span class='ocr_line' id='line_1_26' title="bbox 1490 1705 2244 1855; baseline -0.004 -35"><span class='ocrx_word' id='word_1_169' title='bbox 1490 1705 2244 1855; x_wconf 69' lang='lat' dir='ltr'><strong>amaan</strong></span> 
     </span>
    </p>
   </div>
   <div class='ocr_carea' id='block_1_27' title="bbox 658 1915 3046 2041">
    <p class='ocr_par' dir='ltr' id='par_1_27' title="bbox 658 1915 3046 2041">
     <span class='ocr_line' id='line_1_27' title="bbox 658 1915 3046 2041; baseline -0.002 -11"><span class='ocrx_word' id='word_1_170' title='bbox 658 1915 1245 2033; x_wconf 83' lang='lat' dir='ltr'><strong>EPISTOLA</strong></span> <span class='ocrx_word' id='word_1_171' title='bbox 1315 1937 1465 2028; x_wconf 82' lang='lat' dir='ltr'><strong>AD</strong></span> <span class='ocrx_word' id='word_1_172' title='bbox 1541 1937 2256 2031; x_wconf 82' lang='lat' dir='ltr'><strong>RATHERIUM</strong></span> <span class='ocrx_word' id='word_1_173' title='bbox 2328 1934 3046 2041; x_wconf 74' lang='lat' dir='ltr'><strong>Episcopum.</strong></span> 
     </span>
    </p>
   </div>
   <div class='ocr_carea' id='block_1_28' title="bbox 1036 2127 2594 2208">
    <p class='ocr_par' dir='ltr' id='par_1_28' title="bbox 1036 2127 2594 2208">
     <span class='ocr_line' id='line_1_28' title="bbox 1036 2127 2594 2208; baseline -0.008 -15"><span class='ocrx_word' id='word_1_174' title='bbox 1036 2136 1491 2208; x_wconf 72' lang='lat' dir='ltr'><strong>(CHAPPBAVILLE,</strong></span> <span class='ocrx_word' id='word_1_175' title='bbox 1525 2130 1684 2186; x_wconf 74' lang='lat' dir='ltr'><strong>Gesta</strong></span> <span class='ocrx_word' id='word_1_176' title='bbox 1717 2128 1920 2199; x_wconf 80' lang='lat' dir='ltr'><strong>Pontif.</strong></span> <span class='ocrx_word' id='word_1_177' title='bbox 1950 2127 2251 2196; x_wconf 77' lang='lat' dir='ltr'><strong>Leodiens.,</strong></span> <span class='ocrx_word' id='word_1_178' title='bbox 2281 2142 2336 2199; x_wconf 89' lang='lat' dir='ltr'><strong>p.</strong></span> <span class='ocrx_word' id='word_1_179' title='bbox 2381 2127 2594 2199; x_wconf 73' lang='lat'><strong>191-2.)</strong></span> 
     </span>
    </p>
   </div>
   <div class='ocr_carea' id='block_1_29' title="bbox 1613 2288 2089 2313">
    <p class='ocr_par' dir='ltr' id='par_1_29' title="bbox 1613 2288 2089 2313">
     <span class='ocr_line' id='line_1_29' title="bbox 1613 2288 2089 2313; baseline 0 -8"><span class='ocrx_word' id='word_1_180' title='bbox 1613 2288 2089 2313; x_wconf 66' lang='lat' dir='ltr'><strong>,.___——————o</strong></span> 
     </span>
    </p>
   </div>
   <div class='ocr_carea' id='block_1_30' title="bbox 281 2420 3479 2514">
    <p class='ocr_par' dir='ltr' id='par_1_30' title="bbox 281 2420 3479 2514">
     <span class='ocr_line' id='line_1_30' title="bbox 281 2420 3479 2514; baseline -0.003 -11"><span class='ocrx_word' id='word_1_181' title='bbox 281 2447 513 2503; x_wconf 77' lang='lat' dir='ltr'><strong>Dmnino</strong></span> <span class='ocrx_word' id='word_1_182' title='bbox 562 2455 617 2501; x_wconf 88' lang='lat' dir='ltr'><strong>et</strong></span> <span class='ocrx_word' id='word_1_183' title='bbox 666 2445 813 2500; x_wconf 84' lang='lat' dir='ltr'><strong>Patri</strong></span> <span class='ocrx_word' id='word_1_184' title='bbox 871 2454 956 2502; x_wconf 88' lang='lat' dir='ltr'><strong>ter</strong></span> <span class='ocrx_word' id='word_1_185' title='bbox 1001 2444 1163 2501; x_wconf 85' lang='lat' dir='ltr'><strong>beato</strong></span> <span class='ocrx_word' id='word_1_186' title='bbox 1215 2442 1429 2514; x_wconf 82' lang='lat' dir='ltr'><strong>praesuli</strong></span> <span class='ocrx_word' id='word_1_187' title='bbox 1492 2442 1797 2505; x_wconf 71' lang='lat' dir='ltr'><strong>HATEERIO,</strong></span> <span class='ocrx_word' id='word_1_188' title='bbox 1828 2420 1873 2480; x_wconf 77' lang='grc' dir='ltr'><strong>Β</strong></span> <span class='ocrx_word' id='word_1_189' title='bbox 1902 2437 2172 2509; x_wconf 89' lang='lat' dir='ltr'><strong>quomodo</strong></span> <span class='ocrx_word' id='word_1_190' title='bbox 2202 2450 2287 2489; x_wconf 91' lang='lat' dir='ltr'><strong>me</strong></span> <span class='ocrx_word' id='word_1_191' title='bbox 2308 2434 2541 2501; x_wconf 92' lang='lat' dir='ltr'><strong>fovistis,</strong></span> <span class='ocrx_word' id='word_1_192' title='bbox 2570 2442 2630 2489; x_wconf 91' lang='lat' dir='ltr'><strong>ut</strong></span> <span class='ocrx_word' id='word_1_193' title='bbox 2680 2435 3240 2492; x_wconf 88' lang='lat' dir='ltr'><strong>commanducandum</strong></span> <span class='ocrx_word' id='word_1_194' title='bbox 3277 2439 3479 2507; x_wconf 83' lang='lat' dir='ltr'><strong>cibum,</strong></span> 
     </span>
    </p>
   </div>
   <div class='ocr_carea' id='block_1_31' title="bbox 208 2532 1801 2609">
    <p class='ocr_par' dir='ltr' id='par_1_31' title="bbox 208 2532 1801 2609">
     <span class='ocr_line' id='line_1_31' title="bbox 208 2532 1801 2609; baseline -0.006 -15"><span class='ocrx_word' id='word_1_195' title='bbox 208 2549 469 2609; x_wconf 68' lang='lat' dir='ltr'><strong>spectata:</strong></span> <span class='ocrx_word' id='word_1_196' title='bbox 495 2537 765 2607; x_wconf 87' lang='lat' dir='ltr'><strong>opinionis</strong></span> <span class='ocrx_word' id='word_1_197' title='bbox 795 2538 931 2599; x_wconf 90' lang='lat' dir='ltr'><strong>viro,</strong></span> <span class='ocrx_word' id='word_1_198' title='bbox 965 2545 1019 2591; x_wconf 87' lang='lat' dir='ltr'><strong>et</strong></span> <span class='ocrx_word' id='word_1_199' title='bbox 1056 2534 1461 2605; x_wconf 88' lang='lat' dir='ltr'><strong>probatissimo,</strong></span> <span class='ocrx_word' id='word_1_200' title='bbox 1487 2532 1801 2586; x_wconf 57' lang='lat' dir='ltr'><strong>Evenscws</strong></span> 
     </span>
    </p>
   </div>
   <div class='ocr_carea' id='block_1_32' title="bbox 206 2618 1797 2692">
    <p class='ocr_par' dir='ltr' id='par_1_32' title="bbox 206 2618 1797 2692">
     <span class='ocr_line' id='line_1_32' title="bbox 206 2618 1797 2692; baseline -0.007 -9"><span class='ocrx_word' id='word_1_201' title='bbox 206 2643 495 2683; x_wconf 82' lang='lat' dir='ltr'><strong>servorum</strong></span> <span class='ocrx_word' id='word_1_202' title='bbox 519 2626 719 2682; x_wconf 84' lang='lat' dir='ltr'><strong>Christi</strong></span> <span class='ocrx_word' id='word_1_203' title='bbox 752 2639 965 2688; x_wconf 88' lang='lat' dir='ltr'><strong>servus,</strong></span> <span class='ocrx_word' id='word_1_204' title='bbox 996 2639 1127 2677; x_wconf 92' lang='lat' dir='ltr'><strong>suus</strong></span> <span class='ocrx_word' id='word_1_205' title='bbox 1160 2622 1411 2692; x_wconf 80' lang='lat' dir='ltr'><strong>indignus</strong></span> <span class='ocrx_word' id='word_1_206' title='bbox 1454 2620 1581 2675; x_wconf 86' lang='lat' dir='ltr'><strong>licet</strong></span> <span class='ocrx_word' id='word_1_207' title='bbox 1613 2618 1797 2675; x_wconf 89' lang='lat' dir='ltr'><strong>vocari</strong></span> 
     </span>
    </p>
   </div>
   <div class='ocr_carea' id='block_1_33' title="bbox 209 2714 1367 2790">
    <p class='ocr_par' dir='ltr' id='par_1_33' title="bbox 209 2714 1367 2790">
     <span class='ocr_line' id='line_1_33' title="bbox 209 2714 1367 2790; baseline -0.005 -17"><span class='ocrx_word' id='word_1_208' title='bbox 209 2720 603 2790; x_wconf 82' lang='lat' dir='ltr'><strong>liliusquiquid</strong></span> <span class='ocrx_word' id='word_1_209' title='bbox 633 2719 687 2772; x_wconf 91' lang='lat' dir='ltr'><strong>in</strong></span> <span class='ocrx_word' id='word_1_210' title='bbox 714 2717 935 2772; x_wconf 85' lang='lat' dir='ltr'><strong>Christo</strong></span> <span class='ocrx_word' id='word_1_211' title='bbox 972 2715 1099 2770; x_wconf 83' lang='lat' dir='ltr'><strong>Jesn</strong></span> <span class='ocrx_word' id='word_1_212' title='bbox 1134 2714 1367 2771; x_wconf 66' lang='lat' dir='ltr'><strong>felicius.</strong></span> 
     </span>
    </p>
   </div>
   <div class='ocr_carea' id='block_1_34' title="bbox 284 2807 1797 2884">
    <p class='ocr_par' dir='ltr' id='par_1_34' title="bbox 284 2807 1797 2884">
     <span class='ocr_line' id='line_1_34' title="bbox 284 2807 1797 2884; baseline -0.005 -18"><span class='ocrx_word' id='word_1_213' title='bbox 284 2811 632 2884; x_wconf 57' lang='lat' dir='ltr'><strong>Hypeibiton</strong></span> <span class='ocrx_word' id='word_1_214' title='bbox 719 2826 843 2866; x_wconf 91' lang='lat' dir='ltr'><strong>cum</strong></span> <span class='ocrx_word' id='word_1_215' title='bbox 922 2809 1241 2879; x_wconf 79' lang='lat' dir='ltr'><strong>ambagibus</strong></span> <span class='ocrx_word' id='word_1_216' title='bbox 1321 2807 1618 2870; x_wconf 88' lang='lat' dir='ltr'><strong>omittens,</strong></span> <span class='ocrx_word' id='word_1_217' title='bbox 1682 2820 1797 2859; x_wconf 87' lang='lat' dir='ltr'><strong>rem</strong></span> 
     </span>
    </p>
   </div>
   <div class='ocr_carea' id='block_1_35' title="bbox 208 2894 1799 2973">
    <p class='ocr_par' dir='ltr' id='par_1_35' title="bbox 208 2894 1799 2973">
     <span class='ocr_line' id='line_1_35' title="bbox 208 2894 1799 2973; baseline -0.008 -15"><span class='ocrx_word' id='word_1_218' title='bbox 208 2906 408 2973; x_wconf 89' lang='lat' dir='ltr'><strong>ipsam,</strong></span> <span class='ocrx_word' id='word_1_219' title='bbox 463 2910 663 2972; x_wconf 86' lang='lat' dir='ltr'><strong>quanta</strong></span> <span class='ocrx_word' id='word_1_220' title='bbox 694 2917 826 2955; x_wconf 84' lang='lat' dir='ltr'><strong>meae</strong></span> <span class='ocrx_word' id='word_1_221' title='bbox 878 2915 1005 2969; x_wconf 84' lang='lat' dir='ltr'><strong>pars</strong></span> <span class='ocrx_word' id='word_1_222' title='bbox 1053 2906 1232 2951; x_wconf 82' lang='lat' dir='ltr'><strong>vestra</strong></span> <span class='ocrx_word' id='word_1_223' title='bbox 1281 2898 1354 2952; x_wconf 88' lang='lat' dir='ltr'><strong>sit</strong></span> <span class='ocrx_word' id='word_1_224' title='bbox 1380 2896 1592 2958; x_wconf 70' lang='lat' dir='ltr'><strong>animm,</strong></span> <span class='ocrx_word' id='word_1_225' title='bbox 1652 2894 1799 2949; x_wconf 89' lang='lat' dir='ltr'><strong>nudo</strong></span> 
     </span>
    </p>
   </div>
   <div class='ocr_carea' id='block_1_36' title="bbox 204 2986 1799 3063">
    <p class='ocr_par' dir='ltr' id='par_1_36' title="bbox 204 2986 1799 3063">
     <span class='ocr_line' id='line_1_36' title="bbox 204 2986 1799 3063; baseline -0.006 -14"><span class='ocrx_word' id='word_1_226' title='bbox 204 3006 265 3049; x_wconf 89' lang='lat' dir='ltr'><strong>et</strong></span> <span class='ocrx_word' id='word_1_227' title='bbox 292 3002 482 3063; x_wconf 87' lang='lat' dir='ltr'><strong>aperto</strong></span> <span class='ocrx_word' id='word_1_228' title='bbox 501 3008 755 3048; x_wconf 88' lang='lat' dir='ltr'><strong>sermone</strong></span> <span class='ocrx_word' id='word_1_229' title='bbox 798 3008 882 3046; x_wconf 91' lang='lat' dir='ltr'><strong>me</strong></span> <span class='ocrx_word' id='word_1_230' title='bbox 909 2989 1424 3061; x_wconf 86' lang='lat' dir='ltr'><strong>juvatdescriberc;</strong></span> <span class='ocrx_word' id='word_1_231' title='bbox 1474 2986 1799 3041; x_wconf 63' lang='lat' dir='ltr'><strong>scholastice</strong></span> 
     </span>
    </p>
   </div>
   <div class='ocr_carea' id='block_1_37' title="bbox 205 3079 1795 3153">
    <p class='ocr_par' dir='ltr' id='par_1_37' title="bbox 205 3079 1795 3153">
     <span class='ocr_line' id='line_1_37' title="bbox 205 3079 1795 3153; baseline -0.009 -11"><span class='ocrx_word' id='word_1_232' title='bbox 205 3088 258 3142; x_wconf 82' lang='lat' dir='ltr'><strong>si</strong></span> <span class='ocrx_word' id='word_1_233' title='bbox 287 3102 391 3142; x_wconf 91' lang='lat' dir='ltr'><strong>non</strong></span> <span class='ocrx_word' id='word_1_234' title='bbox 418 3086 594 3153; x_wconf 90' lang='lat' dir='ltr'><strong>valeo,</strong></span> <span class='ocrx_word' id='word_1_235' title='bbox 627 3086 833 3140; x_wconf 87' lang='lat' dir='ltr'><strong>utinam</strong></span> <span class='ocrx_word' id='word_1_236' title='bbox 880 3084 961 3137; x_wconf 89' lang='lat' dir='ltr'><strong>vel</strong></span> <span class='ocrx_word' id='word_1_237' title='bbox 998 3083 1219 3145; x_wconf 89' lang='lat' dir='ltr'><strong>rustice,</strong></span> <span class='ocrx_word' id='word_1_238' title='bbox 1261 3096 1366 3134; x_wconf 93' lang='lat' dir='ltr'><strong>non</strong></span> <span class='ocrx_word' id='word_1_239' title='bbox 1409 3079 1532 3133; x_wconf 83' lang='lat' dir='ltr'><strong>ficte</strong></span> <span class='ocrx_word' id='word_1_240' title='bbox 1595 3087 1795 3141; x_wconf 84' lang='lat' dir='ltr'><strong>tamen,</strong></span> 
     </span>
    </p>
   </div>
   <div class='ocr_carea' id='block_1_38' title="bbox 210 3170 1800 3250">
    <p class='ocr_par' dir='ltr' id='par_1_38' title="bbox 210 3170 1800 3250">
     <span class='ocr_line' id='line_1_38' title="bbox 210 3170 1800 3250; baseline -0.008 -16"><span class='ocrx_word' id='word_1_241' title='bbox 210 3181 337 3250; x_wconf 77' lang='lat' dir='ltr'><strong>quia</strong></span> <span class='ocrx_word' id='word_1_242' title='bbox 378 3194 513 3248; x_wconf 88' lang='lat' dir='ltr'><strong>pura</strong></span> <span class='ocrx_word' id='word_1_243' title='bbox 545 3179 702 3233; x_wconf 83' lang='lat' dir='ltr'><strong>traho</strong></span> <span class='ocrx_word' id='word_1_244' title='bbox 732 3193 861 3233; x_wconf 80' lang='lat' dir='ltr'><strong>voce</strong></span> <span class='ocrx_word' id='word_1_245' title='bbox 888 3177 1030 3246; x_wconf 91' lang='lat' dir='ltr'><strong>quod</strong></span> <span class='ocrx_word' id='word_1_246' title='bbox 1058 3175 1188 3230; x_wconf 88' lang='lat' dir='ltr'><strong>latet</strong></span> <span class='ocrx_word' id='word_1_247' title='bbox 1217 3188 1417 3227; x_wconf 90' lang='lat' dir='ltr'><strong>arcana</strong></span> <span class='ocrx_word' id='word_1_248' title='bbox 1448 3186 1554 3225; x_wconf 91' lang='lat' dir='ltr'><strong>non</strong></span> <span class='ocrx_word' id='word_1_249' title='bbox 1583 3170 1800 3224; x_wconf 83' lang='lat' dir='ltr'><strong>inenar-</strong></span> 
     </span>
    </p>
   </div>
   <div class='ocr_carea' id='block_1_39' title="bbox 208 3260 1794 3341">
    <p class='ocr_par' dir='ltr' id='par_1_39' title="bbox 208 3260 1794 3341">
     <span class='ocr_line' id='line_1_39' title="bbox 208 3260 1794 3341; baseline -0.01 -12"><span class='ocrx_word' id='word_1_250' title='bbox 208 3273 385 3329; x_wconf 80' lang='lat' dir='ltr'><strong>rabile</strong></span> <span class='ocrx_word' id='word_1_251' title='bbox 407 3273 567 3339; x_wconf 81' lang='lat' dir='ltr'><strong>libra,</strong></span> <span class='ocrx_word' id='word_1_252' title='bbox 619 3279 879 3341; x_wconf 76' lang='lat' dir='ltr'><strong>quantum</strong></span> <span class='ocrx_word' id='word_1_253' title='bbox 921 3285 1017 3323; x_wconf 89' lang='lat' dir='ltr'><strong>vos</strong></span> <span class='ocrx_word' id='word_1_254' title='bbox 1067 3269 1290 3322; x_wconf 81' lang='lat' dir='ltr'><strong>sinuoso</strong></span> <span class='ocrx_word' id='word_1_255' title='bbox 1322 3266 1373 3319; x_wconf 92' lang='lat' dir='ltr'><strong>in</strong></span> <span class='ocrx_word' id='word_1_256' title='bbox 1419 3273 1638 3333; x_wconf 86' lang='lat' dir='ltr'><strong>pectore</strong></span> <span class='ocrx_word' id='word_1_257' title='bbox 1683 3260 1794 3325; x_wconf 82' lang='lat' dir='ltr'><strong>fixi,</strong></span> 
     </span>
    </p>
   </div>
   <div class='ocr_carea' id='block_1_40' title="bbox 211 3359 1799 3438">
    <p class='ocr_par' dir='ltr' id='par_1_40' title="bbox 211 3359 1799 3438">
     <span class='ocr_line' id='line_1_40' title="bbox 211 3359 1799 3438; baseline -0.008 -15"><span class='ocrx_word' id='word_1_258' title='bbox 211 3381 405 3425; x_wconf 87' lang='lat' dir='ltr'><strong>notare</strong></span> <span class='ocrx_word' id='word_1_259' title='bbox 439 3370 628 3436; x_wconf 79' lang='lat' dir='ltr'><strong>gestio.</strong></span> <span class='ocrx_word' id='word_1_260' title='bbox 658 3366 786 3419; x_wconf 92' lang='lat' dir='ltr'><strong>Illud</strong></span> <span class='ocrx_word' id='word_1_261' title='bbox 810 3365 1077 3419; x_wconf 90' lang='lat' dir='ltr'><strong>comicum</strong></span> <span class='ocrx_word' id='word_1_262' title='bbox 1099 3361 1299 3415; x_wconf 89' lang='lat' dir='ltr'><strong>nostis:</strong></span> <span class='ocrx_word' id='word_1_263' title='bbox 1328 3359 1507 3412; x_wconf 78' lang='lat' dir='ltr'><strong>Davus</strong></span> <span class='ocrx_word' id='word_1_264' title='bbox 1532 3372 1669 3423; x_wconf 84' lang='lat' dir='ltr'><strong>sum,</strong></span> <span class='ocrx_word' id='word_1_265' title='bbox 1695 3371 1799 3438; x_wconf 80' lang='lat' dir='ltr'><strong>non</strong></span> 
     </span>
    </p>
   </div>
   <div class='ocr_carea' id='block_1_41' title="bbox 211 3443 1805 3531">
    <p class='ocr_par' dir='ltr' id='par_1_41' title="bbox 211 3443 1805 3531">
     <span class='ocr_line' id='line_1_41' title="bbox 211 3443 1805 3531; baseline -0.006 -15"><span class='ocrx_word' id='word_1_266' title='bbox 211 3461 480 3531; x_wconf 73' lang='lat' dir='ltr'><strong>(Edipus,</strong></span> <span class='ocrx_word' id='word_1_267' title='bbox 517 3470 575 3514; x_wconf 90' lang='lat' dir='ltr'><strong>ut</strong></span> <span class='ocrx_word' id='word_1_268' title='bbox 615 3459 807 3513; x_wconf 79' lang='lat' dir='ltr'><strong>fucatis</strong></span> <span class='ocrx_word' id='word_1_269' title='bbox 860 3455 1039 3511; x_wconf 81' lang='lat' dir='ltr'><strong>verbis</strong></span> <span class='ocrx_word' id='word_1_270' title='bbox 1089 3453 1274 3507; x_wconf 83' lang='lat' dir='ltr'><strong>fallam</strong></span> <span class='ocrx_word' id='word_1_271' title='bbox 1335 3450 1639 3506; x_wconf 84' lang='lat' dir='ltr'><strong>audientes.</strong></span> <span class='ocrx_word' id='word_1_272' title='bbox 1691 3443 1805 3506; x_wconf 74' lang='lat' dir='ltr'><strong>Sed</strong></span> 
     </span>
    </p>
   </div>
   <div class='ocr_carea' id='block_1_42' title="bbox 210 3555 639 3612">
    <p class='ocr_par' dir='ltr' id='par_1_42' title="bbox 210 3555 639 3612">
     <span class='ocr_line' id='line_1_42' title="bbox 210 3555 639 3612; baseline -0.007 -2"><span class='ocrx_word' id='word_1_273' title='bbox 210 3555 328 3612; x_wconf 73' lang='lat' dir='ltr'><strong>haec</strong></span> <span class='ocrx_word' id='word_1_274' title='bbox 358 3557 639 3609; x_wconf 88' lang='lat' dir='ltr'><strong>hactenus.</strong></span> 
     </span>
    </p>
   </div>
   <div class='ocr_carea' id='block_1_43' title="bbox 281 3635 1799 3709">
    <p class='ocr_par' dir='ltr' id='par_1_43' title="bbox 281 3635 1799 3709">
     <span class='ocr_line' id='line_1_43' title="bbox 281 3635 1799 3709; baseline -0.013 -7"><span class='ocrx_word' id='word_1_275' title='bbox 281 3648 483 3702; x_wconf 85' lang='lat' dir='ltr'><strong>Audita</strong></span> <span class='ocrx_word' id='word_1_276' title='bbox 524 3661 653 3702; x_wconf 87' lang='lat' dir='ltr'><strong>vero</strong></span> <span class='ocrx_word' id='word_1_277' title='bbox 685 3636 1017 3700; x_wconf 88' lang='lat' dir='ltr'><strong>etattentius</strong></span> <span class='ocrx_word' id='word_1_278' title='bbox 1045 3646 1299 3709; x_wconf 84' lang='lat' dir='ltr'><strong>percepta</strong></span> <span class='ocrx_word' id='word_1_279' title='bbox 1324 3635 1593 3706; x_wconf 85' lang='lat' dir='ltr'><strong>legatione</strong></span> <span class='ocrx_word' id='word_1_280' title='bbox 1616 3640 1799 3687; x_wconf 79' lang='lat' dir='ltr'><strong>vestra</strong></span> 
     </span>
    </p>
   </div>
   <div class='ocr_carea' id='block_1_44' title="bbox 1903 2526 3478 2594">
    <p class='ocr_par' dir='ltr' id='par_1_44' title="bbox 1903 2526 3478 2594">
     <span class='ocr_line' id='line_1_44' title="bbox 1903 2526 3478 2594; baseline 0.002 -9"><span class='ocrx_word' id='word_1_281' title='bbox 1903 2531 2043 2585; x_wconf 88' lang='lat' dir='ltr'><strong>sicut</strong></span> <span class='ocrx_word' id='word_1_282' title='bbox 2079 2529 2321 2586; x_wconf 84' lang='lat' dir='ltr'><strong>nutrices</strong></span> <span class='ocrx_word' id='word_1_283' title='bbox 2344 2526 2628 2583; x_wconf 90' lang='lat' dir='ltr'><strong>infantulis</strong></span> <span class='ocrx_word' id='word_1_284' title='bbox 2652 2526 2943 2594; x_wconf 88' lang='lat' dir='ltr'><strong>edentulis,</strong></span> <span class='ocrx_word' id='word_1_285' title='bbox 2975 2527 3031 2583; x_wconf 90' lang='lat' dir='ltr'><strong>in</strong></span> <span class='ocrx_word' id='word_1_286' title='bbox 3061 2542 3123 2584; x_wconf 90' lang='lat' dir='ltr'><strong>os</strong></span> <span class='ocrx_word' id='word_1_287' title='bbox 3154 2544 3335 2587; x_wconf 88' lang='lat' dir='ltr'><strong>meum</strong></span> <span class='ocrx_word' id='word_1_288' title='bbox 3367 2542 3478 2588; x_wconf 81' lang='lat' dir='ltr'><strong>tra-</strong></span> 
     </span>
    </p>
   </div>
   <div class='ocr_carea' id='block_1_45' title="bbox 1856 2616 2129 2694">
    <p class='ocr_par' dir='ltr' id='par_1_45' title="bbox 1856 2616 2129 2694">
     <span class='ocr_line' id='line_1_45' title="bbox 1856 2616 2129 2694; baseline 0 -17"><span class='ocrx_word' id='word_1_289' title='bbox 1856 2616 1861 2619; x_wconf 71' lang='grc'><em>’</em></span> <span class='ocrx_word' id='word_1_290' title='bbox 1894 2622 2129 2694; x_wconf 86' lang='lat' dir='ltr'><strong>jecistis.</strong></span> 
     </span>
    </p>
   </div>
   <div class='ocr_carea' id='block_1_46' title="bbox 1976 2713 3485 2783">
    <p class='ocr_par' dir='ltr' id='par_1_46' title="bbox 1976 2713 3485 2783">
     <span class='ocr_line' id='line_1_46' title="bbox 1976 2713 3485 2783; baseline 0.005 -15"><span class='ocrx_word' id='word_1_291' title='bbox 1976 2714 2114 2783; x_wconf 84' lang='lat' dir='ltr'><strong>Quid</strong></span> <span class='ocrx_word' id='word_1_292' title='bbox 2149 2721 2294 2777; x_wconf 89' lang='lat' dir='ltr'><strong>ante,</strong></span> <span class='ocrx_word' id='word_1_293' title='bbox 2331 2713 2459 2783; x_wconf 90' lang='lat' dir='ltr'><strong>quid</strong></span> <span class='ocrx_word' id='word_1_294' title='bbox 2491 2721 2611 2783; x_wconf 90' lang='lat' dir='ltr'><strong>post</strong></span> <span class='ocrx_word' id='word_1_295' title='bbox 2637 2729 2734 2783; x_wconf 91' lang='lat' dir='ltr'><strong>pro</strong></span> <span class='ocrx_word' id='word_1_296' title='bbox 2762 2720 2915 2769; x_wconf 88' lang='lat' dir='ltr'><strong>tanto</strong></span> <span class='ocrx_word' id='word_1_297' title='bbox 2951 2714 3218 2773; x_wconf 82' lang='lat' dir='ltr'><strong>beneficio</strong></span> <span class='ocrx_word' id='word_1_298' title='bbox 3244 2733 3485 2775; x_wconf 86' lang='lat' dir='ltr'><strong>comme-</strong></span> 
     </span>
    </p>
   </div>
   <div class='ocr_carea' id='block_1_47' title="bbox 1900 2806 3483 2878">
    <p class='ocr_par' dir='ltr' id='par_1_47' title="bbox 1900 2806 3483 2878">
     <span class='ocr_line' id='line_1_47' title="bbox 1900 2806 3483 2878; baseline 0.003 -15"><span class='ocrx_word' id='word_1_299' title='bbox 1900 2808 2148 2864; x_wconf 79' lang='lat' dir='ltr'><strong>morem?</strong></span> <span class='ocrx_word' id='word_1_300' title='bbox 2173 2806 2323 2862; x_wconf 87' lang='lat' dir='ltr'><strong>rudis</strong></span> <span class='ocrx_word' id='word_1_301' title='bbox 2352 2822 2470 2861; x_wconf 87' lang='lat' dir='ltr'><strong>sum</strong></span> <span class='ocrx_word' id='word_1_302' title='bbox 2499 2815 2553 2861; x_wconf 91' lang='lat' dir='ltr'><strong>et</strong></span> <span class='ocrx_word' id='word_1_303' title='bbox 2574 2807 2812 2878; x_wconf 87' lang='lat' dir='ltr'><strong>ignarus.</strong></span> <span class='ocrx_word' id='word_1_304' title='bbox 2843 2808 2976 2876; x_wconf 85' lang='lat' dir='ltr'><strong>Quis</strong></span> <span class='ocrx_word' id='word_1_305' title='bbox 3017 2810 3162 2865; x_wconf 91' lang='lat' dir='ltr'><strong>enim</strong></span> <span class='ocrx_word' id='word_1_306' title='bbox 3211 2821 3294 2867; x_wconf 89' lang='lat' dir='ltr'><strong>est</strong></span> <span class='ocrx_word' id='word_1_307' title='bbox 3328 2814 3483 2870; x_wconf 87' lang='lat' dir='ltr'><strong>vobis</strong></span> 
     </span>
    </p>
   </div>
   <div class='ocr_carea' id='block_1_48' title="bbox 1900 2899 3477 2970">
    <p class='ocr_par' dir='ltr' id='par_1_48' title="bbox 1900 2899 3477 2970">
     <span class='ocr_line' id='line_1_48' title="bbox 1900 2899 3477 2970; baseline 0.005 -17"><span class='ocrx_word' id='word_1_308' title='bbox 1900 2912 1993 2954; x_wconf 87' lang='lat' dir='ltr'><strong>aut</strong></span> <span class='ocrx_word' id='word_1_309' title='bbox 2019 2899 2300 2969; x_wconf 83' lang='lat' dir='ltr'><strong>sapientia,</strong></span> <span class='ocrx_word' id='word_1_310' title='bbox 2328 2899 2620 2967; x_wconf 89' lang='lat' dir='ltr'><strong>probitate,</strong></span> <span class='ocrx_word' id='word_1_311' title='bbox 2648 2908 2742 2953; x_wconf 87' lang='lat' dir='ltr'><strong>aut</strong></span> <span class='ocrx_word' id='word_1_312' title='bbox 2770 2900 3099 2970; x_wconf 78' lang='lat' dir='ltr'><strong>optimarum</strong></span> <span class='ocrx_word' id='word_1_313' title='bbox 3128 2905 3327 2959; x_wconf 89' lang='lat' dir='ltr'><strong>artium</strong></span> <span class='ocrx_word' id='word_1_314' title='bbox 3360 2916 3477 2960; x_wconf 90' lang='lat' dir='ltr'><strong>stu-</strong></span> 
     </span>
    </p>
   </div>
   <div class='ocr_carea' id='block_1_49' title="bbox 1900 2991 3477 3067">
    <p class='ocr_par' dir='ltr' id='par_1_49' title="bbox 1900 2991 3477 3067">
     <span class='ocr_line' id='line_1_49' title="bbox 1900 2991 3477 3067; baseline 0.004 -20"><span class='ocrx_word' id='word_1_315' title='bbox 1900 2992 2011 3055; x_wconf 90' lang='lat' dir='ltr'><strong>dio,</strong></span> <span class='ocrx_word' id='word_1_316' title='bbox 2041 3001 2133 3045; x_wconf 89' lang='lat' dir='ltr'><strong>aut</strong></span> <span class='ocrx_word' id='word_1_317' title='bbox 2163 2991 2490 3056; x_wconf 88' lang='lat' dir='ltr'><strong>innocentia,</strong></span> <span class='ocrx_word' id='word_1_318' title='bbox 2514 3002 2608 3046; x_wconf 92' lang='lat' dir='ltr'><strong>aut</strong></span> <span class='ocrx_word' id='word_1_319' title='bbox 2637 2993 2745 3049; x_wconf 89' lang='lat' dir='ltr'><strong>ullo</strong></span> <span class='ocrx_word' id='word_1_320' title='bbox 2773 2994 2946 3050; x_wconf 88' lang='lat' dir='ltr'><strong>laudis</strong></span> <span class='ocrx_word' id='word_1_321' title='bbox 2974 3011 3169 3067; x_wconf 82' lang='lat' dir='ltr'><strong>genere</strong></span> <span class='ocrx_word' id='word_1_322' title='bbox 3214 3010 3477 3066; x_wconf 57' lang='lat' dir='ltr'><strong>praestan-</strong></span> 
     </span>
    </p>
   </div>
   <div class='ocr_carea' id='block_1_50' title="bbox 1901 3082 3485 3147">
    <p class='ocr_par' dir='ltr' id='par_1_50' title="bbox 1901 3082 3485 3147">
     <span class='ocr_line' id='line_1_50' title="bbox 1901 3082 3485 3147; baseline 0.005 -9"><span class='ocrx_word' id='word_1_323' title='bbox 1901 3084 2039 3138; x_wconf 71' lang='lat' dir='ltr'><strong>tior?</strong></span> <span class='ocrx_word' id='word_1_324' title='bbox 2061 3082 2306 3137; x_wconf 87' lang='lat' dir='ltr'><strong>Tulliana</strong></span> <span class='ocrx_word' id='word_1_325' title='bbox 2332 3098 2436 3137; x_wconf 75' lang='lat' dir='ltr'><strong>vox</strong></span> <span class='ocrx_word' id='word_1_326' title='bbox 2462 3084 2849 3141; x_wconf 84' lang='lat' dir='ltr'><strong>sonat:Nullus</strong></span> <span class='ocrx_word' id='word_1_327' title='bbox 2872 3096 3080 3142; x_wconf 90' lang='lat' dir='ltr'><strong>tantum</strong></span> <span class='ocrx_word' id='word_1_328' title='bbox 3094 3098 3177 3144; x_wconf 88' lang='lat' dir='ltr'><strong>est</strong></span> <span class='ocrx_word' id='word_1_329' title='bbox 3194 3088 3389 3146; x_wconf 86' lang='lat' dir='ltr'><strong>tlumen</strong></span> <span class='ocrx_word' id='word_1_330' title='bbox 3408 3091 3485 3147; x_wconf 89' lang='lat' dir='ltr'><strong>iu-</strong></span> 
     </span>
    </p>
   </div>
   <div class='ocr_carea' id='block_1_51' title="bbox 1900 3175 3485 3248">
    <p class='ocr_par' dir='ltr' id='par_1_51' title="bbox 1900 3175 3485 3248">
     <span class='ocr_line' id='line_1_51' title="bbox 1900 3175 3485 3248; baseline 0.006 -19"><span class='ocrx_word' id='word_1_331' title='bbox 1900 3177 2065 3248; x_wconf 80' lang='lat' dir='ltr'><strong>genii,</strong></span> <span class='ocrx_word' id='word_1_332' title='bbox 2083 3176 2222 3231; x_wconf 83' lang='lat' dir='ltr'><strong>nulla</strong></span> <span class='ocrx_word' id='word_1_333' title='bbox 2238 3175 2469 3239; x_wconf 89' lang='lat' dir='ltr'><strong>dicendi,</strong></span> <span class='ocrx_word' id='word_1_334' title='bbox 2486 3175 2627 3230; x_wconf 89' lang='lat' dir='ltr'><strong>nulla</strong></span> <span class='ocrx_word' id='word_1_335' title='bbox 2643 3176 2916 3233; x_wconf 87' lang='lat' dir='ltr'><strong>scribendi</strong></span> <span class='ocrx_word' id='word_1_336' title='bbox 2932 3189 3076 3235; x_wconf 88' lang='lat' dir='ltr'><strong>tanta</strong></span> <span class='ocrx_word' id='word_1_337' title='bbox 3098 3180 3202 3247; x_wconf 90' lang='lat' dir='ltr'><strong>vis,</strong></span> <span class='ocrx_word' id='word_1_338' title='bbox 3218 3183 3364 3237; x_wconf 88' lang='lat' dir='ltr'><strong>nulla</strong></span> <span class='ocrx_word' id='word_1_339' title='bbox 3388 3200 3450 3238; x_wconf 89' lang='lat' dir='ltr'><strong>co</strong></span> <span class='ocrx_word' id='word_1_340' title='bbox 3466 3215 3485 3226; x_wconf 85' lang='lat'><strong>-</strong></span> 
     </span>
    </p>
   </div>
   <div class='ocr_carea' id='block_1_52' title="bbox 1899 3262 3486 3342">
    <p class='ocr_par' dir='ltr' id='par_1_52' title="bbox 1899 3262 3486 3342">
     <span class='ocr_line' id='line_1_52' title="bbox 1899 3262 3486 3342; baseline 0.007 -22"><span class='ocrx_word' id='word_1_341' title='bbox 1899 3268 2262 3338; x_wconf 77' lang='lat' dir='ltr'><strong>pia,qu:r,non</strong></span> <span class='ocrx_word' id='word_1_342' title='bbox 2278 3269 2450 3323; x_wconf 85' lang='lat' dir='ltr'><strong>dicam</strong></span> <span class='ocrx_word' id='word_1_343' title='bbox 2464 3283 2751 3337; x_wconf 79' lang='lat' dir='ltr'><strong>exornare,</strong></span> <span class='ocrx_word' id='word_1_344' title='bbox 2766 3262 3353 3342; x_wconf 71' lang='lat' dir='ltr'><strong>sedtuarum&#39;virtutum</strong></span> <span class='ocrx_word' id='word_1_345' title='bbox 3368 3276 3486 3331; x_wconf 87' lang='lat' dir='ltr'><strong>lau-</strong></span> 
     </span>
    </p>
   </div>
   <div class='ocr_carea' id='block_1_53' title="bbox 1899 3359 3485 3430">
    <p class='ocr_par' dir='ltr' id='par_1_53' title="bbox 1899 3359 3485 3430">
     <span class='ocr_line' id='line_1_53' title="bbox 1899 3359 3485 3430; baseline 0.006 -17"><span class='ocrx_word' id='word_1_346' title='bbox 1899 3362 1992 3414; x_wconf 86' lang='lat' dir='ltr'><strong>des</strong></span> <span class='ocrx_word' id='word_1_347' title='bbox 2006 3361 2460 3429; x_wconf 85' lang='lat' dir='ltr'><strong>possitenarrare.</strong></span> <span class='ocrx_word' id='word_1_348' title='bbox 2489 3359 2757 3417; x_wconf 88' lang='lat' dir='ltr'><strong>Patientia</strong></span> <span class='ocrx_word' id='word_1_349' title='bbox 2782 3364 2827 3418; x_wconf 92' lang='lat' dir='ltr'><strong>si</strong></span> <span class='ocrx_word' id='word_1_350' title='bbox 2859 3375 3211 3430; x_wconf 89' lang='lat' dir='ltr'><strong>memoratur,</strong></span> <span class='ocrx_word' id='word_1_351' title='bbox 3244 3366 3287 3422; x_wconf 90' lang='lat' dir='ltr'><strong>si</strong></span> <span class='ocrx_word' id='word_1_352' title='bbox 3305 3367 3485 3425; x_wconf 83' lang='lat' dir='ltr'><strong>fasest</strong></span> 
     </span>
    </p>
   </div>
   <div class='ocr_carea' id='block_1_54' title="bbox 1900 3453 3483 3531">
    <p class='ocr_par' dir='ltr' id='par_1_54' title="bbox 1900 3453 3483 3531">
     <span class='ocr_line' id='line_1_54' title="bbox 1900 3453 3483 3531; baseline 0.006 -23"><span class='ocrx_word' id='word_1_353' title='bbox 1900 3454 2101 3519; x_wconf 89' lang='lat' dir='ltr'><strong>dicere,</strong></span> <span class='ocrx_word' id='word_1_354' title='bbox 2128 3453 2233 3509; x_wconf 84' lang='lat' dir='ltr'><strong>fide</strong></span> <span class='ocrx_word' id='word_1_355' title='bbox 2259 3453 2431 3519; x_wconf 85' lang='lat' dir='ltr'><strong>salva,</strong></span> <span class='ocrx_word' id='word_1_356' title='bbox 2478 3470 2545 3509; x_wconf 90' lang='lat' dir='ltr'><strong>ne</strong></span> <span class='ocrx_word' id='word_1_357' title='bbox 2581 3455 2748 3510; x_wconf 89' lang='lat' dir='ltr'><strong>Deum</strong></span> <span class='ocrx_word' id='word_1_358' title='bbox 2777 3455 3069 3525; x_wconf 84' lang='lat' dir='ltr'><strong>oﬂ&#39;endam,</strong></span> <span class='ocrx_word' id='word_1_359' title='bbox 3128 3468 3183 3513; x_wconf 87' lang='lat' dir='ltr'><strong>tu</strong></span> <span class='ocrx_word' id='word_1_360' title='bbox 3230 3476 3290 3516; x_wconf 85' lang='lat' dir='ltr'><strong>es</strong></span> <span class='ocrx_word' id='word_1_361' title='bbox 3345 3460 3483 3531; x_wconf 88' lang='lat' dir='ltr'><strong>ipsa.</strong></span> 
     </span>
    </p>
   </div>
   <div class='ocr_carea' id='block_1_55' title="bbox 1900 3545 3485 3622">
    <p class='ocr_par' dir='ltr' id='par_1_55' title="bbox 1900 3545 3485 3622">
     <span class='ocr_line' id='line_1_55' title="bbox 1900 3545 3485 3622; baseline 0.005 -22"><span class='ocrx_word' id='word_1_362' title='bbox 1900 3545 2017 3601; x_wconf 72' lang='lat' dir='ltr'><strong>Non</strong></span> <span class='ocrx_word' id='word_1_363' title='bbox 2075 3547 2301 3601; x_wconf 75' lang='lat' dir='ltr'><strong>salivam</strong></span> <span class='ocrx_word' id='word_1_364' title='bbox 2357 3548 2529 3618; x_wconf 84' lang='lat' dir='ltr'><strong>glutto</strong></span> <span class='ocrx_word' id='word_1_365' title='bbox 2578 3547 2833 3603; x_wconf 90' lang='lat' dir='ltr'><strong>sorbuisli</strong></span> <span class='ocrx_word' id='word_1_366' title='bbox 2882 3551 3281 3617; x_wconf 86' lang='lat' dir='ltr'><strong>tnercurialem,</strong></span> <span class='ocrx_word' id='word_1_367' title='bbox 3322 3553 3485 3622; x_wconf 80' lang='lat' dir='ltr'><strong>inque</strong></span> 
     </span>
    </p>
   </div>
   <div class='ocr_carea' id='block_1_56' title="bbox 1900 3638 3473 3713">
    <p class='ocr_par' dir='ltr' id='par_1_56' title="bbox 1900 3638 3473 3713">
     <span class='ocr_line' id='line_1_56' title="bbox 1900 3638 3473 3713; baseline 0.004 -22"><span class='ocrx_word' id='word_1_368' title='bbox 1900 3639 2013 3693; x_wconf 92' lang='lat' dir='ltr'><strong>luto</strong></span> <span class='ocrx_word' id='word_1_369' title='bbox 2042 3638 2206 3692; x_wconf 83' lang='lat' dir='ltr'><strong>fixum</strong></span> <span class='ocrx_word' id='word_1_370' title='bbox 2239 3639 2458 3708; x_wconf 90' lang='lat' dir='ltr'><strong>potuisti</strong></span> <span class='ocrx_word' id='word_1_371' title='bbox 2496 3640 2878 3695; x_wconf 89' lang='lat' dir='ltr'><strong>transcendere</strong></span> <span class='ocrx_word' id='word_1_372' title='bbox 2923 3657 3228 3696; x_wconf 86' lang='lat' dir='ltr'><strong>numerum.</strong></span> <span class='ocrx_word' id='word_1_373' title='bbox 3260 3641 3473 3713; x_wconf 86' lang='lat' dir='ltr'><strong>Satyri-</strong></span> 
     </span>
    </p>
   </div>
   <div class='ocr_carea' id='block_1_57' title="bbox 212 3726 3474 3822">
    <p class='ocr_par' dir='ltr' id='par_1_57' title="bbox 212 3726 3474 3822">
     <span class='ocr_line' id='line_1_57' title="bbox 212 3726 3474 3822; baseline -0.002 -28"><span class='ocrx_word' id='word_1_374' title='bbox 212 3740 444 3805; x_wconf 88' lang='lat' dir='ltr'><strong>mellita,</strong></span> <span class='ocrx_word' id='word_1_375' title='bbox 470 3738 704 3793; x_wconf 88' lang='lat' dir='ltr'><strong>nondum</strong></span> <span class='ocrx_word' id='word_1_376' title='bbox 735 3736 853 3790; x_wconf 90' lang='lat' dir='ltr'><strong>viso</strong></span> <span class='ocrx_word' id='word_1_377' title='bbox 881 3734 966 3788; x_wconf 86' lang='lat' dir='ltr'><strong>vel</strong></span> <span class='ocrx_word' id='word_1_378' title='bbox 1002 3739 1246 3801; x_wconf 83' lang='lat' dir='ltr'><strong>accepto,</strong></span> <span class='ocrx_word' id='word_1_379' title='bbox 1290 3727 1433 3797; x_wconf 76' lang='lat' dir='ltr'><strong>Quod</strong></span> <span class='ocrx_word' id='word_1_380' title='bbox 1481 3726 1570 3796; x_wconf 85' lang='lat' dir='ltr'><strong>pio</strong></span> <span class='ocrx_word' id='word_1_381' title='bbox 1614 3738 1799 3778; x_wconf 78' lang='lat' dir='ltr'><strong>amore</strong></span> <span class='ocrx_word' id='word_1_382' title='bbox 1827 3759 1874 3822; x_wconf 64' lang='grc' dir='ltr'>ε</span> <span class='ocrx_word' id='word_1_383' title='bbox 1903 3745 1998 3785; x_wconf 91' lang='lat' dir='ltr'><strong>cos</strong></span> <span class='ocrx_word' id='word_1_384' title='bbox 2019 3730 2336 3785; x_wconf 91' lang='lat' dir='ltr'><strong>omittamus</strong></span> <span class='ocrx_word' id='word_1_385' title='bbox 2363 3729 2623 3795; x_wconf 88' lang='lat' dir='ltr'><strong>comicos,</strong></span> <span class='ocrx_word' id='word_1_386' title='bbox 2651 3729 2719 3784; x_wconf 91' lang='lat' dir='ltr'><strong>ad</strong></span> <span class='ocrx_word' id='word_1_387' title='bbox 2768 3729 3041 3799; x_wconf 87' lang='lat' dir='ltr'><strong>simplices</strong></span> <span class='ocrx_word' id='word_1_388' title='bbox 3088 3730 3374 3787; x_wconf 87' lang='lat' dir='ltr'><strong>redeamus</strong></span> <span class='ocrx_word' id='word_1_389' title='bbox 3417 3744 3474 3787; x_wconf 77' lang='lat' dir='ltr'><strong>et</strong></span> 
     </span>
    </p>
   </div>
   <div class='ocr_carea' id='block_1_58' title="bbox 210 3815 1798 3899">
    <p class='ocr_par' dir='ltr' id='par_1_58' title="bbox 210 3815 1798 3899">
     <span class='ocr_line' id='line_1_58' title="bbox 210 3815 1798 3899; baseline -0.012 -13"><span class='ocrx_word' id='word_1_390' title='bbox 210 3832 465 3899; x_wconf 84' lang='lat' dir='ltr'><strong>misistis,</strong></span> <span class='ocrx_word' id='word_1_391' title='bbox 515 3830 779 3893; x_wconf 83' lang='lat' dir='ltr'><strong>balsamo,</strong></span> <span class='ocrx_word' id='word_1_392' title='bbox 812 3827 1008 3881; x_wconf 89' lang='lat' dir='ltr'><strong>litteris</strong></span> <span class='ocrx_word' id='word_1_393' title='bbox 1037 3823 1232 3878; x_wconf 91' lang='lat' dir='ltr'><strong>vestris</strong></span> <span class='ocrx_word' id='word_1_394' title='bbox 1264 3820 1443 3875; x_wconf 86' lang='lat' dir='ltr'><strong>adhuc</strong></span> <span class='ocrx_word' id='word_1_395' title='bbox 1487 3833 1593 3872; x_wconf 93' lang='lat' dir='ltr'><strong>non</strong></span> <span class='ocrx_word' id='word_1_396' title='bbox 1624 3815 1798 3878; x_wconf 87' lang='lat' dir='ltr'><strong>lectis,</strong></span> 
     </span>
    </p>
   </div>
   <div class='ocr_carea' id='block_1_59' title="bbox 210 3907 1803 3991">
    <p class='ocr_par' dir='ltr' id='par_1_59' title="bbox 210 3907 1803 3991">
     <span class='ocr_line' id='line_1_59' title="bbox 210 3907 1803 3991; baseline -0.011 -13"><span class='ocrx_word' id='word_1_397' title='bbox 210 3939 324 3979; x_wconf 91' lang='lat' dir='ltr'><strong>non</strong></span> <span class='ocrx_word' id='word_1_398' title='bbox 355 3924 639 3978; x_wconf 88' lang='lat' dir='ltr'><strong>tninimum</strong></span> <span class='ocrx_word' id='word_1_399' title='bbox 686 3937 815 3991; x_wconf 80' lang='lat' dir='ltr'><strong>erga</strong></span> <span class='ocrx_word' id='word_1_400' title='bbox 846 3937 952 3984; x_wconf 85' lang='lat' dir='ltr'><strong>me,</strong></span> <span class='ocrx_word' id='word_1_401' title='bbox 1003 3932 1164 3987; x_wconf 87' lang='lat' dir='ltr'><strong>quem</strong></span> <span class='ocrx_word' id='word_1_402' title='bbox 1188 3912 1435 3985; x_wconf 81' lang='lat' dir='ltr'><strong>cognovi,</strong></span> <span class='ocrx_word' id='word_1_403' title='bbox 1473 3919 1581 3964; x_wconf 84' lang='lat' dir='ltr'><strong>tam</strong></span> <span class='ocrx_word' id='word_1_404' title='bbox 1620 3907 1803 3978; x_wconf 85' lang='lat' dir='ltr'><strong>magni</strong></span> 
     </span>
    </p>
   </div>
   <div class='ocr_carea' id='block_1_60' title="bbox 211 4002 1799 4079">
    <p class='ocr_par' dir='ltr' id='par_1_60' title="bbox 211 4002 1799 4079">
     <span class='ocr_line' id='line_1_60' title="bbox 211 4002 1799 4079; baseline -0.01 -8"><span class='ocrx_word' id='word_1_405' title='bbox 211 4026 268 4071; x_wconf 83' lang='lat' dir='ltr'><strong>ct</strong></span> <span class='ocrx_word' id='word_1_406' title='bbox 314 4016 608 4071; x_wconf 90' lang='lat' dir='ltr'><strong>clarissimi</strong></span> <span class='ocrx_word' id='word_1_407' title='bbox 662 4015 761 4068; x_wconf 88' lang='lat' dir='ltr'><strong>viri</strong></span> <span class='ocrx_word' id='word_1_408' title='bbox 813 4002 1039 4067; x_wconf 73' lang='lat' dir='ltr'><strong>allectus</strong></span> <span class='ocrx_word' id='word_1_409' title='bbox 1100 4011 1330 4079; x_wconf 81' lang='lat' dir='ltr'><strong>integer,</strong></span> <span class='ocrx_word' id='word_1_410' title='bbox 1386 4007 1517 4061; x_wconf 91' lang='lat' dir='ltr'><strong>mihi</strong></span> <span class='ocrx_word' id='word_1_411' title='bbox 1567 4004 1799 4069; x_wconf 90' lang='lat' dir='ltr'><strong>tantillo,</strong></span> 
     </span>
    </p>
   </div>
   <div class='ocr_carea' id='block_1_61' title="bbox 211 4095 1803 4178">
    <p class='ocr_par' dir='ltr' id='par_1_61' title="bbox 211 4095 1803 4178">
     <span class='ocr_line' id='line_1_61' title="bbox 211 4095 1803 4178; baseline -0.008 -16"><span class='ocrx_word' id='word_1_412' title='bbox 211 4108 581 4164; x_wconf 75' lang='lat' dir='ltr'><strong>accumulavit</strong></span> <span class='ocrx_word' id='word_1_413' title='bbox 619 4107 904 4178; x_wconf 89' lang='lat' dir='ltr'><strong>gaudium;</strong></span> <span class='ocrx_word' id='word_1_414' title='bbox 929 4104 1107 4173; x_wconf 88' lang='lat' dir='ltr'><strong>liquor</strong></span> <span class='ocrx_word' id='word_1_415' title='bbox 1153 4102 1450 4173; x_wconf 87' lang='lat' dir='ltr'><strong>pretiosus,</strong></span> <span class='ocrx_word' id='word_1_416' title='bbox 1484 4097 1637 4165; x_wconf 87' lang='lat' dir='ltr'><strong>cujus</strong></span> <span class='ocrx_word' id='word_1_417' title='bbox 1690 4095 1803 4150; x_wconf 87' lang='lat' dir='ltr'><strong>fere</strong></span> 
     </span>
    </p>
   </div>
   <div class='ocr_carea' id='block_1_62' title="bbox 216 4189 1804 4270">
    <p class='ocr_par' dir='ltr' id='par_1_62' title="bbox 216 4189 1804 4270">
     <span class='ocr_line' id='line_1_62' title="bbox 216 4189 1804 4270; baseline -0.008 -16"><span class='ocrx_word' id='word_1_418' title='bbox 216 4216 375 4255; x_wconf 85' lang='lat' dir='ltr'><strong>eram</strong></span> <span class='ocrx_word' id='word_1_419' title='bbox 405 4200 585 4270; x_wconf 90' lang='lat' dir='ltr'><strong>inops,</strong></span> <span class='ocrx_word' id='word_1_420' title='bbox 618 4198 819 4253; x_wconf 81' lang='lat' dir='ltr'><strong>vultum</strong></span> <span class='ocrx_word' id='word_1_421' title='bbox 849 4213 954 4252; x_wconf 93' lang='lat' dir='ltr'><strong>non</strong></span> <span class='ocrx_word' id='word_1_422' title='bbox 985 4195 1332 4250; x_wconf 86' lang='lat' dir='ltr'><strong>mediocriter</strong></span> <span class='ocrx_word' id='word_1_423' title='bbox 1362 4189 1683 4246; x_wconf 83' lang='lat' dir='ltr'><strong>exhilaravit</strong></span> <span class='ocrx_word' id='word_1_424' title='bbox 1715 4189 1804 4242; x_wconf 89' lang='lat' dir='ltr'><strong>da-</strong></span> 
     </span>
    </p>
   </div>
   <div class='ocr_carea' id='block_1_63' title="bbox 215 4282 1799 4359">
    <p class='ocr_par' dir='ltr' id='par_1_63' title="bbox 215 4282 1799 4359">
     <span class='ocr_line' id='line_1_63' title="bbox 215 4282 1799 4359; baseline -0.005 -16"><span class='ocrx_word' id='word_1_425' title='bbox 215 4302 324 4348; x_wconf 88' lang='lat' dir='ltr'><strong>tus.</strong></span> <span class='ocrx_word' id='word_1_426' title='bbox 350 4292 552 4347; x_wconf 84' lang='lat' dir='ltr'><strong>Audito</strong></span> <span class='ocrx_word' id='word_1_427' title='bbox 582 4292 794 4346; x_wconf 89' lang='lat' dir='ltr'><strong>tandem</strong></span> <span class='ocrx_word' id='word_1_428' title='bbox 835 4289 1075 4359; x_wconf 85' lang='lat' dir='ltr'><strong>epitheto</strong></span> <span class='ocrx_word' id='word_1_429' title='bbox 1117 4302 1222 4341; x_wconf 93' lang='lat' dir='ltr'><strong>non</strong></span> <span class='ocrx_word' id='word_1_430' title='bbox 1256 4300 1376 4345; x_wconf 80' lang='lat' dir='ltr'><strong>meo</strong></span> <span class='ocrx_word' id='word_1_431' title='bbox 1426 4282 1628 4337; x_wconf 90' lang='lat' dir='ltr'><strong>nomini</strong></span> <span class='ocrx_word' id='word_1_432' title='bbox 1668 4296 1799 4335; x_wconf 89' lang='lat' dir='ltr'><strong>con-</strong></span> 
     </span>
    </p>
   </div>
   <div class='ocr_carea' id='block_1_64' title="bbox 208 4370 1803 4455">
    <p class='ocr_par' dir='ltr' id='par_1_64' title="bbox 208 4370 1803 4455">
     <span class='ocr_line' id='line_1_64' title="bbox 208 4370 1803 4455; baseline -0.004 -20"><span class='ocrx_word' id='word_1_433' title='bbox 208 4401 372 4454; x_wconf 81' lang='lat' dir='ltr'><strong>gruo,</strong></span> <span class='ocrx_word' id='word_1_434' title='bbox 396 4385 541 4455; x_wconf 89' lang='lat' dir='ltr'><strong>quod</strong></span> <span class='ocrx_word' id='word_1_435' title='bbox 587 4392 767 4439; x_wconf 88' lang='lat' dir='ltr'><strong>vestra</strong></span> <span class='ocrx_word' id='word_1_436' title='bbox 798 4382 1039 4437; x_wconf 88' lang='lat' dir='ltr'><strong>charitas</strong></span> <span class='ocrx_word' id='word_1_437' title='bbox 1071 4379 1225 4445; x_wconf 86' lang='lat' dir='ltr'><strong>mihi,</strong></span> <span class='ocrx_word' id='word_1_438' title='bbox 1259 4370 1403 4431; x_wconf 85' lang='lat' dir='ltr'><strong>nulla</strong></span> <span class='ocrx_word' id='word_1_439' title='bbox 1454 4374 1803 4431; x_wconf 88' lang='lat' dir='ltr'><strong>commenda-</strong></span> 
     </span>
    </p>
   </div>
   <div class='ocr_carea' id='block_1_65' title="bbox 215 4467 1801 4543">
    <p class='ocr_par' dir='ltr' id='par_1_65' title="bbox 215 4467 1801 4543">
     <span class='ocr_line' id='line_1_65' title="bbox 215 4467 1801 4543; baseline -0.006 -13"><span class='ocrx_word' id='word_1_440' title='bbox 215 4479 365 4531; x_wconf 87' lang='lat' dir='ltr'><strong>tione</strong></span> <span class='ocrx_word' id='word_1_441' title='bbox 395 4488 612 4532; x_wconf 86' lang='lat' dir='ltr'><strong>actuum</strong></span> <span class='ocrx_word' id='word_1_442' title='bbox 665 4490 912 4530; x_wconf 88' lang='lat' dir='ltr'><strong>meorum</strong></span> <span class='ocrx_word' id='word_1_443' title='bbox 956 4472 1227 4543; x_wconf 91' lang='lat' dir='ltr'><strong>apposuit,</strong></span> <span class='ocrx_word' id='word_1_444' title='bbox 1258 4470 1395 4524; x_wconf 91' lang='lat' dir='ltr'><strong>ultra</strong></span> <span class='ocrx_word' id='word_1_445' title='bbox 1443 4484 1603 4539; x_wconf 90' lang='lat' dir='ltr'><strong>quam</strong></span> <span class='ocrx_word' id='word_1_446' title='bbox 1655 4467 1801 4523; x_wconf 90' lang='lat' dir='ltr'><strong>credi</strong></span> 
     </span>
    </p>
   </div>
   <div class='ocr_carea' id='block_1_66' title="bbox 211 4566 1041 4640">
    <p class='ocr_par' dir='ltr' id='par_1_66' title="bbox 211 4566 1041 4640">
     <span class='ocr_line' id='line_1_66' title="bbox 211 4566 1041 4640; baseline -0.005 -19"><span class='ocrx_word' id='word_1_447' title='bbox 211 4578 417 4640; x_wconf 77' lang='lat' dir='ltr'><strong>potest,</strong></span> <span class='ocrx_word' id='word_1_448' title='bbox 450 4570 692 4624; x_wconf 89' lang='lat' dir='ltr'><strong>animum</strong></span> <span class='ocrx_word' id='word_1_449' title='bbox 723 4566 1041 4621; x_wconf 62' lang='lat' dir='ltr'><strong>laetiﬁcavit.</strong></span> 
     </span>
    </p>
   </div>
   <div class='ocr_carea' id='block_1_67' title="bbox 283 4655 1799 4729">
    <p class='ocr_par' dir='ltr' id='par_1_67' title="bbox 283 4655 1799 4729">
     <span class='ocr_line' id='line_1_67' title="bbox 283 4655 1799 4729; baseline -0.008 -13"><span class='ocrx_word' id='word_1_450' title='bbox 283 4662 416 4717; x_wconf 90' lang='lat' dir='ltr'><strong>Inde</strong></span> <span class='ocrx_word' id='word_1_451' title='bbox 446 4662 656 4716; x_wconf 90' lang='lat' dir='ltr'><strong>centies</strong></span> <span class='ocrx_word' id='word_1_452' title='bbox 676 4660 829 4715; x_wconf 77' lang='lat' dir='ltr'><strong>flexis</strong></span> <span class='ocrx_word' id='word_1_453' title='bbox 851 4659 1076 4729; x_wconf 85' lang='lat' dir='ltr'><strong>genibus</strong></span> <span class='ocrx_word' id='word_1_454' title='bbox 1092 4671 1280 4710; x_wconf 83' lang='lat' dir='ltr'><strong>versus</strong></span> <span class='ocrx_word' id='word_1_455' title='bbox 1303 4655 1596 4716; x_wconf 74' lang='lat' dir='ltr'><strong>Veronam,</strong></span> <span class='ocrx_word' id='word_1_456' title='bbox 1619 4661 1799 4706; x_wconf 88' lang='lat' dir='ltr'><strong>vestra</strong></span> 
     </span>
    </p>
   </div>
   <div class='ocr_carea' id='block_1_68' title="bbox 213 4745 1799 4825">
    <p class='ocr_par' dir='ltr' id='par_1_68' title="bbox 213 4745 1799 4825">
     <span class='ocr_line' id='line_1_68' title="bbox 213 4745 1799 4825; baseline -0.006 -17"><span class='ocrx_word' id='word_1_457' title='bbox 213 4755 371 4825; x_wconf 83' lang='lat' dir='ltr'><strong>quasi</strong></span> <span class='ocrx_word' id='word_1_458' title='bbox 404 4752 653 4809; x_wconf 88' lang='lat' dir='ltr'><strong>lambens</strong></span> <span class='ocrx_word' id='word_1_459' title='bbox 675 4752 929 4822; x_wconf 87' lang='lat' dir='ltr'><strong>vestigia,</strong></span> <span class='ocrx_word' id='word_1_460' title='bbox 963 4749 1161 4804; x_wconf 87' lang='lat' dir='ltr'><strong>millies</strong></span> <span class='ocrx_word' id='word_1_461' title='bbox 1193 4747 1337 4802; x_wconf 77' lang='lat' dir='ltr'><strong>mille</strong></span> <span class='ocrx_word' id='word_1_462' title='bbox 1377 4746 1530 4801; x_wconf 80' lang='lat' dir='ltr'><strong>vobis</strong></span> <span class='ocrx_word' id='word_1_463' title='bbox 1562 4745 1799 4815; x_wconf 76' lang='lat' dir='ltr'><strong>rependo</strong></span> 
     </span>
    </p>
   </div>
   <div class='ocr_carea' id='block_1_69' title="bbox 213 4848 440 4918">
    <p class='ocr_par' dir='ltr' id='par_1_69' title="bbox 213 4848 440 4918">
     <span class='ocr_line' id='line_1_69' title="bbox 213 4848 440 4918; baseline -0.004 -18"><span class='ocrx_word' id='word_1_464' title='bbox 213 4848 440 4918; x_wconf 81' lang='lat' dir='ltr'><strong>gratias.</strong></span> 
     </span>
    </p>
   </div>
   <div class='ocr_carea' id='block_1_70' title="bbox 284 4928 1798 5008">
    <p class='ocr_par' dir='ltr' id='par_1_70' title="bbox 284 4928 1798 5008">
     <span class='ocr_line' id='line_1_70' title="bbox 284 4928 1798 5008; baseline -0.009 -14"><span class='ocrx_word' id='word_1_465' title='bbox 284 4939 452 5008; x_wconf 89' lang='lat' dir='ltr'><strong>Cujus</strong></span> <span class='ocrx_word' id='word_1_466' title='bbox 499 4951 629 4991; x_wconf 87' lang='lat' dir='ltr'><strong>vero</strong></span> <span class='ocrx_word' id='word_1_467' title='bbox 674 4936 912 4999; x_wconf 89' lang='lat' dir='ltr'><strong>virtutis,</strong></span> <span class='ocrx_word' id='word_1_468' title='bbox 946 4934 990 4989; x_wconf 91' lang='lat' dir='ltr'><strong>si</strong></span> <span class='ocrx_word' id='word_1_469' title='bbox 1031 4931 1174 5003; x_wconf 84' lang='lat' dir='ltr'><strong>quod</strong></span> <span class='ocrx_word' id='word_1_470' title='bbox 1224 4932 1276 4986; x_wconf 91' lang='lat' dir='ltr'><strong>in</strong></span> <span class='ocrx_word' id='word_1_471' title='bbox 1332 4945 1421 4985; x_wconf 87' lang='lat' dir='ltr'><strong>me</strong></span> <span class='ocrx_word' id='word_1_472' title='bbox 1468 4928 1798 4998; x_wconf 89' lang='lat' dir='ltr'><strong>apparuerit,</strong></span> 
     </span>
    </p>
   </div>
   <div class='ocr_carea' id='block_1_71' title="bbox 212 5023 1797 5100">
    <p class='ocr_par' dir='ltr' id='par_1_71' title="bbox 212 5023 1797 5100">
     <span class='ocr_line' id='line_1_71' title="bbox 212 5023 1797 5100; baseline -0.006 -19"><span class='ocrx_word' id='word_1_473' title='bbox 212 5032 305 5100; x_wconf 78' lang='lat' dir='ltr'><strong>qui</strong></span> <span class='ocrx_word' id='word_1_474' title='bbox 335 5031 482 5085; x_wconf 89' lang='lat' dir='ltr'><strong>nulla</strong></span> <span class='ocrx_word' id='word_1_475' title='bbox 515 5028 739 5083; x_wconf 89' lang='lat' dir='ltr'><strong>omnino</strong></span> <span class='ocrx_word' id='word_1_476' title='bbox 767 5026 1053 5097; x_wconf 68' lang='lat' dir='ltr'><strong>prmluceo,</strong></span> <span class='ocrx_word' id='word_1_477' title='bbox 1082 5023 1457 5086; x_wconf 87' lang='lat' dir='ltr'><strong>simulacrum,</strong></span> <span class='ocrx_word' id='word_1_478' title='bbox 1509 5036 1797 5090; x_wconf 87' lang='lat' dir='ltr'><strong>nusquam,</strong></span> 
     </span>
    </p>
   </div>
   <div class='ocr_carea' id='block_1_72' title="bbox 214 5104 1876 5194">
    <p class='ocr_par' dir='ltr' id='par_1_72' title="bbox 214 5104 1876 5194">
     <span class='ocr_line' id='line_1_72' title="bbox 214 5104 1876 5194; baseline -0.006 -19"><span class='ocrx_word' id='word_1_479' title='bbox 214 5125 257 5176; x_wconf 84' lang='lat' dir='ltr'><strong>si</strong></span> <span class='ocrx_word' id='word_1_480' title='bbox 301 5124 679 5194; x_wconf 79' lang='lat' dir='ltr'><strong>experimento</strong></span> <span class='ocrx_word' id='word_1_481' title='bbox 722 5121 931 5176; x_wconf 88' lang='lat' dir='ltr'><strong>discere</strong></span> <span class='ocrx_word' id='word_1_482' title='bbox 979 5117 1131 5173; x_wconf 86' lang='lat' dir='ltr'><strong>cordi</strong></span> <span class='ocrx_word' id='word_1_483' title='bbox 1186 5124 1305 5180; x_wconf 82' lang='lat' dir='ltr'><strong>est,</strong></span> <span class='ocrx_word' id='word_1_484' title='bbox 1350 5128 1379 5166; x_wconf 89' lang='lat' dir='ltr'><strong>a</strong></span> <span class='ocrx_word' id='word_1_485' title='bbox 1412 5113 1567 5169; x_wconf 83' lang='lat' dir='ltr'><strong>vobis</strong></span> <span class='ocrx_word' id='word_1_486' title='bbox 1620 5113 1800 5167; x_wconf 87' lang='lat' dir='ltr'><strong>aberit</strong></span> <span class='ocrx_word' id='word_1_487' title='bbox 1826 5104 1876 5165; x_wconf 91' lang='lat' dir='ltr'><strong>D</strong></span> 
     </span>
    </p>
   </div>
   <div class='ocr_carea' id='block_1_73' title="bbox 1904 3829 2144 3875">
    <p class='ocr_par' dir='ltr' id='par_1_73' title="bbox 1904 3829 2144 3875">
     <span class='ocr_line' id='line_1_73' title="bbox 1904 3829 2144 3875; baseline -0.004 0"><span class='ocrx_word' id='word_1_488' title='bbox 1904 3829 2144 3875; x_wconf 73' lang='grc' dir='ltr'><strong>εειηρῑοε.</strong></span> 
     </span>
    </p>
   </div>
   <div class='ocr_carea' id='block_1_74' title="bbox 1975 3907 3476 3981">
    <p class='ocr_par' dir='ltr' id='par_1_74' title="bbox 1975 3907 3476 3981">
     <span class='ocr_line' id='line_1_74' title="bbox 1975 3907 3476 3981; baseline 0.002 -18"><span class='ocrx_word' id='word_1_489' title='bbox 1975 3908 2090 3963; x_wconf 86' lang='lat' dir='ltr'><strong>Non</strong></span> <span class='ocrx_word' id='word_1_490' title='bbox 2117 3907 2277 3963; x_wconf 89' lang='lat' dir='ltr'><strong>modo</strong></span> <span class='ocrx_word' id='word_1_491' title='bbox 2299 3925 2407 3964; x_wconf 86' lang='lat' dir='ltr'><strong>non</strong></span> <span class='ocrx_word' id='word_1_492' title='bbox 2433 3909 2680 3981; x_wconf 89' lang='lat' dir='ltr'><strong>rapuisti,</strong></span> <span class='ocrx_word' id='word_1_493' title='bbox 2712 3911 2803 3967; x_wconf 90' lang='lat' dir='ltr'><strong>sed</strong></span> <span class='ocrx_word' id='word_1_494' title='bbox 2836 3926 2937 3967; x_wconf 90' lang='lat' dir='ltr'><strong>nec</strong></span> <span class='ocrx_word' id='word_1_495' title='bbox 2963 3910 3181 3981; x_wconf 88' lang='lat' dir='ltr'><strong>quidem</strong></span> <span class='ocrx_word' id='word_1_496' title='bbox 3216 3912 3476 3981; x_wconf 85' lang='lat' dir='ltr'><strong>appetisti</strong></span> 
     </span>
    </p>
   </div>
   <div class='ocr_carea' id='block_1_75' title="bbox 1903 4001 3484 4075">
    <p class='ocr_par' dir='ltr' id='par_1_75' title="bbox 1903 4001 3484 4075">
     <span class='ocr_line' id='line_1_75' title="bbox 1903 4001 3484 4075; baseline 0.001 -19"><span class='ocrx_word' id='word_1_497' title='bbox 1903 4003 2098 4069; x_wconf 85' lang='lat' dir='ltr'><strong>aliena,</strong></span> <span class='ocrx_word' id='word_1_498' title='bbox 2128 4001 2354 4073; x_wconf 79' lang='lat' dir='ltr'><strong>largitus</strong></span> <span class='ocrx_word' id='word_1_499' title='bbox 2377 4018 2436 4057; x_wconf 89' lang='lat' dir='ltr'><strong>es</strong></span> <span class='ocrx_word' id='word_1_500' title='bbox 2462 4003 2697 4075; x_wconf 88' lang='lat' dir='ltr'><strong>propria,</strong></span> <span class='ocrx_word' id='word_1_501' title='bbox 2737 4004 2968 4062; x_wconf 89' lang='lat' dir='ltr'><strong>aliorum</strong></span> <span class='ocrx_word' id='word_1_502' title='bbox 3024 4003 3318 4058; x_wconf 89' lang='lat' dir='ltr'><strong>condolens</strong></span> <span class='ocrx_word' id='word_1_503' title='bbox 3383 4006 3484 4058; x_wconf 85' lang='lat' dir='ltr'><strong>mi-</strong></span> 
     </span>
    </p>
   </div>
   <div class='ocr_carea' id='block_1_76' title="bbox 1903 4095 3479 4162">
    <p class='ocr_par' dir='ltr' id='par_1_76' title="bbox 1903 4095 3479 4162">
     <span class='ocr_line' id='line_1_76' title="bbox 1903 4095 3479 4162; baseline 0 -12"><span class='ocrx_word' id='word_1_504' title='bbox 1903 4096 2081 4161; x_wconf 89' lang='lat' dir='ltr'><strong>seriis,</strong></span> <span class='ocrx_word' id='word_1_505' title='bbox 2136 4112 2242 4150; x_wconf 83' lang='lat' dir='ltr'><strong>non</strong></span> <span class='ocrx_word' id='word_1_506' title='bbox 2278 4095 2630 4152; x_wconf 85' lang='lat' dir='ltr'><strong>felicitatibus</strong></span> <span class='ocrx_word' id='word_1_507' title='bbox 2672 4097 2919 4151; x_wconf 85' lang='lat' dir='ltr'><strong>invidens</strong></span> <span class='ocrx_word' id='word_1_508' title='bbox 2971 4095 3183 4162; x_wconf 85' lang='lat' dir='ltr'><strong>alienis,</strong></span> <span class='ocrx_word' id='word_1_509' title='bbox 3238 4095 3479 4150; x_wconf 75' lang='lat' dir='ltr'><strong>omnibus</strong></span> 
     </span>
    </p>
   </div>
   <div class='ocr_carea' id='block_1_77' title="bbox 1902 4184 3477 4251">
    <p class='ocr_par' dir='ltr' id='par_1_77' title="bbox 1902 4184 3477 4251">
     <span class='ocr_line' id='line_1_77' title="bbox 1902 4184 3477 4251; baseline 0.001 -13"><span class='ocrx_word' id='word_1_510' title='bbox 1902 4185 2086 4239; x_wconf 88' lang='lat' dir='ltr'><strong>omnia</strong></span> <span class='ocrx_word' id='word_1_511' title='bbox 2118 4185 2315 4251; x_wconf 88' lang='lat' dir='ltr'><strong>factus,</strong></span> <span class='ocrx_word' id='word_1_512' title='bbox 2347 4196 2404 4242; x_wconf 92' lang='lat' dir='ltr'><strong>ut</strong></span> <span class='ocrx_word' id='word_1_513' title='bbox 2434 4202 2624 4242; x_wconf 87' lang='lat' dir='ltr'><strong>onmes</strong></span> <span class='ocrx_word' id='word_1_514' title='bbox 2668 4186 3037 4242; x_wconf 80' lang='lat' dir='ltr'><strong>lucrifaceres.</strong></span> <span class='ocrx_word' id='word_1_515' title='bbox 3084 4184 3276 4240; x_wconf 78' lang='lat' dir='ltr'><strong>Nativa</strong></span> <span class='ocrx_word' id='word_1_516' title='bbox 3326 4186 3477 4239; x_wconf 84' lang='lat' dir='ltr'><strong>vobis</strong></span> 
     </span>
    </p>
   </div>
   <div class='ocr_carea' id='block_1_78' title="bbox 1902 4276 3473 4348">
    <p class='ocr_par' dir='ltr' id='par_1_78' title="bbox 1902 4276 3473 4348">
     <span class='ocr_line' id='line_1_78' title="bbox 1902 4276 3473 4348; baseline 0 -17"><span class='ocrx_word' id='word_1_517' title='bbox 1902 4276 2128 4347; x_wconf 80' lang='lat' dir='ltr'><strong>supplex</strong></span> <span class='ocrx_word' id='word_1_518' title='bbox 2151 4278 2320 4332; x_wconf 91' lang='lat' dir='ltr'><strong>tendit</strong></span> <span class='ocrx_word' id='word_1_519' title='bbox 2343 4293 2534 4334; x_wconf 88' lang='lat' dir='ltr'><strong>manus</strong></span> <span class='ocrx_word' id='word_1_520' title='bbox 2555 4278 2751 4348; x_wconf 86' lang='lat' dir='ltr'><strong>patria,</strong></span> <span class='ocrx_word' id='word_1_521' title='bbox 2785 4288 2837 4332; x_wconf 83' lang='lat' dir='ltr'><strong>et</strong></span> <span class='ocrx_word' id='word_1_522' title='bbox 2895 4287 2953 4334; x_wconf 92' lang='lat' dir='ltr'><strong>ut</strong></span> <span class='ocrx_word' id='word_1_523' title='bbox 2982 4277 3216 4333; x_wconf 87' lang='lat' dir='ltr'><strong>redeatis</strong></span> <span class='ocrx_word' id='word_1_524' title='bbox 3260 4277 3473 4331; x_wconf 87' lang='lat' dir='ltr'><strong>invitat.</strong></span> 
     </span>
    </p>
   </div>
   <div class='ocr_carea' id='block_1_79' title="bbox 1903 4367 3480 4440">
    <p class='ocr_par' dir='ltr' id='par_1_79' title="bbox 1903 4367 3480 4440">
     <span class='ocr_line' id='line_1_79' title="bbox 1903 4367 3480 4440; baseline 0 -17"><span class='ocrx_word' id='word_1_525' title='bbox 1903 4367 2129 4433; x_wconf 88' lang='lat' dir='ltr'><strong>Omnes,</strong></span> <span class='ocrx_word' id='word_1_526' title='bbox 2167 4378 2435 4440; x_wconf 87' lang='lat' dir='ltr'><strong>quotquot</strong></span> <span class='ocrx_word' id='word_1_527' title='bbox 2465 4379 2590 4425; x_wconf 89' lang='lat' dir='ltr'><strong>sunt</strong></span> <span class='ocrx_word' id='word_1_528' title='bbox 2613 4370 2896 4439; x_wconf 90' lang='lat' dir='ltr'><strong>utriusque</strong></span> <span class='ocrx_word' id='word_1_529' title='bbox 2917 4369 3149 4435; x_wconf 91' lang='lat' dir='ltr'><strong>ordinis,</strong></span> <span class='ocrx_word' id='word_1_530' title='bbox 3192 4367 3480 4434; x_wconf 85' lang='lat' dir='ltr'><strong>clericalis,</strong></span> 
     </span>
    </p>
   </div>
   <div class='ocr_carea' id='block_1_80' title="bbox 1904 4457 3483 4529">
    <p class='ocr_par' dir='ltr' id='par_1_80' title="bbox 1904 4457 3483 4529">
     <span class='ocr_line' id='line_1_80' title="bbox 1904 4457 3483 4529; baseline 0 -16"><span class='ocrx_word' id='word_1_531' title='bbox 1904 4473 2004 4513; x_wconf 83' lang='lat' dir='ltr'><strong>seu</strong></span> <span class='ocrx_word' id='word_1_532' title='bbox 2036 4457 2308 4523; x_wconf 87' lang='lat' dir='ltr'><strong>militaris,</strong></span> <span class='ocrx_word' id='word_1_533' title='bbox 2338 4467 2540 4524; x_wconf 79' lang='lat' dir='ltr'><strong>incute,</strong></span> <span class='ocrx_word' id='word_1_534' title='bbox 2573 4458 2870 4522; x_wconf 88' lang='lat' dir='ltr'><strong>voluntate,</strong></span> <span class='ocrx_word' id='word_1_535' title='bbox 2897 4458 3092 4521; x_wconf 90' lang='lat' dir='ltr'><strong>studio,</strong></span> <span class='ocrx_word' id='word_1_536' title='bbox 3128 4467 3305 4529; x_wconf 89' lang='lat' dir='ltr'><strong>gestu,</strong></span> <span class='ocrx_word' id='word_1_537' title='bbox 3330 4472 3483 4523; x_wconf 87' lang='lat' dir='ltr'><strong>voce,</strong></span> 
     </span>
    </p>
   </div>
   <div class='ocr_carea' id='block_1_81' title="bbox 1901 4549 3487 4617">
    <p class='ocr_par' dir='ltr' id='par_1_81' title="bbox 1901 4549 3487 4617">
     <span class='ocr_line' id='line_1_81' title="bbox 1901 4549 3487 4617; baseline -0.001 -13"><span class='ocrx_word' id='word_1_538' title='bbox 1901 4560 1962 4605; x_wconf 93' lang='lat' dir='ltr'><strong>ut</strong></span> <span class='ocrx_word' id='word_1_539' title='bbox 1993 4550 2247 4613; x_wconf 89' lang='lat' dir='ltr'><strong>veniatis,</strong></span> <span class='ocrx_word' id='word_1_540' title='bbox 2274 4549 2538 4617; x_wconf 88' lang='lat' dir='ltr'><strong>clamant;</strong></span> <span class='ocrx_word' id='word_1_541' title='bbox 2564 4566 2659 4606; x_wconf 91' lang='lat' dir='ltr'><strong>vos</strong></span> <span class='ocrx_word' id='word_1_542' title='bbox 2681 4550 2865 4605; x_wconf 89' lang='lat' dir='ltr'><strong>videre</strong></span> <span class='ocrx_word' id='word_1_543' title='bbox 2888 4550 3225 4615; x_wconf 87' lang='lat' dir='ltr'><strong>desiderant;</strong></span> <span class='ocrx_word' id='word_1_544' title='bbox 3262 4549 3487 4607; x_wconf 81' lang='lat' dir='ltr'><strong>servitio</strong></span> 
     </span>
    </p>
   </div>
   <div class='ocr_carea' id='block_1_82' title="bbox 1900 4642 3492 4721">
    <p class='ocr_par' dir='ltr' id='par_1_82' title="bbox 1900 4642 3492 4721">
     <span class='ocr_line' id='line_1_82' title="bbox 1900 4642 3492 4721; baseline -0.001 -25"><span class='ocrx_word' id='word_1_545' title='bbox 1900 4642 2054 4697; x_wconf 90' lang='lat' dir='ltr'><strong>vobis</strong></span> <span class='ocrx_word' id='word_1_546' title='bbox 2105 4643 2618 4721; x_wconf 29' lang='lat' dir='ltr'><strong>impendendotnec</strong></span> <span class='ocrx_word' id='word_1_547' title='bbox 2668 4657 2977 4706; x_wconf 88' lang='lat' dir='ltr'><strong>numerum,</strong></span> <span class='ocrx_word' id='word_1_548' title='bbox 3035 4653 3212 4708; x_wconf 89' lang='lat' dir='ltr'><strong>neque</strong></span> <span class='ocrx_word' id='word_1_549' title='bbox 3264 4642 3492 4695; x_wconf 73' lang='lat' dir='ltr'><strong>modum.</strong></span> 
     </span>
    </p>
   </div>
   <div class='ocr_carea' id='block_1_83' title="bbox 1902 4732 3495 4806">
    <p class='ocr_par' dir='ltr' id='par_1_83' title="bbox 1902 4732 3495 4806">
     <span class='ocr_line' id='line_1_83' title="bbox 1902 4732 3495 4806; baseline -0.004 -17"><span class='ocrx_word' id='word_1_550' title='bbox 1902 4734 2229 4806; x_wconf 72' lang='lat' dir='ltr'><strong>prmligimus</strong></span> <span class='ocrx_word' id='word_1_551' title='bbox 2287 4735 2475 4788; x_wconf 89' lang='lat' dir='ltr'><strong>ullum.</strong></span> <span class='ocrx_word' id='word_1_552' title='bbox 2515 4732 2707 4788; x_wconf 87' lang='lat' dir='ltr'><strong>Omnia</strong></span> <span class='ocrx_word' id='word_1_553' title='bbox 2755 4743 2939 4789; x_wconf 88' lang='lat' dir='ltr'><strong>nostra</strong></span> <span class='ocrx_word' id='word_1_554' title='bbox 3004 4742 3163 4788; x_wconf 86' lang='lat' dir='ltr'><strong>erunt</strong></span> <span class='ocrx_word' id='word_1_555' title='bbox 3212 4733 3265 4785; x_wconf 86' lang='lat' dir='ltr'><strong>in</strong></span> <span class='ocrx_word' id='word_1_556' title='bbox 3313 4745 3495 4783; x_wconf 86' lang='lat' dir='ltr'><strong>manu.</strong></span> 
     </span>
    </p>
   </div>
   <div class='ocr_carea' id='block_1_84' title="bbox 1900 4821 3486 4894">
    <p class='ocr_par' dir='ltr' id='par_1_84' title="bbox 1900 4821 3486 4894">
     <span class='ocr_line' id='line_1_84' title="bbox 1900 4821 3486 4894; baseline -0.003 -13"><span class='ocrx_word' id='word_1_557' title='bbox 1900 4836 2105 4892; x_wconf 80' lang='lat' dir='ltr'><strong>vestra,</strong></span> <span class='ocrx_word' id='word_1_558' title='bbox 2139 4826 2434 4880; x_wconf 88' lang='lat' dir='ltr'><strong>secundum</strong></span> <span class='ocrx_word' id='word_1_559' title='bbox 2488 4826 2631 4894; x_wconf 88' lang='lat' dir='ltr'><strong>quod</strong></span> <span class='ocrx_word' id='word_1_560' title='bbox 2679 4824 2864 4879; x_wconf 90' lang='lat' dir='ltr'><strong>animo</strong></span> <span class='ocrx_word' id='word_1_561' title='bbox 2896 4834 3079 4880; x_wconf 85' lang='lat' dir='ltr'><strong>vestro</strong></span> <span class='ocrx_word' id='word_1_562' title='bbox 3130 4821 3420 4886; x_wconf 87' lang='lat' dir='ltr'><strong>insederit,</strong></span> <span class='ocrx_word' id='word_1_563' title='bbox 3451 4838 3486 4876; x_wconf 88' lang='lat'><strong>0</strong></span> 
     </span>
    </p>
   </div>
   <div class='ocr_carea' id='block_1_85' title="bbox 1901 4913 3492 4987">
    <p class='ocr_par' dir='ltr' id='par_1_85' title="bbox 1901 4913 3492 4987">
     <span class='ocr_line' id='line_1_85' title="bbox 1901 4913 3492 4987; baseline -0.003 -15"><span class='ocrx_word' id='word_1_564' title='bbox 1901 4917 2095 4972; x_wconf 87' lang='lat' dir='ltr'><strong>dilecte</strong></span> <span class='ocrx_word' id='word_1_565' title='bbox 2129 4917 2372 4971; x_wconf 82' lang='lat' dir='ltr'><strong>Ratheri.</strong></span> <span class='ocrx_word' id='word_1_566' title='bbox 2403 4916 2609 4973; x_wconf 89' lang='lat' dir='ltr'><strong>Cuncta</strong></span> <span class='ocrx_word' id='word_1_567' title='bbox 2634 4913 3257 4987; x_wconf 74' lang='lat' dir='ltr'><strong>prmvidete,dispenite,</strong></span> <span class='ocrx_word' id='word_1_568' title='bbox 3281 4914 3492 4968; x_wconf 59' lang='lat' dir='ltr'><strong>constio.</strong></span> 
     </span>
    </p>
   </div>
   <div class='ocr_carea' id='block_1_86' title="bbox 1904 4999 3486 5075">
    <p class='ocr_par' dir='ltr' id='par_1_86' title="bbox 1904 4999 3486 5075">
     <span class='ocr_line' id='line_1_86' title="bbox 1904 4999 3486 5075; baseline -0.002 -15"><span class='ocrx_word' id='word_1_569' title='bbox 1904 5007 2059 5071; x_wconf 87' lang='lat' dir='ltr'><strong>tuite,</strong></span> <span class='ocrx_word' id='word_1_570' title='bbox 2087 5015 2221 5060; x_wconf 89' lang='lat' dir='ltr'><strong>etut</strong></span> <span class='ocrx_word' id='word_1_571' title='bbox 2258 5006 2503 5070; x_wconf 88' lang='lat' dir='ltr'><strong>libuerit,</strong></span> <span class='ocrx_word' id='word_1_572' title='bbox 2528 5006 2581 5059; x_wconf 93' lang='lat' dir='ltr'><strong>in</strong></span> <span class='ocrx_word' id='word_1_573' title='bbox 2619 5006 2874 5060; x_wconf 89' lang='lat' dir='ltr'><strong>omnibus</strong></span> <span class='ocrx_word' id='word_1_574' title='bbox 2920 5004 3082 5075; x_wconf 81' lang='lat' dir='ltr'><strong>agite.</strong></span> <span class='ocrx_word' id='word_1_575' title='bbox 3128 4999 3241 5055; x_wconf 85' lang='lat' dir='ltr'><strong>Sub</strong></span> <span class='ocrx_word' id='word_1_576' title='bbox 3297 5011 3486 5057; x_wconf 87' lang='lat' dir='ltr'><strong>vestro</strong></span> 
     </span>
    </p>
   </div>
   <div class='ocr_carea' id='block_1_87' title="bbox 1904 5091 3484 5168">
    <p class='ocr_par' dir='ltr' id='par_1_87' title="bbox 1904 5091 3484 5168">
     <span class='ocr_line' id='line_1_87' title="bbox 1904 5091 3484 5168; baseline -0.001 -18"><span class='ocrx_word' id='word_1_577' title='bbox 1904 5096 2093 5168; x_wconf 89' lang='lat' dir='ltr'><strong>pollice</strong></span> <span class='ocrx_word' id='word_1_578' title='bbox 2128 5096 2285 5151; x_wconf 87' lang='lat' dir='ltr'><strong>docto</strong></span> <span class='ocrx_word' id='word_1_579' title='bbox 2315 5107 2368 5151; x_wconf 88' lang='lat' dir='ltr'><strong>et</strong></span> <span class='ocrx_word' id='word_1_580' title='bbox 2398 5096 2630 5163; x_wconf 81' lang='lat' dir='ltr'><strong>artifice,</strong></span> <span class='ocrx_word' id='word_1_581' title='bbox 2667 5111 2889 5153; x_wconf 89' lang='lat' dir='ltr'><strong>manum</strong></span> <span class='ocrx_word' id='word_1_582' title='bbox 2918 5092 3101 5149; x_wconf 66' lang='lat' dir='ltr'><strong>ferulae</strong></span> <span class='ocrx_word' id='word_1_583' title='bbox 3131 5105 3236 5144; x_wconf 91' lang='lat' dir='ltr'><strong>non</strong></span> <span class='ocrx_word' id='word_1_584' title='bbox 3278 5091 3484 5149; x_wconf 86' lang='lat' dir='ltr'><strong>erube-</strong></span> 
     </span>
    </p>
   </div>
   <div class='ocr_carea' id='block_1_88' title="bbox 1907 5179 3503 5232">
    <p class='ocr_par' dir='ltr' id='par_1_88' title="bbox 1907 5179 3503 5232">
     <span class='ocr_line' id='line_1_88' title="bbox 1907 5179 3503 5232; baseline 0 0"><span class='ocrx_word' id='word_1_585' title='bbox 1907 5202 2056 5232; x_wconf 69' lang='lat' dir='ltr'><strong>scam</strong></span> <span class='ocrx_word' id='word_1_586' title='bbox 2094 5187 2399 5232; x_wconf 64' lang='lat' dir='ltr'><strong>Sttlnltteere</strong></span> <span class='ocrx_word' id='word_1_587' title='bbox 2461 5185 2572 5232; x_wconf 60' lang='lat' dir='ltr'><strong>Vn:</strong></span> <span class='ocrx_word' id='word_1_588' title='bbox 2603 5187 2803 5232; x_wconf 64' lang='lat' dir='ltr'><strong>tralata:</strong></span> <span class='ocrx_word' id='word_1_589' title='bbox 2840 5201 2938 5232; x_wconf 69' lang='lat' dir='ltr'><strong>vos</strong></span> <span class='ocrx_word' id='word_1_590' title='bbox 2962 5179 3218 5232; x_wconf 76' lang='lat' dir='ltr'><strong>plaudite.</strong></span> <span class='ocrx_word' id='word_1_591' title='bbox 3241 5187 3296 5231; x_wconf 90' lang='lat' dir='ltr'><strong>et</strong></span> <span class='ocrx_word' id='word_1_592' title='bbox 3319 5184 3503 5232; x_wconf 71' lang='lat' dir='ltr'><strong>eratin</strong></span> 
     </span>
    </p>
   </div>
  </div>
