3972 5428
585 256 614 339 ς

628 284 648 338 Ξ

659 287 688 339 7

1139 284 1407 342 ERACLII
1459 286 1671 344 EPlSC.
1725 266 2131 349 LEGDlENSlS
2174 234 2470 337 RELA'l'IO
2501 264 2855 340 MIRACULI.
2893 282 2949 339 S.
2992 279 3273 341 MARTIN.

3718 264 3821 341 eis

584 420 2344 444 mm.-

1205 528 1723 622 RELATIO
1816 530 2395 623 MIRACULI
2472 534 2564 624 s.
2643 524 3207 625 MAR’l‘lNI.

723 718 1016 780 Eraclius
1049 736 1239 780 manu
1283 720 1534 799 propria
1562 719 1869 783 describit
1902 737 2087 812 suam
2131 720 2580 784 miraeulosam
2617 723 3022 789 sanationem
3055 724 3223 787 sicut
3253 728 3316 786 et
3345 736 3702 787 secunoam

1970 816 2310 865 νιειοηεῐῐι.

645 1094 702 1150 lu
740 1095 959 1149 nomine
995 1104 1195 1150 sanctze
1228 1102 1284 1150 et
1330 1095 1618 1168 individua:
1660 1093 1966 1152 Trinitatis.

646 1186 802 1241 Anno
829 1186 1065 1241 secundo
1092 1194 1211 1257 post
1245 1186 1474 1241 reditum
1502 1188 1639 1249 beati
1677 1187 1888 1243 Martini
1917 1192 1987 1246 ab
2009 1191 2156 1247 exsi-

570 1277 667 1345 lio,
718 1278 984 1343 videlicet,
1035 1295 1063 1332 a
1112 1279 1330 1334 civitate
1382 1279 1773 1347 Autissiodoro,
1820 1285 2156 1352 providentia

577 1370 694 1435 Dei,
731 1381 785 1425 et
817 1371 1019 1425 auxilio
1045 1370 1325 1441 lngclgerii
1365 1371 1701 1437 Castineusis
1725 1374 1943 1429 comitis
1973 1376 2155 1448 llugo-

572 1464 657 1519 nis
685 1464 864 1535 inclyti
896 1464 1215 1535 Burgundize
1246 1464 1399 1519 ducis
1424 1465 1831 1534 consanguinei,
1860 1484 1989 1521 cura
2015 1449 2156 1538 per-

570 1557 760 1626 vigili,
814 1556 946 1611 mira
990 1556 1394 1622 sollicitudine,
1446 1566 1503 1610 et
1548 1566 1882 1611 armatorum
1935 1558 2155 1628 copiosa

570 1648 936 1711 multitudine,
971 1649 1159 1717 inquo
1186 1648 1341 1716 prius
1378 1646 2155 1713 venerabatur.loco,honori-

570 1738 671 1793 tice
710 1748 763 1793 et
789 1738 1046 1792 decenter
1069 1736 1325 1804 relocati;
1365 1752 1465 1808 ego
1501 1736 1746 1793 Eraclius
1773 1738 1866 1793 Dei
1896 1739 2153 1807 patientia

567 1829 886 1885 Leodiensis
912 1830 1168 1886 Ecclesiae
1209 1830 1428 1884 humilis
1467 1830 1756 1899 episcopus
1776 1871 1792 1897 ,
1823 1831 2021 1885 auditis
2048 1831 2153 1885 mi-

569 1923 873 1978 raculorum
910 1924 1225 1989 virtutibus,
1255 1939 1377 1993 qua:
1408 1938 1503 1993 per
1525 1924 1619 1978 Dei
1661 1926 1892 1995 gratiam
1927 1934 1982 1979 et
2007 1924 2153 1979 beati

566 2015 787 2069 Martini
825 2016 1459 2082 meritum,iueessanter
1481 2016 1550 2070 ibi
1589 2015 1813 2081 fiebant,
1849 2015 2036 2072 morbo
2058 2016 2151 2086 qui

568 2103 727 2173 lupus
766 2105 987 2169 dicitur,
1020 2106 1259 2176 graviter
1288 2105 1528 2169 attritus,
1576 2114 1630 2160 et
1662 2105 1773 2160 fere
1815 2105 1883 2159 ad
1923 2118 2150 2160 mortem

565 2196 849 2259 deductus,
896 2197 996 2250 sub
1036 2211 1130 2265 spe
1176 2195 1564 2264 recuperanda:
1607 2196 1857 2253 sanitatis
1893 2195 2151 2251 astrictus

566 2299 712 2355 volo.
737 2305 859 2347 cum
886 2291 1102 2347 clericis
1133 2298 1188 2345 et
1221 2289 1504 2356 militibus,
1529 2290 1803 2345 Turonum
1825 2294 2153 2360 quantocius

564 2383 689 2438 veni
721 2382 969 2439 devotus.

633 2471 879 2542 Cumque
911 2473 965 2527 in
990 2471 1217 2529 ecclesia
1244 2472 1619 2543 gloriosissimi
1648 2472 1979 2528 confessoris
2007 2488 2148 2543 prae-

562 2562 717 2623 dicti,
761 2562 848 2618 die
895 2570 1165 2632 noctuque
1207 2577 1329 2630 cum
1376 2561 1638 2620 effusione
1688 2563 2049 2633 lacrymarum
2093 2571 2149 2618 et

565 2652 887 2719 gemitibus,
926 2652 1143 2721 vigiliis,
1191 2651 1438 2722 jejuniis,
1482 2653 1819 2708 orationibus
1862 2654 2145 2719 instarem,

567 2742 771 2813 Deique
805 2743 1236 2799 misericordiam
1278 2753 1332 2800 et
1372 2737 1550 2813 ipsius
1595 2742 1910 2815 suffragium
1952 2759 2149 2800 exora-

565 2851 705 2900 rem,
748 2846 908 2891 nocte
948 2836 1209 2907 septima,
1244 2835 1437 2890 beatus
1484 2833 1750 2889 Martinus
1789 2850 1911 2889 cum
1955 2845 2148 2891 sancto

560 2926 790 2991 Brictio,
822 2927 952 2980 milii
978 2942 1089 2996 prae
1116 2924 1433 2980 lassitudine
1455 2926 1610 2994 quasi
1638 2925 1693 2980 iu
1723 2926 1925 2980 exstasi
1949 2927 2140 2996 posito,

562 3018 815 3088 apparuit
834 3057 853 3081 ,
903 3032 1070 3087 seque
1115 3016 1364 3087 sequenti
1394 3019 1472 3071 sic
1500 3017 1612 3073 ait:
1649 3035 1668 3069 ι
1698 3017 1890 3071 Frater
1935 3017 2101 3072 Bricti
2128 3058 2143 3082 ,

562 3109 691 3179 quid
745 3110 838 3163 tibi
880 3110 1092 3164 videtur
1132 3109 1199 3164 de
1246 3109 1416 3164 fratre
1463 3116 1649 3164 nostro
1696 3108 1980 3163 Leodicnsi
2029 3109 2145 3179 epi-

561 3214 749 3269 scopo,
791 3200 887 3268 qui
922 3200 988 3255 de
1032 3201 1257 3255 remotis
1291 3201 1397 3254 huc
1442 3198 1588 3253 venit
1633 3199 1904 3267 partibus,
1942 3199 2143 3270 Deique

562 3293 849 3357 auxilium,
893 3301 949 3346 et
980 3302 1225 3347 nostrum
1267 3301 1372 3346 tam
1411 3294 1602 3346 devote
1649 3292 1914 3360 requirit?
1945 3311 1963 3343 ι
2000 3291 2139 3345 San-

470 3406 504 3438 x
561 3395 682 3440 ctus
705 3382 941 3439 Brictius
977 3383 1080 3438 sibi
1117 3384 1358 3452 loquenti
1391 3383 1469 3437 sic
1499 3383 1811 3453 respondit:
1846 3401 1859 3433 ι
1892 3381 2141 3437 Ριίεεὶηιθ

561 3480 800 3546 domine,
841 3480 889 3533 si
908 3480 1085 3549 placet
1116 3478 1226 3533 Deo
1257 3488 1311 3534 et
1341 3486 1444 3533 tute
1474 3477 1795 3547 benignitati
1825 3477 2024 3532 bonum
2052 3485 2141 3532 est

561 3581 624 3626 ut
668 3582 910 3634 curetur,
954 3586 1075 3627 cum
1129 3571 1199 3626 sit
1248 3570 1430 3625 multa:
1484 3568 1811 3632 sanctitatis,
1862 3577 1917 3621 et
1966 3566 2136 3621 nostri

559 3667 792 3731 ordinis,
831 3666 989 3736 cujus
1032 3665 1138 3720 vita
1181 3664 1427 3718 ordinem
1469 3677 1575 3716 non
1606 3662 1875 3730 deturpat.
1911 3680 1929 3713 ι
1964 3660 2133 3721 Illico,

2179 1084 2231 1144 Α
2326 1098 2481 1152 Mane
2530 1098 2703 1164 facto,
2747 1099 2998 1155 canonici
3040 1099 3425 1157 convenientes
3468 1103 3521 1157 in
3568 1101 3814 1173 capitulo.

2259 1205 2347 1245 me
2394 1190 2445 1244 in
2491 1190 2713 1245 fratrem
2746 1200 2803 1246 et
2839 1191 3160 1246 canonicum
3211 1202 3536 1261 receperunt
3591 1191 3820 1246 unanimi

2257 1281 2536 1335 voluntate
2586 1290 2643 1336 et
2691 1279 2981 1337 desiderio.
3035 1280 3245 1351 Magne
3272 1282 3461 1337 missas
3497 1284 3629 1337 hora
3672 1282 3822 1337 adre-

2256 1370 2462 1433 niente.
2491 1371 2789 1426 secundum
2821 1382 3150 1442 praeceptum
3194 1373 3338 1428 beati
3383 1372 3621 1437 Martini,
3655 1373 3822 1427 divina

2257 1460 2560 1529 celebravi;
2608 1463 2821 1518 collatis
2857 1463 3101 1519 ecclesia:
3145 1464 3384 1519 donariis
3419 1463 3824 1535 quamplurimis

2256 1565 2312 1608 et
2350 1553 2629 1620 fratribus,
2661 1555 2728 1609 ad
2769 1556 2986 1625 propria
3019 1555 3259 1626 gaudens
3293 1563 3348 1609 et
3376 1570 3545 1610 sanus
3579 1555 3821 1609 remeavi.

2325 1644 2703 1711 Posttnodum,
2738 1645 3064 1715 procedente
3101 1663 3268 1717 parvo
3296 1658 3564 1717 tempore,
3598 1662 3706 1704 non
3737 1646 3822 1700 im-

2255 1753 2466 1793 memor
2493 1739 2626 1792 tanti
2670 1737 2916 1795 beneﬁcii
2946 1755 2976 1794 a
3008 1741 3117 1794 Deo
3144 1751 3197 1796 et
3230 1741 3389 1796 beato
3432 1740 3676 1797 Martino
3703 1742 3820 1796 mihi

2253 1828 2457 1892 collati,
2486 1828 2553 1884 ad
2580 1827 2791 1883 laudem
2829 1829 2924 1884 Dei
2959 1839 3013 1884 et
3043 1830 3302 1885 honorem
3325 1833 3596 1887 curatoris
3621 1833 3743 1894 mei,
3763 1833 3813 1885 in

2255 1918 2475 1973 civitate
2529 1918 2847 1985 Leodiensi,
2910 1920 2962 1974 in
3019 1930 3203 1975 monte
3259 1922 3503 1991 publico,
3550 1922 3823 1977 ecclesiam

2253 2010 2495 2075 fundavi,
2520 2010 2797 2065 construxi
2835 2011 2901 2066 de
2931 2013 3168 2081 proprio,
3205 2013 3405 2077 dicavi,
3449 2024 3505 2068 et
3540 2013 3819 2082 opulentis-

2254 2102 2391 2157 sime
2437 2102 2640 2158 dotavi.
2686 2102 2742 2157 In
2783 2119 2887 2173 qua
2940 2103 3162 2174 triginta
3212 2105 3493 2161 canonicis
3536 2105 3817 2171 ordinatis,

2253 2207 2377 2247 cum
2401 2192 2764 2247 servientibus
2785 2200 2838 2249 et
2864 2195 3126 2263 personis.
3153 2197 3520 2251 etsecundum
3544 2205 3818 2253 consuetu-

2252 2284 2430 2339 dinem
2450 2282 2781 2339 Turonensis
2803 2284 3059 2339 Ecclesite
3074 2284 3125 2338 in
3145 2285 3369 2355 legendo
3390 2293 3445 2341 et
3464 2287 3752 2345 cantando.
3768 2294 3817 2340 et

2253 2375 2375 2432 aliis
2421 2376 2807 2433 ecclesiasticis
2836 2377 3082 2431 moribus
3126 2377 3445 2442 instructis,
3499 2377 3641 2433 sicut
3678 2390 3820 2448 quot-

2250 2480 2378 2540 quot
2438 2470 2594 2526 annis
2642 2485 3066 2533 consueveratn,
3122 2486 3245 2524 eum
3296 2469 3465 2525 multa
3514 2470 3818 2533 devotione,

2249 2558 2523 2613 Turonum
2589 2558 2837 2626 accessi,
2893 2569 2949 2614 et
2994 2559 3132 2614 sicut
3176 2561 3348 2630 gratia
3415 2560 3510 2614 Dei
3564 2569 3818 2631 praeeunte

2247 2650 2508 2717 feceram,
2534 2650 2795 2707 fratribus
2826 2652 2962 2706 meis
2991 2651 3335 2706 manifestum
3368 2652 3490 2705 fieri
3510 2652 3659 2707 duxi.

2322 2744 2390 2798 Et
2418 2746 2544 2800 dum
2583 2744 2637 2799 itt
2672 2744 2904 2812 quadam
2933 2753 3091 2799 nocte
3119 2744 3399 2798 Dominica
3429 2753 3814 2814 pernoctaretn.

2246 2847 2301 2892 et
2331 2836 2421 2891 Dei
2448 2836 2790 2891 clementiam
2827 2835 3159 2900 invocarem,
3192 2834 3391 2888 iterum
3424 2833 3619 2889 beatus
3644 2833 3813 2887 Marti.

2248 2944 2380 2993 nus,
2437 2943 2562 2982 cum
2619 2927 2799 2981 beatis
2848 2925 3053 2980 Brictio
3102 2935 3157 2979 et
3211 2925 3546 2990 Eustacbio,
3602 2925 3727 2979 mihi
3768 2924 3811 2977 in

2252 3017 2463 3072 visione
2506 3016 2779 3086 apparuit,
2812 3016 3039 3070 dicens:
3095 3032 3113 3065 ι
3144 3015 3238 3069 Dic
3285 3013 3547 3070 fratribus
3600 3014 3718 3078 tuis,
3764 3021 3815 3067 ut

2245 3107 2534 3162 canonicos
2565 3121 2701 3175 quos
2723 3105 2790 3159 ad
2816 3105 3157 3159 serviendum
3194 3106 3301 3159 Deo
3327 3113 3382 3158 ct
3408 3106 3542 3160 mihi
3563 3105 3808 3160 ordinasti

2247 3198 2455 3264 Leodii,
2485 3199 2584 3253 sub
2612 3197 2713 3267 piae
2748 3196 3079 3251 conditionis
3105 3195 3302 3261 forma,
3333 3195 3461 3265 jure
3502 3198 3725 3267 perenni
3764 3196 3813 3249 in

2245 3310 2400 3353 suam
2438 3293 2702 3364 recipiant
2733 3291 3152 3363 fraternitatem,
3185 3299 3238 3346 et
3264 3305 3455 3347 omnes
3486 3304 3815 3345 successores

2246 3397 2365 3442 tuos
2392 3386 2445 3441 in
2470 3385 2789 3456 episc0patu
2825 3379 3131 3436 Lendiensi.

2316 3516 2334 3550 ι
2365 3499 2562 3552 Mutua:
2611 3494 2972 3550 fraternitatis
3022 3494 3139 3548 haec
3194 3493 3264 3547 sit
3322 3492 3404 3547 eis
3445 3488 3807 3546 forma:Ctnn

2240 3590 2536 3660 potuerint,
2583 3597 2638 3642 et
2677 3596 2885 3653 tempus
2928 3600 3225 3655 congruum
3276 3582 3522 3648 aifuerit,
3552 3598 3614 3637 se
3642 3592 3812 3636 mutuo

2239 3684 2561 3745 visitabunt,
2591 3680 2645 3733 in
2683 3680 2853 3735 choro
2887 3677 3105 3731 stallum
3136 3675 3430 3739 habebunt,
3469 3684 3527 3730 et
3557 3672 3811 3743 quotitia-

564 3761 786 3830 propius
823 3757 1111 3821 accedens,
1155 3765 1212 3810 et
1265 3754 1440 3809 locum
1478 3751 1651 3843 morbi
1693 3751 1915 3843 cuspide
1961 3750 2132 3805 baculi
2165 3782 2209 3843 ε
2242 3791 2368 3829 “um
2436 3771 2698 3840 recipio",
2754 3769 3097 3838 slipendium.
3140 3787 3160 3821 ,
3220 3765 3374 3833 Quod
3427 3766 3805 3825 ἀποικεῖωῆ

560 3854 665 3909 sui
693 3863 938 3922 tangens,
969 3850 1050 3904 sic
1076 3849 1151 3903 ait
1177 3865 1192 3900 :
1236 3866 1253 3899 ι
1285 3846 1479 3901 Frater
1508 3842 1709 3909 Eracli,
1751 3841 2012 3897 Dominus
2043 3856 2140 3894 no-

562 3954 677 3999 ster
702 3942 863 3997 Iesus
892 3941 1140 3994 Christus
1170 3945 1328 3993 sanat
1371 3947 1445 4001 te,
1488 3944 1545 3989 et
1581 3931 1938 3990 incolumitati
1981 3931 2143 3986 resti-

566 4036 691 4099 tuit,
719 4048 817 4088 sua
853 4032 1074 4103 pietate.

650 4144 668 4176 ι
700 4125 869 4194 Igitur
918 4121 1130 4185 hilaris,
1188 4134 1354 4174 sanus
1402 4125 1454 4172 ct
1503 4117 1835 4181 incolumis,
1880 4115 2144 4170 fratribus

564 4216 768 4270 nosuis
801 4211 1081 4267 canonicis
1120 4208 1467 4262 manifestam
1501 4207 1596 4261 Dei
1629 4206 1918 4268 virtutem,
1941 4204 2140 4268 revela,

563 4317 619 4362 et
652 4320 718 4359 ex
743 4313 895 4374 parte
923 4302 1092 4371 ipsius
1115 4309 1169 4355 et
1203 4308 1390 4354 nostra
1426 4297 1677 4368 praecipe,
1710 4305 1770 4350 ut
1798 4311 1927 4351 cum-
1946 4296 2143 4350 devoto

562 4396 759 4468 popqu
790 4395 978 4448 laudes
1002 4393 1295 4446 immensas
1341 4404 1440 4445 suo
1477 4386 1744 4442 Salvatori
1794 4386 2055 4451 referant,
2088 4396 2143 4441 et

564 4501 616 4546 te
656 4491 708 4544 in
753 4487 1071 4545 canonicum
1098 4484 1223 4554 jure
1267 4492 1529 4555 perpetuo
1576 4480 1860 4550 recipiant.
1902 4478 1982 4533 Tu
2012 4493 2142 4532 vero

560 4580 722 4637 hodie
762 4579 829 4634 ad
866 4577 1078 4633 laudem
1128 4575 1223 4630 Dei
1269 4588 1520 4644 tuagnam
1560 4573 1780 4625 missam
1817 4567 2147 4632 celebrabis,

559 4687 621 4729 ut
642 4674 732 4744 qui
756 4684 807 4727 te
835 4673 984 4744 prius
1021 4671 1272 4725 viderant
1293 4667 1447 4738 quasi
1480 4665 1754 4720 addictum
1786 4662 1973 4727 morti,
2006 4663 2143 4715 filu-

568 4767 759 4821 cialins
792 4774 1011 4835 sperent
1040 4763 1105 4817 de
1137 4759 1490 4817 subventione
1519 4757 1601 4812 sui
1626 4755 1863 4826 patroni.
1893 4772 1910 4805 ι

633 4857 745 4911 lloc
774 4857 938 4918 facto,
976 4866 1047 4910 et,
1076 4855 1160 4909 his
1195 4852 1376 4912 dictis,
1402 4867 1432 4904 a
1475 4855 1766 4918 conspectu
1801 4860 1920 4901 meo
1950 4846 2141 4914 dispa-

559 4952 691 5005 ruit.
725 4948 894 5002 Erant
914 4948 1072 5001 ambo
1100 4942 1494 5014 cpisc0palibus
1524 4938 1853 4995 indumentis
1878 4937 2137 4992 redimiti.

562 5043 786 5098 Surrexi
829 5040 1005 5094 lzetus.
1049 5036 1245 5093 Clerici
1294 5038 1399 5089 mei
1435 5041 1490 5088 et
1538 5030 1736 5086 milites
1767 5046 1891 5086 cum
1922 5028 2136 5083 famulis

561 5131 833 5197 accersiti,
878 5129 1234 5189 advenerunt,
1273 5133 1521 5192 totusque
1553 5120 1940 5176 canonieorum
1978 5132 2139 5173 vene-
2168 5132 2217 5192 ι)

562 5222 751 5276 rabilis
791 5228 1111 5276 conventus.
1163 5216 1331 5271 Morbi
1380 5215 1529 5269 locus
1584 5226 1742 5281 quem
1784 5211 2029 5281 patiebar
2082 5210 2135 5265 in

565 5300 803 5374 natibus,
842 5327 946 5365 non
979 5318 1066 5364 est
1111 5310 1403 5363 inventus:
1439 5313 1618 5358 tamen
1655 5303 1708 5356 in
1748 5302 1960 5369 signum
1998 5300 2139 5354 cicao

567 5399 715 5428 In:n:p
765 5398 1007 5428 ιιι-..νιιΙ-ιηέ
1034 5397 1226 5428 ιῖιιιιιιιίὶ
1259 5397 1420 5428 ΙοιιιιΔσὶ
1454 5406 1718 5428 annui-nnc
1750 5390 2002 5428 νριηαιὶαῖι
2064 5389 2138 5428 ηρ

2245 3864 2588 3921 sanctissime
2630 3870 2683 3916 et
2736 3858 3025 3915 celebriter
3085 3857 3284 3913 factum
3341 3866 3445 3913 est.
3505 3858 3574 3911 Et
3619 3856 3809 3911 decimo

2244 3970 2386 4010 anno
2418 3953 2743 4009 reversionis
2778 3951 2920 4006 beati
2957 3949 3196 4015 Martini,
3227 3948 3559 4005 auctoritate
3587 3948 3679 4002 Dei
3700 3963 3805 4001 om-

2246 4045 2567 4117 nipotentis,
2609 4043 2941 4099 celebratum
2971 4050 3025 4096 et
3069 4039 3451 4095 confirmatum
3497 4049 3610 4103 est,
3638 4048 3689 4093 et
3718 4036 3809 4091 sub

2246 4139 2591 4193 anathemate
2620 4134 2988 4195 interdictum,
3033 4147 3099 4185 ne
3125 4131 3246 4200 quis
3275 4129 3551 4200 negligere
3589 4138 3682 4183 aut
3707 4127 3807 4179 ria-

2246 4228 2359 4282 lare
2386 4233 2673 4296 pmcsumat
2703 4225 2846 4294 quod
2888 4223 3181 4278 auctoritas
3205 4205 3406 4285 divina,
3432 4230 3487 4275 et
3511 4220 3657 4276 beati
3686 4219 3811 4272 hlar-

2246 4316 2343 4371 tini
2368 4316 2613 4369 voluntas
2642 4313 2874 4367 instituit
2900 4322 2955 4367 et
2974 4313 3320 4366 corroborat.

2316 4431 2583 4485 Praeterea
2610 4428 2849 4483 additum
2876 4435 2978 4492 est,
3006 4436 3272 4496 quatenus
3295 4424 3516 4480 nomina
3547 4423 3805 4479 defuncto-

2246 4538 2364 4577 rum
2410 4521 2730 4575 alterutrum
2782 4517 3115 4573 referrentur
3166 4533 3290 4572 cum
3343 4516 3704 4577 solemnitate,
3737 4514 3800 4565 ob

2246 4614 2671 4682 redemptionem
2705 4620 3075 4680 peccatorum,
3117 4619 3175 4664 et
3212 4625 3337 4665 cum
3369 4604 3798 4679 pulsabulisfra-

2245 4713 2385 4758 trum
2413 4702 2592 4756 divina
2625 4700 2986 4755 celebrentur.

2312 4816 2456 4871 Idem
2516 4829 2802 4885 eprsmpns
2866 4822 3103 4867 atteram
3151 4810 3438 4866 ecclesiam
3495 4810 3551 4864 in
3616 4809 3799 4863 honore

2243 4906 2416 4963 sancti
2441 4907 2589 4961 Pauli
2626 4907 2678 4959 in
2712 4905 2907 4969 insula,
2941 4904 3264 4958 miraculose
3290 4902 3478 4958 Leodii
3515 4897 3799 4956 construxit

2242 5016 2412 5070 usque
2442 5000 2511 5054 ad
2533 4998 2823 5062 fenestras,
2857 4998 2909 5052 in
2951 5013 3055 5067 qua
3084 4997 3308 5067 triginta
3328 4996 3616 5051 canonicos
3642 4995 3793 5061 depu-

2246 5091 2402 5146 tavit.

2316 5200 2510 5256 Fertur
2550 5200 2694 5254 enim
2741 5214 2932 5255 orasse
2981 5200 3048 5255 ad
3102 5198 3386 5254 Dominum
3412 5238 3436 5264 ,
3476 5207 3535 5252 ut
3571 5194 3794 5267 ejusdem

2242 5291 2482 5349 basilicae
2515 5291 2891 5346 construendze
2922 5290 3024 5345 sibi
3064 5290 3453 5359 longitudinem
3495 5295 3550 5342 et
3577 5282 3794 5339 latitudi-

2244 5401 2367 5428 unm
2401 5387 2692 5428 ηςιρηιιρνρ
2717 5385 3049 5428 dignm-Mur-
3079 5384 3236 5428 Malm
3272 5393 3453 5428 autem
3493 5381 3647 5428 fama.
3678 5390 3799 5428 εαιιι
