3972 5428
194 284 298 343 ΜΟ

1026 290 1329 353 JOANNES
1368 291 1478 351 XIII
1508 294 1704 350 PAI’A.
1749 325 1816 336 —
1851 294 2551 371 NOTlTlAgHISTORlCA‘.

3337 299 3453 356 m

190 405 501 470 constituit,
532 414 590 461 ut
618 406 671 463 in
701 408 931 463 adventu
958 410 1190 477 Domini,
1221 422 1276 466 et
1302 429 1332 468 a
1361 412 1761 485 Septuagesima
1795 421 1835 480 Α
1866 415 2051 483 cappis
2088 415 2393 481 amiciatur,
2425 431 2491 471 eo
2532 414 2673 485 quod
2714 414 2864 487 niger
2891 415 3060 478 color.
3104 428 3208 487 pce.
3234 415 3438 472 itcntias

191 514 362 573 usque
393 498 451 555 in
497 498 724 566 Pascha.
754 502 932 558 clerus
971 501 1114 572 pulla
1146 514 1311 568 veste,
1353 504 1522 575 nigris
1555 506 1762 562 scilicet

1871 515 1925 560 et
1951 502 2249 571 aﬂlictioni,
2276 506 2446 577 magis
2481 521 2642 577 quam
2676 506 2829 563 albus
2859 508 3164 563 conveniat.

190 656 3437 708 Ἥ

1266 821 1436 868 ANNO
1477 821 1713 867 DOHINI
1756 822 2033 866 DCCCCLX
2044 823 2182 867 XIII.

601 955 1647 1149 JO'ANNES
1802 984 2268 1142 XIII
2398 981 3076 1155 PAPA.

1129 1268 1637 1362 NOTITIA
1708 1268 2388 1365 HISTORICA.

1231 1461 1407 1532 (Apud
1449 1462 1644 1531 MmSI,
1685 1463 1889 1522 Concil.
1922 1473 2053 1522 tom.
2095 1466 2259 1537 XIX.)

268 1749 504 1807 Ioannes
540 1747 856 1804 Narniensis
887 1747 1209 1817 episcopus,
1248 1755 1373 1818 post
1404 1748 1611 1803 obitum
1641 1748 1781 1806 Leo-
1814 1734 1860 1794 Β
1890 1749 1986 1803 tice
2016 1750 2337 1820 excepisset,
2379 1749 2649 1821 digneque
2707 1750 3008 1819 habuisset,
3054 1760 3107 1809 et
3141 1756 3207 1810 ab
3245 1756 3456 1812 insidiis

204 1844 288 1901 nis
340 1838 620 1912 pontiﬁcis
667 1840 1022 1911 pseudopapa:
1081 1837 1361 1909 (vivente,
1414 1854 1483 1893 an
1529 1838 1781 1896 defuncto

206 1930 503 1986 Benedicto
524 1929 732 2000 quinto,
759 1928 1043 2001 incertum)
1074 1928 1247 1984 factus
1270 1938 1354 1984 est
1376 1926 1613 2000 pontifex
1641 1945 1783 1985 anno

207 2022 412 2077 Domini
443 2021 575 2088 965,
612 2020 942 2091 temporibus
963 2021 1176 2075 Ottonis
1200 2028 1254 2074 et
1280 2019 1563 2091 Nicephori
1588 2020 1785 2076 Phocie

207 2114 614 2185 imperatorum.
644 2113 745 2181 Qui
775 2127 897 2166 cum
928 2112 1083 2166 initio
1116 2110 1467 2181 pontificatus
1494 2112 1785 2181 optimates

210 2202 576 2257 Romanorum
615 2202 794 2255 acrius
830 2199 1065 2255 fortasse
1109 2215 1274 2270 quam
1314 2201 1596 2271 oportebat
1644 2203 1788 2256 inie-

211 2306 488 2363 queretur,
532 2308 720 2350 eorum
760 2293 964 2348 monitu
1004 2294 1073 2347 ab
1102 2291 1263 2347 Urbis
1290 2292 1545 2364 przefecto
1574 2302 1785 2363 captus,

214 2388 475 2457 relegatus
519 2395 603 2441 est
643 2386 697 2441 in
742 2384 1115 2454 Campaniam.
1153 2383 1260 2440 Sed
1307 2385 1433 2439 dum
1477 2384 1788 2455 imperatori

213 2476 389 2533 Ottoni
432 2479 552 2532 haec
592 2477 981 2542 inuoluissent,
1025 2475 1498 2531 ad'vindicandam
1533 2475 1788 2544 iniuriam

217 2568 444 2638 pontifici
498 2568 723 2632 illatam,
764 2569 879 2637 ipse
914 2568 972 2621 in
1013 2566 1219 2621 Italiam
1250 2567 1523 2635 prolectus
1560 2572 1665 2627 est,
1707 2579 1792 2619 re-

220 2661 514 2730 stitutoque
578 2657 825 2724 Joanne,
883 2658 950 2712 de
1006 2657 1148 2712 illius
1197 2657 1443 2712 hostibus
1497 2657 1790 2711 vindictam

221 2751 437 2819 sumpsit
482 2750 675 2814 istam,
717 2749 1027 2819 pra-lectum
1075 2747 1234 2804 Urbis
1276 2748 1541 2802 viventem
1581 2748 1794 2802 curavit

218 2838 496 2903 denudari,
540 2838 959 2907 impositumque
998 2837 1152 2893 asino
1186 2846 1239 2892 et
1282 2846 1402 2893 utre
1450 2837 1790 2904 redimitum,

223 2929 285 2980 ad
326 2926 616 2982 ludibrium
665 2927 1024 2991 circumduci,
1063 2924 1335 2997 virgisque
1378 2929 1532 2991 caedi,
1575 2941 1640 2981 ac
1702 2926 1795 2983 de-

226 3033 361 3072 mum
402 3020 716 3074 carceribus
754 3018 1047 3088 mancipari
1081 3034 1094 3071 :
1126 3028 1360 3073 cadaver
1388 3016 1627 3072 defuncti
1666 3032 1796 3088 pra:-

228 3107 374 3168 fr-cti.
429 3123 457 3162 a
514 3122 623 3179 quo
650 3106 887 3162 Joannes
934 3123 1070 3176 papa
1125 3107 1269 3163 Urbe
1326 3110 1529 3174 eiectus
1573 3116 1724 3172 erat,
1764 3122 1795 3162 e

221 3200 464 3267 sepulcro
499 3210 803 3255 extractum
836 3201 888 3255 in
917 3200 1128 3255 diversa
1166 3200 1283 3255 loca
1317 3200 1544 3255 distrahi
1585 3217 1648 3255 ac
1685 3200 1795 3256 dis-

230 3292 382 3358 sipari
436 3292 714 3363 praicepit.
763 3290 1035 3363 (Beatam)
1080 3290 1162 3344 Ad
1197 3291 1603 3345 conversionem
1639 3288 1797 3344 Polo-

230 3396 413 3436 norum
456 3382 732 3453 Egidium
788 3382 1151 3438 Tusculanum
1205 3382 1514 3452 episcopum
1563 3380 1797 3451 legatum

238 3493 266 3530 a
291 3474 450 3530 latere
479 3476 648 3540 misit,
677 3475 801 3529 data
830 3473 903 3528 illi
933 3482 1199 3543 potestate
1230 3488 1409 3543 regem
1442 3472 1795 3534 Miezislaum,

235 3567 318 3632 qui
362 3581 457 3635 per
492 3566 817 3621 cOmiubium
865 3565 1191 3620 Christiana:
1224 3563 1410 3616 uxoris
1452 3563 1800 3616 Dambronw-

237 3654 344 3711 e'i:e
380 3655 741 3711 Bubemorum
788 3656 951 3726 primi
986 3655 1136 3709 ducis
1164 3652 1288 3707 ﬁlia:
1318 3667 1617 3707 conversus
1646 3660 1764 3706 erat
1784 3690 1799 3714 ,

241 3761 290 3799 ιη
340 3744 442 3799 fide
474 3761 598 3801 cum
650 3745 847 3816 populo
897 3743 1241 3808 stabiliendi,
1290 3743 1632 3811 episcopatus
1690 3741 1801 3795 eri-

236 3835 407 3904 gendi,
448 3852 624 3906 eaque
667 3837 896 3891 faciendi
939 3850 1059 3905 qua:
1093 3837 1161 3888 ad
1197 3834 1360 3888 totius
1390 3832 1538 3902 regni
1576 3847 1803 3887 conver-

242 3925 437 3982 sionem
487 3926 776 3998 populique
830 3925 1239 3981 instructionem
1295 3924 1569 3994 pertinere
1619 3922 1805 3978 viden-

245 4023 348 4074 tur.

311 4109 448 4165 Idem
488 4113 555 4166 ad
590 4110 988 4167 convertendos
1025 4107 1324 4163 Wandalos
1348 4148 1363 4173 ,
1398 4107 1768 4164 Willibaldnm
1791 4146 1805 4171 ,

246 4196 583 4256 Prochorium
660 4202 903 4271 aliosque
969 4202 1117 4255 viros
1179 4202 1522 4257 doctissimos
1585 4197 1804 4251 emisit:

251 4307 269 4338 α
300 4289 395 4358 Qui
437 4302 491 4348 et
539 4294 859 4348 lleisconem
909 4293 1255 4348 monarcham
1310 4292 1513 4363 (verba
1555 4287 1808 4344 Szanislai

1820 3071 1866 3134 C

1883 1840 2183 1913 Paudulphi
2218 1844 2477 1915 principis
2505 1843 2745 1915 Capuani
2786 1844 3016 1901 fideliter
3049 1847 3452 1914 custodivisset,

1884 1932 2377 2003 archiepiscopatus
2428 1935 2689 2005 dignitate
2742 1936 3088 2006 gratitudinis
3141 1953 3271 2008 ergo
3319 1939 3454 1992 insi«

1884 2023 2071 2091 gnivit.
2109 2021 2202 2078 His
2234 2024 2469 2094 peractis
2504 2025 2766 2094 contigit,
2796 2042 2919 2081 cum
2958 2026 3026 2081 ad
3058 2027 3243 2082 urbem
3274 2044 3461 2083 rever-

1888 2116 2058 2177 tisset,
2083 2115 2396 2184 primariam
2424 2115 2808 2171 Lateranensis
2839 2116 3086 2171 ecclesiae
3111 2132 3457 2187 campanam,

1888 2204 2041 2259 mirae
2064 2203 2447 2275 magnitudinis
2467 2245 2482 2269 ,
2514 2219 2703 2261 recens
2734 2207 2939 2269 fusam,
2970 2220 3133 2277 super
3160 2207 3462 2277 campanile

1885 2293 2122 2359 elevari,
2165 2309 2325 2363 quam
2360 2295 2591 2364 primum
2620 2297 2760 2350 idem
2792 2295 3031 2365 pontifex
3058 2298 3229 2350 sacris
3267 2295 3486 2350 ritibus.

1890 2380 2001 2437 Deo
2046 2384 2423 2447 consecravit,
2475 2393 2638 2454 atque
2684 2386 2904 2446 nomine
2942 2383 3166 2439 Joannis
3205 2384 3461 2454 Baptista.-

1892 2472 2033 2527 haud
2068 2474 2258 2540 dubie,
2308 2474 2392 2528 cui
2429 2475 2543 2544 ipsa
2581 2475 2809 2531 ecclesia
2850 2476 3029 2531 dicata
3071 2484 3210 2538 erat,
3260 2491 3470 2530 nuncu—

1891 2565 2057 2633 pavit.
2115 2562 2428 2636 Agnoscunt
2483 2566 2612 2620 illud
2669 2574 2724 2621 et
2779 2566 3112 2636 redarguunt
3176 2572 3466 2620 novatores

1893 2653 2157 2720 haeretici,
2186 2655 2340 2725 quasi
2368 2654 2456 2708 ille
2480 2655 2584 2711 hoc
2609 2671 2707 2710 suo
2728 2655 2975 2726 exemplo
3002 2663 3248 2725 posteros
3275 2669 3467 2709 omnes

1892 2745 2175 2815 pontiﬁces
2211 2755 2266 2801 et
2309 2748 2591 2817 episcopos
2638 2748 2691 2802 in
2743 2747 2894 2802 illum
2942 2761 3185 2802 errorem
3222 2746 3468 2801 induxis-

1894 2842 1999 2901 set,
2032 2846 2091 2891 ut
2130 2840 2411 2907 campanis
2454 2844 2853 2895 sacramentum
2890 2840 3230 2910 baptismatis
3262 2840 3467 2909 impen-

1896 2928 2125 2982 denduin
2161 2945 2283 2985 esse
2326 2932 2616 2986 crederent
2648 2938 2705 2985 et
2741 2931 3000 2986 docerent
3030 2946 3043 2982 :
3077 2930 3171 2985 sed
3208 2928 3470 2983 falluntur

1898 3016 2133 3086 imperiti
2175 3034 2297 3074 cum
2352 3034 2458 3074 non
2517 3028 2625 3074 tam
2676 3021 3022 3092 baptizeutur
3069 3036 3231 3093 quam
3269 3019 3469 3089 praevia

1896 3109 2271 3166 benedictione
2291 3111 2567 3182 sacrisque
2594 3112 2805 3178 ritibus,
2820 3113 2975 3174 sicut
3008 3114 3173 3168 etiam
3200 3112 3306 3166 alia
3335 3125 3469 3167 vasa

1896 3216 2073 3266 sacra,
2114 3201 2281 3256 cultui
2321 3202 2502 3258 divino
2549 3204 2887 3259 dicentur-et
2923 3211 3370 3267 consecreutur;
3416 3202 3479 3257 in

1897 3307 2002 3363 qua
2044 3293 2448 3348 consecratione
2485 3294 2831 3364 imponuntur
2883 3295 2951 3350 iis
2977 3296 3227 3358 nomina,
3255 3294 3410 3350 velut.
3436 3308 3469 3346 a

1898 3385 2111 3440 caeteris
2153 3386 2432 3454 campanis
2473 3386 2881 3452 discernantur;
2931 3388 3016 3441 vel
3065 3386 3280 3449 saltem,
3329 3384 3473 3453 quod

1900 3476 2073 3547 magis
2121 3478 2191 3531 ad
2247 3478 2503 3545 pietatem
2553 3478 2905 3542 conduceret,
2965 3478 3009 3531 si
3071 3491 3202 3532 voce
3248 3472 3477 3542 alicujus

1901 3567 2075 3621 sancti
2108 3567 2334 3636 populus
2372 3567 2439 3619 ad
2468 3566 2755 3621 ecclesiam
2792 3566 3081 3623 convocari
3112 3566 3402 3620 diceretur.
3434 3620 3439 3625 ,

1971 3655 2056 3711 Ad
2084 3657 2465 3727 Theophanem
2496 3656 2782 3727 Nicephori
2806 3656 3155 3726 imperatoris
3179 3654 3476 3714 Orientalis

1905 3750 2070 3804 tiliam
2135 3748 2704 3817 Ottoni.imperatori
2772 3749 2985 3819 juniori
3044 3745 3477 3818 desponsandatn

1905 3838 2226 3909 legationem
2257 3838 2423 3901 misit,
2463 3852 2570 3907 qua
2608 3838 2828 3893 functus
2851 3847 2934 3892 est
2958 3837 3322 3906 Luitprandus
3348 3834 3493 3892 Cre-.

1906 3929 2178 3983 monensis
2214 3929 2520 3998 episcopus.
2563 3924 3196 3996 Scd,eum.Nicephorus
3239 3939 3474 3983 corona-

1909 4021 2054 4074 tione
2099 4019 2327 4072 duorum
2367 4017 2622 4072 Ottonnm
2669 4017 2908 4088 graviter
2947 4016 3302 4073 exacerbatus
3354 4014 3488 4069 huic.

1909 4108 2165 4179 legationi
2214 4108 2348 4164 nihil
2396 4108 2713 4174 detulisset,
2761 4106 2949 4163 Graeca
2986 4117 3166 4162 tamen
3206 4107 3343 4170 tide,
3380 4105 3482 4159 sub

1910 4196 2047 4251 falso
2077 4204 2336 4267 prietextu
2366 4197 2700 4266 muptiarum,
2733 4196 3058 4267 legationem
3091 4197 3204 4266 ipse
3232 4195 3301 4250 ad
3330 4189 3500 4250 σιω..

1911 4299 2034 4342 nem
2086 4286 2314 4351 remisit,
2366 4288 2623 4345 mintians
2671 4287 2750 4342 illi
2790 4296 2850 4341 ut
2890 4287 3106 4356 nuptias
3144 4293 3382 4355 pararet,
3424 4299 3485 4340 se

247 4383 511 4440 0r.chovii
559 4386 699 4455 apud
739 4386 1039 4440 Sanderum
1097 4385 1172 4441 De
1223 4384 1419 4439 visibili
1472 4381 1805 4446 monarchia,
1839 4400 1884 4458 υ
1912 4392 2034 4432 cum
2083 4377 2191 4435 filia
2230 4378 2379 4432 brevi
2423 4377 2754 4432 adfuturum.
2788 4375 3030 4447 Cumque
3065 4376 3165 4437 hac
3201 4376 3487 4431 occasione

248 4487 387 4527 num.
427 4474 554 4540 693,
588 4475 795 4547 refero)
824 4485 881 4530 et
915 4491 1082 4545 genus
1123 4484 1363 4530 nostrum
1394 4473 1471 4528 illi
1509 4473 1810 4542 subjectum

250 4565 380 4618 sacri
417 4567 759 4637 baptismatis
806 4569 963 4622 nudis
1006 4569 1072 4623 ab
1121 4566 1373 4638 orig;n.li
1419 4565 1578 4633 culpa
1631 4562 1813 4616 ablue-

251 4663 386 4719 rent,
414 4667 468 4712 et
507 4673 575 4713 ex
614 4659 835 4714 civitate
870 4658 1067 4714 diaboli
1106 4658 1317 4712 ablu'os
1344 4664 1398 4711 et
1433 4655 1720 4708 mundatus
1758 4653 1815 4706 iu

253 4742 514 4802 civitatem
545 4750 640 4803 Dei
672 4748 1058 4812 transferrent,
1092 4749 1143 4802 in
1179 4745 1487 4814 Christique
1516 4743 1813 4800 Ecclesiam

254 4831 515 4901 dicarent;
563 4838 705 4906 (μιοά
759 4838 923 4890 etiam
980 4835 1183 4890 factum
1232 4842 1335 4889 est.
1396 4832 1531 4887 Nam
1584 4832 1660 4885 illi
1713 4829 1816 4883 viri

254 4929 566 4984 sanctissimi
619 4930 963 4984 Wandaliam
1017 4931 1171 4999 (sive
1224 4937 1276 4982 tu
1334 4928 1489 4982 malis
1540 4928 1815 4982 Poloniam

260 5013 395 5086 dici)
443 5019 696 5089 ingrcssi,
755 5018 1122 5089 praedicabant
1180 5016 1337 5073 nobis
1391 5017 1706 5080 Christum,
1763 5025 1819 5069 et

261 5107 475 5172 gratiam
520 5109 654 5177 ejus,
710 5125 819 5180 qua
861 5124 958 5163 nos
1000 5109 1052 5162 in
1108 5108 1539 5165 communionem
1596 5122 1818 5162 suorum

264 5192 393 5250 Deus
428 5206 856 5260 convocaverat,
899 5197 1287 5253 celebrabant:
1332 5196 1580 5252 homines
1617 5206 1822 5251 turma-

268 5285 353 5340 tim
401 5290 462 5343 ad
514 5290 731 5346 ﬂumina
772 5287 1104 5346 confluentes
1153 5286 1529 5357 baptizabant,
1575 5287 1712 5343 idola
1752 5304 1821 5342 cx

263 5372 532 5428 Wamlnlin
599 5382 1055 5428 ρτιριιιιιίηειιιτιηι-
1098 5402 1117 5428 ι
1179 5380 1432 5428 Ottoncm
1509 5381 1820 5428 iuniorem-

1910 4471 2183 4525 exercitus
2228 4467 2441 4523 Ottonis
2488 4467 2540 4521 in
2589 4466 2790 4536 nuptiis
2836 4467 3087 4534 parandis
3130 4476 3490 4535 occuparetur

1912 4556 2218 4613 Orientales
2260 4570 2326 4609 ex
2379 4555 2672 4624 improviso
2724 4554 2950 4613 militem
3003 4554 3346 4621 imperatoris
3394 4569 3490 4622 ag-

1913 4647 2116 4719 gressi,
2150 4642 2413 4700 ’enmdem
2471 4660 2689 4714 magna.
2723 4652 2905 4713 strage
2964 4641 3239 4712 fugarunt.
3293 4643 3488 4701 Verum

1914 4738 2130 4807 quando
2155 4750 2219 4790 ea
2252 4736 2481 4791 victoria
2508 4734 2634 4787 elati
2650 4734 2894 4791 secundo
2915 4733 3164 4788 eumdem
3190 4734 3491 4787 exercitum

1917 4826 2360 4897 aggrederentur,
2408 4825 2691 4887 innumera
2730 4823 3016 4877 multitudo
3064 4821 3302 4876 hostium
3354 4837 3495 4878 causa

1918 4914 2036 4976 fuit.
2090 4913 2329 4981 Contigit
2375 4914 2476 4968 hac
2526 4912 2596 4968 de
2628 4926 2792 4969 causa
2831 4910 3190 4982 Nicephorum
3232 4909 3496 4979 interﬁci,

1919 5006 2079 5073 eique
2130 5000 2395 5061 Joannem
2447 5000 2735 5071 quemdam
2789 5008 3145 5071 cognomento
3199 4997 3517 5067 Zemisces,,

1920 5100 1989 5155 ad
2018 5095 2303 5165 imperium
2344 5094 2567 5150 elevari.
2600 5092 2700 5160 Qui
2731 5094 2892 5162 paulo
2916 5101 3037 5163 post
3065 5098 3231 5161 quam
3268 5093 3504 5163 impera.

1922 5200 2008 5245 tor
2034 5186 2211 5244 factus
2244 5196 2427 5251 esset,
2450 5184 2621 5242 occisi
2656 5183 3001 5252 imperatoris
3024 5179 3316 5253 Nicephori
3345 5187 3512 5253 tiliam

1923 5280 1992 5334 ad
2028 5275 2281 5332 Ottonem
2320 5277 2468 5330 misit
2500 5290 2515 5327 :
2546 5288 2711 5344 quam
2750 5272 2887 5342 ipse,
2914 5284 2972 5326 ut
3001 5270 3078 5323 ait
3109 5266 3519 5344 Witichindus,

1925 5371 2112 5428 statim
2152 5367 2265 5423 lilio
2310 5367 2565 5428 tradidit,
2604 5364 2999 5428 celebratisque
3070 5365 3368 5428 magniﬁce
3419 5388 3521 5425 nu.
