3972 5428
542 333 640 389 ozt
1831 345 2109 407 lOANNlS
2156 352 2262 408 xm
2302 354 2502 435 eam
2975 407 2979 411 .
3682 364 3775 420 ass

614 449 715 504 Per
742 458 989 504 catenam
1025 453 1195 507 sancti
1234 451 1402 519 Petri,
1428 455 1694 526 arreptitii
1719 457 1856 513 collo
1883 460 2115 514 circum-
2144 469 2189 528 Α
2222 463 2326 528 Qui
2352 468 2581 533 prudens
2607 477 2804 536 pastor,
2833 468 3126 538 persolrens
3154 470 3326 523 debita
3355 471 3558 532 mortis,

544 551 745 604 datam.
776 543 1071 596 (temonem
1093 545 1319 614 expulit.
1352 546 1406 599 lu
1433 546 1870 618 Magdeburgensl
1901 551 2119 608 civitate

546 647 737 686 recens
779 632 847 686 ab
872 631 1068 689 Ottone
1105 636 1318 690 condita
1350 638 1582 707 primum
1612 643 1921 709 episcopum
1950 643 2116 697 Ade]-

544 722 753 775 bet-tum
797 724 1095 779 constituit.
1138 726 1381 795 Cumque
1416 729 1597 782 sedem
1636 731 1981 799 apostolicam
2022 749 2117 786 an-

542 827 640 866 nos
685 829 801 879 sex,
858 829 1071 870 minses
1108 818 1376 882 undet-im,
1416 829 1471 873 et
1509 820 1625 873 dies
1664 821 1849 889 viginti
1878 824 2116 893 quinque

542 904 826 969 tenuisset,
875 922 969 961 vnt
1008 907 1131 962 Ilus
1175 908 1508 978 Septembris
1548 912 1699 965 obiit.
1744 912 1996 982 Sepultus
2032 924 2117 969 est

539 995 592 1047 in
633 995 854 1050 basilica
893 996 1078 1052 Sancti
1107 998 1270 1063 Petri,
1305 1011 1364 1055 ut
1391 1001 1571 1055 videre
1600 1012 1682 1056 est
1711 1003 1764 1058 in
1800 1000 1916 1071 ejus
1944 1004 2114 1072 epita-

539 1085 685 1153 pltio.
1734 1148 1750 1162 ο

536 1174 811 1245 Pontiﬁcis
840 1181 1028 1233 summi
1056 1180 1139 1234 Itic
1176 1181 1498 1236 clauduntur
1526 1185 1756 1237 membra
1794 1184 2038 1251 Joannis,

1277 1444 1327 1504 ίῗ
1350 1452 1377 1495 4"
1394 1460 1425 1499 ι,

1249 1518 1745 1634 'JOAN
1748 1519 1878 1631 N
1883 1520 2049 1634 IS
2108 1521 2456 1634 XIII
2525 1522 2775 1635 PA

700 1347 2593 1414 —-————-——#—T——._____________

2218 552 2384 609 Istltic
2410 560 2721 624 prmonuit
2742 560 2967 613 moriens
2990 576 3087 613 sua
3121 561 3347 613 membra
3379 562 3571 624 locari;

2221 646 2336 712 Quo
2363 649 2554 715 pietate
2580 649 2671 703 Dei
2698 649 2958 704 resolutus
2985 651 3202 704 nexibus
3232 654 3363 704 utris

2220 735 2432 806 Egregii
2463 735 2618 791 Pauli
2646 740 2843 791 meritis
2874 740 3184 792 conscendat
3208 742 3259 793 in
3284 743 3473 805 αἰῶνα,

2217 828 2366 883 Inter
2391 830 2704 899 apostolicos
2730 831 2976 884 caelorum
3007 832 3203 900 gandiu
3230 842 3409 892 mezat,

2219 920 2478 984 Gaudent,
2505 921 2724 975 exsultet
2755 925 2984 975 sociatus
3014 905 3227 976 rictibus
3265 922 3442 975 almis.

2217 1009 2388 1063 Dicite
2414 1012 2571 1065 corde
2591 1012 2677 1082 pio
2707 1012 2986 1080 relegentes
3012 995 3250 1066 carmina
3273 1013 3467 1071 cuncti,

2216 1096 2424 1152 Christo
2452 1100 2530 1152 tui
2559 1100 2747 1169 [annuli
2776 1102 3041 1164 misertus,
3077 1101 3271 1155 scelera
3298 1118 3489 1169 purga,

2218 1185 2491 1257 Sanguine
2512 1190 2603 1259 qui
2622 1200 2803 1244 sancto
2828 1191 3090 1244 redemisti
3117 1192 3333 1243 crimine
3373 1191 3638 1244 mundum.

2593 1398 2689 1515 ί]
2712 1434 2755 1471 ί)
2786 1404 2838 1491 [ﬁt
2877 1422 2949 1491 .1;

2619 1501 2942 1635 ras:

2675 1370 3766 1398 Μ

1165 1750 2005 1867 EPISTOL/E
2071 1754 2270 1866 ET
2366 1755 3231 1908 DECRETA.‘

1294 2123 1332 2178 f.

697 2229 927 2271 εολκκιε
975 2230 1066 2270 XIII
1119 2230 1492 2270 CANONICORUII
1546 2230 1929 2272 BONONIENSIUI

940 2300 1319 2342 IIIIUNITATEI
1353 2301 1673 2340 CONFIMAT.

1119 2376 1310 2447 (Anno
1347 2376 1508 2447 967.)

883 2466 1099 2540 [MANSL
1131 2466 1335 2524 Concil.
1363 2467 1545 2532 XVIII,
1584 2467 1737 2542 509.]

585 2576 819 2636 Joannes
845 2579 1152 2650 episcopus,
1184 2596 1372 2637 servus
1400 2598 1683 2638 servorum
1714 2585 1826 2638 Dei.

584 2670 723 2725 Cum
744 2686 846 2741 ego
880 2669 1142 2737 Joannes,
1175 2683 1377 2730 sant-tre
1407 2685 1461 2729 et
1491 2676 1799 2745 apostolicae
1842 2677 2100 2734 Romana:

514 2764 770 2821 Ecclesia:
800 2768 995 2822 tertius
1014 2768 1257 2822 decimus
1288 2784 1447 2839 papa,
1480 2770 1772 2825 residerem
1806 2772 1857 2825 in
1889 2770 2100 2827 ltaven-

514 2866 644 2911 nate
682 2858 903 2912 civitate
966 2874 1072 2912 una
1109 2873 1232 2913 cum
1273 2859 1409 2914 meis
1453 2868 1508 2912 et
1562 2859 1760 2914 Italicis
1805 2861 2097 2933 episc0pis,

511 2949 805 3005 adfuerunt
847 2952 1153 3022 prtesentite
1195 2962 1395 3008 nostra:
1434 2953 1670 3023 religiosi
1710 2954 2013 3026 presbyteri
2045 2963 2099 3008 et

510 3042 721 3096 diaconi
762 3052 965 3098 sancta:
1010 3043 1369 3099 Bononiensis
1407 3044 1695 3109 Ecclesiae,
1736 3062 1799 3101 ac
1842 3061 1941 3115 pro
1977 3046 2098 3101 uni-

509 3151 670 3191 verso
692 3137 837 3192 clero
862 3138 1138 3192 canonica:
1164 3139 1603 3209 congregationis
1626 3140 1791 3193 humo
1815 3139 2095 3209 prostrati,

513 3236 730 3281 nostros
768 3227 1081 3283 osculantes
1115 3229 1312 3297 pedes,
1345 3228 1656 3283 obtulerunt
1684 3229 1965 3298 epistolam
1994 3228 2097 3282 tui-

511 3317 677 3372 tionis
718 3325 921 3372 sancta:
964 3318 1353 3373 recordationis
1384 3319 1586 3373 domini
1626 3317 1823 3372 Leonis
1857 3317 1895 3366 ν
1923 3333 2094 3388 papae,

2130 2108 2178 2168 Β
2206 2128 2465 2198 patieutn,
2497 2136 2589 2182 aut
2619 2129 2886 2185 teloneum
2909 2170 2923 2195 ,
2955 2130 3069 2185 sive
3092 2131 3405 2197 ostaticum,
3438 2147 3612 2203 neque
3633 2150 3782 2204 para-

2207 2227 2338 2283 tam,
2373 2219 2454 2273 vel
2479 2228 2897 2284 sacramentum,
2926 2222 3069 2290 quod
3100 2221 3205 2276 dici
3246 2223 3398 2276 nefas
3425 2235 3532 2287 est,
3564 2223 3774 2279 faciant.

2207 2308 2313 2363 Sed
2343 2312 2461 2365 sine
2487 2310 2787 2381 aliquorum
2822 2313 3131 2377 hominum,
3165 2313 3408 2382 publicas
3439 2313 3545 2367 sibi
3593 2331 3773 2382 geren-

2206 2401 2338 2455 tium
2386 2402 2656 2467 actiones,
2706 2404 3112 2473 perturbatione
3158 2416 3322 2476 atque
3369 2408 3614 2462 moleStia
3660 2424 3772 2475 pcr-

2204 2494 2399 2547 sistere
2429 2494 2629 2557 securi,
2660 2494 2937 2563 quietique
2974 2494 3171 2549 nullam
3219 2497 3548 2552 sustinentes
3577 2499 3769 2552 violen-

2206 2584 2336 2637 tiam
2389 2584 2441 2637 in
2488 2585 2599 2639 ετιίε
2641 2584 2985 2639 facultatibus
3039 2586 3120 2639 vel
3171 2588 3423 2643 omnibus
3463 2590 3622 2643 rebus
3669 2598 3768 2640 tam

2205 2674 2493 2728 mobilibus
2531 2689 2693 2744 quam
2736 2674 3119 2740 iuuuobilibus,
3154 2666 3262 2731 tam
3296 2679 3362 2732 de
3402 2679 3518 2732 suis
3555 2679 3769 2747 propriis

2204 2782 2368 2836 quam
2416 2768 2580 2822 etiam
2625 2768 2691 2822 de
2732 2769 3137 2836 ecclesiasticis,
3180 2771 3274 2825 sed
3323 2772 3375 2825 in
3424 2771 3521 2827 Dei
3566 2774 3769 2827 servitio

2201 2865 2256 2910 et
2298 2856 2543 2910 laudibus
2569 2858 2737 2926 qttieti
2771 2866 2826 2911 et
2869 2858 3078 2928 pacifici
3111 2870 3481 2927 perseverent,
3519 2871 3768 2930 quatenus

2201 2964 2299 3017 pro
2330 2949 2486 3003 nobis
2521 2959 2575 3001 et
2604 2959 2800 3003 cuncto
2832 2949 3027 3019 populo
3054 2949 3364 3006 Christiano
3392 2953 3571 3007 securi
3602 2950 3765 3005 Domi-

2202 3055 2331 3094 num
2367 3039 2612 3107 quotidie
2634 3050 2882 3095 exorent.

2271 3130 2465 3184 Datum
2494 3146 2624 3185 .vvttt
2648 3129 2766 3185 Kal.
2794 3129 2937 3194 Maii,
2969 3131 3315 3201 pontiﬁcatus
3355 3133 3528 3187 nostri
3561 3148 3690 3187 anno
3710 3131 3761 3196 2,

2198 3221 2415 3278 Ottonis
2450 3223 2794 3293 imperatoris
2839 3239 2929 3279 an.
2971 3224 3006 3279 6
3059 3225 3354 3281 indictione
3389 3228 3758 3296 suprascripm.

512 3417 574 3462 ttt
603 3408 803 3462 nullam
840 3408 1184 3463 donationem
1214 3409 1301 3464 vel
1333 3409 1600 3465 redditum
1638 3410 1914 3479 publicum
1945 3410 2092 3465 Sace-

2207 3441 2408 3481 IOAXNIS
2457 3441 2603 3480 PAP£
2642 3442 2739 3481 XIII
2779 3441 2947 3481 BULLA
2988 3441 3088 3479 PRO
3126 3441 3514 3517 INSTITUTIIOﬂE
3552 3441 3762 3481 Αιειιιε-

510 3507 652 3553 rent.
700 3497 852 3553 Unde
900 3499 1207 3567 compuncti
1265 3498 1446 3553 divina
1488 3498 1860 3553 misericordia
1903 3500 1969 3552 ad
2007 3513 2095 3553 eo-

513 3602 632 3644 rum
668 3589 982 3659 petitionem
1023 3589 1487 3644 commodavimus
1528 3605 1781 3655 sensum;
1819 3599 1870 3643 et
1913 3589 2032 3644 ideo
2062 3604 2093 3643 a

513 3680 766 3749 praesenti
797 3680 1006 3735 decima
1048 3680 1341 3735 indictione
1377 3681 1628 3735 oumibus
1662 3682 1910 3746 ducibus,
1950 3697 2092 3736 mar-

510 3771 841 3836 cltionibtts,
897 3772 1187 3828 comitibus
1242 3770 1664 3842 iudicibusque,
1724 3781 1778 3827 et
1837 3773 2093 3829 universo

509 3861 711 3933 populo
756 3878 788 3917 a
835 3877 1030 3933 magno
1074 3878 1244 3933 usque
1289 3863 1357 3918 ad
1400 3878 1628 3933 parvum
1673 3864 1725 3917 in
1764 3863 2090 3919 Bononiensi

510 3954 708 4026 oppido
766 3956 1268 4021 commorantibus,
1327 3956 1539 4011 dilectis
1589 3955 1839 4010 ﬁdelibus
1892 3956 2093 4010 nostris

513 4055 700 4100 notum
729 4060 850 4101 esse
876 4046 1144 4114 volumus,
1170 4055 1227 4101 ut
1248 4062 1438 4102 omnes
1462 4046 1817 4101 Bononiensis
1839 4045 2094 4101 Ecclesia:

508 4135 628 4201 lilii,
671 4135 723 4189 id
749 4145 833 4190 est
860 4137 1196 4200 sacerdotes,
1236 4144 1290 4191 et
1316 4135 1509 4200 levitas,
1544 4151 1637 4190 seu
1667 4144 1893 4189 cunctus
1915 4134 2092 4189 clerus

510 4225 852 4294 ingesserunt
899 4234 1085 4279 nostro
1140 4224 1501 4294 apostolatui,
1539 4225 1647 4279 vim
1686 4240 1751 4279 ac
1781 4222 2091 4278 violentiam

515 4317 724 4386 perpeti
774 4318 827 4370 in
864 4318 977 4372 suis
1027 4317 1371 4372 facultatibus
1395 4358 1410 4383 ,
1446 4326 1500 4371 et
1537 4318 1717 4376 rebus.
1760 4326 1815 4370 et
1875 4332 2089 4386 posscs-

468 4414 473 4421 ‘
512 4406 785 4470 sionibus,
834 4413 888 4460 et
928 4407 1139 4476 publica
1184 4408 1252 4461 ab
1282 4407 1386 4461 illis
1422 4408 1564 4477 exigi
1600 4407 1846 4472 servitia,
1881 4417 1989 4461 tam
2038 4407 2090 4460 iu

514 4497 900 4553 ecclesiasticis
928 4513 1089 4568 quam
1120 4498 1171 4551 in
1199 4498 1313 4553 suis
1338 4498 1623 4553 mobilibus
1650 4506 1704 4551 et
1730 4497 2092 4555 immobilibus

512 4588 873 4655 substantiis;
918 4590 1061 4659 quod
1105 4600 1294 4645 contra
1349 4590 1590 4644 onmium
1631 4599 1833 4645 statuta
1872 4599 2090 4645 sancto~

512 4697 632 4735 rum
680 4681 899 4736 Patrum
951 4693 1007 4738 et
1052 4683 1369 4738 canonicam
1418 4683 1795 4737 auctoritatem
1824 4697 1943 4737 esse
1974 4698 2093 4737 cer-

2509 3510 2829 3553 PISCOPATUS
2861 3511 3333 3553 IAGDEBUBGENSIS
3372 3499 3472 3567 (ι).

2651 3642 2655 3647 ,
2788 3587 2977 3656 (Anno
3012 3587 3176 3659 967.)

2336 3677 2513 3750 [Apud
2538 3677 2727 3741 Mansn,
2763 3676 2966 3732 Concil.
3002 3687 3133 3732 tom.
3168 3678 3302 3742 VIII,
3330 3678 3434 3734 col.
3470 3678 3625 3751 509.]

2263 3768 2496 3825 JtuNNES
2523 3771 2838 3840 episcopus,
2869 3785 3063 3823 servus
3092 3785 3372 3841 servorum
3418 3771 3538 3835 Dei,
3575 3773 3768 3841 episco-

2192 3878 2296 3933 pus
2333 3862 2482 3918 urbis
2528 3862 2733 3927 Bonae,
2760 3861 3213 3933 archiepiscopis,
3243 3863 3516 3932 episcopis
3554 3874 3610 3917 et
3648 3880 3769 3918 cun-

2193 3955 2296 4009 ctis
2335 3955 2651 4010 timentibus
2688 3955 2889 4021 Deum,
2937 3956 3192 4025 omnique
3231 3956 3396 4011 οωιυί
3439 3954 3770 4012 Christiano-

2196 4059 2339 4099 rum.

2266 4134 2465 4189 Notum
2511 4149 2633 4190 esse
2671 4135 2917 4190 volumus
2953 4135 3209 4204 qualiter,
3252 4135 3559 4205 inspirante
3596 4146 3776 4193 sancto

2196 4226 2433 4297 Spiritu,
2476 4227 2792 4295 meritisque
2829 4227 3194 4296 apestolorum
3223 4227 3487 4296 principis
3517 4224 3700 4289 Petri,
3729 4236 3778 4279 et

2194 4318 2339 4372 vasis
2369 4318 2649 4371 electionis
2684 4317 3015 4371 sanctissimi
3044 4315 3221 4381 Pauli,
3254 4332 3319 4371 ac
3346 4318 3518 4372 millia
3553 4319 3774 4372 millium

2195 4421 2493 4478 martyrum
2536 4406 2761 4471 Christi,
2812 4406 2981 4461 Roma
3031 4418 3196 4476 caput
3245 4408 3411 4463 totius
3464 4411 3684 4472 tnundi,
3728 4421 3776 4462 et

2195 4498 2435 4554 Ecclesia
2469 4499 2791 4553 universalis
2829 4497 2898 4554 ab
2933 4498 3134 4567 iniquis
3175 4514 3317 4569 pone
3346 4503 3719 4569 pessumdata,
3748 4517 3774 4549 δ

2196 4593 2422 4649 Domino
2470 4591 2667 4646 Ottone
2699 4590 2943 4661 Augusto
2990 4590 3351 4660 imperatore,
3399 4608 3429 4646 a
3473 4592 3588 4647 Deo
3628 4608 3775 4646 coro-

2194 4694 2319 4738 nato
2343 4682 2555 4738 Caesare
2576 4722 2590 4747 ,
2621 4690 2676 4736 et
2711 4697 2905 4751 magno
2929 4690 2983 4736 et
3012 4693 3093 4736 ter
3122 4682 3408 4738 benedicta
3428 4722 3443 4747 ,
3476 4697 3624 4736 anno
3649 4698 3772 4750 apu-

516 4782 757 4829 neretur.
809 4776 989 4842 Quare
1038 4776 1250 4829 illorum
1289 4776 1691 4832 calamitatibus
1722 4774 2088 4838 condolentes,
2121 4772 2426 4849 Dstolatus
2490 4771 2660 4826 nostri
2729 4771 2998 4834 secundo,
3065 4773 3341 4843 ipsiusque
3398 4770 3767 4842 przenominati

512 4881 610 4935 per
665 4867 766 4921 has
816 4877 1031 4922 nostras
1086 4867 1295 4921 litteras
1344 4868 1565 4922 omnino
1618 4868 1988 4922 interdicimus
2035 4875 2090 4921 et

512 4955 897 5023 prohibemus,
942 4971 1126 5010 eorum
1170 4958 1304 5012 nihil
1345 4959 1414 5013 ab
1453 4957 1533 5012 eis
1567 4958 1648 5012 vel
1686 4958 2089 5012 successoribus

512 5042 728 5098 illorum
767 5044 910 5115 exigi
955 5045 1023 5100 ab
1069 5047 1244 5115 aliqua
1298 5062 1486 5116 magna
1522 5061 1796 5116 parvaque
1834 5061 2085 5116 persona,

512 5147 633 5180 num
673 5133 779 5182 illis
808 5133 925 5182 iure.
952 5144 1005 5182 et
1036 5135 1279 5184 localiter
1308 5147 1641 5186 compertum
1669 5136 2083 5188 fcomnettmtﬂ.

2197 4864 2367 4918 nostri
2417 4863 2715 4932 spiritttalis
2771 4863 2863 4917 lilii
2932 4865 3259 4925 sanctissimi
3330 4865 3544 4933 imperii
3601 4873 3765 4923 sexto,

2193 4964 2374 5009 erecta
2408 4965 2513 5019 est,
2550 4963 2606 5008 et
2639 4956 2693 5008 in
2730 4954 3015 5022 pristinum
3054 4955 3313 5009 honorem
3340 4955 3488 5008 omni
3524 4968 3763 5008 reveren-

2196 5048 2267 5100 tia
2338 5047 2578 5101 redaeta.
2635 5045 2755 5114 Ipso
2810 5060 3046 5113 namque
3101 5061 3245 5099 anno
3295 5061 3402 5100 una
3458 5046 3761 5107 nobiscum,

2195 5140 2410 5188 favente.
2458 5149 2514 5188 et
2560 5140 2938 5188 consentiente
2977 5138 3328 5188 invictissime
3374 5141 3631 5188 nra‘dicto
3664 5140 3757 5188 im-
