3972 5428
182 268 286 326 933

1425 269 1778 327 £PlSTOL.E
1822 268 1908 324 cr
1945 232 2282 321 pecuum:

3340 242 3448 298 θὸι

186 381 304 434 Kal.
350 380 505 448 Maii,
546 386 992 443 convenientibus
1022 388 1442 458 archiepiscopis
1473 398 1524 444 et
1565 388 1769 457 episco-
1803 391 1846 447 Α
1876 392 1931 436 (ιι
1989 380 2256 435 scriniarii
2308 384 2509 431 sancltc
2559 374 2813 427 Romana:
2865 365 3120 422 Ecclesiae
3172 363 3226 416 in
3266 376 3448 415 Iliense

185 471 271 540 pis
290 472 719 545 circumquaque
744 494 808 531 ex
839 465 984 533 omni
1013 479 1186 544 Italia,
1221 480 1586 535 residentibus
1614 480 1770 534 nobis

1870 470 2067 541 Aprili,
2107 480 2162 523 et
2198 469 2382 522 iudiet.
2437 480 2487 518 κ.
2537 465 2771 519 Joannes
2823 469 3024 516 saneta:
3066 453 3345 511 catholica:
3389 459 3449 505 et

190 560 242 612 iu
276 563 515 618 ecclesia
561 565 704 620 beati
749 567 936 622 Severi
971 571 1299 625 confessoris
1341 570 1571 635 Christi,
1608 578 1663 625 et
1698 571 1769 625 ibi
1856 559 2181 631 apostolicae
2224 557 2477 610 Romanm
2523 553 2777 607 Ecclesia:
2814 550 3010 620 pracsul
3059 547 3185 600 lmic
3231 543 3452 598 decreto

190 653 414 707 statutis
471 656 722 711 omnibus
783 659 945 714 rebus
996 660 1419 725 ecclesiasticis,
1475 660 1771 715 secundum

192 752 394 796 statuta
432 760 723 813 rationum,
753 760 809 804 et
847 757 1061 804 decreta
1105 761 1511 807 autecessorum
1559 761 1770 806 nostro.

192 848 352 898 rum,
404 835 544 889 idem
614 841 990 896 sanctissimus
1043 844 1338 912 imperator
1393 840 1773 898 ardentissimo

194 928 364 995 empit
391 943 579 982 amore
604 932 938 1001 perquirere,
971 936 1242 1003 quomodo
1269 945 1452 989 nostra
1478 936 1770 1002 apostolica

193 1020 525 1072 auctoritate
571 1034 600 1072 a
650 1021 945 1090 primordio
999 1039 1196 1078 nomen
1247 1026 1667 1079 Christianitatis
1720 1025 1772 1080 in

193 1108 607 1176 aquilonaribus
662 1114 903 1182 partibus
952 1115 1290 1172 dilatarctur.
1340 1117 1448 1173 Nos
1488 1133 1617 1173 vero
1658 1117 1773 1186 ejus

193 1200 441 1253 aninnun
493 1203 545 1255 in
590 1202 682 1257 Dei
724 1205 945 1261 servitio
979 1208 1048 1261 ita
1094 1209 1321 1264 mirifice
1359 1210 1633 1266 detentum
1676 1211 1776 1265 mi-

194 1301 419 1360 rantes,
456 1299 750 1352 conn'vere
781 1299 830 1353 ei
871 1301 1090 1371 dignum
1123 1303 1400 1370 duximus,
1447 1313 1774 1370 statuentes,

192 1397 454 1451 presente
493 1398 548 1442 et
582 1392 955 1448 consentiente
977 1407 1163 1451 saneta
1188 1398 1412 1468 synodo,
1446 1408 1500 1453 et
1528 1400 1644 1469 ipso
1678 1400 1778 1454 im-

196 1483 473 1577 peratore,
507 1488 564 1531 ut
592 1479 917 1554 Magdeburg
963 1485 1066 1539 sita
1100 1485 1253 1554 juxta
1288 1487 1497 1541 Albium
1537 1487 1776 1551 ﬂuvium,

197 1565 288 1624 ubi
330 1568 447 1638 ipse
490 1587 519 1625 a
562 1572 668 1626 Deo
705 1574 1018 1630 benedictus
1053 1576 1343 1647 imperator
1375 1593 1571 1649 corpus
1606 1578 1779 1632 sancti

197 1659 439 1715 Mauritii
491 1679 612 1718 cum
669 1666 853 1720 multis
903 1668 1235 1739 martyribus
1278 1669 1671 1734 collocaverat,
1726 1680 1781 1726 et

1872 667 1902 704 a
1936 650 2092 704 nobis
2131 648 2274 701 facto
2302 661 2400 715 pro
2431 643 2840 699 coulirmatione
2870 636 3186 706 subscripsi.

1946 738 2165 809 Signum
2197 735 2396 789 domini
2426 732 2633 787 Ottonis
2662 730 2881 800 piissimi
2910 724 3259 795 imperatoris.

1946 831 2057 899 Ego
2108 826 2417 882 Budoaldus
2468 824 2773 895 patriarcha
2824 829 3028 875 sanctae
3083 811 3446 886 Aquileiensis

1874 922 2129 979 Ecclesiae
2163 919 2399 983 interfui,
2434 916 2684 975 consensi
2720 921 2785 968 et
2813 910 3130 978 subscripsi.

2625 1047 2712 1104 lll.

1856 1188 2108 1230 ~DIPLOIA
2153 1183 2367 1225 JOANNIS
2423 1181 2566 1219 PAPE
2617 1176 2838 1222 Χιιικιέι
2888 1167 3283 1211 ῐιΑγεΝΜτεΝςι
3334 1164 3463 1205 CIV-

1948 1259 2090 1299 cmo
2130 1242 2205 1310 (Ξ)
2248 1252 2449 1301 unus,
2509 1250 2612 1298 ouo
2672 1243 2955 1285 ttcnowcu
3004 1234 3461 1279 SALlsBUItGl-ZNSESt

1950 1302 2401 1367 tacuistuscoruu
2438 1320 2666 1360 ueros”
2694 1318 2763 1355 ετ
2796 1302 3244 1357 excouuuxteu;
3275 1305 3464 1345 rume-

1952 1398 2114 1439 ιιιεωι
2157 1396 2293 1436 VERO
2323 1395 2443 1433 EJUS
2472 1391 2602 1429 LOCO
2630 1383 3079 1427 ARCHIEPISCOI‘III
3115 1380 3311 1420 απελτ.

2489 1467 2668 1535 (Anno
2696 1462 2845 1530 967.)

2027 1563 2203 1638 [Apud
2234 1561 2427 1625 MANSI,
2455 1556 2657 1613 Concil.
2688 1565 2817 1609 tom.
2850 1549 3148 1613 XVlll,col.
3174 1545 3326 1618 499.]

1952 1657 2205 1721 ἔσηπε,
2260 1662 2459 1709 sancta:
2503 1650 2754 1704 Romana:
2778 1655 2831 1701 et
2878 1643 3182 1714 apostolicae
3217 1637 3471 1694 Ecclesia:

198 1758 351 1810 mira:
381 1761 769 1829 magnitudinis
796 1762 1078 1818 ecclesiam
1105 1774 1503 1831 construxerat,
1529 1766 1781 1836 deinceps

1906 1750 2098 1815 trmsul,
2126 1748 2376 1805 omnilms
2404 1738 2823 1809 archiepiscopis
2853 1746 2905 1792 et
2951 1733 3235 1805 episcopis,
3269 1731 3470 1786 nostris

201 1851 524 1916 metropolis
563 1853 632 1906 sit
662 1863 717 1908 et
751 1855 1062 1911 nominetur
1097 1860 1419 1913 auctoritate
1453 1848 1594 1913 beati
1634 1859 1780 1914 Petri

199 1944 574 2011 apostolorum
629 1949 921 2017 principis,
972 1960 1028 2005 ct
1079 1967 1140 2006 ea
1194 1968 1300 2022 qua
1356 1952 1783 2021 prmdecessores

198 2034 371 2089 nostri
443 2034 1002 2109 Constantinopolim,
1076 2051 1402 2097 statuerunt.
1476 2044 1601 2099 Ideo
1656 2043 1783 2113 quia

200 2122 344 2177 ﬁlius
394 2135 603 2190 noster,
649 2141 790 2197 sape
832 2130 945 2199 jam
992 2133 1297 2187 nominatus
1338 2134 1495 2200 Otto,
1545 2135 1783 2189 oumium

201 2214 572 2315 Augustorum
616 2220 1060 2288 augustissimus,
1110 2224 1298 2277 tertius
1342 2233 1463 2292 post
1515 2224 1784 2278 Constan-

207 2308 426 2369 tinum,
488 2308 721 2365 maxime
778 2310 1075 2366 Romanam
1130 2314 1430 2368 Ecclesium
1485 2315 1785 2381 exaltavit,

200 2403 574 2452 concessimus
618 2406 676 2451 ut
712 2414 815 2454 non
864 2403 1132 2471 posterior
1184 2405 1253 2458 sit
1297 2405 1508 2459 czcteris
1565 2406 1788 2460 urbibus

166 2532 171 2533 ,
204 2486 676 2552 metropolitanis,
716 2491 807 2545 sed
840 2508 960 2545 cum
994 2492 1184 2561 primis
1220 2493 1419 2562 prima,
1452 2503 1504 2547 et
1532 2509 1653 2547 cum
1698 2510 1790 2547 an-

205 2579 372 2647 tiquis
416 2583 640 2652 antiqua
672 2585 984 2641 inconvulsa
1027 2596 1366 2657 permaneat.
1408 2588 1792 2659 Suffraganeos

205 2684 335 2725 vero
363 2672 540 2728 eidem
570 2678 850 2748 metropoli
886 2694 1074 2735 omnes
1114 2682 1442 2735 unanimiter
1470 2682 1792 2749 prreerdine-

206 2762 407 2828 vimus,
436 2764 1010 2840 Brandenburgensem
1042 2773 1378 2843 episcopum,
1410 2782 1464 2826 et
1495 2772 1790 2828 llavelber-

154 2879 159 2883 ο
207 2868 468 2923 gensem,
510 2857 577 2912 iis
605 2861 813 2914 cunctis
849 2862 1260 2933 quibusennque
1291 2866 1586 2934 imperator
1622 2865 1794 2919 voluit

209 2947 263 2997 in
330 2946 468 3030 urbe
527 2948 853 3021 Magdeburg
911 2955 1350 3025 archiepiscopus
1416 2966 1787 3009 consecretur.

1882 1823 2092 1901 dilectis
2118 1843 2171 1896 in
2200 1839 2419 1909 Christo
2450 1833 2725 1893 fratribus,
2760 1831 2899 1900 apud
2928 1836 3167 1881 sanctam
3205 1823 3469 1893 synodum

1882 1937 2155 1991 Ravenna:
2179 1932 2457 1987 nobiseum
2486 1923 2811 1998 aggregatis,
2864 1930 3078 1975 atterna:
3122 1912 3472 1971 beatitudinis

1882 2030 2095 2102 gaudhn

1957 2115 2246 2174 Sauctitati
2294 2129 2357 2169 ac
2397 2109 2670 2167 dilectioni
2714 2117 2899 2160 notum
2936 2111 3130 2157 vestrae
3158 2112 3277 2153 esse
3319 2093 3473 2149 volu-

1884 2228 2026 2270 mus.
2068 2211 2209 2280 quod
2238 2207 2502 2263 llcroidus
2529 2202 2730 2257 dudum
2762 2193 3190 2265 Salisbnrgensis
3218 2188 3473 2245 Ecclesiae

1887 2302 2354 2369 archiepiscopus,
2400 2303 2589 2351 contra
2644 2289 2962 2346 canonicam
3020 2293 3073 2340 et
3121 2280 3473 2351 apostolicam

1887 2394 2265 2450 auctoritatem
2325 2388 2527 2444 nefaria
2581 2384 3002 2457 praesumptione
3064 2386 3183 2448 post
3253 2388 3474 2430 suorum

1887 2484 2165 2539 oculorum
2220 2480 2564 2535 amissionem
2629 2476 2873 2528 videatur
2928 2484 3143 2525 sacrum
3199 2466 3475 2521 celebrare

1889 2575 2205 2647 mysterium
2229 2589 2244 2638 ;
2290 2582 2365 2634 et,
2402 2570 2546 2639 quod
2577 2566 2859 2621 ridiculmn
2888 2572 2992 2626 est,
3019 2560 3239 2630 pallium
3264 2565 3478 2628 gestare

1890 2665 2221 2722 soletnniter.
2255 2662 2367 2716 Iloc
2393 2674 2624 2728 ttatnque
2652 2672 2756 2711 non
2803 2656 2868 2708 ad
2915 2653 3178 2708 modicam
3211 2650 3481 2705 haereseos

1889 2755 2166 2810 vesaniam
2191 2752 2407 2813 attinet,
2437 2758 2491 2803 et
2535 2748 2686 2801 nobis
2727 2745 3079 2810 oumiumque
3119 2741 3345 2793 fratrum
3391 2752 3483 2792 or—

1893 2845 2249 2901 thodoxorum
2297 2838 2594 2910 prudentia:
2662 2836 2821 2891 debet
2886 2832 3052 2889 vidcti
3106 2814 3479 2890 exsecrabile;

1890 2936 2198 3009 prxesertim
2228 2950 2351 2988 cum
2383 2935 2498 3002 ipse
2528 2948 2625 3001 pro
2653 2946 2749 2985 sua
2780 2927 2934 2996 culpa
2970 2935 3019 2980 et
3048 2922 3286 2994 perﬁdiae
3314 2929 3485 2977 teme—

210 3025 426 3094 PoSte‘a~
439 3055 570 3095 vero
596 3042 737 3098 idem
772 3045 1211 3115 archiepiscopus
1233 3056 1286 3101 et
1313 3061 1654 3101 successores
1681 3046 1792 3114 ejus

1906 3031 2062 3084 ritate
2086 3026 2403 3083 exoculatus
2450 3026 2631 3086 sit,eo
2660 3023 2800 3091 quod
2835 3019 3093 3074 ecclesias
3146 3015 3238 3070 Dei
3289 3028 3486 3081 exspo-

212 3130 453 3185 babeant
493 3144 826 3201 potestatem‘
848 3153 946 3205 per
982 3153 1217 3208 congrua
1257 3138 1397 3203 loca,
1429 3140 1518 3192 ubi
1554 3155 1651 3209 per
1679 3138 1796 3193 illo-

212 3237 334 3275 rum
384 3223 1251 3293 praedicationemCbristiauitas
1286 3229 1548 3292 creverit,
1586 3229 1795 3298 episco-

212 3329 334 3383 pos,
365 3310 620 3405 ordi'ntire
669 3319 1022 3386 nominatim,
1076 3337 1216 3376 nunc
1270 3331 1325 3376 et
1380 3322 1799 3391 praesentialiter

215 3406 532 3478 Blerseburg
555 3409 697 3475 Cici,
743 3421 797 3465 et
819 3411 1007 3478 Misni,
1053 3415 1374 3484 aprzesenti
1409 3414 1616 3468 decima
1659 3414 1802 3468 indi-

215 3498 377 3552 tione.
442 3501 827 3568 perpetualiter
886 3503 1277 3559 confirmamus
1346 3504 1794 3574 permanendum.

215 3585 534 3643 Statnentes
589 3592 881 3660 apostolica
937 3609 1196 3659 censura,
1248 3594 1350 3649 sub
1396 3595 1561 3648 divini
1605 3595 1797 3664 judirii

144 3752 147 3753 ν
213 3679 604 3743 obtestatione,
637 3690 690 3736 ct
724 3683 1087 3738 anathematis
1132 3685 1635 3751 interdictionilms,
1671 3684 1799 3737 nulli

217 3769 388 3823 licere
436 3781 749 3839 nostrorum
803 3788 1177 3830 successorum
1228 3786 1395 3845 atque
1441 3776 1754 3846 pontificum
1782 3815 1796 3839 ,

219 3858 307 3912 vel
359 3859 450 3915 alii
495 3861 719 3917 cuilibet
773 3880 1045 3932 personae,
1102 3867 1218 3921 haec
1263 3883 1383 3936 qtuc
1428 3882 1459 3921 a
1510 3867 1665 3921 nobis
1714 3866 1799 3934 pia

221 3951 526 4007 intentione
575 3963 774 4009 statuta
814 3964 940 4011 sunt
990 3948 1043 4011 in
1084 3973 1436 4028 quoscunque
1474 3958 1799 4023 convellere,

220 4042 317 4096 sed
390 4043 574 4113 petius
634 4044 787 4100 firma
852 4048 1149 4103 stabilitate
1207 4049 1523 4104 inconvulsa
1583 4063 1802 4103 manere

219 4133 530 4190 definimus.
594 4136 651 4191 Si
713 4140 835 4208 quis
886 4151 1105 4205 autem,
1158 4143 1301 4211 quod
1362 4157 1468 4196 non
1531 4143 1803 4196 credimus

223 4226 519 4279 temerario
567 4242 699 4282 ausu
745 4238 930 4284 contra
990 4231 1091 4285 hoc
1147 4240 1390 4285 nostrum
1443 4230 1799 4300 apostolicum

220 4330 386 4385 agere
416 4324 818 4391 praesumpserit
850 4325 1146 4388 decretum,
1183 4326 1317 4379 sciat
1350 4341 1411 4382 se
1441 4324 1801 4379 auatbematis

223 4410 457 4464 vinculis
488 4412 823 4475 innodalum.
853 4425 906 4470 et
934 4434 962 4471 a
994 4430 1157 4487 regno
1192 4420 1283 4473 Dei
1313 4419 1571 4481 alienum,
1596 4426 1655 4472 et
1684 4434 1809 4473 cum

224 4499 406 4569 impiis
433 4513 639 4557 :eteruo
669 4505 932 4575 supplicio
968 4508 1300 4578 deputatum.
1336 4508 1401 4562 Et
1435 4523 1563 4563 vero
1602 4510 1692 4577 qui
1725 4510 1813 4577 pio

225 4607 415 4647 amore
456 4595 777 4651 observator
814 4598 973 4665 hujus
1012 4601 1179 4653 nostri
1220 4600 1482 4669 privilegii
1518 4582 1819 4663 exstiterit,

228 4685 662 4741 benedictionem
728 4705 757 4741 a
830 4691 1339 4745 misericordissitno
1409 4690 1637 4743 Domino
1706 4690 1815 4742 Deo

232 4786 417 4830 nostro
447 4780 705 4846 consequi
740 4792 1030 4844 mereatur,
1059 4792 1114 4836 et
1146 4783 1268 4836 vit-.e
1297 4791 1514 4835 ceterum
1543 4780 1816 4850 particeps

236 4874 395 4934 atque
418 4882 543 4920 cum
573 4870 778 4924 sanctis
804 4871 1056 4925 onmibus
1085 4872 1201 4927 sine
1235 4872 1341 4926 fine
1369 4872 1599 4927 laetetur.

302 4956 584 5027 Scriptum
608 4973 708 5029 per
741 4974 959 5014 manum
994 4959 1253 5030 Stephani
1278 4960 1494 5028 notarii,
1529 4962 1816 5033 regionarii

298 5154 375 5222 (*2)
421 5153 499 5207 De
530 5153 634 5208 hac
660 5164 865 5223 synodo
893 5152 947 5206 fit
982 5152 1184 5223 mentio
1219 5151 1356 5223 apud
1386 5155 1820 5212 continuatoretn

164 5256 167 5257 ν
230 5223 527 5296 lh-ginanis
585 5222 943 5277 liisa'erbis:
997 5240 1020 5296 r_
1063 5222 1223 5296 Auno
1266 5222 1558 5296 Dominica:
1612 5225 1819 5281 iucaru.

229 5291 348 5358 937,
382 5296 511 5351 Otto
543 5296 838 5362 imperator
875 5291 1111 5345 natalem
1147 5291 1355 5346 Domini
1403 5296 1698 5351 celebravit
1730 5306 1823 5351 :ct

227 5377 453 5426 excepto
482 5365 739 5426 praefecto
771 5362 951 5423 Urbis,
994 5361 1084 5426 qui
1122 5362 1427 5425 aufugerat,
1464 5365 1720 5418 tredecim
1753 5381 1819 5418 ex

1897 3120 2129 3183 liaverit,
2182 3120 2495 3172 thesaurum
2527 3114 2748 3184 paganis
2786 3111 3111 3182 erogaverit,
3135 3121 3362 3175 seseque
3406 3104 3488 3160 eis

1892 3207 2168 3280 junxerit,
2213 3208 2265 3262 in
2311 3206 2742 3261 Christianorum
2801 3216 2988 3256 necem
3038 3206 3093 3252 et
3136 3192 3488 3265 deprzedatio~

1899 3318 2059 3369 nem,
2104 3308 2293 3356 centra
2342 3298 2618 3355 dominmn
2663 3304 2719 3350 et
2760 3294 3063 3363 piissimum
3106 3290 3487 3357 imperatorem

1899 3410 2054 3450 suum
2105 3394 2373 3447 seniorem
2430 3389 2641 3444 rebellis
2666 3395 2722 3441 et
2773 3384 3006 3440 infidelis
3052 3378 3378 3436 exstiterit:
3436 3384 3491 3429 et

1898 3484 2125 3555 proinde
2153 3500 2181 3535 a
2205 3481 2579 3535 decessoribus
2603 3475 2801 3530 nostris
2830 3482 3033 3529 sanetae
3066 3469 3340 3524 memoriae
3357 3482 3491 3535 pou-

1902 3574 2135 3630 tificibus
2178 3587 2339 3625 omne
2385 3567 2720 3625 sacerdotale
2758 3564 2988 3620 ofﬁcium
3028 3576 3169 3630 saepe
3211 3560 3261 3613 ei
3298 3559 3370 3614 sit
3405 3558 3492 3611 in-

1904 3667 2214 3729 terdictnm;
2248 3675 2411 3732 atque
2439 3661 2700 3716 electione
2745 3666 2799 3711 et
2847 3654 3205 3727 pestulatione
3247 3651 3495 3707 omnium

1900 3774 2039 3829 pene
2087 3757 2367 3820 nobilium,
2396 3751 2769 3806 Bawariorum
2819 3747 3029 3801 scilicet
3071 3741 3392 3798 clericorum
3437 3748 3495 3793 ct

1902 3850 2384 3911 laicorum,sancta
2403 3842 2644 3896 Botnana
2674 3846 2845 3893 mater
2874 3834 3134 3898 Ecclesia,
3165 3847 3275 3886 sua:
3305 3837 3494 3883 aucto-

1904 3942 2083 4000 ritatis
2135 3937 2418 4011 privilegio
2451 3933 2783 3990 Fridericum
2821 3930 2999 3983 virum
3028 3924 3393 3982 venerabilem
3438 3931 3494 3976 et

1904 4032 2118 4090 cunctis
2142 4027 2484 4083 laudabilem
2519 4024 2635 4080 loco
2660 4021 2901 4089 ejusdem
2941 4018 3158 4075 lleroldi
3200 4015 3318 4070 ﬁeri
3349 4028 3503 4069 esses

1902 4140 2012 4196 que
2040 4113 2509 4190 archiepiscopum
2545 4115 2767 4170 omnino
2803 4108 3125 4168 decreverit.
3158 4105 3507 4174 Quapropter

1908 4228 2092 4288 itaque
2122 4224 2432 4270 nostrorum
2472 4211 2817 4266 decessorutn
2861 4203 3237 4261 auctoritatem
3268 4214 3509 4268 sequen-

1914 4319 2018 4373 tes,
2037 4315 2339 4374 vestraeque
2362 4302 2604 4357 onminm
2629 4298 2978 4355 fraternitatis
3007 4295 3320 4349 assensione
3342 4292 3509 4347 robo-

1917 4399 2042 4463 rati,
2076 4399 2243 4466 ipsius
2294 4392 2509 4447 lleroldi
2560 4392 2868 4446 haereticam
2897 4398 2954 4444 et
2996 4385 3337 4442 temerariam
3379 4399 3503 4452 pra-

1918 4491 2139 4544 vitalem
2173 4487 2366 4540 amodo
2415 4501 2477 4538 ac
2519 4483 2774 4549 deinceps
2816 4481 3137 4532 damnatnus
3182 4489 3245 4528 ac
3288 4472 3516 4540 penitus

1916 4581 2259 4637 confutamus
2297 4593 2363 4632 ex
2401 4576 2518 4629 vice
2553 4572 2693 4628 beati
2744 4571 2885 4624 Petri
2939 4567 3195 4637 principis
3224 4563 3507 4632 apostolo—

1918 4688 2061 4737 rum,
2094 4686 2300 4725 necnon
2328 4680 2516 4721 omnes
2538 4670 2821 4731 sequentes
2848 4660 3143 4714 caecitatem
3177 4654 3423 4722 corporis
3448 4664 3507 4707 et

1920 4765 2115 4819 mentis
2141 4761 2259 4829 ejus
2301 4760 2351 4812 in
2394 4757 2484 4810 tali
2527 4752 2944 4826 praasumptione
2972 4768 2985 4802 :
3013 4750 3171 4818 eique
3198 4744 3507 4801 communio

1919 4869 2107 4913 cantes
2132 4851 2669 4910 excommunicamus
2693 4848 2866 4915 primo
2894 4854 2949 4897 et
2981 4839 3507 4897 anathematizamus

1922 4966 2091 5023 usque
2134 4948 2200 5003 ad
2247 4944 2620 5017 plenissimam
2657 4936 3109 4994 emendationem.
3150 4930 3371 4998 Insuper
3392 4916 3515 4998 jam.

1922 5169 2057 5224 papa
2111 5146 2466 5224 plurimos-ex
2507 5142 2652 5195 Italia
2678 5146 2727 5224 et
2754 5134 3015 5224 RotnIania
3041 5129 3339 5224 ,οβιίῗςςδρῡε
3386 5140 3517 5177 003-

1923 5197 2274 5278 il‘di’iavi't—aet
2305 5214 2491 5267 habita
2524 5212 2760 5278 synodo.
2794 5204 3054 5278 multaad
3080 5197 3365 5278 tl_lilll:tlt.‘lll
3392 5210 3519 5248 san—

1923 5264 2307 5349 Eis-'iicciesam
2344 5264 2649 5337 adiumnti.
2670 5281 2735 5333 Et
2774 5276 3068 5349 apostolico
3097 5264 3291 5349 Jo_auui
3324 5273 3519 5349 "rupta

1923 5334 2009 5417 Et“
2027 5373 2225 5417 terram
2273 5334 2700 5426 liavettuatiutu,
2741 5334 2957 5426 ali-aque.
2997 5335 3303 5426 floull‘l'lﬂ“:
3332 5334 3522 5426 "mnis

3166 5403 3335 5426 Διιιηι..
3394 5404 3486 5426 .....l
