3972 5428
223 264 318 329 95?

1445 271 1806 333 ΕΡΙδΤΟίμλΕ
1854 272 1939 331 ΕΤ
1980 273 2318 332 θεεὶιετλ.

3404 271 3511 332 πε

222 406 334 443 esse
362 386 733 460 cognovimus,
770 401 866 458 per
901 387 1004 445 hoc
1036 398 1277 445 nostrum
1322 405 1351 445 a
1398 399 1549 461 parte
1597 402 1800 446 sancta:
1831 403 1868 452 Α
1906 390 2171 454 oratione,
2206 401 2262 445 et
2304 390 2654 448 investitione
2697 401 2901 448 sancta:
2958 392 3213 449 Ecclesia:
3262 402 3315 447 et
3363 385 3511 445 sedi’

226 486 475 540 ltomanm‘
518 476 770 538 Ecclesia:
807 477 954 539 beati
997 483 1141 539 Petri
1183 484 1411 556 apostoli
1450 485 1505 539 in
1547 486 1803 554 praedicta

223 586 402 631 sancta
444 576 778 632 Ferrariensi
815 577 1045 632 ecclesia
1091 574 1231 633 beati
1284 576 1525 647 Georgii,
1553 576 1808 631 similiter

225 683 402 723 coram
432 669 645 724 cunctis
674 669 982 724 astantibus
1009 677 1063 723 et
1092 669 1402 724 videntibus
1424 668 1810 723 Conﬁrmamus

224 771 584 832 praeceptum,
634 777 869 816 massam
918 762 1171 816 videlicet
1216 761 1585 816 Babilonicam
1638 761 1808 827 illam,

225 868 337 923 quae
368 863 599 909 vocatur
630 854 907 920 Ferraria,
959 854 1016 910 in
1050 872 1155 927 qua
1185 855 1299 927 ipsa
1350 865 1535 911 sancta
1581 855 1811 911 ecclesia

225 945 359 1001 beati
389 936 606 1019 Georgii
638 948 741 1003 sita
789 958 847 1002 et
893 961 1212 1007 consecrata
1248 963 1333 1008 est
1369 969 1492 1009 cum
1525 953 1808 1010 duodecim

226 1036 398 1094 fundis
422 1040 538 1095 suis
563 1057 578 1106 ;
616 1041 701 1096 cui
727 1040 865 1097 alias
889 1058 1078 1099 omnes
1104 1060 1313 1101 massas
1344 1045 1583 1102 minores
1608 1047 1813 1117 positas

225 1128 359 1186 inl'ra
385 1142 634 1187 nostrum
660 1132 919 1189 ducatum
963 1145 1021 1190 et
1052 1138 1371 1192 comitatum
1401 1139 1809 1197 Ferrariensem

224 1237 342 1277 cum
398 1223 551 1278 omni
617 1224 924 1280 obedientia
975 1235 1029 1282 et
1074 1229 1373 1285 securitate
1424 1230 1809 1304 subjugamus;

225 1330 453 1370 massam
488 1316 701 1371 scilicet
750 1324 807 1372 et
856 1318 1031 1389 ripam
1092 1319 1444 1388 Pullariolus,
1502 1338 1625 1379 cum
1679 1325 1814 1380 duo-

223 1408 388 1462 decim
438 1408 622 1465 fundis
667 1410 802 1476 suis,
836 1419 892 1465 et
937 1427 1173 1468 massam
1221 1412 1637 1472 Constantiacus
1686 1432 1812 1473 cum

223 1502 499 1559 duodecim
546 1505 729 1562 [un-lis
766 1508 900 1574 suis,
923 1517 979 1563 et
1008 1525 1244 1566 massam
1276 1513 1667 1582 quartisianam
1688 1531 1811 1571 cum

222 1594 496 1651 d:olce'm
531 1596 712 1654 fundis
738 1599 882 1665 suis;
907 1610 961 1656 et
991 1618 1229 1659 massam
1264 1605 1478 1661 Donero
1517 1622 1640 1661 cum
1681 1607 1815 1663 duo-

223 1686 387 1742 d.-cim
438 1688 626 1745 fitndis
672 1692 818 1757 suis;
871 1694 1061 1765 sicque
1093 1711 1333 1763 massam
1381 1698 1638 1755 Petriculi
1688 1716 1814 1755 cum

224 1782 497 1841 duodecim
547 1787 730 1844 fundis
780 1790 928 1857 suis;
986 1801 1044 1848 et
1070 1809 1302 1849 massam
1349 1791 1635 1864 Popularis
1685 1808 1812 1848 cum

224 1874 499 1931 duodecim
543 1876 727 1935 l‘tuulis
772 1882 915 1948 suis;
954 1883 1213 1940 similiter
1248 1901 1489 1941 massam
1522 1884 1730 1950 Curuli,
1760 1892 1817 1940 et

226 1985 448 2030 massam
473 1970 749 2030 Salectam
777 1990 900 2031 cum
949 1978 1140 2049 viginti
1165 1990 1401 2050 quatuor
1436 1979 1620 2034 fundis
1665 1978 1811 2045 suis;

224 2067 274 2114 et
301 2075 534 2116 massam
590 2062 926 2131 Seneticam,
971 2077 1027 2122 et
1067 2066 1419 2125 Castilionem
1464 2085 1590 2124 cum
1637 2069 1817 2125 omni-

226 2152 318 2207 bus
361 2152 546 2210 l'undis
593 2157 737 2221 suis;
789 2158 1045 2215 similiter
1088 2171 1144 2217 et
1188 2177 1426 2218 massam
1474 2162 1815 2218 Firmianum

227 2258 339 2298 cum
365 2246 623 2303 omnibus
654 2248 858 2315 forulis,
904 2261 962 2307 et
998 2253 1342 2323 pertinentiis
1371 2256 1501 2311 suis.
1545 2254 1654 2309 Has
1690 2255 1814 2324 qui-

227 2335 336 2389 dem
382 2352 581 2394 omnes
607 2353 822 2396 massas
851 2355 975 2396 cum
1006 2344 1262 2400 omnibus
1279 2345 1494 2415 jnribus
1517 2344 1622 2400 sibi
1651 2345 1817 2415 perti-

228 2426 493 2492 nentibus,
523 2429 665 2484 sicut
688 2445 720 2484 a
745 2428 954 2487 sanctis
976 2433 1180 2488 nostris
1208 2433 1535 2504 supradictis
1565 2443 1816 2488 anteces-

228 2519 426 2573 soribus
456 2520 511 2574 in
540 2521 762 2591 przelata
791 2533 981 2580 sancta
1009 2524 1351 2581 Ferrariensi
1392 2525 1623 2581 ecclesia
1670 2525 1814 2581 beati

228 2610 432 2681 Georgii
487 2612 746 2685 largitum
796 2615 916 2673 fore
947 2619 1335 2690 cognovimus;
1363 2620 1437 2676 ita
1480 2629 1535 2675 et
1583 2636 1682 2675 nos
1722 2635 1816 2691 per

228 2701 321 2756 hoc
346 2711 615 2770 nostrum,
645 2707 789 2761 sicut
820 2722 984 2777 supra
1017 2709 1222 2765 dictum
1268 2719 1372 2774 est,
1403 2711 1456 2766 in
1495 2721 1681 2766 sancta
1719 2727 1817 2765 no-

228 2800 328 2846 stra
353 2792 608 2858 ecclesia,
637 2804 696 2851 et
742 2797 840 2852 tibi
882 2799 1144 2867 praedicto
1168 2799 1404 2856 Martino
1445 2801 1733 2867 confratri,
1760 2811 1818 2858 et

229 2883 468 2955 episcopo
506 2895 718 2953 nostro,
761 2898 818 2943 et
873 2893 1281 2949 successoribus
1323 2894 1430 2949 tuis
1464 2894 1606 2950 infra
1641 2903 1814 2952 totum

229 2976 471 3032 ducatum
505 2986 672 3049 atque
694 2981 1036 3049 comitatum,
1068 2993 1124 3040 et
1162 2985 1533 3055 episcopatum
1568 3001 1815 3046 nostrum

228 3067 632 3127 Ferrariensem
670 3072 722 3126 in
764 3072 990 3145 singulis
1017 3077 1234 3144 massis,
1255 3078 1539 3139 ecclesias.
1565 3080 1814 3146 clericos,
1843 3108 1888 3167 ε

228 3161 588 3233 presbyteros,
613 3163 874 3220 diaconos
904 3166 1160 3223 ordinare
1186 3176 1242 3224 et
1267 3185 1611 3226 consecrare.
1642 3171 1817 3242 Super

229 3248 333 3304 lucc
351 3250 576 3320 quidem
605 3254 786 3309 omnia
797 3293 815 3322 ,
837 3256 1092 3312 omnibus
1121 3268 1229 3313 tam
1260 3262 1620 3329 praesentibus
1650 3278 1814 3333 quam

228 3338 555 3407 absentibus,
614 3353 804 3400 notum
851 3346 967 3400 ﬁeri
1018 3347 1298 3413 volumus,
1351 3367 1448 3421 per
1494 3354 1814 3422 praedictum

227 3428 585 3499 episcopatum
626 3432 1054 3501 Ferrariensem,
1081 3446 1137 3492 et
1167 3439 1456 3494 ecclesiam
1485 3441 1545 3495 S.
1573 3441 1813 3513 Georgii,

229 3528 276 3573 et
304 3530 353 3575 te
376 3521 669 3577 Martinam
700 3525 1037 3595 episcopum,
1069 3535 1298 3598 tuosque
1358 3529 1569 3586 futuros
1598 3547 1814 3588 succes-

227 3624 397 3678 sores,
451 3613 763 3682 episcopos,
813 3624 1103 3687 utramque
1157 3619 1472 3689 parochiam
1530 3634 1814 3692 perpetuo,

225 3702 359 3759 sicut
403 3705 712 3775 supradicti
767 3708 940 3763 nosu'i
984 3719 1363 3768 antecessores
1413 3712 1720 3769 habuerunt
1760 3724 1817 3770 et

226 3798 510 3854 tenuerunt
555 3795 610 3850 in
669 3811 768 3852 suo
817 3796 1088 3863 dominio;
1139 3800 1212 3854 ita
1257 3809 1313 3856 et
1352 3816 1451 3857 nos
1483 3803 1536 3856 in
1573 3802 1720 3872 jure,
1759 3813 1817 3860 et

226 3879 476 3949 dominio,
505 3899 600 3940 seu
644 3886 926 3959 privilegio
956 3898 1161 3945 sanctae
1188 3898 1388 3946 nostrae
1423 3891 1682 3948 Romana:
1713 3894 1813 3949 Ec-

225 3971 394 4029 clesia:
422 3977 568 4031 beati
600 3976 747 4033 Petri
789 3968 1047 4049 apostoli,
1079 3989 1135 4036 et
1160 3992 1350 4037 nostro
1392 3994 1814 4056 nostrorumque

224 4078 590 4123 successorum
633 4083 851 4140 semper
900 4078 1167 4127 tenemus.
1215 4072 1285 4128 Ut
1336 4073 1410 4128 sit
1449 4088 1667 4144 semper
1714 4075 1815 4131 sub

223 4165 398 4212 nostra
425 4159 716 4226 eisetione,
744 4161 1110 4227 ordinatione,
1142 4164 1509 4231 investitione,
1532 4178 1587 4222 et
1613 4183 1808 4223 conse-

223 4247 478 4312 cration-3,
509 4257 564 4304 et
592 4249 863 4305 districto.
909 4251 972 4305 Et
1011 4269 1119 4308 non
1153 4254 1307 4309 liceat
1348 4271 1584 4325 unquam
1609 4253 1811 4312 nemini

224 4336 284 4390 de
321 4340 424 4393 tuis
451 4342 861 4396 successoribus
892 4342 1109 4409 futuris,
1160 4346 1424 4417 eligendis
1451 4350 1504 4403 in
1546 4350 1662 4418 ipso
1694 4351 1810 4420 epi-

1914 479 2170 537 Romante
2201 485 2343 539 beati
2375 484 2520 540 Petri
2545 487 2773 555 apostoli
2794 487 3153 555 separaverit,
3187 485 3269 541 vel
3301 487 3509 541 aliena-

1912 574 2070 639 verit,
2109 582 2205 628 aut
2262 575 2307 629 si
2365 575 2433 630 de
2483 577 2733 633 onmibns
2776 593 2897 648 qua:
2941 594 2970 631 a
3029 586 3216 632 sancta
3260 577 3507 632 Romana

1912 662 2152 719 Ecclesia
2174 666 2276 719 sibi
2309 675 2435 721 sunt
2469 667 2593 722 data
2625 677 2681 722 et
2724 671 2920 724 tradita
2953 669 3365 725 diminuere'vel
3395 686 3510 724 mo-
3568 726 3571 731 ,

1913 756 2112 811 lcstare
2166 757 2395 812 tentabit
2447 758 2553 812 ullo
2587 760 2765 820 modo.
2796 761 2879 814 vel
2907 760 3122 829 ingenio
3168 776 3407 831 unquam
3453 761 3509 815 in

1913 845 2093 915 aliquo
2141 855 2383 915 tempore
2421 848 2782 902 anathctuatis
2820 850 3031 904 vinculo
3078 866 3106 904 a
3147 862 3300 921 parte
3338 851 3512 905 omni.

1913 937 2151 1007 potentis
2185 938 2299 1003 Dei,
2346 948 2401 993 et
2424 936 2596 995 beata:
2624 938 2849 1009 virginis
2891 938 3093 1004 Marias,
3118 950 3173 994 et
3224 942 3509 996 beatorum

1913 1025 2282 1095 apostolorum
2315 1025 2460 1081 Petri
2490 1036 2545 1082 et
2572 1024 2755 1088 Pauli,
2786 1035 2842 1082 et
2880 1027 3124 1081 omnium
3173 1037 3510 1094 sanctorum,

1912 1126 1968 1172 et
2016 1129 2201 1172 nostra
2247 1126 2513 1187 perpetuo
2557 1117 2997 1188 alligamus,cui
3044 1132 3235 1174 omnes
3272 1118 3364 1187 qui
3414 1120 3506 1172 ad-

1915 1217 2072 1263 erant
2094 1209 2165 1263 ibi
2209 1208 2867 1278 responderuntdicentes
2899 1226 2914 1264 :
2950 1209 3092 1273 Fiat,
3126 1208 3239 1263 ﬂat.
3271 1208 3514 1275 Quorum

1917 1301 2140 1356 nomina
2172 1312 2302 1356 sunt
2343 1302 2434 1357 hic
2480 1301 2533 1357 in
2572 1312 2729 1372 parte
2764 1303 3054 1373 descripta,
3089 1301 3142 1356 id
3180 1310 3264 1357 est
3306 1301 3360 1355 in
3401 1302 3515 1371 pri-

1917 1393 2023 1446 mis
2052 1409 2067 1445 :

1988 1483 2251 1540 Martinus
2276 1486 2565 1555 episcopus
2593 1496 2798 1541 sanctze
2828 1485 3169 1540 Sutrinensis
3198 1485 3476 1541 Ecclesiae.

1987 1575 2152 1631 Wido
2173 1576 2459 1645 episcopus
2478 1586 2681 1632 sanctae
2704 1575 3011 1631 Sersenatis
3038 1575 3320 1630 Ecclesiae.

1986 1664 2224 1721 Joannes
2246 1666 2535 1737 episcopus
2565 1675 2768 1721 sanctae
2794 1664 3160 1720 Corneliensis
3189 1663 3482 1730 Ecclesia,

1845 1763 1889 1824 Β
1987 1754 2123 1810 Azio
2171 1754 2633 1825 protoscrinarius
2674 1764 2730 1811 et
2763 1755 3133 1826 apocrisarius
3172 1762 3377 1810 sanctas
3409 1753 3514 1808 Bo-

1919 1858 2093 1899 manre
2121 1844 2402 1901 Ecclesiae.

1988 1934 2225 1992 Joannes
2246 1936 2353 1991 dus
2371 1936 2522 1992 urbis
2547 1935 2753 2002 Romae,
2779 1938 2873 2008 qui
2907 1947 3132 1993 vocatur
3158 1936 3517 1991 Gambaruto.

1991 2048 2302 2120 Stephanus
2334 2048 2625 2105 iuiculator
2648 2048 2800 2103 urbis
2853 2049 3060 2104 Roma).

1990 2140 2101 2196 Nec
2129 2156 2233 2196 non
2263 2141 2463 2197 Paulus
2491 2140 2762 2212 gloriosus
2783 2139 2976 2211 judex.

1989 2233 2125 2304 \‘igo
2156 2232 2321 2305 judex
2350 2232 2751 2288 Ferrariensis.

1986 2323 2183 2379 Petrus
2207 2325 2419 2380 dativus
2445 2324 2603 2379 istius
2629 2323 2872 2379 civitatis
2898 2321 3188 2378 Ravennae.

1988 2413 2223 2470 Joannes
2246 2415 2463 2469 dativus
2493 2412 2886 2469 Ferrarieusis.

1988 2505 2098 2562 Leo
2120 2506 2333 2561 dativus
2356 2505 2421 2560 de
2449 2504 2671 2559 civitate
2698 2502 3003 2579 Faventia.~

1991 2598 2186 2655 Petrus
2209 2607 2265 2655 et
2302 2598 2614 2670 Stephanus
2645 2597 2811 2653 dativi
2835 2596 3057 2653 Ferrar.

1988 2695 2185 2751 Petrus
2223 2708 2431 2749 comes.

1987 2786 2286 2850 Garardus,
2309 2794 2362 2841 et
2394 2783 2662 2839 llirardus
2692 2781 2758 2838 de
2784 2779 3104 2836 comitibus.

1987 2875 2307 2938 Arderatus,
2332 2882 2386 2929 et
2417 2872 2746 2927 ltambertus
2777 2872 3023 2943 germani
3055 2870 3350 2926 comitibus

1987 2966 2228 3024 Joannes
2257 2965 2366 3021 dux
2390 2968 2456 3021 de
2484 2965 2748 3020 Romano.

1989 3058 2229 3115 Joannes
2250 3068 2305 3116 et
2338 3057 2644 3112 Almericus
2669 3056 2910 3126 germani
2946 3056 3039 3110 lilii
3070 3057 3172 3111 sui.

1990 3150 2189 3205 Paulus
2208 3159 2262 3204 et
2289 3149 2482 3204 Petrus
2509 3147 2740 3203 ducibus
2768 3147 3145 3203 Traversaria.

1988 3243 2181 3299 Petrus
2206 3242 2349 3298 lilius
2374 3242 2480 3313 ipsi
2520 3241 2690 3296 Pauli.

1993 3334 2328 3390 Romualdus
2363 3335 2493 3388 dux.

1990 3426 2189 3481 Paulus
2224 3426 2367 3480 lilius
2391 3423 2686 3479 Vitabiani.

1986 3518 2222 3572 Joannes
2244 3515 2433 3571 consul
2462 3526 2515 3569 et
2540 3515 2827 3584 patricius.

1988 3608 2424 3665 ﬂeralduslilius
2454 3606 2658 3662 Jaraldi
2691 3623 2757 3662 ex
2793 3621 2992 3676 genere
3024 3605 3239 3660 ducum.

1985 3700 2299 3756 Atelbertus
2324 3709 2377 3753 et
2405 3699 2628 3768 Sergius
2654 3699 2896 3769 germani
2937 3698 3187 3751 ducibus.

1986 3792 2234 3851 Andreas
2260 3792 2402 3846 lilius
2430 3792 2703 3861 quondam
2726 3788 2946 3843 amabil.
2972 3788 3203 3844 dativus.

1988 3885 2283 3940 Deusdedit
2312 3882 2378 3937 de
2406 3881 2575 3937 Ponte
2600 3883 2863 3952 Augusto.

1986 3974 2235 4031 Gasirius
2266 3975 2406 4028 [ilius
2432 3972 2660 4028 Joannis
2685 3970 2945 4026 consulis.

1987 4067 2181 4123 Vitalis
2211 4069 2276 4123 de
2307 4068 2488 4122 Liuto.

1985 4158 2225 4215 Joannes
2254 4169 2309 4215 et
2351 4159 2538 4215 Luicio
2580 4158 2847 4231 germani,
2900 4157 2995 4214 filii
3044 4156 3315 4230 quondam
3359 4156 3505 4212 Ana-

1915 4253 2067 4309 stasii
2099 4252 2362 4307 consulis.

1989 4344 2294 4399 Leotarius.

223 4428 402 4495 scopio
427 4431 699 4501 episcopis
728 4431 795 4486 ad
814 4434 1011 4489 nullius
1039 4436 1357 4492 electionem
1385 4454 1559 4509 neque
1584 4441 1809 4496 investi-
1841 4447 1888 4507 ο
1983 4436 2178 4491 Petrus
2218 4438 2283 4490 de
2314 4435 2474 4490 Malo.

226 4515 415 4571 tionem
474 4520 557 4575 vel
589 4524 1062 4578 consecrationem
1127 4526 1226 4590 ire,
1284 4527 1387 4582 nisi
1440 4529 1507 4582 ad
1561 4541 1807 4584 nostram

224 4610 610 4666 sanctissimam
648 4614 831 4668 sedem
865 4614 1167 4670 Romanam
1198 4626 1253 4673 et
1281 4619 1636 4687 apostolicam
1666 4621 1807 4677 beati

223 4695 357 4753 Petri
402 4704 632 4769 apostoli
672 4713 1094 4777 nostrorumque
1138 4724 1515 4765 successorum
1551 4729 1565 4777 ;
1603 4721 1657 4767 et
1700 4729 1807 4768 non

223 4786 371 4842 liccat
427 4795 629 4848 nemini
686 4806 997 4852 nostrorum
1043 4814 1458 4864 successorum,
1509 4802 1590 4857 vel
1644 4802 1807 4857 alicui

225 4880 366 4950 rt-gni
394 4898 603 4955 magna:
627 4901 896 4955 person:e,
942 4891 1083 4961 regis
1127 4893 1340 4948 scilicet
1372 4892 1453 4948 vel
1483 4895 1657 4959 ducis,
1693 4895 1806 4965 epi-o

224 4971 360 5040 scopi
390 4988 567 5043 neque
615 4977 1031 5049 archiepiscopi,
1084 4981 1227 5039 hunc
1272 4981 1555 5052 praefatum
1599 4985 1806 5055 episco-

222 5073 339 5126 pum
367 5071 423 5117 et
456 5066 746 5122 ecclesiam
780 5071 955 5126 sancti
1001 5069 1242 5146 Georgii,
1301 5089 1477 5142 neque
1520 5077 1806 5147 episcopos

224 5163 250 5188 Ξ
285 5154 519 5188 δηηὶῖηἶη
579 5168 628 5188 nl
674 5158 727 5188 :u

734 5175 790 5188 ..Α
844 5169 893 5188 Α.
944 5161 1204 5188 ΛΙΑΑοῖκ---
1262 5163 1466 5188 ιιι-..ΙΣ-ηι

1984 4528 2276 4582 Mauricius
2302 4527 2475 4595 Spaza
2506 4526 2740 4581 inferno.

1983 4615 2174 4671 Vitalis
2199 4615 2340 4670 lilius
2375 4615 2565 4669 Vitatis
2586 4613 2653 4667 de
2681 4613 2911 4667 Marino.

2157 4707 2235 4761 De
2260 4706 2624 4761 tabelliunibus
2661 4716 2833 4759 autem
2861 4705 2995 4760 cives
3027 4703 3263 4759 Ruveuu.

1979 4799 2216 4855 Joannes
2244 4799 2433 4855 consul
2472 4799 2538 4854 de
2569 4796 2804 4864 tabellio,
2841 4799 2933 4868 qui
2968 4805 3192 4855 vocatur
3219 4794 3366 4856 Uter.

1982 4891 2292 4961 Stephanus
2316 4890 2557 4946 tabellio.
3228 4884 3235 4893 ’

1980 4983 2302 5041 Dominicus
2338 4984 2582 5051 tabellio,
2609 4983 2941 5055 Apollinaris
2976 4979 3218 5041 tabellio.

1980 5077 2205 5147 Sergius
2235 5076 2476 5146 tabellio,

2386 5169 2425 5188 'l
