3972 5428
455 262 470 285 1

527 236 635 291 959

1859 237 2142 294 JOANNlS
2180 236 2292 290 χιιι
2345 234 2544 291 ΡΑΡΑΞ

3676 234 3770 292 960

598 354 671 406 De
705 352 1142 407 Fcrrarieusibus
1173 360 1372 411 autem.
1400 350 1636 407 Joannes
1670 352 2110 423 archipresbyter
2136 362 2182 415 Α
2215 352 2356 421 regis
2381 351 2652 406 abbatissa
2678 350 2920 419 ejusdem
2951 350 3283 414 monasterii,
3308 358 3364 403 et
3412 348 3655 404 subditas
3683 350 3770 402 tibi

523 456 729 499 sanetae
756 444 1125 498 Ferrariensis
1156 443 1434 499 Ecclesiae.

598 535 885 605 Lopicinus
912 535 1350 590 archidiaconus.

591 629 787 684 Petrus
849 630 1164 701 presbyter,
1217 630 1482 702 Georgius
1541 631 1857 703 presbyter,
1911 632 2113 688 Bonizo

521 723 834 794 presbyter,
889 733 946 780 et
1001 724 1386 793 primieezius,
1445 724 1684 781 Joannes
1739 726 2113 781 archisubdia-

518 814 663 869 coni.

1177 906 1255 963 De
1280 908 1448 963 taicis.

587 999 699 1054 Leo
726 999 793 1055 de
822 1000 1034 1053 Andrea
1059 999 1268 1055 consul.

588 1088 826 1145 Refredo
857 1089 964 1144 lilio
993 1089 1128 1159 ejus,
1160 1090 1269 1145 Leo
1296 1092 1505 1146 consul.

588 1182 884 1252 Gregorius
918 1182 984 1237 de
1014 1182 1272 1247 Danielis,
1298 1191 1353 1236 et
1385 1183 1524 1239 alius
1563 1183 1862 1256 Gregorius
1895 1188 2107 1253 consul,

517 1269 712 1325 Petrus
735 1271 927 1326 consul
958 1272 1101 1326 ﬁlius
1142 1272 1339 1327 Leonis
1370 1275 1608 1331 consulis
1627 1316 1641 1342 ,
1664 1276 1949 1333 Anselmus
1974 1294 2107 1333 con-

517 1361 601 1415 sul
650 1361 796 1417 ﬁlius
831 1362 1169 1425 Raimbaldo,
1201 1362 1403 1419 Paulus
1433 1367 1643 1429 consul,
1670 1369 1760 1437 qui
1793 1380 2016 1423 vocatur
2042 1371 2109 1427 de

516 1453 785 1517 Nastasia,
810 1454 1050 1510 Joannes
1093 1458 1183 1525 qui
1216 1467 1444 1513 vocatur
1469 1459 1534 1514 de
1574 1458 1864 1523 Cristinia;
1898 1471 1952 1516 et
1974 1463 2110 1517 alio-

518 1563 635 1601 rum
665 1550 943 1604 hominum
973 1552 1285 1618 multitudo,
1310 1569 1542 1624 quorum
1568 1556 1789 1611 nomina
1823 1568 1968 1613 esset
1995 1559 2109 1613 lou-

515 1654 641 1708 gum
670 1640 737 1694 ad
762 1640 1129 1697 scribendum.

1279 1758 1345 1812 V.

514 1838 729 1878 JOANNIS
761 1841 907 1879 PAPJB
958 1842 1054 1880 XIII
1083 1842 1250 1882 BULLA
1302 1844 1368 1882 ΑΙ)
1406 1845 1723 1888 GERBERGAI
1777 1849 2103 1892 ABBATISSAM

1026 1911 1598 1973 cauosnsuemeussu.

1129 1999 1311 2069 (Anno
1341 2000 1498 2071 968.)

516 2090 813 2162 Ab_0ttone
871 2092 1072 2161 majore
1100 2104 1147 2145 et
1200 2094 1404 2146 minore
1455 2103 1691 2162 rogatus,
1734 2092 2105 2159 parthenonem

589 2160 1144 2216 Gamlersheimensem
1171 2163 1421 2216 tuendum
1447 2160 1663 2232 suscipit
1691 2173 1739 2217 et
1762 2162 1876 2232 ejus
1905 2179 2108 2231 posses-

591 2235 766 2286 siones
798 2232 1030 2303 jureque
1061 2233 1360 2301 conﬁrmat.

660 2320 838 2393 [Apud
861 2320 1055 2387 MANSI,
1086 2321 1311 2385 Concil.,
1344 2332 1473 2377 tom.
1499 2321 1686 2388 XVIII,
1713 2323 1818 2377 col.
1846 2323 1991 2395 5294

589 2433 823 2490 Joannes
843 2435 1154 2505 episcopus.
1193 2451 1385 2491 servus
1416 2450 1697 2491 servorum
1728 2434 1842 2500 Dei,
1898 2436 2108 2491 meritis

518 2537 577 2580 ct.
600 2526 883 2595 sanguinis
912 2526 1163 2582 claritate
1199 2528 1468 2591 rntilanti,
1524 2528 1899 2584 dilectissima:
1953 2530 2109 2584 nobis

520 2620 574 2671 in
604 2618 820 2672 Christo
846 2618 967 2674 ﬁlia:
994 2618 1318 2683 Censesne,
1346 2621 1648 2675 venerabili
1676 2621 1965 2677 abbatissa:
1992 2638 2110 2677 mo-

521 2712 746 2766 nasterii
779 2721 1094 2767 sanctorum
1143 2715 1517 2770 confessorum
1544 2716 1843 2770 Innocentii
1872 2728 1927 2770 et
1961 2718 2108 2771 Ana-
2162 2742 2167 2747 ~

519 2802 694 2863 stasii,
732 2803 877 2871 quod
907 2801 1305 2859 Ganzlersheim
1337 2816 1706 2877 nuncupatur,
1732 2817 1894 2877 atque
1924 2817 2108 2877 poste-

522 2893 600 2948 ris
633 2894 748 2949 suis
801 2896 854 2949 in
914 2905 1233 2966 perpetuam
1285 2899 1515 2955 salutem
1565 2902 2110 2973 b‘cnedictionemque

521 2988 892 3056 apostolicam.

596 3078 653 3132 Si
710 3080 813 3148 piis
850 3081 991 3136 votis
1044 3097 1108 3137 ac
1152 3084 1396 3153 petitioni
1446 3099 1726 3139 assensum
1779 3089 2104 3155 przebemus,

521 3168 881 3235 omnipotenti
910 3169 1021 3225 Deo
1055 3188 1156 3225 nos
1185 3172 1403 3242 placere
1431 3176 1727 3230 credimus.
1766 3176 2110 3246 Quapropter

522 3260 793 3313 universis
822 3272 1026 3315 sanctae
1048 3265 1334 3320 catholicae
1375 3267 1633 3321 Ecclesiae
1655 3268 1798 3333 ﬁliis,
1837 3271 2101 3337 presenti-

525 3348 627 3403 bus
648 3359 703 3403 et
735 3348 954 3417 futuris,
989 3364 1177 3409 notum
1216 3370 1335 3410 esse
1362 3359 1615 3413 volumus
1653 3360 1794 3428 quod
1823 3362 1874 3413 in
1901 3362 2109 3431 synodo

528 3454 650 3508 qua”:
676 3442 819 3509 apud
846 3458 1042 3510 corpus
1067 3446 1366 3501 beatissimi
1391 3447 1535 3502 Petri
1560 3451 1927 3519 apostolorum
1953 3453 2108 3521 pr2n~

524 3527 662 3597 cipis
697 3538 817 3584 acta
846 3541 929 3586 est
953 3534 1003 3586 in
1038 3548 1223 3591 mense
1246 3537 1583 3606 Decembris,
1610 3549 1664 3594 et
1689 3540 1983 3596 indictione
2016 3559 2112 3596 un-

524 3619 757 3683 decima,
786 3623 1047 3679 amabiles
1077 3627 1185 3681 Deo
1209 3644 1273 3684 ac
1311 3630 1622 3700 spirituales
1650 3631 1741 3686 lilii
1772 3633 2111 3696 nostri,0t;o

528 3710 705 3781 major
734 3722 790 3768 et
814 3716 1015 3785 minor,
1074 3721 1413 3783 serenissimi
1462 3723 1819 3792 imperatores
1857 3724 2106 3794 Augusti,

526 3804 880 3872 apostolicam
923 3810 1305 3875 paternitatem
1351 3820 1594 3867 nostram
1644 3814 1922 3871 humiliter
1948 3815 2107 3870 obse-

524 3911 684 3952 crare
705 3897 908 3967 dignati
933 3911 1082 3965 sunt,
1110 3918 1292 3957 coram
1341 3906 1764 3976 archiepiscopis
1814 3917 1869 3961 et
1898 3908 2107 3978 episco-

525 3987 631 4057 pis,
665 3990 916 4047 videlicet
958 3992 1160 4048 ltalicis
1202 4005 1255 4049 et
1288 3996 1730 4065 ultramoutanis,
1764 4015 1989 4055 numero
2017 4001 2112 4055 tri-

524 4077 675 4147 ginta
706 4086 761 4132 et
788 4095 903 4146 sex,
935 4092 1205 4152 quatenus
1233 4086 1515 4153 praefatum
1545 4090 1931 4144 monasterium
1968 4090 2112 4146 Ga'n-

529 4172 786 4235 derseim,
813 4175 955 4242 quod
978 4185 1193 4230 constat
1219 4192 1341 4231 esse
1373 4179 1473 4233 sub
1507 4190 1609 4234 tua:
1642 4181 1918 4238 ﬁliatiunis
1967 4185 2109 4254 regi-

529 4260 676 4314 mine
699 4261 862 4315 situm
893 4263 947 4317 in
967 4280 1134 4334 regno
1169 4267 1441 4321 citerioris
1472 4268 1722 4324 Saxonire
1751 4273 1816 4324 ad
1851 4274 2109 4327 honorem

2216 457 2430 496 sorores
2455 443 2520 495 ad
2547 442 2784 497 ctelestis
2822 443 3012 512 patriae
3064 442 3257 511 gaudia
3299 442 3600 510 expetenda
3630 441 3774 494 insti-

2213 548 2340 603 gare
2393 534 2644 602 prudenti
2690 534 3003 604 magisterio
3048 549 3154 587 non
3199 543 3395 587 cesset.
3452 531 3537 587 Sit
3577 547 3776 600 semper

2214 625 2421 679 eisdem
2452 623 2731 680 sororibus
2777 625 3012 680 facultas
3042 627 3155 679 sive
3194 624 3410 679 licentia
3455 638 3521 677 ex
3550 625 3662 691 ipsa
3688 639 3775 677 sua

2214 718 2633 786 congregatione
2665 727 2787 787 post
2809 718 3015 772 obitum
3046 718 3332 772 abbatissae
3355 716 3519 770 aliam
3543 716 3646 769 sibi
3670 732 3779 769 ma-

2213 816 2371 871 trem,
2430 809 2722 862 sccundum
2789 808 3029 877 regulam
3094 823 3279 873 suam,
3338 800 3688 867 substituere.
3728 816 3777 856 et

2214 915 2379 969 quam
2410 900 2711 968 digniorem
2744 901 2980 954 viderint
3027 900 3141 965 pari
3175 901 3358 953 animo
3388 908 3445 952 et
3472 911 3733 952 consensu
3761 912 3775 946 :

2212 991 2447 1045 habeant
2491 999 2811 1060 potestatem
2863 990 3083 1062 eligere.
3124 990 3526 1046 Conﬁrmamus
3582 1007 3708 1047 vero
3729 1004 3777 1047 et

2211 1081 2628 1135 corrohoramus
2654 1081 2751 1149 ipsi
2778 1088 2964 1135 sancto
3013 1080 3342 1134 monasterio
3367 1096 3557 1135 omnes
3606 1097 3688 1135 res
3731 1094 3779 1136 et

2210 1170 2579 1239 possessiones
2608 1170 2834 1225 mobiles
2870 1180 2924 1224 et
2971 1170 3289 1230 immobiles.
3324 1186 3461 1239 quas
3501 1187 3646 1226 nunc
3691 1173 3779 1225 ha-

2209 1262 2403 1325 bet,“
2435 1263 2486 1316 in
2524 1272 2701 1327 antea,
2748 1262 2857 1317 Deo
2884 1263 3203 1332 opitulante,
3231 1263 3432 1318 habere
3475 1264 3633 1317 debet
3656 1278 3782 1331 quo-

2210 1354 2476 1425 liLctjure
2507 1355 2903 1426 acquisitionis,
2954 1357 3027 1409 ita
3063 1369 3124 1409 ut
3156 1357 3373 1421 amodo,
3406 1364 3463 1409 et
3514 1370 3678 1422 usque
3727 1356 3776 1408 in

2210 1445 2373 1499 ﬁnem
2423 1446 2616 1499 saecula
2676 1443 3042 1517 [saeculorum]
3093 1445 3321 1500 licenter
3367 1459 3465 1499 eas
3512 1453 3685 1499 teneat
3730 1454 3779 1497 et

2210 1537 2505 1605 possideat,
2553 1538 2793 1592 omnium
2831 1537 3111 1592 hominum
3142 1520 3575 1592 coniradictione
3617 1551 3780 1591 remo-

2213 1637 2283 1680 ta'
2313 1626 2368 1682 Si
2395 1631 2515 1697 quis
2537 1640 2717 1683 autem
2746 1638 2937 1684 contra
2967 1628 3127 1697 hujus
3154 1630 3325 1684 nostri
3370 1629 3651 1699 apostolici
3675 1631 3776 1697 pri-

2140 1701 2180 1757 Β
2212 1718 2387 1786 vilcgii
2423 1718 2645 1773 tutelam
2703 1734 2861 1790 agere
2912 1719 3226 1783 tentaverit,
3268 1730 3324 1774 et
3368 1735 3435 1774 ex
3487 1719 3573 1773 his
3606 1735 3718 1787 qua:
3752 1737 3779 1772 ι

2207 1810 2362 1863 nobis
2391 1811 2605 1865 decreta
2633 1820 2779 1875 sunt,
2809 1811 2986 1880 aliqua
3017 1822 3329 1881 pervertere
3362 1811 3585 1865 molitus
3610 1809 3781 1873 fuerit,

2208 1899 2351 1953 hunc
2379 1917 2502 1955 eun
2537 1902 2742 1956 auxilio
2792 1912 2997 1957 sancta:
3051 1912 3107 1957 et
3150 1902 3442 1957 individua:
3489 1902 3776 1965 Trinitatis,

2207 1997 2264 2044 et
2313 1990 2629 2045 interventu
2677 1991 2854 2046 beatte
2900 1990 3084 2045 Maria:
3130 2006 3346 2067 semper
3388 1992 3637 2062 virginis,
3676 2007 3774 2045 om-

2208 2081 2466 2150 niumque
2488 2090 2822 2146 sanctorum,
2844 2097 2910 2136 ex
2937 2082 3261 2137 auctoritate
3299 2082 3605 2137 beatissinu
3648 2082 3774 2136 Petri

2210 2173 2581 2241 apostolorum
2612 2172 2876 2244 principis
2907 2188 3029 2227 cum
3078 2187 3303 2227 assensu
3357 2173 3772 2242 comprovincir

2209 2263 2337 2317 lium
2366 2264 2701 2334 pontiﬁcum,
2733 2273 2789 2319 et
2843 2265 3084 2318 omnium
3132 2262 3293 2331 hujus
3351 2273 3557 2318 nostrae
3596 2273 3777 2318 sancta

2211 2355 2358 2408 sedis
2400 2352 2863 2424 snil‘raganeorum
2917 2354 3295 2424 episc0porum
3349 2355 3767 2407 excomtnunicr

2213 2462 2354 2512 mus,
2387 2457 2442 2500 ct
2464 2463 2493 2501 a
2526 2446 2804 2502 liminibus
2846 2455 3046 2502 sancta:
3081 2428 3170 2499 Dei
3204 2444 3487 2510 Ecclesiae,
3529 2446 3776 2499 omniurn-

2210 2554 2317 2608 que
2340 2538 2775 2593 Christianorum
2827 2538 3090 2595 societate
3142 2546 3466 2608 separanles
3513 2546 3776 2608 perpetua-

2213 2630 2335 2684 liter
2367 2630 2909 2684 anathematizamus.

2286 2716 2559 2785 Scriptum
2591 2733 2691 2788 per
2730 2734 2924 2773 manus
2965 2718 3226 2789 Stephani
3278 2719 3555 2773 scriniarii
3598 2727 3777 2773 sanctae

2213 2807 2472 2863 Romanas
2494 2808 2769 2871 Ecclesiae,
2802 2809 2853 2861 in
2887 2822 3071 2864 mense
3106 2818 3162 2864 et
3208 2809 3509 2863 indictione
3530 2826 3683 2881 supra
3706 2812 3779 2864 di-

2211 2910 2298 2951 cta
2320 2898 2622 2952 undecima.
2670 2898 2814 2953 Bene
2850 2899 3041 2954 valete.
3090 2899 3210 2955 Dat.
3249 2899 3373 2954 Kal.
3408 2899 3651 2959 Januarii
3692 2916 3777 2970 per

2210 3007 2406 3046 manus
2453 2990 2698 3045 Widonis
2757 2991 2994 3061 episcopi
3051 3001 3254 3046 sanctae
3305 2992 3488 3062 Sylvae
3542 2991 3777 3046 Candida:

2211 3081 2466 3135 Ecclesia:
2512 3091 2568 3136 et
2604 3080 3001 3136 bihliotbecarii
3046 3091 3249 3136 sanctze
3293 3083 3442 3137 sedis
3464 3084 3774 3151 apostolica,

2212 3186 2375 3233 anno,
2436 3169 2544 3224 Deo
2604 3171 2872 3239 propitio,
2927 3170 3273 3239 pontiﬁcatus
3319 3171 3527 3225 domini
3572 3169 3777 3225 Joannis

2212 3263 2408 3316 summi
2444 3263 2717 3332 pontiﬁcis
2746 3272 2801 3316 et.
2845 3260 3166 3317 universalis
3197 3260 3343 3314 tertii
3401 3261 3597 3315 decimi
3643 3276 3778 3330 papa

2216 3352 2269 3405 in
2327 3353 2697 3407 sacratissima
2752 3351 2880 3407 sede
2926 3350 3070 3404 beati
3116 3349 3262 3404 Petri
3310 3350 3545 3419 apostoli
3589 3352 3778 3415 tertio,

2214 3445 2636 3513 imperatoribus
2673 3443 3038 3498 serenissimis
3072 3442 3306 3496 dominis
3344 3441 3548 3497 Ottone
3591 3441 3783 3510 majore

2214 3545 2271 3590 et
2296 3538 2525 3592 minore.
2581 3537 2738 3615 Anno
2794 3536 3006 3606 imperii
3055 3534 3275 3603 majoris
3328 3545 3531 3599 sexto,
3571 3535 3783 3590 minoris

2212 3644 2343 3685 vero
2373 3630 2567 3699 primo.
2595 3629 2652 3683 lu
2684 3644 2868 3685 mense
2889 3638 2946 3684 et
2988 3627 3284 3682 indictione
3308 3627 3620 3683 undecima.

2940 3738 3027 3794 Vl.

2211 3847 2424 3888 JOANNIS
2454 3848 2597 3887 PAPE
2628 3849 2723 3887 XIII
2751 3848 2918 3887 ΒΗΜΛ
2950 3847 3051 3885 ι’κο
3096 3844 3453 3886 ποαλετειιιοι
3472 3846 3520 3887 8-
3549 3844 3784 3886 an!!!"

2824 3916 3173 3956 TREVIBENSI.

2819 3993 2999 4064 (Anno
3028 3991 3180 4061 968.)

2495 4081 2672 4154 [Apud
2700 4082 2891 4142 MANSI.
2917 4082 3004 4136 ubi
3030 4098 3210 4152 supra,
3236 4082 3339 4135 col.
3363 4080 3521 4154 55L]

2284 4174 2519 4230 Joannes
2541 4175 2848 4243 episcopus,
2879 4188 3071 4227 servus
3104 4166 3389 4227 servarum
3418 4172 3536 4235 Dei,
3571 4184 3793 4225 venera-

2214 4268 2307 4322 Lili
2333 4267 2533 4333 abbati,
2571 4266 2788 4320 amabili
2814 4266 2968 4320 nobis
2995 4266 3048 4318 in
3068 4264 3293 4341 ‘Christo
3325 4263 3438 4317 ﬁlio
3464 4261 3793 4317 Taunum

528 4350 913 4417 prmdictorum
935 4354 1308 4409 confessorum
1338 4355 1537 4411 Christi
1568 4359 1861 4412 Innocentii
1889 4370 1943 4414 et
1969 4360 2110 4414 Ana-
2143 4384 2188 4442 ι)
2217 4358 2576 4430 apostolicam
2615 4354 3044 4411 benedictionem
3079 4363 3133 4408 et
3159 4353 3410 4407 salutem.

529 4443 706 4508 stasii,
744 4446 1092 4502 auctoritatis
1123 4456 1322 4503 nostra:
1355 4449 1608 4519 przesidio
1659 4452 2024 4516 muniremus,
2059 4461 2113 4507 et

528 4533 628 4589 sub
654 4536 881 4591 tuitione
927 4537 1157 4608 jureque
1202 4550 1406 4597 sanctae
1446 4542 1592 4597 sedis
1640 4543 1945 4612 apostolicae
1993 4559 2115 4615 per-

528 4627 699 4697 petim
768 4630 1192 4700 susciperemus.
1253 4634 1493 4700 Quorum
1549 4635 1654 4704 piis
1715 4636 2116 4705 congaudentes

529 4718 883 4785 petitionibus
908 4721 1071 4776 alacri
1123 4734 1304 4777 mente
1354 4724 1404 4778 id
1452 4723 1567 4777 ﬁeri
1598 4724 1956 4792 decrevimus,
1981 4742 2117 4796 prae-

531 4811 800 4879 cipientes
828 4827 890 4866 ex
938 4828 1022 4877 ea,
1072 4829 1179 4883 qua
1224 4816 1338 4869 vice
1387 4817 1641 4883 clavigeri
1696 4817 1934 4871 caelestis
1963 4819 2114 4887 regni

532 4901 807 4950 fulcimur-
833 4905 1173 4950 auctoritate-
1208 4916 1285 4950 ἰιι
1313 4907 1763 4950 nrmnmninntnm
1809 4907 2116 4950 venerabile

2286 4450 2549 4520 Congruit
2598 4446 2897 4517 apostolico
2958 4444 3346 4507 moderamini,
3399 4443 3489 4512 pia
3544 4442 3794 4511 religione

2216 4543 2541 4612 pollentibus
2586 4539 2841 4595 benevola
2906 4537 3281 4606 compassione
3330 4547 3656 4588 succurrere
3684 4572 3699 4595 ,
3743 4539 3793 4581 et

2219 4632 2554 4705 poscentium
2608 4629 2805 4683 animis
2856 4627 3021 4681 alacri
3070 4625 3359 4680 devotione
3404 4622 3793 4691 impartireas—

2218 4739 2441 4780 sensum
2472 4740 2487 4787 ;
2530 4737 2595 4775 ex
2628 4721 2732 4775 hoc
2760 4720 2902 4775 enim
2935 4718 3067 4772 lucri
3092 4716 3434 4786 potissimum
3466 4731 3496 4768 a
3518 4712 3791 4769 conditore

2218 4815 2457 4869 omnium
2483 4813 2590 4865 Deo
2617 4811 2801 4878 procul
2831 4809 2995 4862 dubio
3038 4819 3435 4876 promerentur,
3467 4804 3593 4858 dum
3639 4814 3790 4883 vene-

2219 4903 2410 4950 rabilia
2434 4902 2548 4950 loca
2570 4909 2872 4950 onuortune
2905 4897 3153 4950 ordinata
3195 4896 3262 4948 ad
3291 4893 3572 4948 meliorem
3601 4890 3788 4944 fuerint
