3972 5428
1378 365 1733 425 ΕῐηδΤΟΙ-.λΕ
1788 368 1875 425 ΕΤ
1924 370 2265 428 DECIIETA.

183 371 271 431 961
869 226 1254 539 /
1378 365 1733 425 EI’lSTOl-.£
1788 368 1875 425 ET
1924 370 2265 428 DECllETA.
3340 374 3447 431 692

181 501 388 540 sensum
413 482 827 541 accommodare
943 482 1202 546 ravimns,
1228 481 1586 538 decernentes
1634 498 1762 553 apo-
1794 490 1835 546 Α
1865 485 2095 539 ecclesia
2126 484 2184 538 Β.
2220 483 2360 539 Petri
2413 485 2675 557 principis
2705 486 3101 556 apostolorum,
3152 485 3449 544 assidenti-

181 575 375 631 stolica:
425 577 765 632 auctoritatis
815 585 1106 646 praecepto,
1142 583 1199 628 ut
1253 576 1603 645 congregatio
1654 574 1763 630 Deo

180 679 470 738 sanctoque
496 668 792 723 Maximino
846 668 1099 738 religiose
1144 667 1481 731 deserviens,
1539 667 1699 721 sicuti
1731 681 1759 719 a

185 761 501 817 cbarissimo
532 760 644 815 filio
673 770 861 815 nostro
907 760 1127 824 Ottone,
1179 758 1498 827 ueterisque
1546 757 1765 827 regibus

182 852 596 923 imperatoribus
634 852 971 907 Francorum
1015 867 1334 907 concessum
1379 859 1481 914 est,
1534 850 1762 903 liberam

183 947 431 1015 deinceps
453 946 685 1000 habeant
716 953 1043 1014 potestatem
1096 945 1317 999 creandi
1347 944 1489 998 inter
1519 960 1576 998 se
1602 959 1762 1013 quem

180 1037 470 1093 secundum
512 1036 681 1091 Deum
711 1037 812 1091 sibi
845 1037 1094 1091 abbatem
1126 1036 1407 1107 elegerint,
1440 1052 1539 1091 nec
1580 1036 1761 1106 aliqua

180 1127 460 1197 cujuslibet
486 1127 765 1199 dignitatis
786 1142 1019 1198 persona
1045 1127 1187 1181 infra
1218 1130 1626 1191 monasterium,
1654 1129 1758 1184 nisi

180 1236 206 1273 a
232 1230 281 1274 te
306 1220 483 1274 aliove
510 1220 703 1273 abbate
731 1234 1047 1274 successore
1097 1228 1190 1274 tuo
1226 1229 1472 1283 vocatus,
1500 1218 1765 1289 quidquid

183 1329 273 1382 pro
302 1328 400 1367 suo
452 1311 607 1367 libitu
663 1312 919 1365 ordinare
956 1310 1039 1364 vel
1088 1319 1292 1365 temere
1339 1324 1593 1364 exercere
1623 1324 1764 1379 prte—

181 1421 291 1459 sum
331 1413 368 1458 t.
401 1404 673 1460 Praeterea
718 1402 1014 1472 apostolica
1066 1413 1250 1457 nostra
1300 1403 1621 1456 aurtoritate
1648 1417 1763 1455 om-

184 1494 410 1549 nimndis
460 1493 835 1548 interdicimus
879 1508 947 1549 ne
994 1493 1080 1549 cui
1119 1508 1357 1563 unquam
1400 1491 1653 1547 Ecclesiae
1679 1491 1765 1546 vel

178 1586 644 1650 Sciliconcambio,
696 1585 781 1641 vel
830 1586 939 1641 alio
987 1585 1168 1655 aliquo
1212 1585 1429 1655 negotio
1477 1586 1763 1649 subdatur,

182 1679 267 1731 sed
321 1678 412 1731 tali
462 1676 715 1732 libertate
750 1685 805 1731 et
853 1676 1217 1741 immunitate,
1258 1677 1398 1732 sicut
1449 1675 1766 1731 Pramiense

182 1768 565 1823 monasterium
594 1778 899 1838 czeteraque
953 1768 1067 1821 loca
1131 1767 1351 1837 regalia,
1403 1766 1666 1821 inoffense
1709 1774 1766 1821 et

3340 374 3447 431 692

1866 576 1967 631 bus
2007 576 2407 647 angustissimis
2432 577 2624 646 imper.
2655 578 2942 634 Ottonibus
2978 581 3228 648 utrisque
3257 595 3273 644 ;
3308 595 3457 634 anno

1866 666 2074 723 scilicet
2104 668 2340 737 imperii,
2361 667 2581 735 majoris
2606 680 2780 735 sexto;
2810 671 3037 724 minoris
3066 673 3264 742 primo,
3289 672 3454 727 iidem

1865 761 2242 833 gloriosissimi
2298 762 2465 832 impp.
2514 764 2859 832 postularunt
2900 779 2928 818 a
2984 765 3141 819 nobis
3180 774 3456 835 quatenus

1867 854 2257 907 monasterium
2286 854 2429 923 quod
2456 869 2558 923 pro
2607 856 2849 910 remedio
2885 856 3189 911 animarum
3229 873 3452 911 suarum

1867 945 2119 1013 primitus
2141 945 2407 1007 construi,
2436 954 2491 1000 et
2524 946 2577 999 in
2618 946 2825 1000 honore
2868 946 2925 1000 Β.
2958 946 3186 1001 Joannis
3222 962 3458 1013 evange-

1866 1036 2002 1090 lista:
2030 1036 2340 1089 consecrari
2370 1034 2634 1101 fecerunt,
2661 1050 2825 1106 super
2871 1037 3042 1106 ripam
3080 1037 3336 1104 flum'nis,
3365 1035 3454 1092 cui

1867 1140 2066 1181 nomen
2088 1135 2169 1181 est
2198 1125 2381 1191 Albia,
2410 1127 2463 1181 in
2490 1127 2712 1182 civitate
2737 1126 2948 1190 Misina,
2994 1128 3095 1183 sita
3120 1129 3367 1184 videlicet
3396 1129 3452 1182 in

1866 1216 2144 1289 provincia
2167 1233 2288 1288 qua:
2317 1218 2518 1272 dicitur
2560 1217 2902 1279 Talemense.
2929 1220 3016 1273 cui
3049 1220 3212 1273 etiam
3256 1236 3449 1276 mona-

1868 1308 2035 1363 sterio
2078 1309 2255 1362 virum
2313 1309 2717 1376 venerabilem,
2776 1312 2998 1365 nomine
3055 1311 3456 1375 Burcbardnm.

1868 1397 2164 1453 bonorince
2196 1398 2576 1467 praefecerunt,
2628 1398 2926 1469 privilegiis
2964 1400 3275 1470 apostolica:
3314 1401 3460 1457 sedis

1868 1490 2267 1548 decoraretur;
2304 1497 2362 1542 ut
2404 1488 2506 1543 sub
2552 1488 2939 1558 jnrisdictioue
2967 1500 3170 1545 sanctae
3201 1490 3458 1545 Ecclesia:

1869 1588 2096 1642 nostra,
2129 1580 2216 1632 cui
2262 1578 2372 1635 Deo
2413 1590 2635 1635 auctore
2665 1581 3042 1652 prtesidemus,
3076 1582 3455 1648 constitutum,

1868 1671 2068 1725 nullius
2120 1670 2346 1725 alterius
2396 1671 2652 1727 Ecclesia:
2713 1672 3011 1727 ditionibns
3082 1673 3455 1729 suluuittatur.

1867 1758 1973 1816 Pro
2005 1777 2111 1831 qua
2142 1776 2203 1815 re
2233 1761 2340 1831 piis
2367 1763 2652 1817 desideriis
2698 1761 2942 1817 faventes
2995 1765 3097 1817 hac.
3127 1775 3313 1818 nostra
3360 1780 3459 1818 auo

180 1857 556 1929 perpetualiter
586 1833 1057 1926 semper—fruatur.
1086 1833 1216 1926 Ipse
1255 1866 1436 1911 autem
1469 1857 1620 1912 locus
1647 1873 1763 1911 mo-
1792 1833 1837 1891 Β
1867 1854 2121 1907 ctoritatc
2169 1853 2221 1907 id
2274 1852 2419 1922 quod
2462 1853 2779 1923 exposcitur
2810 1853 3028 1908 effectui
3079 1855 3454 1924 mancipamas

180 1947 389 2020 nasterji
457 1948 773 2015 perenniter
829 1947 931 2000 sub
984 1947 1369 2002 mundibnrdio
1430 1962 1617 2017 regum
1667 1946 1754 2001 vel

179 2037 561 2107 imperatorum
611 2036 869 2098 filiorum,
906 2035 1115 2090 scilicet
1146 2046 1350 2091 sancta:
1379 2037 1635 2091 Romana:
1662 2038 1764 2091 Ee-

179 2125 344 2179 clesia:
395 2134 669 2195 prmcepto
701 2125 999 2195 apostolico
1042 2124 1296 2193 jnbemus
1327 2136 1386 2179 ut
1442 2136 1763 2197 permaneat

180 2217 295 2269 nulli
322 2234 560 2288 unquam
587 2234 831 2287 persona:
861 2217 1261 2281 beneliciarius,
1295 2230 1388 2271 aut
1422 2212 1763 2274 invadendus

181 2320 369 2378 pateat,
422 2310 518 2363 sed
564 2311 631 2363 ad
696 2325 824 2363 usus
858 2319 913 2362 et
961 2309 1410 2378 tranquillitatem
1468 2313 1765 2365 monacho-

182 2415 287 2452 rum
320 2399 389 2453 ibi
450 2400 550 2453 sub
580 2398 762 2469 regula
813 2398 871 2453 S.
918 2399 1194 2453 Benedicti
1255 2399 1365 2454 Deo
1415 2400 1761 2455 militantium

179 2495 370 2564 absque
424 2493 589 2548 ullius
640 2494 1072 2548 contradictione
1141 2493 1373 2549 libenter
1420 2505 1758 2566 permanrat.

179 2588 250 2639 Ad
303 2586 579 2640 cumulum
640 2601 856 2655 quoque
908 2586 990 2640 vel
1045 2596 1393 2657 augmentum
1451 2589 1763 2643 monasticae

182 2676 583 2746 tranquillitatis
631 2675 936 2743 adjicimus,
984 2692 1049 2731 ne
1102 2694 1208 2746 qua
1259 2676 1547 2745 cujuslibet
1582 2678 1762 2749 digni-

182 2769 297 2822 tatis
322 2784 556 2838 persona
585 2769 882 2837 quidquam
932 2769 1014 2821 vel
1061 2770 1345 2822 minimum
1400 2770 1638 2823 alienare
1678 2767 1763 2822 vel

180 2861 415 2914 minuere
444 2861 511 2913 de
562 2860 724 2914 rebus
778 2860 1021 2914 ccclesize
1067 2870 1379 2929 praesumat,
1414 2869 1524 2914 tam
1577 2876 1645 2916 ex
1677 2861 1763 2917 his

181 2964 291 3018 qua:
341 2951 505 3003 modo
538 2949 871 3004 monasterio
917 2959 1008 3003 tuo
1056 2949 1251 3004 collata
1298 2961 1445 3015 sunt,
1479 2967 1640 3021 quam
1694 2967 1763 3006 ex

181 3043 258 3096 bis
285 3058 401 3112 quae
431 3043 613 3098 caeteri
646 3043 835 3098 ﬁdeles
863 3044 914 3096 in
946 3044 1062 3098 dies
1093 3044 1341 3098 collaturi
1374 3055 1521 3099 sunt.
1549 3046 1605 3099 Si
1641 3046 1762 3115 quis

1867 1946 2273 2016 interponentes
2303 1955 2485 2000 tamen
2511 1960 2572 1999 ea
2596 1962 2717 2015 qua:
2741 1953 2799 2000 et
2840 1946 2940 2016 ipsi
2974 1947 3247 2017 principes
3282 1948 3454 2001 nostri

1867 2039 2168 2094 innumeris
2202 2041 2498 2111 privilegiis
2527 2043 2752 2111 cupiunt
2799 2042 3019 2113 exponi,
3064 2051 3119 2097 et
3156 2045 3369 2097 cunctis
3404 2045 3455 2097 in

1864 2130 2082 2186 Christo
2109 2130 2357 2187 fidelibus
2403 2132 2691 2188 manifesta
2745 2133 2884 2189 fieri.
2915 2134 3063 2190 More
3109 2134 3456 2203 artiquoram

1867 2220 2031 2288 impp.
2068 2221 2120 2275 lii
2158 2221 2263 2275 duo
2287 2222 2661 2292 imperatores,
2712 2233 2868 2292 pater
2891 2233 2945 2279 et
2976 2225 3138 2288 illius,
3189 2225 3345 2279 nobis
3366 2240 3455 2279 as-

1866 2309 2126 2375 sidentes,
2179 2311 2436 2366 Misnensi
2488 2314 2825 2383 episcopatui
2872 2316 3159 2369 terminum
3190 2315 3460 2384 imposue-

1867 2411 2016 2465 runt,
2043 2404 2372 2457 nominando
2407 2403 2543 2459 fines
2576 2414 2630 2459 et
2670 2407 3155 2460 determinatinnes
3189 2408 3454 2470 locorum,

1866 2494 2006 2547 sicut
2031 2496 2168 2549 infra
2201 2505 2434 2550 tenetur.
2474 2497 2575 2552 Ubi
2610 2509 2772 2568 caput
2797 2509 2852 2553 et
2880 2499 2996 2552 fons
3021 2506 3106 2551 est
3131 2514 3303 2567 aquas,
3337 2516 3456 2567 qua:

1866 2584 2064 2639 dicitur
2092 2586 2266 2641 Odera
2298 2604 2312 2651 ;
2348 2587 2470 2642 inde
2495 2590 2648 2658 quasi
2681 2597 2826 2644 recta
2861 2590 2945 2642 via
2971 2604 3142 2658 usque
3173 2590 3242 2665 ad
3292 2599 3455 2659 caput

1865 2677 2032 2732 Albim
2063 2695 2076 2742 ;
2125 2679 2248 2732 inde
2278 2680 2530 2734 deorsum
2564 2682 2615 2735 in
2647 2682 3044 2736 occidentalem
3095 2692 3327 2751 partem,
3362 2682 3451 2736 ubi

1865 2771 2059 2824 divisio
2080 2770 2307 2825 duarum
2336 2772 2613 2840 regionum
2641 2783 2724 2827 est
2755 2774 2953 2827 Behem
2994 2784 3046 2828 et
3076 2771 3316 2829 Nisinen.
3350 2774 3459 2828 liii-

1866 2863 1989 2917 dem
2022 2862 2161 2916 ultra
2211 2864 2446 2926 Albium,
2479 2875 2536 2919 et
2585 2880 2682 2934 per
2717 2866 2909 2919 silvam
2966 2868 3017 2920 in
3060 2867 3451 2923 occidentalem

1865 2963 2098 3021 partem,
2125 2969 2296 3023 usque
2324 2957 2389 3007 ad
2419 2963 2585 3024 caput
2631 2956 2825 3020 Mildar,
2857 2966 2911 3011 ct
2960 2960 3038 3012 sic
3071 2959 3323 3012 deorsum
3356 2975 3453 3026 per

1865 3046 2053 3097 ambas
2079 3046 2264 3114 plagas
2307 3046 2549 3112 ejusdem
2602 3047 2863 3113 fluminis,
2921 3065 3093 3119 usque
3124 3051 3249 3103 dum
3294 3049 3452 3104 Miltla

180 3142 376 3197 autem,
422 3134 569 3203 quod
611 3132 773 3197 absit,
822 3133 1031 3188 nefario
1078 3149 1210 3187 ausu
1264 3151 1595 3204 praesumere
1642 3137 1759 3192 hinc
1788 3175 1831 3236 C
1869 3135 2029 3188 intrat
2085 3135 2134 3187 in
2160 3134 2370 3188 Albiam
2421 3136 2543 3205 (nec
2571 3154 2677 3191 non
2705 3139 2774 3193 ob
2807 3140 2907 3193 hoc
2940 3139 3176 3194 diximus
3216 3140 3270 3193 in
3310 3142 3450 3195 orci-

178 3241 289 3291 qua:
314 3242 341 3279 a
375 3226 532 3280 nobis
559 3227 625 3279 ad
650 3225 864 3280 laudem
894 3226 989 3282 Dei
1031 3227 1418 3297 omnipotentis
1467 3245 1564 3299 pro
1592 3230 1759 3284 stabi-

178 3315 322 3368 litate
375 3317 490 3386 jam
542 3318 670 3371 dicti
728 3317 1056 3373 venerabilis
1108 3319 1340 3373 emnobii
1389 3329 1585 3373 statuta
1614 3331 1759 3386 sunt,

183 3405 480 3478 infringere
510 3417 603 3461 attt
660 3409 712 3462 in
749 3425 1094 3479 quocumque
1145 3410 1353 3466 violare
1381 3412 1668 3474 studuerit,
1695 3428 1761 3466 ex

177 3499 496 3552 auctoritate
552 3497 643 3552 Dei
692 3500 1080 3569 omnipotentis
1148 3515 1247 3568 per
1291 3501 1651 3556 interventum
1700 3503 1760 3556 Β.

179 3587 316 3645 Petri
349 3590 719 3660 apostolorum
770 3592 1051 3662 principis,
1104 3593 1257 3661 cujus
1302 3593 1417 3646 vice
1461 3591 1760 3664 fungimur,

177 3690 228 3734 et
276 3692 477 3736 nostrae
528 3683 881 3737 humanitatis
940 3681 1253 3753 apostolica!
1297 3684 1757 3747 constitutionem,

176 3780 227 3826 ct
264 3790 547 3827 assensum
577 3776 817 3829 omnium
874 3776 1433 3845 cumprovincialium,
1488 3776 1601 3830 sive
1648 3776 1761 3829 suf-

177 3861 553 3933 fraganeorum
583 3866 956 3935 episcoporum
989 3867 1350 3921 anathematis
1376 3866 1587 3921 vinculo
1609 3867 1761 3921 inex-

174 3955 493 4011 tricabiliter
518 3958 862 4012 innodamus.

247 4046 524 4116 Scriptum
578 4063 672 4117 per
723 4063 916 4101 manus
947 4047 1206 4118 Stephani
1260 4046 1530 4099 svriniarii
1560 4055 1759 4100 sancta:

174 4135 431 4193 Romana:
463 4138 995 4193 Ecclesiabeetum
1060 4140 1111 4192 in
1170 4139 1375 4208 synodo
1427 4136 1612 4191 Roma:
1664 4139 1760 4191 lia-

176 4226 308 4295 bita,
339 4232 707 4284 aSsidentibus
753 4231 891 4284 divis
943 4229 1358 4299 imperatoribus
1403 4226 1599 4282 Ottone
1644 4228 1757 4282 Ma-

176 4334 295 4388 gno,
359 4322 580 4391 filioque
635 4320 752 4389 ejus
804 4322 1108 4391 aequivoco,
1163 4335 1326 4382 anno,
1380 4319 1590 4390 imperii
1646 4336 1759 4373 ma-

172 4407 301 4477 joris
350 4425 527 4478 sexto,
574 4413 807 4483 junioris
855 4412 1052 4484 primo.
1119 4400 1307 4465 Datum
1363 4427 1415 4466 tv
1448 4410 1633 4466 Nonas
1660 4409 1754 4467 Ja-

174 4505 371 4560 nuarii.

901 4593 1009 4648 VII.

176 4702 343 4743 BELLA
363 4702 578 4743 ιοιΝΝιε
604 4702 748 4742 ΡΑΡΕ
782 4702 875 4740 XIII
917 4701 1018 4740 PRO
1068 4699 1413 4740 NONASTERIO
1442 4698 1493 4737 Β.
1540 4699 1758 4739 ΙΟΔΝΝΙΒ

629 4770 1011 4811 ΕὙΑΝΟΕΙᾸΒΤΕ
1035 4770 1299 4810 ηιεκεκει.

778 4848 956 4918 (Anno
991 4847 1142 4917 968.)

456 4938 634 5011 [Apud
668 4937 857 5000 Maxsr,
885 4937 974 4990 ubi
994 4954 1178 5006 supra,
1218 4935 1321 4991 col.
1354 4934 1505 5007 552.]

246 5033 302 5088 Si
335 5047 549 5102 semper
602 5038 727 5085 sunt
757 5030 1100 5084 concedenda
1152 5042 1274 5098 qua:
1322 5029 1425 5095 piis
1472 5025 1757 5080 desideriis

897 5120 1137 5150 :nr:unnuun
1194 5135 1263 5152 IIII
1284 5134 1312 5152 n
1373 5119 1539 5152 1‘:‘V:ﬂ:
1583 5117 1755 5154 nullnc

248 5133 476 5146 ....--,.--#l
555 5132 749 5148 η..ιιιηΙΑ
798 5132 883 5150 ιεηι

1866 3226 2066 3280 dentali
2093 3225 2270 3295 plaga,
2304 3227 2428 3296 quia
2480 3229 2659 3283 multa:
2701 3229 2839 3283 villae
2880 3233 3147 3300 pertineant
3174 3233 3241 3287 ad
3272 3234 3455 3286 orien~

1866 3315 2001 3369 tales
2031 3315 2191 3370 urbes
2218 3316 2357 3370 infra
2389 3334 2510 3371 eum
2537 3322 2638 3372 lem
2678 3320 3011 3391 terminum).
3045 3331 3095 3374 et
3130 3322 3208 3375 sic
3236 3337 3450 3377 sursum

1865 3416 1921 3460 et
1946 3407 2088 3460 ultra
2126 3409 2459 3475 provinciam
2492 3407 2684 3472 Nizizi,
2717 3410 2783 3463 ad
2808 3411 2980 3479 ipsmn
3021 3412 3307 3464 terminum
3339 3413 3455 3464 s'ne

1865 3497 2050 3550 dubio.
2075 3496 2314 3550 Necnon
2347 3499 2397 3550 in
2435 3497 2603 3551 altera
2630 3511 2786 3567 parte
2837 3499 3043 3563 Luziei,
3075 3510 3129 3551 et
3152 3500 3370 3569 Sclpoli,
3400 3510 3455 3554 et

1865 3588 1943 3640 sic
1964 3588 2219 3655 usquead
2247 3588 2521 3642 civitatem
2570 3589 2805 3657 Sulpize,
2840 3589 2984 3643 illam
3014 3591 3257 3644 videlicet
3312 3591 3451 3644 infra

1863 3678 2113 3733 eumdem
2147 3678 2459 3742 terminum,
2507 3688 2565 3732 et
2602 3681 2722 3733 inde
2773 3680 2825 3733 in
2874 3696 3067 3747 aquam
3101 3695 3221 3748 quae
3254 3679 3455 3734 dicitur

1863 3766 2063 3833 Odcra,
2113 3778 2171 3823 et
2192 3770 2271 3825 sic
2298 3769 2474 3825 Odera
2514 3787 2749 3835 sursum,
2809 3787 2980 3840 usque
3017 3772 3082 3826 ad
3126 3780 3286 3841 caput
3314 3773 3450 3843 ejus.

1862 3858 2066 3915 Omnes
2094 3876 2223 3915 vero
2246 3861 2701 3930 quemadmodum
2746 3863 2797 3916 bi
2827 3873 3125 3932 praesentes
3156 3863 3453 3932 imperato-

1864 3964 1952 4005 res
1975 3953 2231 4005 statuisse
2249 3950 2508 4014 fatentur,
2538 3952 2629 4021 qui
2660 3951 2801 4006 infra
2827 3953 2987 4007 istttm
3016 3954 3308 4007 terminum
3343 3955 3442 4007 ba-

1861 4038 2061 4105 bitant,
2083 4041 2137 4095 in
2164 4040 2311 4093 omni
2348 4040 2627 4094 fertilitate
2659 4051 2835 4104 terrm,
2857 4043 3070 4112 frugum
3096 4054 3151 4096 et
3178 4044 3445 4111 pecudum

1865 4123 1917 4184 in
1954 4139 2180 4201 argento
2205 4140 2261 4184 et
2298 4131 2648 4195 vestimento,
2698 4145 2798 4186 nec
2830 4149 2958 4197 non,
2985 4132 3127 4201 quod
3161 4130 3451 4188 Teutonici

1859 4221 2067 4287 dicunt,
2101 4222 2363 4278 Ubercota
2393 4224 2495 4292 (4),
2519 4235 2573 4278 et
2604 4221 2840 4295 Telunga
2866 4224 3190 4279 familiarum
3230 4226 3454 4297 insuper

1862 4322 1970 4370 tota
1998 4313 2252 4381 utilitate,
2283 4326 2336 4370 et
2366 4317 2415 4369 in
2453 4315 2705 4371 omnibus
2736 4318 2915 4382 rebus,
2951 4317 3145 4385 quibus
3196 4318 3451 4373 mortales

1860 4416 2103 4473 utuntur,
2136 4408 2188 4460 in
2221 4408 2452 4462 diversis
2489 4408 2662 4463 modis
2712 4408 3130 4471 dccimationcs,
3156 4425 3295 4480 quas
3340 4411 3455 4465 Deo

1786 4522 1833 4582 Ι)
1860 4507 2049 4552 cuneta
2073 4497 2404 4566 gubernandi
2433 4497 2651 4560 debent,
2673 4500 2739 4551 ad
2761 4498 3104 4553 Misinensem
3128 4500 3451 4565 Ecclesium,

1860 4590 2035 4662 primo
2060 4589 2192 4652 Deo,
2221 4588 2413 4643 deinde
2449 4590 2508 4642 S.
2551 4588 2743 4642 Joauni
2791 4590 3163 4659 evangelistm,
3192 4592 3451 4645 universa

1860 4680 2136 4735 dubietate
2181 4677 2365 4747 procul
2416 4687 2647 4741 remota,
2700 4679 3029 4746 persolvant,
3082 4677 3320 4732 referant
3393 4690 3452 4737 et

1861 4770 2108 4825 reddant.
2140 4768 2457 4839 ('l‘cstantnr
2484 4768 2646 4822 etiam
2677 4768 2840 4822 iidem
2876 4778 3172 4838 praesentes
3218 4769 3449 4826 nobilis-

1861 4860 1982 4913 simi
2009 4859 2362 4925 imperatores
2394 4858 2654 4928 qnas-lam
2701 4872 2788 4914 res
2813 4862 2894 4914 sui
2915 4859 3054 4929 juris
3094 4875 3160 4914 ac
3188 4864 3444 4929 proprie-

1864 4951 1987 5004 tatis
2014 4949 2186 5002 cidem
2214 4956 2414 5002 sancta-
2446 4949 2720 5003 .llisinensi
2749 4950 3016 5010 Ecclesiae,
3046 4950 3130 5004 cui
3167 4953 3459 5008 venerabi-

1860 5041 1927 5095 lis
1974 5038 2254 5108 episcopus
2294 5035 2636 5093 Burcliardus
2684 5056 2915 5107 praeesse
2950 5040 3309 5108 dignoscitur,
3359 5058 3466 5113 pro

3210 5129 3363 5156 .l...|!,
3394 5151 3438 5156 ν..

1862 5148 2007 5156 ..μη-Α
2032 5144 2099 5156 ’.Λ
2147 5142 2446 5156 ηοιιιιιιικει-ιι
2508 5143 2722 5156 “nun-annm
2771 5143 2821 5156 ιιι
2881 5146 3155 5156 “mnum-null..-
