3972 5428
499 312 607 391 se:

1817 306 2101 364 JOA'NNIS
2141 306 2257 361 ll"
2295 307 2494 364 PAF/If
2562 310 2565 315 ’

3669 314 3767 371 su

503 437 713 498 ιαμ-ιλιι.
734 425 846 495 jam
872 426 1029 482 dieue
1067 434 1267 481 sanctae
1294 424 1388 481 Dei
1415 423 1668 480 Ecclesia:
1711 422 2002 493 persolvat,
2030 420 2082 474 id
2118 426 2158 481 Α
2188 418 2443 477 Romamn
2479 421 2768 488 Ecclesiae,
2801 422 2852 476 in
2901 395 3088 480 mense
3128 423 3442 492 Decembri,
3478 426 3772 482 indictione

502 528 589 573 est
616 518 672 573 iu
715 517 888 579 melle,
929 517 1143 572 crusina
1192 516 1291 586 (5),
1325 516 1595 571 solutione
1620 514 1849 585 argenti,
1883 513 2085 567 mam-i-

502 608 627 676 piis,
685 607 1042 670 vestimentis,
1091 608 1295 676 porcis,
1334 607 1625 669 frumento,
1669 616 1724 661 et
1753 606 1803 659 in
1835 605 2085 660 onmibus

502 701 691 766 rebus,
721 715 842 769 qua:
874 701 939 755 ad
981 701 1168 754 iiscum
1203 699 1580 770 praedictorum
1623 701 1788 769 impp.
1813 699 2086 767 pertinere

504 792 775 855 videntur,
820 801 1023 846 sanctae
1061 790 1338 845 Misiuensi
1389 791 1674 854 Ecclesiae,
1721 806 1821 844 nec
1866 805 1969 842 non
2024 789 2082 843 S.

500 878 693 936 Juauni
745 882 1090 950 evangelista:
1144 883 1226 934 sui
1266 879 1407 948 juris
1458 881 1755 945 teloneum,
1788 898 1815 933 a
1867 882 2087 934 civitate

501 986 621 1040 qua:
656 971 852 1024 dicitur
883 971 1159 1042 Belegora,
1194 986 1361 1039 usque
1404 975 1469 1023 ad
1498 970 1733 1038 ejusdem
1782 970 2087 1024 Misineusis

502 1061 746 1117 ecclesia!
773 1069 1012 1129 portum,
1042 1076 1277 1126 sursum,
1312 1062 1538 1130 indeque
1577 1060 1750 1114 denuo
1776 1075 1872 1129 per
1899 1060 2084 1114 ambas

502 1154 689 1222 plagas
712 1151 916 1221 praefati
946 1150 1182 1205 ﬂuminis
1203 1151 1373 1205 Albia:
1405 1152 1677 1216 deorsum,
1722 1150 1908 1219 sicque
1945 1149 2083 1204 infra

506 1243 829 1314 prtclinitum
871 1242 1156 1296 terminum
1199 1242 1505 1310 ubicunque
1555 1255 1748 1293 manus
1782 1242 2084 1308 negotiato-

505 1351 624 1389 rum
661 1336 797 1388 ultra
834 1334 1045 1389 Albiam
1093 1335 1197 1388 huc
1244 1334 1478 1403 illucque
1527 1348 1648 1389 sesc
1676 1333 1986 1397 diverterit,
2017 1346 2085 1387 ex

506 1427 739 1494 integro,
772 1434 827 1479 et
850 1424 1055 1494 absque
1088 1424 1194 1478 ulla
1223 1424 1650 1479 contradictione
1674 1424 1848 1479 eidem
1881 1438 2089 1493 prteno-

507 1516 723 1569 tniuata:
759 1516 874 1569 sedi
912 1515 1185 1569 Misinensi
1213 1555 1229 1579 ,
1256 1515 1485 1583 persolvi
1529 1525 1583 1570 et
1611 1516 1746 1570 tradi
1779 1516 2088 1584 perenniter

506 1609 898 1679 constituisse.)
924 1608 989 1662 Et
1024 1608 1145 1663 ideo
1167 1608 1221 1662 in
1250 1607 1467 1664 Christo
1506 1609 1787 1662 sanximus
1834 1608 2087 1661 lirmitero

506 1713 612 1767 que
660 1700 1029 1753 concessimus
1068 1706 1128 1752 ut
1162 1698 1337 1754 nullus
1379 1698 1824 1768 metropolitanus
1848 1738 1862 1761 ,
1910 1697 2087 1751 nullus

504 1791 809 1862 cpiscopus,
866 1790 1008 1844 nulla
1060 1791 1225 1846 etiam
1276 1806 1468 1861 magna
1523 1792 1605 1845 vel
1655 1807 1816 1863 parva
1867 1791 2088 1845 alterius

507 1883 713 1937 ordinis
757 1890 808 1936 et
832 1882 1031 1952 gradus
1060 1896 1322 1951 persona,
1371 1892 1568 1951 prteter
1598 1882 1740 1937 sedis
1781 1881 2088 1952 apostolica:

510 1972 833 2035 antistitem,
864 1972 1003 2025 infra
1043 1972 1301 2026 terminos
1344 1972 1652 2026 Misinensis
1691 1972 1965 2033 Ecclesiae.
1998 1972 2086 2026 cui

510 2062 837 2115 venerabilis
867 2062 1151 2131 cpiscopus
1176 2062 1524 2116 Burchardus
1554 2077 1785 2132 praeesse
1815 2063 2090 2133 dignosci-

513 2160 621 2217 tur,
648 2167 971 2221 quemquam
1006 2152 1279 2216 ordinare,
1305 2152 1620 2221 dijudicarc,
1649 2152 2087 2206 excommunica-

511 2259 591 2308 re,
618 2243 699 2296 vel
721 2242 921 2313 aliquid
948 2252 1147 2297 temere
1170 2256 1448 2305 exercere,
1476 2241 1582 2294 ullo
1600 2242 1757 2295 modo
1779 2250 2086 2310 praesumat.

511 2335 824 2390 Statuetttes
855 2336 1016 2389 etiam
1044 2334 1336 2404 apostolica
1378 2349 1628 2400 censura,
1655 2334 1754 2388 sub
1784 2333 1948 2388 divini
1997 2332 2089 2401 ju-

511 2423 634 2477 dicii
658 2425 1035 2487 obtestatione,
1069 2433 1123 2477 et
1152 2423 1341 2477 validis
1369 2431 1531 2492 atque
1554 2422 1827 2478 atrocibus
1864 2424 2091 2478 anathe-

510 2515 672 2568 tnatis
703 2515 1192 2580 interdictionibus,
1239 2524 1295 2569 ut
1324 2515 1500 2569 nullus
1526 2515 1817 2586 imperator
1841 2517 2089 2585 posthac,

511 2617 607 2660 aut
632 2622 726 2661 rex
757 2606 954 2670 nullus,
983 2607 1097 2662 sive
1123 2607 1390 2677 quispiam
1421 2606 1581 2670 alius,
1610 2605 1979 2674 cujusrunque
2020 2607 2094 2661 sit

515 2697 793 2767 dignitatis
819 2707 1083 2768 potestate
1115 2699 1389 2768 praeditus.
1416 2696 1659 2766 ejusdem
1687 2697 1943 2753 Ecclesia
1963 2713 2094 2752 cau-

515 2788 591 2842 sis
615 2797 909 2856 pracsumat
933 2787 1267 2851 incumbere,
1296 2787 1379 2841 vel
1416 2787 1697 2841 minimum
1727 2788 1982 2856 quiddam
2023 2802 2088 2842 ex

516 2879 605 2935 his
624 2894 743 2949 qua:
771 2880 837 2933 ad
866 2879 994 2933 illud
1036 2878 1422 2934 monasterium
1452 2878 1512 2933 8.
1544 2877 1769 2933 Joannis
1816 2879 2092 2948 pertinere

514 2969 784 3033 videntur,
827 2969 912 3024 cui
951 2968 1293 3023 Burchardus
1340 2968 1628 3037 episc0pus
1676 2967 1964 3037 praesidet,
1999 2976 2093 3021 aut

515 3059 618 3114 sibi
661 3067 862 3114 temere
900 3059 1321 3125 vindicare,aut
1348 3058 1508 3113 alicui
1554 3073 1761 3128 magna:
1809 3073 2093 3127 parvaque

518 3164 759 3220 persona:
781 3165 879 3219 pro
910 3148 1171 3204 beneﬁcio
1200 3149 1361 3214 dare,
1393 3160 1487 3202 aut
1535 3147 1885 3216 quoquolibet
1934 3150 2095 3202 modo

518 3238 870 3293 indeauferre
892 3238 972 3292 vel
992 3238 1229 3291 alienare
1248 3238 1461 3291 audeat.
1478 3236 1888 3304 Promulgamtts
1909 3239 2093 3303 etiam,

520 3339 575 3381 et
602 3329 704 3382 hoc
734 3329 1053 3383 auctoritate
1093 3328 1153 3382 Β.
1206 3328 1353 3383 Petri
1402 3328 1767 3398 apostolorum
1814 3328 2094 3399 principis,

522 3434 706 3473 coram
746 3416 857 3473 Deo
880 3428 935 3472 et
969 3419 1190 3474 terribili
1223 3417 1337 3487 ejus
1364 3416 1547 3474 futuro
1576 3418 1810 3474 examini
1858 3434 1955 3488 per
1994 3418 2097 3473 hu-

513 3510 604 3578 jus
632 3510 804 3563 nostri
830 3510 1096 3581 privilegii
1131 3520 1291 3581 atque
1317 3511 1595 3567 constituti
1635 3512 1744 3566 vim
1781 3511 2103 3567 intermina-

522 3616 664 3663 ntus,
690 3615 757 3656 ne
781 3600 903 3670 quis
930 3602 1234 3656 mortalium
1259 3602 1359 3657 sibi
1387 3603 1551 3658 licere
1582 3603 1854 3658 existimet
1894 3602 2098 3673 aliquid

520 3706 586 3745 ex
617 3693 1052 3762 possessionibus
1097 3693 1404 3749 Misinensis
1434 3694 1705 3759 Ecclesiae,
1739 3704 1849 3748 tam
1897 3710 1966 3750 ex
2013 3696 2099 3750 his

521 3796 640 3850 qua:
668 3783 898 3838 antehac
921 3855 924 3858 .
948 3800 978 3837 a
1018 3784 1424 3856 gloriosissimis
1455 3786 1870 3855 imperatoribus
1899 3786 2098 3842 Ottoue

521 3883 574 3927 et
629 3874 745 3944 ejus
773 3875 1052 3946 acquivoco
1106 3876 1249 3940 lilio,
1296 3877 1382 3932 vel
1423 3892 1451 3930 a
1511 3878 1726 3933 caeteris
1777 3878 2102 3933 Christianis

521 3965 695 4020 eidem
722 3975 913 4022 saneto
941 3966 1060 4022 loco
1083 3967 1263 4022 oblata
1293 3977 1455 4037 atque
1478 3968 1670 4023 collata
1700 3977 1845 4033 sunt,
1877 3984 2104 4037 qumque

521 4056 864 4124 postmodum
913 4065 1039 4112 sunt
1081 4057 1424 4123 conferenda,
1475 4068 1536 4113 ut
1580 4060 1820 4127 profecto
1844 4058 2000 4128 juxta
2051 4058 2101 4112 id

522 4148 665 4216 quod
690 4148 989 4217 subjectum
1025 4157 1129 4212 est,
1157 4149 1296 4202 idem
1322 4149 1646 4204 venerabilis
1692 4149 1845 4204 locus
1891 4157 2104 4217 aposto-

522 4234 629 4289 lico
677 4235 779 4289 hoc
808 4236 1088 4304 privilegio
1136 4237 1452 4291 inconcusse
1495 4237 1727 4290 donatus
1773 4246 2101 4305 permaneat.

527 4324 585 4379 Si
614 4326 734 4394 quis
776 4334 986 4390 autem,
1015 4327 1155 4396 quod
1201 4327 1421 4381 minime
1468 4336 1738 4395 optamus,
1772 4325 1978 4381 nefaria
2009 4344 2101 4381 au-

2187 511 2490 565 undecima.

2258 601 2481 671 Signum
2515 602 2717 656 domini
2749 602 2961 658 Ottonis
2988 603 3210 659 minoris
3241 604 3371 674 imp.
3400 604 3652 675 Augusti.

2258 692 2449 746 Petrus
2482 691 2851 749 Ravenueusis
2879 695 3133 752 Ecclesiae
3158 697 3604 767 archiepiscopus
3646 698 3772 753 sub.

2188 782 2422 853 scripsit.
2461 782 2735 839 Rodaldus
2779 786 3089 855 patriarcha
3133 788 3496 856 Aquileiensis
3526 791 3770 844 subscri-

2187 873 2313 942 psit.
2347 871 2583 943 Sigolfus
2605 876 2891 944 episcopus
2914 875 2972 929 S.
3001 875 3327 932 Placentinae
3356 880 3617 934 Ecclesia:
3641 896 3774 936 con-

2187 964 2332 1019 sensi
2365 975 2419 1019 et
2461 967 2776 1036 subscripsi.
2814 967 3095 1023 Utluil'lCllS
3124 971 3411 1040 episcopus
3458 971 3518 1025 S.
3572 970 3776 1042 Perga-

2189 1057 2391 1112 mensis
2425 1056 2681 1112 Ecclesia:
2713 1060 2961 1113 consensi
2992 1067 3049 1114 et
3085 1060 3402 1130 subscripsi.
3457 1060 3623 1131 Siggo
3653 1060 3773 1115 Ple-

2188 1147 2372 1203 dcnsis
2419 1145 2733 1220 [Blereusis]
2783 1148 3041 1204 Ecclesia:
3086 1149 3374 1220 episcopus
3421 1152 3677 1204 consensi
3721 1160 3776 1205 et

2187 1242 2504 1311 subscripsi.
2540 1242 2861 1298 Benedictus
2886 1245 3168 1311 episcopus
3190 1243 3250 1298 S.
3281 1242 3594 1297 Fuiineusis
3620 1242 3775 1314 [Ful-

2188 1332 2446 1404 ginensis]
2475 1332 2726 1388 Ecclesia:
2760 1334 3006 1388 consensi
3050 1342 3109 1388 et
3139 1331 3240 1388 SS.
3280 1330 3520 1388 Joannes
3565 1331 3776 1402 episco-

2189 1441 2288 1495 pus
2311 1425 2366 1480 S.
2396 1424 2729 1491 N‘ormiensis
2764 1427 2840 1496 (ϐ)
2873 1426 3128 1481 Ecclesia!
3151 1426 3492 1495 subscripsit.
3540 1422 3775 1478 Joannes

2189 1517 2473 1586 episcOpus
2501 1518 2558 1572 S.
2585 1515 2869 1572 Galliensis
2895 1514 3228 1586 lGalliensis]
3254 1515 3515 1569 Eccleshe
3536 1514 3777 1568 subscri-

2187 1608 2316 1676 psit.
2346 1606 2582 1662 Joannes
2609 1607 2896 1677 episcopus
2941 1607 2998 1660 8.
3049 1606 3329 1660 Ariueusis
3361 1601 3774 1676 [Aritninensis]

2193 1698 2448 1754 Ecclesia).
2470 1696 2715 1753 interfuit
2742 1708 2794 1751 et
2820 1697 3164 1767 subscripsit.
3207 1695 3543 1750 llnmbertns
3566 1694 3773 1762 episco-

2191 1806 2292 1860 pus
2343 1787 2400 1844 S.
2450 1789 2730 1844 Laviensis
2780 1787 3090 1862 [Lunensis]
3136 1786 3393 1842 Ecclesia:
3418 1786 3677 1841 consensi
3725 1792 3775 1838 et

2191 1883 2511 1952 subscripsi.
2538 1880 2851 1937 Gerhardus
2876 1882 3159 1951 episcopus
3178 1879 3492 1934 Faventittm
3519 1876 3773 1931 Ecclesia

2192 1972 2443 2029 consensi
2475 1980 2532 2027 et
2567 1972 2887 2040 subscripsi.
2937 1970 3208 2026 Aufredus
3251 1966 3615 2042 [Wigfredus]
3659 1966 3773 2036 epi-

2192 2080 2388 2135 scopus
2411 2064 2766 2120 Verdeceusis
2791 2061 3192 2135 [Virdunensis]
3221 2060 3481 2116 Ecclesia:
3529 2056 3774 2113 consensi

2191 2166 2247 2214 et
2274 2156 2590 2227 subscripsi.
2617 2155 2887 2211 Zenobius
2909 2155 3191 2223 cpiscopus
3219 2150 3499 2206 Fesolanae
3520 2146 3777 2202 Ecclesia:

2191 2247 2438 2302 consensi
2466 2255 2521 2302 et
2552 2245 2870 2315 subscripsi.
2896 2242 3174 2298 Gaidolfus
3204 2243 3491 2312 episc0pus
3519 2237 3773 2293 Firmth

2192 2334 2528 2409 [Firmana]
2588 2334 2840 2391 Ecclesia».
2885 2332 3136 2389 consensi
3191 2340 3247 2386 et
3297 2328 3622 2397 subscripsi.
3668 2325 3775 2395 Ego

2191 2428 2384 2483 Petrus
2404 2427 2692 2498 episcopus
2716 2424 3019 2481 Kamerinae
3053 2422 3310 2479 Ecclesiae
3338 2421 3411 2475 ibi
3443 2418 3520 2473 l‘ui
3548 2426 3603 2471 et
3644 2417 3773 2470 sub-

2192 2518 2405 2588 scripsi.
2436 2517 2781 2574 Eberhardus
2802 2516 3086 2586 episcopus
3112 2514 3349 2568 Arclittae
3370 2511 3629 2566 Ecclesia:
3650 2526 3773 2565 con-

2193 2608 2335 2663 sensi
2368 2618 2425 2662 et
2451 2605 2769 2675 subscripsi.
2803 2604 3110 2674 Stephanus
3130 2603 3415 2673 episcopus
3444 2599 3771 2654 Narninien-

2194 2701 2271 2755 sis
2296 2698 2550 2754 Ecclesia:
2580 2694 2829 2753 consensi
2872 2704 2927 2750 et
2961 2694 3279 2764 subscripsi.
3323 2690 3618 2746 Albcrinus
3662 2689 3770 2759 epi-

2192 2807 2388 2861 scopus
2405 2790 2743 2846 Ausculanus
2759 2787 3075 2858 subscripsi.
3098 2786 3367 2841 Antonius
3385 2783 3683 2839 Brixiensis
3698 2781 3772 2851 (7)

2193 2881 2451 2938 Ecclesia:
2474 2882 2761 2951 cpiscopus
2798 2877 3115 2946 subscripsi.
3170 2875 3474 2930 Diotericus
3512 2872 3770 2927 Metensis

2193 2974 2446 3029 Ecclesia
2469 2973 2753 3044 episcopus
2771 2970 3091 3040 subscripsi.
3119 2968 3452 3023 Lamvardus
3480 2964 3769 3041 Mindensis

2119 3085 2164 3146 ο
2194 3069 2478 3135 episcopus
2497 3060 2813 3133 subscripsi.
2841 3062 3134 3117 Huibertus
3149 3061 3434 3129 episcopus
3456 3053 3771 3146 subscripsi.

2198 3159 2346 3214 Luzo
2389 3157 2673 3227 episcopus
2732 3151 3114 3208 Cremonensis
3172 3147 3494 3217 subscripsi.
3544 3144 3775 3200 Joannes

2200 3250 2486 3319 episcopus
2545 3244 2915 3301 Turdonensis
2978 3236 3407 3314 [Terdonensis]
3455 3234 3770 3304 subscripsi.

2199 3339 2526 3395 Adelbertus
2572 3336 2856 3406 episcopus
2907 3329 3226 3401 subscripsi.
3277 3325 3447 3396 Otger
3494 3326 3776 3395 cpiscopus

2201 3431 2518 3500 subscripsi.
2568 3426 2875 3483 Sieheliuus
2915 3421 3262 3480 Florentiuus
3312 3419 3607 3488 episcOpus
3656 3413 3776 3469 sub-

2200 3521 2412 3591 scripsi.
2446 3518 2731 3573 Albericus
2757 3517 3041 3585 episcopus
3072 3509 3389 3580 subscripsi.
3414 3507 3649 3575 Artingo
3671 3505 3773 3557 Au-

2201 3612 2428 3667 siniaua‘.
2456 3607 2711 3662 Ecclesia:
2736 3607 3022 3675 episcopus
3044 3600 3363 3671 subscripsi.
3397 3597 3627 3653 lnsinno
3648 3596 3777 3650 Lao—

2201 3700 2452 3757 canensis
2478 3694 2913 3770 [Lavicanensis]
2942 3693 3196 3749 Ecclesiae
3231 3690 3520 3761 episcopus
3549 3686 3776 3743 subscrio

2201 3792 2283 3863 psi
2310 3789 2644 3844 Ertentarius
2664 3786 2866 3841 Ancias
2886 3785 3170 3854 episcopus
3196 3780 3517 3849 subscripsi.
3544 3776 3780 3831 Julianus

2201 3882 2484 3950 episcopus
2523 3878 2825 3933 Nucerinus
2851 3874 3166 3944 subscripsi.
3218 3871 3532 3941 Stephanus
3584 3865 3777 3922 Cervi:

2204 3972 2460 4028 Ecclesia:
2498 3971 2782 4040 episcopus
2820 3965 3139 4035 subscripsi.
3190 3963 3319 4017 Atto
3347 3958 3659 4029 Senegaltaa
3686 3956 3780 4009 Ec-

2205 4062 2382 4117 clesia:
2416 4059 2703 4130 cpiscopus
2728 4054 3046 4124 subscripsi.
3100 4051 3287 4120 Lupus
3316 4048 3633 4118 Spoltrinus
3677 4044 3781 4111 epi-

2205 4167 2401 4221 scopus
2432 4151 2642 4218 scripsi.
2696 4149 2883 4219 Lyndo
2909 4144 3175 4201 Clusianae
3209 4140 3468 4196 Ecclesiae
3508 4137 3779 4207 episcopus

2206 4244 2523 4314 subscripsi.

2280 4335 2407 4387 Data
2430 4350 2488 4389 tu
2519 4332 2654 4387 Non.
2686 4330 2923 4385 Januarii
2967 4342 3064 4398 per
3108 4339 3303 4381 manus
3350 4321 3635 4387 Widonis,
3680 4318 3779 4386 epi-

526 4417 780 4471 ctoritate
809 4416 922 4470 htee
944 4433 1062 4486 quae
1088 4433 1116 4471 a
1145 4417 1300 4471 nobis
1329 4418 1393 4470 ad
1430 4416 1642 4471 laudem
1670 4416 1764 4470 Dei
1806 4432 1905 4487 pro
1937 4417 2102 4472 stabi-
2133 4444 2180 4503 ι)
2207 4426 2354 4495 δουρί
2385 4426 2444 4481 s,
2477 4424 2638 4479 sum
2674 4420 2926 4477 candidae
2966 4417 3220 4474 Ecclesia:
3240 4456 3255 4478 ,
3284 4424 3339 4469 et
3389 4407 3779 4503 bibliothecarii

528 4508 680 4565 litate
724 4510 994 4581 smpedicti
1039 4510 1351 4564 monasterii
1382 4518 1581 4564 statuta
1633 4517 1777 4572 sunt,
1828 4507 2103 4579 refragare

527 4600 948 4670 praesumpserit,
972 4602 1250 4669 nostrique
1274 4600 1524 4670 prmcepti
1553 4610 1922 4668 transgressor
1946 4598 2107 4653 exsti-

530 4692 678 4754 terit,
726 4692 862 4745 sciat
901 4705 959 4745 se
999 4691 1358 4746 anathematis
1386 4690 1601 4745 vinculo
1656 4691 1999 4755 innodatum,
2051 4699 2107 4744 et

531 4795 651 4832 cum
684 4779 896 4834 diabolo
926 4790 1087 4849 atque
1108 4777 1240 4833 Juda
1268 4781 1526 4834 traditore
1548 4778 1755 4832 Domini
1785 4778 1952 4834 nostri
1979 4777 2104 4832 Jcsu

531 4870 730 4923 Christi
762 4871 945 4925 arterni
975 4872 1205 4925 incendii
1233 4871 1493 4941 supplicio
1521 4871 1853 4940 deputatum.
1884 4871 1952 4923 At
1981 4883 2109 4925 vero

532 4960 622 5028 qui
653 4961 738 5028 pio
763 4961 957 5014 intuitu
987 4962 1144 5028 hujus
1175 4961 1453 5030 apostolici
1478 4960 1760 5015 constituti
1795 4960 2110 5015 observator

533 5051 824 5113 exstiterit,
858 5050 1248 5106 benedictionis
1274 5051 1501 5120 gratiam
1531 5065 1559 5102 a
1602 5049 2110 5104 misericordissimo

538 5138 764 5193 Domino
785 5139 894 5193 Deo
923 5139 1290 5208 multipliciter
1315 5149 1699 5209 consequatur,
1724 5148 1780 5193 et
1806 5139 1930 5210 vita:
1955 5150 2113 5194 arter-

536 5245 618 5284 na:
648 5231 919 5301 particeps
945 5228 1081 5286 eﬂici
1111 5240 1400 5285 mereatur.

609 5320 882 5401 Scriptum
932 5336 1028 5389 per
1067 5336 1260 5375 manus
1302 5319 1559 5390 Stephani
1614 5318 1881 5374 scriniarii
1913 5328 2115 5376 sancta:

2205 4526 2404 4573 sancta:
2431 4516 2575 4571 sedis
2619 4512 2951 4583 apostolicae.
2988 4509 3143 4563 Anno
3171 4506 3281 4560 Deo
3325 4505 3589 4574 propitio,
3618 4501 3781 4581 ponti-

2204 4607 2395 4663 ﬁcatus
2427 4606 2627 4661 domini
2684 4602 2908 4658 Joannis
2944 4600 3137 4656 summi
3167 4595 3439 4667 pontiﬁcis
3480 4602 3538 4648 et
3578 4593 3780 4645 univcr-

2206 4700 2334 4755 salis
2362 4697 2506 4752 tertii
2525 4696 2718 4751 decimi
2741 4708 2912 4764 papae,
2933 4692 2985 4746 iu
3004 4688 3370 4746 sacratissima
3396 4686 3527 4741 sedc
3550 4683 3613 4737 Β.
3654 4680 3776 4736 Petri

2209 4790 2439 4861 apostoli
2466 4789 2646 4849 tertio,
2699 4783 3091 4854 imperantibus
3136 4778 3372 4836 dominis
3401 4774 3664 4847 piissimis
3685 4772 3777 4861 Atl-

2209 4860 2381 4952 gustis
2408 4880 2603 4936 Ottoue
2627 4887 2682 4933 et
2706 4877 2823 4947 ejus
2845 4876 3122 4945 aequivoco
3151 4870 3280 4935 lilio,
3312 4885 3344 4924 a
3378 4868 3490 4923 Deo
3515 4860 3779 4923 coronatis

2211 4970 2431 5042 magnis.
2452 4967 2895 5038 imperatoribus,
2925 4979 3066 5019 anno
3093 4961 3316 5031 majoris
3357 4957 3571 5027 imperii
3614 4963 3771 5009 sexto.

2210 5070 2268 5117 et
2287 5059 2511 5116 minoris
2527 5059 2697 5128 primo
2729 5057 2780 5111 in
2809 5066 2992 5112 mense
3009 5051 3289 5115 Januario,
3314 5046 3611 5103 indictione
3627 5055 3775 5111 supra

2214 5152 2356 5208 dicta
2384 5151 2685 5206 undecima.

2822 5235 2969 5306 (Lac.
2999 5233 3174 5305 εἰσιν.)
3246 5290 3251 5295 .
