3972 5428
142 314 267 372 θθι

882 428 1015 486 VIII.

195 539 422 581 ωαξης
455 538 550 579 XIII
589 536 929 577 ρκιτιιεςιυιι
968 536 1066 576 ιιιιι)
1098 534 1437 577 κοκλετειιο
1465 535 1687 576 οοιιεκει

605 607 866 649 υιωοεειε
899 607 946 646 ιιι
955 608 1022 647 τυ
1031 607 1232 648 ιιιιιεκει
1241 607 1286 647 5.

765 705 943 776 (Auno
966 704 1117 769 eos.)

349 794 567 851 Doiensi
596 796 912 849 monasterio
937 795 1264 866 privilegium
1291 796 1546 850 concedit.

216 884 395 960 [Apud
429 888 489 941 D.
513 886 792 950 Bovousr,
826 886 1057 950 Rccucil,
1092 897 1220 942 tom.
1253 886 1347 952 IX,
1376 904 1496 957 pag.
1520 887 1674 960 256.]

225 979 464 1034 Joannes
484 981 771 1048 episcopus
807 992 999 1032 servus
1027 992 1307 1033 servorum
1335 980 1449 1040 Dei,
1487 981 1739 1049 religioso

150 1072 340 1127 abbati
374 1072 702 1126 RAINULPIIO
735 1069 976 1124 Dolensis
999 1070 1232 1125 cmnohii
1269 1071 1322 1125 iu
1363 1071 1570 1126 honore
1609 1088 1737 1127 san-

152 1172 258 1216 cae
282 1162 561 1229 genitricis
591 1160 774 1216 Maria:
800 1170 854 1216 et
878 1159 1161 1215 beatorum
1192 1161 1560 1231 apostolorum
1589 1163 1737 1218 Petri

151 1262 211 1307 et
232 1253 383 1307 Pauli
420 1253 743 1319 constructi,
768 1252 995 1323 ejusque
1019 1254 1429 1309 successoribus
1459 1255 1511 1309 in
1545 1269 1739 1325 perpe-

153 1354 331 1398 tuum.

223 1433 550 1503 Apostolicaa
581 1433 935 1488 moderamini
967 1434 1130 1489 totius
1152 1434 1407 1490 Ecclesia:
1426 1451 1556 1491 cura
1583 1452 1735 1491 com-

150 1524 321 1577 missa
351 1531 457 1587 est,
486 1532 540 1577 et
582 1524 785 1579 idcirco
813 1525 1060 1593 quisquis
1099 1526 1278 1581 divina
1329 1527 1737 1595 dispensatione

151 1614 208 1666 iu
229 1622 420 1667 sancta
452 1613 692 1668 Romana
716 1614 844 1669 sede
873 1616 1134 1677 succedit,
1170 1631 1390 1671 necesse
1414 1625 1498 1671 est
1527 1627 1586 1672 ut
1615 1618 1738 1671 ubi-

150 1717 368 1770 cunque
394 1703 648 1771 possibile
671 1702 854 1767 l'uerit,
885 1706 1174 1760 utilitatem
1210 1707 1450 1776 ejusdem
1483 1709 1738 1764 Ecclesia:

146 1803 428 1861 procuret.
452 1793 792 1865 Quapmpter
817 1798 1201 1852 monasterium
1227 1801 1565 1869 praedictum,
1589 1802 1732 1872 quod

145 1884 305 1939 ΕΙ)ὺο
328 1888 432 1953 pia:
456 1886 730 1940 memoriae
756 1887 1068 1953 aediﬁcavit,
1099 1890 1170 1943 ita
1196 1899 1254 1943 ut
1280 1906 1310 1943 a
1336 1892 1734 1961 prtcdecessore

145 1986 341 2031 nostro
372 1992 470 2046 per
500 1980 882 2034 auctoritatem
914 1980 1180 2051 privilegii
1212 1983 1484 2036 sancitum
1530 1993 1632 2045 est,
1667 1984 1733 2038 li-

144 2067 351 2122 berunt
371 2069 442 2122 ah
476 2072 622 2125 omni
657 2071 1026 2128 dominatione
1056 2073 1425 2145 cujuscunque
1468 2091 1732 2146 personae,

148 2168 244 2212 aut
296 2161 440 2231 regis
474 2162 722 2219 videlicet
776 2175 871 2220 aut
921 2166 1179 2237 episcopi,
1212 2176 1306 2221 aut
1360 2168 1616 2236 ﬁliorum,
1650 2170 1734 2226 vel

146 2251 412 2317 ﬁliarmn,
442 2252 529 2308 vel
559 2255 986 2325 propinquorum
1014 2258 1183 2327 ipsius
1220 2259 1458 2316 Ebbonis
1481 2277 1605 2318 esse
1634 2264 1731 2319 de-

145 2343 446 2405 centimus,
478 2350 534 2397 et
562 2359 648 2398 res
666 2359 856 2400 omnes
875 2362 1010 2415 quas
1041 2348 1122 2402 vel
1148 2364 1290 2404 nunc
1312 2349 1513 2406 habere
1543 2353 1736 2407 viden-

148 2438 235 2483 tur
280 2433 560 2497 monachi,
598 2434 682 2488 vel
712 2435 968 2505 deinceps
1014 2438 1212 2493 ibidem
1253 2440 1465 2495 collatae
1510 2442 1730 2509 fuerint,

145 2519 264 2573 sine
322 2520 431 2575 ulla
498 2524 933 2580 contradictione
1005 2528 1337 2595 possideant.
1398 2527 1732 2587 Vodillonem

146 2625 365 2679 quoque
396 2611 579 2666 villam
614 2629 736 2668 cum
774 2616 888 2670 suis
914 2619 1269 2687 appendieiis,
1299 2636 1327 2674 a
1364 2620 1607 2678 Gerardo
1631 2640 1732 2678 no-

145 2703 237 2756 hili
271 2704 392 2758 viro
414 2704 688 2768 collatam,
720 2707 897 2761 eidem
937 2708 1055 2764 loco
1085 2710 1337 2766 similiter
1375 2713 1615 2767 attcibuo
1646 2715 1731 2769 vel

143 2795 431 2850 conﬁrmo.
460 2795 733 2866 Capenam
757 2799 918 2852 etiam
945 2801 1118 2855 sancti
1147 2801 1422 2869 Germani,
1447 2805 1731 2862 ecclesiam

144 2899 363 2954 quoque
386 2898 588 2941 sanctae
616 2886 825 2953 Mariae:
848 2905 948 2944 nec
971 2906 1075 2945 non
1101 2894 1273 2947 sancti
1309 2893 1573 2965 Dionysii,
1619 2913 1733 2951 tua-

141 2975 359 3029 suilinm
389 2979 555 3031 etiam
579 2977 632 3031 iu
647 2979 852 3035 honore
880 2982 1053 3035 sancti
1086 2980 1407 3048 Salvatoris,
1423 2996 1575 3056 prata
1599 3004 1734 3057 quo-

141 3079 249 3133 que
273 3065 328 3119 in
358 3066 567 3121 honore
585 3070 757 3123 sancti
793 3069 989 3135 Boniti,
1019 3074 1167 3129 oleas
1187 3075 1418 3147 denique
1447 3079 1501 3132 in
1523 3080 1730 3137 honore

142 3154 318 3207 sancti
360 3153 596 3222 Sulpitii,
622 3158 882 3225 capellam
924 3160 1450 3231 nihilominusjuxta
1490 3178 1729 3223 castrum

142 3242 292 3297 Dulis
317 3260 347 3297 a
370 3244 680 3301 Britonibus
704 3259 1090 3316 constructam,
1121 3262 1244 3321 post
1274 3254 1484 3310 illorum
1520 3257 1728 3314 disces-

139 3346 261 3386 sum
304 3334 677 3390 attribuimus.
719 3336 991 3406 Capellam
1019 3357 1239 3411 quoque
1278 3343 1461 3400 Sancti
1511 3346 1726 3405 Martini

140 3421 280 3475 infra
314 3423 788 3494 Castruml'ortem,
812 3429 974 3483 etiam
995 3432 1283 3487 ecclesiam
1311 3435 1363 3488 in
1388 3452 1524 3507 pago
1544 3438 1726 3496 Picta-

137 3511 351 3577 viensi,
402 3515 602 3571 salinas
648 3533 864 3587 quoque
914 3518 966 3573 in
1015 3536 1155 3590 pago
1193 3522 1450 3591 Aluensi;
1506 3526 1724 3583 aludum

138 3603 305 3657 etiam
335 3603 694 3661 Lavariacum
715 3625 837 3664 cum
866 3608 1046 3666 Monte
1073 3610 1314 3677 Futario,
1339 3630 1461 3669 cum
1474 3618 1726 3673 omnibus

138 3695 303 3749 rebus
355 3711 492 3764 quas
539 3697 623 3751 vel
672 3715 816 3754 nunc
862 3700 1084 3766 habent,
1131 3701 1214 3755 vel
1252 3703 1506 3775 deinceps
1560 3707 1721 3761 iidem

136 3785 392 3839 monachi
436 3787 672 3842 habituri
715 3799 864 3853 sunt,
908 3800 968 3844 ut
991 3790 1104 3858 jam
1131 3791 1388 3857 diximus,
1421 3795 1522 3849 sibi
1551 3797 1720 3865 perti—

135 3876 419 3940 utentibus,
457 3877 529 3949 ita
563 3878 664 3933 sibi
696 3879 992 3946 vindicent,
1032 3892 1092 3936 ut
1119 3883 1315 3937 nullius
1342 3886 1565 3940 oninino
1595 3888 1719 3942 sub-

128 3966 409 4033 jiciantur,
451 3970 553 4024 nisi
582 3970 839 4026 Romanis:
865 3974 1000 4039 sedi,
1026 3975 1169 4029 sicut
1198 3976 1251 4030 in
1280 3979 1538 4046 prmdicto
1557 3989 1721 4035 testa-

134 4066 323 4112 mento
346 4058 552 4127 praefati
580 4060 819 4119 Ebbonis
844 4064 1176 4119 continetur.
1209 4066 1319 4121 lloc
1356 4083 1485 4139 ergo
1509 4085 1609 4125 nos
1637 4071 1718 4125 in-

134 4157 374 4214 tnentes,
419 4152 637 4208 easdem
693 4168 799 4219 res,
858 4172 980 4227 quae
1037 4158 1281 4228 Iegaliter
1325 4163 1715 4228 conceduntur,

130 4242 312 4296 eidem
337 4245 588 4299 coenobio
617 4261 711 4315 per
751 4256 991 4302 nostram
1030 4250 1383 4318 apostolicam
1413 4254 1716 4308 auctorita-

129 4341 242 4387 tem
302 4335 710 4393 conﬁrmamus.
756 4340 1021 4397 Abbatem
1072 4359 1201 4398 vero
1252 4349 1616 4403 communiter
1662 4358 1717 4405 et

1397 312 1756 369 ιρῐετοιι
1799 312 1883 367 ΕΤ
1926 313 2259 371 DECRETA.

1770 436 1813 489 Α
1845 442 1957 482 sus.
1990 426 2310 498 Quicunque
2336 445 2463 487 vero
2488 437 2745 504 pneihcto
2774 444 3105 501 tuconsterio
3132 447 3185 503 in
3226 463 3431 521 augen-

3323 336 3429 393 966

1842 518 1926 574 dis
1953 520 2113 576 rebus
2142 521 2223 576 vel
2275 524 2532 595 religione
2574 529 2850 599 adjutores
2879 538 3216 606 exstiterint,
3268 518 3430 600 Chri-

1841 617 1985 663 stum
2017 609 2303 667 Domiuum
2337 625 2391 669 et
2440 628 2685 674 sanctam
2735 623 2854 690 ejus
2902 626 3233 687 Geuitricem
3266 642 3433 703 atque

1843 700 2030 757 beatos
2057 706 2427 773 apostolorum
2460 709 2732 781 principes
2760 717 2960 773 habere
3000 735 3314 780 mereantur
3337 728 3432 781 ad-

1835 790 2064 859 jutores.
2124 794 2166 848 E
2220 806 2410 850 contra
2469 809 2650 857 autem
2691 805 3002 878 quicunque
3036 815 3308 869 temerarii
3345 818 3429 872 vel

1840 881 2072 936 audaces
2102 886 2492 941 monasterium
2520 898 2615 944 aut
2653 891 2869 959 fratres,
2898 897 3013 953 sive
3040 903 3317 969 quaslibet
3341 921 3430 961 res

1840 973 1908 1025 ad
1943 988 2037 1027 eos
2066 974 2398 1042 pertinentes
2436 978 2631 1035 Imdere
2658 992 2747 1037 aut
2778 1002 3039 1057 usurpare
3062 1007 3427 1063 praesumpse-

1841 1064 1972 1131 rint,
1998 1066 2122 1121 illos
2152 1082 2250 1136 per
2274 1072 2627 1137 apostolicam
2674 1087 2992 1143 potestatem
3020 1083 3177 1139 nobis
3212 1101 3308 1154 per
3340 1088 3424 1157 ip-

1840 1170 1931 1210 sos
1957 1171 1987 1210 a
2020 1158 2129 1212 Deo
2154 1173 2468 1214 concessam
2507 1163 2608 1216 sub
2636 1168 3002 1226 anathematis
3052 1173 3287 1237 vinculo,
3323 1178 3426 1234 nisi

1843 1246 2186 1316 resipuerint,
2236 1266 2405 1321 usque
2436 1252 2488 1306 in
2536 1253 2678 1309 diem
2721 1255 2909 1323 judicii
2960 1263 3286 1333 obligamus.
3320 1267 3432 1322 0h-

1840 1338 2182 1394 servantibus
2226 1341 2340 1395 haec.
2389 1344 2569 1412 gratia
2619 1357 2674 1401 et
2718 1363 2823 1417 pax
2878 1350 3078 1409 Christi
3113 1357 3434 1430 multiplico-

1842 1438 1948 1491 tur,
1980 1439 2088 1484 etc.

1912 1519 2184 1590 Scriptum
2238 1538 2336 1592 per
2386 1542 2604 1581 manum
2666 1529 2934 1588 Theodori
2980 1539 3179 1593 notarii
3227 1551 3431 1597 sanctzn

1838 1610 2097 1668 Romana:
2150 1616 2426 1684 Ecclesiae,
2460 1620 2535 1688 .in
2576 1637 2763 1679 mense
2811 1624 3083 1695 Ianuarii,
3131 1632 3431 1692 indictione

1843 1706 2147 1760 undecima.

2575 1805 2664 1862 IX.

1835 1926 2049 1967 ιίιλκαιδ
2076 1928 2223 1968 ΡΔΡΒ
2257 1930 2355 1969 XIII
2407 1932 2574 1973 θυιιλ
2612 1937 2679 1974 ΑΙ)
2714 1938 3076 1982 ΑυΑιΒεῐιτωι
3107 1944 3425 1989 IAGDEBUR-

2272 2001 2477 2041 GENSBI
2511 2004 2960 2050 ARCHIEPISCOPUII
2969 2038 2983 2052 .

2452 2080 2633 2150 (Anno
2674 2084 2822 2156 968.)

1841 2161 2134 2251 Primatum
2161 2166 2241 2221 illi
2276 2169 2707 2251 intenunicers’os
2728 2173 3049 2251 germania,
3078 2184 3351 2251 prtem/es,
3375 2197 3424 2240 et

1906 2237 2159 2305 atqualem
2187 2255 2307 2292 cum
2339 2242 2606 2309 primariis
2635 2244 2826 2300 Gallia:
2848 2237 3097 2305 honorem
3130 2237 3424 2312 constituti.

2256 2329 2471 2402 lMANSl,
2502 2333 2704 2389 Concil.
2752 2335 2891 2404 XIX,
2926 2341 3004 2413 5.]

1903 2419 2136 2477 Ioannes
2176 2425 2484 2495 episc0pus,
2518 2441 2708 2485 servus
2745 2446 3029 2488 servorum
3070 2436 3188 2502 Dei,
3217 2437 3417 2495 dilecto

1834 2514 1989 2569 nobis
2027 2517 2080 2570 in
2107 2516 2322 2573 Christo
2353 2520 2636 2587 confratri,
2685 2524 3044 2594 ADALBEM‘O,
3081 2531 3142 2587 S.
3197 2532 3419 2604 Magde-

1834 2608 2119 2681 burgensis
2149 2613 2403 2672 Ecclesia:
2451 2618 2883 2693 archiepiscopo,
2919 2623 2971 2678 in
3008 2625 3234 2680 Domino
3259 2638 3420 2681 teter-

1835 2717 1959 2757 nam
1988 2705 2241 2761 salutem.

1906 2795 1961 2850 Si
1992 2812 2054 2851 ea
2080 2798 2193 2853 loca
2220 2815 2339 2869 quae
2361 2803 2427 2856 ad
2448 2803 2679 2862 salutem
2706 2809 2940 2866 maxime
2962 2813 3141 2882 populi
3167 2822 3220 2868 et
3242 2814 3419 2884 gentis

1834 2887 1900 2941 ad
1941 2887 2108 2943 Deum
2158 2894 2531 2950 conversionis
2564 2897 2785 2955 fundata
2824 2916 2970 2963 sunt.
2995 2905 3278 2975 privilegio
3319 2923 3417 2961 uo-

1834 2988 1962 3033 stric
2006 2983 2351 3038 auctoritatis
2386 2988 2665 3057 innuimus
2714 3002 2769 3047 et
2820 2994 3166 3063 decoramus,
3201 2998 3303 3053 hoc
3348 2998 3417 3052 ad

1759 3104 1805 3174 Ο
1836 3080 2148 3147 provectum
2206 3088 2260 3128 et
2308 3076 2503 3133 divina:
2550 3082 2827 3152 religionis
2881 3087 3084 3141 cultum
3137 3091 3417 3160 pertinere

1834 3160 1980 3216 nullo
2006 3165 2165 3219 modo
2194 3167 2521 3226 dubitamus.
2566 3173 2733 3244 Igitur
2760 3177 2887 3245 quia
2928 3179 3108 3235 sedem
3140 3180 3414 3252 Magdeh.,

1831 3257 1916 3310 cui
1949 3259 2056 3315 Deo
2109 3273 2331 3318 auctore
2363 3269 2639 3335 przesidcs,
2673 3281 2855 3327 nostra
2890 3283 3216 3345 tuorumque
3262 3292 3416 3331 com-

1830 3350 2241 3415 provincialium
2313 3360 2639 3417 auctoritate
2705 3364 3227 3436 archicpiscopalcm
3290 3381 3414 3425 esse

1827 3438 2188 3509 decrevimus,
2215 3461 2373 3514 quem
2408 3449 2549 3505 inter
2582 3462 2805 3509 caeteras
2841 3456 3113 3513 Ecclesias
3139 3461 3410 3525 ordinem,

1826 3529 2090 3598 vigorem,
2119 3537 2410 3600 primatum
2442 3552 2494 3593 et
2524 3545 2835 3610 arquitatem
2880 3548 3082 3604 habere
3130 3552 3182 3604 iu
3231 3563 3412 3620 poste-

1828 3634 1945 3672 rum
1977 3622 2189 3688 debeat,
2229 3630 2537 3695 apostolicae
2563 3635 2707 3689 sedis
2736 3637 3018 3708 privilegio
3055 3643 3250 3696 muniri
3283 3660 3412 3697 san-

1828 3710 2026 3766 ximus.
2062 3714 2155 3769 Dei
2206 3717 2370 3787 igitur
2411 3724 2801 3793 omnipotentis
2855 3731 3207 3797 auctoritate,
3242 3743 3296 3788 et
3346 3736 3405 3788 Ii.

1822 3799 1996 3869 Petri,
2029 3809 2395 3875 apostolorum
2444 3815 2727 3885 principis,
2756 3827 2812 3873 et
2838 3830 3046 3889 nostra,
3078 3832 3128 3878 te
3180 3833 3406 3897 tuosque

1822 3907 2165 3952 successores
2196 3900 2248 3954 in
2301 3914 2637 3973 perpetuum,
2662 3918 2716 3962 et
2765 3910 3059 3968 Ecclesium
3110 3924 3255 3970 tuam
3287 3936 3404 3973 om-

1820 3986 1967 4041 nium
1990 3989 2341 4047 ecclesiarum
2367 3996 2896 4071 archiepiseziporum
2921 4014 2974 4059 et
2994 4006 3398 4079 episcoporum,

1819 4078 1909 4146 qui
1938 4080 1990 4132 iu
2020 4080 2311 4138 Germania
2340 4096 2485 4152 sunt,
2515 4092 2748 4147 ordinati
2782 4095 2832 4148 in
2878 4099 3136 4164 sedendo,
3171 4101 3222 4156 in
3261 4102 3405 4172 judi-

1817 4171 2011 4235 cando,
2037 4173 2091 4227 in
2120 4177 2513 4249 conﬁrmando,
2539 4185 2589 4238 in
2606 4187 3019 4257 subscribendo,
3038 4195 3089 4247 in
3117 4198 3404 4253 sententiis

1820 4259 2014 4318 dandis
2054 4267 2312 4337 omnique
2359 4273 2730 4333 ecclesiastico
2759 4281 2952 4338 ordine
2977 4284 3268 4353 primatum
3304 4289 3401 4343 ha-

1817 4351 1950 4408 bere
1971 4356 2238 4414 volumus.
2269 4360 2468 4418 Eorum
2520 4381 2649 4423 vero
2687 4372 2777 4439 qui
2809 4383 2935 4427 sunt
2962 4375 3014 4428 iu
3044 4375 3236 4442 Gallia,
3272 4380 3400 4434 item

2628 4422 2633 4423 γ
2809 4422 2934 4427 νὴ---
3050 4422 3236 4442 νημη,

128 4422 460 4491 regulariter
532 4425 800 4483 viventem
866 4431 984 4485 sine
1033 4431 1192 4487 ullius
1261 4438 1712 4504 contradictione,
1747 4439 2206 4514 DMogoncieus.,
2236 4450 2550 4509 Trevireus.
2584 4467 2639 4512 et
2679 4462 2985 4518 Coloniens.
3037 4466 3294 4523 Ecclesite
3344 4471 3399 4524 in

128 4526 516 4583 quemcunque
546 4516 613 4570 de
649 4517 780 4586 ipsis
810 4521 1010 4574 saniori
1041 4524 1268 4577 consilio
1296 4525 1572 4594 eligerint,
1610 4531 1712 4585 sibi

128 4603 453 4671 praeﬁciam.
482 4605 634 4672 Quod
657 4610 699 4662 si
724 4609 919 4678 aliquis
932 4627 1028 4681 per
1051 4629 1245 4669 munus
1268 4627 1359 4670 aut
1376 4632 1475 4685 per
1497 4619 1712 4677 inanem

128 4699 378 4769 gloriam,
438 4704 922 4772 consentientibus,
980 4711 1125 4778 quod
1176 4712 1353 4778 absit,
1401 4716 1711 4783 monachis,

129 4794 371 4863 irrepere
399 4797 704 4862 tentaverit,
736 4798 878 4857 hunc
901 4800 1059 4854 talem
1089 4804 1250 4859 veluti
1276 4803 1520 4861 furem-et
1544 4806 1710 4864 latro-

128 4902 248 4939 nem
276 4903 377 4956 per
402 4889 757 4957 apostolicum
802 4891 1149 4948 interdictum
1185 4897 1541 4965 prohibemus
1568 4917 1585 4951 :
1616 4902 1711 4956 sed

131 4976 195 5030 ab
225 4978 356 5046 ipsis
386 4979 659 5047 personis,
687 4979 882 5048 quibus
916 4981 1109 5038 beatus
1153 4984 1477 5041 Benedictus
1514 4988 1567 5042 in
1611 4990 1713 5046 hac

130 5080 186 5120 re
208 5075 538 5138 potestatem
588 5068 796 5134 trihnit,
836 5069 998 5124 talem
1049 5073 1174 5143 eligi
1216 5074 1580 5145 placciptmus,
1617 5081 1706 5150 qui

125 5155 306 5213 domui
338 5159 434 5213 Dei
464 5160 603 5214 bene
630 5174 862 5228 [incesse
903 5161 1138 5229 studeat,
1189 5174 1264 5229 et,
1302 5165 1445 5222 sicut
1500 5170 1706 5227 dictum

123 5261 221 5318 cst,
266 5252 637 5308 communiter
684 5252 851 5317 vivat,
894 5250 1241 5312 etfratribus
1285 5269 1446 5325 prout
1473 5264 1709 5331 potuerit

122 5345 374 5409 prodesse
396 5344 575 5414 magis
597 5359 760 5413 quam
786 5359 1017 5412 praeesse
1044 5349 1281 5403 studeat.
1308 5346 1709 5410 Constituimus

1816 4536 2070 4590 omnibus
2106 4554 2290 4605 parem
2327 4544 2586 4600 honorent
2624 4560 2679 4602 et
2714 4552 2946 4606 similem
2985 4556 3225 4624 vigorem
3261 4574 3395 4628 pra:-

1813 4628 1949 4679 senti
1981 4629 2712 4697 privileeio'conﬁrmamus.
2766 4639 3055 4707 Cic-terum,
3086 4658 3237 4699 more
3290 4646 3398 4699 Ra-

1816 4732 1989 4772 mnua:
2015 4719 2291 4785 Ecclesia,
2332 4722 2638 4780 Ecclesium
2675 4737 2818 4783 tuam
2848 4733 3130 4788 duodecim
3179 4735 3398 4810 presby-

1815 4816 1982 4875 teros,
2003 4820 2057 4864 et
2079 4821 2285 4880 septem
2310 4814 2588 4880 diaconos,
2630 4828 2685 4872 et
2716 4820 2903 4891 viginti
2921 4833 3152 4892 quatuor
3174 4827 3398 4883 subdia-

1812 4912 1976 4954 conus
2027 4902 2352 4967 cardinales,
2404 4907 2493 4975 qui
2529 4908 2790 4964 sandaliis
2842 4922 2897 4967 et
2949 4913 3122 4968 lisinis
3174 4926 3401 4975 uenitur

1811 4986 2012 5045 habere
2044 4987 2311 5045 volumus.
2343 4990 2518 5064 Super
2540 4997 2641 5052 hoc
2673 5014 2798 5053 vero
2845 5001 3036 5058 iisdem
3067 5003 3402 5074 presbyteris

1809 5089 1865 5133 et
1922 5081 2209 5138 abbatibus
2257 5085 2504 5145 ecclesia:
2551 5089 2737 5146 Sancti
2787 5090 3016 5152 Joannis
3050 5095 3304 5165 Baptistae
3348 5102 3402 5160 in

1810 5174 2071 5234 suburbio
2111 5175 2350 5245 ejusdem
2404 5182 2639 5238 civitatis
2686 5196 3018 5245 constructae
3067 5188 3264 5244 tunicis
3325 5196 3405 5252 uti

1808 5268 2179 5329 concedimus.
2213 5270 2421 5337 Quibus
2448 5276 2689 5345 exceptis
2727 5287 2782 5330 et
2810 5279 3080 5350 epiSrOpis
3123 5292 3290 5349 super
3323 5289 3408 5340 at-

1811 5358 1927 5418 tare
1949 5362 2003 5417 in
2031 5362 2293 5416 honorem
2318 5362 2378 5416 Β.
2413 5366 2647 5421 Mauritii
2672 5368 2981 5425 dedicatum
3009 5370 3231 5424 missam
3255 5377 3409 5428 cele-
