3972 5428
574 351 679 405 967

1885 346 2165 407 JOANNlS
2213 350 2325 405 Xlll
2366 349 2583 409 PAle'

3737 357 3837 413 9‘58

578 465 934 522 reminiscens
961 461 1360 523 mandatorum,
1399 460 1468 513 ita
1523 461 1575 513 iu
1637 462 1942 517 commissa:
1984 464 2157 532 plebis
2184 470 2233 528 Λ
2333 471 2389 525 Si
2427 486 2640 540 semper
2682 470 3196 526 concedenda-sunt
3243 485 3363 540 qua:
3415 471 3521 541 pi‘s
3568 473 3836 532 desidem;

579 559 839 627 regimine
867 556 1245 626 lucrandisque
1270 555 1553 608 animabus
1587 553 1828 622 iuvigila,
1853 564 1911 609 ut
1934 556 2161 610 Redem-

575 650 718 719 ptori
745 659 930 704 nostro
958 648 1192 703 fructum
1218 649 1370 701 bona:
1397 645 1755 716 operationis,
1782 646 1833 699 in
1857 663 1964 716 quo
1990 648 2158 703 lauari

576 742 770 810 possis,
805 742 1087 795 exhibeas.

646 835 916 906 Scriptum
947 850 1044 905 per
1074 850 1287 889 manum
1338 834 1601 906 Stephani
1648 839 1918 893 scriniarii
1952 845 2157 891 sancta:

574 929 719 985 sedis
752 929 1080 999 apostolicre,
1115 930 1166 983 in
1196 945 1379 983 mense
1407 930 1655 995 Octobri,
1691 931 1875 985 iudict.
1905 945 2007 984 xu.

1318 1046 1385 1100 Χ.

843 1156 1052 1196 ALTERA
1084 1156 1309 1196 ειυευειι
1338 1156 1403 1194 AD
1431 1155 1647 1194 EUAIDEM
1687 1155 1880 1194 BELLA.

1142 1233 1319 1305 (Anno
1349 1233 1537 1286 eodem
1552 1236 1586 1302 .)

573 1329 1025 1384 Conseorationem
1050 1327 1408 1396 episcoporum
1432 1325 1666 1377 omnium
1697 1325 1832 1396 inter
1861 1321 2068 1396 Albium
2102 1329 2151 1374 et

645 1398 845 1462 Saloni,
867 1414 1056 1467 jusque
1080 1394 1231 1465 'palii
1272 1395 1350 1447 illi
1384 1403 1430 1448 et
1462 1394 1845 1448 successoribus
1877 1394 2077 1446 tribuit.

994 1487 1237 1559 [[Maasr,
1267 1484 1469 1539 Concil.
1500 1502 1613 1548 XIX,

637 1583 866 1640 Jomxes
888 1582 1195 1651 cpiscopus,
1226 1595 1417 1634 servus
1457 1593 1739 1633 servorum
1790 1577 1906 1643 Dei,
1933 1576 2147 1632 charis-

568 1681 703 1733 simo
734 1675 994 1731 confratri
1018 1683 1203 1729 nostro
1223 1674 1572 1737 Annaeum,
1600 1680 1800 1726 sancta:
1831 1668 2150 1740 Magdebur-

567 1776 746 1843 geusis
786 1773 1037 1828 Ecclesia:
1067 1768 1437 1839 archiprmsuli
1466 1808 1480 1833 ,
1516 1768 1568 1820 in
1613 1765 1843 1819 Domino
1887 1775 2145 1817 aeternam

563 1870 813 1923 salutent.

634 1966 708 2019 Ita
745 1974 816 2026 te,
849 1962 1018 2017 frater
1047 1956 1367 2016 charissime
1388 1955 1442 2011 et
1462 1954 1781 2028 c'oepiscope
1809 1963 2016 2020 noster,
2035 1955 2143 2008 vita

564 2073 849 2125 moresque
873 2056 944 2109 tui
980 2056 1242 2108 hactenus
1273 2050 1524 2104 idoneum
1551 2048 1855 2109 reddidere,
1886 2056 1943 2100 ιιι
1972 2046 2139 2100 multa

563 2151 686 2204 stibi
710 2150 954 2213 credere,
982 2147 1133 2217 plura
1162 2145 1327 2198 etiam
1355 2142 1718 2204 committere,
1736 2140 1876 2194 sicut
1899 2140 2037 2194 bono
2064 2139 2144 2192 di-

564 2241 859 2311 pensaturi,
911 2256 1013 2294 non
1045 2237 1377 2292 basitemus.
1408 2234 1579 2303 Igitur
1604 2234 1729 2302 quia
1759 2233 1827 2287 ad
1873 2230 2143 2301 pastorale

560 2335 771 2386 i-ulinen
822 2332 991 2401 plebis
1016 2342 1135 2391 tua),
1167 2338 1219 2383 et
1249 2326 1784 2397 comprovincialium
1814 2334 2053 2384 tuorum,
2088 2332 2143 2378 et

567 2437 748 2480 nostra
789 2435 908 2495 post
947 2424 1116 2477 Deum
1153 2430 1204 2475 te
1253 2420 1550 2474 auctoritas
1589 2418 1880 2488 promovit,
1918 2427 1970 2471 et
2014 2417 2140 2487 quia

560 2526 708 2572 tanta
737 2518 1049 2571 Srlavorum
1081 2513 1229 2583 plebs
1242 2512 1380 2565 ultra
1398 2510 1589 2566 ﬂuvios
1610 2509 1819 2564 Albiam
1853 2518 1907 2562 et
1933 2507 2138 2573 Salam,

557 2611 764 2665 scilicet
805 2611 914 2664 Deo
942 2610 1153 2661 noviter
1176 2603 1465 2673 acquisita,
1494 2602 1679 2672 paucis
1702 2600 2011 2671 pastoribus
2042 2601 2141 2655 mi-

558 2704 703 2756 nime
729 2703 864 2754 tueri
902 2708 1098 2769 potest,
1140 2696 1372 2766 qualiter
1401 2694 1672 2765 episcopis
1714 2702 1817 2747 tute
1865 2693 1977 2746 sedi
2010 2694 2139 2748 Stib-

551 2795 717 2864 jretis
749 2795 1037 2866 parochias
1082 2789 1479 2844 rationabiliter
1507 2795 1561 2841 et
1614 2794 1773 2841 caute
1823 2783 2031 2838 dividas
2079 2793 2134 2839 et

553 2890 871 2950 distributas,
901 2894 1005 2940 tua:
1029 2881 1452 2951 dispensationis
1477 2889 1531 2934 et
1560 2876 1903 2934 discretionis
1932 2876 2137 2929 exami-

552 2987 605 3038 ni
633 2985 943 3047 committo;
972 2993 1027 3036 et
1057 2982 1159 3035 hoc
1185 2973 1521 3031 serenissimi
1570 2969 1871 3041 spirituaiis
1909 2968 1998 3021 ﬁlii
2032 2984 2132 3021 no-

550 3078 648 3132 stri
678 3077 1018 3147 imperatoris
1045 3070 1297 3141 Augusti,
1334 3066 1425 3136 qui
1462 3066 1703 3135 ejusdem
1733 3072 1837 3114 tua:
1865 3061 2121 3114 Beelesia:

554 3170 808 3224 fundator
830 3176 1116 3228 etauetor
1171 3171 1273 3226 est,
1305 3174 1458 3222 cura,
1493 3157 1770 3227 diligentia
1827 3163 1880 3208 et
1922 3153 2130 3223 judicio
2160 3183 2204 3245 ρ

552 3264 690 3321 fieri,
747 3278 843 3330 per
893 3258 1174 3329 prmscntis
1211 3251 1476 3324 privilegii
1528 3249 1805 3302 munimen
1859 3257 2040 3302 statuo
2077 3254 2132 3300 et

551 3352 835 3406 confirmo.
873 3353 929 3405 Si
959 3368 1087 3420 ergo
1136 3352 1204 3405 ab
1242 3351 1539 3419 apostolica
1586 3349 1732 3410 sede,
1763 3347 1846 3401 cui
1882 3347 1988 3401 Deo
2033 3362 2132 3398 au-

550 3454 699 3498 i-tore
722 3445 986 3512 praesideo
1024 3442 1277 3499 Ecclesiae
1318 3452 1428 3496 tua:
1454 3456 1790 3505 concessum,
1821 3450 1879 3494 ut
1912 3439 1979 3494 ab
2016 3438 2133 3506 ejus

550 3537 857 3591 rectoribus
885 3535 1144 3606 cpisc0pi,
1173 3537 1263 3605 qui
1288 3536 1428 3589 ultra
1458 3535 1671 3589 Albiam
1701 3544 1756 3589 et
1784 3534 1966 3589 Salam
2002 3549 2133 3589 con-

547 3628 747 3693 stituti,
769 3638 821 3682 et
850 3629 1215 3685 constituendi
1248 3636 1391 3690 sunt,
1423 3637 1545 3696 post
1569 3626 1765 3681 futuris
1797 3626 2131 3696 temporibus

546 3731 955 3797 consectentur,
982 3732 1036 3775 ct
1059 3722 1157 3791 ipsi
1195 3721 1435 3790 ejusdem
1468 3730 1570 3775 tua:
1619 3721 1831 3775 scilicet
1865 3719 2129 3789 Ecclesia:

546 3814 1154 3884 arcliiepiscopos,sicut
1175 3828 1272 3883 pro
1293 3813 2126 3882 temporefnerint,consecrent,

545 3908 636 3977 qui
667 3908 885 3977 pallium
916 3907 1214 3962 secundum
1246 3921 1448 3960 morem
1500 3904 1757 3960 Romana:
1808 3904 2066 3960 Ecclesia:
2097 3918 2128 3957 a

546 4011 728 4054 nostra
761 4001 886 4055 sede
919 4000 1202 4069 recipiant.
1238 3997 1416 4060 Unde,
1448 3997 1618 4053 frater
1664 3998 2009 4061 charissime,
2047 3997 2131 4051 di-

540 4093 888 4162 lectationieni
911 4095 996 4167 [[2,
1028 4091 1397 4164 dilectionem]
1432 4103 1578 4146 tuam
1603 4093 1867 4148 admoneo
1893 4102 1949 4146 et
1974 4092 2127 4146 obte-

545 4199 680 4254 stor,
709 4198 769 4244 ut
791 4190 972 4245 animo
995 4189 1071 4244 sis
1094 4185 1381 4250 sollicitus,
1404 4202 1472 4241 ne
1498 4186 1701 4257 aliquid
1730 4186 1832 4242 sibi
1854 4187 2124 4242 commodi

545 4281 675 4334 dato
701 4290 794 4333 aut
821 4262 1020 4350 gratia,
1043 4278 1297 4347 quaelibet
1324 4278 1648 4347 supplicatio
1679 4294 2034 4348 personarum
2071 4280 2122 4333 in

544 4372 719 4426 sacris
761 4372 1042 4425 ordinibus
1095 4368 1360 4432 vindices,
1394 4370 1486 4423 scd
1536 4370 1603 4423 ad
1634 4372 1736 4429 hoc
1770 4369 2002 4425 cilicium
2036 4372 2124 4426 ille

543 4461 893 4531 perducatur,
918 4476 1080 4531 quem
1130 4477 1341 4517 morum
1372 4462 1612 4531 gravitas
1668 4462 2012 4517 commendet
2066 4470 2119 4516 et

542 4556 666 4609 vita:
698 4557 982 4626 praeteribo
1006 4555 1165 4610 actio.
1198 4553 1429 4610 Oramus
1460 4564 1640 4608 autem
1689 4555 2117 4623 omnipotentem

546 4645 715 4702 Deum
748 4657 807 4702 ut
839 4665 933 4702 sua
963 4656 1016 4701 te
1048 4647 1345 4703 munitione
1365 4647 1721 4716 circumagat,
1748 4655 1802 4698 et
1830 4645 2120 4700 sacerdotii

542 4749 852 4808 susceptum
878 4738 1112 4792 oliicium
1143 4738 1396 4807 operibus
1431 4736 1654 4806 implere
1694 4735 1977 4790 concedat.

609 4830 802 4885 Actum
826 4847 921 4899 per
951 4846 1142 4886 manus
1169 4830 1427 4901 Stephani
1451 4829 1724 4886 scriniarii
1754 4837 1808 4881 et
1841 4828 2124 4885 bibliothe-

542 4922 675 4974 carii
712 4935 917 4977 sancta:
950 4923 1201 4977 Romana:
1257 4923 1514 4976 Ecclesiae
1566 4922 1618 4973 in
1655 4935 1841 4975 mense
1874 4919 2117 4984 Octobri,

542 5013 836 5071 indictione
859 5027 1116 5067 statutum
1148 5014 1489 5068 duodecima.

1284 5131 1373 5186 ΧΙ.

608 5239 820 5277 3οΛΝΝΙΒ
867 5238 1010 5276 PAR-ﬁ
1050 5238 1146 5276 XIII
1189 5238 1527 5277 i‘RH’lLEGiUH
1567 5239 1666 5278 PRO
1714 5239 2050 5279 ιιιικιετειιιο

1200 5310 1475 5348 Αιιιτιῐκει.

1160 5388 1338 5428 lAnnn
1367 5385 1514 5428 (Ηῖἕξλ

2149 4522 2198 4580 ῐ)

2263 571 2586 633 congruunt,
2616 574 2818 634 quanto
2854 565 3035 636 magis
3078 582 3141 621 ea
3174 582 3293 637 qua:
3339 583 3439 638 pro
3474 569 3645 624 divini
3676 573 3837 629 cultus

2261 657 2561 712 constantia
2592 657 2861 726 pertinere
2888 668 3209 722 noscuntur,
3239 661 3553 714 omnimodo
3581 678 3688 716 non
3726 676 3837 719 sunt

2261 749 2523 819 neganda.
2559 749 2623 803 Et.
2653 751 2771 804 ideo
2805 751 2940 805 sciat
2987 752 3227 805 omnium
3277 762 3591 807 vestrorum
3640 755 3837 811 bonitas

2260 850 2420 910 atque
2457 838 2717 897 industria
2751 844 2874 910 quia
2920 843 3005 897 vir
3054 845 3222 898 Deum
3271 844 3470 897 timens
3514 853 3572 897 et
3619 845 3836 917 inclytus

2258 946 2459 996 comes,
2500 935 2719 988 nomine
2758 934 2932 999 Olib’a,
2971 938 3193 991 veniens
3239 945 3452 991 oratum
3503 936 3732 992 Romam
3779 945 3837 996 ad

2256 1023 2692 1081 beatissimorum
2718 1030 3084 1096 apostolorum
3118 1029 3265 1084 Petri
3302 1040 3358 1084 et
3396 1030 3549 1085 Pauli
3599 1034 3838 1087 sacratis-

2257 1118 2392 1171 sima
2438 1134 2688 1188 corpora,
2731 1120 3022 1188 postulavit
3071 1137 3099 1175 a
3152 1121 3306 1178 nobis
3350 1133 3409 1178 ut
3454 1128 3836 1182 monasterium

2256 1210 2398 1279 quod
2432 1218 2660 1265 vocatur
2701 1212 2911 1276 Arulas,
2946 1225 3313 1274 constructum
3364 1236 3392 1272 a
3438 1219 3617 1274 fratre
3649 1220 3735 1274 avi
3763 1221 3835 1275 sui

2240 1303 2320 1356 ad
2346 1304 2608 1359 honorem
2637 1304 2848 1360 Domini
2900 1317 2955 1361 et
2998 1324 3211 1380 semper
3236 1311 3461 1381 virginis
3492 1313 3589 1367 Dei
3622 1314 3834 1381 genitri-

2254 1398 2334 1452 cis
2364 1397 2564 1463 Μανία),
2596 1400 2829 1468 positum
2857 1402 3131 1459 territorio
3163 1406 3450 1459 comitatus
3478 1405 3842 1460 Rossilionrn-

2253 1491 2349 1555 sis,
2392 1491 2443 1544 in
2473 1491 2591 1545 loco
2620 1491 2710 1559 qui
2753 1492 2919 1561 vallis
2958 1494 3143 1563 Asperi
3178 1507 3424 1563 voeatur,
3463 1499 3629 1568 juxta
3679 1500 3837 1568 ripam

2251 1580 2486 1636 ﬂuminis
2514 1581 2689 1647 Theti,
2720 1585 2861 1652 quod
2889 1586 3096 1655 vulgari
3128 1589 3347 1644 nomine
3374 1590 3542 1644 etiam
3572 1607 3837 1661 nuneupa-

2254 1685 2359 1739 tur,
2412 1676 2511 1730 sub
2563 1686 2818 1744 perpetua
2869 1677 3209 1735 immunitate
3258 1692 3575 1737 sanctorum
3629 1683 3835 1737 Patmn

2252 1783 2373 1822 cum
2406 1767 2717 1823 defensione
2753 1778 2954 1824 sancta:
2987 1781 3186 1828 nostra:
3215 1774 3360 1828 sedis
3387 1775 3706 1845 apostolicae
3736 1789 3835 1829 nia-

2251 1862 2484 1915 nendum
2513 1864 2950 1926 decerneremus,
2997 1881 3118 1919 cum
3160 1866 3413 1921 omnilms
3451 1869 3620 1922 rebus
3648 1878 3703 1922 et
3733 1884 3837 1937 pos-

2250 1953 2581 2009 sessionibus
2607 1954 2706 2009 sibi
2738 1956 3150 2024 pertinentibus.
3199 1955 3355 2027 Unde
3388 1960 3642 2015 inclinati
3675 1962 3837 2032 pretio

2247 2044 2346 2098 bus
2373 2042 2488 2113 ejus
2516 2046 2858 2113 humilitatis,
2895 2063 2994 2116 per
3030 2047 3170 2103 hanc
3214 2059 3456 2104 nostram
3491 2053 3833 2122 apostolicam

2246 2145 2299 2190 et
2347 2137 2704 2193 inviolabilem
2748 2139 3163 2209 prmceptionem
3214 2142 3511 2197 statuimus
3572 2143 3629 2197 id
3673 2145 3832 2215 ipsum

2249 2228 2339 2281 Dci
2372 2227 2664 2285 Genitricis
2705 2232 3091 2285 monasterium
3119 2247 3185 2287 ex
3219 2233 3429 2305 integro
3471 2251 3576 2305 pro
3611 2253 3707 2291 sua
3738 2251 3835 2292 stao

2245 2318 2450 2373 lnlitatc
2499 2322 2887 2390 perpetualiter
2933 2323 2998 2376 ad
3046 2324 3300 2378 ditionem
3351 2338 3520 2396 atque
3561 2330 3833 2387 tuitionem

2244 2420 2443 2466 saneta:
2471 2413 2658 2468 matris
2688 2413 2939 2468 Ecclesize
2962 2415 3175 2483 persisti
3203 2417 3424 2481 debere,
3453 2420 3835 2479 continuantes

2244 2502 2316 2556 illi
2340 2520 2527 2558 omnes
2549 2521 2635 2560 res
2663 2520 2798 2575 quas
2820 2505 2943 2574 jure
2980 2515 3032 2560 et
3066 2506 3461 2564 rationabiliter
3493 2514 3599 2567 sibi
3626 2529 3655 2566 a
3687 2518 3834 2585 prin-

2243 2596 2383 2665 cipio
2425 2598 2716 2667 pertinent,
2752 2606 2807 2653 et
2836 2613 3006 2668 usque
3042 2598 3093 2652 in
3145 2599 3303 2654 linem
3340 2603 3530 2658 saeculi
3569 2608 3835 2674 pertinere

2241 2688 2455 2752 debent,
2487 2690 2537 2742 in
2570 2691 2740 2752 cellis,
2778 2690 3043 2755 ecclesiis,
3080 2694 3434 2758 ornamentis,
3484 2699 3658 2752 sacris
3697 2702 3833 2756 rasis

2240 2783 2674 2847 etustensilibus,
2697 2783 2748 2837 in
2777 2783 2933 2846 villis,
2958 2784 3119 2845 casis,
3148 2786 3340 2852 servis,
3365 2790 3607 2856 ancillis,
3634 2792 3832 2849 libert‘s

2239 2884 2286 2927 et
2316 2874 2652 2941 all'ranticiis,
2680 2879 2856 2948 aquis,
2890 2898 3011 2935 cum
3055 2882 3183 2975 ipsis
3212 2900 3478 2953 aquarum
3511 2903 3579 2942 ex
3614 2900 3831 2963 utraque

2239 2977 2390 3034 parte.
2420 2969 2655 3038 riparum
2687 2972 3006 3044 verdigariis
3051 2969 3632 3047 et'ciicumjaeentiis,
3679 2988 3829 3039 teres

2237 3067 2289 3109 et
2314 3061 2596 3126 aquimolis
2633 3080 2754 3118 cum
2790 3067 2903 3120 suis
2947 3072 3266 3138 caputaquis
3308 3082 3363 3125 et
3418 3075 3553 3142 ipsis
3582 3079 3826 3146 aquauln-

2238 3152 2410 3204 ctibus
2436 3170 2499 3207 ac
2519 3155 2764 3224 piscariis
2786 3159 3141 3229 omnibusque
3167 3163 3298 3219 locis
3326 3167 3488 3221 cultis
3519 3179 3573 3222 et
3601 3171 3824 3232 incnlti=,

2235 3249 2288 3294 et
2319 3258 2441 3296 cum
2469 3242 2732 3299 universis
2756 3248 2958 3311 usibus,
2986 3252 3305 3318 redditibus,
3331 3272 3428 3311 seu
3461 3248 3829 3313 deciiitatioui-

2235 3331 2336 3387 bus
2364 3346 2417 3391 et
2451 3336 2702 3391 tributis:
2739 3341 3143 3412 promulgantcs
3173 3350 3335 3402 etiam
3385 3351 3507 3405 lucc
3547 3354 3747 3418 omnia,
3777 3365 3827 3407 et

2234 3442 2567 3497 qmccunque
2620 3430 2867 3501 legaliter
2902 3434 3005 3488 dici
3057 3447 3112 3491 et
3137 3442 3401 3496 nominari
3438 3456 3691 3512 possunt,
3734 3462 3829 3516 per

2237 3516 2370 3573 lines
2397 3528 2449 3571 et
2478 3522 2737 3576 terminos
2775 3540 2911 3593 suos,
2954 3527 3273 3595 inconcussa
3307 3532 3358 3589 et
3391 3538 3670 3592 iudemnia
3714 3558 3826 3593 ma-

2235 3625 2364 3664 nere
2399 3611 2464 3663 ad
2493 3613 2789 3668 dominium
2825 3617 2990 3686 ipsius
3030 3624 3172 3677 sacri
3208 3629 3469 3695 cmnobii,
3524 3644 3580 3685 et
3627 3634 3824 3688 utilita-

2236 3713 2341 3758 tem
2383 3707 2643 3777 regularis
2685 3708 2893 3765 abbatis
2941 3730 3034 3769 seu
3069 3720 3461 3787 monachorum
3496 3724 3693 3777 ibidem
3721 3726 3825 3779 Deo

2232 3799 2602 3854 servientium.
2633 3801 2859 3872 Quoquo
2885 3815 3123 3878 tempore
3146 3825 3487 3880 nequaquam
3523 3816 3735 3871 licentia
3756 3819 3825 3871 sit

2231 3890 2391 3947 alicui
2429 3895 2701 3967 episcopo,
2732 3898 2876 3963 duci,
2908 3901 3115 3973 comiti,
3142 3913 3232 3957 aut
3273 3906 3366 3960 ulli
3400 3908 3686 3964 hominum
3714 3926 3824 3965 ηιθ-

2230 4001 2348 4056 grta:
2390 4003 2672 4058 parvasque
2709 4006 2953 4061 persona:
3002 3993 3203 4064 aliquid
3235 3997 3300 4051 de
3331 4001 3593 4056 omnibus
3622 4018 3735 4071 qua:
3771 4004 3819 4056 ei

2210 4088 2499 4155 “pertinent
2530 4097 2584 4143 et
2633 4091 2685 4144 iu
2714 4101 2869 4144 antea
2902 4092 3175 4160 pertinere
3219 4092 3439 4157 debent,
3480 4094 3690 4156 tollere,
3730 4105 3823 4149 aut

2230 4178 2492 4235 violenter
2530 4183 2833 4250 possidere,
2874 4184 2986 4239 sive
3027 4185 3078 4238 in
3110 4200 3383 4255 quoquam
3436 4187 3821 4241 molestiarum

2227 4275 2668 4330 contrarietatem
2702 4274 2914 4338 facere;
2947 4277 3041 4332 sed
3068 4285 3265 4331 cuncta
3295 4278 3519 4331 mobilia
3553 4291 3604 4331 et
3635 4279 3817 4333 inuno-

2225 4364 2352 4419 bilia
2387 4369 2714 4436 generaliter
2758 4371 3065 4439 etintegre
3111 4369 3261 4423 salva
3306 4385 3402 4424 seu
3455 4371 3664 4441 integra
3702 4387 3820 4439 pcr-

2226 4459 2423 4513 sistant
2450 4461 2513 4512 ad
2549 4476 2701 4521 usum
2730 4474 2783 4516 et
2824 4464 3213 4517 incrementum
3254 4463 3425 4531 ipsius
3458 4465 3605 4518 sacri
3637 4479 3817 4518 mona-

2224 4553 2376 4607 sterii
2408 4553 2507 4608 sub
2547 4554 2878 4621 protectione
2925 4564 3126 4609 nostrae
3170 4556 3315 4610 sedis
3361 4556 3673 4625 apostolica:
3698 4570 3818 4623 pe;-

2224 4649 2400 4716 petuis
2431 4647 2761 4716 temporibus
2783 4666 2810 4701 a
2843 4649 3092 4718 praesenti
3142 4649 3437 4703 indictione
3463 4650 3548 4703 12.
3584 4649 3817 4703 Dicin-rs

2222 4740 2385 4794 etiam
2432 4749 2491 4795 ut
2527 4740 2693 4796 abbas
2729 4742 2820 4809 qui
2854 4742 3050 4799 ibidem
3100 4756 3197 4810 pro
3237 4750 3482 4809 tempore
3534 4742 3709 4802 fuerit,
3740 4742 3811 4803 si.

2223 4834 2365 4901 quod
2395 4834 2555 4899 absit,
2594 4850 2623 4887 a
2654 4835 2884 4904 regulari
2915 4835 3190 4902 proposito
3216 4843 3271 4888 et
3300 4833 3643 4887 institutione
3668 4833 3813 4886 beati

2221 4926 2498 4983 Benedicti
2547 4927 2864 4992 ileviaverit,
2914 4927 3028 4981 sive
3087 4940 3171 4980 res
3220 4926 3539 4980 monasterii
3572 4925 3813 4995 ejusdem

2221 5020 2560 5084 alienaverit,
2587 5019 2861 5074 licentiam
2892 5020 3090 5074 habeat
3116 5019 3406 5087 prmdictus
3435 5033 3621 5072 comes
3654 5016 3810 5071 Obba

2222 5114 2335 5167 sive
2361 5114 2442 5166 sui
2472 5113 2717 5167 eumdem
2747 5112 2999 5165 abbatem
3052 5110 3349 5180 expeilendi
3387 5109 3557 5173 foras,
3582 5120 3635 5163 et
3659 5111 3814 5176 quod

2221 5208 2288 5258 ab
2324 5220 2389 5260 eo
2418 5205 2709 5258 alienatum
2742 5203 2904 5257 fuerit
2944 5204 3011 5255 ad
3050 5204 3323 5273 proprium
3362 5202 3453 5271 jus
3497 5203 3810 5261 revocandi,

2221 5306 2274 5349 et
2336 5312 2433 5365 pro
2481 5297 2595 5364 ipso
2661 5295 2824 5348 alium
2874 5295 2984 5349 Deo
3038 5296 3252 5365 dignum
3292 5292 3542 5347 abbatem
3598 5291 3814 5345 consis-

2224 5394 2400 5428 Innnili
2457 5390 2747 5428 nnnrnhqlq
2782 5391 2856 5428 ι·ρί
2888 5391 3113 5428 νηιιῖιειιρ
3166 5388 3567 5428 (ἶηηςιὶιιιριιιρς
3590 5394 3812 5428 Ωῆαςυδ-
