3972 5428
152 326 247 385 969

1283 313 1638 377 ENSTOLIE
1679 314 1764 371 ET
1812 313 2218 373 D‘IPLOIIATA.

3290 312 3401 371 970

156 450 269 495 xtra:
298 427 664 504 praeceptionis
700 441 900 485 ser-tem
945 426 1219 483 contraire
1265 434 1673 498 praesumpserit
1698 468 1713 490 ,
1742 436 1795 499 Α
1820 435 2062 496 pergitur
2090 426 2157 479 ad
2177 424 2363 495 jngnm
2410 424 2476 481 de
2512 422 2779 490 Cleirano,
2830 431 2885 481 et
2928 425 3037 481 itur
3063 425 3130 480 ad
3162 435 3400 487 montem

150 527 276 586 sciat
298 539 369 586 se.
399 522 496 577 nisi
544 520 849 590 resipuerit,
874 520 1080 588 judicio
1129 518 1219 574 Dei
1255 518 1643 589 omnipotentis
1667 527 1724 575 et

152 618 400 694 praedictae
427 630 639 684 semper
669 613 895 684 virginis
926 613 1018 668 Dei
1049 610 1329 682 genitricis
1368 610 1567 672 Mariae.
1599 610 1724 665 bea-

152 719 575 784 tissimorumque
602 711 966 782 apostolorum
991 709 1134 765 Petri
1159 720 1211 765 et
1235 709 1386 764 Pauli
1405 717 1460 765 et
1482 709 1722 767 omnium

144 816 505 887 episcoporum
538 820 845 877 nostrasque
876 806 1199 865 humilitatis
1226 806 1572 870 auctoritate,
1599 822 1723 863 eum

148 908 381 963 omnibus
427 904 604 974 impiis
654 910 913 970 perpetuo
963 898 1211 952 incendio
1262 908 1317 953 et
1368 897 1723 955 iudissolubili

146 1002 475 1069 anathemate
526 997 862 1050 damnatum.
909 992 980 1046 At
1015 1006 1141 1046 vero
1180 991 1272 1061 qui
1321 991 1640 1049 observator
1672 996 1727 1044 et

146 1102 319 1149 custos
352 1091 468 1160 ejus
503 1091 555 1144 in
604 1099 714 1145 toto
750 1091 1040 1155 exstiterit,
1070 1093 1303 1163 gratiam
1332 1100 1387 1144 et
1419 1090 1728 1146 misericor-

149 1186 279 1241 diam
310 1201 339 1238 a
366 1183 576 1239 caelesti
609 1198 732 1254 rege
771 1184 1037 1248 obtineat,
1083 1184 1436 1252 outniumquc
1482 1189 1728 1251 peccato.

144 1294 257 1333 rum
287 1293 505 1331 suorum
554 1277 605 1330 in
659 1278 911 1346 praesenti
984 1277 1375 1332 absolutionem
1435 1286 1485 1330 et
1537 1276 1590 1329 in
1641 1277 1728 1330 lu-

147 1381 261 1425 tnro
307 1380 567 1424 mtcrnam
607 1368 834 1439 gloriam
870 1385 995 1425 cum
1042 1371 1246 1425 sanctis
1290 1368 1497 1440 angelis
1534 1383 1729 1423 conse-

146 1472 356 1532 quatur.

213 1554 478 1623 Scriptum
524 1571 622 1625 per
671 1571 891 1611 manum
938 1557 1135 1613 Leonis
1179 1556 1398 1620 notarii,
1438 1553 1729 1625 regionarii

143 1656 299 1716 atque
323 1648 595 1702 scriniarii
620 1648 767 1704 sedis
789 1650 1099 1720 apostolicae
1131 1651 1183 1704 in
1216 1665 1400 1705 mense
1424 1648 1727 1713 Decembri,

149 1740 427 1795 indictione
472 1741 558 1794 l2.
590 1740 734 1796 Bene
774 1741 968 1798 valete.

882 1855 996 1911 XII.

149 1962 345 2003 ιοιθεκιε
397 1965 545 2004 ΡᾹΡιΕ
596 1966 693 2004 XIII
749 1965 1091 2005 PRIVIIIIGIUH
1144 1965 1246 2003 PRO
1293 1964 1628 2003 MOSASTEI’UO
1683 1963 1727 2002 S.

608 2034 892 2076 HICIIAELIS
932 2037 996 2075 DE
1036 2036 1265 2076 COXANO.

746 2135 927 2206 (Anno
964 2133 1117 2203 938.)

390 2250 644 2322 Frisium,
678 2248 861 2319 Papiri
890 2248 1249 2319 diplomalichi
1281 2247 1320 2311 I,
1354 2246 1470 2319 52.]

218 2362 437 2419 Iosxxas
466 2364 776 2434 cpiscopus,
818 2379 1009 2418 servus
1051 2378 1333 2417 servorum
1366 2360 1504 2425 ,Dci,
1537 2361 1735 2415 dilecto

152 2455 296 2510 nobis
324 2456 376 2510 in
402 2455 629 2511 Christo
654 2457 768 2510 ﬁlio
800 2456 1054 2519 Wamso,
1088 2455 1339 2524 religioso
1370 2454 1550 2509 abbati
1594 2455 1735 2510 sacri

144 2548 450 2619 monasterii
476 2547 664 2602 Sancti
691 2547 967 2602 Michaelis
995 2546 1317 2623 Archangeli
1343 2555 1398 2600 et
1426 2546 1570 2601 Beati
1602 2545 1737 2601 Ger—

152 2639 303 2702 mani,
332 2640 475 2710 quod
508 2640 672 2695 situm
720 2647 804 2694 cst
850 2639 902 2693 in
950 2638 1086 2693 valle
1119 2636 1419 2692 Continenti
1449 2650 1503 2693 et
1536 2640 1586 2692 in
1620 2639 1737 2694 loco

150 2730 233 2798 qui
279 2730 571 2797 Cosanus,
624 2748 688 2786 ac
736 2746 832 2802 per
882 2741 932 2785 te
977 2731 1385 2787 successoribus
1429 2732 1537 2785 tuis
1584 2746 1739 2800 regu-

153 2821 343 2879 laribus
396 2824 689 2880 abbatibus
748 2824 989 2894 ejusdem
1045 2823 1327 2878 monachis
1392 2822 1625 2878 emnobii
1682 2821 1737 2878 in

146 2926 458 2984 perpetuum
486 2916 842 2988 apostolicam
865 2916 1296 2971 benedictionem
1325 2924 1378 2969 et
1400 2916 1652 2986 gratiam.

210 3007 345 3064 Cum
392 3025 609 3079 magna:
638 3008 794 3064 nobis
836 3007 1219 3064 sollicitudinis
1247 3023 1378 3062 cura
1413 2996 1629 3063 insistat
1671 3007 1739 3064 ad

150 3098 467 3170 vigilandum
525 3116 622 3170 pro
665 3099 935 3155 universis
981 3097 1240 3157 Ecclesiis
1279 3098 1399 3163 Dei,
1445 3115 1512 3155 ne
1558 3097 1737 3168 aliqua

1820 517 1913 587 qui
1944 518 2141 573 dicitur
2172 517 2449 580 Lacarias,
2479 526 2534 573 et
2560 518 2639 573 sic
2664 518 2877 573 ducitur
2904 534 2999 588 per
3029 518 3200 589 ipsum
3233 531 3404 588 usque

1822 609 1877 662 in
1906 618 2143 664 montem
2175 611 2264 678 qui
2291 609 2487 663 dicitur
2512 608 2819 681 Catcgonis,
2843 619 2898 665 ct
2923 610 3115 665 deinde
3140 610 3208 667 ad
3235 612 3402 665 meri-

1822 700 1965 755 diem
1999 700 2340 757 descenditur
2367 716 2463 770 pcr
2490 702 2704 756 Scrram
2744 720 2902 773 super
2927 704 3103 758 locum
3128 706 3223 774 qui
3269 704 3406 759 dici-

1825 800 1914 847 tur
1944 792 2218 857 Miliarias,
2251 804 2305 847 et
2334 795 2647 864 pervcnitur
2673 797 2738 849 ad
2770 796 2993 851 Crucem
3029 812 3191 866 super
3220 796 3403 852 villam

1825 900 1946 954 qua:
1977 886 2172 940 dicitur
2199 886 2381 941 Curtis
2404 902 2420 942 :
2446 887 2638 943 deinde
2668 889 2900 942 truditur
2928 904 3096 959 usque
3121 890 3187 944 ad
3216 904 3404 959 rupem

1827 977 1940 1031 sive
1964 977 2195 1032 Cllt‘l‘tlm
2224 978 2472 1043 (ilarinti,
2519 988 2571 1033 et
2598 979 2808 1034 venitur
2832 995 2927 1048 per
2949 981 3312 1036 summitatem
3339 981 3409 1041 de

1825 1069 1993 1123 Serra
2019 1086 2186 1141 usque
2218 1071 2268 1124 in
2297 1072 2469 1125 riuuu
2502 1071 2847 1135 Mcrdarium,
2893 1081 2948 1126 et
2988 1073 3201 1127 ducitur
3237 1089 3408 1144 usque

1829 1162 1883 1217 in
1913 1161 2129 1217 ﬂuvium
2157 1165 2246 1234 qui
2278 1165 2473 1219 dicitur
2513 1164 2690 1230 Tecle,
2735 1175 2790 1219 et
2831 1181 2858 1217 a
2894 1174 3046 1234 parte
3089 1164 3277 1233 Circii,
3307 1167 3411 1223 hoc

1828 1264 1911 1311 est
1958 1258 2025 1312 ab
2060 1257 2375 1312 occidentali
2425 1256 2597 1313 ﬁ'onte
2639 1258 2851 1312 venitur
2900 1259 2951 1311 in
2999 1266 3224 1311 stratam
3269 1257 3413 1312 viam

1820 1349 2098 1419 publicam
2124 1364 2285 1418 quam
2310 1350 2493 1404 dicunt
2510 1351 2649 1417 Duas
2672 1348 2917 1411 Sorores,
2939 1358 2994 1404 et
3013 1349 3225 1403 venitur
3247 1362 3416 1419 usque

1830 1443 1884 1499 in
1929 1443 2235 1496 Literauum
2270 1458 2366 1512 per
2398 1444 2567 1512 ipsam
2618 1444 2759 1497 viam
2807 1441 3105 1512 publicam;
3154 1441 3345 1497 deinde
3382 1454 3417 1496 ι

1830 1547 1986 1606 parte
2012 1535 2296 1605 aquilonali
2317 1536 2416 1590 sub
2438 1537 2637 1590 Sancto
2668 1535 2842 1589 Felice
2869 1533 3122 1599 tenditur,
3148 1541 3201 1587 et
3227 1547 3417 1600 perve-

1824 1628 1980 1680 nitur
2015 1643 2185 1696 usque
2219 1628 2269 1681 in
2312 1625 2517 1680 alodcm
2547 1625 2763 1680 Sancta:
2788 1625 2988 1679 Marias.
3016 1624 3144 1681 Item
3178 1624 3303 1679 alibi
3327 1639 3421 1680 cc—

1832 1720 2052 1775 clesiam
2085 1718 2267 1773 Sancti
2316 1718 2532 1773 Martini
2572 1734 2695 1773 cum
2735 1718 2860 1772 villa
2900 1718 2964 1771 de
2993 1716 3263 1782 Cleirano,
3291 1732 3416 1772 cum

1760 1802 1807 1861 Β
1836 1810 2035 1867 ﬁnibus
2055 1820 2110 1866 ct
2134 1810 2449 1878 adjaccntiis
2475 1811 2605 1866 suis.
2633 1812 2762 1865 Item
2789 1810 2965 1864 villam
2983 1809 3270 1864 Castellani
3294 1826 3418 1865 eum

1828 1903 2038 1959 duabus
2069 1902 2311 1961 ecclesiis
2347 1904 2418 1958 ibi
2457 1905 2714 1966 fundatis,
2754 1906 2857 1958 hoc
2880 1911 2964 1957 est
2992 1918 3067 1956 sai
3087 1904 3162 1957 c.i
3191 1903 3421 1959 Andreae

1826 2008 1886 2050 et
1915 1996 2084 2049 beata:
2112 1995 2294 2050 Maria:
2324 2011 2538 2064 semper
2580 1996 2826 2063 virginis,
2859 2010 2981 2050 cum
3012 1994 3165 2048 alode
3204 2009 3323 2059 suo,
3366 2004 3423 2049 et

1841 2102 1954 2144 sum
1989 2088 2212 2142 decimis
2241 2096 2294 2143 ct
2320 2087 2577 2158 primitiis
2615 2086 2749 2150 suis,
2799 2096 2853 2141 et
2897 2101 3017 2140 cum
3053 2086 3199 2140 omni
3230 2094 3422 2140 ornatu

1832 2195 2041 2235 earum.
2076 2181 2189 2249 Ipsa
2214 2180 2335 2233 villa
2365 2180 2541 2249 posita
2576 2190 2660 2234 est
2685 2179 2826 2234 inter
2852 2177 3053 2232 alliaes.
3085 2194 3198 2232 SII'C
3227 2176 3426 2234 all'ron-

1830 2273 2090 2336 taliones,
2129 2274 2180 2327 id
2210 2282 2292 2328 cst
2316 2288 2380 2328 ex
2416 2289 2523 2327 una
2566 2282 2721 2341 parte
2770 2272 3137 2326 interminium
3171 2271 3236 2349 de
3265 2270 3419 2325 Moli-

1831 2365 1942 2437 gio,
1970 2365 2057 2419 vel
2095 2366 2148 2419 in
2179 2365 2291 2435 ipsa
2327 2364 2640 2428 Petralieta,
2692 2371 2751 2417 et
2790 2379 2852 2418 ex
2891 2362 2995 2416 alia
3033 2371 3182 2430 parte
3226 2364 3279 2415 in
3311 2363 3425 2431 ipsa

1835 2474 1961 2513 arca
1988 2459 2053 2514 de
2080 2457 2365 2519 Casalone,
2396 2466 2449 2511 et
2481 2456 2626 2510 vadit
2670 2469 2769 2525 per
2805 2455 3047 2518 Comam,
3102 2471 3207 2524 qua
3246 2457 3427 2525 pergi-

1834 2558 1927 2605 tur
1967 2548 2035 2610 ad
2084 2548 2281 2605 ﬁumen
2327 2548 2510 2612 Tcde;
2561 2548 2628 2602 de
2676 2550 2836 2604 tertia
2884 2556 3038 2617 parte
3088 2548 3250 2602 habet
3283 2549 3427 2617 ipsos

1836 2642 2046 2698 casales
2083 2643 2152 2699 de
2189 2641 2468 2711 Mengone.
2506 2641 2634 2696 Item
2704 2655 2736 2695 ει
2784 2648 2977 2710 quarta
3030 2641 3316 2695 terminum
3362 2641 3428 2697 de

1832 2734 2019 2791 .Canoa
2070 2735 2153 2790 vel
2201 2734 2486 2790 Petraﬁcta
2513 2775 2530 2798 ,
2583 2743 2641 2790 et
2691 2736 2906 2791 venitur
2939 2748 3107 2802 usque
3147 2735 3196 2788 in
3229 2734 3427 2789 ﬁumen

1840 2827 2008 2893 Tcde,
2033 2835 2088 2883 et
2115 2827 2249 2881 ultra
2280 2827 2458 2898 ipsum
2489 2827 2686 2882 ﬁumen
2713 2837 2973 2896 quantum
3005 2826 3221 2882 tenebat
3248 2827 3431 2882 Xeno-

1833 2919 2026 2983 Iredus
2046 2934 2230 2977 comes
2270 2920 2324 2974 in
2352 2919 2438 2974 die
2475 2919 2653 2974 obitus
2682 2920 2788 2982 sui,
2816 2928 2875 2974 et
2911 2918 3090 2972 villam
3125 2919 3427 2986 'I‘orrentis,

1834 3027 1962 3069 cum
1985 3011 2204 3079 ﬁnibus,
2236 3011 2480 3067 terminis
2510 3012 2624 3066 sive
2654 3009 2972 3079 adjacentiis
3007 3010 3139 3073 suis,
3170 3011 3310 3065 sient
3335 3027 3432 3079 per

1838 3104 2340 3173 scripturamidcm
2379 3102 2771 3158 monasterium
2815 3102 3017 3157 habere
3058 3102 3288 3179 videtur.
3317 3101 3432 3155 Vil-

146 3206 327 3248 earum
355 3192 709 3249 necessitatis
734 3192 1003 3261 iacturam
1051 3191 1107 3246 in
1159 3199 1436 3259 posterum
1479 3191 1736 3261 patiatur,
1765 3170 1811 3235 α
1836 3195 1950 3255 iam
2003 3195 2273 3265 Tarefagii
2325 3210 2391 3251 ex
2452 3186 2685 3265 integro,
2722 3203 2777 3249 et
2819 3194 3029 3249 alodem
3075 3194 3141 3250 de
3194 3174 3432 3265 Moligio,

149 3282 359 3355 dignum
391 3286 647 3341 ducimus
673 3284 893 3354 pietatis
923 3284 1118 3339 intuitu
1148 3282 1265 3338 loca
1301 3282 1367 3337 ad
1394 3283 1741 3354 omnipoten—

151 3374 216 3430 tis
240 3376 329 3432 Dei
364 3378 633 3433 honorem
669 3376 807 3432 bene
857 3375 1108 3431 ordinata
1149 3374 1428 3445 apostolici
1476 3376 1741 3447 privilegii

137 3470 468 3529 auctoritate
497 3469 723 3534 muniri,
754 3477 811 3524 et
840 3485 968 3525 eum
1008 3469 1259 3523 omnibus
1283 3483 1404 3537 qua:
1431 3471 1497 3523 ad
1529 3484 1587 3524 se
1616 3485 1742 3538 per-

153 3560 317 3614 tinent
388 3564 558 3617 rebus
616 3561 954 3616 conﬁrmari.
1017 3560 1185 3631 Igitur
1246 3560 1370 3630 quia
1438 3560 1744 3614 interventu

150 3652 294 3710 Olive
324 3655 622 3710 laudabitis
643 3664 700 3710 et
726 3653 997 3725 magniﬁci
1024 3652 1242 3709 comitis
1281 3650 1560 3721 postulasti
1589 3666 1621 3704 a
1651 3668 1748 3705 no-

150 3745 252 3812 bis,
282 3756 560 3816 quatenus
600 3747 1110 3801 recor.ﬁrmaremus
1143 3744 1242 3798 tibi
1290 3744 1502 3812 tuisque
1532 3759 1749 3798 succes-

148 3840 361 3896 soribus
392 3840 743 3910 regularibus
793 3840 1082 3894 abbatibus
1128 3837 1443 3908 praidictum
1476 3844 1748 3893 monaste-

149 3931 311 3998 rium,
341 3934 490 4004 quod
522 3947 657 3988 suus
683 3931 853 3987 frater
878 3932 1030 3985 bona:
1056 3929 1334 3985 memoria:
1360 3927 1752 4006 comes_Xenu-

149 4021 329 4079 {redus
358 4041 462 4096 pro
509 4040 700 4080 amore
721 4024 961 4079 cmlestis
986 4022 1175 4094 patria:
1217 4020 1518 4085 renovavit,
1548 4021 1754 4075 dolavit

148 4124 203 4171 ct
224 4119 401 4182 auxit,
428 4117 746 4189 aggregatis
765 4116 1046 4170 monachis
1070 4115 1139 4169 ad
1162 4113 1371 4168 Iaudem
1397 4122 1450 4167 ct
1472 4112 1753 4168 servitium

144 4210 386 4265 ctelestis
417 4211 571 4280 regis
600 4219 656 4264 et
682 4210 943 4264 honorem
991 4207 1370 4278 prmdictorum
1417 4217 1752 4270 sanctorum,

138 4301 402 4357 videlicet
442 4302 764 4372 archangeli
794 4300 1070 4357 Michaelis
1095 4309 1148 4354 et
1179 4299 1438 4355 Germani
1473 4299 1756 4356 confesso-

148 4393 243 4459 ris,
277 4394 539 4449 inclinati
572 4394 687 4461 tuis,
703 4395 927 4465 ejusque
951 4394 1221 4465 precibus.
1249 4394 1300 4448 id
1333 4394 1504 4464 ipsum
1537 4408 1759 4448 venera-

1842 3296 2105 3358 qnantum
2151 3288 2251 3358 ipsi
2301 3288 2631 3343 monasterio
2691 3287 2942 3357 pertinet.
2986 3287 3116 3342 Item
3171 3298 3435 3358 quantum

1844 3381 2076 3452 pertinet
2094 3381 2147 3436 ei
2176 3381 2243 3435 de
2267 3380 2422 3435 alode
2449 3380 2514 3435 de
2552 3379 2828 3445 Moseddo,
2850 3387 2908 3435 et
2937 3388 3197 3448 quantum
3236 3381 3284 3435 c‘i
3316 3395 3438 3449 per-

1847 3474 1986 3527 tinet
2013 3474 2079 3526 de
2106 3474 2263 3527 alode
2285 3473 2350 3527 de
2381 3472 2702 3537 Arbuzolos,
2750 3480 2805 3526 et
2848 3470 3172 3535 Planizolos,
3207 3479 3264 3526 et
3296 3472 3439 3527 inter

1849 3564 2013 3628 rivos,
2053 3572 2107 3618 ct
2149 3564 2200 3617 in
2234 3563 2356 3616 villa
2396 3563 2643 3626 Mosetto,
2691 3572 2748 3618 ct
2794 3563 2846 3616 in
2900 3563 3020 3615 villa
3058 3562 3300 3633 Fclgaria
3341 3548 3439 3631 per

1849 3653 1986 3709 ﬁnes
2015 3663 2068 3708 ct
2096 3655 2358 3709 terminos
2386 3669 2531 3707 suos.
2557 3654 2687 3708 Item
2727 3653 2779 3707 in
2816 3653 2957 3706 valle
2997 3654 3321 3707 Sam-imane
3348 3669 3438 3708 ec-

1849 3745 2067 3801 clesiam
2099 3745 2285 3801 Sancti
2315 3744 2589 3799 Michaelis
2632 3760 2751 3797 cum
2780 3745 3033 3798 omnibus
3077 3745 3236 3798 rebus
3265 3744 3333 3799 ad
3379 3761 3439 3800 se

1852 3838 2267 3908 pertinentibus.
2303 3838 2356 3891 In
2383 3838 2639 3892 comitatu
2672 3851 2901 3906 namque
2926 3835 3283 3891 Feniliorensi
3310 3852 3441 3892 con-

1837 3932 2131 3986 firmamus
2181 3945 2370 3984 omnes
2410 3944 2502 3984 res
2550 3928 2650 3998 ipsi
2692 3928 3024 3983 monasterio
3070 3928 3437 3999 pertinentes,

1851 4026 1908 4080 in
1938 4025 2075 4080 valle
2109 4022 2405 4079 Conﬁttenti
2438 4026 2626 4077 omnes
2670 4037 2755 4077 res
2800 4021 2903 4076 sibi
2956 4021 3286 4090 pertinentes
3315 4037 3440 4079 cum

1859 4118 2054 4172 ﬁnibus
2082 4125 2138 4171 et
2196 4116 2442 4170 terminis
2483 4114 2616 4170 suis.
2663 4113 2795 4169 Item
2836 4115 2888 4169 in
2927 4115 3186 4169 comitatu
3235 4113 3439 4169 Sarda-

1857 4209 2033 4265 nieusi
2062 4208 2184 4263 villa
2217 4206 2402 4272 Orutz,
2433 4222 2552 4260 cum
2581 4205 2721 4261 villis
2748 4214 2804 4261 et
2828 4205 3199 4263 viIIarunculis
3223 4208 3360 4273 suis,
3388 4218 3445 4264 et

1857 4316 1981 4355 cum
2010 4300 2262 4355 omnibus
2313 4298 2627 4366 adiacentiis
2667 4312 2876 4364 earum,
2905 4308 2960 4353 et
3002 4299 3209 4355 alodem
3244 4303 3310 4356 de
3335 4302 3445 4357 An-

1860 4394 2037 4465 gulos.
2063 4409 2185 4449 cum
2213 4393 2326 4463 ipso
2354 4391 2607 4457 Mercato,
2644 4401 2695 4445 et
2721 4407 2845 4446 cum
2877 4390 3070 4448 ﬁnibus
3111 4401 3168 4448 et
3200 4395 3446 4450 terminis

147 4484 249 4539 bile
293 4487 705 4542 monasterium
756 4501 921 4556 super
968 4488 1138 4558 ripam
1199 4486 1471 4542 Literanis
1522 4487 1762 4541 ﬂuminis
1790 4511 1839 4570 ί)
1865 4488 2005 4552 suis;
2038 4486 2216 4540 villam
2239 4485 2497 4554 Laginam
2521 4499 2640 4537 eum
2665 4484 2894 4539 ecclesia
2933 4484 3118 4539 Sancti
3151 4484 3443 4554 Vincentii,

143 4579 536 4643 constitutum,
570 4592 694 4633 cum
729 4580 983 4634 omnibus
1011 4580 1207 4635 ﬁnibus
1251 4588 1305 4633 et
1350 4580 1595 4633 terminis
1622 4579 1758 4633 suis,

132 4671 521 4741 omnibusque
550 4672 713 4726 rebus
736 4670 1027 4727 mobilibus
1064 4680 1118 4728 et
1147 4670 1510 4726 immobilibus
1534 4684 1764 4742 genera-

146 4758 266 4817 liter
295 4775 357 4819 et
395 4764 451 4818 in
485 4763 762 4832 integrum
794 4766 896 4821 sibi
938 4764 1355 4836 pertinentibus,
1399 4766 1465 4817 ad
1514 4779 1669 4818 usum
1707 4765 1763 4820 ei

144 4855 483 4924 stipendium
525 4856 856 4926 regularium
884 4857 1121 4912 fratrum
1158 4857 1358 4911 ibidem
1408 4869 1552 4910 nunc
1601 4864 1657 4910 et
1703 4857 1758 4912 in

146 4957 429 5013 posterum
462 4949 583 5002 Deo
611 4948 961 5003 servientium
997 4948 1468 5012 reconﬁrmamus,
1503 4949 1761 5003 corrobo-

147 5053 347 5106 ramus,
378 5051 435 5093 et
462 5040 726 5109 prmscnti
750 5042 1086 5110 protectione
1126 5041 1226 5096 sub
1264 5041 1518 5094 continua
1559 5040 1756 5094 immu-

113 5118 312 5186 'uitate
342 5132 690 5194 stabilimus,
724 5133 861 5187 sicut
891 5148 922 5187 a
965 5134 1343 5190 decessoribus
1387 5133 1587 5187 nostris
1628 5147 1756 5188 san-

144 5223 403 5281 ctissimis
434 5222 793 5295 pontiﬁcibus
826 5231 990 5294 atque
1015 5224 1496 5282 Cbristianissimis
1517 5224 1727 5283 France

144 5327 263 5368 rum
290 5316 529 5386 regibus
558 5313 770 5369 Videtur
794 5316 1174 5372 conﬁrmatum
1202 5330 1298 5372 seu
1321 5317 1754 5372 corroboratnm.

144 5404 194 5428 Ι.-
246 5409 325 5428 -Αὲ
396 5407 442 5428 ξ-
469 5403 657 5428 -.ξίίΑ-υ-
699 5404 926 5428 ﬂ-_._l-.:
977 5415 1014 5428 -1
1104 5409 1241 5428 'II__--
1294 5403 1549 5428 fl‘.-.._.2-__2
1645 5424 1655 5428 -
1686 5425 1694 5428 .
1718 5422 1743 5428 .-

1845 4576 1919 4633 ὐι
1954 4593 2079 4633 cum
2115 4576 2311 4631 ﬁnibus
2352 4584 2409 4630 et
2452 4576 2697 4630 terminis
2744 4577 2884 4640 suis;
2930 4575 3109 4629 villam
3156 4575 3445 4649 Ballogarii

1860 4687 1987 4727 cum
2022 4669 2254 4726 ecclesia
2289 4668 2476 4723 Sancti
2518 4668 2761 4731 Thomm,
2800 4677 2857 4721 et
2886 4683 3011 4722 cum
3041 4667 3182 4723 villis
3205 4677 3261 4724 et
3286 4671 3445 4727 villa-

1865 4761 2104 4818 runculis
2132 4761 2265 4823 suis,
2295 4769 2349 4814 et
2374 4775 2496 4815 cum
2525 4760 2779 4814 omnibus
2813 4760 3062 4816 terminis
3088 4761 3223 4828 suis,
3255 4772 3311 4818 et
3350 4765 3449 4821 vii.

1862 4857 1969 4912 lam
2000 4856 2197 4920 Laren,
2226 4855 2586 4919 Mazunculas,
2616 4864 2671 4909 et
2720 4853 2908 4919 Talax,
2937 4865 2991 4910 et
3028 4855 3280 4919 Ozenias,
3322 4873 3450 4914 eum

1858 4949 2091 5005 ecclesia
2115 4947 2301 5003 Sancti
2341 4946 2621 5016 Stephani,
2652 4957 2709 5002 et
2738 4946 3015 5003 Saltnncm
3046 4964 3168 5004 cum
3216 4950 3454 5007 ecclesia

1861 5040 2044 5096 Sancti
2070 5038 2306 5094 lauritii
2325 5080 2339 5102 ,
2369 5048 2425 5093 ct
2451 5039 2765 5109 parochiam
2790 5038 2971 5094 Sancti
2999 5038 3143 5094 Petri
3176 5037 3243 5092 de
3273 5040 3458 5097 qunr—

1856 5141 2005 5198 cato,
2042 5142 2097 5188 et
2126 5132 2410 5187 ecclesiam
2446 5133 2744 5188 Salvatoris
2779 5133 2845 5185 de
2883 5133 3102 5203 Spnnna
3135 5144 3258 5183 cum
3286 5133 3465 5190 ‘d'cci-

1861 5222 2049 5284 mis'et
2068 5224 2322 5296 primitiis
2347 5226 2484 5290 suis,
2510 5235 2566 5281 ct
2592 5226 2774 5279 vitiant
2805 5222 3069 5279 Vulcarca
3092 5234 3215 5275 cum
3264 5220 3469 5283 ﬁnibus

1860 5318 1993 5373 suis.
2020 5316 2356 5385 Ar‘agolisam
2381 5333 2503 5373 cum
2529 5319 2684 5374 alode
2705 5324 2760 5372 et
2782 5314 3014 5369 ecclesia
3036 5309 3221 5367 Sancti
3240 5310 3467 5375 Jacobi.

1858 5408 1900 5428 π
1943 5411 1955 5428 I
2001 5413 2012 5423 η
2093 5408 2371 5428 --_____--I_
2413 5411 2525 5428 ’-α
2616 5419 2697 5428 -Δ-

2797 5407 2976 5428 ...Αῗιξμ
3053 5412 3103 5428 ..Δ
3159 5416 3283 5428 Λιιη-
