3972 5428
521 239 620 294 9η

1884 236 2164 296 IOANNIS
2211 237 2325 295 XIII
2366 237 2569 296 ΡΑΡᾸΞ

3694 241 3795 300 972

523 353 835 426 Spongiola,
866 362 921 408 et
945 353 1122 410 Monte
1145 353 1330 425 Nigro,
1358 361 1410 408 et
1430 368 1618 410 omnes
1648 352 1832 409 alodes
1867 355 1967 425 ipsi
1998 370 2114 409 mo-
2140 363 2188 422 Α
2215 356 2358 426 quod
2396 369 2499 411 non
2528 352 2830 421 credimus,
2864 354 2988 411 huic
3017 363 3204 414 nostro
3230 355 3552 429 fapostolico
3585 357 3798 430 privile-

522 447 760 503 nasterio
788 448 1152 517 pertinentes,
1193 456 1248 501 et
1291 447 1345 501 in
1386 447 1523 501 valle
1569 446 1888 504 Conﬂueute
1927 449 2110 505 villam

523 539 806 594 Folionum
838 581 852 599 ,
903 539 1318 605 Sclimdianum,
1361 539 1762 607 Cornelianum,
1793 540 2111 608 Vernetum,

519 632 842 695 Cirisacnm,
869 632 1184 698 Arrianum,
1213 631 1638 703 Auger,IIenne,
1665 641 1720 687 et
1749 634 1799 688 in
1829 634 1951 688 villa
1979 634 2114 689 Evu-

520 725 592 789 lo,
625 724 843 791 Juliulo,
869 723 1183 796 Campilias,
1220 724 1536 791 Flazonum,
1575 724 1795 790 Saorra,
1823 725 2109 792 Foliolnm,

520 817 564 871 Τ
566 818 882 883 orrendum,
907 819 1188 879 ctPinum,
1213 817 1610 885 Portinianttm,
1629 826 1684 872 et
1715 818 2110 885 Mascaronem,

517 916 574 964 et
608 924 797 965 omnes
850 910 984 965 alias
1033 925 1122 964 res
1165 907 1404 978 ejusdem
1432 910 1756 965 venerabilis
1801 911 2112 966 monasterii

521 1001 729 1071 positas
770 1001 822 1055 in
854 1002 992 1056 valle
1031 1001 1354 1057 Continenti.
1388 1001 1519 1056 Item
1566 1002 1619 1056 in
1651 1002 1909 1058 comitatu
1953 1002 2113 1058 Feni-

521 1094 779 1158 lionensi,
828 1095 1114 1150 ecclesiam
1156 1095 1372 1150 Sanctte
1399 1095 1594 1151 Crucis
1622 1111 1746 1151 cum
1781 1096 2027 1160 castello,
2058 1104 2113 1151 et

518 1183 773 1238 omnibus
823 1186 984 1240 rebus
1030 1186 1098 1240 ad
1154 1201 1212 1240 se
1273 1186 1692 1256 pertinentibus.
1744 1187 1798 1241 In
1847 1188 2109 1242 comitatu

520 1275 912 1332 Rossilionensi
943 1287 996 1332 et
1039 1279 1248 1334 alodem
1278 1280 1343 1334 de
1375 1279 1532 1334 Petra
1569 1279 1757 1345 calcis,
1789 1281 1977 1336 Sancti
2010 1281 2112 1337 Fe-

520 1365 657 1432 licis,
693 1366 1003 1432 Miliarinm,
1037 1369 1234 1432 Insula,
1271 1369 1591 1436 Tunorium,
1640 1370 1834 1426 vallem
1873 1371 2110 1428 Ventuo—

511 1475 665 1524 "sam,
700 1459 1041 1528 Corvariam,
1091 1461 1380 1533 Niliagum,
1420 1461 1608 1517 Poium
1638 1464 1897 1528 Vuseani,
1929 1473 1984 1519 ct
2030 1464 2111 1519 inc

519 1552 771 1607 terminio
797 1554 863 1608 de
888 1553 1039 1608 Valle
1069 1553 1282 1624 Asperi,
1316 1563 1372 1608 et
1408 1553 1544 1609 valle
1575 1554 1903 1621 Conﬂuenti,
1934 1555 2108 1626 ipsum

517 1643 727 1698 alodem
759 1643 824 1698 de
863 1642 1012 1698 Valle
1047 1659 1240 1715 magna
1273 1660 1394 1699 cum
1427 1645 1563 1701 ﬁnes
1591 1655 1648 1700 et
1676 1647 1942 1700 terminos
1981 1661 2108 1701 suos

2216 449 2326 520 gio,
2376 448 2431 502 in
2481 447 2664 519 aliquo
2710 449 3021 506 contrarius
3063 464 3186 506 esse
3225 452 3660 522 prazsumpserit,
3703 453 3796 508 nisi

2215 553 2283 594 ex
2335 547 2446 595 toto
2493 540 2804 611 resipuerit,
2858 542 2996 598 sciat
3040 558 3100 598 se
3133 540 3516 608 maledictum,
3551 543 3797 616 reproba-

2218 639 2352 698 tum,
2389 639 2554 701 atque
2589 633 3136 700 anathematizatum,
3184 644 3238 688 et
3280 649 3310 688 a
3365 636 3637 690 societate
3671 635 3796 692 ﬁde-

2217 739 2346 778 uum
2391 723 2600 779 Christi
2651 733 2706 780 et
2747 735 2949 780 sanctae
2978 725 3074 780 Dei
3105 725 3358 781 Ecclesia:
3385 737 3725 797 separatum,
3751 738 3800 783 et

2215 830 2338 870 cum
2367 817 2619 871 omnibus
2655 817 2834 886 impiis
2865 819 2982 872 sine
3014 817 3120 874 ﬁne
3162 819 3559 883 damnandum,
3604 828 3660 874 et
3688 835 3798 889 per-

2214 919 2379 980 petuo
2408 911 2660 966 incendio
2690 926 2811 967 cum
2841 911 2980 966 .luda
3022 913 3283 967 traditore
3323 915 3798 978 concremandum,

2216 1017 2282 1058 ex
2313 1002 2642 1057 auctoritate
2673 1003 2768 1057 Dei
2803 1003 3209 1071 omnipotentis.
3241 1013 3296 1058 ct
3323 1005 3467 1060 beati
3500 1004 3649 1060 Petri
3683 1019 3798 1074 apo-

2215 1095 2476 1149 stolorum
2533 1094 2830 1165 principis,
2883 1103 3179 1162 nostroque
3233 1095 3534 1165 apostolico
3577 1096 3797 1164 judicio.

2215 1185 2316 1253 Qui
2349 1201 2480 1240 vero
2509 1187 2625 1240 hate
2671 1202 2790 1254 qua:
2822 1201 2851 1238 a
2900 1188 3054 1240 nobis
3085 1186 3302 1240 decreta
3351 1197 3482 1239 sunt
3532 1187 3799 1241 custodire

2213 1289 2269 1333 et
2303 1277 2588 1334 diligenter
2617 1279 2908 1334 observare
2935 1277 3225 1340 studuerit,
3255 1277 3658 1332 benedictionis
3677 1292 3796 1347 gra-

2216 1371 2346 1426 tiam
2401 1386 2430 1424 a
2482 1371 2996 1426 misericordissmto
3049 1368 3280 1424 Domino
3325 1384 3424 1439 per
3476 1377 3720 1423 nostram
3746 1376 3800 1421 et

2211 1463 2453 1518 omnium
2507 1474 2822 1518 sanctorum
2873 1463 3327 1518 interventionem
3381 1463 3647 1532 consequi
3691 1476 3798 1515 me-

2214 1563 2423 1619 reatur,
2465 1564 2520 1609 et
2565 1554 2759 1625 gaudia
2810 1563 3086 1624 perpetuas
3136 1553 3494 1609 beatitudinis
3545 1553 3797 1624 angelicis

2205 1642 2430 1712 junctus
2460 1644 2770 1714 agminibus
2804 1643 2982 1699 valeat
3014 1643 3247 1699 feliciter
3273 1645 3548 1700 obtinere.

517 1735 659 1803 (sic).
689 1735 744 1790 In
775 1736 1036 1791 comitatu
1069 1713 1450 1808 Bishlgunensi
1485 1736 1696 1793 alodem
1729 1739 1794 1793 de
1823 1737 2105 1794 Ccntenno
2136 1713 2183 1772 Β
2283 1713 2558 1805 Scriptum
2587 1749 2684 1804 per
2733 1751 2955 1790 manum
2984 1734 3242 1804 Stephani
3276 1735 3479 1791 notarii
3508 1736 3796 1808 regfonarii

521 1842 642 1881 cum
679 1827 877 1881 ﬁnibus
907 1836 958 1881 ct
1007 1828 1252 1882 terminis
1288 1829 1422 1892 suis,
1456 1827 1542 1882 vel
1579 1828 1632 1884 in
1668 1828 1788 1884 aliis
1833 1828 1966 1884 locis
2013 1845 2104 1900 po-

519 1918 644 1973 sita.
694 1917 828 1974 Item
877 1919 929 1972 in
975 1921 1234 1974 comitatu
1279 1920 1580 1976 Ausonensi
1618 1920 1827 1976 alodem
1873 1922 1938 1976 tle
1967 1921 2108 1977 Sali-

526 2009 694 2075 foras,
727 2019 782 2066 et
812 2011 978 2066 alium
1014 2011 1224 2067 alodem
1253 2012 1345 2081 qui
1375 2012 1477 2067 fuit
1501 2011 1762 2068 Oddonis.
1788 2013 1914 2070 llam
1944 2016 2106 2084 igitur

519 2101 726 2167 omnia,
757 2117 876 2171 quae
909 2102 1046 2168 istis,
1077 2102 1191 2158 sive
1233 2103 1354 2159 aliis
1381 2103 1660 2161 vocabulis
1696 2115 2100 2176 nuncupantur,

531 2201 590 2248 ct
618 2207 808 2248 omnes
836 2209 924 2249 res
955 2195 1007 2248 in
1044 2209 1368 2266 quocunque
1411 2193 1532 2251 loco
1563 2197 1802 2267 positas,
1847 2213 1968 2267 qua:
1998 2198 2103 2253 dici

517 2292 573 2338 et
603 2284 872 2338 nominari
904 2294 1155 2355 possunt,
1180 2294 1237 2341 et
1261 2300 1381 2357 quae
1406 2301 1552 2342 nunc
1583 2303 1758 2357 usque
1790 2287 1962 2343 eidem
1995 2302 2106 2342 mo-

517 2375 760 2431 nasterio
806 2376 1106 2446 pertinent,
1138 2384 1192 2431 et
1227 2375 1279 2431 in
1313 2384 1471 2432 antea
1501 2391 1601 2448 per
1634 2377 1850 2447 aliquod
1878 2378 2104 2448 conqui-

515 2466 680 2520 situm
707 2481 879 2535 usque
924 2467 976 2520 in
1005 2466 1168 2522 ﬁnem
1209 2467 1414 2533 saeculi,
1445 2468 1559 2524 sive
1589 2483 1688 2538 per
1728 2468 1958 2535 litteras,
1989 2471 2104 2526 sive

514 2557 636 2610 sine
682 2557 898 2622 litteris,
951 2559 1226 2628 pertinere
1267 2559 1487 2626 debent,
1540 2561 1639 2615 tibi
1685 2561 1946 2631 praedicto
1992 2562 2103 2619 tilio

515 2656 704 2703 nostro
734 2647 960 2704 Warino
993 2649 1197 2715 abbati,
1240 2651 1759 2721 successoribusque
1787 2654 1895 2708 tuis
1923 2655 2101 2709 omni-

503 2741 676 2794 modo
713 2741 1066 2796 concedimus
1087 2783 1100 2808 ,
1137 2750 1192 2797 et
1235 2757 1332 2812 per
1361 2744 1503 2798 hanc
1533 2753 1774 2799 nostram
1807 2736 2103 2814 protectio-

515 2846 645 2887 nem
689 2833 1007 2902 perenniter
1045 2834 1454 2900 confirmamus,
1505 2852 1625 2891 cum
1679 2838 1860 2905 terris,
1902 2839 2098 2906 vineis,

511 2923 744 2993 campis,
772 2926 968 2995 pratis,
1014 2927 1264 2997 pascuis,
1298 2927 1471 2993 silvis,
1504 2927 1777 2994 ecclesiis,
1810 2929 1979 2996 villis,
2010 2944 2103 2986 ca-

2209 1835 2264 1882 et
2288 1826 2556 1881 scriniarii
2589 1834 2794 1880 sanctae
2823 1826 2964 1881 sedis
2993 1825 3326 1897 apostolica,
3371 1828 3425 1880 in
3461 1841 3652 1882 mense
3695 1829 3793 1882 De-

2210 1919 2472 1983 cetubrio,
2501 1928 2556 1974 et
2586 1918 2882 1974 indiCtione
2910 1919 3247 1974 duodecima.
3278 1920 3424 1974 Bene
3467 1919 3664 1974 valete.
3699 1921 3798 1975 I’er

2209 2011 2315 2066 hoc
2352 2019 2530 2064 tamen
2567 2008 2771 2063 nullum
2807 2007 2960 2063 vobis
3003 2018 3059 2064 et
3103 2009 3281 2064 eidem
3327 2010 3666 2065 monasterio
3704 2010 3792 2080 jus

2209 2101 2276 2156 de
2325 2115 2464 2156 novo
2502 2099 2712 2169 acquiri
2756 2099 3027 2166 volumus,
3076 2098 3170 2155 sed
3218 2100 3504 2170 antiquum
3559 2109 3795 2156 tantum-

2208 2196 2369 2251 modo
2398 2193 2732 2250 conservari.
2763 2224 2832 2234 —-
2859 2194 3055 2249 Datum
3103 2192 3328 2248 Viterbii
3362 2208 3469 2248 xnt
3497 2193 3618 2248 Kal.
3650 2193 3793 2259 Maii,

2207 2302 2351 2342 anno
2382 2286 2564 2342 tertio.

2850 2399 2941 2454 XII
2973 2401 3072 2456 bis.

2159 2506 2164 2508 ἡ
2207 2508 2377 2547 Βυιι.Α
2411 2506 2628 2547 ιοΑΝΝιθ
2667 2507 2813 2547 ΡΑΡιΕ
2852 2508 2946 2546 XIII
2981 2508 3080 2546 PRO
3110 2507 3405 2547 ASCETERIO
3442 2504 3796 2556 ουικτιιειι-

2798 2578 3052 2619 noscens:
3091 2563 3189 2634 (8).

2809 2655 2987 2723 (Anno
3015 2652 3165 2723 969.)

2492 2741 2668 2814 [Apud
2688 2741 2880 2808 Mansi,
2911 2740 3118 2796 Concil.
3155 2742 3338 2807 XVIII,
3357 2742 3512 2815 505.]

2275 2834 2509 2914 Joaxuss
2538 2836 2844 2904 episcopus,
2873 2850 3064 2890 servus
3089 2850 3370 2890 servorum
3402 2837 3519 2890 Dei.
3548 2835 3796 2905 Corporis

2203 2936 2259 2982 et
2299 2927 2496 2981 mentis
2535 2925 2899 2996 generositate
2937 2925 3287 2995 prtefulgidae,
3321 2936 3512 2995 utp0te
3543 2927 3795 2997 Augusta

502 3013 609 3083 sis,
639 3016 906 3085 aediliciis,
939 3019 1101 3074 cultis
1138 3027 1193 3074 et
1237 3019 1478 3085 incultis,
1509 3021 1665 3090 aquis
1691 3030 1747 3076 et
1788 3023 2095 3092 aquimolis,
2128 3061 2173 3124 C
2206 3018 2543 3073 liberalitatis
2592 3017 2929 3071 Mausrtuu;
2983 3017 3792 3124 htcomparabiliternlaudabili

507 3111 762 3175 decimis,
786 3109 1063 3180 primitiis,
1091 3119 1146 3164 et
1179 3109 1451 3165 universis
1477 3111 1668 3166 usibus
1695 3121 1750 3167 et
1779 3113 2098 3179 redditibus,

513 3214 637 3253 cum
694 3202 866 3255 servis
914 3210 967 3255 et
1008 3201 1252 3267 ancillis,
1299 3201 1605 3257 aldionibus
1635 3214 1690 3258 et
1732 3203 2018 3271 aldeabus,
2047 3213 2104 3260 et

506 3307 639 3346 cum
669 3293 920 3346 omnibus
964 3307 1084 3362 quae
1132 3293 1237 3347 dici
1281 3300 1337 3348 et
1363 3295 1630 3349 nominari
1680 3305 1928 3366 possunt.
1975 3299 2102 3354 Sta-

513 3393 731 3439 tuentes
750 3383 864 3449 Dei,
879 3393 932 3440 et
950 3393 1134 3439 nostra
1151 3384 1499 3452 auctoritate,
1515 3385 1624 3440 imo
1647 3397 1700 3441 et
1716 3396 2101 3457 protestantes,

510 3461 580 3527 .ut
601 3474 780 3529 nullus
813 3490 928 3540 rex,
959 3474 1140 3530 nullus
1180 3475 1491 3546 episcopus,
1531 3477 1712 3532 nullus
1748 3478 1852 3533 dux
1876 3519 1890 3544 ,
1923 3479 2103 3536 nullas

516 3582 724 3633 comes,
771 3567 856 3622 vel
910 3568 1227 3634 vicecomes,
1278 3568 1534 3639 nullaque
1583 3570 1866 3626 hominum
1904 3587 2102 3643 magna

517 3661 600 3716 vel
633 3676 797 3730 parva
825 3677 1055 3730 persona
1087 3662 1282 3716 audeat
1312 3662 1406 3716 tibi
1461 3671 1521 3733 et
1551 3664 1967 3720 successoribus
1995 3667 2102 3722 tuis

514 3757 849 3822 violentiam,
890 3765 984 3809 aut
1029 3757 1477 3812 contrarietatem
1529 3758 1767 3828 aliquam
1800 3759 1982 3814 facere
2035 3760 2101 3815 de

503 3851 784 3908 universis
816 3852 999 3917 rebus,
1047 3865 1167 3920 quae
1206 3866 1370 3920 supra
1405 3850 1659 3921 leguntur
1701 3851 2101 3920 pertinentibus

515 3944 617 4012 ipsi
650 3944 981 3998 monaStct-io
1012 3943 1162 3998 Beati
1193 3943 1473 3999 Michaelis
1507 3951 1561 3998 et
1599 3943 1786 3998 Sancti
1820 3943 2098 3998 Germani.

514 4035 700 4104 Neque
727 4035 892 4090 alicui
919 4050 1107 4090 eorum
1142 4035 1305 4090 liceat
1353 4035 1603 4090 homines
1629 4044 1842 4090 vestros
1870 4035 2096 4100 liberos,

508 4136 608 4180 aut
635 4141 841 4189 servos,
874 4128 991 4180 sine
1031 4126 1309 4181 voluntate
1337 4134 1517 4181 vestra
1550 4127 1861 4190 molestare,
1893 4127 2011 4182 sive
2043 4127 2098 4180 in

513 4215 798 4270 servitium
833 4217 1072 4270 trahere.
1105 4213 1213 4270 Sed
1253 4215 1450 4269 amodo
1489 4230 1658 4284 usque
1706 4232 1756 4269 tn
1801 4215 1962 4270 tinent
1995 4230 2097 4271 sa:-

516 4307 625 4364 culi
679 4307 850 4363 isdem
899 4314 1081 4362 vester
1127 4306 1300 4371 locus,
1349 4321 1472 4360 cum
1522 4307 1776 4360 omnibus
1818 4321 1938 4375 quae
1993 4305 2097 4361 sibi

2205 3107 2492 3161 abbatissa:
2555 3106 2880 3160 venerabilis
2931 3106 3242 3160 monasterii
3297 3105 3432 3159 dicti
3481 3104 3794 3175 Quitiligga-

2204 3199 2362 3270 hurg,
2404 3208 2460 3254 et
2509 3213 2606 3269 per
2651 3211 2710 3252 se
2756 3197 3008 3252 omnibus
3058 3197 3292 3267 posteris
3329 3198 3458 3262 tuis,
3493 3207 3548 3250 ct
3595 3206 3794 3253 sancta

2205 3291 2607 3364 congregationi
2671 3290 2991 3345 ancillarum
3050 3289 3254 3344 Christi
3322 3289 3397 3343 ibi
3459 3290 3793 3360 degentium,

2205 3398 2452 3452 superna:
2481 3382 2670 3453 gratia
2709 3381 3100 3450 plenitudinem
3131 3380 3600 3451 apostolicamque
3632 3381 3796 3436 bene-

2205 3477 2518 3532 dictionem.

2272 3569 2406 3635 Quia
2439 3585 2536 3639 per
2565 3571 2781 3624 beatum
2814 3569 3036 3624 Petrum
3066 3568 3440 3639 apostolorum
3469 3568 3794 3639 principem,

2203 3660 2356 3730 cujus
2378 3661 2492 3716 vice
2519 3660 2646 3716 licet
2678 3661 2854 3715 minus
2881 3659 3058 3715 idonei
3083 3659 3383 3730 fungimur,
3408 3659 3795 3714 ecclesiastica:

2202 3750 2486 3820 potestatis
2525 3750 2650 3821 jura
2683 3749 2884 3820 ubique
2913 3759 3179 3804 terrarum
3211 3749 3540 3805 auctoritate
3566 3764 3798 3819 evange-

2202 3840 2303 3895 lica
2352 3848 2517 3911 atque
2569 3841 2883 3895 authentica
2941 3848 3256 3896 sanctorum
3310 3839 3535 3894 Patrum
3595 3838 3797 3894 habere

2202 3932 2467 3996 videmur,
2520 3931 2724 3986 idcirco
2773 3929 3081 4000 specialiter
3125 3931 3446 4001 dispensare
3495 3940 3690 3986 cuncta
3730 3928 3797 3984 ad

2201 4021 2588 4092 omnipotrntis
2618 4020 2712 4076 Dei
2739 4020 2950 4076 laudem
2983 4028 3039 4075 et
3061 4021 3422 4075 orthodoxam
3450 4019 3795 4090 religionem,

2202 4114 2349 4170 nullo
2402 4113 2796 4169 catholicorum
2861 4111 3177 4176 resistente,
3232 4127 3393 4180 posse
3446 4113 3796 4167 conﬁdimus.

2201 4203 2433 4275 Ideoque
2476 4204 2806 4259 universitas
2843 4203 3291 4257 Christititlelium
3335 4203 3592 4273 cupimus
3622 4213 3681 4257 ut
3707 4218 3801 4257 co—

2201 4310 2427 4373 gnoscat
2477 4299 2709 4369 qualiter
2747 4314 2845 4352 nos
2876 4313 2977 4368 per
3007 4297 3371 4352 interventum
3401 4297 3718 4352 charissimi
3745 4305 3803 4349 et

515 4415 662 4455 nunc
687 4400 983 4471 pertinent,
1016 4408 1070 4454 et
1100 4399 1153 4453 in
1183 4409 1340 4454 antea
1368 4399 1641 4468 pertinere
1667 4399 1885 4464 debent,
1917 4399 2099 4469 quiete
2127 4403 2178 4464 ι)
2205 4390 2499 4463 spiritualis
2531 4389 2624 4443 (iiii
2662 4388 2834 4444 nostri
2858 4387 3039 4442 domni
3069 4386 3286 4440 Oztonis
3321 4400 3539 4453 semper
3569 4383 3800 4454 Augusti

514 4503 570 4548 et
596 4493 819 4563 paciﬁce
847 4502 1068 4547 maneat
1093 4492 1194 4547 sub
1218 4491 1424 4546 ditione
1468 4499 1669 4546 sancta:
1698 4490 1956 4546 Romanae
1983 4507 2101 4545 ma-

495 4585 617 4640 .tris
645 4584 930 4651 Ecclesiae,
961 4582 1117 4653 cujus
1156 4584 1298 4654 juris
1335 4592 1417 4638 est
1447 4583 1515 4637 ad
1561 4581 1863 4652 regularem
1902 4589 1956 4636 et
1985 4598 2102 4639 mo-

514 4676 782 4733 nasticam
805 4675 1277 4746 tranquillitatem,
1304 4674 1550 4730 omnium
1581 4673 1860 4728 hominum
1883 4674 2101 4742 penitus

515 4780 572 4826 et
616 4769 817 4840 ubique
859 4769 1294 4826 contradictione
1347 4776 1575 4824 remota.
1620 4769 1676 4823 Si
1724 4767 1846 4837 quis
1893 4776 2096 4834 autem,

586 4946 664 5018 (8)
720 4947 867 5014 Quas
923 4945 1082 5018 modo
1131 4943 1363 5018 subjicio
1411 4942 1635 5018 Joannis
1669 4956 1854 5018 _papa_:_
1913 4941 2103 5018 litterae

515 5012 852 5074 transmissa:
882 5016 948 5070 ad
979 5031 1062 5070 me
1093 5012 1277 5069 sunta
1317 5015 1434 5067 viro
1469 5013 1776 5067 clarissimo
1817 5012 2103 5066 Bat‘tholo-

517 5106 654 5145 mmo
679 5088 943 5158 Prospero
967 5085 1246 5158 Camellini
1277 5084 1550 5158 Regicnsi,
1573 5084 1670 5158 sed
1698 5083 1913 5158 .\lutin:_e
1943 5083 2104 5158 modo

518 5170 728 5227 agente.
759 5152 882 5213 Illas
912 5172 1041 5211 vero
1083 5157 1196 5226 ipse
1226 5152 1434 5227 recepit
1475 5169 1503 5205 a
1537 5153 1841 5206 clarissimo
1868 5152 2103 5227 Antonio

521 5221 778 5284 lildarico
831 5229 1032 5291 Eraht,
1076 5221 1167 5295 q'ui
1223 5221 1782 5295 illas'extraxeratc
1835 5221 2101 5295 tabulario

517 5299 802 5367 principali
832 5291 1199 5366 Brusvigeitsi,
1233 5296 1351 5364 ejus
1378 5308 1524 5367 curm
1551 5293 1859 5367 commisso.
1896 5291 2101 5367 Utrius-

519 5361 623 5428 ilue
649 5361 844 5422 nomen
874 5367 1000 5420 mihi
1028 5361 1378 5420 reserandum
1408 5362 1526 5422 fuit,
1553 5372 1612 5414 ttt
1636 5362 1905 5428 publicum
1937 5361 2101 5416 sciret

2204 4485 2466 4557 genitoris
2507 4483 2606 4541 tui.
2640 4491 2695 4536 et
2727 4480 3080 4536 sanctissimae
3114 4478 3308 4533 matris
3338 4477 3456 4547 ejus
3493 4477 3801 4530 Mahetild-J:

2203 4578 2459 4647 Augusta:
2502 4573 2863 4629 serenissima!
2898 4569 3032 4623 avia:
3063 4578 3189 4635 tum,
3220 4569 3509 4637 praefatum
3545 4567 3805 4634 Quitilin—

2205 4670 2410 4738 gaburg
2441 4667 2618 4721 locum
2647 4663 2879 4734 positum
2927 4661 2978 4714 in
3033 4661 3311 4716 territorio
3359 4659 3662 4718 Saxonico.
3710 4658 3802 4712 cui

2204 4773 2438 4832 prmesse
2485 4757 2682 4813 videris
2727 4753 3065 4825 suscepimus
3122 4753 3223 4808 sub
3262 4752 3390 4821 jure
3439 4760 3496 4805 et
3539 4753 3802 4806 continua

2198 4937 2279 4994 eis
2293 4941 2600 4999 cocurrant,
2620 4933 2689 4987 ut“
2702 4931 2811 5004 illa,
2827 4938 3040 5004 nostraj,
3053 4935 3161 4982 etc.
3175 4967 3190 4993 ,
3207 4924 3640 5004 arcizz‘fratribus,
3653 4923 3806 4977 sicut

2202 5020 2256 5064 et
2281 5020 2474 5062 caetera
2501 5004 2683 5059 statim
2719 5003 2772 5057 in
2797 5000 3062 5069 principio
3099 5001 3334 5069 corporis
3377 5005 3426 5048 et
3449 5000 3657 5069 mentis,
3687 5004 3802 5069 etc.

2201 5063 2469 5132 Nonnulla
2503 5075 2663 5130 etiam
2691 5074 2742 5127 in
2773 5063 3082 5143 nominibus
3108 5063 3490 5136 episcoporum
3514 5063 3804 5143 oﬂ'endtrnt

2202 5151 2414 5212 menda,
2441 5162 2561 5216 quae
2588 5141 3129 5216 Iorte»sunt_\_'el.e_s_s_e
3157 5149 3388 5216 possunt
3419 5141 3800 5216 amant-tensis.

2203 5205 2428 5275 Demum
2455 5205 2676 5271 indictio
2697 5214 2856 5283 plane
2879 5212 2965 5265 hic
2986 5205 3458 5283 fallit.-'_Utcunque
3485 5220 3571 5283 res
3595 5205 3799 5283 haheat

2203 5274 2351 5356 sese,
2403 5274 2816 5356 imprimendam
2850 5278 3266 5356 Ahancubnllam
3325 5276 3565 5356 censui,‘
3594 5274 3805 5354 relicto

2202 5344 2492 5416 lectoribus
2518 5356 2744 5418 eruditis
2769 5353 2991 5428 judicio.
3014 5349 3200 5418 Neque
3236 5355 3446 5428 tantum
3475 5344 3605 5428 mihi
3633 5357 3805 5428 $1!er
