3972 5428
196 332 292 388 973

1424 325 1784 384 EPISTOLE
1817 327 1906 382 ET
1945 326 2354 386 DIPLOMATA.
3351 336 3459 392 9H

203 445 422 502 tnitione
468 455 669 499 sanctae
715 446 968 501 Romana:
1009 444 1222 506 matris,
1263 444 1348 498 cui
1403 443 1774 513 praesidcmus,
1808 444 1852 502 Λ
1884 439 2139 497 Romana:
2166 443 2420 498 Ecclesitn
2451 460 2505 498 In
2541 460 2722 501 mense
2753 447 2953 516 Aprili;
2990 448 3280 505 indictione
3306 463 3461 509 sexta

195 540 475 604 Ecclesiae;
506 538 963 595 allubescentilms
991 538 1561 606 conscnticntilmsquc
1589 537 1642 589 in
1671 537 1774 593 hoc

195 641 384 686 nostra:
407 631 714 702 apostolicae
741 631 1048 700 pateruitati
1079 628 1492 684 archil‘ratribus
1525 629 1576 682 in
1606 643 1771 698 syno-

194 725 314 779 dum
343 723 614 778 Ravennaa
640 723 963 794 aggregatis,
996 722 1243 777 videlicet
1283 721 1444 776 Petro
1489 722 1772 775 Ravenna-

194 829 358 884 tense,
400 817 643 872 Rodaldo
689 817 998 888 patriarcha
1044 815 1427 886 Aquilagensc,
1465 815 1679 869 caeteris
1717 823 1772 869 et

190 909 451 980 episcopis
511 907 742 963 Widone
805 908 982 978 Sylva:
1043 905 1408 969 Candidense,
1477 904 1771 959 Benedicto

193 999 512 1065 Portuense,
569 999 774 1053 Marino
831 998 1165 1061 Lntricensi,
1230 996 1459 1051 Siccone
1508 996 1765 1060 Blesano,

188 1097 388 1151 Joanne
430 1094 706 1163 Spirense,
738 1092 1060 1147 Londoardo
1096 1091 1467 1152 Mindonense,
1502 1089 1768 1144 Lutifrido

186 1187 344 1241 etiam
374 1185 692 1254 Papigeusc,
725 1183 1058 1252 Luitprando
1101 1182 1490 1245 Cremonense,
1525 1181 1768 1236 Hubcrto

189 1275 494 1338 Parmense,
533 1274 761 1344 aliisque
805 1273 965 1328 simul
1011 1270 1373 1326 confratribus
1417 1271 1620 1326 nostris
1653 1271 1766 1340 epi-

189 1367 358 1438 scopis
401 1367 603 1422 Italicis
645 1374 699 1422 et
747 1363 1177 1420 Ultramontanis
1221 1377 1450 1416 numero
1498 1363 1768 1432 quinqua-

185 1459 355 1528 ginta,
408 1458 486 1513 ita
523 1465 582 1512 ut
621 1473 652 1513 a
698 1457 951 1528 prresenti
985 1457 1192 1512 decima
1238 1455 1598 1509 Kalendarum
1640 1453 1763 1508 Maii

186 1550 279 1603 sub
302 1550 604 1620 patrocinio
638 1558 692 1604 et
728 1549 954 1604 tuitione
980 1550 1124 1604 beati
1158 1547 1304 1602 Petri
1348 1547 1608 1617 principis
1637 1561 1764 1615 apo.

183 1641 437 1696 stolarum
473 1643 703 1712 ejusque
737 1641 924 1697 vicarii
962 1642 1238 1710 perpetuis
1274 1639 1604 1709 temporibus
1641 1655 1762 1694 cum

183 1731 422 1786 omnibus
479 1747 541 1786 se
596 1732 951 1786 attinentibus
1003 1731 1355 1786 constitutum
1417 1729 1760 1798 locatumque

187 1823 479 1892 specialiter
544 1837 666 1878 esse
723 1831 1000 1878 noscatur.
1069 1821 1410 1891 Quapropter
1467 1821 1760 1875 statuimus

184 1913 467 1984 apostolica
501 1928 756 1979 censum,
783 1922 841 1966 ut
869 1913 1008 1967 idem
1037 1914 1424 1967 monasterium
1451 1913 1762 1966 omnimodo

187 2003 398 2056 liberum
423 2003 644 2068 amodo,
675 2013 728 2056 et
754 2016 927 2071 usque
961 2001 1012 2055 in
1047 2001 1204 2054 ﬁnem
1238 2001 1416 2055 sarculi
1450 2012 1762 2069 perseveret

185 2108 270 2162 per
295 2094 675 2148 auctoritatem
708 2093 801 2148 Dei
830 2102 886 2148 et
915 2092 1128 2146 Domini
1171 2093 1340 2147 nostri
1373 2093 1499 2146 .lesn
1532 2093 1758 2156 Christi,

183 2185 266 2252 qui
293 2199 448 2254 super
471 2183 694 2238 Petrum
727 2183 893 2237 habet
921 2182 1238 2243 Ecclesiam,
1269 2197 1366 2251 per
1403 2198 1564 2252 quem
1605 2182 1760 2252 jube-

189 2292 318 2343 Iaus,
341 2287 395 2332 et
422 2277 698 2332 monendo
723 2284 1114 2346 protestantur,
1146 2284 1205 2329 ut
1236 2275 1412 2329 nullus
1445 2276 1756 2344 imperator,

184 2382 290 2431 rex,
323 2368 425 2421 dux
475 2366 642 2431 ullus,
683 2380 783 2420 nec
819 2367 1129 2436 episcopus,
1168 2365 1425 2435 nullaque
1471 2367 1760 2436 cujuslibet

183 2459 464 2530 dignitatis,
514 2459 630 2513 sive
664 2458 970 2528 potestatis,
1012 2458 1092 2512 vel
1135 2474 1326 2520 sacrae,
1360 2458 1441 2511 vel
1474 2458 1758 2513 mundanae

183 2565 421 2618 persona,
449 2549 656 2604 audeat
689 2548 928 2616 ejusdem
973 2549 1075 2602 loci
1122 2548 1428 2603 abbatissas
1469 2549 1758 2604 molestare

183 2658 232 2702 et
261 2649 578 2718 inquietare,
607 2646 720 2702 sive
747 2645 814 2700 de
840 2645 1093 2700 omnibus
1141 2646 1303 2699 rebus
1337 2643 1577 2710 ejusdem
1615 2644 1755 2699 sacri

185 2739 480 2794 monasterii
527 2738 578 2792 in
622 2737 804 2806 aliquo
843 2737 1167 2801 distrahere,
1199 2735 1280 2788 vel
1313 2735 1378 2789 de
1409 2735 1493 2789 his
1533 2751 1652 2804 qua:
1687 2735 1756 2790 ad

184 2827 298 2880 illud
332 2829 606 2897 pertinent
638 2827 957 2881 diminuere.
996 2827 1193 2880 Verum
1231 2826 1396 2896 igitur
1426 2828 1666 2896 quietum
1703 2839 1758 2886 et

183 2918 548 2973 inconcussum
618 2917 877 2985 persistat
935 2932 1058 2970 cum
1117 2917 1328 2970 cunctis
1387 2918 1754 2975 subsistentiis

180 3009 300 3062 suis.
330 3023 451 3062 cum
497 3009 673 3062 servis
713 3016 770 3061 et
816 3007 1048 3070 aneillis,
1080 3007 1266 3061 liberis
1310 3018 1366 3062 et
1413 3010 1750 3078 ascriptitiie,

181 3101 326 3155 terris
347 3101 510 3156 cultis
538 3111 591 3156 et
620 3099 861 3166 incultis,
889 3109 942 3155 et
973 3101 1242 3156 universis
1283 3102 1443 3156 rebus
1483 3118 1603 3172 quae
1644 3104 1749 3160 dici
1779 3127 1825 3188 ο

179 3201 229 3246 et
261 3194 524 3249 nominari
578 3200 825 3263 possunt,
851 3207 986 3262 quas
1029 3208 1172 3248 nunc
1210 3192 1375 3247 habet
1409 3204 1463 3248 et
1498 3195 1551 3248 in
1591 3203 1749 3250 antea

179 3282 401 3350 quolibet
430 3291 720 3339 contractu
766 3279 966 3336 habere
1005 3281 1183 3337 debet.
1236 3281 1378 3338 Sane
1422 3284 1492 3338 ob
1537 3285 1751 3339 mundi-

177 3374 410 3430 burdium
444 3375 524 3430 tui
556 3382 881 3444 tuorumque
903 3389 1002 3444 pro
1032 3374 1336 3430 luminariis
1357 3379 1752 3434 conciunandis

178 3476 292 3521 ante
325 3481 525 3537 corpus
565 3466 806 3536 praedicti
847 3465 1216 3534 apostolorum
1256 3469 1517 3538 principis
1555 3470 1750 3524 libram

179 3573 329 3612 unam
386 3557 596 3629 argenti
646 3556 930 3610 annuatim
986 3565 1188 3611 nostra:
1238 3565 1441 3611 sanctm
1491 3557 1751 3613 Romanae

175 3645 420 3703 Ecclesia:
465 3663 499 3702 a
546 3657 600 3702 te
644 3647 986 3718 posterisque
1043 3649 1183 3713 tuis,
1239 3664 1358 3718 quae
1405 3650 1580 3706 eidem
1631 3651 1750 3707 loco

176 3748 352 3794 sancto
407 3739 750 3809 przel'uerint,
803 3739 1217 3809 persolvendam
1277 3741 1392 3797 fore
1455 3744 1746 3799 sancimus.

179 3826 362 3884 Verum
397 3831 443 3886 si
484 3831 616 3885 fort.
642 3870 657 3884 .
689 3870 704 3884 .
755 3830 859 3884 iter
898 3832 1132 3886 actionis
1173 3831 1485 3886 dilIieultate
1527 3835 1750 3902 singulis

176 3921 321 3977 annis
347 3922 537 3978 eadem
567 3922 756 3992 pensio
786 3922 1010 3978 minime
1036 3921 1268 3993 persolvi
1298 3925 1554 3992 potuerit.
1585 3925 1750 3980 licen-

175 4011 350 4068 tia~sit
387 4013 470 4069 vel
517 4022 706 4085 postea
757 4013 1090 4083 temporibus
1138 4013 1258 4068 aliis
1304 4015 1647 4068 coadunatim
1692 4025 1750 4071 ut

176 4101 418 4160 Romana:
445 4104 703 4160 Ecclesia:
731 4103 1156 4160 transmittatur.
1190 4104 1246 4157 Si
1279 4105 1401 4171 quis
1431 4120 1580 4171 vero,
1605 4108 1748 4175 quod

176 4194 385 4251 minime
409 4196 707 4259 credimus,
737 4203 928 4250 contra
969 4195 1137 4248 Deum
1181 4196 1392 4250 irritam
1441 4195 1600 4263 hujus
1637 4199 1749 4268 pri-

177 4285 342 4357 vilegii
384 4287 583 4342 seriem
627 4287 680 4340 in
717 4301 990 4357 quoquam
1022 4301 1185 4357 agere
1228 4289 1541 4355 tentaverit,
1573 4301 1626 4344 et
1663 4291 1748 4344 id-

175 4374 336 4443 ipsuru
398 4377 787 4432 monasterium
845 4376 956 4444 juri
1013 4375 1328 4448 apostolica:
1385 4387 1440 4432 et
1489 4378 1747 4434 Romanae

176 4465 416 4524 Ecclesia:
469 4469 686 4524 auferre
737 4477 966 4524 conatus
1019 4467 1213 4531 fuerit,
1270 4469 1373 4524 nisi
1426 4469 1744 4539 resipuerit,
1781 4495 1826 4556 υ

175 4570 436 4630 perpetua:
477 4562 842 4615 anathematis
884 4561 1101 4615 vinculo
1139 4561 1425 4614 innodatus
1456 4575 1520 4614 ex
1559 4570 1745 4616 aucto~

179 4651 325 4708 ritate
355 4654 450 4708 Dei
477 4653 704 4723 ejusque
744 4653 938 4708 sumini
965 4653 1243 4724 clavigeri,
1269 4668 1331 4707 ac
1359 4669 1454 4723 pqr
1481 4662 1742 4718 nostram,

177 4752 226 4797 et
251 4747 486 4800 omnium
520 4757 830 4801 nostrorum
878 4746 1192 4815 pontiﬁcum
1235 4761 1608 4801 successorum
1648 4747 1746 4801 hu-

177 4835 446 4892 militatem
473 4853 598 4893 eum
625 4837 764 4892 Juda
807 4838 1069 4892 traditore
1099 4837 1306 4891 Domini
1339 4838 1603 4907 perpetim
1632 4839 1747 4892 dia-

175 4929 286 4984 bolo
307 4931 566 4987 societur.
595 4929 698 4997 Qui
733 4939 914 4984 autem
965 4929 1285 4984 observator
1327 4927 1443 4995 ejus
1478 4938 1533 4982 et.
1561 4937 1746 4984 custos

173 5032 282 5075 esse
309 5021 600 5087 studuerit,
626 5021 872 5078 omnium
903 5018 1220 5074 delictorum
1253 5033 1473 5072 suorum
1507 5020 1742 5082 veniam,

173 5117 222 5162 et
251 5126 370 5166 cum
410 5112 732 5167 beatissimo
757 5111 922 5165 Petro
950 5110 1182 5166 coetibus
1218 5118 1532 5164 sanctorum
1572 5110 1746 5164 socia-

175 5207 268 5267 tus,
299 5204 488 5274 gaudia
521 5205 646 5260 sine
675 5205 782 5258 ﬁne
811 5204 1068 5273 consequi
1099 5212 1392 5259 mereatur.
1431 5205 1509 5258 De
1545 5215 1744 5258 caetero

168 5293 492 5324 ῇιιηιιίῖηἷουιηα
541 5302 596 5324 ..ο
647 5294 918 5326 ηιιιιηιῖοοη
953 5294 1023 5326 ἷικῖ
1072 5309 1344 5328 unane-nun
1380 5294 1484 5328 ulla
1526 5295 1628 5328 πιἷοῖ
1676 5311 1739 5328 nr

1877 531 2104 587 decima.
2136 534 2256 587 Dat.
2287 535 2495 589 decima
2523 535 2644 590 Kal.
2673 537 2795 592 Maii
2838 555 2934 609 per
2963 557 3180 595 manum
3211 541 3461 599 Widonis

1875 623 2111 693 episcopi
2162 634 2364 680 sancta:
2399 625 2560 682 Silva:
2589 628 2843 683 Candidte
2879 632 3152 694 Ecclesia,
3182 644 3236 688 et
3267 635 3459 689 biblio-

1875 715 2102 770 thecarii
2141 727 2346 772 sancta:
2375 719 2520 774 sedis
2559 722 2887 790 apostolicm,
2930 739 3089 789 anno,
3123 726 3234 782 Deo
3275 729 3460 798 propi-

1876 805 1971 869 tio,
2001 809 2350 876 pontiﬁcatus
2387 809 2590 865 domini
2620 811 2847 867 Joannis
2880 816 3076 868 summi
3105 816 3375 884 pontiﬁcis
3401 827 3459 872 et

1873 897 2198 953 universalis
2228 900 2373 954 tertii
2405 901 2600 956 decimi
2643 903 2940 971 provisoris
2970 916 3172 960 sancta:
3198 906 3458 962 Romana:

1871 986 2150 1052 Ecclesize,
2180 989 2432 1046 videlicet
2477 992 2765 1047 undecimo
2809 992 3048 1060 ejusdem
3083 996 3308 1064 piissimi
3352 997 3453 1052 PP.

1871 1094 2034 1143 anno,
2065 1082 2292 1152 August.
2322 1082 2520 1137 Ottone
2553 1099 2582 1137 a
2625 1084 2736 1138 Deo
2776 1095 3038 1140 coronato
3069 1085 3257 1157 Magno
3284 1089 3455 1158 impe-

1870 1183 2054 1225 ratore
2075 1189 2218 1227 anno
2247 1184 2403 1229 sexto
2433 1177 2807 1231 monarchiam
2840 1177 3069 1232 Romani
3098 1180 3306 1249 imperii
3339 1182 3455 1236 feli-

1868 1265 2006 1318 citer
2032 1265 2400 1333 gubernante;
2438 1266 2734 1322 indictione
2762 1278 2913 1323 sexta
2938 1270 3168 1324 decima.

2590 1382 2722 1436 XLII.

1899 1486 2114 1525 JOANNIS
2159 1488 2303 1526 PAPJ'Z
2333 1489 2426 1527 XIII
2461 1489 2804 1530 PRIVILEGIUM
2850 1491 2949 1531 PRO
2979 1492 3229 1532 ECCLESIA
3281 1495 3415 1534 TRE-

2545 1560 2775 1601 VIBI-3N5].

2482 1635 2662 1704 ‘Anno
2691 1638 2841 1708 969.)

1933 1727 2113 1800 [Apud
2149 1726 2462 1792 Hontheirn,
2498 1729 2636 1784 Hist.
2664 1730 2862 1803 Trevir.
2894 1733 3137 1803 dipiom.,
3168 1743 3300 1792 tom.
3337 1736 3378 1800 Ι,

2504 1815 2628 1872 pag.
2669 1801 2820 1874 505.]

1933 1893 2168 1948 Joassss
2195 1893 2501 1964 episcopus,
2530 1909 2722 1950 servus
2753 1912 3034 1952 servorum
3067 1897 3183 1962 Dei,
3237 1900 3448 1956 charis-

1864 1986 2016 2039 simis
2044 1986 2199 2040 nobis
2227 1989 2280 2039 in
2312 1985 2531 2040 Christo
2567 1986 2828 2042 fratribus
2861 1989 3128 2044 universis
3159 1991 3450 2062 episcopis,

1863 2092 1926 2130 ac
1959 2075 2122 2131 totius
2150 2075 2428 2145 dignitatis
2469 2084 2524 2130 et
2564 2077 2772 2132 ordinis
2798 2079 3085 2134 catholicis
3125 2081 3280 2149 viris,
3312 2097 3451 2152 pra:-

1863 2165 2106 2221 sentibus
2135 2166 2344 2221 scilicet
2372 2175 2426 2221 et
2453 2165 2672 2233 futuris,
2705 2183 3021 2238 perpezuam
3056 2171 3306 2228 salutem.

1869 2301 1873 2307 .
1931 2259 2069 2324 Quia
2092 2258 2220 2313 licet
2247 2259 2683 2328 indigni,divin:e
2705 2270 2886 2316 tamen
2914 2263 3245 2334 dignationis
3273 2269 3448 2338 gratia

1861 2354 2200 2423 disponente,
2233 2353 2293 2406 Β.
2321 2353 2468 2408 Petri
2497 2354 2862 2422 apostolorum
2894 2357 3159 2427 principis
3188 2361 3448 2415 sacratis-

1859 2444 2050 2498 simam
2075 2443 2259 2499 sedem
2288 2443 2705 2514 universaleque
2739 2445 2794 2499 in
2843 2455 2957 2502 toto
2997 2449 3131 2504 orbe
3177 2459 3447 2506 terrarum

1860 2537 2218 2592 ministerium
2248 2539 2604 2607 suscepimus,
2636 2554 2863 2596 necesse
2895 2551 2980 2597 est
3000 2544 3244 2599 omnium
3259 2545 3444 2600 Eccle-

1859 2631 2062 2684 siarnm
2095 2638 2153 2683 ut
2180 2629 2647 2700 diligentissimam
2677 2633 3097 2691 sollicitudinem
3149 2637 3221 2690 ita
3269 2639 3447 2693 conti-

1857 2732 2051 2777 nenter
2081 2723 2398 2788 habeamus,
2423 2739 2491 2778 ne
2505 2739 2695 2779 earum
2706 2724 2850 2793 jura,
2867 2730 3072 2782 auctori
3081 2735 3190 2784 tate
3201 2728 3446 2798 ejusdem

1857 2816 2226 2885 apostolorum
2278 2816 2540 2886 principis
2593 2826 3023 2888 caeterorumque
3067 2837 3445 2877 successorum

1856 2907 1974 2975 ejus
2012 2909 2403 2964 venerabilium
2450 2910 2668 2964 Patrum
2721 2910 3108 2967 inviolabiliter
3152 2922 3357 2968 statuta
3388 2922 3446 2968 et

1855 3001 2175 3055 conﬁrmata
2209 3011 2397 3056 nostro
2428 3002 2742 3057 minuantur
2787 3019 2850 3058 ac
2899 3014 3126 3072 pereant
3176 3014 3442 3076 tempore,

1856 3089 1950 3145 sed
2002 3091 2185 3158 potius
2216 3091 2564 3148 corroborata
2613 3093 2871 3147 decenter
2926 3106 3230 3164 augeantur
3273 3105 3442 3167 atque

1856 3179 2160 3248 proﬁciant.
2188 3179 2421 3250 Ideoque
2448 3182 2688 3236 omnium
2720 3192 2958 3238 vestrum
3005 3201 3163 3242 nosse
3192 3187 3459 3243 volumus-

1853 3273 2199 3328 sanctitatem
2223 3282 2278 3328 et
2305 3275 2648 3340 industriam,
2674 3277 2818 3345 quod
2845 3276 3185 3334 Tbeodorico
3205 3279 3447 3336 dilectis-

1853 3364 1990 3418 simo
2018 3363 2183 3418 fratre
2207 3372 2390 3419 nostro
2407 3365 2743 3436 Trevirenpsis
2766 3367 3022 3425 Ecclesia:
3036 3371 3444 3444 arcliiepisc0po

1852 3458 2104 3512 veniente
2131 3457 2356 3512 Romam
2388 3468 2601 3512 oratum
2632 3460 2699 3514 ad
2731 3472 3041 3516 sanctorum
3072 3465 3456 3532 apostolorum.

1853 3549 2063 3614 limina,
2100 3551 2426 3613 audivimus,
2472 3551 2613 3604 sicut
2670 3553 2834 3606 etiam
2886 3554 3096 3622 pridem
3148 3557 3439 3623 audiendo,

1852 3644 1961 3696 imo
2009 3651 2066 3696 et
2128 3642 2354 3712 legendo
2404 3652 2746 3712 compertum
2811 3645 3137 3710 habuimus,
3193 3650 3442 3705 eamdem

1850 3733 2027 3803 ipsam
2075 3747 2187 3802 pra:
2233 3733 2449 3788 caeteris
2477 3733 2773 3788 Galliarum
2825 3736 3071 3792 ecclesiis
3117 3737 3442 3796 Christianae

1851 3823 2129 3895 religionis
2149 3822 2434 3878 exordium
2461 3825 2853 3896 catholiczeque
2891 3827 3014 3882 ﬁdei
3065 3829 3241 3898 prima
3291 3831 3441 3886 rudi.

1853 3926 2034 3972 menta
2078 3918 2385 3987 percepisse
2416 3933 2512 3987 per
2561 3921 3026 3976 sanctissimorum
3059 3923 3294 3977 virorum
3323 3925 3438 3980 Eu-

1848 4006 2283 4072 charii,Valerii;
2310 4015 2366 4062 et
2391 4006 2613 4062 Materni
2639 4017 2694 4063 et
2723 4018 3040 4065 caeterorum
3067 4014 3438 4083 evangelicam

1851 4097 2178 4160 doctrinam,
2203 4113 2342 4166 quos
2373 4108 2615 4168 tempore
2638 4114 2736 4154 suo
2767 4103 3055 4169 prmdictus
3091 4103 3437 4158 beatissimus

1850 4189 2046 4245 Petrus
2088 4190 2364 4258 apostolus
2405 4192 2678 4245 ordinavit
2716 4205 2771 4247 et
2824 4195 3120 4262 instruxit,
3181 4214 3282 4254 nec
3326 4215 3436 4254 non

1848 4281 1979 4337 illuc
2025 4281 2094 4336 ad
2136 4282 2535 4350 praedicandum
2585 4282 2804 4338 direxit.
2857 4284 3010 4341 Unde
3041 4288 3203 4343 totius
3227 4289 3436 4345 ordinis

1848 4381 2052 4428 nostrae
2097 4373 2242 4429 sedis
2291 4375 2599 4443 apostolicae
2653 4380 2923 4443 consultu,
2971 4380 3314 4450 gratuitoque
3346 4396 3435 4436 as-

1850 4475 2047 4533 sensn,‘
2062 4467 2183 4537 jura
2229 4467 2656 4536 privilegiorum,
2705 4485 2826 4536 qua:
2861 4487 2890 4524 a
2949 4479 3135 4525 sancta
3187 4471 3434 4528 Romana

1850 4568 2027 4613 matre
2075 4558 2316 4614 Ecclesia
2365 4559 2603 4627 praefatis
2646 4563 2850 4616 sanctis
2875 4577 3170 4632 eorumque
3210 4565 3434 4634 reliquis

1849 4653 2273 4712 successoribus,
2333 4652 2385 4705 id
2431 4661 2516 4706 est
2551 4652 2778 4719 Agritio,
2825 4653 3137 4719 Maximino,
3178 4655 3428 4726 Paulino,

1850 4745 2072 4811 Severo,
2111 4745 2359 4800 almiﬁcis
2406 4754 2462 4801 ct
2497 4745 2802 4815 apostolicis
2854 4747 3007 4814 viris,
3052 4763 3082 4801 a
3131 4749 3434 4818 primordio

1848 4839 2126 4907 hucusque
2170 4837 2483 4892 authentice
2529 4853 2783 4892 concessa
2833 4849 2978 4902 sunt,
3009 4854 3236 4910 quaeque
3265 4844 3436 4903 etiam

1849 4933 2016 5002 ipsius
2054 4929 2289 4986 civitatis
2319 4931 2552 4995 excidio,
2610 4932 2858 4987 inccndio
2913 4933 3084 4988 aliove
3115 4949 3244 4988 casu
3293 4953 3436 4996 con-

1848 5033 2062 5092 sumpta
2094 5023 2418 5092 probantur,
2449 5024 2622 5077 eidem
2655 5023 2964 5080 Trevirensi
3007 5025 3263 5080 Ecclesia:
3295 5046 3447 5100 pne-

1833 5115 2098 5181 dictoque
2135 5112 2288 5166 fratri
2320 5125 2507 5168 nostro
2535 5115 2892 5180 Tlicozlorico,
2918 5126 2969 5173 ct
2999 5129 3094 5185 per
3133 5131 3257 5169 eum
3303 5136 3453 5184 cun.

1847 5205 1948 5258 clis
1979 5204 2149 5274 ipsius
2187 5207 2613 5266 successoribus,
2662 5211 3071 5271 rcconﬁrmare,
3114 5218 3461 5278 recorrobo.

2022 5305 2070 5330 nl
2124 5293 2268 5330 Λιιὶηἷ
2321 5297 2480 5330 ηἰηιῖη
2528 5297 2814 5330 polin-nvo
2865 5300 3080 5330 .Iénnnm
3134 5297 3353 5330 Αιιι-ἓκ..-

1848 5310 1968 5328 nam
2022 5305 2070 5330 nl
2124 5297 2268 5330 numini
2321 5297 2480 5330 ann
2528 5297 2814 5330 polin-nvo
