3972 5428
156 293 277 357 .977
1346 301 1708 360 EPISTOLIE
1737 302 1827 358 ET
1877 301 2292 360 DIPLOMATA.
3334 307 3443 365 07S
3537 332 3543 343 ι

185 420 314 462 tare.
347 405 533 479 Itaque
574 410 988 479 przesidentibus
1037 413 1194 469 nobis
1228 415 1281 469 in
1311 424 1499 472 sancta
1553 419 1758 489 synodo
1787 419 1834 481 Α
1860 434 1990 490 gare
2016 429 2111 473 aut
2151 420 2449 485 destruere,
2489 421 2571 477 vel
2604 420 2838 494 aliquam
2880 424 3149 495 iacturam
3197 434 3289 479 attt
3330 441 3445 481 mtr-

186 508 301 555 acta
349 510 474 555 ante
533 500 934 560 confessionem
993 506 1134 560 beati
1191 507 1334 563 Petri
1392 510 1759 580 apostolorum

184 593 437 662 principis
489 594 724 663 septimo
772 595 1040 651 Kalendas
1086 598 1300 663 Junias,
1364 602 1654 673 propositis
1708 604 1761 657 in

186 685 360 741 medio
410 686 772 749 sacrosanctis
818 699 1051 759 quatuor
1102 691 1446 764 Evangeliis,
1497 706 1763 766 praesente

186 775 402 831 domino
448 775 650 833 Ottone
700 781 1093 851 gloriosissimo
1138 784 1465 855 imperatore
1510 799 1759 859 augusto,

190 866 556 938 Romanoque,
582 867 770 927 nostro
818 874 946 938 filio,
994 890 1093 930 nec
1129 892 1236 931 non
1288 877 1551 935 Romanis
1600 890 1764 950 atque

182 958 401 1027 Jtalicis,
452 974 506 1017 ct
550 965 980 1023 occidentalibus
1025 970 1291 1041 religiosis
1318 972 1759 1042 quampluriutis,

186 1060 344 1123 atque
373 1054 445 1108 eti
468 1070 541 1110 tm
584 1057 868 1113 callwlicis
898 1068 951 1114 et
979 1061 1399 1132 sapientissimis
1430 1065 1595 1120 totius
1614 1067 1763 1121 ordi-

188 1145 270 1207 nis
296 1146 457 1214 viris;
513 1148 727 1205 hortatu
758 1152 1026 1220 siquidem
1059 1155 1291 1225 benigno
1339 1157 1507 1227 ipsius
1556 1160 1766 1228 przefati

188 1235 384 1291 domini
407 1239 820 1297 clementissimi
861 1244 1207 1314 imperatoris
1237 1250 1472 1320 attgnsti,
1504 1266 1613 1306 una
1642 1267 1766 1307 cum

186 1344 450 1386 consensu
500 1332 914 1391 infradictorum
961 1339 1276 1408 praesulum,
1303 1350 1466 1413 atque
1510 1346 1768 1400 sacerdo-

196 1431 320 1484 tum,
344 1424 700 1496 omniumque
726 1428 1050 1485 clericorum
1093 1431 1150 1486 S.
1205 1433 1270 1487 ιι.
1316 1434 1378 1488 E.
1414 1436 1505 1506 qui
1546 1436 1771 1493 inferius

191 1514 647 1584 subscripserunt,
694 1520 893 1589 quibus
936 1562 951 1575 .
997 1561 1010 1575 .
1054 1561 1067 1577 .
1112 1524 1550 1582 Bt'neventanam
1583 1528 1772 1585 cathe-

188 1604 337 1660 dram
363 1607 499 1664 relic
524 1609 789 1675 exdtare,
823 1613 1310 1675 iuterveeicntibus
1336 1620 1591 1676 videlicet
1635 1621 1774 1677 Lan-

194 1698 383 1768 tlulpho
414 1699 811 1758 Bcneventanm
841 1716 895 1760 et
924 1706 1194 1776 Capuame
1241 1711 1456 1767 urbium
1504 1714 1768 1785 principe,

1862 508 2074 563 [estiam
2119 509 2337 575 inferre,
2382 513 2453 567 sit
2488 516 2849 571 ‘anatbematis
2874 514 3102 571 vinculis
3131 516 3441 580 inundatos,

1860 609 1916 652 et
1945 614 2068 654 cum
2101 598 2317 654 diabolo
2354 610 2409 654 et
2436 598 2554 668 ejus
2574 603 2933 660 atrocissimis
2963 605 3192 675 pompis,
3238 614 3293 659 ct
3319 618 3444 659 cum

1860 688 1997 743 Juda
2025 690 2302 760 proditore
2334 691 2544 748 Domini
2584 696 2755 750 nostri
2797 695 2925 751 Jesu
2973 697 3197 761 Christi,
3253 696 3444 751 mtcrni

1863 781 2110 853 supplicii
2165 783 2416 839 incendio
2448 789 2902 843 concremandus.
2931 790 3005 843 At
3038 804 3165 844 vero
3210 789 3302 859 qui
3356 788 3447 859 pie

1864 872 2065 927 intuitu
2093 872 2436 940 observator,
2475 887 2532 931 et
2562 877 2616 932 in
2662 880 2915 934 omnibus
2949 881 3219 935 exstiterit
3264 891 3449 935 custo-

1865 961 2021 1035 diens
2052 962 2359 1033 huiusmodi
2391 967 2674 1038 apostolici
2716 968 2977 1037 instituti,
3007 970 3074 1025 ad
3103 971 3309 1025 cultum
3350 969 3448 1033 Dei

1866 1053 2183 1123 respiciens,
2240 1055 2635 1113 benedictionis
2689 1060 2923 1131 gratiam
2964 1076 2993 1114 a
3051 1060 3453 1116 misericordis-

1866 1144 2006 1200 simo
2045 1145 2275 1202 Domino
2326 1148 2438 1203 Deo
2487 1157 2674 1206 nostro
2727 1150 3097 1222 multipliciter
3147 1165 3449 1221 consequa-

1872 1244 1977 1303 tur,
2005 1236 2208 1292 et'vita:
2226 1245 2445 1301 ceterum
2473 1241 2747 1313 particeps
2768 1243 2906 1299 ellici
2935 1242 3229 1298 mereatur.
3257 1242 3451 1297 Amen.

1941 1324 2213 1397 Scriptura
2241 1343 2339 1398 per
2365 1345 2586 1387 manum
2606 1332 2871 1405 Stephani
2902 1334 3174 1391 scriniarii
3206 1333 3265 1389 S.
3292 1333 3358 1387 Β.
3387 1332 3452 1388 Ε.

1871 1414 1926 1470 in
1963 1430 2148 1473 mense
2170 1417 2315 1484 Maii,
2340 1420 2527 1477 indict.
2559 1422 2647 1478 12.

1945 1508 2054 1579 Ego
2080 1508 2319 1568 Joannes
2359 1524 2560 1569 sanctae
2605 1517 2890 1574 catholica:
2924 1527 2982 1575 et
3009 1516 3320 1588 apostolica:
3346 1516 3457 1572 Ro-

1874 1612 2048 1655 mana:
2075 1600 2332 1659 Ecclesiae
2363 1604 2477 1660 Xlll
2508 1621 2646 1678 papa
2699 1609 2753 1662 in
2786 1610 2891 1665 hoc
2918 1608 3201 1681 privilegio
3224 1622 3255 1663 a
3300 1608 3458 1664 nobis

1872 1692 2214 1763 promulgata
2242 1711 2405 1751 manu
2431 1698 2650 1767 propria
2672 1699 2886 1754 subscr.

184 1805 283 1847 seu
304 1791 511 1862 Spoleti
539 1803 595 1849 et
624 1794 894 1852 Ca'nerlni
926 1799 1151 1854 ducatus
1177 1765 1577 1861 marehioueret
1611 1765 1768 1870 duce:

1945 1784 1985 1853 ἰ-
2008 1784 2048 1856 ϊ
2087 1784 2312 1858 Signum
2343 1765 2489 1844 dom.
2517 1765 2731 1845 Dttonis
2761 1790 2992 1861 piissimi
3018 1788 3384 1860 .mperatoris.

195 1885 456 1955 simulque
491 1897 545 1942 et
572 1887 892 1959 Lantlulpho
919 1892 1377 1950 excellentissimo
1400 1899 1642 1968 principe
1665 1899 1774 1955 flfio

188 1975 325 2045 ejus,
349 1995 509 2035 usum
540 1978 682 2051 pallii
708 1983 828 2048 tibi,
867 1986 1090 2053 praefato
1126 1988 1346 2056 praesul,
1375 1991 1441 2044 ad
1488 1991 1602 2045 sola
1647 1994 1775 2047 mis-

182 2080 363 2123 sarutn
394 2073 675 2128 solemnia
710 2078 1017 2146 peragenda
1045 2079 1437 2143 concessimus,
1466 2081 1688 2136 scilicet
1720 2083 1770 2137 in

195 2160 271 2215 bis
304 2162 716 2233 festivitatibus,
751 2165 802 2220 id
832 2176 940 2231 est,
974 2166 1026 2221 in
1065 2170 1350 2226 nativitnte
1377 2171 1609 2237 Domini,
1644 2172 1771 2243 Epi-

193 2252 408 2323 phaniae,
439 2255 848 2313 Purilicationis
885 2268 1087 2314 sancta:
1129 2259 1219 2315 Dei
1252 2262 1547 2332 genitricis
1573 2274 1627 2318 et
1656 2265 1773 2319 Vir-

195 2344 323 2414 ginis
346 2345 554 2412 Marim,
582 2348 832 2403 similiter
873 2359 928 2404 et
978 2351 1034 2405 in
1077 2351 1507 2407 Annuntiatione
1534 2352 1773 2421 ejusdem

193 2435 357 2493 beata:
380 2435 591 2502 Mariae,
621 2447 677 2493 et
713 2439 766 2493 iu
801 2440 1042 2510 paschali
1065 2440 1379 2507 festivitate,
1412 2444 1540 2501 etin
1565 2446 1774 2499 Ascen-

194 2525 337 2581 sione
367 2527 602 2595 Domini,
635 2538 689 2584 et
728 2528 1068 2597 Pentecoste,
1101 2543 1157 2587 et
1196 2533 1491 2592 festivitate
1523 2535 1580 2592 S.
1613 2536 1778 2591 Joan-

195 2619 274 2676 nis
300 2621 575 2692 Bzzptistaa,
608 2632 665 2679 et
695 2624 748 2678 in
776 2625 1037 2681 natalitiis
1058 2626 1341 2683 beatorum
1380 2625 1774 2700 apostolorum,

192 2721 248 2775 et
284 2714 335 2768 in
367 2715 753 2784 Assumptione
781 2717 952 2773 beata:
979 2717 1178 2784 Mariae,
1212 2720 1524 2791 pariterque
1549 2722 1601 2776 in
1626 2721 1779 2778 Nat;-

196 2806 353 2862 vitate
382 2808 655 2877 ejusdem,
707 2810 973 2881 simulque
1004 2820 1057 2867 et
1086 2812 1139 2866 in
1178 2812 1526 2869 Dedicatione
1574 2825 1779 2871 sancta:

190 2896 443 2955 Ecclesiae
468 2900 547 2957 tui
581 2901 1214 2973 archiepiscopatus,ncc
1236 2919 1342 2960 non
1370 2915 1420 2960 et
1455 2906 1508 2960 in
1530 2906 1617 2962 die
1644 2921 1777 2960 con-

197 2992 534 3057 secr..tiouis,
568 3002 624 3047 et
658 2996 1069 3051 consecratione
1095 2997 1467 3068 cpisc0porum
1492 3015 1509 3065 ;
1538 3000 1780 3054 tribuen-

201 3090 278 3137 tes
306 3083 396 3137 tibi
423 3084 648 3154 insuper
673 3074 796 3140 cutn
824 3102 889 3140 eo
940 3096 1263 3156 potestatem
1298 3101 1355 3143 et
1394 3089 1652 3145 honorem
1691 3106 1780 3144 ar-

201 3173 652 3247 chiepiscopatus,
680 3177 753 3232 iza
785 3187 839 3231 ut
871 3177 1182 3232 fraternitas
1208 3188 1317 3246 tua,
1347 3189 1400 3235 et
1435 3194 1782 3236 successores

200 3268 271 3321 tu‘
297 3268 436 3324 infra
456 3286 614 3325 suam
646 3270 948 3337 dimresim,
982 3271 1034 3327 in
1064 3272 1197 3328 locis
1248 3273 1445 3343 quibus
1489 3274 1616 3328 olim
1663 3273 1782 3330 fue‘

202 3362 335 3423 rant,
360 3376 579 3429 semper
613 3360 665 3415 in
696 3372 1013 3432 perpetuum
1046 3363 1331 3435 episcopos
1361 3376 1666 3429 consecret,
1691 3368 1783 3437 qui

189 3458 389 3506 'vestrte
419 3453 735 3523 subjaceant
786 3455 998 3522 ditioni,
1044 3457 1261 3512 scilicet
1292 3467 1494 3513 sancta:
1537 3460 1781 3529 Agathce,

200 3541 450 3611 Abellini,
480 3545 895 3614 Qninlodccinti,
938 3547 1151 3614 Ariani,
1183 3550 1388 3616 Asculi,
1434 3550 1625 3614 Bibfni,
1662 3551 1786 3606 Vul-

204 3639 439 3701 turariae,
484 3638 694 3704 Larini,
724 3639 1006 3706 Thelesim,
1054 3641 1228 3695 Alifm.
1274 3640 1585 3710 Adjecimus
1622 3643 1784 3697 etiam

203 3737 259 3782 ut
284 3730 454 3786 utaris
483 3730 648 3800 pall'o
680 3732 731 3786 in
765 3733 1147 3788 festivitatibus
1179 3731 1237 3785 Β.
1259 3732 1534 3790 Michaelis
1556 3734 1787 3788 arcbau-

204 3822 323 3892 geli,
355 3834 408 3878 et
430 3826 787 3883 translatione
809 3827 869 3885 Β.
894 3827 1055 3882 Barth
1080 3827 1271 3883 alontmi
1302 3826 1552 3898 apostoli.
1582 3826 1788 3881 Posteri

205 3926 329 3968 vero
352 3923 457 3969 tute
487 3916 563 3971 Ec
602 3916 743 3971 lesizc
770 3930 1007 3973 rectores
1036 3927 1152 3988 post
1179 3919 1384 3971 obitum
1420 3926 1566 3973 tuum
1595 3929 1786 3973 conse-

206 4005 502 4060 cntionem
529 4007 697 4075 ipsius
726 4008 1325 4078 archiepiscopatus.ac
1348 4009 1609 4063 honorem
1642 4007 1788 4079 pallii

206 4090 271 4145 ab
298 4093 397 4149 hac
426 4106 615 4151 s:-.ncta
658 4105 712 4151 et
741 4099 1057 4167 apostolica,
1087 4098 1172 4152 cui
1219 4099 1329 4153 Deo
1359 4107 1579 4154 auctore
1609 4099 1791 4154 deser-

204 4182 310 4247 vio,
342 4186 475 4242 sede
501 4186 817 4255 percipiant.
847 4186 1352 4260 Conlirmamusque
1382 4190 1477 4244 tibi
1511 4204 1791 4245 successo-

204 4275 401 4346 tibusq
427 4291 461 4336 e
483 4278 590 4332 tuis
619 4276 663 4332 si
690 4278 870 4333 uiliter
893 4278 1179 4348 Sipontum
1202 4289 1257 4333 et
1287 4278 1572 4334 ecclesiam
1600 4277 1658 4332 Β.
1688 4277 1807 4334 Μῖε

205 4364 405 4422 chaulis
427 4366 740 4439 archangeli
785 4368 839 4422 iu
868 4367 1043 4424 Monte
1071 4366 1346 4439 Gargano,
1385 4377 1445 4423 et
1487 4367 1791 4422 Varranum

1946 1876 2075 1933 Sico
2101 1895 2129 1935 s
2170 1917 2186 1933 .
2227 1915 2245 1933 .

1873 1977 1931 2025 et
1952 1970 2160 2025 subscr.

1945 2060 2182 2117 Joannes
2209 2048 2496 2133 episcopus
2519 2061 2791 2118 Galisanae
2819 2062 2968 2118 Eccl.

1945 2155 2184 2211 Joannes
2208 2155 2499 2226 episcopus
2522 2155 2824 2224 Anagninus
2856 2155 3001 2217 Eccl.

1946 2244 2189 2299 Marinus
2213 2245 2498 2315 episcopus
2526 2254 2733 2301 sancta:
2767 2245 3048 2301 Sutrensis
3078 2244 3227 2300 Eccl.

1946 2334 2271 2391 Benedictus
2289 2335 2579 2406 cpisc0pus
2604 2343 2807 2390 sancta:
2836 2335 3250 2393 'l‘erracmensis
3279 2332 3423 2389 Eccl.

1948 2424 2058 2482 Leo
2078 2425 2367 2496 episcopus
2390 2434 2593 2481 sancte
2621 2424 2889 2481 Ostiensis
2923 2424 3073 2480 Eccl.

1947 2515 2269 2571 Benedictus
2300 2516 2586 2586 episcopus
2610 2525 2815 2572 sancta:
2841 2515 3157 2572 Portuensis
3184 2515 3330 2570 Eccl.

1948 2603 2244 2674 Gregorius
2269 2605 2783 2675 episcopussanctze
2806 2603 3131 2661 Albanensis
3157 2604 3307 2661 Eccl.

1947 2694 2187 2751 Joannes
2210 2698 2497 2767 episcopus
2523 2705 2728 2754 sancta:
2760 2695 3110 2753 Salernitata:
3130 2695 3278 2750 Eccl.

1948 2784 2186 2844 Joannes
2226 2786 2447 2847 humilis
2495 2788 2784 2859 episcopus
2839 2794 3045 2843 sanctae
3091 2785 3471 2847 Castraneusis

1874 2877 2161 2941 Ecclesiae.
2833 2944 2839 2949 ο

1949 2966 2190 3024 Joannes
2231 2967 2518 3039 episcopus
2567 2976 2769 3025 sancta:
2818 2957 3471 3023 Sarsinaten.Eccfesim

1881 3061 2134 3118 consensi
2161 3068 2215 3117 et
2238 3062 2451 3121 subscr.

2288 1917 2304 1935 .
2350 1919 2365 1934 .
2406 1880 2664 1937 Ecclesiae
2689 1881 2745 1936 in
2769 1882 2872 1937 hoc
2902 1881 3183 1956 privilegio
3207 1878 3460 1937 consensi

1807 3109 1853 3171 Ο
1956 3150 2267 3223 Stephanus
2310 3154 2599 3223 episcopus
2641 3162 2844 3215 sancite
2871 3151 3187 3209 Ficodeusis
3214 3148 3472 3209 Ecclesia:

1884 3247 2159 3303 consensi.

1954 3337 2346 3396 Constantinus
2379 3340 2550 3412 episc.
2594 3377 2609 3394 .
2654 3380 2668 3394 .
2714 3380 2727 3393 .

1957 3431 2173 3501 lgnizzo
2201 3434 2486 3503 episcopus
2516 3432 2732 3497 Floren.
2761 3432 2908 3486 Eccl.

1958 3520 2232 3578 Hubertus
2257 3523 2544 3592 episcopus
2581 3560 2595 3574 .
2640 3558 2657 3575 .
2700 3558 2716 3573 .
2757 3519 3076 3587 subscripsi.

1958 3612 2237 3671 Guifridus
2257 3614 2541 3683 episcopus
2576 3621 2778 3667 sancta:
2803 3608 3190 3664 Virodunensis
3218 3605 3360 3662 Eccl.

1962 3705 2256 3777 Signlphus
2297 3715 2500 3761 sancta:
2544 3703 2876 3759 Placentina:
2917 3700 3172 3755 Ecclesia:
3224 3696 3472 3757 consensi

1889 3808 1946 3854 et
1975 3798 2293 3868 subscripsi.

1961 3888 2327 3958 Luitprandus
2356 3887 2641 3959 episcopus
2667 3884 2885 3941 interfui

1964 3982 2142 4038 Bozzo
2164 3983 2450 4051 episcopus
2489 3989 2689 4036 sanctae
2710 3976 2955 4035 Asteusis
2982 3977 3132 4031 Eccl.
3165 3971 3438 4039 consensi.

1962 4073 2234 4128 Abraham
2271 4081 2471 4127 sanet-.1:
2508 4067 2870 4141 Frinsigensis
2908 4065 3164 4121 Ecdesiac
3191 4063 3474 4135 cpisc0pus

1878 4164 2167 4221 consensi.

1966 4254 2218 4310 Raterius
2247 4253 2535 4323 cpiscopus
2567 4259 2770 4305 sancta:
2800 4246 3115 4302 Marsicante
3160 4242 3305 4297 Eccl.
3344 4254 3477 4296 con~

1895 4347 2038 4404 sensi
2058 4356 2113 4403 et
2129 4346 2426 4416 subscripsi

204 4458 457 4527 oppidum
507 4426 890 4526 cumvmassis’
929 4468 984 4516 ει
1029 4426 1214 4525 vinis,”
1245 4469 1300 4515 ει
1333 4426 1590 4516 ὀπιηίυυς
1628 4462 1791 4531 per“,
1826 4450 1876 4510 ι)
1973 4438 2303 4510 Reginaldus
2335 4445 2540 4491 sancta:
2574 4430 2955 4489 Rubilanensis
2987 4426 3242 4483 Ecclesia:
3270 4426 3480 4494 episcoc

206 4548 401 4607 nentiis
430 4549 789 4606 ecclesiarum
813 4568 1058 4617 suarum,
1104 4552 1341 4622 qualiter
1381 4551 1449 4604 ab
1481 4560 1792 4606 antecesso-

202 4638 351 4694 ribus
389 4641 598 4696 nostris
637 4658 733 4713 per
772 4644 1178 4699 conreSsionem
1222 4641 1625 4712 privilegiorum
1670 4656 1793 4711 pos-

205 4732 366 4788 sideri
394 4734 671 4789 videntur.
709 4733 1023 4791 Statuentes
1068 4736 1289 4805 insuper
1323 4732 1617 4803 apostolica
1669 4748 1794 4786 cen-

198 4836 329 4878 'sura
361 4825 460 4879 sub
490 4826 661 4882 divini
702 4827 893 4897 jndicii
921 4827 1304 4890 obtestatione,
1336 4835 1391 4882 et
1415 4827 1606 4881 validis
1631 4836 1795 4894 atque

208 4918 486 4977 Mrecibus
539 4920 899 4974 anathematis
954 4919 1448 4982 interdictionibus,
1508 4927 1567 4972 ut
1617 4916 1794 4971 nullus

205 5020 441 5076 unquam
474 5009 704 5078 alicujus
749 5011 1027 5077 dignitatis
1056 5019 1322 5079 potestate
1359 5010 1614 5078 praeditus
1633 5009 1794 5064 homo

207 5108 524 5166 praesumat,
568 5101 652 5155 vel
687 5101 861 5157 etiam
897 5113 1231 5170 quaecunque
1280 5112 1478 5168 magna
1522 5110 1796 5168 parvaque

191 5200 439 5261 'pl-rsona
473 5207 694 5263 quoquo
722 5194 881 5249 modo
916 5193 1114 5246 audeat
1148 5191 1452 5254 destruere,
1496 5191 1623 5245 dum
1666 5202 1796 5258 pro-

194 5283 348 5339 ‘fcclo
385 5272 706 5354 perenniter
754 5283 1109 5354 irrefragabili
1172 5281 1295 5349 jure
1338 5282 1684 5338 decernimus
1738 5287 1798 5333 ut

193 5385 272 5400 ’-α-
291 5376 454 5400 ΙΞ-ΑΔΑ
494 5376 548 5400 ξ..
586 5391 677 5400 tu..-
712 5390 826 5400 ΑΑΑΑ
857 5385 1102 5400 ..κακέ-ΛΑ...
1132 5392 1146 5400 ο
1182 5376 1227 5400 δῖ

1299 5390 1323 5400 ιι
1334 5389 1451 5400 ..ιι-η
1523 5382 1576 5400 ιι.
1630 5384 1792 5400 ηιιιὶηιι

1886 4545 1995 4602 pus
2031 4529 2281 4584 consensi
2307 4536 2361 4581 et
2388 4524 2707 4593 subscripsi.

1965 4620 2251 4676 Albcricus
2287 4616 2345 4672 S.
2379 4615 2619 4671 Reatina:
2648 4610 2905 4666 Ecclesia)
2942 4607 3226 4679 episcopus
3261 4605 3474 4658 subscr.

1970 4711 2264 4769 Domninus
2312 4704 2751 4777 archipresbyter
2782 4701 2840 4756 S.
2893 4701 2957 4755 lt.
3006 4698 3067 4754 Ε.
3118 4695 3369 4750 consensi
3424 4705 3481 4752 ct

1896 4803 2210 4874 subscripsi.
2775 4882 2787 4885 Α
2852 4880 2879 4885 _
2943 4882 2973 4885 __
3044 4876 3079 4885 _
3378 4873 3390 4885 .

1968 4890 2315 4952 Crescentius
2348 4889 2634 4959 presbyter
2661 4882 2810 4939 card.
2846 4880 2906 4939 S.
2943 4882 3010 4936 lt.
3140 4876 3394 4930 consensi
3436 4886 3498 4935 ct

1888 4983 2214 5054 subscripsi.
2756 5052 2761 5056 ἡ

1970 5074 2410 5148 Theophylactus
2458 5073 2516 5128 S.
2575 5070 2641 5124 It.
2670 5068 2954 5143 presbyter
2995 5057 3238 5117 consensi
3267 5063 3324 5108 et
3362 5063 3526 5123 sub-

1899 5168 2114 5244 scripsi.

1972 5234 2292 5322 Benedictus
2325 5258 2743 5313 archidiaconus
2773 5247 2835 5303 S.
2870 5251 2935 5305 ιι.
2960 5246 3022 5302 E‘.
3051 5234 3319 5295 consensi.

1974 5361 2087 5400 Irim
2121 5348 2434 5400 Bonifacius
2463 5344 2681 5400 humilis
2724 5338 2988 5397 diaconus
3036 5335 3093 5389 5-
3126 5327 3193 5384 “o
3249 5326 3313 5381 Εο
3372 5347 3561 5400 cum.
