3972 5428
476 286 580 356 979

1802 293 2085 352 JOANNIS
2111 293 2225 349 Xlll
2252 288 2455 349 PAPE

3644 286 3825 359 sse.

476 412 684 459 sancta:
717 402 1120 459 Silvmcandidze
1146 404 1423 471 Ecclesiae,
1454 416 1508 463 et
1554 407 1806 464 biblioth.
1855 417 2056 465 sancite
2084 413 2133 471 Α
2160 404 2356 461 sultior
2384 412 2438 457 ct
2468 399 2838 457 honorabilior
2873 410 3057 458 nostra
3091 402 3389 474 apostolica
3418 403 3757 458 auctoritate

481 496 626 551 sedis
654 496 985 565 apostolica},
1025 513 1168 553 anno
1197 479 1441 568 pontiﬁc.
1468 499 1671 554 domini
1696 500 1865 554 nostri
1890 499 2057 555 Joan-

477 586 566 642 nis
590 584 702 640 Xlll
731 601 882 656 papae
929 602 1006 652 iV,
1050 586 1395 656 imperatoris
1418 588 1632 644 Ottouis
1672 588 1891 658 Majoris
1917 590 1970 653 7,
2006 599 2061 643 et

478 677 702 734 Minoris
728 693 790 744 tt,
833 678 1021 733 indict.
1056 680 1372 750 supradicta
1413 680 1754 746 duodecima,
1787 695 1929 735 anno
1957 679 2060 738 Do-

474 769 692 825 minicte
716 768 1118 827 Incsrnatiouis
1146 771 1268 827 969.

1204 884 1343 940 XVI.

544 989 759 1032 JOAXNIS
797 991 944 1031 ΡΛΡΕ
984 989 1084 1032 XIII
1136 991 1483 1033 PRIVILEGlUM
1515 993 1615 1033 Ριιο
1653 992 1989 1049 ΠΟΝΑΞΤΕΜΟ

1132 1063 1407 1103 ῖυιυεκει.

470 1171 481 1177 -
828 1170 841 1189 λ.
1090 1139 1268 1211 (Anno
1295 1137 1444 1210 969.)

547 1227 735 1301 [Apud
768 1228 1004 1298 Dronlte,
1035 1228 1166 1286 Cod.
1197 1229 1411 1299 diplom.
1447 1229 1634 1296 Fuld.,
1669 1247 1796 1302 pag.
1837 1229 1988 1303 530.]

543 1315 778 1374 Joannes
810 1319 1117 1390 episcopus,
1151 1335 1341 1391 servus
1375 1335 1667 1383 servorum
1693 1322 1808 1389 Dei,
1844 1322 2058 1377 charis-

474 1410 616 1465 simo
643 1411 799 1467 nobis
828 1412 880 1466 in
911 1413 1129 1469 Christo
1173 1412 1281 1467 lilio
1318 1412 1679 1468 \VERINBARIO
1706 1414 1846 1469 sacri
1874 1429 2058 1470 emno-

471 1500 549 1557 bii
589 1500 871 1575 Fuldensis
908 1504 1093 1561 abbati
1132 1505 1542 1576 religiosissimo
1578 1514 1635 1560 et
1664 1518 1761 1574 per
1792 1518 1917 1561 eum
1943 1506 2058 1562 suis

472 1591 881 1648 successoribus
909 1593 1199 1667 abbatibus
1227 1594 1281 1649 in
1305 1604 1647 1665 perpetuum.

546 1683 887 1740 Desiderium
937 1686 1079 1756 quod
1124 1686 1193 1741 ad
1216 1684 1492 1754 religionis
1547 1688 1880 1759 propositum
1934 1703 2054 1744 san-

2157 505 2495 568 permaneat.
2532 494 2925 551 Constituimus
2968 511 3184 567 quoque
3228 511 3325 566 per
3362 496 3529 568 hujus
3572 495 3756 552 nostri

2158 586 2366 644 decreti
2412 584 2666 655 paginam
2715 596 2776 639 ut
2820 587 3127 656 quicunque
3162 586 3457 658 cujuslibet
3500 585 3758 643 ecclesia

2159 678 2354 750 praesul
2400 678 2485 734 vel
2551 693 2879 749 quacunque
2931 678 3191 750 dignitate
3239 678 3463 749 praedita
3512 692 3754 747 persona

2160 772 2305 828 hunc
2355 771 2526 826 nostri
2580 769 2847 841 privilegii
2901 779 3142 826 tenorem
3199 785 3360 841 quem
3419 770 3755 825 auctoritate

2160 862 2469 919 beatissimi
2494 861 2863 933 apostolorum
2897 861 3155 931 principis
3184 862 3337 930 cujus
3364 861 3484 916 vice
3515 860 3757 915 fruimur

2159 954 2547 1010 conﬁrmamus
2586 962 2644 1010 et
2687 952 3186 1017 recorroboramus,
3214 952 3426 1007 violare
3467 961 3522 1007 et
3562 960 3754 1007 trans-

2156 1043 2306 1115 gredi
2346 1042 2660 1110 tentaverit,
2690 1042 2979 1097 anathema
3007 1041 3079 1096 sit
3103 1051 3159 1096 et
3193 1041 3331 1096 iram
3359 1041 3452 1097 Dei
3492 1042 3750 1113 omnip»

2160 1136 2327 1192 tentis
2355 1136 2640 1192 incurrens
2667 1150 2698 1190 a
2742 1144 2886 1192 centu
2916 1134 3159 1190 omnium
3185 1141 3498 1190 sanctorum
3535 1133 3757 1188 alienus

2158 1228 2357 1291 existat
2401 1236 2456 1283 et
2484 1226 2837 1283 nihilominus
2862 1224 3072 1297 priet'ati
3113 1223 3427 1280 monasterii
3454 1223 3753 1296 dignitas:

2157 1320 2316 1375 nobis
2371 1318 2580 1377 indulta
2634 1316 3026 1389 perpetuaiiter
3095 1315 3351 1373 inviolata
3409 1323 3759 1386 permaneat

2160 1410 2456 1482 apostolica
2489 1411 2540 1465 in
2568 1411 2824 1467 omnibus
2850 1408 3175 1464 auctoritate
3203 1407 3462 1463 subnixa.

2230 1504 2501 1574 Scriptum
2532 1518 2633 1575 per
2660 1518 2879 1559 manum
2907 1501 3169 1573 Stephani
3199 1500 3477 1557 scriniarii
3500 1509 3565 1555 et
3583 1499 3753 1568 regio-

2158 1596 2300 1651 narii
2345 1604 2549 1652 sanetae
2579 1597 2837 1652 Romana:
2873 1594 3155 1661 Ecclesiae,
3188 1593 3241 1649 in
3271 1589 3465 1649 mense
3494 1589 3756 1648 Octobris

2158 1698 2214 1744 et
2247 1689 2540 1744 indictione
2569 1688 2731 1744 tertia
2761 1687 2993 1744 decima.

469 1782 797 1846 ctorumqee
823 1776 1066 1833 iocurum
1090 1777 1441 1835 stabilitatem
1470 1781 1746 1849 pertinere
1775 1789 2048 1837 monstra-
2074 1770 2125 1829 Β
2223 1779 2418 1835 Datum
2448 1796 2503 1838 γι
2534 1779 2662 1838 ldus
2700 1778 3053 1846 Novembris,
3088 1792 3190 1850 per
3235 1793 3463 1834 manum
3501 1776 3753 1835 Widonis

466 1877 559 1920 tur
582 1866 702 1923 sine
735 1867 913 1938 aliqua
944 1877 1027 1939 est
1057 1869 1168 1925 Deo
1193 1877 1415 1926 auctore
1450 1886 1603 1927 mora
1639 1870 2051 1942 perliciendum,

466 1967 529 2013 ut
551 1974 618 2014 ex
644 1959 747 2016 hoc
769 1961 919 2030 vigor
942 1960 1219 2032 religionis
1237 1972 1439 2020 sauctte
1463 1966 1747 2021 roboretur
1768 1973 1823 2020 et
1846 1964 2051 2020 eisdem

467 2050 678 2108 sanctis
720 2048 854 2113 locis
897 2051 1045 2106 salus
1085 2061 1142 2108 et
1185 2052 1514 2110 indemnitas
1556 2054 1851 2121 solidetur;
1896 2053 2053 2110 nobis

465 2156 683 2212 quoque
747 2142 886 2197 lucri
938 2144 1284 2214 potissimum
1340 2146 1623 2216 pranuium
1683 2164 1713 2201 a
1773 2148 2053 2204 conditore

468 2233 714 2293 omnium
746 2235 857 2290 Deo
887 2235 940 2289 in
975 2237 1157 2307 regnis
1187 2237 1502 2294 coelestibus
1531 2238 1855 2294 ascribatur.
1884 2239 2054 2311 igitur

465 2325 593 2395 quia
630 2340 729 2397 per
754 2329 1119 2383 interventum
1149 2328 1332 2384 domui
1360 2329 1573 2385 Ottonis
1608 2329 2050 2387 excellentissimi

462 2419 801 2489 piissimique
831 2420 1176 2492 imperatoris
1199 2421 1450 2491 Augusai,
1479 2424 1762 2495 nostrique
1792 2423 2051 2495 spiritalis

462 2507 563 2564 ﬁlii
605 2518 662 2565 et
705 2522 907 2566 sancta:
945 2511 1200 2568 Ecclesiae
1251 2512 1575 2575 defensoris,
1626 2514 2052 2584 praenomiaatus

472 2601 847 2658 Werinbarius
876 2603 1045 2661 abbas
1066 2606 1361 2675 postulavit
1385 2624 1415 2661 a
1456 2607 1610 2664 nobis
1650 2617 1918 2676 quatenus
1968 2624 2050 2663 vc-
2146 2670 2151 2675 ,

463 2692 709 2751 nerabile
743 2697 1137 2752 monasterium
1186 2698 1273 2753 cui
1340 2713 1578 2769 praeesse
1622 2700 1859 2766 videtur,
1905 2701 2049 2770 quod

461 2783 595 2841 olim
624 2801 660 2841 a
685 2795 891 2844 sanctae
926 2790 1203 2846 memoria:
1250 2789 1533 2847 Douifacio
1555 2789 1811 2860 episcopo
1839 2792 1907 2846 ad
1946 2791 2049 2846 ho-

461 2894 654 2937 norem
689 2881 784 2937 Dei
829 2890 885 2938 et
918 2881 1137 2939 Domini
1168 2883 1341 2939 nostri
1371 2883 1671 2939 Salvatoris
1715 2884 1768 2938 in
1803 2882 1924 2939 loco
1954 2884 2047 2954 qui

460 2982 695 3040 vocatur
717 2973 951 3030 Boconia
982 2991 1112 3047 erga
1153 2976 1325 3047 ripam
1360 2974 1603 3032 ﬂuminis
1629 2974 1884 3031 Wultaha
1918 2990 2049 3032 conv

459 3080 729 3124 ermotum
756 3068 1024 3139 privilegii
1061 3084 1287 3124 summa:
1331 3082 1477 3125 seats
1523 3081 1833 3139 apostoneze
1863 3068 2047 3124 mt‘uiis

2154 1872 2392 1943 episcopi
2425 1883 2480 1930 et
2524 1873 2922 1932 bibliothecarii
2965 1883 3171 1930 sanctae
3218 1873 3367 1929 sedis
3410 1872 3750 1942 apostolica.

2155 1977 2300 2017 anxio
2326 1962 2675 2031 pontiﬁcatus
2697 1962 2880 2024 domui
2909 1962 3080 2018 nostri
3114 1961 3349 2023 Joannis
3373 1962 3529 2018 tertii
3553 1961 3749 2017 decimi

2153 2068 2305 2124 papa:
2334 2065 2547 2124 quarto,
2578 2054 2793 2126 imperii
2820 2070 2952 2112 vero
2976 2055 3162 2112 domui
3190 2054 3363 2112 nostri
3390 2054 3613 2112 Ottonis
3638 2056 3751 2111 An—

2155 2145 2297 2217 gusti
2348 2145 2575 2216 majoris
2610 2154 2811 2207 octavo
2849 2155 2907 2203 ct
2944 2146 3173 2209 minoris
3199 2146 3468 2213 secundo,
3496 2146 3745 2203 indictio-

2155 2255 2224 2293 ιω
2260 2256 2287 2293 Χ
2297 2254 2354 2293 ιιι
2364 2280 2380 2293 .

2869 2354 3029 2412 XVII.

2151 2461 2365 2500 1013'le
2394 2462 2492 2501 Xlll
2523 2463 2869 2504 Ρςιινιιεοιυιι
2896 2464 2996 2503 PRO
3026 2464 3365 2505 NONASTERIO
3394 2464 3443 2504 5.
3473 2464 3743 2510 γικπκπῑ

2821 2535 3073 2574 ιιετεΝει.

2722 2688 2725 2689 ν
2766 2610 2945 2682 (Auno
2981 2609 3130 2682 970.)

2153 2703 2333 2776 [Apud
2370 2703 2560 2770 Pertz,
2594 2701 3050 2849 Ποηιιηὲἓὲρὲριιὶ
3082 2703 3213 2845 ἰήιε.
3246 2703 3426 2774 Scrip.
3474 2714 3605 2760 tom.
3648 2705 3737 2773 iV,

2218 2867 2455 2923 Joaaass
2471 2865 2780 2938 episcopus,
2810 2880 3000 2921 servus
3021 2880 3306 2920 servorum
3348 2866 3479 2929 Dei.
3509 2868 3739 2926 dilectis—

2149 2959 2288 3014 simo
2310 2960 2615 3014 Deonsutco
2642 2956 2753 3011 tilio
2778 2965 2962 3015 nostro
2983 2964 3188 3013 sanctas
3208 2956 3468 3015 Metensis
3488 2959 3740 3017 Ecclesia

2150 3052 2386 3123 prtesuli.
3138 3061 3143 3066 ‘

450 3119 790 3217 decoretur:
818 3169 874 3215 et
901 3119 1042 3216 sicut
1077 3176 1178 3228 per
1217 3119 1743 3232 sanctissimirpapte
1771 3161 2046 3217 Zacharite
2072 3119 2120 3183 C
2219 3144 2353 3199 cum
2386 3144 2439 3198 ίη
2465 3143 2754 3198 Malam“
2795 3141 2890 3197 θθί
2943 3141 3194 3199 “Nam”
3218 3141 3404 3198 δεδίίε
3445 3145 3739 3216 lusum“?

458 3253 906 3311 constitutionem
932 3253 1270 3322 aliorumque
1303 3252 1693 3308 venerabilium
1730 3254 2045 3324 pontificum

456 3346 922 3426 praedecessorum
946 3347 1400 3413 decessorumque
1439 3355 1748 3400 nostrorum
1776 3356 2045 3416 praecepta

458 3436 652 3502 ditioni
692 3447 893 3494 sanctae
915 3446 1129 3501 nostrae,
1161 3436 1248 3492 cui
1271 3437 1383 3492 Deo
1417 3448 1642 3495 auctore
1684 3438 2043 3507 deservimus,

456 3529 718 3599 Ecclesiae
728 3546 789 3587 su
796 3529 1063 3601 bpositum
1074 3541 1177 3596 est,
1197 3534 1267 3586 ita
1282 3540 1507 3602 perpetu
1517 3532 1560 3587 is
1576 3532 1906 3603 temporibus
1921 3547 2049 3603 per-

456 3631 670 3688 severet
702 3632 757 3679 et
786 3622 987 3679 nullius
1021 3638 1255 3693 unquam
1288 3622 1518 3679 alterius
1541 3624 1799 3680 Ecclesiae
1820 3625 2046 3694 jurisdi-

457 3715 734 3772 ctionibus
757 3716 1129 3773 submittatur.
1154 3715 1516 3786 Quapropter,
1540 3715 1642 3785 piis
1664 3716 1947 3771 desideriis
1964 3716 2046 3772 fa-

457 3817 680 3874 ventes,
724 3808 824 3864 hac
858 3818 1047 3864 nostra
1096 3809 1423 3865 auctoritate
1457 3808 1511 3864 id
1550 3810 1695 3878 quod
1733 3808 2045 3877 exposcitur

459 3900 623 3974 digno
652 3897 866 3955 elfectui
890 3900 1296 3969 mancipamus;
1328 3900 1557 3970 ideoque
1581 3915 1799 3955 omnem
1824 3900 2045 3969 cujusli-

457 3991 552 4047 bet
571 3990 829 4047 Ecclesiae
850 3992 1185 4048 sacerdotem
1210 3994 1262 4047 in
1284 3994 1512 4062 przefato
1529 4002 1861 4048 monasterio
1877 4002 2042 4048 mtto-

458 4098 586 4139 nem
613 4084 912 4153 quamlibet
956 4084 1159 4140 habere
1184 4092 1277 4138 aut
1306 4085 1686 4140 auctoritatem
1717 4093 1915 4154 praeter
1951 4098 2042 4140 se-

458 4176 582 4241 dem
614 4175 965 4243 apostolicam
996 4175 1345 4246 prohibemus
1378 4194 1392 4231 :
1426 4177 1501 4232 ita
1535 4184 1595 4231 ut
1621 4176 1723 4232 nisi
1752 4177 1820 4232 ab
1850 4176 2044 4232 abbate

447 4264 778 4322 monasterii
837 4267 1002 4322 fuerit
1048 4268 1307 4323 invitatus
1356 4282 1457 4324 nec
1502 4268 1794 4323 missarum
1843 4268 2042 4323 ibidem

460 4356 723 4423 solemnia
764 4358 1031 4433 quispiam
1063 4366 1356 4428 praesumat
1404 4358 1715 4414 omnimodo
1742 4359 2040 4426 celebrem,

2149 3235 2406 3305 compulit
2436 3235 2817 3290 sollicitudinis
2844 3250 3007 3302 cura,
3039 3250 3264 3307 quaeque
3296 3236 3367 3291 ad
3389 3236 3738 3294 stabilitatem

2147 3327 2359 3396 piorum
2410 3326 2804 3396 dignoscantur
2860 3328 3133 3397 pertinere
3188 3327 3435 3384 locorum
3502 3329 3739 3386 ubertim

2147 3419 2515 3491 promulgare,
2543 3431 2596 3475 et
2627 3420 2940 3490 apostolica:
2968 3419 3323 3475 institutionis
3350 3420 3408 3474 in
3445 3421 3743 3493 privilegiis

2147 3520 2309 3581 atque
2335 3512 2571 3568 decretis
2591 3528 2819 3569 censura
2849 3512 3175 3569 conﬁrmare
3203 3526 3217 3564 :
3245 3512 3513 3568 convenit
3547 3527 3744 3584 nempe

2147 3618 2248 3658 nos
2291 3604 2588 3674 apostolico
2614 3604 2989 3661 moderamine
3010 3613 3196 3661 sancta
3232 3604 3574 3660 venerabilia
3599 3603 3744 3674 loca,

2146 3710 2268 3767 quae.
2305 3696 2507 3751 dudum
2552 3696 2770 3751 fuerant
2799 3697 2855 3751 in
2901 3696 3076 3752 ruinis
3122 3710 3433 3768 magnaque
3460 3695 3648 3768 inapia
3677 3711 3745 3752 ac

2146 3796 2467 3858 paupertate
2513 3789 2787 3860 degentia,
2837 3796 3141 3859 opportune
3189 3787 3474 3853 ordinare,
3520 3804 3623 3844 seu
3676 3790 3747 3846 ad

2146 3880 2424 3934 meliorem
2461 3880 2580 3934 sine
2607 3879 2769 3935 dubio
2814 3888 3019 3934 statum
3061 3879 3397 3947 perducere,
3424 3880 3741 3948 praesertim

2146 3971 2240 4034 ubi
2286 3971 2377 4026 illa
2422 3981 2682 4040 petuntur
2733 3986 2854 4041 quae
2880 3986 2985 4026 non
3032 3970 3102 4025 ad
3139 3970 3491 4025 commodum
3535 3982 3744 4042 tempo-

2132 4063 2293 4127 rale,
2349 4063 2446 4120 sed
2490 4063 2558 4118 ad
2615 4073 2932 4133 perpetuam
2995 4061 3399 4132 providentiam
3461 4063 3746 4132 pertinent

2146 4155 2318 4211 Deum
2353 4155 2704 4211 servientium
2736 4154 3066 4219 animarum,
3096 4153 3305 4214 scilicet
3325 4161 3386 4207 ut
3410 4154 3747 4211 venerabilis

2145 4249 2319 4314 locus,
2347 4249 2441 4318 qui
2487 4263 2519 4302 a
2568 4246 2868 4303 Deoderico
2914 4245 3266 4301 dilectissimo
3306 4244 3423 4304 lilio
3452 4256 3648 4305 nostro
3687 4246 3745 4301 in

2145 4356 2256 4396 uno
2284 4339 2638 4411 conglobatus
2682 4348 2846 4408 atque
2889 4352 3135 4394 annexus
3182 4346 3304 4402 est,
3347 4350 3477 4392 cum
3505 4338 3746 4409 propriis

457 4458 521 4502 ut
551 4427 973 4519 profecto'juita
1001 4427 1226 4519 idquod
1255 4450 1559 4521 subjectum
1589 4450 1898 4521 apostolicae
1927 4450 2040 4507 sedi

2152 4431 2691 4504 congregationibus,
2726 4446 2845 4501 qum
2875 4429 3195 4500 regulariter
3224 4428 3280 4483 io
3309 4427 3543 4499 psalmis
3586 4430 3746 4501 bymo

460 4536 719 4601 ﬁrmitate
758 4538 1021 4609 privilegii
1053 4541 1322 4609 consistit,
1356 4556 1677 4598 inconcusse
1709 4542 1855 4596 omni
1905 4550 2042 4598 tem»

455 4642 590 4698 pore
617 4628 860 4684 dotatum
887 4642 1205 4700 permaneat
1235 4632 1372 4689 locis
1395 4643 1450 4689 et
1481 4633 1641 4689 rebus
1665 4632 2044 4688 universaliter

458 4730 574 4775 tam
605 4719 685 4775 eis
716 4735 854 4789 quas
893 4735 925 4774 a
968 4722 1271 4791 primordio
1302 4725 1404 4779 sibi
1438 4724 1711 4780 vindicare
1762 4724 1923 4779 debet
1959 4722 2042 4778 vel

458 4824 596 4888 quas
631 4811 891 4875 moderno
923 4824 1168 4885 tempore
1207 4824 1355 4869 tenet
1390 4825 1445 4869 et
1476 4814 1722 4884 possidet
1760 4829 1923 4882 quam
1961 4814 2042 4869 eis

457 4912 594 4980 quas
637 4898 835 4956 futuris
866 4904 1198 4973 temporibus
1231 4904 1284 4958 in
1327 4904 1417 4973 jus
1452 4904 1620 4975 ipsms
1664 4907 1807 4983 sacri
1855 4920 2042 4959 mona-
2091 4957 2097 4963 .

455 4976 613 5048 nterii
640 4993 820 5061 divina
851 4996 1191 5076 providentia
1221 5011 1419 5077 augere
1447 5012 1515 5051 ex
1538 4995 1696 5051 donis
1725 4980 1781 5051 et
1807 4996 2040 5052 oblatio-

446 5082 618 5139 nibus
656 5086 987 5156 decimisque
1032 5087 1397 5157 quorumlibet
1426 5086 1630 5142 Christi
1673 5086 1913 5142 ﬁdelium
1942 5102 2036 5142 vo-

455 5172 619 5230 luerit
649 5176 851 5246 absquc
875 5176 1034 5251 ullius
1059 5192 1303 5247 personat
1328 5177 1759 5233 contradictione
1786 5178 2040 5233 ﬁrmitate

457 5279 718 5312 nerneltm
758 5267 1090 5312 lim-fruatur-
1126 5269 1453 5312 Adiit-iantes
1484 5278 1662 5312 autem
1707 5283 1807 5312 nm
1844 5281 2040 5312 monnn

2147 4526 2231 4585 nis
2258 4534 2312 4580 et
2338 4523 2677 4581 orationibus
2706 4523 2815 4578 Deo
2847 4521 3117 4591 Salvatori
3139 4530 3327 4577 nostro
3355 4519 3490 4576 Jesu
3522 4520 3747 4578 Christo

2144 4618 2432 4690 pervigiles
2462 4616 2722 4680 excubias
2755 4615 3033 4682 exhibent,
3071 4614 3141 4669 ab
3161 4613 3476 4669 insolentiis
3503 4614 3747 4672 exterio-

2130 4710 2297 4765 ribus
2339 4708 2793 4774 circummunitze,
2825 4707 3031 4779 jugiter
3069 4706 3290 4762 valeant
3330 4704 3409 4775 pii
3443 4703 3744 4772 famulatus

2143 4801 2319 4857 ollicia
2351 4802 2407 4856 in
2435 4799 2768 4856 monasterio
2798 4800 2984 4867 Sancti
3016 4796 3287 4855 Vincentii
3325 4796 3636 4863 exhibere;
3685 4804 3747 4850 et

2143 4894 2397 4963 quoniam
2428 4903 2642 4947 constat
2666 4901 2813 4946 tuam
2844 4890 3254 4963 religiositatem
3273 4888 3442 4958 hujus
3464 4886 3743 4966 privilegii

2143 4983 2497 5054 apostolicam
2529 4983 3002 5038 conﬁrmationem
3037 4980 3313 5053 postulare
3341 4995 3373 5034 a
3401 4979 3589 5045 nobis,
3613 4991 3742 5049 puo-

2140 5084 2264 5147 pter
2312 5075 2723 5138 immutationes
2784 5074 3160 5149 temporalium
3207 5086 3392 5126 rerum
3441 5070 3739 5138 variosque

2141 5167 2424 5222 hominum
2443 5181 2627 5231 casus,
2652 5167 3009 5223 munitionem
3037 5164 3207 5220 sancti
3231 5162 3502 5218 Vincentii
3530 5159 3737 5217 Christi

2142 5261 2405 5312 martvris
2427 5273 2551 5312 cum
2581 5259 2834 5312 omnibus
2862 5259 2931 5312 ad
2960 5259 3102 5312 idem
3142 5255 3537 5310 monasterium
3564 5250 3736 5312 uerti-
