3972 5428
460 201 565 259 9’35

1174 311 1317 367 XIX.

531 421 748 466 ιοηωε
787 420 889 460 ιιιι
925 418 1183 459 ενιετοιλ
1222 419 1290 458 AD
1331 416 1635 459 CALLIARU‘J
1674 415 1977 458 EPISCOI‘OS.

462 500 764 563 Ecclesium
818 498 1179 552 Ausonensem
1229 496 1287 549 in
1329 480 1827 565 arcltiepiscopalem
1874 493 2048 565 erigit.

530 596 763 654 Joannes
796 594 1105 665 episcopus,
1152 604 1347 647 servus
1400 602 1685 645 servorum
1715 588 1835 654 Dei,
1870 587 2053 641 omni-

463 692 568 748 bus
608 691 662 745 in
704 687 925 744 Christo
959 683 1331 745 dilectissimis
1374 680 1740 738 confratribus
1768 681 1971 744 nostris
1996 680 2048 736 in

457 781 762 838 Galliarum
814 772 1066 851 partibus
1129 774 1629 839 commanentibus,
1681 772 2046 843 charissimis,

458 872 936 930 reverendissimis
968 869 1396 941 archiepiscopis
1426 879 1588 939 atque
1613 867 1883 939 episcopis
1919 884 2048 939 apo-

455 966 707 1023 stolicam
752 962 1232 1029 benedictionem,
1281 969 1336 1017 et
1379 969 1694 1033 perpetuam
1734 960 1786 1015 in
1830 958 2047 1018 Christo

454 1059 709 1116 salutem.

525 1152 889 1208 Dilectionem
934 1159 993 1206 et
1036 1148 1437 1205 fraternitatem
1483 1154 1723 1203 vestram
1767 1146 1907 1202 scire
1946 1162 2045 1202 vo-

451 1245 633 1302 lumus
670 1245 910 1317 qualiter
947 1242 1220 1306 Borcllus,
1272 1240 1612 1297 honorabilis
1657 1250 1713 1296 et
1756 1240 2043 1298 laudabilis

452 1351 661 1402 comes,
694 1333 961 1391 orationis
1008 1341 1063 1387 et
1113 1331 1508 1401 redemptionis
1555 1345 1667 1385 sure
1700 1345 1864 1385 causa
1914 1346 2045 1402 apo-

451 1428 713 1481 stolorum
747 1423 892 1480 Petri
932 1431 988 1479 et
1030 1422 1187 1477 Pauli
1224 1422 1413 1476 limina
1444 1422 1699 1486 veniens,
1735 1431 2042 1493 prostratus

452 1518 683 1587 pedibus
726 1515 955 1583 nostris,
1000 1512 1428 1586 lacrymabiliter
1461 1522 1684 1583 questus
1718 1522 1803 1567 est
1854 1530 2045 1585 quem-

448 1604 741 1662 admodum
798 1605 1269 1660 Tarraconeuscm
1325 1603 1855 1674 archiepiseOpatum
1885 1645 1900 1669 ,
1946 1605 2037 1673 qui

1801 195 2080 255 lO.\Ni\'lS
2117 199 2231 256 χιιι
2264 202 2471 258 PAR-'5
2512 226 2517 231 ·

2081 315 2264 378 Aetis
2314 315 2625 372 doctoribus
2673 318 2873 373 exrude
2927 318 3066 373 dicta
3123 328 3291 383 sunt,
3334 332 3496 392 prout
3553 325 3761 379 melius
3810 294 3823 305 .

3636 208 3757 270 931

2155 405 2363 459 scimus
2397 414 2449 460 et
2497 420 2816 475 possunms,
2865 419 3111 464 nostrum
3159 410 3501 482 privilegium
3547 414 3761 469 abbre-

2153 495 2302 550 viare
2346 498 2686 563 curavimus,
2734 509 2785 552 et
2832 497 3103 555 Othonem
3150 501 3329 555 virum
3373 503 3759 559 venerabilem

2153 602 2329 657 nuper
2355 588 2667 659 episcopum
2696 604 2763 643 ex
2795 591 2955 646 modo
2980 602 3034 646 et
3064 592 3119 646 iu
3147 602 3330 657 antea,
3362 594 3472 648 Deo
3494 593 3751 661 favente,

2150 677 2591 747 archiprresulem
2633 678 2877 750 ejusdem
2918 681 3253 736 Ausoncnsis
3290 682 3551 739 Ecclesiae
3599 701 3757 756 prae-

2149 781 2270 822 esse
2294 767 2406 840 (l0)
2440 770 2820 835 decrevimus;
2854 772 2927 826 ita
2969 788 3102 829 sane
3129 783 3189 827 ut
3215 774 3394 829 nullus
3424 787 3750 832 nostrorum

2149 872 2523 914 successorum
2553 860 2871 932 pontificum
2905 862 3111 918 dictum
3140 862 3412 920 Othonem
3439 868 3747 938 art-him:-

2148 948 2318 1005 sulem
2366 948 2692 1008 contratretn
2725 963 2996 1019 nostrum,
3027 955 3081 1009 in
3113 956 3369 1010 omnibus
3400 971 3517 1026 qua:
3560 973 3740 1028 stipo

2148 1042 2262 1098 rius
2308 1054 2532 1098 exarata
2579 1055 2709 1100 sunt
2761 1045 2845 1100 vel
2894 1047 3098 1117 scripta
3154 1049 3355 1105 audeat
3408 1048 3746 1119 inquietare,

2147 1136 2230 1191 vel
2258 1136 2314 1191 in
2344 1136 2521 1207 aliquo
2552 1137 2875 1203 diutiuucre,
2907 1140 3000 1194 sed
3025 1141 3197 1210 magis
3220 1141 3407 1211 quiete
3431 1152 3488 1196 et
3536 1158 3747 1199 secure

2146 1236 2432 1282 conservet
2459 1228 2635 1297 ipsum
2663 1244 3118 1300 successoresque
3131 1246 3278 1287 suos.
3312 1231 3450 1288 Nam
3477 1234 3521 1287 si
3552 1233 3742 1300 aliter,

2148 1317 2313 1391 (quod
2361 1318 2523 1392 absit)
2558 1319 2951 1390 qualiscunque
2993 1322 3155 1377 homo
3178 1324 3253 1377 sit
3277 1323 3592 1393 dignitatis,
3639 1326 3742 1393 qui

2144 1411 2249 1469 hoc
2288 1422 2535 1468 nostrum
2581 1413 2924 1483 privilegium
2961 1413 3201 1484 qualibet
3232 1429 3433 1481 causa,
3461 1416 3529 1470 de
3554 1417 3740 1470 muni-

2143 1506 2247 1562 bus
2275 1520 2395 1575 qua:
2420 1504 2672 1575 superius
2704 1506 2905 1576 scripta
2933 1514 3088 1573 sunt,
3116 1504 3429 1577 infringere
3458 1516 3553 1559 aut
3578 1508 3743 1562 dimi-

2144 1608 2313 1653 nuere
2359 1595 2615 1661 voluerit,
2645 1596 2784 1651 sciat
2827 1611 2890 1651 se
2924 1598 3249 1652 auctoritate
3291 1596 3424 1662 Dei,
3466 1598 3745 1666 apostolo-

446 1695 575 1750 olint
616 1704 778 1765 caput
809 1695 863 1749 in
915 1693 1021 1749 illis
1053 1694 1299 1765 partibus
1344 1672 1541 1759 fuerat,
1592 1672 1896 1749 Ausoneusi
1940 1672 2040 1748 Ee-
2073 1672 2117 1732 Β
2147 1704 2372 1759 rumque
2400 1688 2545 1742 Petri
2578 1697 2631 1744 ct
2671 1687 3180 1759 Pauli'priucipum,
3216 1690 3477 1759 quamvis
3510 1707 3608 1745 nos
3649 1691 3744 1745 io-

447 1785 629 1843 clcsia:
660 1787 1044 1850 subderemus,
1092 1799 1158 1840 eo
1190 1784 1356 1855 quod,
1392 1785 1633 1855 peccatis
1679 1785 2049 1859 mercatibus,

444 1878 561 1948 ipsa
604 1874 719 1947 jam
766 1875 911 1931 dicta
959 1876 1153 1931 civitas
1194 1874 1622 1931 Tarraconensis
1668 1889 1699 1929 a
1747 1874 2039 1931 Saracenis

444 1975 605 2036 capta
651 1974 704 2020 et
741 1973 961 2035 pastore
989 1965 1269 2031 destituta,
1319 1966 1527 2020 nullum
1571 1968 1924 2036 recuperandi
1956 1967 2036 2022 lo-

446 2074 570 2112 cum
598 2066 692 2111 aut
716 2057 1057 2112 inbabitaudi
1080 2072 1253 2128 usque
1273 2058 1539 2113 hactenus
1561 2059 1804 2129 reperire
1832 2059 2034 2115 valeat.

445 2147 679 2218 Propter
706 2162 872 2217 quam
915 2163 1138 2204 causam
1184 2149 1644 2218 praedecessorum
1678 2163 1922 2206 meorum
1954 2148 2042 2205 se;

445 2251 603 2298 cutus
645 2244 1054 2307 auctoritatem,
1085 2250 1283 2297 amodo
1308 2250 1364 2298 et
1404 2257 1572 2311 usque
1618 2242 1673 2297 in
1716 2250 2037 2313 perpetuum

443 2334 723 2401 volumus,
768 2344 933 2406 atque
960 2341 1266 2390 statuentes
1309 2332 1629 2389 roboramus
1660 2342 1715 2389 ct
1739 2334 2037 2389 confirma-

443 2446 584 2493 mus,
634 2438 691 2485 ut
733 2429 1070 2486 Ausonensis
1115 2427 1357 2484 Ecclesia
1388 2434 1717 2498 potestatem
1746 2435 1799 2483 et
1830 2426 2040 2497 prima-

446 2534 563 2578 tum
595 2530 776 2578 teneat
826 2521 1244 2577 Tarraconensis
1269 2520 1549 2586 Ecclesim,
1571 2556 1585 2573 .
1605 2558 1621 2575 .
1640 2560 1653 2575 .
1674 2559 1691 2575 .
1710 2561 1723 2574 .
1769 2520 1836 2574 ad
1867 2520 2039 2576 Ausa-

444 2628 671 2669 nensem
720 2612 1023 2668 Ecclesiam
1077 2610 1427 2683 confugiant,
1476 2619 1531 2666 et
1588 2612 1806 2682 quando
1842 2610 2037 2683 aliquis

444 2719 513 2760 ex
545 2703 652 2759 illis
690 2705 758 2759 ab
800 2704 905 2759 hac
933 2702 1055 2759 luce
1095 2704 1442 2774 migraverit,
1474 2718 1761 2759 successor
1791 2704 1936 2761 illius
1970 2705 2036 2760 ab

444 2795 752 2852 Ausonensi
797 2796 1249 2867 archiepiscopo,
1283 2796 1375 2867 qui
1420 2812 1449 2851 a
1501 2804 1688 2852 nostra
1738 2797 2036 2868 apostolica

444 2891 573 2948 sedc
602 2889 960 2947 conﬁrmatus
984 2898 1088 2955 est,
1123 2888 1381 2944 succedat
1401 2878 1855 2943 ct'consecrctur.
1883 2890 2038 2946 L'nde

448 2983 578 3051 quia
615 2981 736 3036 sine
779 2990 1098 3037 sanctorum
1143 2977 1367 3036 Patrum
1412 2979 1736 3035 auctoritate
1786 2979 1889 3034 hoc
1940 2996 2033 3035 no-
2063 3021 2107 3083 ε

450 3086 624 3128 strum
656 3073 1000 3145 privilegium
1030 3072 1357 3128 conﬁrmare
1387 3072 1666 3137 uolumus,
1703 3079 1826 3125 ante
1853 3072 2035 3126 omnia

446 3177 502 3220 et
535 3181 698 3236 super
736 3166 919 3221 omnia
949 3165 1253 3220 beatissimi
1278 3174 1333 3219 et
1366 3165 1569 3235 egregii
1600 3180 1751 3235 papte
1786 3165 2034 3236 Gregorii

448 3256 811 3310 instrumenta
859 3266 913 3309 et
960 3254 1281 3308 documenta
1323 3254 1605 3309 declarare
1644 3254 2034 3325 depromimus,

449 3346 540 3400 ubi
568 3346 643 3399 ait
659 3346 724 3399 ad
741 3345 1082 3400 uenenatum
1104 3346 1419 3417 episcopum
1447 3346 1726 3400 Musitaum
1746 3346 2033 3402 Ecclesia:

2141 1781 2290 1853 digni
2337 1796 2528 1837 eorum
2570 1781 2930 1838 vicariatione
2978 1780 3292 1854 fungamur,
3339 1799 3372 1837 a
3417 1799 3649 1853 corpore
3677 1794 3738 1840 et

2140 1876 2403 1946 sanguine
2435 1874 2650 1930 Domini
2692 1874 2867 1929 nostri
2894 1871 3021 1929 Jesu
3052 1874 3256 1930 Christi
3302 1890 3427 1930 esse
3476 1877 3734 1943 alienant,

2140 1976 2196 2024 et
2223 1982 2344 2021 cum
2376 1966 2575 2039 iniquis
2612 1975 2667 2021 et
2700 1965 3199 2037 transgressoribus
3224 1981 3252 2020 a
3281 1967 3500 2034 gremio
3538 1978 3737 2023 sanet:

2145 2057 2400 2113 Ecclesiae
2427 2066 2793 2129 segregatum.
2822 2056 2891 2112 At
2914 2071 3042 2111 vero
3074 2057 3167 2126 qui
3196 2073 3296 2128 pro
3321 2058 3529 2111 intuitu
3555 2068 3737 2115 custos

2140 2158 2194 2203 et
2238 2150 2562 2205 observator
2608 2149 2665 2204 in
2696 2138 2952 2205 omnibus
2993 2147 3288 2213 exstiterit,
3327 2149 3726 2207 benedictionis

2139 2243 2371 2316 gratiam
2410 2252 2467 2298 et
2517 2242 2953 2298 misericordiam
2997 2258 3027 2296 a
3074 2241 3595 2319 misericordiSsixno
3628 2245 3731 2299 Do—

2140 2333 2288 2389 tnino
2325 2333 2432 2389 Deo
2463 2344 2653 2389 nostro
2692 2334 2955 2405 consequi
2987 2342 3264 2388 mereatur

2212 2425 2493 2499 Scriptum
2522 2442 2623 2497 per
2646 2444 2865 2482 manum
2898 2427 3149 2503 Gregorii
3192 2436 3373 2483 notari
3403 2467 3420 2493 ,
3464 2438 3523 2483 et
3550 2446 3725 2487 seem

2143 2520 2264 2575 tatii
2322 2528 2374 2575 et
2402 2520 2675 2575 scriniarii
2723 2519 2783 2576 S.
2812 2518 2880 2575 R.
2919 2521 2982 2577 E.
3022 2521 3075 2577 in
3112 2535 3300 2577 mense
3329 2518 3618 2589 Januario,
3646 2525 3724 2581 iu-

2138 2611 2374 2666 dictioue
2403 2627 2511 2666 MV.
2540 2612 2681 2667 liene
2709 2612 2904 2668 valete.

2865 2726 2909 2781 Χ
2920 2727 2985 2783 Χλ.

2137 2831 2353 2872 JtlAX'SlS
2381 2832 2528 2873 ΡΔΡΒ
2557 2833 2657 2873 XIII
2702 2833 2957 2875 ειηετοω
2999 2837 3066 2875 AD
3106 2838 3375 2880 CUISADL'SI
3425 2836 3720 2880 επςειιεκὸ

2428 2902 2548 2952 SBH,
2582 2905 2799 2947 ιιετιωιι
2824 2906 3288 2960 Βλιιειιηοδιεκεειι,
3318 2908 3433 2950 etc.

2753 2982 2932 3051 (Anno
2960 2983 3111 3053 971.)

2141 3070 2418 3142 Signiﬁcat
2464 3089 2519 3126 se
2584 3073 2855 3127 ecclesiam
2922 3073 3369 3129 Tarraconensent
3423 3058 3722 3131 Ᾰκάοηιιεὶ

2206 3143 2541 3210 subjunxisse
2580 3144 2950 3215 “Arionemque
2994 3146 3473 3215 archiepiscopum
3553 3165 3721 3199 causa;

2210 3228 2383 3266 crasse
2411 3229 2475 3265 ac
2499 3213 2661 3283 pallio
2698 3214 2940 3269 donasse.
2975 3212 3070 3268 Cui
3099 3228 3150 3267 ut
3184 3212 3431 3269 obediunt
3463 3219 3721 3271 hortetur.

2208 3303 2382 3377 [Apud
2404 3304 2596 3362 Florez
2628 3307 2687 3373 '5,
2718 3302 2932 3378 Espana
2965 3306 3231 3382 Sagrada,
3267 3309 3514 3377 XXVIII,
3543 3309 3659 3384 96.]

2207 3420 2442 3478 Joasxcs
2468 3418 2777 3493 episcopus,
2810 3438 3002 3478 servus
3034 3440 3317 3480 servorum
3350 3427 3471 3493 Dei,
3505 3443 3723 3482 venera-

452 3457 472 3488 ι
501 3437 567 3505 Et
601 3436 863 3508 temporis
891 3437 1126 3508 qualitas
1170 3446 1227 3493 et
1268 3438 1525 3494 vicinitas
1552 3452 1650 3493 nos
1682 3437 1926 3493 locorum
1956 3439 2038 3491 in-

446 3530 587 3585 vitat
631 3538 689 3583 ut
717 3529 1015 3584 Cumanam
1066 3538 1231 3601 atque
1281 3529 1608 3585 Musitauam
1658 3531 1812 3585 unire
1842 3528 2040 3583 debeas

448 3636 573 3676 mus
604 3619 907 3687 Beclesias;
937 3623 1194 3691 quoniam
1239 3623 1322 3678 lue
1357 3637 1463 3678 non
1493 3622 1651 3694 largo
1679 3639 1707 3676 a
1739 3638 1795 3677 se
1824 3621 2039 3679 izineris

456 3726 533 3782 sp.
556 3712 632 3766 tio
683 3711 943 3779 seiunctae
988 3722 1152 3778 sunt,
1216 3727 1348 3777 nec,
1400 3713 1640 3783 peccatis
1686 3711 2036 3780 facientibus,

451 3814 605 3859 tanta
633 3804 815 3873 populi
853 3804 1141 3859 multitudo
1167 3813 1271 3871 est,
1320 3815 1382 3860 ut
1421 3804 1685 3876 singulos,
1724 3805 1865 3861 sicut
1908 3806 2037 3861 olim

447 3896 574 3961 fuit,
623 3896 828 3951 habere
879 3896 1113 3951 debeant
1151 3897 1487 3953 sacerdotes.
1540 3897 1678 3965 Quia
1731 3898 1895 3969 igitur
1940 3898 2040 3956 Cu-

447 3987 592 4045 mani
623 3988 1073 4043 cast’ri-sacerdos
1109 4004 1328 4044 cursum
1356 3987 1519 4059 hujus
1545 3990 1803 4061 explevit,
1831 3999 2033 4046 utram-

449 4095 557 4150 que
615 4095 716 4135 nos
763 4080 1051 4135 ecclesiam
1107 4081 1390 4152 prmsentis
1445 4083 1787 4138 auctoritatis
1841 4085 2038 4154 pagina

450 4171 635 4226 inesse
680 4171 885 4241 tibique
919 4174 1260 4228 commisisse
1305 4189 1607 4245 Cognosce,
1647 4176 2040 4246 propriumque
2142 4163 2469 4217 συκῆ-θιγὼν
2516 4174 2759 4219 nostrum
2790 4163 3041 4218 Attonetn
3078 4162 3577 4233 archiepiscopum,
3608 4163 3735 4217 dato

451 4270 808 4333 utrarumque
853 4263 1207 4320 ecclesiarum
1253 4266 1388 4321 scito
1432 4275 1483 4321 te
1532 4281 1654 4321 esse
1701 4266 2038 4336 pontificem.

2154 4255 2325 4324 pallio,
2376 4257 2517 4310 sicut
2568 4255 2694 4310 olim
2745 4255 3070 4310 Tarracona:
3117 4254 3241 4319 fuit,
3302 4255 3730 4309 ordinavimus:

452 4354 521 4408 Et
568 4353 688 4409 ideo
722 4364 775 4409 te
820 4371 1157 4426 qurccunque
1201 4359 1296 4414 tibi
1347 4359 1413 4413 de
1457 4374 1644 4413 carum
1689 4357 2035 4427 patrimonio,

2154 4348 2523 4417 praecipientes
2551 4347 2863 4419 apostolicm
2888 4348 3035 4402 sedis
3063 4346 3420 4411 auctoritate,
3448 4357 3507 4403 et
3540 4348 3731 4401 admo-

432 4443 537 4499 πνοι
565 4442 694 4498 cleri
734 4445 1103 4513 ordinatione,
1146 4447 1261 4502 sive
1306 4448 1644 4518 promotioue
1679 4447 1835 4518 juxta
1876 4461 2039 4501 cano-

2154 4447 2354 4504 uentes,
2384 4448 2443 4493 ut
2476 4453 2599 4493 eam
2630 4453 2757 4506 erga
2795 4452 2918 4491 eum
2955 4436 3344 4517 subjectionem
3377 4437 3729 4507 impendatis,

453 4550 583 4588 num
615 4543 817 4589 statuta
844 4537 959 4591 visa
993 4536 1199 4592 fuerint
1225 4539 1500 4602 ordinare,
1545 4549 1712 4609 atque
1750 4540 2039 4611 disponere
2141 4546 2303 4599 quam
2352 4531 2623 4601 Quondam
2666 4531 2833 4585 vestri
2879 4539 3255 4609 antecessores
3299 4528 3732 4583 Tarraconensis

452 4626 703 4697 habebis,
752 4637 812 4684 ut
856 4631 1109 4699 proprius
1157 4645 1345 4685 revera
1391 4632 1645 4685 sacerdos
1689 4631 1911 4686 liberam
1983 4640 2039 4685 ei,
2142 4621 2397 4677 Ecclesire
2418 4622 2839 4693 archiepiscOpis
2865 4620 3185 4685 intulerunt,
3208 4628 3265 4674 et
3308 4620 3429 4675 sive
3460 4621 3596 4689 ipse,
3620 4620 3732 4674 sive

452 4730 655 4775 nostrae
696 4723 1038 4778 auctoritatis
1067 4738 1332 4778 consensu
1372 4734 1537 4792 atque
1580 4726 1939 4793 permissione
1981 4724 2040 4780 li-

2154 4715 2231 4785 qui
2257 4731 2354 4786 pro
2372 4725 2613 4784 tempore
2629 4716 2681 4769 in
2697 4713 2996 4770 Ausoneusi
3020 4712 3262 4768 Eccle‘sia
3284 4713 3729 4783 archiepiscopus

456 4814 711 4868 centiam.
739 4833 757 4867 ι
788 4814 1054 4868 Similiter
1075 4816 1330 4886 episcopo
1357 4815 1688 4882 Willitrano,
1714 4826 1878 4885 atque
1902 4815 2040 4871 Fun-

2154 4805 2327 4873 iuerit,
2367 4818 2578 4862 vestras
2613 4807 2771 4862 sedes
2813 4802 3084 4874 subiectas
3123 4803 3346 4871 habeat,
3373 4815 3432 4860 et
3476 4812 3600 4861 nost
3636 4814 3729 4856 vos

456 4906 638 4971 dauo,
685 4913 742 4960 et
794 4905 1112 4975 Squalitauo
1158 4907 1231 4961 ita
1288 4908 1341 4961 in
1399 4902 1648 4963 cunctis:
1708 4926 1725 4958 ε
1757 4908 2040 4977 Temporis

2154 4898 2196 4952 in
2228 4898 2308 4955 eis
2335 4899 2616 4969 episcopos
2640 4899 2850 4955 ordinet
2867 4906 2921 4951 et
2953 4905 3252 4953 consecret.

457 4997 697 5067 qu..l‘tas
725 4999 978 5053 admonet
1007 4999 1383 5069 episcoporum
1422 5000 1577 5055 sedes
1606 4999 1905 5070 antiquitus
1929 5015 2043 5056 cer-
2860 5010 3001 5065 XXl.

460 5089 530 5143 tis
579 5089 890 5145 civitatibus
927 5091 1273 5156 constitutas,
1323 5090 1390 5145 ad
1439 5089 1546 5145 alia
1596 5106 1715 5160 quae
1766 5091 2042 5147 securiora
2143 5118 2370 5160 ιολῃκεδ
2421 5120 2519 5159 χιιι
2563 5118 2937 5159 κοῃλδτεῐςιωι
2985 5117 3033 5156 s,
3091 5117 3270 5156 nam;
3327 5113 3724 5158 alga-rogum

460 5185 732 5246 putamus,
762 5179 881 5250 ejus
925 5178 1226 5235 dioccrscos
1255 5179 1372 5234 loca
1420 5188 1808 5251 transponere,
1855 5195 1961 5250 quo
1990 5189 2048 5236 et
2667 5188 2918 5230 TUENDUII
2946 5187 3205 5228 SUSCIPIT-

438 5265 797 5324 ‘lzabi'azores
826 5285 969 5326 nunc
1012 5272 1229 5341 degere,
1275 5282 1330 5326 et
1362 5270 1707 5326 barbaricum
1746 5272 1920 5341 possit
1953 5287 2046 5342 pe-
2759 5268 2935 5339 (Anno
2961 5266 3112 5335 970.)

463 5355 693 5410 riculum
743 5359 957 5415 facilius
1003 5361 1286 5415 declinari.
1339 5379 1358 5412 ι
1393 5358 1461 5413 Et
1506 5361 1633 5428 quia
1686 5358 1904 5428 longum
1958 5376 2047 5416 es—
2543 5360 2761 5428 [ΜΑΝεῃ
2799 5359 3000 5413 Concil.
3034 5357 3314 5428 Χιλ,εδ.]

2138 3514 2334 3571 bilibus
2372 3516 2639 3585 episcopis
2666 3515 2905 3572 Gursano
2938 3515 3257 3586 Urgelleusi,
3291 3529 3345 3573 et
3376 3519 3568 3576 Ρετιιο
3590 3519 3725 3574 Bar~

2139 3609 2408 3663 chinoncn
2444 3608 2481 3674 i,
2514 3618 2568 3664 et
2609 3608 2868 3665 Somamo
2904 3607 3215 3677 llehmensi,
3267 3610 3323 3665 in
3375 3612 3615 3668 Domino
3635 3628 3723 3667 sa-

2138 3699 2325 3756 lutum.

2210 3793 2518 3864 Cumperiat
2567 3792 2881 3849 fraternitas
2914 3803 3093 3848 vestra
3140 3795 3288 3864 quod
3339 3794 3726 3850 Tarraconen-

2140 3901 2252 3942 scm
2305 3886 2623 3951 Ecclesium,
2672 3902 2792 3957 qua:
2840 3894 3102 3956 perpetuo
3137 3886 3207 3941 ob
3255 3902 3604 3957 paganorum
3646 3890 3726 3941 in-

2141 3994 2359 4033 cursum
2389 3978 2675 4033 deficiente
2725 3979 2790 4033 ad
2832 3978 2966 4033 nihil
3014 3978 3230 4033 redacta
3267 3989 3374 4041 est,
3422 3979 3731 4034 Ausouensi

2143 4069 2494 4138 injuuximus,
2549 4080 2604 4125 et
2649 4085 2713 4126 ex
2769 4070 2979 4125 duabus
3025 4086 3189 4124 unam
3221 4069 3480 4132 fecimus,
3520 4071 3576 4125 in
3625 4082 3731 4140 qua
