3972 5428
175 398 277 459 985

1392 407 1750 466 EPISTOLJE
1810 406 1896 461 ΕΤ
1936 405 2350 465 DIPLOMATA.

3353 413 3463 471 986

174 518 421 577 Joannes
443 520 582 588 Illi,
606 521 916 579 Conditoris
943 522 1233 579 clementia
1262 533 1468 580 sancta:
1507 529 1762 583 ttomanae
1796 530 1834 584 Α
1867 498 2306 590 cognominatur,
2342 525 2621 590 canonici,
2671 524 2890 580 domino
2920 524 3202 597 episcopo,
3246 535 3304 582 ct
3344 541 3464 607 om-

177 613 325 673 sedis
344 614 589 671 existens
614 615 866 686 indiguus
892 633 1053 688 papa.
1087 618 1306 689 gloriosi
1347 622 1640 692 Angloru-u
1680 642 1766 681 re-

176 704 257 777 gis
275 704 502 774 Edgari,
520 722 729 763 necnon
753 716 808 763 et
831 719 1033 767 sanctae
1056 710 1482 769 Dorobernensis
1512 715 1767 772 Ecclesiae

176 798 582 868 archipraesulis
646 800 945 866 Dunstani,
1003 801 1276 860 submisso
1335 808 1583 876 pulsatus
1642 825 1762 864 sum

175 900 362 960 rogatu
393 905 498 960 pro
524 892 856 947 monasterio
890 891 1103 950 Sanctae
1135 895 1335 963 Mariae,
1366 899 1615 954 videlicet
1637 898 1765 956 Gla-

174 983 493 1052 szingeheri,
527 985 668 1054 quod
722 986 823 1056 ipsi
865 988 973 1042 acti
1009 1004 1196 1046 amore
1225 996 1444 1061 superni
1499 993 1663 1062 Regis
1706 995 1771 1050 in.

173 1074 357 1129 miritis
405 1087 462 1130 et
511 1079 721 1146 magnis
750 1081 1187 1149 possessionibus
1210 1083 1540 1150 ditaverant,
1574 1101 1764 1143 mona—

171 1166 397 1224 chorum
449 1169 580 1223 inihi
613 1171 1036 1242 multiplicantes
1082 1189 1330 1233 normam
1383 1192 1776 1251 prrcccptoque-

172 1260 337 1332 regali
372 1261 747 1328 ﬁrmaverant,
779 1266 921 1335 quod
967 1275 1021 1322 et
1070 1268 1186 1336 ipse
1216 1269 1394 1325 facere
1445 1287 1550 1327 non
1605 1273 1759 1328 dill'o-

172 1365 305 1405 ram.
333 1350 583 1419 Quorum
612 1358 916 1413 assentiens
959 1358 1205 1430 benignae
1247 1364 1517 1433 petitioni,
1552 1366 1603 1420 in
1639 1368 1761 1423 sinu

169 1441 428 1498 Romanae
459 1445 721 1502 Ecclesiae
765 1457 822 1504 et
864 1448 1147 1506 beatorum
1179 1455 1549 1523 apostolorum
1582 1466 1762 1528 prote-

171 1533 344 1590 czione
366 1537 622 1593 eumdem
657 1538 832 1595 locum
862 1543 1124 1613 suscipio,
1156 1553 1210 1598 et
1245 1545 1543 1618 privilegiis
1572 1560 1761 1605 astruo

170 1636 225 1680 et
247 1627 570 1695 corroboro,
606 1647 714 1703 quo
741 1632 1009 1689 linetenus
1045 1635 1096 1690 in
1128 1650 1193 1691 eo
1229 1654 1339 1707 quo
1402 1656 1549 1695 nunc
1595 1642 1763 1709 pollet

170 1728 492 1783 permaneat
543 1722 850 1776 mouachali
880 1723 1092 1780 ordine.
1124 1725 1227 1795 lpsi
1258 1743 1474 1798 quoque
1506 1733 1759 1787 monachi

170 1806 235 1861 de
257 1808 370 1864 suis
394 1809 504 1866 sibi
528 1811 822 1868 adhibeant
847 1825 1139 1885 pastorem.
1177 1817 1464 1877 Ordinatio
1493 1837 1623 1878 vero
1649 1834 1757 1878 tam

172 1900 562 1955 monachorum
591 1919 756 1973 quam
800 1905 1126 1963 clericorum
1174 1911 1224 1964 in
1276 1914 1506 1969 arbitrio
1547 1917 1759 1973 abbatis

170 1996 223 2042 et
253 2000 558 2047 conventus
588 1994 679 2049 sit.
702 1996 1060 2055 Decernimus
1089 2001 1256 2056 etiam
1289 2011 1348 2056 ut
1378 2005 1507 2060 nulli
1537 2007 1760 2063 omnino

172 2080 451 2138 hominum
501 2087 750 2141 eamdem
803 2088 1061 2156 insulam,
1115 2108 1280 2149 causa
1313 2095 1632 2166 placitandi,
1674 2100 1761 2158 vel

174 2171 368 2244 aliquid
401 2178 788 2245 perscrutaudi
837 2189 929 2238 aut
976 2184 1304 2255 corrigendi,
1339 2188 1546 2244 intrare
1574 2190 1755 2247 liccat.

174 2266 226 2325 Si
261 2268 386 2338 quis
414 2277 601 2325 autem
629 2271 686 2327 id
712 2272 935 2328 molitus
965 2273 1068 2331 l‘uit
1096 2279 1392 2346 contraire,
1424 2292 1519 2337 aut
1546 2299 1756 2354 posses-

173 2357 343 2417 siones
369 2359 619 2429 ejusdem
647 2363 892 2420 ecclesia:
916 2366 1154 2433 auferre,
1194 2372 1451 2437 retinere.
1485 2375 1756 2441 minuere,

171 2448 248 2503 vel
278 2452 585 2507 temerariis
610 2454 988 2511 vexationibus
1017 2457 1267 2530 fatigare,
1310 2478 1376 2518 ex
1430 2467 1757 2522 auctoritate

174 2541 261 2599 Dei
290 2543 492 2609 Patris,
524 2555 580 2599 et
614 2545 760 2609 Filii,
806 2560 862 2601 et
910 2547 1145 2619 Spiritus
1196 2554 1398 2617 sancti,
1442 2564 1756 2626 sanctasque

175 2630 264 2687 Dei
309 2634 593 2703 genitricis
632 2635 837 2702 Mariae.
868 2654 933 2693 ac
967 2638 1068 2694 SS.
1109 2643 1480 2712 apostolorum
1507 2645 1653 2701 Petri
1699 2656 1757 2703 et

173 2719 335 2787 Pauli,
356 2726 716 2798 omniumque
741 2741 1080 2797 sanctorum,
1108 2738 1483 2805 perpetuzesit
1505 2738 1754 2797 addictus

174 2814 551 2883 maledictioni,
599 2821 702 2875 nisi
736 2824 1041 2893 resipnerit.
1087 2823 1354 2882 Omnibus
1401 2844 1532 2905 vero
1577 2832 1754 2887 eidem

173 2907 283 2978 loco
323 2909 476 2981 justa
517 2914 862 2969 servantibus
912 2916 984 2970 sit
1025 2932 1131 2987 pax
1180 2918 1397 2974 Domini
1424 2921 1593 2976 nostri
1624 2920 1752 2979 Iesu

175 2998 386 3068 Christi,
421 3019 601 3072 amen,
635 3014 935 3078 nostraque
964 3009 1244 3080 stipulatio
1278 3012 1597 3069 inconrulsa
1627 3030 1753 3085 per.

174 3105 398 3151 ntaneal.

235 3188 431 3290 Actum
476 3201 716 3263 tempore
743 3193 971 3251 IElfardi
1004 3194 1248 3266 ejusdem
1290 3201 1608 3256 monasterii
1652 3216 1747 3256 an-
1778 3226 1824 3290 ο

175 3278 328 3336 battis.

238 3479 451 3522 IOANNIS
486 3485 632 3527 ΡΔΡΕ
679 3489 774 3527 Slll
816 3491 1071 3531 EPISTOLA
1118 3495 1184 3533 AD
1219 3494 1473 3537 EDGARU!
1503 3496 1680 3539 REGEM‘

802 3562 1103 3605 ANGLORUH.

752 3635 955 3709 '(Anno
993 3641 1087 3695 97l
1103 3642 1141 3711 ._)

236 3770 241 3775 .
278 3714 355 3777 De
375 3724 675 3803 episcopatu
707 3729 1057 3788 Wiutoniensi
1087 3734 1405 3803 expellendis
1438 3736 1643 3797 clericis

551 3809 597 3852 et
637 3801 1031 3858 intraducendis
1068 3801 1358 3861 monachis.

236 3880 465 3942 Joannes
486 3889 795 3961 cpiscopus,
829 3908 1021 3950 servus
1052 3912 1333 3953 servorum
1361 3900 1486 3966 Dei,
1528 3900 1750 3960 Encano

172 3974 279 4044 regi
311 3977 795 4048 excellentissimo,
825 3992 989 4054 atque
1018 3988 1270 4044 omnibus
1301 3991 1600 4062 episcopis,
1651 3996 1746 4049 du-

172 4063 344 4133 cibus,
374 4071 664 4129 comitibus
687 4114 702 4137 .
735 4074 1020 4133 abbatibus
1049 4088 1104 4134 et
1138 4091 1337 4137 cuncto
1381 4083 1524 4138 lidcli
1552 4087 1748 4157 populo

170 4155 396 4230 Anglican
417 4165 622 4234 gentis,
646 4166 1009 4224 Christianam
1038 4171 1271 4231 salutent
1304 4183 1360 4231 et
1395 4155 1746 4251 apostolicam

168 4255 611 4320 benedictionem.
728 4320 735 4323 .

234 4350 499 4419 Quoniam
530 4372 746 4428 semper
777 4368 903 4419 sunt
931 4363 1274 4419 concedenda
1306 4382 1426 4436 quae
1466 4367 1746 4425 rationali-

169 4440 262 4501 ltus
284 4459 604 4515 queruntur
631 4453 935 4520 desideriis,
954 4464 1169 4525 oportet
1198 4467 1254 4512 ut
1277 4470 1471 4515 vestrae
1484 4462 1585 4531 piae
1604 4464 1744 4532 peti-

1867 613 2027 668 nibus
2057 612 2336 668 catholicm
2376 614 2497 671 lidei
2538 616 2837 672 cultoribus
2877 632 2946 672 ex
2989 618 3301 688 patentibus
3348 620 3464 676 cul-

1866 719 2057 773 parunt
2087 719 2311 759 suarum
2344 706 2766 774 turpitudinibus
2795 708 3047 772 o;lib?les,
3081 718 3135 764 et
3163 710 3217 765 in
3256 710 3462 769 eisdem

1866 797 2166 852 secundum
2202 797 2548 868 impaenitens
2585 814 2681 852 cor
2722 816 2910 867 eorum
2951 802 3312 857 inverecunde
3339 818 3463 873 per-

1865 886 2144 953 durantes,
2172 903 2294 942 cum
2326 903 2424 943 suo
2450 890 2772 960 pra-posito,
2817 900 3005 960 utpote
3040 908 3171 949 vasa
3218 894 3416 949 diaboli
3439 935 3459 959 ,

1864 976 2155 1046 ejiciantur
2183 996 2197 1034 :
2230 988 2286 1037 et
2311 979 2453 1034 sicut
2483 987 2662 1034 vestra
2701 981 3007 1038 sublimitas
3041 985 3344 1049 desiderat,
3378 985 3462 1040 di-

1864 1063 2190 1123 lectissimus
2221 1067 2391 1123 frater
2414 1079 2470 1124 et
2492 1070 2846 1140 coepiscopus
2872 1086 3056 1129 noster
3086 1074 3456 1143 Ethewaldus,

1863 1155 2202 1226 regularibus
2235 1156 2536 1229 disciplinis
2578 1160 2821 1230 apprime
2865 1162 3120 1229 imbutus,
3169 1152 3461 1220 monacho;

1865 1263 1984 1303 rum
2024 1251 2319 1306 secundum
2362 1263 2631 1323 praecepta
2664 1254 2863 1325 regulae
2902 1257 3197 1312 virentium
3240 1274 3459 1329 gregem

1862 1343 2119 1406 enutriat,
2152 1342 2339 1412 eisque
2365 1344 2493 1399 inibi
2526 1353 2844 1414 perpetuam
2880 1347 3215 1402 mansionem
3246 1360 3461 1407 statuat

1864 1430 1984 1498 ille,
2023 1432 2114 1502 qui
2144 1448 2332 1488 eorum
2365 1435 2528 1487 vitam
2570 1436 2641 1488 ita
2684 1437 2994 1492 sanctitatis
3024 1439 3267 1495 moribus
3295 1456 3456 1497 exor-

1863 1532 1972 1581 net.
2004 1535 2084 1587 ut,
2118 1537 2340 1593 pastote
2364 1525 2429 1577 ad
2463 1524 2665 1580 laboris
2689 1526 2772 1581 sui
2806 1529 3087 1597 praemium
3114 1540 3321 1597 vocato,
3352 1546 3461 1588 nou

1864 1614 2078 1669 aliunde
2114 1630 2368 1686 t1lltllll01
2412 1614 2501 1669 illa
2541 1618 2963 1688 congregatione
2994 1617 3132 1674 alter
3175 1621 3230 1675 in
3273 1621 3455 1678 locant

1864 1707 2144 1777 regiminis
2188 1710 2464 1764 succedat.
2513 1707 2664 1774 Quod
2717 1710 2762 1764 si
2818 1709 3255 1781 impedientibus,
3314 1710 3462 1785 quod

1865 1798 2029 1863 absit,
2061 1801 2318 1869 peccatis,
2341 1802 2408 1854 ad
2441 1801 2544 1856 hoc
2576 1802 2885 1873 pontificale
2914 1801 3151 1857 olIieium‘
3182 1803 3233 1857 in
3265 1805 3457 1861 eadem

1793 1878 1834 1937 Β
1866 1892 2283 1961 congregatione
2315 1892 2564 1947 idoneum
2593 1894 2826 1948 inveniri
2855 1893 3075 1948 minime
3102 1907 3257 1963 posse
3282 1894 3459 1949 couti-

1863 1984 2001 2053 gerit
2026 2023 2041 2046 ,
2081 1985 2404 2039 auctoritate
2451 1985 2818 2056 apostolorum
2860 1985 3120 2056 principis
3160 1984 3335 2052 Petri,
3364 1972 3455 2041 cui

1863 2072 2126 2130 Dominus
2150 2090 2213 2128 ac
2252 2074 2505 2130 Salvator
2535 2085 2719 2131 noster
2742 2076 2942 2147 ligandi
2975 2075 3327 2147 solvendique
3352 2091 3455 2149 p0:-

1861 2174 2115 2222 testatem
2143 2169 2491 2235 contradidit,
2523 2169 2866 2240 praecipimus
2903 2179 2958 2223 ut
3013 2184 3172 2224 nemo
3201 2184 3267 2225 ex
3296 2171 3457 2225 cleri-

1858 2278 2047 2325 corum
2094 2267 2286 2321 ordine
2328 2264 2398 2322 ad
2439 2265 2601 2333 hujus
2644 2267 2886 2338 regimen
2929 2267 3184 2322 Ecclesiae
3234 2281 3458 2336 promo-

1857 2366 2084 2423 veatur;
2132 2358 2226 2412 sed
2276 2370 2456 2428 potans
2497 2373 2563 2412 ex
2610 2357 2713 2412 alia
2762 2358 2994 2428 qualiter
3033 2359 3458 2428 congregatione

1858 2448 1947 2516 qui
1977 2448 2169 2519 dignus
2200 2447 2453 2503 inventus
2484 2446 2652 2502 fuerit
2690 2447 2989 2502 monaclms
3030 2456 3368 2513 assumatur,
3397 2455 3459 2502 et

1860 2537 1986 2594 huic
2028 2537 2287 2593 Ecclesiae
2336 2537 2686 2609 praeﬁciatur.
2742 2538 2798 2592 Si
2855 2537 2974 2607 quis
3017 2537 3161 2592 enim
3215 2538 3453 2609 interea,

1857 2629 2004 2699 quod
2036 2645 2144 2683 non
2177 2629 2480 2693 credimus,
2509 2628 2624 2684 haec
2651 2629 2964 2699 apostolica:
3001 2628 3146 2683 sedis
3190 2612 3457 2697 privilegii

1856 2722 2078 2776 decreta
2127 2721 2281 2776 irrita
2327 2721 2528 2786 facere,
2558 2730 2628 2799 [et
2668 2735 2730 2775 ea
2764 2735 2885 2792 quae
2930 2720 3086 2775 nobis
3115 2720 3204 2790 pie
3240 2718 3455 2775 indulta

1856 2822 1981 2868 sunt
2010 2812 2339 2870 intamiuare
2366 2813 2773 2885 praesumpserit
2802 2833 2815 2868 :
2849 2814 3174 2868 auctoritate
3205 2810 3452 2882 ejusdem

1856 2902 2095 2958 caelestis
2141 2902 2396 2976 clavigeri
2444 2903 2623 2970 Petri,
2669 2904 3024 2974 omniumque
3062 2917 3457 2967 successorum

1853 2991 1993 3061 ejus,
2017 2993 2155 3049 sciat
2183 3007 2241 3048 se
2280 2992 2644 3048 anathematis
2673 2992 2890 3048 vinculo
2922 2992 3238 3047 inuodatum
3258 3033 3272 3057 ,
3313 3000 3369 3047 et
3395 2992 3451 3048 in

1854 3080 1958 3136 illo‘
1978 3082 2158 3154 magni
2184 3081 2372 3153 judicii
2410 3081 2496 3136 die
2534 3082 2927 3153 perpetualitcr
2962 3082 3353 3137 damnandum.
3379 3080 3455 3137 .ltt

1854 3171 2072 3228 Christo
2098 3172 2298 3239 valcas,
2332 3171 2548 3228 domine
2576 3174 2674 3228 lili.

2552 3263 2741 3318 XXill.

1930 3370 2147 3411 JOASNIS
2181 3370 2329 3409 PAPIE
2370 3370 2471 3409 XIII
2512 3369 2863 3410 ιτιιινιιεοιωι
2903 3370 3004 3409 PRO
3042 3348 3387 3412 MDSASTEIHO
3424 3432 3428 3441 ‘

2195 3440 2242 3479 S.
2286 3440 2468 3480 MANE
2520 3440 3117 3481 τιιικδωιμιδῖειυεεει.

2459 3519 2636 3573 (Anno
2675 3519 2828 3591 97L)

1854 3611 2034 3686 [Apud
2077 3613 2296 3678 Eccart,
2348 3611 2590 3667 Historia
2637 3613 2909 3685 genealog.
2951 3614 3178 3684 princip.
3235 3606 3443 3669 Saxon.

1854 3692 1859 3699 ’
2366 3774 2375 3783 ι
2444 3720 2656 3774 ευμεν..
2692 3703 2843 3777 145.]
3420 3710 3423 3715 ’

1921 3818 2154 3876 Jouxss
2171 3818 2478 3889 episcopus,
2505 3833 2698 3873 servus
2724 3833 3011 3873 servorum
3045 3818 3165 3875 Dei.

1921 3912 2157 3970 Credita:
2197 3911 2586 3982 speculationis
2620 3908 2950 3981 impellimur
2990 3926 3123 3966 cura
3155 3926 3219 3968 ac
3248 3913 3450 3972 ardore

1846 4024 2165 4071 movemur,
2238 4021 2337 4076 pro
2384 4004 2776 4060 venerabiliunt
2821 4005 3064 4059 locorum
3111 4007 3455 4078 percogitaro

1851 4098 2244 4156 staliilitatione
2289 4106 2455 4166 atque
2496 4096 2606 4151 Deo
2650 4095 3005 4150 servientium
3052 4096 3351 4150 securitate
3396 4107 3452 4173 et

1848 4191 1952 4247 hoc
1979 4207 2079 4261 pro
2106 4190 2302 4246 anima:
2325 4190 2415 4259 pio
2444 4188 2650 4249 labore.
2676 4197 2735 4241 ut
2756 4189 2951 4241 animze
2980 4186 3198 4243 Christo
3232 4188 3455 4254 dicatae,

1846 4297 1969 4353 qua:
1989 4281 2035 4337 si
2058 4280 2134 4337 illi
2157 4281 2350 4336 diebus
2379 4293 2569 4334 eorum
2601 4278 2816 4332 servitu
2849 4278 3229 4343 decreverunt,
3265 4290 3457 4355 perse-

1849 4385 2043 4433 verent
2090 4373 2532 4444 imperturbatac,
2603 4386 2857 4424 necnon
2925 4379 2982 4423 et
3030 4368 3119 4423 illa
3192 4377 3453 4447 maneant

1850 4470 1959 4525 line
1985 4476 2143 4524 tenus
2164 4467 2318 4522 ﬁrma
2350 4483 2470 4538 quae
2496 4482 2524 4520 a
2554 4465 2884 4521 Christianis
2917 4465 2970 4518 in
2997 4464 3091 4519 Dei
3121 4465 3280 4520 laude
3305 4481 3444 4531 con.-

172 4535 322 4601 tionis
342 4542 580 4596 Bittdlttltl
609 4543 663 4597 in
695 4546 988 4618 privilegiis
1020 4549 1241 4606 minime
1273 4553 1576 4609 oll'endatur
1610 4572 1748 4625 prae-
1777 4575 1826 4634 ι)
1855 4570 2029 4617 tracta
2044 4570 2194 4617 sunt.
2221 4535 2459 4615 Dilectus
2487 4574 2551 4613 ac
2572 4558 2873 4627 spiritualis
2901 4556 3045 4630 ﬁlius
3070 4567 3255 4612 noster
3281 4557 3456 4624 οξτο,

169 4631 387 4686 claudis.
427 4634 644 4690 Scimus
683 4638 863 4704 enim,
901 4640 1133 4710 gloriose
1179 4642 1284 4710 liii,
1325 4645 1535 4715 imperii
1585 4651 1749 4704 vestri

169 4718 471 4789 dignitatem
503 4726 621 4783 zelo
656 4728 853 4783 divinae
888 4730 1025 4801 legis
1063 4734 1141 4787 ita
1181 4735 1417 4804 undique
1455 4738 1749 4805 munitam,

170 4821 225 4864 ut
249 4813 612 4874 indesinenter
638 4836 737 4889 pro
767 4823 1157 4881 venerabilium
1185 4825 1428 4883 locorum
1453 4831 1749 4898 percogitet

169 4912 484 4982 stabilitate;
518 4928 789 4986 quatenus
815 4921 1167 4988 proveniente
1196 4936 1294 4990 pro
1316 4923 1532 4991 labore,
1564 4927 1748 4982 schola

169 4999 423 5064 Dominici
466 5012 834 5082 multipliciter
858 5017 1099 5080 servitii,
1139 5026 1194 5070 ct
1222 5016 1465 5088 largitori
1506 5021 1747 5075 omnium

172 5094 272 5152 Deo
304 5100 515 5159 abunde
543 5103 755 5160 fructus
792 5105 1101 5162 referantur
1136 5106 1360 5163 milleni.
1392 5111 1573 5178 Quare
1594 5153 1609 5176 ,
1653 5128 1749 5168 rex

171 5186 359 5263 inclyte
391 5211 455 5251 ac
499 5198 577 5252 lili
616 5199 967 5263 charissime,
1009 5200 1153 5271 quod
1202 5208 1382 5257 vestra
1425 5204 1747 5261 excellentia

170 5291 261 5316 Ιὶοιι
289 5284 502 5316 ’.ηοω-ει
538 5302 585 5316 οι.
612 5292 988 5316 ηλρκῖηλληαιης
1030 5302 1145 5316 -ι..ι.ι
1159 5306 1271 5316 ιιι-ω
1308 5292 1476 5316 ’.ἱ---μαι
1498 5314 1504 5315 κ

1855 4662 2056 4710 sanctae
2085 4652 2430 4709 Coloniensis
2458 4650 2718 4706 Ecclesiae
2749 4650 3220 4718 archiepiscopus,
3251 4649 3444 4723 linptra

1854 4742 2231 4813 apostolorum
2264 4742 2424 4811 digna
2460 4740 2748 4795 ιΙιτςυιίυῖιθ
2790 4739 3037 4803 visrtans,
3069 4754 3133 4794 ac
3161 4728 3451 4797 noniscnm

1842 4834 2085 4905 plurima
2141 4834 2196 4888 in
2246 4841 2392 4887 statu
2441 4830 2722 4902 religionis
2768 4828 3205 4904 communicatis,
3261 4829 3448 4891 retulit

1849 4941 1911 4983 se
1932 4924 2267 4992 fratremque
2290 4938 2447 4976 suum
2471 4921 2849 4979 Thictmarum
2873 4920 3266 4987 marcbionem,
3291 4920 3450 4978 Chri.

1850 5020 1920 5074 sti
1956 5017 2264 5071 admonitos
2314 5030 2523 5081 amore,
2569 5012 2858 5084 quemdam
2902 5014 3078 5067 locum
3128 5012 3181 5066 in
3234 5013 3447 5093 honore

1851 5120 2055 5166 satana:
2098 5110 2281 5165 Mariae
2311 5124 2529 5180 semper
2556 5107 2784 5179 virginis
2820 5107 3176 5168 iustaurasse,
3211 5117 3268 5161 et
3305 5109 3360 5165 in
3387 5126 3461 5168 co.

1832 5200 2243 5261 monachorum
2291 5205 2535 5270 regulam
2584 5197 2763 5261 sancti
2813 5194 3092 5255 Benedicti
3145 5196 3451 5271 observan-

2644 5288 2815 5316 ’,καῖ-ιη
2878 5288 2976 5316 1ηηῖ
3057 5297 3120 5316 an
3170 5288 3389 5316 νι-’Ξ-οἶη-
3415 5294 3459 5316 :-

2376 5308 2566 5316 ,νισι-...α

1854 5294 1981 5316 οἵη-..
2039 5292 2314 5316 ιι.1.12.12.ςη..
