3972 5428
506 331 610 392 987

1834 330 2120 388 ιΟΑΧΝεδ
2150 331 2263 385 XIII
2303 329 2501 386 I‘AI’E

512 458 636 500 sum
669 441 974 498 distrahere
1003 441 1190 506 liceat;
1242 439 1336 495 sed
1374 455 1457 506 ea,
1507 454 1627 510 qua:
1667 441 1828 494 modo
1869 441 2090 506 habent,
2123 447 2169 506 Α
2199 457 2226 494 a
2261 439 2532 494 liminibus
2566 446 2768 493 sanctte
2795 439 2888 496 Dei
2921 439 3177 496 Ecclesia:
3214 439 3458 508 alienati,
3494 441 3603 497 nisi
3641 458 3767 499 eon-

511 533 600 591 vel
652 533 889 588 habituri
938 539 1086 598 sunt,
1121 531 1291 586 abbas
1322 547 1508 586 eorum
1543 547 1667 587 cum
1694 531 1972 587 monachis
2003 549 2091 588 or-

510 625 749 683 dinanda
794 624 1111 687 constituat,
1155 623 1284 678 nulli
1315 623 1609 694 quidquam
1659 624 1945 696 cujuslibet
1993 627 2090 681 ob-

510 715 686 785 Sequii
717 713 951 768 debeant
986 723 1185 785 prmter
1215 723 1428 769 tantum
1463 731 1563 785 pro
1591 715 1918 773 Christianis
1954 718 2092 773 divi-

511 811 636 862 itam
661 805 990 861 orationem.
1021 805 1408 874 Imperatorem
1433 804 1771 861 defensorem
1801 806 2086 876 appellent,

512 910 577 951 ac
609 895 699 965 pio
728 895 868 950 inter
909 910 968 950 se
1007 893 1180 950 electo
1231 894 1417 950 abbati
1457 896 1894 965 procurationem
1943 913 2091 952 cont-

513 989 788 1044 mendent.
847 986 1033 1043 Solum
1093 987 1370 1059 religionis
1428 998 1628 1044 statum
1683 992 1984 1062 episcopis,
2043 993 2088 1048 si

509 1086 751 1150 intersit,
779 1084 1044 1156 requirat.
1074 1084 1232 1150 Huic,
1261 1085 1306 1139 si
1335 1083 1472 1140 forte
1498 1085 1735 1153 labatur,
1764 1087 2090 1158 corrigendo

511 1174 676 1231 adsit.
707 1175 978 1230 thterum
1008 1173 1074 1230 de
1103 1175 1326 1229 servitio
1381 1175 1560 1244 aliquo
1592 1176 1886 1230 immunem
1927 1177 2089 1234 relin-

511 1277 642 1338 q'tat
683 1267 858 1338 ipsum
901 1266 1099 1322 locum.
1143 1266 1464 1320 Advocatum
1495 1267 1560 1322 de
1591 1267 1705 1338 ipsa
1733 1269 2015 1339 progenie,
2045 1270 2090 1325 si

512 1361 656 1416 forte
700 1361 753 1414 iii
800 1361 997 1414 bonum
1053 1359 1289 1424 faveant,
1335 1359 1559 1431 eligant.
1610 1359 1704 1415 Siti
1756 1373 1935 1415 autem
1982 1377 2090 1416 vim

513 1461 609 1506 aut
659 1450 1058 1506 incommodum
1107 1448 1309 1504 inferre
1357 1449 1678 1515 moliuntur,
1734 1450 1825 1504 tibi
1857 1450 1958 1505 sibi
1983 1449 2093 1521 pla-

513 1551 658 1608 cent,
687 1543 965 1597 timentem
992 1541 1180 1605 Deum,
1207 1555 1271 1595 ac
1293 1540 1574 1596 stabilitati
1609 1541 1878 1596 faventem
1905 1557 2094 1597 secure

513 1633 854 1704 perquirant.
907 1631 965 1686 Si
1016 1631 1137 1701 quis
1189 1641 1369 1685 autem
1419 1632 1560 1687 hanc
1613 1641 1853 1687 nostram
1910 1645 2092 1688 aucto-

515 1725 734 1780 ritatem
791 1723 999 1778 violare
1060 1723 1395 1790 tentaverit,
1464 1725 1824 1779 anathematis
1880 1725 2093 1780 vinculo

514 1817 773 1873 astrictus
808 1817 1069 1888 gehennae
1101 1823 1373 1871 tormenta
1411 1815 1528 1872 sine
1567 1817 1674 1871 line
1707 1831 1766 1872 se
1791 1815 1973 1871 subire
1998 1815 2091 1870 do-
2124 1798 2166 1858 Β

514 1907 667 1964 lebit.

517 2005 520 2010 '
590 1999 864 2070 Scriptum
893 2016 990 2071 per
1020 2016 1236 2057 manum
1274 2000 1570 2072 Stephani,
1616 2001 1898 2073 scriptorts
1966 2016 2064 2058 san

515 2103 621 2148 eta:
667 2093 927 2149 Romana:
977 2095 1252 2160 Ecclesiae,
1290 2097 1346 2151 in
1379 2113 1564 2152 mense
1591 2096 1872 2164 Januario,
1905 2096 2075 2152 indict

519 2187 608 2242 15.
637 2217 705 2226 -
735 2184 870 2241 Data
911 2195 1102 2242 octavo
1137 2187 1254 2242 Kal.
1293 2187 1516 2243 Januar.
1567 2204 1666 2260 per
1702 2204 1926 2243 manum
1963 2187 2093 2244 Wit-

515 2276 630 2333 loni
666 2277 910 2348 episcOpi
946 2287 1000 2334 et
1028 2277 1423 2334 bibliothecarii
1460 2287 1661 2334 sanctae
1699 2279 1842 2334 sedis
1879 2287 2094 2348 aposto-

514 2367 656 2434 Iiczie,
691 2383 834 2424 anno
879 2369 1226 2440 pontiﬁcatus
1270 2372 1451 2427 domui
1498 2371 1724 2428 Joannis
1769 2371 2098 2426 sanctissimi

517 2460 588 2515 15
611 2474 787 2531 paptc,
815 2461 846 2514 7
880 2461 1091 2532 imperii
1119 2462 1302 2516 domui
1326 2461 1539 2520 Ottonis
1565 2463 1787 2536 majoris
1818 2463 1902 2530 l0,
1920 2461 2102 2533 junio-

517 2550 595 2607 ris
620 2549 675 2618 4,
708 2551 1002 2608 indictione
1031 2552 1216 2624 quinta
1230 2553 1475 2623 decima.

1210 2663 1402 2734 xxw.

525 2768 861 2810 RESCBIP'I'UH
908 2771 1124 2810 JOANNIS
1188 2772 1335 2811 ΡΑΡᾸΞ
1386 2772 1482 2811 XIII
1540 2773 1640 2812 Ηιο
1697 2771 2100 2813 EXCO‘JIHL‘NICA-

593 2840 756 2880 TIONE
795 2841 1094 2881 INVASORUM
1127 2841 1505 2883 POSSESSIONUM
1547 2843 1870 2884 IONASTEBII
1898 2845 1944 2884 S.
1974 2843 2100 2884 δῑιι-

592 2911 747 2952 PHOBI
757 2911 842 2950 AN!
885 2913 1145 2952 υιωεεςιε
1184 2915 1212 2951 Α
1223 2914 1701 2954 υςυδτοῡυκεκδιε.

1125 2989 1306 3059 (Anno
1354 2990 1502 3062 971)

625 3099 804 3172 [Apud
832 3101 1028 3168 Mansi,
1063 3101 1291 3169 Concil.,
1326 3111 1456 3157 tom.
1485 3101 1671 3169 XVIII,
1701 3101 1804 3157 col.
1833 3101 1984 3173 450.]

600 3191 716 3262 Ego
742 3193 796 3246 in
822 3192 916 3246 Dei
946 3193 1167 3248 nomine
1209 3192 1440 3248 Joatth-zs
1489 3207 1653 3263 papa,
1698 3192 1842 3247 sedis
1883 3200 2100 3260 aposto-

520 3281 640 3336 Iica:
665 3289 720 3336 et
767 3280 1025 3336 Romanae
1052 3281 1203 3336 urbis
1231 3282 1582 3352 apostolicus,
1608 3281 1789 3335 divina
1813 3281 2100 3335 clementia

522 3372 811 3444 largiente,
837 3382 1026 3427 notum
1052 3373 1173 3428 volo
1197 3373 1311 3428 ﬁeri
1336 3374 1589 3428 omnibus
1613 3372 1850 3441 qualiter
1881 3373 2104 3428 veniens

522 3463 747 3532 quidam
795 3464 1083 3534 episcopus
1133 3478 1164 3517 a
1213 3463 1459 3535 partibus
1501 3461 1833 3528 Galliarum,
1885 3463 2104 3519 nomine

522 3552 808 3620 Cirardus,
828 3554 1334 3626 Augustodunensis
1357 3555 1594 3610 civitatis
1613 3555 1806 3625 praesul
1830 3555 2101 3626 egregius,

526 3661 627 3718 pro
671 3647 814 3718 regis
845 3648 1008 3702 etiam
1063 3662 1281 3714 amore,
1339 3655 1394 3701 et
1446 3647 1586 3702 leati
1642 3646 1786 3702 Petri
1844 3647 2104 3717 principis

527 3739 899 3809 apostolorum
965 3740 1190 3794 servitio
1246 3739 1473 3795 Romam
1535 3739 1802 3810 expetiit,
1862 3747 2102 3793 nostram

525 3829 831 3885 honoriﬁce
855 3842 1144 3901 aggressus
1165 3829 1526 3900 prccsentiam.
1553 3827 1652 3895 Qui
1679 3829 1804 3884 dum
1828 3827 1985 3883 nobis
2008 3843 2106 3898 pro

529 3937 630 3976 sua
673 3921 942 3976 industria
990 3930 1046 3977 et
1089 3921 1312 3977 honoris
1339 3919 1740 3992 magniﬁcentia
1767 3929 1970 3990 gratus,
2011 3933 2104 3974 ac-

527 4012 813 4081 ceptabilis
862 4023 918 4067 et
969 4014 1169 4068 eharus
1221 4012 1519 4076 existeret,
1570 4011 1697 4065 dum
1749 4011 1815 4066 de
1861 4009 2107 4082 pluribus

528 4117 711 4156 sermo
755 4103 894 4157 inter
929 4117 1028 4157 nos
1058 4103 1372 4168 haberetur,
1417 4099 1787 4155 manifestavit
1833 4099 1963 4154 mihi
2001 4100 2101 4153 liu-

531 4195 754 4250 millime
796 4194 1142 4252 reclamando
1193 4195 1259 4249 de
1301 4193 1623 4264 quibusdam
1676 4191 1986 4248 hominibus
2017 4190 2108 4261 qui

2194 531 2335 587 versi
2381 530 2447 585 ad
2492 529 2915 586 satisfactionem
2945 531 3211 586 venerint.
3237 531 3440 588 Omnes
3473 533 3624 588 enim
3653 549 3768 588 ait»

2193 624 2515 680 [edictiones
2568 636 2688 692 qua:
2736 623 2790 677 in
2847 623 3029 678 Veteri
3091 623 3444 679 Testamento
3497 633 3556 679 et
3617 622 3766 680 Novo

2191 715 2411 785 scriptae
2447 722 2592 780 sunt,
2621 715 2843 769 veniant
2877 729 3041 784 super
3065 729 3161 771 eos
3193 716 3295 770 nisi
3333 716 3401 770 ad
3427 717 3765 772 emendatio-

2193 823 2317 864 nem
2348 807 2617 862 venerint.
2647 805 2770 860 Sint
2791 805 3063 861 maledicti
3090 807 3141 860 in
3167 807 3499 873 civitatibus,
3527 807 3583 862 itt
3610 807 3768 874 villis,

2192 902 2246 957 in
2278 900 2442 972 agris,
2478 899 2530 954 iii
2564 899 2688 965 viis,
2733 900 2784 953 in
2808 899 3066 965 castellis,
3099 900 3151 954 in
3177 899 3327 955 silvis
3354 909 3409 955 et
3435 901 3490 953 in
3517 901 3771 956 omnibus

2193 993 2348 1049 locis.
2402 993 2698 1048 Deleantur
2728 992 2794 1049 de
2821 991 2957 1046 libro
2995 993 3314 1058 viventium,
3356 1000 3414 1046 et
3449 1008 3577 1048 cum
3608 991 3770 1060 justis

2192 1103 2300 1144 non
2327 1088 2660 1154 scribantur,
2703 1086 2811 1142 nisi
2853 1085 3208 1157 resipiscendi
3241 1085 3310 1141 ad
3337 1085 3772 1142 satisfactionem

2192 1193 2249 1240 et
2272 1179 2710 1238 emendationem
2739 1177 3005 1234 venerint.
3032 1174 3173 1232 Fiat.

2895 1307 3061 1363 XXV.

2263 1419 2479 1461 JOANNIS
2530 1417 2677 1457 ΡΑΡΑΕ
2721 1416 2816 1455 XIII
2860 1414 3116 1454 EPISTOIJ
3152 1413 3220 1452 AD
3258 1412 3702 1453 CLORIOSISSIIUI

2586 1473 2850 1545 [coniveat
2885 1484 3315 1525 BARCINONENSEII
3331 1468 3376 1540 ft]

2797 1561 2977 1634 (Anno
3021 1561 3172 1630 971.)

2199 1655 2494 1712 l’ra’sulent
2522 1656 2762 1710 Attottcm
2791 1650 3150 1734 Geruttdensia
3181 1651 3415 1706 diwcesis
3459 1653 3766 1721 gubernato-

2766 1740 2871 1778 rem
2903 1733 3196 1777 tortslttutt.

2294 1819 2470 1893 [Apud
2502 1819 2710 1884 Florez,
2745 1816 2956 1887 Espatta
2988 1815 3238 1893 sogrqda,
3272 1823 3402 1870 tom.
3435 1813 3680 1882 XXVIII,

2835 1903 2957 1958 pag.
2987 1885 3139 1958 252.]

2269 2003 2504 2060 Joauxss
2544 2014 2737 2058 servus
2779 2013 2920 2054 serv.
2981 1995 3097 2052 Dei.
3136 2037 3152 2054 .
3193 2035 3208 2050 .
3253 2035 3266 2048 .
3308 2035 3324 2050 .
3371 2037 3385 2051 .
3433 2034 3449 2050 .
3499 1995 3775 2064 gloriosis-

2201 2095 2363 2152 simo.
2406 2134 2422 2149 .
2465 2135 2478 2148 .
2522 2133 2536 2148 .
2579 2134 2594 2150 .
2632 2132 2646 2148 .
2687 2131 2702 2147 .
2748 2129 2766 2147 .
2809 2130 2824 2146 .
2870 2129 2884 2145 .
2931 2129 2945 2145 .
2985 2127 3000 2145 .
3046 2089 3243 2144 tionem
3293 2098 3349 2145 et
3394 2088 3775 2144 charissimam

2200 2186 2430 2243 salutem
2464 2184 2733 2240 Illiationi.
2773 2222 2788 2238 .
2829 2223 2845 2238 .
2889 2221 2905 2237 .
2950 2221 2967 2238 .
3011 2223 3025 2238 .
3068 2219 3085 2239 .
3131 2223 3144 2237 .
3186 2221 3204 2238 .
3242 2222 3258 2238 .
3302 2223 3317 2239 .

2273 2278 2604 2351 Agnovimus
2636 2276 2872 2347 qualiter
2898 2275 3180 2332 inivestris
3217 2277 3464 2346 partibus
3505 2291 3602 2347 qu.
3644 2316 3661 2331 .
3704 2317 3720 2332 .
3757 2256 3775 2334 ί

2203 2408 2220 2426 .
2262 2409 2277 2424 .
2317 2409 2332 2424 .
2375 2406 2391 2423 .
2437 2408 2451 2422 .
2486 2367 2666 2424 subito
2695 2365 3296 2441 sacerdoteselliciunt,
3338 2369 3483 2437 quod
3515 2369 3771 2438 gravissi-

2204 2476 2354 2517 mum
2409 2469 2465 2515 et
2515 2457 2836 2514 detestabile
2894 2457 3136 2512 omnium
3194 2457 3356 2511 debet
3405 2472 3528 2512 esse
3581 2458 3779 2512 Christi

2202 2551 2463 2606 ﬁdelium.
2496 2547 2651 2602 Unde
2697 2547 2824 2618 quia
2871 2547 3112 2601 omnium
3146 2545 3514 2600 Ecclesiarum
3557 2547 3650 2601 Dei
3685 2563 3782 2602 nos

2201 2641 2514 2697 sollicitudo
2541 2648 2809 2704 coarctat,
2856 2647 2963 2692 tam
3002 2635 3320 2708 pestiferum
3346 2637 3480 2691 etin
3515 2653 3602 2693 no.
3650 2677 3664 2691 .
3706 2679 3720 2692 .

2205 2773 2220 2789 .
2264 2774 2278 2788 .
2322 2773 2336 2786 .
2378 2772 2394 2787 .
2439 2770 2454 2785 .
2497 2773 2510 2786 .
2555 2771 2569 2785 .
2610 2769 2626 2785 .
2673 2771 2688 2785 .
2734 2746 2840 2801 gno
2879 2739 3083 2795 vestro,
3120 2739 3175 2785 et
3223 2744 3253 2782 a
3302 2729 3515 2784 cunctis
3554 2730 3778 2784 catholi-

2203 2826 2283 2882 cis
2310 2824 2637 2881 Christianis
2669 2822 2913 2878 funditus
2937 2823 3221 2878 eradicare
3245 2822 3553 2890 satagimus
3583 2821 3698 2875 l'ulti
3727 2832 3779 2877 et

2204 2956 2222 2973 .
2261 2955 2276 2970 .
2321 2955 2334 2968 .
2379 2955 2393 2969 .
2435 2954 2449 2968 .
2497 2955 2512 2970 .
2557 2954 2572 2970 .
2616 2953 2632 2968 .
2685 2954 2699 2969 .
2756 2953 2771 2969 .
2817 2923 3128 2969 sanctorum
3197 2912 3419 2967 Patrum
3489 2914 3782 2967 auctoritas

2203 3009 2443 3066 maxime
2486 3008 2788 3064 beatissimi
2825 3021 2977 3077 papae
3003 3006 3252 3077 Gregorii
3286 3005 3378 3060 ubi
3421 3005 3567 3060 inter
3592 3015 3778 3060 cetera

2207 3140 2222 3156 .
2265 3139 2282 3156 .
2320 3139 2336 3155 .
2379 3138 2394 3154 .
2436 3139 2449 3153 .
2493 3140 2506 3154 .
2549 3099 2804 3170 episcopo
2854 3098 3325 3168 Augustoduncnsi
3392 3098 3649 3153 scribens
3708 3098 3780 3151 ait

2208 3231 2222 3246 .
2267 3231 2283 3247 .
2323 3229 2339 3246 .
2383 3229 2398 3245 .
2438 3230 2453 3246 .
2483 3206 2549 3248 oc
2580 3205 2794 3261 quoque
2820 3190 2886 3246 ad
2913 3204 3012 3244 nos
3037 3188 3350 3260 pervenisse
3378 3204 3487 3242 non
3523 3187 3778 3242 dissimile

2205 3284 2427 3356 dignum
2482 3283 2845 3338 detestatione
2904 3279 3302 3353 comperimus,
3348 3280 3495 3348 quod
3568 3278 3778 3348 quidam

2205 3373 2473 3429 desiderio
2519 3372 2743 3428 honoris
2791 3370 2985 3438 inﬂati,
3035 3371 3306 3428 defunctis
3341 3371 3640 3439 episcopis,
3666 3380 3777 3424 ton-

2205 3470 2484 3528 surantur,
2534 3471 2590 3518 et
2630 3461 2767 3516 ﬁunt
2799 3471 3039 3532 repente.
3085 3500 3099 3514 .
3144 3501 3158 3515 .
3203 3500 3219 3516 .
3263 3499 3277 3514 .
3325 3461 3669 3516 sacerdotes.
3711 3499 3726 3515 .
3763 3499 3777 3514 .

2209 3591 2224 3607 .
2270 3592 2285 3608 .
2314 3563 2476 3623 atque
2519 3553 2886 3608 inverecunde
2929 3551 3170 3623 religiosi
3211 3551 3478 3622 propositi
3526 3551 3779 3623 ducatum

2206 3647 2500 3717 arripiunt,
2534 3646 2627 3716 qui
2674 3659 2776 3701 nec
2822 3658 2946 3700 esse
2991 3643 3170 3698 adhuc
3220 3642 3417 3697 milites
3462 3641 3781 3696 didicerunt.

2207 3740 2272 3808 Q.
2316 3779 2332 3794 .
2377 3777 2392 3794 .
2431 3774 2449 3794 .
2489 3779 2504 3794 .
2529 3740 2562 3794 d
2601 3746 2854 3808 putamus
2895 3735 3024 3805 quid
3063 3735 3431 3804 isti-subjectis
3462 3733 3779 3805 prtestaturi

2207 3833 2353 3897 sint,
2410 3831 2502 3902 qui
2553 3837 2844 3899 antequam
2905 3826 3231 3895 dicipulatus
3287 3826 3454 3880 limen
3521 3827 3786 3896 attingant

2209 3931 2395 3977 tenere
2419 3921 2596 3976 locum
2630 3918 2928 3989 magisterii
2960 3932 3066 3972 non
3101 3916 3417 3982 formidant,
3466 3932 3577 3986 qua
3624 3917 3690 3972 de
3733 3932 3785 3972 re

2210 4030 2433 4070 necesse
2479 4022 2581 4080 est,
2634 4021 2695 4066 ttt
2738 4011 2782 4066 si
2836 4010 3086 4080 quamvis
3130 4008 3387 4079 inculpati
3435 4009 3673 4077 quisque
3723 4007 3788 4061 sit

2209 4107 2414 4174 meriti,
2442 4115 2565 4162 ante
2591 4115 2768 4159 tamen
2797 4119 2896 4174 per
2917 4102 3172 4157 distincta
3199 4100 3410 4155 ordinis
3433 4096 3786 4155 ecclesiastici

2211 4207 2533 4255 exerceatur
2551 4194 2751 4261 ollicta,
2775 4195 2958 4250 videat
2985 4193 3126 4263 quod
3153 4193 3415 4259 imitetur,
3449 4192 3632 4247 discat
3655 4188 3786 4260 quod

534 4296 741 4340 terram
775 4287 842 4340 de
872 4301 970 4340 suo
1008 4285 1321 4355 episcopatu
1356 4293 1784 4356 prinsumptuose
1813 4293 1870 4339 et
1898 4283 2108 4338 violen-
2209 4291 2424 4356 doceat,
2472 4287 2795 4344 informetur
2837 4285 2982 4356 quod
3025 4293 3224 4350 teneat,
3259 4294 3319 4340 ut
3343 4299 3432 4354 po.
3481 4323 3496 4335 .
3538 4325 3553 4338 .
3600 4325 3614 4337 .
3660 4322 3675 4336 .
3715 4322 3730 4336 .
3769 4321 3786 4336 .

531 4386 620 4431 ter
651 4385 835 4430 tenere
863 4376 1138 4431 videntur.
1170 4377 1393 4447 Insuper
1421 4377 1740 4447 deprecatus
1786 4385 1872 4431 est
1918 4384 1978 4429 ut
2015 4388 2110 4430 eos
2211 4395 2422 4444 errare,
2477 4378 2648 4448 quiet.
2707 4417 2720 4430 .
2767 4417 2780 4430 .
2824 4415 2840 4430 .
2883 4414 2897 4428 .
2942 4415 2956 4430 .
3004 4415 3018 4429 .
3070 4389 3176 4429 err.
3226 4413 3240 4426 .
3283 4412 3298 4427 .
3341 4411 3355 4427 .
3388 4373 3784 4427 den-onstrare.

529 4468 1157 4531 excommunicaremus,
1211 4478 1266 4523 et
1321 4468 1714 4524 maledictionis
1757 4467 1936 4536 jaculo
1986 4465 2106 4521 illos
2135 4486 2183 4546 ι)
2215 4470 2312 4526 Diu
2333 4484 2464 4541 ergo
2492 4467 2741 4540 religiosa
2776 4452 3131 4520 meditatione
3155 4463 3394 4533 poliatur
3417 4471 3497 4517 ut.
3545 4503 3559 4514 .
3602 4501 3619 4516 .
3662 4501 3677 4515 .
3717 4497 3733 4514 .
3771 4500 3783 4512 .

532 4561 939 4617 damnaremus.
965 4559 1129 4629 Cujus
1152 4561 1466 4632 petitionem
1495 4562 1752 4618 benevole
1782 4559 2102 4630 suscipiens,

526 4649 665 4722 jnssi
697 4666 799 4723 ego
826 4649 1062 4706 Joannes
1087 4667 1244 4722 papa,
1273 4667 1462 4707 servus
1489 4667 1768 4707 servorum
1805 4650 1918 4716 Dei,
1949 4658 2109 4704 tatem

533 4745 1151 4801 exeommunicationem
1191 4755 1245 4800 et
1294 4745 1727 4800 maledictionem
1782 4745 1920 4811 ﬁeri,
1975 4743 2112 4800 scri-

536 4847 684 4908 ptam
717 4853 878 4892 manu
915 4838 1131 4908 propria
1162 4837 1441 4893 Benedicti
1481 4837 1875 4906 archiepiscopi
1917 4836 2109 4892 nostri.

544 4926 805 4995 Conjacet
829 4937 1008 4982 autem
1038 4929 1226 4983 eadem
1269 4937 1413 4982 terra
1456 4929 1510 4982 in
1544 4929 1716 4999 patria
1756 4943 1875 4996 qua:
1914 4928 2114 4982 dicitur

538 5016 821 5056 Drnvinnin
890 5018 956 5056 (In
1001 5018 1212 5056 ohlvalin
1252 5019 1289 5056 ς
1343 5018 1722 5056 Qumnhnri-ui:
1795 5018 2112 5056 "\--=nnrn-n~

2212 4569 2285 4624 at,
2317 4567 2371 4614 et
2411 4558 2491 4613 sic
2534 4557 2753 4612 lucerna
2781 4569 2944 4625 super
2965 4553 3348 4608 candelabrum
3378 4554 3560 4622 posita
3594 4553 3785 4615 luceat,

2214 4659 2272 4707 ut
2317 4651 2544 4706 adversa
2585 4657 2870 4703 ventorum
2901 4646 2984 4700 vis
3013 4646 3228 4700 irruens
3262 4653 3590 4714 conceptam
3613 4641 3786 4700 crudi-

2213 4741 2375 4798 tionis
2423 4739 2695 4794 ﬂammam
2738 4753 2844 4792 non
2889 4736 3219 4805 exstinguat,
3257 4733 3350 4789 sed
3397 4743 3622 4803 augeat.
3661 4731 3785 4785 Nam

2211 4849 2334 4891 cum
2382 4834 2644 4903 scriptum
2689 4830 2784 4898 sit,
2833 4837 2894 4883 ut
2940 4828 3096 4898 prius
3145 4826 3267 4896 quis
3302 4825 3590 4896 probetur,
3626 4833 3683 4879 et
3715 4822 3787 4877 sic

2213 4924 2506 4988 ministret,
2559 4920 2732 4976 multo
2777 4919 3009 4990 amplius
3045 4926 3174 4973 ante
3208 4914 3527 4986 probandus
3552 4925 3666 4980 est,
3700 4914 3786 4984 qui

2219 5015 2403 5056 παι-...ἲς
2444 5015 2772 5056 :ntprmcmr
2806 5009 3118 5056 assumitur-
3152 5024 3222 5056 ne
3252 5007 3383 5056 flant
3413 5022 3594 5056 unum!
3626 5007 3786 5056 ruina
