3972 5428
1427 285 1785 347 ΕΡΙὸΤΟΙυΕ
1828 292 1912 348 ΕΤ
1959 293 2369 354 DII’LOSIATA.

3383 305 3487 363 990

232 384 308 439 ad
361 384 676 444 ambiendus
724 388 958 448 honores
1003 409 1187 451 sacros
1227 397 1528 470 irrcpserit.
1561 403 1819 459 Ordinate
1849 409 1894 467 Α
1923 409 2077 462 vobis
2099 408 2383 479 placuerit,
2407 413 2701 469 secundum
2723 411 2950 486 iustitiae
2971 416 3244 472 decretum
3265 435 3292 473 a
3318 429 3506 475 sancta

229 489 374 546 ergo
416 476 484 530 ad
531 477 751 535 ordines
797 485 1195 541 ascendendum
1237 499 1340 562 est.
1377 490 1532 547 Nam.
1579 535 1594 549 .
1635 533 1650 548 .
1695 535 1710 549 .
1748 535 1761 548 .
1801 534 1816 549 .

230 565 307 657 ad
358 583 572 623 summa
619 569 722 626 loci
772 573 988 646 fastigia
1041 580 1362 650 postpositis
1419 585 1678 653 gradibus
1725 602 1820 657 per

228 655 472 728 abrupta
533 663 726 730 quierit
779 679 1095 734 ascensura,
1148 678 1202 726 et
1245 673 1373 742 quia
1410 655 1818 732 Ger-undensem

227 744 540 804 Ecclesiam
571 751 689 807 sine
714 754 884 824 plebis
911 766 964 811 et
995 761 1175 830 populi
1219 761 1481 818 electione
1509 768 1820 838 episcopum

228 838 571 910 neopbytum
599 855 976 901 conmcratum
1015 851 1340 920 audivimus,
1378 856 1633 923 quoniam
1675 859 1819 914 nulla

227 929 380 983 ratio
429 931 553 986 sinit
594 943 652 987 ut
684 933 826 988 inter
848 937 1130 1012 episcopos
1165 941 1452 1011 habeatur,
1488 947 1632 1016 quod
1658 963 1760 1005 nec
1788 965 1820 1006 a

226 1021 456 1079 clericis
509 1026 588 1081 sic
614 1026 839 1095 electus,
871 1044 970 1087 nec
995 1048 1025 1086 a
1055 1033 1302 1105 plebibus
1328 1047 1621 1108 expetitus,
1647 1042 1822 1099 modis

225 1115 495 1171 omnibus
543 1118 792 1182 volumus
844 1132 898 1178 et
938 1123 1214 1195 jubemus,
1254 1137 1310 1184 et
1355 1129 1598 1200 ejusdem
1626 1132 1685 1188 S.
1717 1132 1822 1189 Ge-

224 1206 526 1264 rundensis
589 1209 846 1268 Ecclesia
913 1215 1168 1273 Attonem
1227 1220 1405 1277 virum
1455 1224 1820 1281 venerabilem

225 1297 786 1373 archiprzesulem,fet
814 1305 1147 1365 confratrem
1181 1319 1426 1367 nostrum
1459 1314 1820 1384 provisorem,

221 1396 285 1444 et
340 1391 762 1461 gubernatorem
807 1397 910 1468 ipsi
946 1399 1205 1458 Ecclesiae
1229 1405 1283 1460 in
1313 1407 1566 1462 omnibus
1589 1424 1824 1480 praeesse

225 1481 646 1548 constituimus,
681 1486 753 1540 ita
793 1502 926 1545 sane
971 1499 1030 1544 ut
1068 1491 1281 1562 plebem
1329 1505 1387 1552 et
1429 1498 1688 1570 populum
1716 1501 1821 1556 sibi

223 1575 595 1664 commissum
629 1579 709 1635 sic
740 1581 891 1651 juste
942 1593 996 1640 et
1043 1587 1305 1644 canonice
1349 1601 1522 1660 regat,
1554 1602 1822 1664 quatenus

222 1675 336 1733 pro
377 1663 454 1720 ill.
499 1705 514 1718 .
558 1706 572 1724 .
617 1707 631 1722 .
657 1670 992 1730 redditurus.
1035 1714 1051 1730 .
1091 1717 1106 1732 .
1152 1717 1168 1732 .
1211 1716 1227 1733 .
1257 1677 1480 1738 Judici..
1517 1721 1536 1740 .
1572 1663 1590 1739 .
1634 1723 1650 1738 .
1691 1725 1705 1740 .
1745 1723 1760 1740 .
1800 1723 1818 1741 .

932 1788 1122 1847 XXVI.

206 1883 445 1949 i101}!le
475 1890 620 1934 ΡΔΡΞ
660 1896 757 1935 XIII
800 1897 1055 1940 EPISTOLA
1095 1901 1162 1940 AD
1209 1902 1498 1945 CNIVERSOS
1547 1905 1824 1947 EPISCOPOS

696 1968 997 2009 BRITANNI£
1037 1971 1361 2015 ειτεκιοιηδ.

852 2043 1032 2114 (Anno
1060 2047 1209 2117 972.)

532 2119 782 2205 [Martem
814 2137 967 2192 Thes.
993 2140 1190 2194 Auecd.
1219 2138 1340 2206 III,
1371 2139 1522 2214 868.]

231 2209 390 2276 Vetat
412 2238 476 2304 ne
499 2221 792 2280 Turonensi
817 2229 1215 2304 archiepiscopo
1229 2209 1690 2304 resulting-donec
1715 2234 1822 2304 ipsa

431 2293 497 2350 de
529 2311 709 2350 eorum
746 2293 1096 2354 controversia
1115 2293 1380 2370 judicium
1419 2303 1594 2356 tulerit

299 2403 540 2462 Joannes
568 2421 758 2462 servus
787 2423 1066 2464 servorum
1099 2411 1215 2476 Dei,
1246 2411 1534 2483 episcOpus
1563 2412 1820 2469 Romamn

222 2497 405 2562 urbis,
447 2497 499 2551 in
539 2497 760 2554 Christo
807 2500 1070 2558 fratribus
1104 2505 1374 2559 universis
1423 2507 1692 2576 episcopis
1737 2508 1819 2562 cio

226 2587 452 2641 terioris
517 2589 811 2646 Britannia:
867 2593 1096 2648 salutem
1153 2595 1204 2649 in
1260 2595 1479 2652 Christo
1529 2608 1584 2652 et
1631 2599 1817 2654 visita-

225 2678 458 2733 tionem.

300 2768 443 2836 Quia
476 2771 594 2827 vice
630 2772 778 2830 beati
810 2775 953 2830 Petri
997 2776 1364 2848 apostolorum
1397 2780 1680 2852 principis,
1715 2783 1820 2839 Do-

221 2862 377 2917 mino
405 2864 514 2918 Deo
535 2864 810 2936 dignante,
847 2871 1088 2924 omnium
1113 2871 1467 2927 ecclesiarum
1494 2889 1682 2928 curam
1696 2891 1816 2930 sns-

222 2956 514 3025 cepimus,
565 2958 985 3014 sollicitudinem
1057 2977 1162 3032 qua
1206 2962 1632 3034 uniuscujusque
1685 2966 1818 3022 fides

223 3050 441 3121 integra
473 3050 525 3104 in
555 3051 745 3108 eodem
791 3053 1019 3109 Domino
1049 3064 1376 3122 reservetur,
1407 3057 1523 3112 sine
1547 3073 1652 3128 qua
1699 3059 1820 3114 nul-

222 3137 312 3193 lus
354 3140 404 3193 ci
436 3140 648 3208 placere
686 3141 907 3208 valebit,
933 3144 1132 3215 ubique
1163 3161 1355 3201 severe
1381 3147 1674 3204 observare
1725 3150 1819 3205 dc-

223 3231 441 3285 bemus.
466 3231 698 3302 Ideoque
719 3243 903 3289 notum
927 3235 996 3290 sit
1013 3237 1166 3292 vobis
1188 3238 1444 3308 quoniam
1460 3239 1818 3297 charissinius

225 3317 402 3373 frater
430 3333 614 3376 noster
633 3322 938 3390 Ardninus,
969 3334 1173 3382 sancta:
1205 3327 1538 3384 Turonensis
1565 3330 1820 3386 Ecclesia:

223 3409 693 3481 archiepiscopus,
719 3413 946 3469 veniens
977 3416 1043 3469 ad
1091 3417 1457 3486 apostolorum
1488 3417 1679 3474 limina
1711 3421 1819 3476 Ilo-

227 3515 378 3554 mam
405 3512 639 3568 oratum,
670 3505 1033 3574 interpellavit
1061 3523 1161 3562 nos
1189 3509 1333 3577 quod
1365 3524 1488 3578 jura
1515 3510 1595 3565 sui
1641 3511 1820 3566 archi-

225 3593 598 3665 episcopatus,
633 3612 752 3668 qute
796 3599 865 3654 ab
897 3599 1136 3670 antiquis
1190 3601 1526 3670 temporibus
1576 3617 1672 3673 per
1721 3604 1816 3658 de-

227 3695 380 3740 creta
424 3700 736 3743 sanctorum
785 3690 1103 3759 pontificum
1145 3701 1348 3747 sanctae
1399 3691 1656 3748 Romana:
1699 3709 1817 3748 ma-

223 3778 331 3831 tris
366 3778 618 3836 Ecclesia:
644 3782 755 3836 suis
781 3781 1272 3853 praedecessoribus
1308 3797 1565 3840 concessa
1613 3793 1668 3840 et
1692 3798 1821 3840 con-

226 3869 441 3925 firmata
475 3871 715 3937 fuerunt,
758 3890 787 3929 a
832 3885 1016 3930 vestro
1045 3875 1451 3948 archiepiscopo
1488 3885 1543 3932 et
1587 3877 1702 3933 suis
1727 3877 1820 3933 de-

224 3964 535 4019 eessoribus
575 3982 673 4036 per
714 3968 1026 4025 violentiam
1073 3980 1130 4023 et
1175 3984 1511 4040 paganorum
1552 3969 1819 4026 Norman-

225 4069 418 4108 norum
443 4059 884 4114 contrarietatem
925 4059 1136 4116 sublata
1170 4060 1445 4115 videntur.
1495 4060 1653 4117 Unde
1691 4076 1821 4132 apo-

223 4143 414 4225 s:oli_ca
458 4149 778 4205 auctoritate
808 4151 960 4206 vobis
987 4152 1174 4207 sciatis
1204 4151 1316 4225 (ll)
1349 4152 1720 4218 interdictum,
1752 4168 1820 4207 ne

224 4223 368 4290 illius
400 4237 507 4291 ullo
541 4241 824 4311 moiojnri
859 4242 1127 4298 resistatis
1157 4223 1433 4314 deinceps,
1469 4243 1536 4299 de
1561 4243 1817 4298 omnibus

224 4341 344 4397 qua:
383 4330 673 4398 przcdictus
715 4334 1156 4404 archiepiscopus
1208 4336 1494 4390 confirmat
1549 4335 1820 4404 archiepi-

1852 1751 1899 1812 Β

1922 496 2163 552 Romana
2184 500 2424 556 Ecclesia
2449 512 2734 572 statutum,
2759 507 3124 576 permaneatis
3147 524 3270 563 cum
3297 509 3390 565 Dei
3412 510 3506 566 be-

1922 587 2296 645 benedictione
2327 590 2378 646 in
2413 595 2616 649 unitate
2645 607 2844 651 nostra:
2867 597 3146 653 catholicae
3179 601 3512 657 communio-

1923 680 2027 734 nis.
2062 679 2271 736 Interea
2321 682 2498 738 sciant
2547 687 2696 756 regni
2732 689 2897 742 vestri
2953 689 3222 756 hutnines,
3269 691 3508 746 maxime

1922 774 2236 844 nobiliores,
2285 780 2604 835 nominatim
2662 781 3036 853 Bercngarius,
3086 797 3144 841 et
3194 787 3335 844 filius
3379 804 3510 846 suns

1921 863 2182 934 Conatus,
2213 880 2268 924 et
2298 869 2428 925 lloel
2452 887 2572 927 cum
2610 873 2779 930 fratre
2805 892 2903 930 suo
2933 876 3199 946 Gucrech,
3233 897 3353 934 cum
3400 897 3509 937 ca:-

1925 957 2056 1012 tcris
2098 960 2417 1030 majoribus,
2445 972 2503 1018 ut
2529 963 2575 1020 si
2605 976 2791 1020 contra
2815 964 3084 1034 justitiam
3135 969 3510 1028 inobedientes

1923 1045 2126 1102 fuerint
2149 1048 2275 1106 huic
2297 1061 2500 1108 nostra:
2518 1054 2773 1125 jussioni,
2799 1065 2855 1111 et
2894 1058 3152 1112 contrarii
3184 1073 3276 1113 seu
3334 1061 3511 1116 rebel-

1923 1138 2002 1194 les
2027 1141 2333 1198 exstiterint
2360 1145 2619 1215 praedicto
2645 1146 2800 1202 fratri
2834 1156 3017 1204 nostro
3057 1147 3358 1205 Turonensi
3396 1150 3514 1221 epi-

1923 1246 2110 1302 scopo,
2155 1234 2266 1290 sint
2293 1244 2348 1291 et
2377 1236 2478 1307 ipsi
2527 1240 2984 1296 exconnnunicati
3016 1249 3069 1296 ct
3101 1250 3289 1298 nostra
3338 1241 3507 1300 bene-

1925 1321 2160 1382 dictione
2191 1327 2484 1398 apostolica
2506 1329 2726 1400 privati.

2615 1441 2806 1500 XXVII

1995 1547 2338 1590 PBIVILEGIUI
2375 1550 2592 1592 JOANNIS
2629 1553 2777 1592 PAPE
2826 1554 2924 1594 XIII
2967 1555 3069 1595 PRO
3104 1556 3448 1597 DONASTEIIO

2537 1623 2904 1664 CLUNIACENSI.

2481 1723 2659 1793 (Anno
2695 1725 2976 1795 965-972.)

1929 1807 2166 1887 Hicterio
2185 1812 2856 1887 ArelatensitAmblardo
2906 1817 3274 1887 Lugdunensi,
3320 1817 3520 1872 Theru-

1997 1880 2153 1952 lgntdo
2185 1881 2483 1945 Viennensi.
2523 1886 2790 1952 Stephano
2813 1880 3270 1951 Claroniontenti,
3304 1889 3514 1943 Aimom’

2009 1949 2389 2016 Valentinrnai,
2415 1966 2536 2016 etc..
2570 1949 2828 2010 Muiolum
2851 1958 3088 2012 abbatem
3119 1949 3514 2014 Cluniaccmem

1995 2021 2209 2093 ejusque
2236 2027 2552 2080 "tenuate-riu
2580 2029 2930 2083 commendat.

2406 2114 2640 2187 [Bullan
2669 2117 2912 2172 Cluniae.
2946 2118 3030 2191 5.}

1992 2220 2228 2279 Joassss
2263 2225 2583 2298 episcopus,
2615 2243 2807 2284 servus
2847 2245 3129 2284 servorum
3165 2230 3296 2296 Dei,
3332 2231 3519 2286 fratri-

1922 2313 2022 2368 bus
2051 2331 2105 2370 et
2135 2317 2468 2387 coepiscopis
2504 2334 2602 2388 per
2636 2319 2797 2374 urbes
2827 2319 3122 2375 Galliarum
3161 2321 3516 2376 consistenti-

1922 2405 2024 2460 bus
2054 2416 2108 2460 ct
2137 2409 2548 2478 praasidentibus
2574 2451 2588 2475 ,
2621 2409 2889 2477 "torento
2919 2412 3135 2466 scilicet
3167 2411 3472 2467 Arelatensi
3499 2453 3515 2477 ,

1922 2499 2219 2555 AMBLARDO
2281 2499 2671 2572 Lngdnnensi,
2740 2503 3109 2559 Tcurnntruo
3173 2503 3514 2568 Viennensi,

1923 2591 2210 2648 Srnpusno
2247 2592 2704 2656 Claramontensi,
2741 2594 2936 2649 Aluum
2972 2594 3362 2658 Valentinensi,
3397 2593 3518 2648 Wt-

1921 2699 2045 2738 uonu
2087 2683 2455 2749 Vesonticnsi,
2505 2685 2675 2739 Apost
2733 2683 3146 2748 Matisconensi,
3192 2683 3512 2740 Faorcsmo

1921 2775 2296 2841 Cabilonensi,
2332 2775 2548 2830 Wmosi
2585 2774 2936 2840 Vallaviensi,
2974 2775 3250 2829 Lonnmco
3284 2775 3518 2829 Avenio-

1921 2867 2096 2932 nensi,
2136 2866 2396 2922 GERALDO
2435 2865 2771 2930 Genevensi,
2817 2865 3098 2921 blacsemo
3144 2865 3512 2929 Lausanensi,

1919 2955 2162 3012 Luscino
2191 2955 2415 3011 Lurensi
2437 2996 2452 3021 ,
2499 2955 2792 3012 Rosncno
2835 2955 3170 3021 Vivariensi,
3199 2954 3512 3026 apostolica:

1922 3050 2150 3120 gratiam
2206 3049 2602 3105 benedictionis
2649 3059 2705 3104 et
2751 3049 2978 3120 gloriam
3019 3058 3236 3109 aeterna:
3281 3047 3516 3103 beatitu-

1927 3139 2088 3193 diuis.

1995 3229 2266 3286 Lmtamur
2310 3232 2463 3288 valde
2511 3232 2562 3287 in
2615 3233 2845 3287 Domino
2890 3241 2945 3287 et
2984 3231 3322 3288 exsnllamus
3369 3230 3514 3302 quod

1923 3323 2143 3378 dilectio
2170 3321 2266 3378 Dei
2307 3332 2362 3379 et
2395 3325 2636 3379 charitas
2665 3323 2930 3395 proximi,
2967 3339 3129 3394 quain
3175 3338 3272 3378 vos
3308 3323 3514 3377 studio-

1922 3413 2140 3469 sissime
2169 3415 2462 3469 multorum
2497 3416 2760 3471 relatione
2792 3417 3098 3471 andiximus
3125 3416 3418 3480 custodire,
3445 3415 3514 3470 ad

1921 3503 2039 3556 vias
2072 3503 2284 3557 Domini
2325 3515 2381 3559 et
2430 3505 2682 3559 mandata
2721 3506 2852 3561 facit
2901 3521 2996 3561 vos
3039 3505 3310 3560 subtiliter
3347 3507 3516 3560 anhe-

1921 3593 2056 3658 lare,
2080 3603 2139 3647 ut
2162 3593 2515 3662 pontificatus
2541 3596 2706 3650 vestri
2737 3595 3030 3650 discretum
3057 3595 3299 3664 regimen
3325 3595 3512 3650 multis

1922 3692 2126 3738 sanctae
2155 3683 2413 3740 Ecclesia:
2435 3684 2559 3740 filiis
2589 3687 2957 3742 necessarium
2988 3695 3208 3757 praestet
3238 3685 3510 3741 levamen.

1921 3775 2074 3843 Quod
2121 3775 2422 3832 manifestis
2471 3777 2879 3848 probationibus
2929 3793 3027 3832 vos
3068 3792 3284 3846 semper
3333 3775 3515 3830 facere

1921 3867 2296 3924 desideramus
2322 3869 2409 3938 pie
2434 3877 2489 3923 et
2511 3883 2920 3924 commonemus
2952 3877 3010 3923 nt
3031 3869 3290 3923 virtutum
3323 3867 3515 3938 pennis

1921 3957 1990 4012 ad
2015 3958 2258 4013 coelestia
2289 3959 2639 4014 convolantcs
2665 3960 2846 4028 plures
2878 3960 2945 4014 ad
2973 3960 3246 4014 Christum
3286 3957 3515 4028 populus

1923 4047 2142 4102 trahere
2169 4057 2292 4118 post
2326 4063 2421 4102 vos
2459 4049 2698 4119 possitis.
2734 4048 2987 4104 Nostrum
3022 4064 3258 4118 namque
3301 4057 3383 4103 est
3418 4062 3515 4102 vos

1921 4141 2131 4196 hortari
2165 4156 2232 4195 ne
2264 4141 2476 4196 Domini
2506 4140 2865 4211 disciplinam,
2899 4157 2996 4212 per
3016 4155 3176 4210 quam
3202 4139 3517 4211 pervenitur

1923 4233 1991 4286 ad
2029 4231 2278 4303 gloriam,
2307 4233 2708 4302 parvipendatis
2734 4243 2826 4286 aut
2855 4232 3125 4303 negligere
3147 4230 3348 4286 vetitis!
3372 4230 3516 4297 Quo-

1919 4323 2066 4378 niam
2103 4338 2196 4378 vos
2239 4324 2402 4386 estis,
2442 4330 2498 4376 ut
2531 4323 2606 4376 ait
2649 4323 2936 4388 Dominus,
2979 4322 3070 4376 lux
3111 4320 3296 4376 mundi
3339 4330 3394 4376 et
3433 4320 3515 4376 sal

223 4419 466 4486 scopam}
495 4436 593 4474 εηο
634 4422 906 4491 pertinere
937 4424 1154 4492 debere,
1181 4441 1464 4495 quousque
1494 4425 1582 4480 ευρ
1638 4434 1819 4480 vester
1847 4443 1897 4502 Β
1925 4422 2118 4478 ωτι-ω,
2167 4414 2366 4482 quibus
2411 4413 2682 4468 commisit
2733 4413 2994 4467 Dominus
3050 4412 3210 4467 Jesus
3263 4412 3515 4466 Christus

223 4507 698 4578 archiepiscopus,
743 4520 834 4577 aut
876 4511 1074 4582 aliquis
1117 4529 1182 4567 ex
1217 4514 1369 4568 vobis
1401 4529 1523 4568 cum
1570 4513 1818 4568 Arduino

222 4598 663 4669 archiepiscopo,
692 4601 805 4656 sive
842 4617 965 4656 cum
1009 4617 1108 4657 suo
1143 4602 1522 4673 sull'raganeo,
1573 4604 1656 4658 vel
1705 4604 1816 4658 alio

223 4689 362 4742 fideli
396 4689 562 4743 misso
591 4691 656 4743 ad
686 4699 925 4744 nostram
957 4701 1200 4746 sanctam
1251 4701 1477 4746 matrem
1511 4693 1812 4748 Ecclesiam

222 4780 426 4843 veniat,
462 4789 520 4832 ut
550 4780 620 4834 ibi
644 4783 988 4850 praecognitis
1020 4785 1199 4840 causis
1229 4785 1370 4838 inter
1399 4801 1491 4840 vos
1529 4794 1583 4839 et
1639 4784 1812 4850 illum,

221 4872 364 4938 quod
400 4887 616 4941 aequum
645 4877 1154 4944 comprobabimns,
1183 4878 1476 4932 deﬁniatur
1503 4879 1567 4932 ad
1602 4877 1814 4932 laudem

218 4963 310 5018 Dei
344 4974 402 5019 et
453 4964 671 5018 Domini
720 4967 888 5021 nostri
937 4965 1062 5021 Jesu
1118 4969 1343 5024 Christi.
1377 4969 1529 5036 Quod
1573 4971 1617 5024 si
1658 4970 1817 5024 aliter

216 5068 377 5122 quam
398 5053 660 5123 jubemns
689 5065 878 5109 contra
909 5057 1236 5113 voluntatem
1269 5058 1384 5128 ejus
1413 5058 1652 5114 feceritis
1673 5101 1686 5125 ,
1720 5075 1813 5114 co-

213 5146 494 5208 gnoscatis
522 5147 878 5208 vosmetipsos
911 5147 1002 5202 Dei
1033 5157 1087 5202 et
1118 5149 1175 5204 Β.
1209 5150 1353 5205 Petri
1394 5152 1654 5208 Drineinis
1679 5169 1783 5208 ano

1925 4503 2224 4558 Ecclesiam
2271 4519 2426 4558 suam
2473 4504 2791 4572 regendam,
2844 4520 3008 4573 quam
3052 4505 3341 4572 acquisivit
3380 4519 3512 4558 san-

1923 4597 2083 4665 guine
2110 4611 2228 4650 suo.
2261 4595 2456 4649 Notum
2491 4597 2674 4666 itaque
2707 4595 2856 4650 vobis
2877 4596 3125 4657 facimus,
3151 4594 3510 4660 dilectissimi,

1926 4691 2068 4762 quod
2099 4689 2262 4744 latior
2287 4699 2341 4743 et
2369 4690 2598 4758 amplior
2623 4687 3010 4758 speeialissime
3049 4685 3204 4740 nobis
3233 4693 3316 4740 est
3337 4727 3352 4752 ,
3383 4686 3515 4740 cha-

1924 4784 2059 4837 ritas
2090 4783 2237 4837 circa
2270 4782 2658 4835 monasterium
2695 4781 3013 4843 Clnniense,
3043 4778 3130 4834 cui
3155 4778 3432 4848 sapienter
3457 4789 3516 4835 et

1922 4874 2082 4928 beate
2147 4882 2341 4944 praeest
2400 4873 2756 4928 charissimus
2823 4871 2963 4927 filius
3026 4880 3211 4926 noster
3281 4872 3516 4930 domnus

1922 4963 2151 5020 Maiolus
2194 4965 2363 5018 abbas
2406 4965 2579 5030 vobis,
2631 4973 2688 5018 ut
2732 4963 3027 5028 credimus,
3067 4963 3206 5016 bene
3248 4971 3413 5019 notus
3457 4974 3518 5021 ut

1922 5064 2048 5126 pote
2087 5055 2169 5107 vir
2193 5053 2496 5122 religiosus,
2527 5069 2687 5124 quem
2719 5054 2871 5108 vobis
2897 5053 3157 5108 attentius
3196 5061 3254 5105 et
3283 5052 3519 5125 diligen-

1921 5145 2030 5200 tius
2061 5160 2183 5198 cum
2229 5147 2578 5201 monasteriis
2606 5145 2880 5206 omnibus.
2910 5161 3030 5206 ante
3071 5142 3188 5206 ejus
3218 5153 3352 5199 sunt
3391 5151 3524 5204 sub—
