3972 5428
519 352 616 411 91H

1813 352 2098 411 massis
2134 354 2251 425 xui
2290 352 2527 410 mea
2580 371 2595 389 τ

3682 352 3813 411 99%

518 464 658 522 fulta
687 472 743 520 et
773 462 1888 535 roborata,Deiotuuipotentisdisponente
1908 466 2101 537 gratia,
2134 468 2185 529 Α
2210 465 2460 533 locellum
2477 506 2513 534 ,ε
2535 463 2625 533 qui
2667 478 2698 517 a
2738 461 3016 532 Stephano
3060 463 3181 519 viro
3220 462 3423 519 illustri
3465 469 3632 534 atque
3681 465 3821 538 eius.

519 575 617 637 vos
653 556 1111 626 commouefacio,
1144 567 1202 613 ιιι
1241 558 1549 628 quicunque
1606 570 1831 630 potens.
1878 559 1961 613 vel
1991 575 2110 629 per»

522 664 656 730 sona
696 648 923 719 alicujus
959 648 1216 703 momenti
1248 649 1606 719 praecininens
1645 665 1731 705 res
1770 665 1863 705 seu
1905 665 2112 720 posses—

521 740 705 797 siones
721 754 835 809 1am
862 738 1130 795 dictorum
1162 740 1401 797 locorum
1431 742 1727 809 pervadere
1748 755 1880 796 ausu
1907 741 2113 797 nefario

525 833 838 897 tcntaverit,
869 846 1157 887 censuram
1188 842 1383 887 vestrae
1411 832 1987 888 excommunicatiouis
2007 833 2114 887 disc

523 920 920 988 trictissimam,
950 938 1075 999 mox
1109 930 1165 975 ut
1189 923 1579 992 cognoverltis,
1619 923 2042 980 irrevocabilitor
2061 932 2115 981 et

520 1010 701 1068 acrius
741 1012 1004 1079 incurrat,
1047 1023 1101 1069 et
1135 1028 1167 1067 a
1205 1023 1475 1068 conventu
1515 1013 1751 1069 [idolium
1778 1024 2111 1086 segregetur,

522 1120 621 1175 per
663 1115 906 1160 vestram
937 1122 1110 1161 necne
1153 1106 1588 1163 testiﬁcationem
1621 1108 1755 1163 satis
1795 1107 2113 1163 formidabi-

528 1195 634 1252 lem
678 1188 899 1253 vinculo
931 1207 1132 1253 nostrae
1172 1199 1752 1255 exconununieatiouis
1800 1216 1860 1257 se
1906 1203 2118 1257 noverit

523 1274 861 1371 colligatum,
894 1289 1066 1344 donec
1098 1290 1475 1347 satisfactione
1504 1307 1746 1365 congrua
1791 1295 2114 1364 resipiscat,

525 1388 583 1435 et
641 1381 884 1451 prmdicti
922 1376 1249 1437 monasterii
1303 1387 1440 1453 patri
1501 1385 1695 1442 Maiolo
1753 1386 2116 1442 humilitatem

529 1473 792 1528 exhibeat
835 1474 1045 1527 veniam
1095 1474 1418 1545 postulando
1465 1485 1519 1530 et
1566 1480 1965 1547 consequendo.
2024 1479 2121 1533 De-

535 1564 700 1635 nique
764 1581 859 1619 vos
897 1563 1086 1632 adiuro
1140 1566 1241 1621 sub
1278 1567 1621 1622 invocatione
1661 1568 2019 1623 sanctissimae
2066 1579 2121 1623 et

534 1656 828 1713 individua:
879 1645 1190 1715 Trinitatis
1225 1668 1388 1728 atque
1453 1661 1775 1714 auctoritate
1825 1659 2120 1730 apostolica

535 1749 751 1803 enixius
767 1750 1036 1820 prati-ipio,
1062 1759 1137 1817 et,
1162 1761 1218 1804 ut
1237 1749 1433 1820 fratres
1459 1752 1815 1807 charissimos
1835 1768 1986 1823 rogo,
2012 1768 2116 1806 non

528 1837 694 1893 licere
720 1840 875 1895 vobis
905 1841 1186 1910 IH‘JEICI‘II'C
1226 1843 1329 1897 hoc
1369 1842 1539 1895 nostri
1589 1843 1799 1912 pondus
1828 1844 2113 1913 praecepti,
2148 1824 2192 1889 Β

519 1931 669 2000 “quod
691 1941 742 1985 et
767 1941 970 1986 sauctze
999 1931 1250 1987 licclesite
1272 1932 1533 1987 exultatio
1552 1940 1604 1987 el
1625 1944 1803 1987 vestra
1828 1932 1891 1987 ad
1915 1942 2117 1988 (eterna

526 2019 674 2099 bona
704 2028 788 2078 est
822 2023 1116 2093 provectio.
1156 2022 1232 2078 Te
1262 2023 1426 2076 etiam
1449 2064 1463 2087 ,
1494 2022 1666 2077 frater
1702 2032 1756 2077 et
1798 2025 2119 2094 coepisc0pe

528 2112 833 2184 Stephano,
886 2113 938 2167 in
990 2113 1214 2167 Domino
1257 2113 1505 2183 alloquor
1546 2128 1644 2182 pro
1675 2113 1837 2168 insita
1880 2113 2120 2168 bonitate

528 2203 628 2259 tibi
657 2212 715 2258 ut
736 2203 1030 2274 compellas
1054 2204 1408 2258 Atnblardum
1443 2202 1652 2258 ﬁdelem
1685 2212 1832 2256 tuum
1858 2203 2122 2260 Celsinia-

524 2295 688 2359 .nensi
701 2295 950 2349 ctenobio
962 2295 1238 2367 propriam
1256 2305 1476 2365 terram,
1493 2310 1653 2366 quam
1672 2296 1935 2351 hactenus
1946 2296 2121 2351 eidem

528 2386 1157 2459 subtraxitmonasterio,
1175 2385 1529 2459 [restituere],
1547 2397 1603 2442 ut
1617 2397 1706 2442 tuo
1721 2386 1927 2456 judicio
1939 2402 2125 2442 corre-

531 2488 651 2535 ctus
689 2478 944 2551 ligamina
973 2480 1231 2536 terribilis
1251 2479 1831 2536 cxcommunicationis
1851 2489 1907 2535 et
1934 2493 2124 2549 paruas

533 2581 753 2628 mternze
779 2572 1144 2628 damnationis
1172 2574 1404 2645 evadere
1426 2574 1628 2644 possit;
1656 2574 1912 2644 quoniam
1939 2574 1986 2629 si
2017 2585 2124 2629 non

524 2666 1260 2738 resipuerit,interminabili
1317 2668 1665 2723 anathemate
1712 2668 1961 2724 ferietur.
2017 2666 2127 2722 Res

534 2774 753 2829 quoque
777 2759 947 2829 exigit
974 2768 1033 2812 ιιι
1061 2758 1157 2813 tibi
1186 2758 1366 2829 aliqua
1402 2760 1680 2825 dicamus,
1715 2757 1886 2815 frater
1911 2758 2125 2815 charis-
2152 2764 2161 2777 ‘

535 2851 695 2916 sime,
729 2859 787 2906 et.
816 2849 1050 2905 amando
1075 2850 1273 2929 domne
1312 2851 1429 2905 Ado
1455 2851 1706 2921 episcope
1725 2891 1739 2916 ,
1773 2866 1935 2922 quem
1957 2890 1972 2917 ,
2001 2850 2129 2907 licet.

535 2959 646 3000 non
676 2942 995 3009 viderimus,
1035 2960 1102 2999 ex
1146 2943 1365 3009 nomine
1404 2944 1656 2999 novimus
1696 2944 1749 2999 in
1791 2944 1937 2999 onmi
1969 2944 2131 3015 Spiri-

530 3033 669 3090 tuali
715 3033 978 3113 bonitate.
1036 3031 1407 3106 Elllagitamus
1456 3036 1639 3106 itaque
1686 3035 2129 3107 benignissimum

527 3135 645 3181 tua:
688 3125 1036 3195 paternitatis
1082 3125 1442 3191 dulcedinem,
1486 3135 1547 3181 ιιι
1589 3143 1699 3197 quo
1748 3127 1976 3183 vicinior
2011 3140 2131 3182 esse

539 3215 743 3271 videris
768 3216 976 3286 prmfati
1006 3216 1324 3271 monasterii
1347 3216 1566 3283 scholae,
1596 3225 1651 3271 et
1677 3224 1763 3271 tua
1794 3217 2133 3287 protectione

546 3322 650 3378 pro
697 3318 787 3363 tuo
831 3324 989 3377 posse
1031 3307 1261 3363 celerior
1308 3308 1539 3363 fratrum
1582 3308 2000 3364 necessitatibus
2043 3324 2135 3364 oc-

545 3406 767 3465 currat,
810 3399 902 3467 qui
954 3408 1007 3454 te
1053 3412 1123 3453 ex
1167 3400 1464 3477 abundanti
1512 3400 1781 3456 charitate
1820 3401 2048 3472 diligunt
2079 3411 2134 3457 et

542 3490 691 3557 ulnis
734 3493 900 3546 totius
938 3493 1142 3547 amoris
1177 3492 1574 3563 perfectissime
1618 3494 1891 3562 ambiunt,
1923 3504 1980 3550 et
2015 3512 2131 3550 am-

532 3580 707 3652 plecti
749 3580 1090 3643 desiderant.
1135 3582 1404 3649 Quocirca
1455 3584 1763 3640 Cluniensis
1819 3586 2133 3641 monasterii

543 3687 762 3743 semper
809 3683 927 3731 esto
971 3683 1278 3746 protector,
1322 3675 1465 3731 sicut
1495 3676 1637 3732 beati
1671 3675 1819 3732 Petri
1855 3693 1914 3733 es
1964 3677 2137 3733 fidelis

534 3771 779 3831 ,amator.

1226 3859 1463 3916 XXVIII.

530 3965 763 4025 .JOANXIS
812 3968 960 4011 »ΔΜ-ι
1002 3970 1095 4010 XIII
1137 3971 1480 4011 Ριιινιιεωωι
1529 3971 1860 4012 ΑειΑιιιειιοκι
1911 3971 2137 4012 ιιειιεκσι

963 4041 1378 4083 Αιιοιιιι-ῖριδεοιιο
1404 4044 1663 4083 CONCESSU
1673 4043 1705 4081 ιι
1718 4069 1732 4082 .

1164 4120 1341 4192 (Anno
1382 4120 1533 4191 979.)

553 4204 843 4283 Conﬁrmat
901 4211 1193 4283 decretum,
1221 4211 1568 4266 Adalberonis
1612 4214 1704 4283 qui
1748 4215 2033 4268 monac/tos
2086 4212 2141 4267 iu

688 4278 1005 4334 Masomensi
1033 4282 1263 4335 (ωηοὺιυ
1287 4300 1381 4351 pro
1411 4278 1678 4337 canonicis
1709 4285 2015 4339 coliocarat.

720 4366 902 4441 [Apud
932 4368 1126 4440 .‘llansi,
1161 4369 1364 4426 Concil.
1394 4382 1525 4428 tom.
1552 4372 1704 4440 XIX,
1742 4373 1846 4429 col.
1880 4375 1998 4449 31.]

627 4459 859 4517 JUANSES
892 4463 1212 4534 episcopus,
1244 4480 1432 4521 servus
1467 4481 1749 4522 servorum
1786 4467 1901 4531 Dei,
1935 4469 2141 4524 charis-

558 4555 697 4612 sinto
724 4556 777 4611 in
808 4557 1035 4613 Dontiuo
1062 4557 1216 4613 fratri
1246 4560 1590 4616 Anamsnom
1622 4571 1827 4617 sancta:
1856 4562 2142 4619 Bernensis

559 4645 815 4704 Ecclesia:
843 4650 1160 4721 dignissimo
1188 4640 1581 4723 arChipt-zcsuli,
1612 4663 1927 4724 perpetuam
1954 4655 2012 4711 in
2038 4655 2145 4711 Do-

540 4732 709 4817 :miuo
734 4741 988 4799 salutem.

633 4826 977 4889 Si'ecelesias
1010 4835 1166 4907 longe
1199 4835 1412 4906 lateque
1442 4837 1668 4893 diﬂ'usas
1698 4839 1884 4894 divino
1912 4850 2047 4895 nutu
2090 4839 2146 4896 in

565 4933 757 4978 sancta
802 4926 1062 4996 religione
1092 4944 1340 4984 crescere
1382 4936 1793 5001 cognoscimus,
1834 4932 1944 4988 Deo
1973 4934 2148 4989 (mini-

520 5000 771 5083 Cputenti
813 5012 1059 5075 laudibus
1095 5019 1371 5075 exsultare
1403 5000 1717 5091 gratiasque
1743 5021 1902 5094 juges
1943 5023 2149 5079 referre

546 5101 843 5179 debemus.
877 5098 1214 5179 Quapropter
1239 5114 1592 5184 cognovimus
1621 5121 1706 5168 tua
1739 5114 2004 5168 industria
2034 5123 2149 5170 sta-

564 5200 775 5277 bilitum
816 5202 867 5256 iu
904 5201 1143 5258 Mosomo
1183 5187 1394 5272 castro,
1428 5207 1570 5277 quod
1603 5216 1687 5263 est
1728 5224 1892 5279 super
1928 5207 2149 5264 ﬂuvium

568 5290 760 5338 Mnsm.
796 5296 848 5338 in
877 5298 1229 5338 vnnnrnlinnn
1266 5300 1357 5338 nni
1408 5301 1685 5338 anniti-ini:
1722 5301 1904 5338 .‘Jﬁﬂn
1963 5318 2152 5338 "anno-

2158 3169 2204 3234 C

2170 4515 2217 4575 D

2216 556 2446 627 conjuge
2471 553 2762 619 Freduide,
2794 552 2891 607 Tiu
2922 554 3140 617 nomine
3173 553 3506 611 constitutus
3528 594 3545 618 ,
3575 564 3806 610 sancto-

2212 663 2323 717 que
2376 646 2625 718 Deutigio
2671 646 2986 716 suppositus
3021 644 3162 709 fuit,
3193 661 3351 716 quem
3385 646 3563 701 eidem
3611 661 3810 701 mona—

2216 739 2389 797 SLerio
2422 738 2682 805 Mosomo,
2717 739 2845 808 quia
2885 752 2985 806 per
3027 754 3085 794 se
3121 740 3190 795 ob
3220 739 3572 808 exiguitatem
3619 752 3809 794 rerum

2215 842 2364 889 atare
2400 846 2506 886 non
2539 839 2773 901 poterat.
2802 830 3103 896 contulisti,
3135 830 3348 886 collatis
3382 830 3547 885 rebus
3573 830 3629 884 in
3664 845 3813 884 com-

2215 925 2534 997 pensatione
2554 923 2614 978 B.
2645 923 2915 993 Remigio,
2942 923 3409 1001 consentientibus
3432 921 3718 977 fratribus.
3742 920 3814 975 Ut

2216 1026 2400 1075 autem
2444 1025 2737 1085 Cognoscat
2766 1016 3023 1071 universa
3056 1016 3298 1071 Ecclesia
3343 1030 3445 1070 nos
3476 1016 3814 1070 unanimiter

2216 1109 2487 1167 assentire
2513 1127 2528 1163 :
2557 1125 2587 1163 a
2626 1118 2682 1164 te
2715 1108 2913 1164 collata
2956 1107 3041 1163 vel
3076 1107 3404 1162 conferenda
3425 1149 3439 1169 ,
3481 1122 3574 1168 seu
3625 1120 3661 1159 a
3691 1105 3814 1174 qui-

2217 1199 2474 1266 buslibet,
2500 1200 2552 1255 in
2587 1200 2746 1255 torris
2786 1198 2947 1255 cultis
2971 1207 3026 1254 et
3064 1199 3311 1261 incultis,
3357 1199 3566 1265 vineis,
3594 1197 3823 1268 pratis,

2216 1293 2492 1359 ecclesiis,
2547 1292 2837 1363 mancipiis
2872 1292 3155 1362 utriusque
3186 1305 3381 1356 sexus;
3428 1288 3608 1359 aquis,
3643 1304 3813 1358 aqua-

2222 1400 2344 1441 rum
2373 1384 2718 1448 decursibus.
2750 1383 2805 1437 in
2829 1380 3081 1439 omnibus
3109 1381 3179 1435 ad
3206 1380 3584 1450 supradictum
3623 1392 3813 1433 mona-

2212 1474 2450 1531 sterium
2494 1471 2931 1543 pertinentibus,
2962 1470 3026 1524 B.
3059 1469 3210 1527 Petri
3251 1468 3632 1551 apostolorum
3678 1467 3816 1538 prin-

2217 1568 2390 1638 cipis,
2424 1577 2482 1623 et
2517 1566 2723 1633 nostri,
2766 1566 3053 1621 firmamus
3092 1565 3347 1629 decreto,
3376 1572 3662 1633 quatenus
3701 1560 3826 1617 sine
3885 1564 3889 1567 “

2214 1660 2390 1727 livore
2418 1658 2808 1714 oblatrantium
2847 1656 3000 1712 locus
3032 1656 3248 1727 quietes
3286 1664 3341 1711 et
3373 1640 3715 1710 inviolabilis
3734 1652 3812 1722 ju-

2219 1752 2360 1823 giter
2383 1760 2721 1820 permaneat.
2752 1748 2818 1809 Si
2857 1749 2993 1818 quis.
3028 1747 3258 1811 interea,
3300 1748 3447 1818 quod
3468 1788 3473 1793 .
3497 1762 3621 1800 non.
3649 1744 3815 1801 credi—

2221 1858 2362 1905 mus,
2404 1841 2696 1896 temerario
2729 1855 2863 1895 ausu
2902 1848 3091 1894 contra
3135 1854 3199 1894 ea
3228 1854 3348 1908 qua:
3387 1838 3458 1892 ab
3491 1839 3597 1893 hac
3637 1848 3815 1891 nostra

2220 1932 2549 1988 auctoritate
2583 1932 2671 2002 pie
2708 1939 2762 1987 et
2790 1930 3017 1985 ﬁrmiter
3042 1946 3137 1999 per
3176 1931 3277 1985 hoc
3308 1937 3562 1985 nostrum
3599 1926 3814 1996 privile—

2220 2042 2367 2095 gtum
2402 2025 2662 2095 disposita
2704 2035 2860 2091 sunt,
2895 2023 2973 2078 ire
3005 2022 3297 2077 tentaverit
3319 2061 3336 2085 ,
3365 2020 3452 2075 vel
3497 2023 3617 2075 haec
3646 2034 3813 2089 quzea

2222 2119 2379 2173 nobis
2405 2118 2474 2173 ob
2500 2117 2712 2172 Iaudem
2746 2115 2839 2171 Dei
2871 2129 2970 2185 pro
3000 2113 3294 2170 stabilitate
3311 2110 3425 2181 jam
3458 2111 3593 2165 dicti
3638 2125 3816 2165 nona-

2221 2209 2398 2274 sterii,
2426 2216 2626 2264 statuta
2663 2214 2820 2271 sunt,
2860 2205 3111 2273 frangere
3147 2210 3202 2259 et
3244 2203 3298 2258 in
3327 2213 3610 2273 quoquam
3645 2209 3813 2255 trans.

2216 2302 2396 2370 gredi,
2423 2300 2561 2356 sciat
2582 2314 2643 2356 se
2663 2298 2991 2355 auctoritate
3017 2296 3075 2352 Β.
3107 2295 3279 2361 Petri,
3306 2293 3485 2364 cuius.
3509 2308 3813 2365 quanquam

2228 2391 2507 2458 immeriti,
2541 2390 2685 2445 vices
2706 2389 2937 2461 agimus,
2965 2386 3328 2443 anathematis
3348 2384 3573 2440 vinculo
3598 2384 3823 2439 innodat

2227 2493 2366 2549 tum,
2397 2492 2453 2539 et
2478 2499 2601 2539 cum
2627 2481 2839 2538 diabolo
2860 2489 2913 2537 et
2938 2479 3073 2536 Juda
3104 2478 3369 2534 traditore
3393 2476 3617 2532 Domini
3656 2474 3813 2531 nostri

2224 2575 2355 2633 Jesu
2399 2576 2606 2633 Christi
2650 2583 2853 2631 aeterno
2907 2571 3163 2629 incendio
3215 2569 3713 2628 concremandunt.
3750 2567 3814 2623 At

2226 2682 2357 2724 vero
2382 2667 2473 2738 qui
2504 2667 2593 2738 pio
2615 2666 2813 2721 intuitu
2827 2666 3148 2723 observator
3173 2650 3512 2718 inbomnibus
3531 2660 3811 2724 exstiterit,

2228 2757 2542 2815 custodiens
2566 2757 2736 2813 nostri
2763 2753 3045 2826 apostolici
3075 2752 3353 2808 constituti
3386 2751 3459 2805 ad
3492 2749 3701 2806 cultum
3730 2748 3811 2805 Dei

2229 2850 2572 2922 respicientis
2598 2848 3040 2920 preceptlmtem,
3069 2843 3473 2903 benedictionis
3504 2839 3735 2911 gratiam
3762 2848 3817 2903 et,

2228 2942 2548 3001 delictorum
2610 2954 2836 2996 suorum
2885 2935 3280 3009 indulgentiam
3323 2940 3722 3003 consequatur.
3766 2940 3814 2986 et

2229 3032 2355 3089 vita:
2378 3040 2595 3088 acterna:
2614 3029 2889 3101 particeps
2909 3025 3195 3083 etiiciatur.

2306 3124 2581 3194 Scriptum
2617 3137 2715 3192 per
2756 3134 2977 3177 manum
3009 3115 3270 3186 Stephani
3312 3112 3592 3171 scriniarii
3638 3120 3814 3168 sancta:

2237 3214 2493 3271 llomante
2517 3211 2799 3276 Ecclesiae,
2827 3210 2879 3265 in
2908 3221 3094 3263 mense
3119 3204 3309 3275 Aprili.
3336 3202 3475 3259 Data
3512 3218 3614 3272 per
3648 3213 3813 3256 manus

2233 3304 2465 3361 Δηὼ-ειη
2491 3301 2733 3373 episcopi
2767 3316 2820 3355 ut
2854 3298 3081 3373 Kalend.
3124 3294 3271 3359 Maii,
3306 3309 3452 3349 aitno
3485 3293 3815 3363 pontificalis

2226 3395 2438 3453 .doatiui
2472 3394 2641 3451 nostri
2685 3391 3013 3447 sanctissimi
3041 3384 3350 3461 [Joannes],
3377 3393 3433 3437 et
3462 3384 3616 3439 tertii
3644 3380 3815 3437 decimi

2236 3502 2410 3558 paptc,
2440 3485 2701 3554 septimo;
2738 3483 2947 3553 imperii
2997 3490 3176 3534 autem
3226 3475 3288 3529 D.
3340 3474 3568 3530 Ottonis
3616 3468 3815 3539 majoris

2234 3575 2463 3646 Augusti
2494 3590 2570 3641 xu,
2592 3574 2827 3646 junioris
2857 3589 2918 3637 ιι,
2954 3570 3143 3642 quinto
3163 3608 3178 3634 ,
3205 3567 3258 3620 in
3296 3578 3489 3620 mense
3518 3562 3714 3639 Aprili,
3747 3559 3816 3619 itt-

2237 3666 2472 3723 dictione
2495 3681 2585 3721 xv.
2906 3717 2912 3723 .

2942 3753 3135 3810 ΧΧῘΧ.

2236 3866 2453 3909 ιοιιδκιε
2486 3865 2636 3909 ΡΑΡΑΕ
2671 3865 2769 3905 XIII
2810 3863 3070 3904 EPISTOLA
3099 3861 3167 3901 AD
3197 3855 3591 3899 ADALBERONII
3626 3851 3813 3896 ιιιιιιιιο

2721 3936 2822 3976 δεδι
2874 3931 3347 3973 Λιιςιιιειιιδεορωι.

2853 4012 3032 4083 (Anno
3079 4006 3230 4079 972.)

2494 4102 2834 4177 Privilegium
2872 4101 3175 4155 monasterii
3224 4097 3285 4153 S.
3343 4096 3587 4167 Remigii.

2607 4195 2821 4269 [Massu
2842 4192 3067 4255 Coucil.,
3105 4188 3293 4253 XVlll,
3321 4184 3477 4259 485.]

2314 4286 2548 4345 Joaxxes
2578 4290 2891 4357 episcopus,
2922 4299 3111 4340 servus
3142 4297 3423 4337 servorum
3450 4280 3578 4343 Dei,
3601 4276 3817 4333 dilectis:

2244 4381 2384 4437 simo
2408 4383 2460 4437 in
2496 4379 2722 4436 Domino
2769 4377 2925 4432 fratri
2965 4376 3339 4434 ADALBEBONI,
3371 4379 3578 4426 sanctae
3606 4367 3816 4424 Reme»

2246 4476 2321 4529 sis
2348 4471 2603 4549 Ecclesia;
2632 4468 2946 4542 dignissimo
2976 4462 3370 4536 archiprmsuli,
3396 4469 3712 4533 perpetuam
3739 4471 3816 4512 sa-

2246 4563 2436 4620 luteln.

2317 4657 2580 4713 Convenit
2631 4651 2956 4725 apostolatui
3014 4658 3220 4714 nostro,
3271 4650 3383 4718 'pro
3433 4643 3705 4700 universis
3738 4638 3813 4694 Dei

2246 4747 2526 4809 Ecclesiis,
2558 4761 2626 4798 ne
2655 4746 2855 4800 damna
2894 4756 3078 4798 rerum
3113 4753 3331 4794 suarum
3384 4736 3714 4795 sustineant,
3737 4727 3816 4783 sed

2249 4837 2421 4908 magis
2449 4850 2660 4905 semper
2700 4835 2755 4887 in
2782 4832 2974 4888 melius
3011 4838 3307 4900 augeantur
3342 4837 3401 4882 et
3443 4832 3715 4887 crescant,
3739 4833 3817 4873 cu-

2250 4945 2366 4985 ram
2417 4928 2637 4983 habere.
2686 4926 2852 4996 Igitur
2902 4926 3026 4995 quia
3061 4918 3424 4976 fraternitatis
3476 4927 3585 4970 tua:
3624 4910 3815 4969 dilectio

2250 5036 2348 5076 nos
2376 5018 2686 5090 postulavit,
2717 5023 2983 5085 quatenus
3013 5010 3400 5067 monasterium
3434 5007 3581 5079 qqu
3614 5013 3814 5073 corpore

2250 5109 2395 5166 beati
2434 5107 2662 5178 Remigii
2698 5104 3037 5169 nobilitatur,
3087 5101 3364 5173 privilegio
3399 5108 3603 5153 sancta:
3644 5103 3817 5150 nostra:

2252 5201 2396 5257 sedis
2423 5198 2734 5270 apostolica:
2762 5195 3120 5258 muniremus,
3151 5194 3294 5263 quod
3344 5191 3413 5244 ad
3465 5188 3555 5243 Dei
3597 5185 3818 5251 omnipo-

2255 5278 2417 5338 ιἰ-ιιιῑς
2442 5291 2676 5338 laudem.
2700 5299 2753 5338 ot
2778 5287 3017 5338 eiusdem
3046 5285 3185 5338 beati
3216 5281 3442 5338 lierniaii
3478 5277 3816 5334 honoriﬁcen-
