3972 5428
160 229 277 296 983

161 346 563 406 eoiiﬁrmamus
598 345 652 395 et
690 326 1112 394 eorroboramus
1140 318 1251 385 hoc
1296 332 1499 382 nostras
1526 323 1762 380 auctori-

162 439 307 495 tatis
343 431 626 507 privilegio
673 440 862 482 omnes
899 421 1291 494 possessiones,
1336 426 1634 485 omnesque
1675 426 1764 468 res

165 529 405 588 mobiles
440 535 495 580 et
524 519 847 584 immobiles,
873 531 992 587 qua:
1014 513 1118 569 dici
1141 521 1197 567 et
1225 508 1493 564 nominari
1514 514 1763 577 possunt,

166 623 237 679 de
296 618 477 682 terris,
511 614 702 676 vineis,
739 610 914 667 servis
957 616 1012 661 et
1044 604 1278 669 ancillis,
1308 601 1514 658 colonis
1539 611 1595 655 et
1622 599 1768 655 ροισι

167 709 378 772 nabus,
430 702 675 761 aediliciis
726 710 782 756 et
849 695 1296 757 habitationibus,
1359 692 1648 754 thesauris,
1711 696 1767 742 et

113 787 122 799 ’
167 800 538 863 Ornamentis,
569 807 623 852 et
658 793 983 865 quibuslibet
1008 785 1634 860 pecuniis.‘Statuentes
1667 781 1768 835 sub

171 895 349 951 divini
370 889 559 960 judicii
586 884 971 946 obtestatione,
1005 888 1060 935 et
1080 875 1444 972 pnathematis
1470 872 1659 927 validis
1689 871 1769 924 iu-

173 981 616 1045 terdictiouibus,
642 987 699 1031 ut
726 989 1025 1045 nunquam,
1075 968 1248 1042 neque
1285 968 1424 1023 nllus
1455 981 1569 1031 res,
1597 976 1770 1033 neque

171 1073 622 1142 archiepiscopus
649 1067 733 1123 vel
763 1065 1074 1137 episcopus,
1101 1061 1185 1116 vel
1214 1059 1377 1115 etiam
1400 1054 1767 1127 quorumlibet

170 1162 463 1220 hominum
488 1173 677 1229 magna
705 1169 980 1227 parvaque
1004 1164 1260 1223 persona,
1281 1155 1574 1221 prtesumat
1596 1146 1769 1200 eidem

171 1249 676 1309 archiinonasterio
708 1247 775 1301 ad
806 1246 1062 1301 damnum
1085 1244 1197 1297 sive
1227 1240 1532 1296 molestiam
1564 1238 1772 1291 incum-

170 1349 337 1409 bere,
377 1345 494 1399 sive
520 1343 586 1397 de
616 1343 779 1395 rebus
823 1346 878 1393 et
915 1334 1350 1408 possessionibus
1370 1332 1537 1401 ipsius
1560 1327 1774 1383 auferre

102 1452 115 1463 ‘
167 1446 233 1491 et
262 1436 527 1489 alienare.
557 1428 972 1499 Promulgamus
1014 1435 1193 1480 autem
1227 1432 1285 1480 et
1320 1424 1423 1477 hoc
1448 1423 1774 1476 auctoritate

172 1530 241 1585 Β.
291 1528 466 1592 Petri,
518 1524 885 1596 apostolorum
918 1519 1210 1591 principis,
1251 1531 1348 1586 per
1397 1514 1556 1584 hujus
1603 1511 1774 1567 nostri

170 1621 472 1694 apostolici
502 1617 770 1689 privilegii
805 1613 1271 1673 constitutionem,
1295 1616 1358 1663 ut
1384 1606 1567 1663 omnia
1596 1619 1716 1674 qua:
1742 1617 1771 1657 a

175 1674 243 1769 I5
261 1674 371 1766 vel
393 1674 802 1779 aquibuslivbet
841 1703 1042 1761 Christi
1094 1700 1343 1757 ﬁdelibus
1366 1699 1541 1754 eidem
1592 1695 1772 1751 arebi-
1807 1674 1851 1734 Β

174 1801 524 1859 monasterio
563 1802 762 1855 donata
791 1806 937 1863 sunt,
970 1795 1053 1851 vel
1081 1796 1138 1849 in
1166 1793 1407 1848 futurum
1437 1791 1636 1845 donata
1668 1786 1776 1842 lue-

172 1896 324 1960 «rint,
380 1894 537 1948 ﬁrma
590 1890 886 1946 stabilitate
931 1888 998 1943 ad
1024 1886 1116 1955 jus
1153 1895 1210 1942 et
1259 1882 1554 1940 dominium
1609 1879 1779 1950 ipsius

179 1991 598 2057 permaneant:
645 1996 744 2037 nec
772 1979 994 2035 licentia
1020 1978 1092 2031 sit
1136 1975 1388 2044 cuiquam
1433 1971 1662 2036 homini,
1696 1976 1779 2031 vel

185 2077 467 2140 conferre,
496 2074 581 2129 vel
610 2073 850 2127 alienare
876 2070 1005 2142 quid
1032 2085 1097 2125 ex
1124 2067 1378 2124 omnibus
1408 2078 1530 2134 qua:
1553 2062 1620 2116 ad
1651 2060 1781 2116 illud

185 2168 492 2240 pertinent,
517 2165 624 2220 nisi
654 2165 722 2220 ad
746 2176 1087 2220 communem
1108 2159 1397 2215 utilitatem
1420 2152 1779 2210 roborandam
1870 2173 1875 2177 υ

174 2259 438 2331 iustitiae,
472 2266 526 2313 et
554 2256 785 2327 gratiam
824 2251 1183 2324 competentis
1203 2245 1667 2307 commutationis.
1698 2242 1784 2299 ln-

178 2364 360 2419 super
392 2347 663 2402 abbatiam
697 2345 883 2401 Sancti
916 2341 1210 2406 Timothei,
1240 2354 1403 2409 quam
1435 2336 1610 2392 eidem
1640 2332 1779 2387 San-

174 2449 281 2496 -cto
312 2439 561 2511 Remigio
596 2437 663 2493 ad
700 2451 856 2499 usum
906 2432 1291 2505 hospitalitatis
1320 2439 1411 2487 tua
1459 2426 1653 2496 largita
1700 2431 1785 2480 est
1864 2448 1871 2453 -

192 2529 489 2594 industria,
518 2536 787 2600 quatenus
822 2541 945 2582 cum
975 2536 1211 2590 tuorum,
1240 2531 1352 2577 tum
1374 2521 1536 2576 etiam
1567 2531 1786 2574 succes-

193 2638 383 2679 sorum
412 2630 573 2691 atque
613 2619 1022 2681 monachorum,
1058 2617 1124 2672 ad
1153 2615 1424 2684 hospitum
1452 2609 1783 2674 necessaria,
1870 2634 1873 2637 λ

176 2729 323 2769 rara
351 2711 727 2768 benevolentia
761 2725 866 2766 non
897 2706 1134 2772 deﬁciat,
1168 2705 1337 2761 abbas
1358 2704 1458 2758 loci
1484 2700 1781 2772 provideat,

173 2815 366 2876 .atque
403 2804 471 2859 ad
502 2817 844 2859 communem
872 2800 1164 2869 utilitatem
1199 2795 1526 2851 distribuat:
1555 2793 1629 2847 ita
1653 2792 1788 2845 duu-

178 2902 375 2959 ,taxat,
406 2905 475 2947 ne
511 2890 986 2961 archiepiscopalis
1014 2886 1286 2945 all'luentia
1314 2885 1368 2939 in
1401 2884 1514 2940 suis
1536 2882 1784 2947 nimium,

198 3000 305 3038 non
339 2993 500 3052 prout
532 2982 675 3036 ferre
704 2981 855 3036 locus
880 2979 1071 3050 possit,
1094 2976 1337 3033 excedat.
1362 2973 1418 3030 Si
1442 2974 1563 3043 quis
1584 2979 1785 3035 autem,

200 3077 345 3147 quod
380 3092 485 3130 non
514 3083 787 3144 optamus,
834 3070 1047 3127 nefario
1077 3084 1236 3133 ausu,
1277 3075 1466 3122 contra
1503 3064 1662 3134 hujus
1694 3076 1790 3116 no-

171 3169 299 3235 ,stri
334 3165 619 3238 apostolici
655 3164 920 3236 privilegii
952 3163 1203 3234 paginam
1242 3161 1421 3215 sciens
1450 3171 1611 3228 agere
1649 3169 1789 3226 prze-
1860 3174 1867 3181 ·

201 3257 521 3328 sumpserit,
579 3256 718 3311 sciat
771 3270 837 3310 se
880 3254 974 3308 Dei
1021 3262 1075 3307 et
1112 3252 1172 3307 S.
1225 3249 1373 3305 Petri
1428 3246 1792 3323 apostolorum

203 3348 487 3421 principis,
534 3356 849 3416 nostraeque
889 3343 1210 3399 humilitatis
1234 3341 1438 3413 judicio
1475 3351 1792 3393 excommu-

206 3441 473 3502 nicatum,
513 3438 621 3492 imo
647 3436 1159 3491 anathematizatum
1199 3447 1318 3486 cum
1351 3427 1564 3485 diabolo
1592 3436 1647 3481 et
1673 3416 1794 3479 om-

204 3531 368 3586 uibus
389 3527 588 3599 impiis,
619 3528 814 3597 quibus
845 3532 1180 3597 prmparatus
1213 3532 1298 3577 est
1334 3519 1605 3576 cruciatus
1638 3525 1797 3571 teter-

205 3640 330 3681 nus.
363 3622 464 3691 Qui
496 3637 622 3676 vero
644 3620 731 3690 pio
762 3611 959 3674 intuitu
990 3619 1094 3672 hoc
1115 3616 1406 3671 observare
1435 3620 1492 3665 et
1522 3596 1797 3687 custodire
1860 3640 1865 3643 -

170 3782 177 3785 Α
209 3712 499 3776 studuerit,
533 3726 563 3764 a
616 3708 1126 3764 misericordissima
1160 3704 1409 3760 Domino
1438 3702 1550 3756 Deo
1613 3699 1798 3754 nostro
1857 3731 1865 3738 -

208 3802 602 3861 benedictionis
633 3801 886 3872 gratiam,
920 3809 976 3854 et
1005 3808 1220 3852 :etcrna:
1248 3796 1369 3848 vita:
1394 3791 1625 3864 gloriam
1656 3792 1799 3843 inter

208 3906 430 3952 sanctos
456 3904 509 3949 et
539 3895 740 3950 electos
771 3890 1024 3959 consequi
1058 3895 1349 3943 mereatur.

281 3986 498 4058 Scripta
528 4001 626 4056 per
654 4000 846 4040 manus
873 3981 1130 4052 Stephani
1161 3976 1431 4034 seriniarii
1459 3982 1661 4030 sanctae
1689 3971 1800 4026 lio-

211 4095 387 4135 mana:
421 4077 697 4140 Ecclesiae,
736 4076 789 4131 in
829 4089 1013 4131 mense
1062 4073 1191 4141 Apr.
1246 4069 1434 4123 indict.
1477 4067 1563 4122 15.
1603 4066 1799 4120 Datum

212 4185 308 4240 per
339 4185 556 4224 manum
580 4168 810 4223 Androm
833 4164 1073 4236 episcopi
1103 4179 1195 4217 νιιι
1222 4160 1449 4217 Kalend.
1485 4150 1632 4224 Maii,
1658 4170 1803 4213 anno

213 4258 559 4329 pontiﬁcatus
598 4255 799 4312 domini
856 4254 1028 4310 nostri
1083 4251 1309 4308 Joannis
1364 4249 1694 4305 sanctissimi
1746 4255 1803 4303 et

1367 200 1728 271 siver
1772 198 1865 268 Er
1902 200 2315 265 Dll‘LOMA'l‘A.

1791 330 1837 387 Α
1931 332 2033 389 que
2058 317 2194 389 αδέσὶ
2215 312 2503 389 interdicit.
2529 311 2583 366 ὃ.
2620 306 3233 389 Εξεοηιιηιςηίςαιίρηίφ
3258 302 3445 358 adt-cr-

3341 192 3449 249 9M

1937 375 2027 442 ius
2064 375 2366 449 diripienles
2415 393 2461 437 et
2493 375 3286 451 perturbantes_bona_ejusdem
3326 388 3449 451 pro-

1938 442 2235 527 mitigati}.
2266 442 2681 506 Benedirliouent
2721 442 3133 517 bcnefactoribus
3174 442 3445 513 elargitur.

2084 545 2435 618 [Mancanm,
2468 540 2671 595 Bullar.
2704 538 2910 603 Cosin.,
2954 555 3076 609 pug.
3120 533 3234 606 $5.]

1938 636 2045 691 Pax
2080 634 2194 689 Dei.
2217 663 2291 676 ›-
2323 631 2553 687 Joassrzs
2582 630 2885 699 episcopus,
2931 640 3120 681 servus
3165 638 3447 679 servorum

1869 730 1985 793 Dei,
2026 728 2238 782 dilecta:
2287 739 2440 789 metr,
2485 732 2541 778 et
2576 722 2626 774 in
2665 720 3031 790 spiritualibus
3079 718 3198 773 ﬁlia:
3242 718 3453 771 domum

1868 818 2159 875 Auamma;
2186 814 2546 873 serenissima:
2571 815 2821 881 Augustm
2851 809 3203 879 imperatrici.

1940 910 2202 979 Quoniam
2232 905 2572 967 concedenda
2622 910 2745 958 sunt
2776 916 2894 972 qua:
2925 895 3329 953 rationabilibus
3359 897 3454 950 de«

1870 1001 2086 1056 sidcriis
2117 997 2389 1070 pertinere
2428 1003 2746 1057 noscuntur,
2792 988 2961 1045 nostri
2999 988 3329 1055 apostolatus
3364 1000 3455 1038 ana

1872 1082 2141 1157 claritate,
2182 1092 2247 1144 ad
2290 1087 2590 1143 roboranda
2638 1086 2722 1154 pia
2775 1083 3060 1138 devotione
3114 1087 3299 1133 sancta
3337 1077 3453 1132 loca

1872 1182 2322 1246 construentium,
2353 1181 2405 1233 in
2438 1177 2755 1249 przestandis
2780 1173 3077 1244 privilegiis
3107 1172 3262 1225 debet
3299 1169 3455 1222 min.-

1873 1291 1959 1331 me
1980 1274 2257 1346 abnegari.
2296 1271 2345 1325 l.
2377 1271 2540 1340 Igitur
2582 1266 2913 1321 excellentiae
2949 1279 3140 1317 vesmc
3171 1261 3457 1315 laudabilis

1874 1368 2234 1425 mansuetudo
2263 1363 2546 1435 postulavit
2580 1378 2608 1415 a
2648 1360 2822 1423 nobis,
2872 1368 3137 1427 quatenus
3185 1362 3457 1408 monastco

1875 1460 2013 1514 rium
2046 1457 2138 1511 Dei
2175 1497 2190 1521 ,
2218 1465 2271 1509 et
2300 1453 2510 1509 Domini
2554 1450 2725 1505 nostri
2772 1446 3089 1509 Salvatoris,
3145 1445 3306 1499 situm
3352 1458 3457 1497 non

1874 1548 2030 1620 longe
2055 1566 2083 1603 a
2123 1545 2394 1603 Ticincnsi
2429 1543 2667 1607 civitate,
2699 1540 2839 1610 quod
2878 1538 2943 1592 ad
2992 1534 3200 1590 laudem
3246 1543 3300 1588 ct
3346 1535 3457 1604 εἰσ·

1879 1640 2013 1693 riam
2066 1637 2301 1692 nominis
2348 1634 2463 1702 ejus
2510 1632 2666 1686 modo
2710 1629 3023 1691 aediﬁcasse,
3057 1639 3367 1689 renovasse,
3406 1629 3463 1676 et

1870 1729 2228 1799 exstruxisse,
2287 1724 2673 1796 religiososque
2721 1718 3014 1773 monachos
3059 1715 3459 1786 aggrcgrtione,

1876 1822 1975 1877 sub
2014 1818 2335 1874 venerabilis
2375 1814 2584 1869 abbatis
2632 1810 2862 1886 regulari
2909 1810 3249 1863 institutione
3301 1820 3463 1861 exco-

1877 1911 2061 1976 luisse,
2091 1922 2145 1966 et
2174 1928 2239 1965 ex
2269 1909 2501 1981 propriis
2531 1906 2694 1959 rebus
2722 1904 2924 1957 ditasse
2970 1900 3248 1962 videmini,
3300 1897 3465 1969 privi-

1880 2004 2033 2075 legiis
2077 2012 2276 2058 sancta:
2322 1999 2578 2053 Romanm
2628 2006 2683 2051 et
2728 1993 3034 2064 apostolicrc
3083 1989 3243 2052 sedis,
3293 1989 3466 2044 modis

1878 2096 2128 2151 omnibus
2167 2094 2472 2155 decoretur,
2522 2097 2578 2142 ut
2626 2089 2727 2142 sub
2777 2083 3102 2155 patrocinio,
3151 2091 3203 2136 et
3240 2080 3464 2134 tuitione

1880 2195 2081 2244 sancta:
2115 2193 2331 2249 nostrtc,
2365 2183 2450 2236 cui
2483 2182 2590 2235 Deo
2618 2188 2840 2233 auctore
2892 2174 3245 2239 deservimus,
3276 2172 3465 2227 Eccle-

1881 2276 1974 2331 site
1991 2258 2367 2336 constitutum,
2393 2270 2592 2325 nullius
2624 2268 2878 2324 Ecclesize
2902 2264 3010 2335 juri
3041 2275 3095 2319 et
3122 2265 3311 2319 ditioui
3342 2264 3468 2318 sub-

1884 2368 2153 2423 mittatur.
2210 2365 2276 2419 Et
2327 2364 2447 2419 ideo
2485 2361 2685 2417 vestris
2728 2360 2831 2431 piis
2874 2357 3154 2413 desideriis
3200 2355 3466 2420 faventes,

1884 2456 1987 2512 hac
2042 2464 2224 2510 nostra
2287 2451 2580 2523 apostolica
2640 2448 2963 2505 auctoritate
3011 2445 3372 2509 decernimus,
3414 2444 3470 2499 id

1885 2547 2060 2619 ipsum
2092 2545 2373 2618 pt‘tel'atmtt
2410 2542 2620 2598 Domini
2656 2540 2828 2596 nostri
2860 2538 3163 2593 Salvatoris
3199 2545 3471 2591 monaste-

1886 2639 2027 2693 rium
2055 2637 2271 2701 amodo,
2306 2643 2361 2689 et
2386 2649 2555 2703 usque
2583 2632 2636 2687 iu
2667 2631 2824 2685 ﬁnem
2866 2629 3070 2695 sa‘culi,
3101 2629 3201 2683 sub
3229 2629 3470 2698 patroci—

1888 2729 1979 2783 nio
2034 2737 2088 2781 et
2117 2725 2342 2780 tuitione
2392 2732 2594 2779 sancta:
2646 2721 2901 2776 “ornante
2938 2717 3227 2783 Ecclesiae,
3254 2726 3311 2772 et
3338 2728 3472 2788 apo“-

1888 2817 2091 2872 stolicte
2125 2815 2313 2871 matris
2340 2813 2614 2880 Eccl‘esitc,
2643 2827 2765 2866 cum
2792 2810 3044 2866 omnibus
3096 2823 3216 2876 quae
3245 2806 3311 2862 ad
3341 2805 3473 2861 illud

1889 2911 2198 2980 pertinent,
2258 2905 2663 2977 pertmendum.
2731 2902 3031 2958 Statuimus
3078 2914 3312 2969 namque
3374 2896 3476 2953 sub

1814 2998 1867 3089 ρ’
1893 3003 2053 3058 divini
2079 3001 2268 3071 judicii
2299 2997 2659 3055 obtestatione
2682 3003 2736 3051 et
2765 2994 2907 3049 beati
2935 2992 3080 3047 Petri
3111 2989 3475 3062 apostolorum

1893 3094 2189 3167 principis,
2237 3099 2547 3165 nostrajque
2599 3086 2920 3141 humilitatis
2975 3082 3382 3148 interdictione,
3419 3086 3480 3134 ut

1892 3184 2069 3239 nullus
2099 3190 2357 3253 unqt’tam,
2392 3179 2805 3251 imperatorum,
2841 3184 3052 3245 regum,
3100 3174 3477 3244 episcoporum

1891 3286 1946 3332 et
1994 3276 2219 3340 dueum,
2273 3273 2685 3335 marchionum,
2733 3270 3019 3334 comitum,
3067 3262 3477 3329 vicccomituui,

1894 3365 2309 3435 gastaldionum,
2339 3362 2621 3431 nullusque
2651 3360 2929 3414 hominum
2952 3358 3003 3411 in
3026 3355 3269 3426 quolibet
3291 3353 3482 3413 ordine

1893 3465 1946 3508 et
1975 3453 2276 3507 ministerio
2302 3451 2648 3528 constitutus,
2702 3448 2895 3502 audeat
2926 3447 3149 3499 moleste
3177 3443 3357 3498 causis
3404 3441 3482 3495 ci-

1896 3545 2018 3599 dem
2052 3524 2390 3597 monasterio
2429 3539 2764 3602 incumbere,
2812 3537 3064 3593 videlicet
3111 3536 3177 3589 de
3212 3535 3372 3589 rebus
3423 3542 3483 3591 et

1895 3634 2354 3706 possessionibus,
2387 3632 2454 3687 de
2480 3629 2834 3685 usteosilibus
2875 3635 2929 3681 et
2974 3625 3312 3680 ornamentis
3361 3640 3483 3695 quae

1895 3728 1944 3783 ei
1974 3725 2246 3798 pertinere
2275 3723 2549 3787 videntur,
2574 3720 2952 3789 quoquomodo
2979 3715 3195 3771 auferre
3225 3725 3316 3769 aut
3344 3715 3451 3770 alie
3476 3745 3483 3751 -

1900 3834 2030 3876 nare
2056 3824 2366 3890 praesumat.
2402 3815 2510 3870 Nec
2537 3812 2835 3883 quamlibet
2863 3808 3143 3872 malitiam,
3173 3816 3229 3861 et
3254 3805 3483 3876 iacturae

1900 3909 2225 3973 molestiam,
2253 3905 2453 3961 ibidem
2484 3905 2598 3959 sive
2628 3902 2774 3973 pacis
2803 3910 3058 3970 tempore,
3089 3899 3203 3954 sive
3232 3896 3354 3954 belli
3382 3898 3483 3968 ipsi

1899 3998 2100 4053 inferre
2141 4006 2386 4050 conetur.
2434 3992 2683 4048 Profecto
2730 4007 2851 4047 eum
2888 4001 3139 4058 semper,
3191 3996 3251 4042 ut
3293 3987 3486 4056 prmiti-

1902 4100 2047 4146 ctum
2077 4097 2181 4153 est,
2213 4087 2365 4142 ﬁrma
2390 4086 2700 4145 stabilitate,
2728 4084 2828 4138 sub
2851 4080 3153 4153 patrocinio
3179 4089 3234 4135 et
3259 4080 3486 4137 tuitione

1903 4191 2108 4238 sanetae
2133 4189 2332 4236 nostra:
2354 4178 2622 4251 Romana:
2654 4176 2844 4231 matris
2878 4173 3130 4228 Ecclesia:
3159 4186 3486 4244 permanen-

1905 4274 2031 4330 dum
2076 4273 2439 4336 decernimus,
2488 4268 2874 4325 couﬁrmamus
2915 4277 2969 4320 et
3019 4266 3386 4320 concedimus.
3416 4291 3490 4305 --

174 4358 182 4366 '
218 4351 359 4406 tertii
394 4349 588 4406 decimi
619 4364 768 4420 papae
796 4347 849 4415 8,
890 4346 1099 4416 imperii
1146 4352 1326 4399 autem
1362 4340 1563 4397 domini
1592 4338 1787 4396 Ottouit

1909 4366 1964 4420 Ἄ.
1995 4364 2327 4433 Baptisnmm
2356 4360 2597 4417 etiamin
2642 4359 2845 4415 eisdem
2886 4357 3128 4411 ccclesiis
3175 4353 3488 4411 monasterii

214 4439 437 4511 majoris
469 4439 692 4510 Augusti
729 4439 812 4502 ll,
839 4435 1078 4492 Junioris
1115 4449 1241 4491 vero
1266 4430 1321 4498 5,
1348 4432 1400 4485 in
1428 4444 1613 4486 mense
1636 4427 1690 4495 4,
1720 4429 1806 4484 in-

216 4530 451 4586 dictione
472 4530 657 4599 quinta
683 4517 915 4583 decima.

930 4684 1100 4740 XXX.

174 4816 431 4858 'JOANNIS
480 4818 626 4856 ΡΔΡᾹζ
678 4817 774 4856 ΧΙΙΙ
822 4813 1185 4863 ιιιιικΊιεαιωιι
1218 4809 1319 4849 1⁵1ιο
1373 4806 1709 4850 ιιοκλδτειιιο
1757 4806 1805 4848 8.

172 4898 179 4905 ⁸
684 4914 689 4921 .
708 4886 1036 4926 SALVATORIS
1063 4880 1326 4923 PAPIENSI.

838 4984 1014 5055 (Anno
1043 4979 1193 5048 972.)

223 5094 273 5151 1.
317 5095 697 5150 Monasterium
743 5093 911 5148 sancti
964 5088 1250 5144 Saluatoris
1283 5083 1557 5156 Papiensis
1605 5101 1638 5137 a
1674 5099 1809 5156 qua:

286 5172 493 5235 cunque
550 5163 912 5231 iurisdictione
936 5159 1333 5235 “ecclesiastica
1354 5153 1503 5235 ,'_ttel
1566 5153 1811 5234 swculat't'

287 5224 667 5298 imm'une,'sub
697 5243 893 5287 sancta:
928 5230 1176 5284 Romanae
1209 5226 1459 5298 [ﬁcales-ite
1495 5224 1809 5298 protectione

287 5316 337 5359 et
376 5293 668 5373 patrocinio
697 5304 811 5372 [ore
836 5303 1083 5354 declarat.
1210 5293 1534 5373 Baptistnuin
1570 5297 1624 5347 in
1653 5293 1810 5373 eccle-

282 5362 387 5428 sui
413 5362 713 5425 monasterii
737 5373 970 5428 conferre
994 5366 1263 5428 permittit.
1282 5363 1523 5417 Chrisma
1539 5374 1583 5417 et
1600 5362 1809 5416 ordines
1856 5385 1863 5390 ·

1854 4496 1857 4503 .
1909 4454 2325 4528 pertinentibus,
2353 4453 2578 4508 licenter
2606 4451 2746 4512 ﬁeri,
2794 4448 3088 4518 apostolica
3138 4450 3485 4512 auctoritate,

1908 4545 2309 4617 permittimus;
2339 4542 2575 4607 chrisma
2618 4555 2746 4595 vero
2774 4539 2854 4594 vel
2878 4536 3135 4608 quidquid
3178 4538 3243 4591 ad
3272 4553 3488 4593 sacrum

1908 4638 2150 4693 ordinem
2182 4634 2436 4705 pertinet,
2476 4648 2508 4686 a
2541 4645 2864 4703 quacunque
2897 4627 3151 4694 ecclesia,
3197 4628 3486 4691 voluerint.

1908 4736 2094 4782 nostra
2123 4712 2447 4780 auctoritate
2496 4721 2785 4791 accipiant.
2819 4720 2872 4774 5.
2907 4718 3032 4773 Post
3071 4718 3277 4773 obitum
3308 4728 3489 4776 autem

1910 4816 2123 4873 abbatis
2172 4830 2330 4872 nemo
2382 4816 2454 4870 ibi
2513 4814 2761 4869 abbatem
2806 4811 3123 4872 constituat,
3174 4809 3279 4864 nisi
3329 4816 3493 4882 Quem

1911 4923 2207 4966 consensus
2255 4917 2311 4963 et
2337 4907 2640 4963 communis
2674 4904 2938 4963 Voluntas
2985 4904 3215 4963 fratrum
3265 4916 3335 4958 ex
3381 4906 3496 4976 ipsa

1920 5001 2327 5072 :ongregatione
2349 5000 2594 5072 elegerit.
2626 4997 2815 5054 Eleclo
2846 5013 2974 5055 vero
3000 4993 3302 5055 abbate,sit
3324 4992 3499 5053 lacut-

1915 5100 1996 5147 tas
2035 5092 2184 5145 omni
2227 5100 2467 5160 tempore
2507 5082 2792 5161 praesulem
2840 5090 3061 5160 eligere,
3110 5080 3202 5148 qui
3253 5090 3372 5141 tam
3402 5085 3504 5143 sibi

1910 5198 2072 5255 quam
2106 5181 2321 5238 caeteris
2365 5183 2624 5239 fratribus
2667 5195 2793 5234 eum
2850 5182 3045 5237 timore
3082 5169 3196 5236 Dei.
3232 5176 3512 5252 totiusque

1911 5274 2344 5344 congregationis
2393 5271 2841 5336 conniventiam,
2885 5268 3195 5330 ubicunque
3232 5265 3517 5324 voluerint

1911 5365 2336 5423 consecrationis
2381 5364 2649 5428 insignia,
2699 5362 2863 5428 hvjus
2908 5368 3110 5416 nosme
3164 5361 3519 5415 auctoritatis
