3972 5428
511 382 618 442 995

1867 355 2150 419 JDANNIS
2187 354 2300 410 XIII
2342 353 2543 412 PAPIE

3678 348 3785 405 θῦε

511 497 668 576 cium
701 489 1008 548 reddituum
1037 479 1283 556 praedicti
1319 473 1632 534 monasterii
1666 469 1878 528 Domini
1910 467 2095 523 Salva-
2125 467 2174 530 Α
2203 465 2414 520 finitum
2446 463 2630 528 fuerit,
2663 477 2771 517 non
2811 463 2970 519 debet
2992 463 3200 520 violari.
3229 463 3294 519 Et
3315 464 3444 534 quia
3479 465 3796 535 prarcellen-

1151 574 1160 576 ~
1654 563 1667 576 -
1735 561 1748 575 ο
2206 555 2406 576 una---
2445 553 2548 576 ωε--
2593 563 2769 576 _--._-
2827 555 3086 576 “4-2..-
3394 559 3496 576 μμ-
3545 559 3557 569 .
3603 575 3606 576 ν
3664 575 3670 576 ,
3747 563 3761 575 .

513 574 650 644 teris
687 601 718 640 a
747 580 902 638 vobis
959 574 1188 640 fundati,
1253 586 1284 626 a
1326 567 1530 624 nullius
1556 561 1800 621 ecclesiae
1851 557 2100 629 prazsule,

512 678 708 750 quovis
751 671 969 744 ingenio
1008 669 1310 739 exigantur.
1341 661 1395 717 5.
1440 655 1852 726 Promulgantes
1887 663 2100 719 nempe,

518 738 576 825 et
629 738 954 822 auctoritate
981 738 1284 815 beatissimi
1329 748 1479 806 Petri
1510 743 1873 817 apostolorum
1905 738 2096 810 princi-

514 861 621 935 pis,
649 856 960 916 coramtDeo
976 861 1031 908 et
1059 846 1289 904 terribili
1317 842 1503 898 futuro
1527 835 1798 902 examine,
1824 846 1921 904 per
1944 828 2105 899 hujus

517 923 686 1011 nostri
717 946 996 1021 apostolici
1022 939 1290 1015 privilegii
1313 930 1777 992 constitutionem,
1806 923 2103 988 sancimus,

516 1053 577 1100 ut
605 1042 858 1098 universa
890 1014 1066 1108 quzea
1089 1030 1245 1088 nobis
1285 1027 1341 1082 in
1375 1025 1538 1080 rebus
1575 1018 1864 1076 mobilibus
1909 1023 1964 1070 et
2007 1014 2108 1068 im-

518 1133 810 1193 mobilibus
823 1129 984 1202 pnefa
993 1135 1046 1182 to
1060 1119 1391 1180 monasterio
1401 1115 1578 1173 oblata
1596 1123 1652 1168 et
1663 1124 1917 1168 concessa
1945 1115 2072 1163 sunt
2090 1146 2104 1170 ,

519 1239 730 1282 necnon
755 1230 808 1278 et
824 1199 1192 1292 possessiones
1217 1226 1332 1283 qua:
1359 1225 1389 1264 a
1418 1207 1656 1278 regibus,
1678 1211 1732 1259 et
1754 1199 2106 1272 principibus,

528 1319 614 1374 sui
639 1313 968 1387 quibuslibet
985 1307 1183 1365 Christi
1200 1299 1664 1360 tidelibusconlatze
1680 1303 1826 1358 sunt,
1841 1291 2110 1346 fueriutve

521 1410 579 1464 in
610 1381 905 1479 posterum,
930 1403 1248 1457 inconcussa
1282 1393 1576 1451 stabilitate
1603 1389 1670 1444 ad
1702 1386 1819 1457 ejus
1857 1393 1912 1440 et
1941 1381 2111 1438 domi-

523 1501 675 1556 nium
694 1499 865 1570 ipsum
880 1491 1159 1566 perpetuis
1179 1485 1513 1558 temporibus
1535 1485 1901 1554 perseverent.
1918 1474 2028 1531 Nec
2043 1474 2110 1528 li-

525 1566 810 1655 centiasit,
827 1596 884 1642 ut
897 1587 1095 1641 dictum
1109 1591 1193 1638 est
1207 1581 1379 1637 eidem
1395 1585 1582 1633 sancto
1599 1568 1926 1628 monasterio
1943 1566 2113 1638 perti-

527 1683 803 1748 nentibus,
823 1679 1078 1749 cuiquam
1095 1690 1180 1730 ma
1188 1688 1302 1743 gnte
1317 1687 1380 1741 pa
1389 1682 1604 1739 rvatque
1623 1679 1864 1736 persona:
1877 1660 2114 1730 diripere

525 1771 728 1844 aliquid
743 1779 798 1826 et
813 1767 1048 1831 auferre,
1066 1773 1122 1820 ut
1135 1764 1372 1835 proiecto
1385 1760 1450 1814 ad
1467 1758 1559 1814 Dei
1577 1755 1788 1810 Iaudem
1800 1767 2048 1808 securum
2061 1757 2115 1804 et

528 1841 904 1934 tranquillum,
945 1858 1100 1928 juxta
1138 1856 1212 1918 id,
1264 1868 1372 1923 quo
1421 1848 1686 1905 munitum
1731 1841 2112 1915 patrocinium,

527 1933 754 2012 tuitioue
769 1961 969 2009 sanctae
986 1949 1128 2006 sedis
1147 1943 1454 2017 apostolica:
1467 1941 1580 1997 fore
1603 1937 1966 1998 decrevimus,
1982 1933 2118 1988 bene

527 2052 795 2113 dolatum,
827 2054 883 2100 et
913 2046 969 2099 in
998 2041 1190 2098 melius
1215 2036 1509 2093 dotandum
1544 2036 1883 2103 permaneat.
1913 2025 1970 2080 Si
1997 2023 2120 2094 quis

531 2150 739 2204 autem,
772 2137 915 2209 quod
947 2151 1056 2190 non
1085 2141 1362 2202 optamus.
1397 2126 1604 2182 nefario
1646 2138 1804 2186 ausu,
1855 2133 2119 2190 przesum-

531 2232 706 2304 pserit
741 2207 879 2292 haec,
901 2241 1020 2297 qua:
1048 2241 1078 2279 a
1106 2222 1261 2278 nobis
1295 2221 1361 2274 ad
1391 2214 1859 2274 honorificentiam
1905 2207 2120 2266 Domini

534 2325 630 2380 Dei
662 2320 956 2378 Salvatoris
987 2316 1180 2380 nostri,
1213 2328 1309 2385 pro
1338 2309 1634 2366 stabilitate
1655 2306 1824 2378 ipsius
1845 2310 2118 2358 monaste-

534 2415 602 2471 rii
627 2421 835 2470 statuta
885 2409 1033 2474 sunt,
1081 2403 1412 2476 transgredi,
1469 2401 1607 2456 sciat
1649 2413 1708 2453 se
1757 2393 2121 2451 anathematis

531 2505 773 2571 vinculo,
806 2495 1464 2558 etcxcommuuicatiouis
1513 2490 1848 2554 iunodatum,
1899 2495 1955 2542 et
1999 2499 2121 2540 cum

533 2598 770 2664 diabolo,
802 2605 858 2653 et
890 2595 1142 2651 omnibus
1183 2588 1361 2660 impiis
1401 2584 1589 2642 aeterni
1628 2581 1862 2638 incendii
1897 2578 2125 2634 atrocis-

534 2693 676 2748 simo
703 2687 968 2761 supplicio
991 2687 1327 2755 deputatum.
1349 2679 1402 2734 6.
1430 2678 1501 2732 At
1523 2691 1668 2739 vero,
1696 2675 1787 2745 qui
1810 2672 1898 2744 pio
1924 2670 2122 2726 intuitu

537 2792 726 2840 ct'istos
738 2790 792 2837 et
820 2780 1138 2836 observator
1156 2789 1344 2831 eorum
1373 2769 1665 2834 exstiterit,
1689 2765 2012 2821 omnimodae
2029 2763 2123 2818 be-

538 2871 865 2931 nedictionis
887 2869 1136 2941 gratiam,
1161 2865 1513 2931 omnimnque
1534 2874 1753 2915 suorum
1780 2861 2124 2925 peccatorum

537 2964 934 3024 absolutionem
966 2969 1022 3014 et
1051 2956 1461 3027 indulgentiam,
1493 2960 1547 3006 et
1577 2949 1810 3006 cmlestis
1841 2946 1967 3001 vita:
1997 2944 2127 2998 bea-

538 3057 844 3117 titudinem,
872 3067 994 3108 cum
1028 3049 1234 3106 sanctis
1265 3056 1319 3101 et
1343 3043 1530 3100 electis
1557 3059 1588 3096 a
1618 3035 2126 3095 misericordissimo

542 3151 771 3206 Domino
796 3153 984 3201 nostro
1011 3138 1270 3210 consequi
1305 3143 1581 3192 mereatur
1602 3133 1654 3188 in
1687 3129 1880 3188 smcula
1904 3125 2127 3183 saeculo-

541 3259 683 3299 ruut.
713 3242 907 3295 Amen.

613 3333 884 3401 Scriptum
929 3343 1027 3398 per
1073 3339 1268 3380 manus
1304 3318 1566 3391 Stephani
1617 3313 1885 3372 scriniarii
1932 3319 2132 3392 sancte

543 3425 806 3481 Romana:
833 3419 1110 3484 Ecclesizn,
1141 3417 1194 3470 in
1228 3427 1415 3469 mense
1461 3409 1655 3482 Aprili,
1706 3405 2000 3462 indictione
2043 3389 2129 3458 su-

543 3515 848 3591 prascripta
875 3512 963 3568 15.

619 3608 765 3663 Bene
793 3605 986 3660 valete.
1011 3603 1146 3658 Pax.

620 3701 754 3756 Data
784 3713 878 3753 vui
911 3696 1030 3750 Kal.
1055 3693 1178 3748 Maii
1209 3704 1307 3762 per
1348 3701 1542 3744 manus
1589 3681 1852 3741 Vuidonis
1897 3678 2134 3751 episc0pi

545 3787 943 3848 bibliothecarii
988 3793 1188 3842 sauctze
1219 3781 1366 3838 sedis
1413 3775 1722 3850 apostolica:
1751 3787 1892 3828 anno
1923 3769 2138 3842 pontifi-

545 3893 704 3938 catus
730 3879 916 3935 domui
946 3877 1118 3933 nostri
1139 3874 1365 3929 Joannis
1387 3865 1720 3926 sanctissimi
1751 3880 1816 3920 ac
1845 3861 2139 3932 religiosis-

547 3971 675 4029 simi
705 3969 820 4024 Xlll
845 3982 1035 4039 papae;
1074 3965 1285 4035 imperii
1311 3977 1437 4017 vero
1457 3959 1641 4016 domui
1674 3955 1888 4011 Ottouis
1918 3950 2140 4021 majoris

549 4060 886 4132 xr,jnuioris
933 4067 1112 4114 autem
1160 4072 1213 4122 v,
1267 4059 1321 4110 in
1374 4066 1581 4117 mense,
1631 4058 1686 4106 et
1730 4045 2026 4103 indictione
2074 4041 2140 4096 l5

551 4153 944 4227 suprascripta.

1249 4280 1442 4338 XXXI.

555 4393 772 4436 IOANNIS
802 4391 949 4431 I‘Al‘rE
975 4390 1071 4429 XIII
1095 4388 1363 4444 _EI‘IS1‘0LA
1396 4387 1463 4424 AD
1491 4382 1702 4423 PETBUM
1734 4377 2026 4420 EPISCOPUM
2052 4377 2143 4417 PA-

1220 4455 1467 4496 PlE‘NSEﬂ.

1160 4533 1339 4606 [Anno
1376 4529 1525 4602 972.]

564 4653 948 4712 Monasterium
981 4648 1149 4704 sancti
1179 4644 1473 4702 Saluatoris
1502 4640 1775 4712 Papiensis
1799 4639 1868 4712 ab,
1891 4636 2148 4692 Adelaida

635 4711 963 4795 imperalrice
983 4729 1216 4795 evertunt
1233 4729 1278 4769 et
1311 4716 1541 4795 dearum
1567 4711 1894 4795 protectioui,
1921 4725 2024 4789 non
2049 4723 2147 4759 au-

631 4779 1109 4865 jurisdictioui
1135 4787 1359 4857 episcom'
1393 4779 1690 4852 Papieusis,
1724 4779 2020 4835 committit.

849 4885 1198 4959 [MAliC-ARINI,
1224 4878 1430 4934 Bullar.
1461 4876 1640 4930 Casia.
1672 4876 1735 4938 Il,
1765 4871 1878 4944 47.]

636 4980 871 5036 Joannes
917 4975 1226 5044 episcopus,
1275 4984 1466 5026 servus
1489 4980 1766 5022 servorum
1817 4962 1932 5026 Dei,
1965 4961 2150 5015 Ρετιιο

524 5111 525 5114 η
568 5069 866 5128 venerabili
893 5067 1150 5138 episcopo
1190 5071 1390 5119 sancta:
1426 5058 1729 5117 Ticinensis
1775 5054 2030 5111 Ecclesia:
2065 5067 2151 5108 sa-

568 5166 756 5220 Iutem.

641 5253 775 5310 Cum
806 5251 906 5321 pia:
932 5245 1260 5304 desiderium
1311 5241 1626 5306 voluntatis,
1659 5248 1716 5294 et
1748 5235 2028 5292 laudandae
2054 5235 2149 5290 de-

569 5343 802 5376 ..ιηιηηςο
853 5339 1081 5376 ῖηιοηιὶη
1137 5334 1566 5376 ςαρηηιηεπιὶῑτεις
1613 5333 1683 5376 sit
1720 5345 1932 5376 semner
1959 5329 2152 5376 studiis

2205 555 2412 610 tissima
2445 553 2551 608 filia
2591 563 2774 609 nostra
2813 555 3088 612 Adelaidis
3113 557 3354 628 Augusta
3385 559 3558 612 divini
3591 563 3797 616 amoris

2206 647 2418 702 fervore
2459 661 2720 704 succensa
2741 689 2756 715 ,
2787 664 2894 704 non
2933 649 3088 720 longe
3125 665 3154 704 a
3186 652 3456 707 moenibus
3489 653 3799 709 Ticinensis

2207 740 2464 808 civitatis,
2487 741 2873 798 monasterium
2897 742 2951 796 in
2969 743 3200 813 propriis
3213 745 3520 810 constituit,
3550 755 3798 801 sanctos-

2206 846 2331 902 que,
2390 847 2455 887 ac
2481 833 2820 888 venerabiles
2853 835 3155 894 comobitas
3205 835 3403 892 ibidem
3434 837 3799 907 undecunque

2207 925 2401 994 potuit,
2433 925 2686 996 colligere
2729 927 2961 992 curavit,
3009 928 3100 999 qui
3146 928 3200 982 in
3248 938 3451 984 sancta:
3495 945 3796 986 conversa-

2209 1012 2372 1067 tionis
2433 1015 2732 1084 proposito,
2793 1019 3086 1072 secundum
3149 1018 3452 1075 beatissimi
3515 1019 3800 1077 Benedicti

2209 1119 2455 1160 normam
2487 1107 2790 1174 regularem
2818 1111 2918 1164 sub
2942 1111 3138 1167 abbate
3162 1112 3428 1181 viventes,
3457 1116 3803 1172 incessanter

2210 1199 2498 1256 Dominum
2529 1200 2828 1270 majestatis
2855 1219 3102 1268 exorare,
3133 1214 3241 1261 tam
3268 1223 3367 1278 pro
3390 1209 3583 1278 requie
3604 1209 3801 1278 prioris

2214 1293 2316 1347 viri
2345 1294 2428 1348 sui
2456 1293 2704 1363 gloriosa:
2734 1297 3010 1352 memoria:
3038 1297 3310 1354 Lotharize
3337 1302 3505 1370 regis,
3529 1317 3804 1371 quamque

2211 1399 2309 1455 pro
2334 1394 2476 1441 statu
2517 1386 2862 1456 imperatoris
2883 1389 3287 1446 clementissimi
3323 1392 3416 1447 lilii
3453 1371 3630 1447 nostri
3658 1391 3803 1448 Otto-

2214 1478 2300 1534 uis
2328 1478 2665 1534 invictissimi
2692 1480 2941 1550 AnguSti,
2974 1482 3135 1537 simul
3159 1484 3324 1538 etiam
3348 1485 3662 1540 communis
3687 1485 3799 1550 ﬁlii,

2213 1579 2270 1626 et
2324 1588 2534 1640 eorum,
2581 1588 2647 1631 ac
2690 1575 2862 1630 nostri
2917 1575 3043 1632 item
3072 1575 3284 1633 Ottouis
3312 1577 3532 1647 augusti
3588 1593 3804 1648 sumque

2213 1668 2410 1724 anima:
2456 1671 2727 1737 mercede,
2784 1671 3210 1742 praedictumque
3253 1671 3650 1726 monasterium
3679 1670 3805 1725 libe-

2219 1763 2409 1819 raliter
2437 1764 2874 1834 possessionibus
2897 1766 3181 1831 dotaverit,
3214 1766 3656 1834 necessariisque
3693 1781 3805 1820 om-

2218 1858 2378 1914 nibus
2404 1868 2548 1926 vota,
2567 1859 2618 1914 id
2641 1861 2782 1930 quod
2800 1861 2900 1914 sibi
2917 1860 3003 1929 pie
3018 1861 3191 1914 visum
3218 1868 3304 1913 est
3322 1873 3422 1928 pro
3443 1859 3805 1913 habitantium

2217 1955 2613 2010 sustentatione
2639 1953 3018 2016 cumulaverit,
3043 1953 3180 2008 bene
3213 1951 3440 2005 fratrum
3467 1951 3808 2006 reverendiso

2219 2047 2375 2112 sime,
2407 2057 2496 2100 tua
2529 2046 2818 2112 sanctitas;
2849 2047 2932 2102 cui
2967 2062 3032 2100 ne
3062 2045 3311 2101 voluntas
3353 2058 3599 2112 unquam
3649 2043 3809 2097 duce-

2219 2150 2372 2196 retur
2394 2141 2447 2195 iu
2479 2141 2730 2206 veritum,
2751 2148 2804 2195 et
2825 2154 2912 2204 ea,
2943 2154 3064 2208 qnze
3091 2153 3189 2207 pro
3213 2138 3393 2204 quiete
3414 2134 3807 2189 monachorum

2221 2234 2482 2304 disposita
2533 2234 2748 2289 fuerant
2798 2233 3167 2293 turbarentur,
3218 2243 3446 2299 qumque
3497 2226 3732 2282 contulit
3760 2226 3806 2278 in

2217 2329 2339 2399 jure
2365 2329 2537 2384 eidem
2586 2327 2918 2383 monasterio
2943 2323 3235 2395 apostolica
3275 2320 3435 2391 petiit
3486 2319 3810 2373 auctoritate

2224 2422 2449 2478 firmari.
2508 2421 2632 2476 llmc
2680 2435 2893 2490 quoque
2942 2433 3053 2474 sua:
3109 2414 3351 2487 petitioni
3408 2410 3806 2480 subjungente.

2223 2525 2283 2573 ut
2333 2516 2508 2571 eidem
2572 2514 2903 2569 monasterio
2958 2523 3068 2566 tam
3109 2511 3160 2565 in
3188 2506 3546 2579 dispositione
3608 2519 3806 2566 rerum,

2225 2625 2384 2682 quam
2417 2608 2468 2663 in
2501 2606 2839 2661 ordinatione
2868 2604 3098 2671 abbatis,
3127 2602 3369 2673 quasdam
3401 2597 3615 2668 pariter
3650 2595 3810 2667 privi-

2227 2702 2364 2775 legia
2391 2699 2713 2770 largiremus
2737 2715 2752 2765 ;
2784 2697 2962 2752 sciens
2987 2696 3184 2767 quippe
3211 2709 3328 2749 eam
3357 2689 3672 2762 apostolicae
3701 2687 3809 2743 sedi

2228 2793 2585 2849 reverentiam
2614 2807 2643 2846 a
2669 2790 2914 2845 ﬁdelibus
2939 2789 3204 2850 exhiberi.
3238 2797 3295 2842 ut
3325 2801 3448 2856 qua:
3469 2783 3590 2852 ejus
3618 2781 3810 2837 fuerint

2207 2889 2444 2942 decreto
2510 2884 2802 2955 disposita,
2866 2883 3064 2937 nullius
3125 2882 3378 2950 deinceps
3445 2879 3810 2946 usurpationis

2228 2977 2474 3033 molestia
2526 2977 2858 3046 quatiantur.
2901 2975 3054 3031 Unde
3090 2974 3214 3044 quia
3258 2972 3535 3030 cll'ecuim,
3569 2981 3626 3024 et
3654 2983 3812 3037 tmpe-

2230 3070 2380 3126 rialis
2403 3069 2669 3134 voluntas,
2700 3077 2753 3124 et
2786 3078 2891 3122 tam
2923 3067 3010 3136 pia
3058 3082 3155 3135 pro
3181 3079 3463 3120 servorum
3494 3062 3592 3117 Dei
3621 3062 3810 3131 quiete,

2156 3184 2202 3244 ρ
2232 3161 2537 3218 sollicitudo
2584 3160 2980 3232 expostulabat,
3021 3158 3175 3228 juxta
3219 3157 3541 3228 petitionem
3581 3154 3810 3224 ejusdem

2235 3253 2746 3324 praecellentissimm
2811 3252 2934 3306 tiliae
2997 3259 3193 3305 nostrae
3250 3249 3534 3319 Augusta‘,
3600 3245 3814 3318 praefato

2235 3346 2409 3403 eidem
2466 3348 2793 3402 monasterio
2839 3344 2892 3400 in
2947 3345 3204 3401 honorem
3261 3341 3475 3396 Domini
3526 3339 3816 3394 Salv'atoris

2235 3443 2547 3510 constituto,
2587 3453 2792 3501 sancta:
2838 3444 2980 3499 sedis
3010 3441 3319 3514 apostolica:
3366 3437 3658 3508 privilegia
3703 3450 3817 3506 gra-

2241 3544 2416 3591 tanter
2465 3538 2824 3607 indulgemus,
2882 3537 2970 3592 ubi
3021 3537 3224 3599 omnia,
3253 3548 3373 3603 quae
3436 3525 3817 3600 amplectenda:

2238 3628 2533 3685 voluntatis
2563 3631 2679 3700 ejus
2708 3631 2948 3687 studium
2995 3628 3335 3700 deposcebat,
3365 3625 3689 3696 apostolica:
3734 3637 3818 3674 an.

2239 3723 2480 3778 ctoritati
2515 3727 2707 3782 annisu
2762 3725 2968 3779 firmata
2999 3731 3145 3778 sunt.
3191 3723 3508 3776 Statucutcs
3544 3718 3692 3772 inter
3729 3715 3816 3768 alia

2241 3827 2300 3871 ut
2330 3817 2508 3873 nullus
2544 3819 2926 3890 episcoporum
2979 3817 3389 3882 vicinarumque
3440 3810 3817 3868 ecclesiarum,

2240 3911 2466 3980 quilibet
2497 3913 2751 3970 sacerdos
2782 3914 2832 3966 iu
2865 3913 3003 3966 idem
3053 3907 3445 3966 monasterium
3475 3903 3583 3958 sibi
3611 3902 3704 3972 jus
3747 3917 3821 3954 ce.-

2241 4006 2605 4062 clcsiasticum
2650 4005 2993 4078 aliqnomodo
3023 4003 3278 4068 vindicet,
3307 4016 3370 4056 ac
3413 3997 3700 4059 defendat,
3735 3994 3819 4048 nisi

2243 4098 2384 4154 forte
2412 4117 2442 4155 a
2469 4111 2620 4171 parte
2647 4099 2980 4160 monasterii,
3000 4097 3127 4150 licet
3155 4110 3185 4148 a
3211 4093 3470 4148 fratribus
3483 4105 3588 4161 pro
3617 4088 3822 4158 negotio

2244 4193 2427 4264 aliquo
2468 4194 2862 4259 ecclesiastico,
2895 4191 3056 4246 fuerit
3099 4187 3377 4243 invitatus.
3427 4184 3497 4238 Et
3549 4182 3822 4248 quoniam,

2244 4289 2476 4344 fratrum
2521 4288 2910 4350 dilectissime,
2967 4285 3118 4340 locus
3154 4282 3290 4351 ipse,
3353 4278 3444 4331 ubi
3510 4278 3822 4346 prmdictum

2246 4381 2634 4438 monasterium
2659 4389 2997 4436 exstructum
3034 4384 3139 4440 est,
3181 4375 3248 4429 ad
3295 4371 3580 4427 dioecesim
3632 4380 3826 4425 sancta:

2247 4474 2550 4530 Ticineusis
2574 4473 2838 4541 ecclesiae,
2864 4471 2950 4526 cui
2976 4479 3062 4524 tua
3090 4467 3423 4532 fraternitas,
3448 4467 3564 4521 Deo
3590 4476 3823 4527 auctore,

2250 4575 2446 4638 praeest
2473 4567 2736 4621 hactenus
2762 4564 3090 4636 pertinuisse
3117 4549 3576 4632 dignoscitur,ne
3601 4557 3706 4613 sub
3738 4558 3825 4612 hac

2247 4661 2558 4723 occasione,
2585 4659 2637 4713 in
2669 4659 2858 4714 eodem
2893 4638 3221 4712 monasterio
3269 4653 3501 4723 alicujus
3548 4649 3825 4722 potestatis

2248 4753 2658 4823 prterogativam
2693 4750 2788 4805 tibi
2817 4749 3106 4820 aliquando
3127 4759 3391 4816 usurpare
3419 4758 3749 4814 przesumas,
3769 4756 3824 4793 ex

2249 4847 2391 4901 beati
2423 4846 2567 4901 Petri
2599 4842 2967 4915 apostolorum
2993 4840 3276 4911 principis,
3317 4845 3636 4904 nostraque
3666 4832 3826 4888 humi.

2251 4938 2422 4993 litatis
2477 4937 2822 5003 auctoritate,
2890 4935 3064 4990 modis
3115 4931 3367 4988 omnibus
3435 4928 3825 4982 interdicimus.

2249 5030 2559 5087 Postulatus
2585 5045 2716 5084 vero
2746 5048 2773 5081 υ
2803 5037 2957 5097 parte
2983 5022 3320 5088 monasterii,
3351 5021 3565 5076 scilicet
3596 5035 3626 5073 a
3661 5019 3828 5072 fratri-

2251 5124 2371 5189 bus,
2399 5122 2764 5178 visitationem
2795 5129 2940 5174 tuam
2967 5118 3090 5184 iiiis,
3121 5124 3369 5186 respectu
3401 5113 3578 5167 divini
3619 5112 3826 5172 amoris,

2251 5220 2444 5276 devote
2467 5217 2697 5281 exhibe;
2721 5228 2828 5268 non
2853 5222 3032 5265 autem
3052 5210 3252 5280 petitus
3288 5206 3614 5262 monasterii
3632 5211 3827 5260 secreta

2252 5315 2518 5370 ullatenus
2544 5309 2694 5364 adire
2733 5320 3050 5376 praesumas,
3083 5317 3148 5356 ne
3176 5317 3272 5371 per
3299 5299 3570 5353 adventus
3600 5307 3676 5352 tu:
3707 5309 3826 5366 prm-
