3972 5428
198 380 318 440 99"

203 512 437 568 quinque
460 495 604 551 Petri
632 491 882 564 apostoli,
920 497 1230 558 nostraeque
1261 487 1589 543 humilitatis
1616 495 1808 541 aucto-
1841 492 1890 550 Α
1920 492 2031 536 tum

204 593 407 655 ritate,
459 588 559 644 sibi
609 586 942 644 :eternaliler
981 583 1272 639 interdicta
1321 587 1670 651 cognoscant.
1724 576 1805 631 Tn

208 698 366 746 vero,
396 681 587 746 frater,
614 697 675 735 ea
709 694 830 750 qua:
856 693 887 731 a
915 677 1069 733 nobis
1088 682 1290 730 statuta
1314 680 1463 736 sunt,
1485 670 1807 727 sacerdotali

203 776 361 831 sicut
388 775 543 829 decet
567 772 747 828 studio
779 769 1035 824 inviolata
1057 781 1344 829 conserva,
1367 778 1468 817 nec
1495 778 1558 817 ea
1583 760 1807 832 patiaris

206 868 269 921 in
310 866 495 937 aliquo
533 862 816 926 temerari,
863 861 1073 915 scilicet
1115 860 1169 913 in
1205 852 1573 912 custodiendis
1595 853 1671 907 eis
1694 851 1806 906 [τα-ο

207 959 453 1012 tcrnitas
476 967 564 1011 tua
590 971 648 1011 se
668 968 885 1024 semper
906 952 1182 1015 exhibeat,
1205 956 1476 1020 quatenus
1518 953 1572 998 et
1592 958 1809 997 omnem

207 1048 612 1121 inquietudinis
630 1046 977 1101 occasionem
996 1042 1197 1098 deloco
1213 1037 1507 1096 venerabili
1532 1036 1807 1099 excludat,

204 1152 273 1197 ct
302 1142 425 1197 aliis
449 1140 649 1197 similia
678 1136 894 1207 operari
932 1135 1279 1205 persuadeat,
1308 1131 1401 1185 diu
1441 1145 1501 1183 se
1543 1128 1596 1182 in
1622 1136 1808 1182 custo-

207 1234 479 1290 diendam
528 1232 855 1287 voluntatem
906 1234 1173 1291 nostram,
1220 1222 1531 1284 sollicitam,
1562 1228 1615 1274 ut
1656 1220 1810 1275 decet

205 1326 548 1389 exhibuerit,
581 1333 637 1378 et
678 1322 947 1376 devotam.
983 1318 1153 1386 Hujus
1182 1325 1365 1370 autem
1394 1326 1639 1368 censura:
1684 1325 1784 1365 can

210 1419 448 1481 tionem,
474 1416 669 1485 duplici
696 1422 883 1468 tenore
908 1411 1071 1466 scribi
1096 1408 1457 1470 decrevimus,
1489 1412 1809 1467 statuentes,

211 1520 285 1565 ut
319 1525 426 1564 una
457 1510 597 1563 inter
630 1517 731 1561 tua:
751 1504 999 1559 ecclesia:
1019 1502 1247 1566 scrinia,
1282 1499 1443 1553 aliam
1478 1511 1605 1552 vero
1635 1495 1702 1549 ab
1724 1495 1814 1549 ab-

212 1600 349 1655 bate
386 1607 638 1654 servetur
670 1591 1010 1651 monasterii.

295 1692 571 1761 Scriptum
620 1704 716 1760 per
758 1703 951 1743 manus
982 1686 1244 1757 Stephani
1288 1682 1556 1739 scriniarii
1613 1689 1813 1738 sancta

215 1784 484 1838 Romana:
516 1782 769 1837 Ecclesia:
800 1781 852 1835 iu
885 1794 1071 1835 mense
1119 1776 1342 1849 Aprilis,
1379 1774 1677 1830 indictione
1724 1772 1811 1840 l5,

216 1891 370 1932 anno
397 1876 606 1933 Domini
637 1874 761 1930 972.

912 2007 1125 2063 XXXII.

218 2139 446 2181 JOANNIS
485 2138 632 2178 νινε
672 2137 769 2176 XIII
812 2136 1063 2177 LITTERJI
1105 2136 1171 2174 DE
1210 2131 1565 2173 INSTITUENDO
1603 2128 1815 2169 EPISCO-

732 2208 869 2247 ruu
899 2206 1153 2245 PRAGENSI
1180 2188 1316 2261 (l2).

837 2283 1014 2354 (Auno
1060 2281 1210 2351 979..)

223 2378 410 2452 [Apud
465 2376 698 2433 MABILL.
751 2377 882 2431 Acta
924 2374 1240 2429 Sanctorum
1300 2372 1416 2427 0rd.
1477 2370 1539 2427 S.
1591 2368 1814 2437 Bened.,

744 2463 880 2519 Saec.
907 2463 972 2529 ν,
1005 2478 1126 2535 pag.
1160 2460 1309 2533 855.]

295 2576 533 2633 Joannes
580 2589 770 2631 servus
830 2588 1111 2629 servorum
1156 2571 1249 2627 Dei
1285 2571 1584 2635 Bocszuo,
1632 2569 1819 2624 catho-

224 2667 345 2723 lica:
374 2666 498 2723 tidei
526 2665 767 2730 alumno,
798 2662 1152 2734 apostolicam
1187 2660 1638 2716 benedictionem.

298 2757 513 2812 Iustum
564 2764 649 2811 est
694 2754 969 2811 benivolas
1015 2767 1176 2808 aures
1206 2752 1368 2819 justis
1406 2751 1821 2807 accommodare

224 2846 606 2918 petitionibus,
656 2842 783 2915 quia
818 2844 963 2898 Deus
1008 2851 1092 2897 est
1128 2841 1361 2911 justitia,
1396 2849 1450 2895 et
1479 2841 1569 2910 qui
1594 2841 1823 2910 diligunt

229 2936 886 3008 Deumjustiﬁcabuntur;
936 2943 1025 2989 et:
1054 2932 1245 2989 Omnia
1278 2933 1619 3002 diligentibus
1652 2932 1819 2987 Deum

226 3036 591 3099 cooperantur
634 3027 685 3080 in
716 3025 938 3080 bonum.
972 3024 1108 3079 Filia
1137 3031 1323 3078 nostra
1352 3038 1507 3078 soror
1535 3030 1646 3087 tua,
1677 3023 1821 3077 inter

227 3132 456 3175 caeteras
499 3118 640 3172 haud
692 3117 1039 3186 abnegandas
1084 3115 1393 3186 petitiones,
1428 3114 1580 3168 cordi
1629 3122 1816 3168 nostro

1378 373 1726 433 EPISTOLIE
1761 372 1846 429 ET
1887 370 2298 430 DIPLOMATA.

3391 365 3497 424 998

2094 498 2108 534 :
2163 480 2255 549 qui
2303 481 2379 535 uti
2440 494 2676 543 vomere,
2728 476 2940 533 novalia
2994 474 3175 531 cordis
3214 472 3495 547 gentilium

1907 573 2183 637 scindere,
2212 582 2270 626 et
2292 573 2530 627 triticum
2563 572 2720 627 bona:
2747 569 3079 640 Operationis
3108 582 3309 633 serere,
3334 578 3497 639 atque

1908 663 2215 734 manipulos
2256 663 2472 736 frugum
2499 672 2693 718 vestrae
2712 663 2939 733 justiti-.e
2964 662 3181 717 Christo
3209 668 3492 732 reportare

1907 756 2158 812 sulliciat.
2187 755 2306 811 Val.

2582 886 2828 941 XXXIII.

1908 1003 2132 1059 Joannis
2213 1000 2366 1056 XIII
2452 1018 2603 1125 pap‘f‘e
2657 1001 3009 1124 ljilrivilcgittttt
3088 1018 3182 1073 pro
3254 999 3500 1056 Ecclesia

2601 1088 2862 1125 recensi.

2601 1088 2862 1125 relatenst.

2472 1162 2655 1228 (Anno
2692 1160 2950 1231 965-72.)

2158 1254 2421 1327 [Boucnc,
2458 1254 2602 1308 Hist.
2629 1254 2693 1307 de
2744 1254 3025 1317 Provenre,
3054 1252 3119 1319 ll,
3146 1251 3261 1323 56.]

1979 1368 2215 1425 Ioannes
2243 1368 2553 1439 episcopus,
2586 1381 2776 1422 servus
2816 1382 3098 1422 servorum
3144 1366 3257 1431 Dei,
3304 1364 3500 1418 divina:

1912 1461 2136 1530 pietatis
2172 1470 2301 1515 nutu
2334 1461 2478 1515 sedis
2512 1460 2825 1530 apostolica?
2852 1459 3073 1513 humilis
3096 1474 3255 1529 papa,
3288 1455 3501 1512 Yremo

1913 1553 2181 1624 condigne
2201 1552 2354 1606 fratri
2376 1551 2712 1606 Arelatensis
2742 1550 2991 1605 Ecclesia:
3021 1549 3328 1620 mtli'OpOII,
3355 1548 3503 1619 pari-

1914 1652 2102 1715 terque
2168 1644 2580 1714 archipra-suli,
2637 1643 2870 1699 salutem
2939 1654 2994 1697 et
3064 1642 3501 1697 benedictionem

1914 1744 2062 1807 optat
2087 1737 2137 1789 in
2167 1752 2363 1801 aevum,
2388 1746 2493 1791 etc.
2521 1735 2848 1790 Τιιετωιυο
2882 1733 3204 1789 Viennensis
3235 1732 3496 1789 Ecclesia

1840 1829 2288 1908 Barchiprzesuli
2374 1829 2597 1899 ejusque
2672 1826 3095 1897 suifragantibus
3181 1824 3502 1892 universis,

1917 1922 2194 1976 Arneatco
2233 1921 2421 1993 prima:
2469 1920 2835 1975 Narbonensis
2886 1917 3182 1974 venerabili
3235 1917 3505 1973 archiepi-

1917 2029 2080 2083 scopo
2106 2029 2229 2069 cum
2260 2013 2374 2069 suis
2416 2012 2706 2081 subjectis;
2742 2013 3058 2067 Svaesrno
3087 2009 3338 2065 secundae
3366 2007 3508 2063 Nar-

1918 2106 2174 2161 bonensis
2220 2105 2383 2176 digno
2418 2104 2821 2175 archiprtesuli,
2849 2104 3072 2174 suisque
3101 2100 3505 2170 subiacentibus

1918 2198 2138 2253 domino
2160 2198 2439 2263 videlicet,
2474 2197 2803 2262 LAUDERICO,
2836 2194 3203 2255 THEODENCO,
3224 2194 3502 2259 AYRANDO,

1920 2288 2236 2356 llosonno,
2253 2289 2460 2345 PONTIO
2482 2300 2537 2345 et
2561 2289 2859 2345 lluuaenro
2884 2286 3214 2358 dignissimis
3238 2285 3507 2341 Ecclesia-

1920 2396 2040 2436 rum
2097 2397 2319 2437 suarum
2369 2382 2679 2453 pastoribus
2714 2394 3061 2436 communem
3106 2393 3172 2433 ac
3203 2391 3502 2448 perennem

1918 2475 2244 2529 teternitatis
2267 2474 2519 2545 gloriam.

1993 2565 2200 2622 Scitote
2223 2581 2318 2621 vos
2346 2574 2586 2621 rectores
2612 2564 2727 2621 fore
2758 2564 3045 2635 clavesque
3066 2562 3306 2619 caelestis
3322 2561 3506 2633 janua'.

1926 2657 2078 2715 vobis
2128 2673 2156 2712 a
2206 2657 2317 2714 Deo
2363 2666 2689 2729 potestatem
2741 2657 2942 2727 ligandi
2984 2670 3047 2711 ac
3092 2654 3359 2721 solvendi,
3393 2664 3501 2708 etc.

1922 2749 2090 2805 Doleo
2140 2750 2321 2820 itaque
2375 2759 2428 2806 et
2477 2749 2955 2805 vehementissime
2997 2748 3292 2803 contristor
3341 2759 3507 2815 super

1923 2842 2056 2897 tanti
2089 2842 2311 2897 sceleris
2343 2857 2527 2907 causa,
2559 2857 2679 2912 quae
2705 2857 2735 2896 a
2783 2841 3072 2896 multorum
3101 2838 3378 2895 hominum
3411 2852 3507 2892 ore

1921 2935 2255 2989 creberrime
2299 2935 2504 2990 nostris
2542 2934 2924 3005 conspectibus
2977 2933 3328 2999 dilTautatttr,
3377 2930 3506 3001 quia

1920 3026 2126 3095 primas
2166 3026 2571 3082 Arelatensium
2620 3042 2740 3097 quae
2814 3026 3176 3097 principatum
3239 3034 3294 3079 et
3346 3030 3509 3092 caput

1920 3117 2131 3173 obtinet
2162 3129 2481 3173 eteterarum
2516 3118 2883 3174 Ecclesiarum
2941 3118 3176 3173 secunda
3205 3132 3233 3170 a
3262 3116 3505 3171 Romana

228 3212 419 3267 dulces
458 3210 641 3264 intulit
682 3224 743 3264 ex
774 3216 927 3279 parte
959 3208 1032 3262 tui
1059 3222 1273 3278 preces,
1302 3206 1508 3262 scilicet
1539 3214 1597 3261 ut
1625 3215 1811 3261 nostro
1841 3206 1888 3271 C
1919 3210 2013 3265 sed
2036 3225 2068 3265 e
2091 3210 2423 3266 multimodis
2455 3211 2879 3267 laceratiouihus
2922 3211 3220 3265 eviscerata
3257 3209 3423 3278 jacet,
3452 3215 3510 3261 ct

228 3317 459 3359 assensu
491 3303 544 3357 in
574 3310 665 3355 tuo
698 3301 1026 3373 principatu,
1055 3300 1123 3354 ad
1152 3300 1243 3355 Dei
1268 3298 1477 3353 laudem
1508 3306 1562 3353 et
1588 3299 1814 3369 gloriam

227 3394 518 3457 Ecclesiae,
543 3392 729 3448 liceret
751 3392 864 3446 tieri
896 3390 1291 3461 episcopatum.
1317 3389 1469 3457 Quod
1505 3404 1601 3443 nos
1632 3388 1818 3459 utique

230 3485 355 3539 Luto
381 3483 563 3537 animo
590 3482 974 3551 suscipientes,
1004 3482 1115 3535 Deo
1161 3481 1369 3551 gratias
1392 3479 1693 3544 retulimus,
1725 3479 1817 3548 qui

224 3591 385 3631 suam
408 3573 706 3630 Ecclesiam
734 3588 950 3642 semper
979 3581 1035 3627 et
1058 3573 1258 3641 ubique
1290 3572 1500 3634 dilatat,
1524 3580 1578 3625 et
1606 3571 1816 3639 magni-

228 3668 363 3722 ﬁcat
390 3666 444 3720 in
467 3667 718 3721 omnibus
744 3663 1082 3719 nationibus.
1118 3662 1273 3717 Unde
1305 3661 1605 3732 apostolica
1634 3670 1819 3716 aucto-

230 3759 397 3812 ritate
421 3765 477 3811 et
513 3757 686 3812 sancti
727 3756 870 3810 l’etri
900 3762 1188 3824 potestate,
1225 3754 1398 3825 cujus,
1441 3753 1567 3808 licet
1589 3752 1814 3823 indigni,

231 3860 417 3905 tamen
459 3849 650 3904 vicarii
695 3864 917 3913 sumus,
973 3848 1263 3903 annuimus
1316 3855 1373 3900 et
1426 3844 1814 3909 collaudamus;

232 3952 402 4013 atque
448 3941 928 4005 incanonizamus,
974 3949 1033 3994 ut
1064 3940 1132 3994 ad
1170 3938 1453 3994 ecclesiam
1492 3936 1680 3992 Sancti
1711 3934 1817 3989 Viti

230 4042 291 4087 et
314 4033 501 4088 Sancti
517 4031 792 4087 Wenezlai
820 4040 1118 4102 martyrum
1153 4032 1244 4084 ﬁat
1267 4029 1424 4085 sedes
1453 4025 1775 4098 episcopalis
1799 4042 1814 4092 ;

232 4123 302 4178 ad
320 4122 608 4179 ecclesiam
636 4137 765 4176 vero
786 4121 970 4177 Sancti
998 4120 1215 4193 Georgii
1243 4120 1497 4191 martyris
1516 4120 1617 4175 sub
1638 4116 1820 4188 regula

233 4216 411 4270 sancti
463 4214 761 4279 Benedicti,
798 4223 852 4268 et
891 4214 1199 4269 obedientia
1238 4213 1360 4267 tilia:
1407 4219 1607 4267 nostrae
1636 4210 1820 4266 Maria:

234 4307 441 4362 sororis
485 4316 621 4372 tum,
672 4307 1035 4361 constituatur
1081 4304 1430 4375 congregatio
1482 4302 1817 4358 monialium.

240 4399 629 4455 Verumtamen
674 4413 779 4452 non
810 4398 1122 4468 secundum;
1150 4397 1313 4452 ritum
1342 4404 1435 4450 aut
1457 4402 1660 4450 sectam
1698 4394 1821 4449 Bul-

234 4491 432 4561 garicze
481 4490 679 4559 gentis,
730 4490 813 4544 vel
854 4490 1054 4552 lluzite,
1111 4497 1205 4543 aut
1258 4488 1561 4543 Slavonicze
1602 4488 1819 4557 lingute,

1917 3302 2292 3358 conculcatam
2342 3302 2457 3358 fore
2502 3304 2831 3367 audivimus,
2885 3304 3161 3370 impletam
3208 3301 3261 3355 in
3293 3316 3356 3355 ea
3383 3314 3508 3369 pro-

1917 3393 2093 3463 pheta:
2130 3395 2455 3451 sententiam
2484 3393 2735 3469 dicentis.
2768 3393 2927 3450 Sedet
2961 3394 3014 3447 in
3040 3393 3258 3446 tristitia
3286 3392 3507 3446 domina

1917 3486 2183 3554 gentium;
2218 3497 2548 3556 quapropter
2579 3488 2733 3542 vobis
2783 3497 2839 3541 et
2888 3486 3100 3541 cunctis
3132 3484 3509 3539 Ecclesiarutn

1920 3578 2013 3631 Dei
2043 3577 2288 3631 ﬁdelibus
2331 3579 2566 3647 propriis
2632 3578 2878 3647 apicibus
2921 3579 3205 3646 designare
3259 3576 3508 3645 cupimus

1919 3667 2194 3737 querelam
2240 3669 2376 3723 tanti
2424 3669 2720 3739 sacrilegii,
2775 3684 2875 3723 cur
2923 3669 3215 3739 praedictus
3264 3664 3508 3734 rjusdcut

1919 3757 2176 3812 Ecclesia:
2228 3759 2454 3813 antistes
2481 3760 2731 3828 nequiter
2777 3760 2990 3814 assidua
3027 3759 3345 3827 conﬂigatur
3373 3758 3508 3827 inju-

1920 3849 2020 3904 ria.
2096 3849 2171 3903 Ea
2239 3865 2471 3920 namque
2535 3850 2813 3921 juvamina
2885 3866 3003 3919 quae
3072 3866 3103 3904 a
3159 3850 3509 3918 largitoribus

1920 3950 2119 3995 nostra:
2167 3940 2425 3997 Ecclesiae
2493 3950 2656 4008 sunt,
2701 3956 2915 4011 semper
2971 3942 3209 3997 cedeuda
3250 3942 3437 3997 sciatis
3475 3959 3508 3997 a

1921 4032 2445 4102 nobisplenissime
2497 4032 2614 4089 fore
2664 4032 2963 4105 Iargienda.
3032 4032 3187 4092 Hunc
3238 4035 3422 4105 igitur,
3477 4051 3508 4091 a

1920 4123 2189 4195 elavigero
2235 4126 2384 4197 regni
2455 4125 2733 4191 etelestis,
2799 4134 3106 4196 nostraeque
3163 4127 3377 4198 inc'yta'
3412 4141 3511 4197 po-

1924 4217 2135 4271 testatis
2186 4226 2440 4282 auctore,
2487 4228 2780 4288 nostraque
2812 4218 3148 4288 providentia
3206 4234 3318 4273 suae
3373 4234 3513 4288 quo-

1922 4323 2028 4378 que
2086 4311 2348 4367 cessionis
2395 4311 2602 4376 coacti,
2643 4310 2903 4381 largimus
2944 4311 2993 4365 ei
3065 4311 3334 4381 integram
3407 4311 3508 4365 ha-

1922 4400 2056 4456 bere
2123 4402 2423 4470 licentiam,
2466 4412 2522 4459 et
2570 4411 2893 4474 potestatem
2928 4403 3298 4468 abominandi,
3331 4402 3511 4473 gladio

1924 4516 2141 4569 quoque
2169 4502 2750 4557 excommunicationis
2779 4501 3010 4556 feriendi
3039 4516 3153 4566 eos,
3182 4501 3272 4571 qui
3297 4501 3345 4554 ei
3370 4516 3509 4555 con-

236 4582 331 4637 sed
376 4582 550 4652 magis
586 4596 819 4651 sequens
845 4582 1141 4636 constituta
1171 4590 1225 4635 et
1249 4580 1466 4634 decreta
1498 4579 1814 4648 apostolica,

1929 4592 2097 4647 trario
2116 4594 2449 4649 obstiterint.
2482 4593 2636 4659 Quod
2669 4609 2766 4648 nos
2798 4608 2928 4648 vere
2952 4603 3011 4647 ut
3036 4591 3291 4646 omnibus
3319 4591 3511 4662 cogni-

236 4690 404 4728 unum
428 4684 720 4744 potiorem,
753 4676 819 4728 ad
850 4674 1106 4744 placitum
1138 4671 1395 4727 Ecclesia:
1431 4673 1618 4736 totius,
1649 4670 1819 4740 eligas

238 4766 291 4820 in
316 4766 417 4822 hoc
436 4781 572 4836 opus
598 4765 874 4831 clericum,
906 4765 1116 4821 Latinis
1142 4763 1384 4835 aoprime
1408 4763 1609 4818 litteris
1639 4764 1823 4820 erudi-

307 5006 423 5079 (lg)
451 5005 607 5079 Anno
633 5005 929 5079 Dominicac
949 5003 1644 5079 Incarnationisplijtldus
1666 5002 1818 5079 Iulii,

240 5073 347 5135 (iui
374 5073 668 5147 Bohemire,
702 5077 788 5131 cui
828 5090 1092 5147 agnomen
1133 5074 1321 5147 Saevus
1351 5073 1645 5147 Bolizlaus,
1682 5076 1820 5130 male

241 5156 546 5204 mercatum
584 5146 823 5200 fraterno
851 5145 1129 5214 sanguine,
1156 5145 1364 5199 scilicet
1393 5146 1533 5199 beati
1565 5147 1820 5214 martyris

236 5218 543 5281 Wenezlai,
587 5217 858 5271 Bohemia:
888 5216 1141 5269 ducatum
1177 5230 1297 5267 cum
1339 5216 1447 5269 vita
1486 5217 1690 5270 amisit.
1721 5215 1819 5271 Cui

237 5290 383 5368 ﬁlius
412 5287 877 5368 ejusfequivocus
921 5298 1052 5364 s'uus
1097 5285 1152 5368 in
1195 5285 1497 5368 principatu
1533 5286 1818 5353 successit,

1932 4689 2044 4737 tum
2074 4694 2155 4739 est
2186 4686 2455 4755 abnegare
2484 4700 2591 4739 non
2622 4686 2887 4739 valemus.
2948 4684 3311 4751 Quamobrem
3354 4685 3513 4739 obse-

1931 4776 2135 4832 crando
2160 4777 2311 4833 vobis
2335 4776 2701 4848 praecipimus,
2732 4784 2895 4848 atque
2922 4776 3160 4832 fraterno
3177 4769 3511 4846 flagitamus,

1932 5026 2111 5078 soror,
2142 5009 2359 5067 nomine
2402 5009 2599 5077 Ml‘ada,
2648 5010 2796 5082 virgo
2818 5026 3004 5082 sacra,
3036 5008 3237 5082 litteris
3266 5008 3507 5065 erudita.

1928 5084 2058 5152 Qua:
2105 5099 2227 5137 cum
2275 5082 2537 5152 orationis
2592 5081 2754 5136 causa
2809 5081 3045 5152 Romam
3082 5081 3345 5152 venisset,
3385 5090 3441 5152 et
3484 5098 3516 5134 a

1925 5150 2063 5224 papa
2094 5153 2301 5208 Joanne
2331 5150 2490 5224 hujus
2537 5152 2773 5224 nominis
2809 5154 2968 5206 tertio
3019 5151 3229 5204 decimo
3280 5151 3515 5224 benigne

1926 5221 2222 5291 sitscipitur
2270 5240 2283 5275 :
2332 5221 2517 5291 ibique
2571 5222 2883 5290 aliquandiu
2932 5221 3520 5291 degens,__niouasticis

1926 5286 2228 5368 disciplinis
2272 5286 2551 5368 imbuitur.
2599 5286 2803 5368 Dehine
2837 5308 2972 5367 papa
3004 5286 3237 5368 consilio
3269 5292 3523 5346 cardina-
