3972 5428
1342 234 1518 292 VITA.
1562 271 1629 279 —
1664 239 1956 299 OBSERV.
1999 245 2333 309 ΡΙιΑΕἫΑΞ.

3326 274 3345 327 1
3356 274 3460 329 002

368 405 2799 464 Ὴ

1649 564 2041 697 VITA
2113 676 2119 680 _

1710 1172 1771 1189 ,ι
1863 1172 1875 1186 ,
2359 1172 2493 1195 π.
2676 1172 2897 1197 μ--ιι
3037 1172 3267 1203 ινισ..ε;ν
3368 1172 3459 1205 oui

1056 1189 1332 1255 Auctore
1374 1194 1657 1260 Gerardo
1682 1204 2073 1284 presbytero,
2110 1210 2241 1290 ejus
2265 1172 2629 1294 [antibo/ri.“
2652 1212 2801 1223 μὴ
2896 1217 2917 1241 ’
3066 1232 3081 1247 τ
3140 1172 3379 1270 μ,
3404 1255 3459 1264 λη-

2652 1212 2759 1222 -μιίσ-..ο

346 1422 530 1493 (Apud
564 1424 767 1499 Mabill.
794 1428 926 1486 Acta
954 1430 1060 1490 SS.
1090 1438 1206 1492 ard.
1235 1437 1298 1495 S.
1325 1406 1523 1500 liened.
1547 1444 1685 1503 Saec.
1714 1446 1781 1511 Υ.
1806 1465 1859 1521 p.
1881 1452 2006 1520 “5,
2040 1470 2105 1510 ex
2137 1458 2373 1517 editione
2404 1461 2715 1524 Vclsertana
2746 1481 2798 1525 et
2829 1475 3107 1534 codicibus
3134 1481 3291 1554 mss.)

1769 1603 2015 1622 ἡ

980 1707 1970 1820 OBSERVATIONES
2043 1732 2608 1831 PRzEVI/E.

237 2002 293 2056 ⁸ο
317 2002 587 2060 Αυοῑονθθ
606 2006 813 2079 antiqui
831 2009 980 2073 (nam
1010 1994 1345 2075 recentiores
1382 2020 1599 2078 interim
1623 2025 1754 2081 sile-
1782 2009 1829 2068 Α
1860 2028 1957 2084 rite
1988 2031 2284 2101 venientes,
2321 2038 2438 2096 haec
2484 2043 2643 2100 nobis
2670 2053 3129 2113 annuntiarcrunt
3162 2077 3176 2115 :
3221 2081 3240 2115 ι
3272 2062 3440 2123 Primi

237 2093 311 2123 ιιιή
345 2095 569 2123 ΔΜ-ιξ-ιιι
624 2107 737 2123 ι---
825 2102 911 2123 ---ε
972 2107 1142 2123 Α-η--·
1186 2108 1228 2123 η
1254 2111 1265 2123 .
1307 2110 1319 2123 ι
1355 2112 1367 2123 .
1408 2113 1421 2123 .
1461 2114 1517 2123 -.-
1589 2114 1651 2123 -..
1689 2119 1700 2123 -
1737 2120 1744 2123 .

155 2093 312 2165 ειυς)
345 2095 572 2152 omnino
624 2107 761 2165 tres,
821 2102 913 2170 qui
968 2107 1143 2161 sancti
1186 2108 1421 2167 Udalriei
1450 2114 1537 2185 (S.
1582 2114 1753 2188 Ulric)

160 2184 415 2254 episcopi
446 2185 808 2258 Augustensis
830 2201 980 2263 gesta
1008 2197 1243 2264 posteris
1273 2184 1637 2273 tradiderunt,
1666 2184 1752 2264 in;

156 2277 485 2345 veninntur,
517 2295 707 2338 omnes
740 2298 771 2339 a
803 2284 985 2344 Marco
1018 2287 1258 2360 Velsero,
1308 2297 1615 2367 reipublicae
1645 2303 1758 2359 Au-

154 2379 417 2437 gustam:
443 2370 732 2427 duumviro
758 2373 1086 2446 clarissimo,
1120 2383 1262 2454 typis
1294 2385 1517 2456 vulgati.
1542 2388 1756 2449 Primus

154 2457 266 2511 sub
287 2460 545 2531 anonymi
580 2462 771 2530 titulo;
804 2469 1076 2526 secundus
1099 2469 1477 2543 Geltehardus,
1512 2479 1751 2539 Udalriei

155 2546 214 2601 in
265 2552 459 2604 eadem
513 2556 642 2609 sede
694 2570 981 2613 successor
1024 2574 1284 2633 quartus;
1333 2569 1528 2626 tertius
1572 2573 1753 2631 Βενηο

151 2636 455 2707 Augiensis
482 2641 675 2708 abbas,
703 2660 840 2714 quos
872 2647 1224 2710 Ekkebardus
1242 2655 1421 2724 iunior
1449 2664 1752 2732 suppressis

153 2729 478 2786 nominibus
536 2732 723 2791 laudat
786 2739 840 2793 in
895 2740 989 2797 lib.
1042 2744 1108 2799 de
1151 2745 1381 2805 Casibus
1430 2757 1747 2812 monasterii

151 2821 338 2875 sancti
369 2820 510 2877 Galli
544 2840 665 2896 cap.
698 2827 753 2892 5,
787 2830 876 2885 ubi
903 2836 1150 2902 quaedam
1173 2838 1243 2893 ab
1272 2841 1352 2895 cis
1380 2845 1747 2912 prartcrmissa

151 2913 345 2969 refert.
370 2916 576 2973 l'razter
601 2922 699 2977 hos
726 2924 1020 2993 Ditmarus,
1044 2928 1350 2988 Cbronicon
1373 2935 1744 3006 Augustanunt

145 3004 358 3074 aliique
424 3023 607 3062 rerum
673 3010 1125 3071 Germanicarum
1198 3019 1746 3084 Alamannic‘arnmve

149 3096 405 3153 historici
442 3100 510 3155 de
540 3101 797 3160 Udalrico
831 3107 1133 3166 honorifice
1151 3125 1347 3183 agunt;
1381 3118 1525 3173 inter
1557 3135 1742 3176 recen-

150 3185 326 3240 tiores
359 3186 760 3248 illustrissimus
794 3196 1085 3252 cardinalis
1119 3199 1408 3258 Baronius.
1437 3208 1508 3262 At
1542 3209 1608 3263 de
1632 3210 1742 3279 pri-

145 3274 256 3329 mis
287 3276 410 3330 vitzn
439 3278 802 3349 scriptoribus
831 3284 920 3340 bic
945 3289 1218 3360 prmcipue
1246 3291 1553 3352 dicendurm.

217 3370 274 3423 2.
305 3371 407 3439 Qui
429 3373 637 3444 primus
667 3377 907 3434 Udalriei
956 3392 1076 3437 acta
1125 3384 1318 3443 litteris
1356 3393 1729 3462 consignavit,
1762 3371 1809 3431 Β

144 3476 459 3532 anonymus
483 3480 511 3516 a
544 3464 1112 3543 Velserocaaterisque
1144 3475 1351 3544 dictus,
1401 3480 1646 3550 pluribus
1681 3488 1734 3541 in

141 3550 287 3605 locis
314 3565 374 3604 se
407 3553 635 3612 Udalriei
661 3560 922 3629 aequalem
949 3578 1014 3619 ac
1043 3566 1363 3624 familiarem
1393 3570 1559 3628 fuisse
1594 3576 1736 3630 indi-

138 3650 258 3707 cat,
290 3651 349 3696 ut
379 3661 525 3699 num.
550 3647 654 3703 18:
685 3668 705 3700 ι
738 3650 813 3705 Ea
841 3667 962 3723 quae
988 3657 1224 3713 vidimus
1244 3675 1349 3716 non
1372 3662 1528 3719 decet
1560 3675 1730 3722 totum

137 3735 418 3792 omittere.
458 3756 477 3789 ι
507 3739 572 3793 Et
598 3757 746 3797 num.
771 3744 840 3798 54
866 3763 879 3798 :
913 3764 933 3798 r
964 3747 1089 3804 Haec
1116 3765 1245 3806 vero
1274 3755 1489 3811 nomine
1516 3758 1731 3815 dicente

138 3830 568 3896 comperiebam,
605 3834 699 3889 sed
746 3839 978 3907 propriis
1029 3841 1204 3898 oculis
1231 3844 1284 3899 in
1314 3849 1730 3919 quamplurintis

136 3926 365 3985 peracta
412 3924 837 3990 conspiciebant.
870 3947 888 3979 ι
948 3928 1322 3989 Udalscalcum
1356 3950 1482 3992 esse
1506 3940 1726 4009 quidam

134 4008 347 4074 opinati
367 4018 527 4074 sunt;
562 4011 654 4066 sed
694 4015 816 4083 quis
851 4016 924 4071 sit
956 4017 1306 4077 Udalscalcus
1335 4024 1426 4081 ille
1453 4008 1558 4082 non
1590 4032 1725 4087 satis

133 4095 434 4164 explicant.
465 4097 618 4156 Unus
644 4101 748 4158 fuit
782 4120 848 4160 eo
877 4109 1095 4165 nomine
1134 4116 1433 4171 monachus
1456 4117 1729 4188 Augusta-

135 4199 242 4238 nus
277 4186 346 4239 ad
376 4198 618 4244 sanetam
655 4192 860 4259 Afram,
893 4211 986 4252 seu
1017 4201 1084 4254 ad
1114 4212 1362 4258 sanctum
1389 4186 1720 4277 Udalrieum,

136 4273 182 4326 is
204 4275 294 4343 qui
318 4276 384 4330 de
407 4277 635 4336 discidio
656 4282 796 4339 inter
809 4286 1094 4344 Henricum
1115 4294 1423 4366 episcopum
1448 4309 1505 4354 et
1527 4300 1723 4372 Egino-

134 4381 257 4419 nem
280 4369 534 4424 abbatem
555 4385 746 4429 exorto
770 4377 963 4433 librum
989 4382 1253 4454 insignem
1282 4390 1522 4460 scripsit,
1554 4394 1607 4449 in
1641 4405 1722 4450 to-

134 4468 222 4507 mo
270 4455 313 4509 ll
365 4457 584 4516 lienrici
637 4463 841 4522 Canisii
881 4470 1109 4539 editum,
1151 4478 1241 4531 ubi
1275 4455 1516 4548 quaedam
1544 4486 1717 4540 sancti

135 4543 372 4604 Udalriei
408 4553 666 4609 miracula
703 4573 1112 4619 commemorat.
1153 4568 1298 4624 Idem
1349 4582 1536 4639 postea
1573 4576 1720 4645 ejus-

132 4635 251 4691 dem
284 4638 390 4695 loci
421 4642 590 4701 abbas
622 4647 721 4702 fuit
744 4650 813 4704 ab
834 4668 979 4709 anno
999 4657 1137 4713 “26
1166 4662 1233 4735 ad
1266 4635 1420 4719 “is.
1444 4635 1714 4723 Udalscal-
1743 4736 1783 4754 η

1742 4739 1786 4795 (Α
1889 4766 1943 4820 4.
1988 4768 2151 4826 Paulo
2173 4788 2296 4843 post
2338 4780 2511 4851 ipsum
2543 4786 2719 4843 Berno
2740 4808 2769 4845 a
2798 4795 3140 4866 Fridebaldo,
3176 4823 3399 4870 monas-

132 4741 224 4784 cus
249 4730 390 4786 alter
431 4734 536 4790 fuit
581 4740 868 4811 episcopus
916 4730 1273 4819 Augusten'sis
1313 4768 1434 4825 post
1476 4762 1708 4818 medium

130 4820 385 4875 szcculum
421 4824 833 4897 duodecimum;
886 4836 980 4890 sed
1035 4848 1262 4911 uterque
1297 4820 1453 4918 longe
1486 4850 1555 4905 ab
1576 4867 1709 4907 ano-

132 4909 268 4977 nymi
296 4913 474 4967 nostri
514 4923 696 4972 aetate.
730 4920 885 4977 Hunc
913 4926 1159 4984 ecclesize
1191 4934 1523 4993 cathedralis
1547 4955 1708 4995 cano-

118 5001 300 5056 nicum
324 5005 608 5063 exstitisse
636 5020 782 5080 patet
840 5028 906 5068 ex
946 5015 1086 5072 libro
1128 5024 1195 5076 de
1225 5023 1500 5084 Miraculis
1522 5033 1704 5103 (quem

127 5090 275 5146 unius
302 5092 657 5166 ejusdemque
678 5099 920 5157 aucturis
953 5119 1074 5161 esse
1098 5110 1371 5186 existimo)
1417 5090 1544 5175 huic
1573 5121 1705 5176 Vitae

124 5182 381 5250 subjecto.
419 5185 579 5252 Nam,
608 5202 729 5260 cap.
767 5191 838 5248 28
866 5192 1039 5250 relato
1066 5199 1299 5266 quodam
1346 5182 1609 5265 miraculo
1636 5212 1702 5266 ad

121 5277 285 5330 sancti
312 5277 551 5333 Udalriei
584 5280 853 5336 tumulum
879 5283 931 5338 in
973 5288 1203 5344 ecclesia
1246 5291 1306 5346 S.
1339 5295 1486 5353 Afrae
1512 5312 1699 5372 patra-

122 5372 189 5428 ιο,
216 5368 369 5422 addit
391 5368 589 5425 exinde
607 5385 936 5428 concursum
963 5378 1143 5428 Donuli
1171 5377 1374 5428 factum
1410 5387 1462 5428 in
1495 5368 1697 5428 πξνῖιηυί-

1859 2123 2017 2180 istius
2044 2131 2283 2187 auctoris
2325 2148 2520 2191 nomen
2577 2139 2857 2211 ignorasse
2908 2149 3124 2206 videtur
3172 2163 3441 2217 secundus

1854 2400 1973 2455 viro
1996 2406 2373 2476 compositam,
2404 2427 2424 2462 ι
2460 2411 2512 2466 in
2535 2416 2757 2489 prologo
2783 2436 2882 2478 suo
2902 2400 3051 2482 dicit.
3081 2429 3191 2487 Sed
3217 2438 3435 2495 tandem

1853 2488 2013 2545 lSIius
2045 2498 2297 2562 anonymi
2326 2514 2522 2557 nomen
2552 2504 2606 2559 in
2639 2488 2838 2567 itinere
2885 2526 3073 2574 nostro
3101 2520 3433 2584 Germanico

1852 2579 2140 2640 didicimus
2161 2600 2227 2641 ex
2250 2597 2466 2647 vetusto
2502 2596 2694 2653 codice
2724 2599 3134 2676 Ratisponensis
3160 2630 3435 2676 monaste-

1850 2671 1916 2725 rii
1970 2672 2156 2729 Sancti
2209 2677 2634 2753 Emmerammi,
2697 2703 2823 2747 ante
2878 2671 3059 2756 vannos
3107 2706 3432 2780 quingentos

1850 2762 2075 2834 scripto,
2101 2765 2152 2819 in
2176 2782 2282 2838 quo
2310 2772 2485 2840 prima
2531 2777 2647 2835 base
2680 2779 2794 2836 Vita
2820 2793 3090 2857 reperitur
3125 2762 3429 2858 .subytitulo

1848 2862 1972 2922 post
1994 2858 2411 2926 capitulatioues
2440 2865 2513 2921 ita
2540 2884 2798 2940 expresso
2829 2893 2843 2929 :
2881 2896 2898 2928 ι
2934 2878 2988 2934 lu
3012 2887 3231 2943 nomine
3248 2890 3429 2949 Donu-

1850 2945 1902 2998 ni
1938 2947 2128 3017 incipit
2160 2948 2276 3006 Vita
2304 2958 2478 3012 sancti
2513 2957 2749 3020 Udalriei
2783 2968 3020 3041 episcopi
3053 2984 3109 3030 et
3148 2981 3449 3041 confesso--

1847 3036 1923 3090 ris
1946 3036 2169 3107 Christi,
2208 3045 2351 3101 edita
2380 3065 2409 3102 a
2433 3049 2696 3120 Gerardo,
2733 3036 2830 3129 qui
2860 3063 2927 3117 ab
2964 3036 3028 3121 eo
3057 3067 3159 3124 fuit
3195 3079 3425 3151 presby-

1847 3134 1931 3181 ter
1956 3131 2259 3188 ordinatus.
2296 3156 2315 3187 ι
2344 3138 2645 3200 Gerardum
2688 3149 2870 3221 itaque
2901 3152 2953 3210 in
2990 3131 3263 3227 posterum
3297 3131 3416 3223 ne}.

1842 3217 1920 3271 bit
1941 3222 2213 3291 appellare
2237 3243 2587 3303 anonyntum,
2619 3241 2710 3309 qui
2743 3246 2926 3302 nescio
2943 3264 3010 3304 an
3044 3251 3180 3308 idem
3207 3256 3424 3318 sitcum

1838 3305 2083 3366 Gerardo
2123 3312 2359 3374 Udalriei
2409 3305 2709 3397 capellano,
2756 3334 2822 3389 de
2866 3351 2973 3407 quo
3028 3340 3080 3397 in
3113 3345 3233 3402 Vita
3268 3366 3420 3409 num.

1837 3400 1926 3466 65,
1951 3418 2043 3457 seu
2075 3412 2387 3478 prmposito,
2418 3417 2483 3471 de
2513 3435 2620 3489 quo
2647 3439 2794 3479 num.
2831 3400 2917 3496 76,
2948 3442 3110 3504 atque

1837 3505 1918 3555 ro,
1949 3508 2097 3549 num.
2138 3496 2227 3551 85.

1905 3580 1958 3636 5.
2000 3582 2163 3641 Binos
2187 3586 2415 3647 Gerardi
2448 3595 2614 3655 libros
2640 3603 2705 3658 de
2727 3604 2847 3662 Vita
2877 3620 2931 3665 et
2956 3611 3228 3675 Miraculis
3250 3620 3414 3680 Udal-

1835 3672 1932 3726 riei
1963 3689 2083 3728 cum
2113 3676 2344 3748 simplici
2372 3686 2512 3756 stylo
2540 3693 2773 3764 scriptos
2804 3699 3023 3771 legisset
3059 3706 3412 3772 Gcbehardus

1830 3763 2133 3836 cpiscopus,
2165 3782 2259 3825 eos
2289 3788 2428 3830 noro
2479 3783 2739 3841 orationis
2782 3805 2981 3860 genere
3026 3802 3268 3869 expolire
3311 3823 3412 3879 ag-

1829 3867 2184 3924 gressus-est,
2239 3864 2315 3918 uti
2349 3866 2464 3936 ipse
2509 3871 2561 3926 in
2605 3873 2837 3951 PcoIOgo
2881 3899 2981 3942 suo
3021 3897 3279 3964 testatur;
3313 3864 3405 3956 35.:

1829 3958 2003 4004 morte
2031 3966 2359 4025 prmventns,
2390 3978 2524 4033 opus
2552 3970 2812 4036 perlicere
2841 3993 2948 4034 non
2982 3986 3178 4052 potuit.
3208 3989 3333 4046 Fuit
3360 3995 3405 4049 is

1828 4035 1896 4091 ab
1923 4038 2180 4101 Udalrico
2208 4035 2566 4122 Augustensis
2606 4063 2891 4137 cpiscopus
2934 4035 3182 4143 quartus,
3217 4072 3404 4154 utpote

1826 4133 1921 4199 qui
1949 4145 2073 4203 post
2100 4135 2394 4199 llenriemn
2426 4145 2662 4208 Udalriei
2686 4171 3079 4234 successorem,
3112 4186 3256 4228 anno
3278 4133 3402 4245 $382,

1824 4232 2055 4294 postque
2117 4228 2362 4289 Etbieum
2411 4253 2554 4296 anno
2605 4242 2709 4301 988
2760 4252 3080 4326 exstinctos,
3140 4228 3407 4324 successit

1825 4310 2059 4370 Liutolfo
2100 4328 2223 4387 post
2275 4334 2483 4393 septem
2535 4333 2811 4402 regiminis
2848 4357 3041 4412 annos,
3065 4310 3246 4422 ,atqne
3286 4356 3400 4427 ipse

1822 4420 1966 4459 anno
2015 4416 2533 4478 post‘millesimum
2586 4434 2827 4487 secundo
2877 4454 2907 4491 c
2959 4442 3094 4496 vivis
3144 4454 3396 4504 excessit.

1819 4492 2125 4554 Gebebardi
2181 4503 2486 4565 lucubratio
2540 4515 2852 4586 imperfecta
2898 4529 3097 4585 desinit
3149 4535 3200 4588 in
3238 4537 3399 4595 laude

1819 4587 2008 4641 activa?
2031 4599 2086 4645 et
2114 4592 2367 4653 theorica:
2404 4600 2639 4661 Udalriei
2685 4611 2806 4665 vitm
2836 4618 2904 4670 ab
2933 4618 3083 4675 initio
3113 4622 3229 4691 ejus
3258 4645 3394 4697 pon-

1820 4674 2071 4734 titicatus.

1820 4858 1939 4912 terii
1969 4858 2184 4917 Sanctae
2203 4865 2348 4923 Afra:
2376 4875 2515 4942 apud
2538 4877 2839 4949 Augustam
2876 4858 3277 4955 Vindelicornm
3307 4858 3401 4961 ab-

1816 4948 1947 5004 bate
1970 4962 2171 5021 quarto
2204 4973 2449 5031 rogatus,
2475 4975 2732 5043 anonymi
2760 4981 3111 5053 scriptionetn
3138 4988 3243 5043 alia
3271 4994 3404 5052 item

1815 5039 1987 5097 forma
2011 5050 2384 5108 exornandam
2425 5064 2680 5132 suscepit,
2715 5065 2879 5138 idque
2906 5090 2966 5130 re
3006 5088 3131 5127 vera
3169 5093 3408 5144 exsecu-

1815 5137 1899 5184 tus
1928 5141 2009 5188 est
2037 5141 2163 5186 ante
2198 5151 2401 5196 annum
2457 5147 2626 5217 l030,
2684 5137 3133 5222 quii'il’ridebaldi
3192 5137 3416 5239 abbatis

1813 5237 2100 5292 supremus
2163 5225 2285 5282 fuit.
2344 5235 2419 5289 De
2478 5238 2726 5298 Bernone
2781 5249 3132 5308 Ilermannus
3189 5263 3260 5314 ad
3314 5286 3414 5326 an.

1814 5326 1937 5365 num
1991 5311 2151 5369 1008.
2220 5333 2239 5366 ι
2301 5320 2425 5392 ipso
2478 5344 2635 5397 anno,
2690 5332 2889 5407 inquit,
2949 5340 3242 5403 Heinricus
3296 5373 3416 5428 rex.

1814 5403 2021 5428 λιιι-...ἶσοι
2056 5404 2264 5428 ιΑ...Ι..-.-
2409 5424 2417 5428 -
2471 5420 2484 5428 .

1812 5403 2021 5428 Λιιι-ηἶίη
2056 5404 2264 5428 Ιηηιιιιι---
