3972 5428
573 280 711 335 1005

1580 278 1635 333 S.
1681 275 1998 335 UDALRICI
2042 274 2441 361 AL’CUSTAM
2482 274 2808 330 EPISCOPI.

3676 271 3802 329 ιοοι

571 396 670 462 Qui
697 400 974 465 gratanter
996 398 1295 460 susceptus,
1329 387 1525 444 fratres
1548 389 1820 459 dispersos
1846 387 2140 455 recollegit,
2173 392 2218 449 Α
2320 384 2372 438 6.
2415 382 2697 438 lidalricus
2722 381 2968 453 quzedam
3016 390 3142 439 ante
3167 382 3544 455 pontificatum
3587 386 3746 454 gessit
3774 405 3801 443 a

569 494 626 540 et
647 500 677 538 a
709 483 997 538 Lamberto
1016 478 1413 535 Constantiensi
1444 477 1694 548 episcopo
1715 478 1882 533 abbas
1903 478 2140 548 ejusdem

570 573 675 629 loci
706 570 994 627 vicesimus
1038 583 1212 624 nonus
1263 578 1635 634 consecratus,
1690 583 1879 637 magna
1921 569 2146 638 insignis

568 664 792 724 scientia
816 661 1123 733 pietateque
1142 654 1354 730 prtefuit
1378 660 1534 716 annis
1562 660 1916 730 quadraginta
1948 678 1966 711 ι
1998 658 2146 715 Obiit

569 768 709 809 anno
738 752 891 807 1048.
917 750 1047 820 Ejus
1068 750 1303 821 elogium
1333 749 1466 805 alias
1496 750 1605 804 Deo
1625 749 1789 804 dante
1819 749 2133 806 referemus.

570 847 651 899 lix
679 844 764 898 his
787 843 960 898 tribus
985 840 1299 897 auctoribus
1354 855 1519 895 unum
1567 839 1656 895 hic
1690 840 1901 906 damus,
1946 840 2146 895 Gerar-

571 936 722 1000 dum,
749 943 1038 1005 propterea
1059 934 1201 1004 quod
1219 946 1288 986 ex
1301 931 1425 988 aliis
1450 930 1585 985 nihil
1614 929 1727 985 fere
1745 931 1882 987 scitu
1901 930 2143 1001 dignum,

571 1027 713 1095 quod
742 1026 812 1079 ab
836 1026 953 1095 ipso
977 1040 1084 1079 non
1109 1022 1441 1093 acceperint,
1473 1021 1681 1077 discere
1711 1021 1892 1077 liceat.
1919 1021 2142 1094 Anony-

570 1118 644 1172 mi
675 1132 861 1187 porro,
888 1117 942 1171 id
964 1124 1052 1171 est
1068 1115 1315 1180 Gerardi,
1336 1114 1721 1168 commentatio
1741 1113 1975 1183 primum
2005 1112 2146 1183 typis

568 1224 765 1263 excusa
818 1215 904 1261 est
940 1220 1005 1260 ac
1044 1208 1187 1260 notis
1230 1205 1497 1259 illustrata
1538 1204 1606 1258 ab
1634 1202 1985 1258 ornatissimo
2024 1203 2141 1257 viro

567 1299 750 1354 Marco
782 1298 999 1354 Velsero
1021 1297 1274 1368 Augusta:
1301 1296 1696 1352 Vindelicorum
1723 1309 1866 1350 anno
1894 1295 2049 1363 1595,
2075 1310 2143 1351 ex

569 1408 677 1462 quo
702 1399 1017 1461 sequentem
1041 1389 1332 1445 editionem
1359 1387 1761 1442 adornavimus.

655 1483 710 1538 5.
760 1482 890 1547 Sed,
937 1489 1226 1549 antequam
1257 1494 1375 1534 eam
1405 1478 1780 1542 exbibeamus,
1811 1477 2055 1547 quaedam
2087 1476 2140 1531 in

568 1558 906 1630 antecessum
941 1574 1006 1627 ad
1033 1572 1149 1643 ejus
1179 1571 1591 1627 illustrationent
1612 1570 1940 1641 prtemittere
1971 1570 2141 1641 juvat.

568 1667 631 1721 Et
657 1667 833 1736 primo
862 1664 1078 1734 quidem
1110 1662 1493 1732 inquirendum
1534 1677 1601 1715 an
1641 1675 1939 1716 monacnus
1984 1660 2143 1716 fuerit

2253 475 2424 530 tribus
2473 474 2786 528 auctoribus
2832 474 3034 529 omissa
3064 513 3079 538 ,
3123 490 3244 542 quae
3305 475 3393 531 hic
3444 476 3804 544 puemittenda

2248 575 2373 621 sunt
2396 580 2461 620 ex
2488 563 2793 619 Ekkebardi
2815 578 2938 634 cap.
2966 563 3001 619 5
3033 582 3048 619 :
3083 586 3101 617 ι
3127 566 3202 620 De
3230 576 3423 621 sancto
3449 565 3699 622 Udalrico
3722 582 3806 620 au-

2249 662 2356 709 tem
2392 654 2624 724 qualiter
2661 653 2943 709 nobiscum
2989 654 3185 725 egerit,
3231 656 3374 711 dicta
3422 656 3643 711 Patrum
3673 670 3809 726 qua-

2246 745 2373 800 dam
2403 745 2730 810 audivimus,
2758 760 2879 815 quas
2899 743 3117 815 quidem
3159 746 3212 800 in
3240 747 3348 801 vita
3395 746 3515 816 ejus
3539 748 3622 802 vel
3661 749 3807 804 tertio

2241 833 2357 903 jam
2384 832 2584 903 scripta
2609 848 2714 887 non
2745 832 3069 889 invenimus.
3106 834 3183 888 De
3214 835 3486 890 nobilibus
3535 838 3677 891 enim
3706 837 3804 903 ille,

2249 929 2386 976 utet
2410 922 2477 975 ab
2501 920 2623 976 aliis
2647 921 2760 992 jam
2786 923 2986 977 dictum
3016 932 3117 985 est,
3146 932 3340 988 natus,
3377 925 3519 993 apud
3551 934 3811 981 nostrates

2247 1015 2506 1069 educatus
2529 1021 2611 1069 est
2635 1022 2689 1069 et
2710 1012 2921 1068 doctus.
2956 1012 3057 1069 llic
3077 1014 3243 1079 viam,
3265 1029 3371 1084 qua
3398 1016 3453 1069 in
3484 1014 3648 1070 cmlos
3673 1015 3809 1071 vola-
3838 1086 3845 1093 θ

2249 1107 2346 1170 vit,
2368 1104 2656 1162 subvoiare
2685 1104 2907 1172 didicit;
2941 1105 3028 1160 hic
3053 1105 3348 1161 virtutibus
3371 1122 3510 1176 quas
3533 1123 3676 1162 nunc
3698 1122 3810 1179 ape.

2247 1205 2401 1253 ratur
2425 1196 2745 1266 praaludium
2776 1194 2923 1266 fecit,
2952 1195 3272 1252 Sanctorum
3327 1198 3472 1252 enim
3506 1207 3808 1254 nostrorum

2250 1287 2387 1343 Galli
2417 1299 2474 1343 et
2496 1287 2721 1353 Otmari,
2746 1302 2882 1358 quos
2903 1290 3158 1359 puerulus
3185 1299 3370 1360 patres
3395 1289 3584 1362 elegit,
3609 1306 3669 1346 se
3697 1308 3806 1346 mo-

2245 1380 2433 1435 nachis
2449 1379 2683 1450 jungens
2700 1395 2821 1434 cum
2845 1380 3046 1436 sanctis
3069 1382 3447 1437 sanctissimus
3459 1392 3515 1437 et
3533 1398 3658 1438 eum
3688 1384 3810 1438 elec-

2253 1470 2322 1524 tis
2348 1470 2648 1539 ingreditur
2666 1468 3046 1526 electissimus.
3071 1469 3391 1527 llartmanni
3414 1473 3560 1529 enim
3579 1471 3804 1544 junioris

2245 1561 2537 1632 discipulus
2560 1560 2739 1616 divina
2762 1577 2873 1632 prae
2894 1564 3142 1619 omnibus
3175 1563 3381 1635 Spiritu
3409 1575 3601 1621 saneto
3633 1568 3806 1638 preli-

2246 1654 2404 1709 batus
2431 1655 2631 1710 hausit.
2662 1654 2720 1708 ln
2750 1655 3037 1710 refectorio
3075 1671 3258 1712 coram
3293 1659 3564 1729 patribus,
3602 1659 3695 1714 ubi
3738 1661 3807 1714 vel

568 1755 876 1818 Udalricus,
917 1769 1076 1824 quem
1121 1751 1211 1807 alii
1256 1750 1603 1807 Vodalricum
1639 1767 1735 1807 seu
1765 1752 2096 1809 Othalricnm
2122 1792 2137 1817 ,

2246 1744 2297 1797 in
2325 1753 2526 1814 puncto
2555 1759 2783 1815 peccare
2844 1745 3073 1816 capitale
3113 1756 3255 1813 erat,
3302 1748 3475 1805 lector
3523 1749 3808 1806 inoffensus

565 1848 658 1901 alii
686 1846 983 1901 \Volricum
1013 1842 1304 1914 appellant.
1346 1840 1666 1896 Monachum
1709 1849 1834 1897 ante
1864 1841 2141 1911 episcopa-

567 1946 679 1989 tum
718 1933 885 1988 fuisse
919 1940 1121 2003 negant
1146 1940 1397 1986 auctores
1424 1930 1558 1986 Vitae
1594 1939 1794 1985 sanctae
1834 1929 2143 1984 Wiboradze

569 2024 712 2093 apud
742 2024 801 2075 S.
829 2022 1039 2078 Gallum
1071 2021 1314 2085 reclusas,
1344 2021 1452 2087 cui,
1484 2036 1606 2075 cum
1631 2035 1786 2076 suum
1814 2020 1881 2075 de
1909 2020 2141 2074 ineunda

565 2113 868 2169 monastica
901 2110 1236 2183 professione
1259 2111 1543 2165 consilium
1584 2110 1903 2181 aperuisset,
1939 2109 2083 2165 aliud
2108 2124 2138 2162 a

568 2206 679 2261 Deo
702 2212 961 2257 statutum
983 2202 1049 2257 de
1079 2201 1194 2270 ipso
1221 2200 1388 2255 fuisse
1411 2198 1751 2269 significavit,
1800 2213 1997 2270 nempe
2050 2199 2137 2253 fu-

573 2305 755 2347 turum
788 2293 1101 2361 episcopum
1132 2290 1389 2346 ECclesite
1424 2290 1808 2362 Augustensis,
1849 2290 1988 2344 utin
2024 2290 2142 2360 ejus

563 2381 715 2437 Actis
755 2382 1002 2451 superius
1041 2380 1109 2435 ad
1157 2395 1354 2434 annum
1385 2379 1511 2435 925.
1546 2379 1652 2434 Sed
1691 2390 1853 2435 antea
1896 2379 2137 2450 ejusdem

564 2471 810 2527 ecclesiae
854 2470 1175 2526 canonicum
1236 2469 1407 2525 fuisse
1463 2469 1614 2524 testis
1657 2478 1743 2524 est
1794 2467 2140 2523 Ekkebardus

558 2561 743 2629 jnnior
778 2562 830 2616 in
862 2560 982 2617 loco
1003 2576 1126 2616 mox
1155 2560 1340 2616 citato.
1396 2559 1511 2614 Etsi
1561 2573 1689 2614 vero
1742 2557 1996 2615 Udalrico
2020 2572 2139 2612 esse

564 2654 833 2709 monacho
864 2667 969 2707 non
1002 2653 1176 2717 licuit,
1209 2662 1360 2709 veste
1388 2660 1567 2708 tamen
1598 2651 1895 2707 monastica
1931 2652 2140 2721 episco-

565 2755 666 2810 pus
695 2755 823 2796 usus
846 2747 950 2807 est,
980 2741 1245 2806 addictus,
1269 2750 1533 2810 quatenus
1559 2740 1880 2811 episcopalis
1907 2740 2139 2811 dignitas

564 2832 794 2901 ferebat,
823 2833 997 2889 sancti
1031 2832 1307 2888 Benedicti
1350 2834 1566 2904 regular,
1603 2830 1758 2900 cujus
1790 2833 2053 2887 elementa
2085 2832 2138 2886 in

560 2924 751 2981 Sancti
773 2923 912 2980 Galli
933 2922 1262 2983 monasterio
1289 2923 1552 2979 educatus
1578 2923 1857 2978 didicerat.
1884 2920 1975 2976 Sic
1993 2921 2137 2976 enim

524 3066 535 3074 .
562 3017 837 3071 Gerardus
866 3015 1102 3086 loquitur
1123 3031 1269 3069 num.
1296 3014 1363 3070 l7
1394 3033 1407 3069 :
1444 3034 1462 3067 ι
1496 3013 1723 3085 Semper
1766 3014 1874 3069 cuti
1905 3029 2017 3069 sua:
2060 3015 2137 3068 la-

562 3123 727 3162 neum
755 3122 1030 3177 apponens
1066 3107 1472 3172 vestimentum,
1523 3116 1578 3162 et
1619 3106 1861 3174 regulam
1903 3120 2136 3175 sequens

564 3200 978 3255 monachorum.
1019 3217 1038 3251 ι
1066 3199 1244 3254 Bcrno
1267 3198 1414 3253 addit
1441 3212 1564 3251 eum
1585 3211 1612 3252 a
1637 3197 1890 3251 carnibus
1914 3196 2138 3267 perinde

569 3290 917 3343 abstinuisse.
952 3288 1086 3353 Quia
1132 3302 1262 3342 vero
1307 3301 1554 3342 severum
1604 3286 1719 3340 suis
1762 3284 2032 3340 silentium
2072 3284 2137 3338 de

563 3387 725 3432 nocte
750 3378 1055 3448 praescribit
1081 3386 1299 3431 sanctus
1324 3376 1666 3439 Benedictus,
1707 3374 1761 3427 id
1806 3373 2039 3427 maxime
2085 3372 2137 3426 in

563 3467 991 3536 Quadragcsima
1022 3465 1349 3520 servandum
1375 3464 1477 3521 sibi
1506 3462 1786 3535 proposuit
1828 3461 2134 3527 Udalricus;

559 3572 668 3626 quo
706 3566 956 3626 tempore
984 3574 1003 3607 ι
1030 3570 1190 3610 onme
1218 3554 1567 3623 colloquium,
1618 3553 1720 3609 nisi
1768 3568 1892 3608 cum
1940 3553 2049 3608 Deo
2082 3562 2138 3606 et

561 3646 789 3709 sanctis,
833 3659 1005 3713 usque
1055 3645 1123 3699 ad
1164 3644 1389 3699 alterius
1438 3643 1542 3699 diei
1588 3643 1819 3713 primam
1863 3649 2134 3713 peractam

560 3738 782 3791 omnino
812 3735 1086 3790 devitavit.
1120 3756 1140 3787 ι
1181 3735 1441 3804 Denique,
1469 3750 1590 3790 cum
1612 3734 1934 3805 episcopalis
1956 3734 2136 3789 oneris

561 3828 828 3883 sarcinam
856 3828 908 3881 in
931 3826 1324 3882 Adalberonem
1351 3835 1602 3896 nepotem
1627 3841 1788 3881 suum
1819 3827 1921 3880 sub
1953 3834 2136 3881 extre-

561 3932 708 3971 mum
736 3918 858 3972 vitae
881 3932 992 3972 sua:
1022 3926 1231 3987 tempus
1284 3915 1509 3984 rejicere
1556 3915 1738 3971 animo
1772 3916 2133 3983 destinasset,

568 4025 588 4059 ι
616 4008 900 4078 episcopus
936 4008 1251 4062 indtunento
1289 4021 1441 4061 more
1469 4006 1857 4061 monachorum
1902 4007 2136 4062 formato

563 4097 904 4163 induebatur,
939 4112 1166 4167 quorum
1193 4106 1351 4151 antea
1390 4096 1631 4166 regulam
1667 4095 1998 4151 multimodis
2028 4097 2136 4149 vir-

564 4191 772 4245 tutibus
804 4190 955 4259 sequi
998 4199 1389 4255 consueverat,
1428 4209 1449 4242 ι
1476 4190 1615 4260 apud
1647 4188 1948 4244 Gerardum
1979 4202 2130 4242 num.

567 4281 657 4335 62.
684 4282 749 4333 Et
772 4280 824 4334 in
864 4281 1070 4351 synodo
1119 4279 1529 4350 lngelbeimensi
1570 4278 1809 4335 Gerardo
1853 4276 2133 4347 capellano

564 4386 664 4425 suo
690 4371 1160 4441 jnssitconsilium
1211 4386 1366 4424 suum
1420 4370 1486 4425 de
1541 4369 1894 4438 relinquendo
1936 4369 2133 4423 saeculo

2246 1839 2440 1893 creber
2463 1848 2602 1902 erat,
2633 1841 2880 1910 quamvis
2932 1843 3247 1898 canonicus.
3297 1843 3451 1912 Quod
3507 1853 3693 1900 tamen
3741 1847 3807 1901 il!i

2241 1930 2645 2000 progenitorum
2684 1947 2906 1987 suorum
2940 1934 3203 1989 indultum
3238 1945 3321 1990 est
3342 1936 3541 2007 gratia.
3568 1935 3808 1991 Widora-

2244 2021 2366 2075 dam
2395 2021 2680 2088 inclusam,
2708 2024 2961 2080 coaevulis
3008 2041 3067 2081 se
3112 2025 3332 2081 licentia
3385 2027 3509 2082 data
3548 2027 3619 2081 ad
3668 2027 3807 2081 ludos

2243 2109 2579 2178 parantibus,
2614 2110 2824 2168 feriatis
2852 2115 3043 2170 diebus
3072 2113 3256 2170 furtim
3276 2116 3503 2172 visitare
3541 2115 3805 2179 assolitus.

2244 2197 2448 2254 divinis
2476 2198 2546 2253 ab
2568 2200 2658 2255 illa
2686 2201 2956 2257 interdum
2985 2204 3164 2260 verbis
3198 2214 3254 2260 et
3274 2205 3540 2274 exemplis
3591 2206 3811 2260 instruc-

2243 2295 2330 2341 tus
2352 2297 2435 2342 est
2460 2289 2691 2361 paginis.
2723 2289 2856 2345 Nam
2911 2293 3143 2362 quadam
3192 2293 3278 2349 die
3323 2308 3447 2348 cum
3499 2293 3652 2348 illum
3697 2304 3809 2347 ante

2240 2374 2579 2441 fenestellam
2615 2380 2871 2436 clausulae
2900 2389 3132 2438 stantem
3166 2381 3440 2438 levissimo
3474 2382 3692 2447 videret
3710 2385 3809 2438 cin-

2242 2466 2369 2535 gulo
2396 2470 2770 2537 prmcinctum,
2793 2471 2859 2526 de
2890 2486 2987 2526 suo
3013 2471 3062 2525 ei
3094 2481 3341 2542 paratum
3371 2469 3627 2536 oﬁ‘erens,
3658 2474 3809 2528 casti-

2242 2557 2393 2624 tatis,
2460 2558 2655 2628 inquit,
2708 2560 2781 2614 ftli
2840 2561 2936 2626 mi,
2984 2561 3079 2616 tibi
3125 2562 3398 2632 cingulum
3443 2562 3550 2618 hoc
3606 2563 3806 2617 laneum

2241 2664 2419 2704 meum
2450 2666 2480 2704 a
2510 2650 2619 2705 Deo
2642 2651 2849 2722 accipe,
2880 2653 3336 2723 continentiaeque
3360 2656 3622 2725 strepheo
3643 2655 3718 2725 (id
3737 2663 3809 2709 est

2240 2739 2454 2812 cingulo
2499 2742 2767 2812 virginali)
2812 2742 2878 2796 ab
2926 2742 3025 2798 hac
3053 2744 3307 2813 deinceps
3335 2741 3425 2798 die
3448 2758 3551 2813 per
3580 2742 3810 2799 Wibora-

2243 2831 2366 2885 dam
2398 2841 2542 2887 tuam
2581 2842 2632 2886 te
2664 2832 3015 2903 prmcinctum
3074 2840 3365 2887 memento.
3426 2831 3575 2887 Cave
3617 2841 3807 2895 autem,

2240 2936 2330 2977 me
2380 2923 2474 2977 tibi
2517 2938 2547 2977 a
2596 2923 2823 2979 Domino
2871 2938 2994 2978 meo
3039 2923 3272 2979 edictum
3322 2921 3559 2990 ferente,
3588 2938 3651 2979 ne
3696 2923 3810 2977 ullis

2242 3018 2438 3074 abhinc
2474 3019 2755 3088 colloquiis
2791 3019 2946 3074 vanis
2986 3018 3317 3075 mulierculis
3349 3018 3668 3080 miscearis;
3694 3019 3805 3082 etsi,

2245 3104 2304 3166 ut
2330 3110 2582 3166 facillime
2623 3110 2703 3175 fit,
2740 3110 2918 3181 aliquo
2955 3110 3136 3165 carnis
3176 3110 3298 3180 igne
3344 3108 3601 3163 incensus
3632 3108 3803 3170 fueris,

2241 3202 2359 3259 loco
2381 3204 2434 3258 in
2464 3218 2570 3272 quo
2589 3202 2757 3259 fueris
2780 3210 3003 3266 mutato,
3028 3202 3190 3280 Deus,
3220 3202 3275 3254 in
3296 3200 3632 3270 adjutorium
3653 3214 3806 3253 meum

2240 3296 2485 3360 intende;
2513 3294 2756 3359 Domine,
2806 3295 2873 3348 ad
2929 3292 3289 3363 adjuvandum
3321 3308 3403 3345 me
3429 3292 3649 3361 festina,
3694 3302 3807 3343 mox

2239 3386 2563 3441 cantaveris.
2618 3385 2713 3439 Sin
2770 3393 2952 3440 autem
2978 3384 3058 3440 sic
3087 3397 3273 3452 pacem
3320 3381 3512 3452 aliquo
3543 3381 3650 3435 alio
3670 3378 3808 3448 lapsu

2242 3485 2331 3532 tuo
2361 3484 2573 3531 vetante
2602 3490 2707 3531 non
2732 3476 3005 3540 habueris,
3038 3475 3280 3531 titionem
3303 3488 3397 3528 seu
3422 3471 3709 3527 candelam
3734 3484 3811 3522 ar-

2238 3566 2453 3622 dentem
2484 3607 2498 3631 ,
2535 3567 2687 3637 quasi
2722 3567 2868 3621 aliud
2902 3566 3102 3636 aliquid
3140 3581 3291 3637 agas,
3332 3577 3590 3634 qumrens
3620 3602 3638 3627 ,
3688 3560 3811 3631 digi-

2241 3665 2352 3710 tum
2385 3657 2468 3711 vel
2492 3658 2680 3712 leviter
2707 3656 2892 3717 adure.
2919 3658 3217 3726 eodemque
3240 3669 3404 3709 versu
3426 3654 3575 3709 dicto
3600 3664 3811 3707 securus

2237 3748 2366 3803 eris.
2392 3747 2483 3803 Sic
2516 3748 2771 3817 magistra
2813 3747 3118 3818 praedurata
3165 3744 3493 3816 discipulum
3539 3741 3807 3799 sanctissio

2238 3855 2385 3895 mum
2431 3837 2705 3904 futurum,
2745 3847 2804 3894 ut
2849 3840 2964 3910 ipse
3006 3838 3252 3908 patribus
3298 3837 3594 3904 narrabat,
3636 3846 3811 3891 contra

2239 3928 2418 3999 ignem
2495 3927 2620 3998 igne
2674 3928 3097 3997 praeduraverat.
3157 3926 3322 3982 Multa
3378 3934 3513 3982 sunt
3570 3942 3691 3998 qua:
3753 3925 3813 3979 de

2237 4019 2480 4075 doctrina
2552 4019 2779 4075 nutricis
2838 4034 2949 4074 sua:
3000 4019 3021 4090 (
3036 4019 3116 4074 sic
3169 4019 3314 4074 enim
3388 4018 3559 4073 etiam
3612 4016 3813 4072 vetulus

2235 4126 2355 4168 eam
2395 4112 2670 4168 nominare
2713 4111 2942 4179 solebat)
2986 4110 3229 4180 patribus
3274 4110 3364 4166 ille
3405 4110 3644 4177 dixerat,
3678 4125 3812 4178 quae,

2237 4201 2361 4269 quia
2408 4209 2624 4255 austera
2663 4198 2821 4269 hujus
2854 4199 3111 4269 temporis
3149 4198 3559 4255 sanctis’videri
3596 4207 3815 4269 possunt

2236 4301 2292 4346 et
2328 4291 2702 4361 impossibilia,
2730 4307 2798 4345 ne
2823 4289 2951 4359 quid
2977 4291 3056 4346 eis
3084 4289 3327 4345 suboleat
3355 4290 3720 4360 praeterimus.
3745 4288 3817 4342 De

2238 4381 2418 4437 cilicio
2447 4382 2634 4444 etiam,
2667 4395 2774 4449 quo
2804 4381 2917 4449 ipsa
2948 4378 3223 4444 utebatur,
3251 4379 3406 4450 cujus
3432 4380 3595 4435 hodie
3617 4378 3820 4447 asperi-

565 4474 853 4528 exponcre.
885 4459 1037 4526 Quod
1070 4459 1182 4527 ipse
1206 4457 1482 4514 Gerardus
1502 4459 1751 4528 prtestitit
1783 4458 1867 4513 his
1904 4459 2083 4514 verbis
2116 4475 2131 4512 :

2243 4480 2405 4526 tatem
2424 4484 2537 4541 pro
2568 4445 2890 4540 reliquiis—id
2916 4470 3182 4525 habentes
3208 4445 3605 4531 horrescimus,
3634 4445 3819 4538 pulvil-

568 4569 588 4601 ς
626 4548 1076 4604 Excellentissimi
1125 4549 1483 4618 imperatores
1522 4558 1577 4604 et
1605 4547 1991 4617 religiosissimi
2038 4563 2134 4603 an-

565 4642 782 4703 tistites,
812 4640 1136 4695 desiderium
1162 4639 1365 4693 domini
1388 4639 1492 4694 mei
1514 4649 1598 4695 est
1631 4639 1935 4710 relinquere
1965 4656 2136 4696 saecu-

562 4730 694 4793 lum,
726 4739 782 4783 et
802 4729 1095 4783 secundum
1128 4728 1368 4796 regulam
1399 4728 1571 4782 sancti
1594 4728 1867 4783 Benedicti
1891 4738 2133 4783 sanctam

510 4846 513 4849 -
565 4819 704 4871 inire
728 4819 893 4871 vitam
922 4856 939 4883 ,
961 4828 1016 4872 et
1051 4819 1102 4871 in
1134 4817 1551 4887 contemplativa
1591 4818 1699 4871 vita
1738 4818 1880 4873 diem
1915 4833 2138 4889 exspec-

568 4918 684 4963 tare
709 4911 889 4965 obitus
914 4911 1017 4965 sui.
1047 4910 1103 4964 ln
1134 4910 1450 4966 indumento
1478 4926 1575 4981 pro
1603 4920 1754 4965 certo
1797 4912 2017 4968 habitus
2042 4929 2139 4968 ex-

569 5000 789 5053 terioris
822 5001 1049 5069 potestis
1088 5015 1414 5070 cognoscere
1436 5001 1766 5056 voluntatem
1795 5002 1960 5055 animi
1997 5002 2139 5056 inte-

569 5091 748 5142 rioris.
778 5109 796 5142 ι
834 5090 908 5142 Ita
934 5089 1205 5142 Gerardus
1260 5105 1407 5142 num.
1449 5090 1538 5142 65.
1571 5090 1686 5142 Νοιι
1719 5092 1891 5142 visum
1918 5099 2003 5142 est
2041 5090 2141 5142 Pa-

2240 4559 2407 4615 lulum
2438 4559 2549 4614 filio
2578 4574 2696 4623 suo,
2738 4569 2797 4613 ut
2820 4568 2876 4613 et
2911 4560 3027 4629 ipsa
3053 4574 3176 4614 eum
3204 4559 3544 4624 nominabat,
3568 4561 3623 4612 in
3652 4558 3821 4612 absti-

2241 4650 2437 4704 nentiae
2479 4650 2673 4703 diebus
2714 4650 2969 4703 utendum
3007 4659 3367 4714 eonnexerat;
3405 4649 3553 4717 quod
3589 4648 3818 4702 interdiu

2242 4741 2295 4795 in
2326 4741 2446 4796 sinu
2479 4747 2721 4810 gestans,
2754 4739 3007 4793 noctibus
3037 4737 3126 4792 ille
3157 4737 3390 4792 maxillis
3420 4737 3599 4808 lapide
3626 4753 3818 4807 suppo-

2241 4829 2347 4885 sito
2374 4838 2562 4897 aptare
2599 4826 2827 4882 solebat.
2859 4826 2975 4881 Tali
3006 4826 3095 4882 ille
3126 4826 3463 4881 lectisternio
3492 4842 3593 4896 pro
3618 4827 3822 4881 deliciis

2243 4932 2415 4987 usque
2444 4932 2628 4999 coram
2658 4914 2843 4983 januis
2875 4916 3119 4971 ecclesia:
3155 4926 3549 4971 nocturnorum
3583 4917 3820 4971 sonitum

2242 5020 2335 5064 aut
2367 5010 2422 5064 in
2453 5008 2628 5074 sedili,
2660 5018 2752 5062 aut
2780 5008 2921 5063 nuda
2955 5008 3173 5078 quidem
3215 5017 3533 5079 exspectare
3560 5022 3705 5063 terra
3737 5024 3824 5062 so-

2241 5098 2399 5142 lnlml,
2438 5100 2534 5142 "is:
2571 5109 2627 5142 At
2668 5099 2793 5142 alii:
2827 5100 3095 5142 gimililmu
3134 5115 3259 5142 ριηη
3294 5116 3322 5142 a
3365 5102 3596 5142 num-ilia
3635 5115 3825 5142 sum».
