  <div class='ocr_page' id='page_1' title='image "/cluster/home/n/w/nwhite01/storage/ocr_20150623/135/hvd.32044015471758/510.png"; bbox 0 0 3972 5428; ppageno 0'>
   <div class='ocr_carea' id='block_1_1' title="bbox 290 342 430 400">
    <p class='ocr_par' dir='ltr' id='par_1_1' title="bbox 290 342 430 400">
     <span class='ocr_line' id='line_1_1' title="bbox 290 342 430 400; baseline -0.021 0"><span class='ocrx_word' id='word_1_1' title='bbox 290 342 430 400; x_wconf 71' lang='grc' dir='ltr'><strong>Γθὸ</strong></span> 
     </span>
    </p>
   </div>
   <div class='ocr_carea' id='block_1_2' title="bbox 1456 343 2436 402">
    <p class='ocr_par' dir='ltr' id='par_1_2' title="bbox 1456 343 2436 402">
     <span class='ocr_line' id='line_1_2' title="bbox 1456 343 2436 402; baseline 0 -4"><span class='ocrx_word' id='word_1_2' title='bbox 1456 343 1630 399; x_wconf 67' lang='grc' dir='ltr'><strong>νΙΤᾹ.</strong></span> <span class='ocrx_word' id='word_1_3' title='bbox 1670 374 1738 383; x_wconf 91' lang='lat'><strong>-—</strong></span> <span class='ocrx_word' id='word_1_4' title='bbox 1778 344 1863 400; x_wconf 64' lang='grc' dir='ltr'>ΟΠ</span> <span class='ocrx_word' id='word_1_5' title='bbox 1888 346 2067 402; x_wconf 56' lang='grc' dir='ltr'>ίιιιιν.</span> <span class='ocrx_word' id='word_1_6' title='bbox 2110 345 2436 401; x_wconf 69' lang='grc' dir='ltr'><strong>ΡΒᾸΞΥΙᾹΞ.</strong></span> 
     </span>
    </p>
   </div>
   <div class='ocr_carea' id='block_1_3' title="bbox 3398 347 3534 402">
    <p class='ocr_par' dir='ltr' id='par_1_3' title="bbox 3398 347 3534 402">
     <span class='ocr_line' id='line_1_3' title="bbox 3398 347 3534 402; baseline 0.007 -1"><span class='ocrx_word' id='word_1_7' title='bbox 3398 347 3534 402; x_wconf 76' lang='grc'><strong>1006</strong></span> 
     </span>
    </p>
   </div>
   <div class='ocr_carea' id='block_1_4' title="bbox 288 453 3538 528">
    <p class='ocr_par' dir='ltr' id='par_1_4' title="bbox 288 453 3538 528">
     <span class='ocr_line' id='line_1_4' title="bbox 288 453 3538 528; baseline 0.001 -18"><span class='ocrx_word' id='word_1_8' title='bbox 288 454 642 527; x_wconf 84' lang='lat' dir='ltr'><strong>Evangelium</strong></span> <span class='ocrx_word' id='word_1_9' title='bbox 684 455 905 526; x_wconf 83' lang='lat' dir='ltr'><strong>legeret,</strong></span> <span class='ocrx_word' id='word_1_10' title='bbox 954 470 1289 511; x_wconf 90' lang='lat' dir='ltr'><strong>concessum.</strong></span> <span class='ocrx_word' id='word_1_11' title='bbox 1337 453 1471 510; x_wconf 85' lang='lat' dir='ltr'><strong>Nam</strong></span> <span class='ocrx_word' id='word_1_12' title='bbox 1521 455 1688 511; x_wconf 88' lang='lat' dir='ltr'><strong>frater</strong></span> <span class='ocrx_word' id='word_1_13' title='bbox 1731 472 1859 511; x_wconf 88' lang='lat' dir='ltr'><strong>con-</strong></span> <span class='ocrx_word' id='word_1_14' title='bbox 1895 473 1934 528; x_wconf 68' lang='grc' dir='ltr'><strong>Α</strong></span> <span class='ocrx_word' id='word_1_15' title='bbox 1966 464 2023 509; x_wconf 90' lang='grc' dir='ltr'><strong>ιιι</strong></span> <span class='ocrx_word' id='word_1_16' title='bbox 2064 470 2252 526; x_wconf 88' lang='lat' dir='ltr'><strong>pacem</strong></span> <span class='ocrx_word' id='word_1_17' title='bbox 2293 473 2322 511; x_wconf 92' lang='lat' dir='ltr'><strong>a</strong></span> <span class='ocrx_word' id='word_1_18' title='bbox 2363 457 2484 510; x_wconf 89' lang='lat' dir='ltr'><strong>viro</strong></span> <span class='ocrx_word' id='word_1_19' title='bbox 2511 456 2605 511; x_wconf 90' lang='lat' dir='ltr'><strong>Dei</strong></span> <span class='ocrx_word' id='word_1_20' title='bbox 2633 463 2859 526; x_wconf 82' lang='lat' dir='ltr'><strong>peteret,</strong></span> <span class='ocrx_word' id='word_1_21' title='bbox 2900 456 3244 526; x_wconf 75' lang='lat' dir='ltr'><strong>perduxerat.</strong></span> <span class='ocrx_word' id='word_1_22' title='bbox 3290 456 3407 527; x_wconf 85' lang='lat' dir='ltr'><strong>Ipsa</strong></span> <span class='ocrx_word' id='word_1_23' title='bbox 3438 472 3538 512; x_wconf 85' lang='lat' dir='ltr'><strong>au-</strong></span> 
     </span>
    </p>
   </div>
   <div class='ocr_carea' id='block_1_5' title="bbox 284 544 1853 620">
    <p class='ocr_par' dir='ltr' id='par_1_5' title="bbox 284 544 1853 620">
     <span class='ocr_line' id='line_1_5' title="bbox 284 544 1853 620; baseline -0.003 -17"><span class='ocrx_word' id='word_1_24' title='bbox 284 549 521 618; x_wconf 87' lang='lat' dir='ltr'><strong>scriptus</strong></span> <span class='ocrx_word' id='word_1_25' title='bbox 558 557 668 601; x_wconf 91' lang='lat' dir='ltr'><strong>tum</strong></span> <span class='ocrx_word' id='word_1_26' title='bbox 700 549 847 601; x_wconf 89' lang='lat' dir='ltr'><strong>vocis</strong></span> <span class='ocrx_word' id='word_1_27' title='bbox 876 548 1253 616; x_wconf 66' lang='lat' dir='ltr'><strong>pulcherrimae</strong></span> <span class='ocrx_word' id='word_1_28' title='bbox 1279 544 1507 620; x_wconf 81' lang='lat' dir='ltr'><strong>gratiam</strong></span> <span class='ocrx_word' id='word_1_29' title='bbox 1546 548 1799 603; x_wconf 89' lang='lat' dir='ltr'><strong>habebat.</strong></span> <span class='ocrx_word' id='word_1_30' title='bbox 1836 568 1853 599; x_wconf 83' lang='grc' dir='ltr'><strong>ι</strong></span> 
     </span>
    </p>
   </div>
   <div class='ocr_carea' id='block_1_6' title="bbox 280 637 1857 708">
    <p class='ocr_par' dir='ltr' id='par_1_6' title="bbox 280 637 1857 708">
     <span class='ocr_line' id='line_1_6' title="bbox 280 637 1857 708; baseline 0.001 -17"><span class='ocrx_word' id='word_1_31' title='bbox 280 638 354 691; x_wconf 89' lang='grc' dir='ltr'>Ει</span> <span class='ocrx_word' id='word_1_32' title='bbox 401 637 619 707; x_wconf 80' lang='lat' dir='ltr'><strong>quidem</strong></span> <span class='ocrx_word' id='word_1_33' title='bbox 678 637 819 693; x_wconf 91' lang='lat' dir='ltr'><strong>inter</strong></span> <span class='ocrx_word' id='word_1_34' title='bbox 870 639 1069 694; x_wconf 86' lang='lat' dir='ltr'><strong>fratres</strong></span> <span class='ocrx_word' id='word_1_35' title='bbox 1122 641 1455 708; x_wconf 90' lang='lat' dir='ltr'><strong>conscriptos</strong></span> <span class='ocrx_word' id='word_1_36' title='bbox 1502 639 1684 695; x_wconf 86' lang='lat' dir='ltr'><strong>Sancti</strong></span> <span class='ocrx_word' id='word_1_37' title='bbox 1723 640 1857 695; x_wconf 81' lang='lat' dir='ltr'><strong>Galli</strong></span> 
     </span>
    </p>
   </div>
   <div class='ocr_carea' id='block_1_7' title="bbox 283 728 1860 800">
    <p class='ocr_par' dir='ltr' id='par_1_7' title="bbox 283 728 1860 800">
     <span class='ocr_line' id='line_1_7' title="bbox 283 728 1860 800; baseline 0 -17"><span class='ocrx_word' id='word_1_38' title='bbox 283 730 427 799; x_wconf 88' lang='lat' dir='ltr'><strong>apud</strong></span> <span class='ocrx_word' id='word_1_39' title='bbox 458 728 774 785; x_wconf 88' lang='lat' dir='ltr'><strong>Goldastum</strong></span> <span class='ocrx_word' id='word_1_40' title='bbox 812 730 866 784; x_wconf 93' lang='lat' dir='ltr'><strong>in</strong></span> <span class='ocrx_word' id='word_1_41' title='bbox 900 729 1029 785; x_wconf 90' lang='lat' dir='ltr'><strong>tomi</strong></span> <span class='ocrx_word' id='word_1_42' title='bbox 1072 729 1114 784; x_wconf 95' lang='lat' dir='ltr'><strong>ll</strong></span> <span class='ocrx_word' id='word_1_43' title='bbox 1158 745 1279 800; x_wconf 88' lang='lat' dir='ltr'><strong>pag.</strong></span> <span class='ocrx_word' id='word_1_44' title='bbox 1314 729 1416 785; x_wconf 73' lang='lat'><strong>185</strong></span> <span class='ocrx_word' id='word_1_45' title='bbox 1449 729 1643 800; x_wconf 89' lang='lat' dir='ltr'><strong>legitur</strong></span> <span class='ocrx_word' id='word_1_46' title='bbox 1668 728 1860 785; x_wconf 87' lang='lat' dir='ltr'><strong>Oadal-</strong></span> 
     </span>
    </p>
   </div>
   <div class='ocr_carea' id='block_1_8' title="bbox 284 819 1855 890">
    <p class='ocr_par' dir='ltr' id='par_1_8' title="bbox 284 819 1855 890">
     <span class='ocr_line' id='line_1_8' title="bbox 284 819 1855 890; baseline -0.001 -16"><span class='ocrx_word' id='word_1_47' title='bbox 284 820 404 874; x_wconf 91' lang='lat' dir='ltr'><strong>rich</strong></span> <span class='ocrx_word' id='word_1_48' title='bbox 431 820 737 890; x_wconf 89' lang='lat' dir='ltr'><strong>episcopus.</strong></span> <span class='ocrx_word' id='word_1_49' title='bbox 768 819 933 875; x_wconf 83' lang='lat' dir='ltr'><strong>Addit</strong></span> <span class='ocrx_word' id='word_1_50' title='bbox 963 819 1347 875; x_wconf 68' lang='lat' dir='ltr'><strong>fikkebardus:</strong></span> <span class='ocrx_word' id='word_1_51' title='bbox 1382 837 1400 871; x_wconf 83' lang='lat' dir='ltr'><strong>t</strong></span> <span class='ocrx_word' id='word_1_52' title='bbox 1438 819 1648 875; x_wconf 88' lang='lat' dir='ltr'><strong>Diutius</strong></span> <span class='ocrx_word' id='word_1_53' title='bbox 1677 829 1855 874; x_wconf 89' lang='lat' dir='ltr'><strong>autem</strong></span> 
     </span>
    </p>
   </div>
   <div class='ocr_carea' id='block_1_9' title="bbox 280 910 1859 981">
    <p class='ocr_par' dir='ltr' id='par_1_9' title="bbox 280 910 1859 981">
     <span class='ocr_line' id='line_1_9' title="bbox 280 910 1859 981; baseline 0 -16"><span class='ocrx_word' id='word_1_54' title='bbox 280 927 448 980; x_wconf 89' lang='lat' dir='ltr'><strong>quam</strong></span> <span class='ocrx_word' id='word_1_55' title='bbox 478 912 660 966; x_wconf 70' lang='lat' dir='ltr'><strong>caeteri</strong></span> <span class='ocrx_word' id='word_1_56' title='bbox 688 912 856 967; x_wconf 69' lang='lat' dir='ltr'><strong>cozevi</strong></span> <span class='ocrx_word' id='word_1_57' title='bbox 884 911 965 966; x_wconf 91' lang='lat' dir='ltr'><strong>sui</strong></span> <span class='ocrx_word' id='word_1_58' title='bbox 994 920 1103 965; x_wconf 90' lang='lat' dir='ltr'><strong>tum</strong></span> <span class='ocrx_word' id='word_1_59' title='bbox 1134 926 1232 981; x_wconf 90' lang='lat' dir='ltr'><strong>pro</strong></span> <span class='ocrx_word' id='word_1_60' title='bbox 1261 910 1549 965; x_wconf 88' lang='lat' dir='ltr'><strong>Wiborada</strong></span> <span class='ocrx_word' id='word_1_61' title='bbox 1580 925 1674 965; x_wconf 89' lang='lat' dir='ltr'><strong>sua</strong></span> <span class='ocrx_word' id='word_1_62' title='bbox 1701 910 1859 965; x_wconf 84' lang='lat' dir='ltr'><strong>scho—</strong></span> 
     </span>
    </p>
   </div>
   <div class='ocr_carea' id='block_1_10' title="bbox 276 1000 1859 1070">
    <p class='ocr_par' dir='ltr' id='par_1_10' title="bbox 276 1000 1859 1070">
     <span class='ocr_line' id='line_1_10' title="bbox 276 1000 1859 1070; baseline -0.001 -16"><span class='ocrx_word' id='word_1_63' title='bbox 276 1000 350 1055; x_wconf 87' lang='lat' dir='ltr'><strong>lis</strong></span> <span class='ocrx_word' id='word_1_64' title='bbox 394 1001 701 1055; x_wconf 66' lang='lat' dir='ltr'><strong>inhaeserat.</strong></span> <span class='ocrx_word' id='word_1_65' title='bbox 732 1000 877 1068; x_wconf 85' lang='lat' dir='ltr'><strong>Quas</strong></span> <span class='ocrx_word' id='word_1_66' title='bbox 920 1010 1097 1055; x_wconf 87' lang='lat' dir='ltr'><strong>tamen</strong></span> <span class='ocrx_word' id='word_1_67' title='bbox 1142 1001 1356 1055; x_wconf 81' lang='lat' dir='ltr'><strong>tandem</strong></span> <span class='ocrx_word' id='word_1_68' title='bbox 1397 1000 1859 1070; x_wconf 86' lang='lat' dir='ltr'><strong>relinquens,sui-</strong></span> 
     </span>
    </p>
   </div>
   <div class='ocr_carea' id='block_1_11' title="bbox 277 1088 1855 1160">
    <p class='ocr_par' dir='ltr' id='par_1_11' title="bbox 277 1088 1855 1160">
     <span class='ocr_line' id='line_1_11' title="bbox 277 1088 1855 1160; baseline 0.001 -19"><span class='ocrx_word' id='word_1_69' title='bbox 277 1106 387 1159; x_wconf 88' lang='lat' dir='ltr'><strong>que</strong></span> <span class='ocrx_word' id='word_1_70' title='bbox 432 1089 573 1157; x_wconf 88' lang='lat' dir='ltr'><strong>juris</strong></span> <span class='ocrx_word' id='word_1_71' title='bbox 623 1090 678 1145; x_wconf 92' lang='lat' dir='ltr'><strong>in</strong></span> <span class='ocrx_word' id='word_1_72' title='bbox 732 1090 1164 1160; x_wconf 71' lang='lat' dir='ltr'><strong>possessionibus</strong></span> <span class='ocrx_word' id='word_1_73' title='bbox 1206 1088 1380 1144; x_wconf 92' lang='lat' dir='ltr'><strong>factus</strong></span> <span class='ocrx_word' id='word_1_74' title='bbox 1426 1089 1712 1159; x_wconf 58' lang='lat' dir='ltr'><strong>Augusta},</strong></span> <span class='ocrx_word' id='word_1_75' title='bbox 1765 1088 1855 1144; x_wconf 89' lang='lat' dir='ltr'><strong>ubi</strong></span> 
     </span>
    </p>
   </div>
   <div class='ocr_carea' id='block_1_12' title="bbox 276 1176 1857 1247">
    <p class='ocr_par' dir='ltr' id='par_1_12' title="bbox 276 1176 1857 1247">
     <span class='ocr_line' id='line_1_12' title="bbox 276 1176 1857 1247; baseline 0.001 -16"><span class='ocrx_word' id='word_1_76' title='bbox 276 1180 577 1234; x_wconf 90' lang='lat' dir='ltr'><strong>canonicus</strong></span> <span class='ocrx_word' id='word_1_77' title='bbox 620 1179 688 1234; x_wconf 87' lang='lat' dir='ltr'><strong>ab</strong></span> <span class='ocrx_word' id='word_1_78' title='bbox 731 1178 961 1234; x_wconf 80' lang='lat' dir='ltr'><strong>infantia</strong></span> <span class='ocrx_word' id='word_1_79' title='bbox 1010 1186 1159 1242; x_wconf 89' lang='lat' dir='ltr'><strong>erat,</strong></span> <span class='ocrx_word' id='word_1_80' title='bbox 1200 1180 1253 1232; x_wconf 92' lang='lat' dir='ltr'><strong>in</strong></span> <span class='ocrx_word' id='word_1_81' title='bbox 1296 1179 1556 1232; x_wconf 81' lang='lat' dir='ltr'><strong>virtutum</strong></span> <span class='ocrx_word' id='word_1_82' title='bbox 1602 1176 1857 1247; x_wconf 81' lang='lat' dir='ltr'><strong>exemplis</strong></span> 
     </span>
    </p>
   </div>
   <div class='ocr_carea' id='block_1_13' title="bbox 276 1267 1856 1332">
    <p class='ocr_par' dir='ltr' id='par_1_13' title="bbox 276 1267 1856 1332">
     <span class='ocr_line' id='line_1_13' title="bbox 276 1267 1856 1332; baseline 0.001 -10"><span class='ocrx_word' id='word_1_83' title='bbox 276 1267 637 1332; x_wconf 77' lang='lat' dir='ltr'><strong>clarissimus,</strong></span> <span class='ocrx_word' id='word_1_84' title='bbox 664 1268 877 1323; x_wconf 88' lang='lat' dir='ltr'><strong>Gallum</strong></span> <span class='ocrx_word' id='word_1_85' title='bbox 914 1284 1069 1322; x_wconf 91' lang='lat' dir='ltr'><strong>suum</strong></span> <span class='ocrx_word' id='word_1_86' title='bbox 1114 1268 1309 1324; x_wconf 87' lang='lat' dir='ltr'><strong>crebro</strong></span> <span class='ocrx_word' id='word_1_87' title='bbox 1349 1267 1629 1332; x_wconf 90' lang='lat' dir='ltr'><strong>visitabat,</strong></span> <span class='ocrx_word' id='word_1_88' title='bbox 1660 1267 1856 1323; x_wconf 89' lang='lat' dir='ltr'><strong>fratres</strong></span> 
     </span>
    </p>
   </div>
   <div class='ocr_carea' id='block_1_14' title="bbox 276 1357 1848 1430">
    <p class='ocr_par' dir='ltr' id='par_1_14' title="bbox 276 1357 1848 1430">
     <span class='ocr_line' id='line_1_14' title="bbox 276 1357 1848 1430; baseline -0.002 -17"><span class='ocrx_word' id='word_1_89' title='bbox 276 1374 410 1413; x_wconf 88' lang='lat' dir='ltr'><strong>suos</strong></span> <span class='ocrx_word' id='word_1_90' title='bbox 439 1359 773 1430; x_wconf 87' lang='lat' dir='ltr'><strong>conscriptos</strong></span> <span class='ocrx_word' id='word_1_91' title='bbox 799 1369 881 1413; x_wconf 89' lang='lat' dir='ltr'><strong>ter</strong></span> <span class='ocrx_word' id='word_1_92' title='bbox 906 1358 958 1414; x_wconf 92' lang='lat' dir='ltr'><strong>in</strong></span> <span class='ocrx_word' id='word_1_93' title='bbox 989 1374 1131 1414; x_wconf 90' lang='lat' dir='ltr'><strong>anno</strong></span> <span class='ocrx_word' id='word_1_94' title='bbox 1160 1358 1273 1429; x_wconf 90' lang='lat' dir='ltr'><strong>ipse</strong></span> <span class='ocrx_word' id='word_1_95' title='bbox 1301 1357 1549 1413; x_wconf 86' lang='lat' dir='ltr'><strong>minister</strong></span> <span class='ocrx_word' id='word_1_96' title='bbox 1576 1366 1848 1427; x_wconf 67' lang='lat' dir='ltr'><strong>paverat.»</strong></span> 
     </span>
    </p>
   </div>
   <div class='ocr_carea' id='block_1_15' title="bbox 278 1446 1854 1515">
    <p class='ocr_par' dir='ltr' id='par_1_15' title="bbox 278 1446 1854 1515">
     <span class='ocr_line' id='line_1_15' title="bbox 278 1446 1854 1515; baseline -0.001 -13"><span class='ocrx_word' id='word_1_97' title='bbox 278 1448 489 1502; x_wconf 88' lang='lat' dir='ltr'><strong>Deinde</strong></span> <span class='ocrx_word' id='word_1_98' title='bbox 535 1447 854 1502; x_wconf 88' lang='lat' dir='ltr'><strong>miraculum</strong></span> <span class='ocrx_word' id='word_1_99' title='bbox 910 1446 1075 1502; x_wconf 80' lang='lat' dir='ltr'><strong>refert</strong></span> <span class='ocrx_word' id='word_1_100' title='bbox 1120 1447 1187 1502; x_wconf 90' lang='lat' dir='ltr'><strong>de</strong></span> <span class='ocrx_word' id='word_1_101' title='bbox 1241 1461 1368 1502; x_wconf 89' lang='lat' dir='ltr'><strong>vase</strong></span> <span class='ocrx_word' id='word_1_102' title='bbox 1419 1446 1662 1511; x_wconf 91' lang='lat' dir='ltr'><strong>vinario,</strong></span> <span class='ocrx_word' id='word_1_103' title='bbox 1714 1447 1854 1515; x_wconf 92' lang='lat' dir='ltr'><strong>quod</strong></span> 
     </span>
    </p>
   </div>
   <div class='ocr_carea' id='block_1_16' title="bbox 277 1535 1857 1608">
    <p class='ocr_par' dir='ltr' id='par_1_16' title="bbox 277 1535 1857 1608">
     <span class='ocr_line' id='line_1_16' title="bbox 277 1535 1857 1608; baseline 0.001 -18"><span class='ocrx_word' id='word_1_104' title='bbox 277 1536 532 1592; x_wconf 79' lang='lat' dir='ltr'><strong>vehiculo</strong></span> <span class='ocrx_word' id='word_1_105' title='bbox 559 1552 589 1591; x_wconf 93' lang='lat' dir='ltr'><strong>e</strong></span> <span class='ocrx_word' id='word_1_106' title='bbox 618 1544 780 1606; x_wconf 90' lang='lat' dir='ltr'><strong>ponte</strong></span> <span class='ocrx_word' id='word_1_107' title='bbox 805 1537 955 1607; x_wconf 90' lang='lat' dir='ltr'><strong>lapso</strong></span> <span class='ocrx_word' id='word_1_108' title='bbox 985 1537 1249 1606; x_wconf 88' lang='lat' dir='ltr'><strong>integrum</strong></span> <span class='ocrx_word' id='word_1_109' title='bbox 1281 1535 1565 1606; x_wconf 83' lang='lat' dir='ltr'><strong>superfuit.</strong></span> <span class='ocrx_word' id='word_1_110' title='bbox 1605 1555 1624 1588; x_wconf 75' lang='grc' dir='ltr'><strong>ι</strong></span> <span class='ocrx_word' id='word_1_111' title='bbox 1660 1537 1857 1608; x_wconf 85' lang='lat' dir='ltr'><strong>Egerat</strong></span> 
     </span>
    </p>
   </div>
   <div class='ocr_carea' id='block_1_17' title="bbox 273 1628 1852 1701">
    <p class='ocr_par' dir='ltr' id='par_1_17' title="bbox 273 1628 1852 1701">
     <span class='ocr_line' id='line_1_17' title="bbox 273 1628 1852 1701; baseline 0.001 -19"><span class='ocrx_word' id='word_1_112' title='bbox 273 1629 499 1698; x_wconf 80' lang='lat' dir='ltr'><strong>quidem</strong></span> <span class='ocrx_word' id='word_1_113' title='bbox 545 1629 836 1700; x_wconf 85' lang='lat' dir='ltr'><strong>aliquando</strong></span> <span class='ocrx_word' id='word_1_114' title='bbox 877 1630 929 1684; x_wconf 93' lang='lat' dir='ltr'><strong>in</strong></span> <span class='ocrx_word' id='word_1_115' title='bbox 960 1628 1076 1685; x_wconf 90' lang='lat' dir='ltr'><strong>loco</strong></span> <span class='ocrx_word' id='word_1_116' title='bbox 1108 1628 1291 1685; x_wconf 87' lang='lat' dir='ltr'><strong>Sancti</strong></span> <span class='ocrx_word' id='word_1_117' title='bbox 1322 1629 1497 1701; x_wconf 82' lang='lat' dir='ltr'><strong>Magni</strong></span> <span class='ocrx_word' id='word_1_118' title='bbox 1520 1629 1681 1685; x_wconf 85' lang='lat' dir='ltr'><strong>etiam</strong></span> <span class='ocrx_word' id='word_1_119' title='bbox 1712 1630 1852 1685; x_wconf 90' lang='lat' dir='ltr'><strong>diem</strong></span> 
     </span>
    </p>
   </div>
   <div class='ocr_carea' id='block_1_18' title="bbox 271 1716 1943 1788">
    <p class='ocr_par' dir='ltr' id='par_1_18' title="bbox 271 1716 1943 1788">
     <span class='ocr_line' id='line_1_18' title="bbox 271 1716 1943 1788; baseline 0 -16"><span class='ocrx_word' id='word_1_120' title='bbox 271 1717 381 1772; x_wconf 86' lang='lat' dir='ltr'><strong>sibi</strong></span> <span class='ocrx_word' id='word_1_121' title='bbox 428 1732 641 1788; x_wconf 86' lang='lat' dir='ltr'><strong>semper</strong></span> <span class='ocrx_word' id='word_1_122' title='bbox 682 1718 998 1781; x_wconf 80' lang='lat' dir='ltr'><strong>amabilem,</strong></span> <span class='ocrx_word' id='word_1_123' title='bbox 1046 1717 1405 1787; x_wconf 89' lang='lat' dir='ltr'><strong>reliquiasque</strong></span> <span class='ocrx_word' id='word_1_124' title='bbox 1452 1716 1589 1787; x_wconf 88' lang='lat' dir='ltr'><strong>ejus,</strong></span> <span class='ocrx_word' id='word_1_125' title='bbox 1636 1725 1693 1771; x_wconf 97' lang='grc' dir='ltr'><strong>ιιι</strong></span> <span class='ocrx_word' id='word_1_126' title='bbox 1737 1732 1854 1772; x_wconf 90' lang='lat' dir='ltr'><strong>mos</strong></span> <span class='ocrx_word' id='word_1_127' title='bbox 1936 1736 1943 1739; x_wconf 88' lang='grc'>·</span> 
     </span>
    </p>
   </div>
   <div class='ocr_carea' id='block_1_19' title="bbox 1963 547 3536 619">
    <p class='ocr_par' dir='ltr' id='par_1_19' title="bbox 1963 547 3536 619">
     <span class='ocr_line' id='line_1_19' title="bbox 1963 547 3536 619; baseline 0.001 -18"><span class='ocrx_word' id='word_1_128' title='bbox 1963 555 2068 601; x_wconf 89' lang='lat' dir='ltr'><strong>tem</strong></span> <span class='ocrx_word' id='word_1_129' title='bbox 2098 549 2524 603; x_wconf 87' lang='lat' dir='ltr'><strong>sanctimonialis</strong></span> <span class='ocrx_word' id='word_1_130' title='bbox 2548 549 2633 603; x_wconf 89' lang='lat' dir='ltr'><strong>illa</strong></span> <span class='ocrx_word' id='word_1_131' title='bbox 2665 558 2977 603; x_wconf 88' lang='lat' dir='ltr'><strong>sanctorum</strong></span> <span class='ocrx_word' id='word_1_132' title='bbox 3000 547 3367 617; x_wconf 78' lang='lat' dir='ltr'><strong>exemplorum</strong></span> <span class='ocrx_word' id='word_1_133' title='bbox 3390 558 3536 619; x_wconf 64' lang='lat' dir='ltr'><strong>posto</strong></span> 
     </span>
    </p>
   </div>
   <div class='ocr_carea' id='block_1_20' title="bbox 1961 637 3536 710">
    <p class='ocr_par' dir='ltr' id='par_1_20' title="bbox 1961 637 3536 710">
     <span class='ocr_line' id='line_1_20' title="bbox 1961 637 3536 710; baseline 0.001 -19"><span class='ocrx_word' id='word_1_134' title='bbox 1961 638 2177 694; x_wconf 90' lang='lat' dir='ltr'><strong>modum</strong></span> <span class='ocrx_word' id='word_1_135' title='bbox 2209 639 2325 694; x_wconf 85' lang='lat' dir='ltr'><strong>visa</strong></span> <span class='ocrx_word' id='word_1_136' title='bbox 2351 647 2433 694; x_wconf 90' lang='lat' dir='ltr'><strong>est</strong></span> <span class='ocrx_word' id='word_1_137' title='bbox 2476 637 2676 693; x_wconf 87' lang='lat' dir='ltr'><strong>femina</strong></span> <span class='ocrx_word' id='word_1_138' title='bbox 2708 655 2723 694; x_wconf 90' lang='lat'><strong>:</strong></span> <span class='ocrx_word' id='word_1_139' title='bbox 2750 638 2948 710; x_wconf 85' lang='lat' dir='ltr'><strong>quippe</strong></span> <span class='ocrx_word' id='word_1_140' title='bbox 2976 654 3137 709; x_wconf 91' lang='lat' dir='ltr'><strong>quam</strong></span> <span class='ocrx_word' id='word_1_141' title='bbox 3168 639 3340 693; x_wconf 87' lang='lat' dir='ltr'><strong>frater</strong></span> <span class='ocrx_word' id='word_1_142' title='bbox 3382 638 3536 693; x_wconf 87' lang='lat' dir='ltr'><strong>novis</strong></span> 
     </span>
    </p>
   </div>
   <div class='ocr_carea' id='block_1_21' title="bbox 1961 726 3536 798">
    <p class='ocr_par' dir='ltr' id='par_1_21' title="bbox 1961 726 3536 798">
     <span class='ocr_line' id='line_1_21' title="bbox 1961 726 3536 798; baseline -0.001 -15"><span class='ocrx_word' id='word_1_143' title='bbox 1961 729 2245 785; x_wconf 84' lang='lat' dir='ltr'><strong>sententiis</strong></span> <span class='ocrx_word' id='word_1_144' title='bbox 2290 731 2415 784; x_wconf 90' lang='lat' dir='ltr'><strong>dum</strong></span> <span class='ocrx_word' id='word_1_145' title='bbox 2462 730 2619 792; x_wconf 76' lang='lat' dir='ltr'><strong>vixit,</strong></span> <span class='ocrx_word' id='word_1_146' title='bbox 2663 729 2939 784; x_wconf 80' lang='lat' dir='ltr'><strong>annuatim</strong></span> <span class='ocrx_word' id='word_1_147' title='bbox 2989 728 3291 798; x_wconf 88' lang='lat' dir='ltr'><strong>puniverat.</strong></span> <span class='ocrx_word' id='word_1_148' title='bbox 3339 726 3536 798; x_wconf 83' lang='lat' dir='ltr'><strong>Ungris</strong></span> 
     </span>
    </p>
   </div>
   <div class='ocr_carea' id='block_1_22' title="bbox 1960 815 3537 883">
    <p class='ocr_par' dir='ltr' id='par_1_22' title="bbox 1960 815 3537 883">
     <span class='ocr_line' id='line_1_22' title="bbox 1960 815 3537 883; baseline -0.001 -11"><span class='ocrx_word' id='word_1_149' title='bbox 1960 829 2138 873; x_wconf 88' lang='lat' dir='ltr'><strong>autem</strong></span> <span class='ocrx_word' id='word_1_150' title='bbox 2182 833 2210 872; x_wconf 89' lang='lat' dir='ltr'><strong>a</strong></span> <span class='ocrx_word' id='word_1_151' title='bbox 2243 833 2302 873; x_wconf 92' lang='lat' dir='ltr'><strong>se</strong></span> <span class='ocrx_word' id='word_1_152' title='bbox 2342 817 2741 883; x_wconf 83' lang='lat' dir='ltr'><strong>recedentibus,</strong></span> <span class='ocrx_word' id='word_1_153' title='bbox 2767 834 2890 872; x_wconf 92' lang='lat' dir='ltr'><strong>cum</strong></span> <span class='ocrx_word' id='word_1_154' title='bbox 2919 818 3245 872; x_wconf 83' lang='lat' dir='ltr'><strong>Buchowam</strong></span> <span class='ocrx_word' id='word_1_155' title='bbox 3278 815 3416 879; x_wconf 90' lang='lat' dir='ltr'><strong>illos,</strong></span> <span class='ocrx_word' id='word_1_156' title='bbox 3444 815 3537 871; x_wconf 89' lang='lat' dir='ltr'><strong>ubi</strong></span> 
     </span>
    </p>
   </div>
   <div class='ocr_carea' id='block_1_23' title="bbox 1958 905 3534 977">
    <p class='ocr_par' dir='ltr' id='par_1_23' title="bbox 1958 905 3534 977">
     <span class='ocr_line' id='line_1_23' title="bbox 1958 905 3534 977; baseline -0.004 -13"><span class='ocrx_word' id='word_1_157' title='bbox 1958 924 2113 964; x_wconf 89' lang='lat' dir='ltr'><strong>soror</strong></span> <span class='ocrx_word' id='word_1_158' title='bbox 2149 908 2262 977; x_wconf 87' lang='lat' dir='ltr'><strong>ipsa</strong></span> <span class='ocrx_word' id='word_1_159' title='bbox 2292 918 2432 971; x_wconf 89' lang='lat' dir='ltr'><strong>erat,</strong></span> <span class='ocrx_word' id='word_1_160' title='bbox 2462 916 2752 977; x_wconf 85' lang='lat' dir='ltr'><strong>partesque</strong></span> <span class='ocrx_word' id='word_1_161' title='bbox 2791 916 3029 973; x_wconf 85' lang='lat' dir='ltr'><strong>nostras,</strong></span> <span class='ocrx_word' id='word_1_162' title='bbox 3070 907 3159 961; x_wconf 91' lang='lat' dir='ltr'><strong>ubi</strong></span> <span class='ocrx_word' id='word_1_163' title='bbox 3183 905 3534 961; x_wconf 85' lang='lat' dir='ltr'><strong>Wihoradam</strong></span> 
     </span>
    </p>
   </div>
   <div class='ocr_carea' id='block_1_24' title="bbox 1958 998 3535 1069">
    <p class='ocr_par' dir='ltr' id='par_1_24' title="bbox 1958 998 3535 1069">
     <span class='ocr_line' id='line_1_24' title="bbox 1958 998 3535 1069; baseline -0.003 -14"><span class='ocrx_word' id='word_1_164' title='bbox 1958 1012 2185 1056; x_wconf 88' lang='lat' dir='ltr'><strong>matrem</strong></span> <span class='ocrx_word' id='word_1_165' title='bbox 2229 1000 2459 1065; x_wconf 87' lang='lat' dir='ltr'><strong>sciebat,</strong></span> <span class='ocrx_word' id='word_1_166' title='bbox 2502 999 2761 1054; x_wconf 80' lang='lat' dir='ltr'><strong>invadere</strong></span> <span class='ocrx_word' id='word_1_167' title='bbox 2787 998 2922 1053; x_wconf 84' lang='lat' dir='ltr'><strong>velle</strong></span> <span class='ocrx_word' id='word_1_168' title='bbox 2952 998 3325 1069; x_wconf 68' lang='lat' dir='ltr'><strong>comperisset,</strong></span> <span class='ocrx_word' id='word_1_169' title='bbox 3348 1011 3535 1051; x_wconf 87' lang='lat' dir='ltr'><strong>orasse</strong></span> 
     </span>
    </p>
   </div>
   <div class='ocr_carea' id='block_1_25' title="bbox 1957 1088 3533 1161">
    <p class='ocr_par' dir='ltr' id='par_1_25' title="bbox 1957 1088 3533 1161">
     <span class='ocr_line' id='line_1_25' title="bbox 1957 1088 3533 1161; baseline -0.002 -15"><span class='ocrx_word' id='word_1_170' title='bbox 1957 1091 2166 1147; x_wconf 90' lang='lat' dir='ltr'><strong>fertur:</strong></span> <span class='ocrx_word' id='word_1_171' title='bbox 2197 1089 2420 1145; x_wconf 89' lang='lat' dir='ltr'><strong>Domine</strong></span> <span class='ocrx_word' id='word_1_172' title='bbox 2461 1090 2555 1154; x_wconf 91' lang='lat' dir='ltr'><strong>mi,</strong></span> <span class='ocrx_word' id='word_1_173' title='bbox 2584 1104 2759 1144; x_wconf 88' lang='lat' dir='ltr'><strong>seram</strong></span> <span class='ocrx_word' id='word_1_174' title='bbox 2788 1090 2854 1161; x_wconf 66' lang='grc' dir='ltr'><strong>[Γ.</strong></span> <span class='ocrx_word' id='word_1_175' title='bbox 2883 1088 3122 1160; x_wconf 87' lang='lat' dir='ltr'><strong>servam]</strong></span> <span class='ocrx_word' id='word_1_176' title='bbox 3155 1089 3314 1144; x_wconf 90' lang='lat' dir='ltr'><strong>istam</strong></span> <span class='ocrx_word' id='word_1_177' title='bbox 3355 1089 3533 1143; x_wconf 87' lang='lat' dir='ltr'><strong>adhuc</strong></span> 
     </span>
    </p>
   </div>
   <div class='ocr_carea' id='block_1_26' title="bbox 1958 1178 3533 1254">
    <p class='ocr_par' dir='ltr' id='par_1_26' title="bbox 1958 1178 3533 1254">
     <span class='ocr_line' id='line_1_26' title="bbox 1958 1178 3533 1254; baseline -0.003 -16"><span class='ocrx_word' id='word_1_178' title='bbox 1958 1183 2277 1254; x_wconf 88' lang='lat' dir='ltr'><strong>impunitam</strong></span> <span class='ocrx_word' id='word_1_179' title='bbox 2311 1181 2440 1236; x_wconf 88' lang='lat' dir='ltr'><strong>mihi</strong></span> <span class='ocrx_word' id='word_1_180' title='bbox 2469 1180 2633 1244; x_wconf 90' lang='lat' dir='ltr'><strong>dona,</strong></span> <span class='ocrx_word' id='word_1_181' title='bbox 2661 1188 2717 1235; x_wconf 92' lang='lat' dir='ltr'><strong>ul</strong></span> <span class='ocrx_word' id='word_1_182' title='bbox 2745 1178 2922 1251; x_wconf 86' lang='lat' dir='ltr'><strong>gl&#39;adio</strong></span> <span class='ocrx_word' id='word_1_183' title='bbox 2954 1194 3060 1235; x_wconf 88' lang='lat' dir='ltr'><strong>non</strong></span> <span class='ocrx_word' id='word_1_184' title='bbox 3098 1187 3311 1249; x_wconf 90' lang='lat' dir='ltr'><strong>pereat;</strong></span> <span class='ocrx_word' id='word_1_185' title='bbox 3354 1179 3447 1233; x_wconf 89' lang='lat' dir='ltr'><strong>sed</strong></span> <span class='ocrx_word' id='word_1_186' title='bbox 3476 1189 3533 1233; x_wconf 90' lang='lat' dir='ltr'><strong>et</strong></span> 
     </span>
    </p>
   </div>
   <div class='ocr_carea' id='block_1_27' title="bbox 1956 1268 3530 1343">
    <p class='ocr_par' dir='ltr' id='par_1_27' title="bbox 1956 1268 3530 1343">
     <span class='ocr_line' id='line_1_27' title="bbox 1956 1268 3530 1343; baseline -0.004 -14"><span class='ocrx_word' id='word_1_187' title='bbox 1956 1274 2101 1330; x_wconf 90' lang='lat' dir='ltr'><strong>illam</strong></span> <span class='ocrx_word' id='word_1_188' title='bbox 2143 1272 2322 1343; x_wconf 89' lang='lat' dir='ltr'><strong>gladio</strong></span> <span class='ocrx_word' id='word_1_189' title='bbox 2363 1285 2578 1342; x_wconf 87' lang='lat' dir='ltr'><strong>semper</strong></span> <span class='ocrx_word' id='word_1_190' title='bbox 2621 1279 2884 1340; x_wconf 90' lang='lat' dir='ltr'><strong>paratam,</strong></span> <span class='ocrx_word' id='word_1_191' title='bbox 2916 1278 2973 1324; x_wconf 92' lang='lat' dir='ltr'><strong>ut</strong></span> <span class='ocrx_word' id='word_1_192' title='bbox 3008 1269 3241 1340; x_wconf 86' lang='lat' dir='ltr'><strong>palmam</strong></span> <span class='ocrx_word' id='word_1_193' title='bbox 3283 1268 3530 1338; x_wconf 86' lang='lat' dir='ltr'><strong>martyrii</strong></span> 
     </span>
    </p>
   </div>
   <div class='ocr_carea' id='block_1_28' title="bbox 1956 1360 3529 1431">
    <p class='ocr_par' dir='ltr' id='par_1_28' title="bbox 1956 1360 3529 1431">
     <span class='ocr_line' id='line_1_28' title="bbox 1956 1360 3529 1431; baseline -0.003 -11"><span class='ocrx_word' id='word_1_194' title='bbox 1956 1373 2249 1429; x_wconf 89' lang='lat' dir='ltr'><strong>mereatur,</strong></span> <span class='ocrx_word' id='word_1_195' title='bbox 2293 1362 2606 1419; x_wconf 84' lang='lat' dir='ltr'><strong>confortans</strong></span> <span class='ocrx_word' id='word_1_196' title='bbox 2645 1363 2862 1415; x_wconf 83' lang='lat' dir='ltr'><strong>robora.</strong></span> <span class='ocrx_word' id='word_1_197' title='bbox 2903 1360 3104 1415; x_wconf 86' lang='lat' dir='ltr'><strong>Cellam</strong></span> <span class='ocrx_word' id='word_1_198' title='bbox 3145 1374 3360 1431; x_wconf 89' lang='lat' dir='ltr'><strong>quoque</strong></span> <span class='ocrx_word' id='word_1_199' title='bbox 3392 1360 3529 1416; x_wconf 86' lang='lat' dir='ltr'><strong>Galli</strong></span> 
     </span>
    </p>
   </div>
   <div class='ocr_carea' id='block_1_29' title="bbox 1956 1449 3530 1524">
    <p class='ocr_par' dir='ltr' id='par_1_29' title="bbox 1956 1449 3530 1524">
     <span class='ocr_line' id='line_1_29' title="bbox 1956 1449 3530 1524; baseline -0.003 -16"><span class='ocrx_word' id='word_1_200' title='bbox 1956 1454 2032 1508; x_wconf 91' lang='lat' dir='ltr'><strong>tui</strong></span> <span class='ocrx_word' id='word_1_201' title='bbox 2079 1454 2342 1524; x_wconf 63' lang='lat' dir='ltr'><strong>integra.</strong></span> <span class='ocrx_word' id='word_1_202' title='bbox 2391 1466 2513 1507; x_wconf 89' lang='lat' dir='ltr'><strong>cum</strong></span> <span class='ocrx_word' id='word_1_203' title='bbox 2559 1449 2944 1504; x_wconf 86' lang='lat' dir='ltr'><strong>famulantibus</strong></span> <span class='ocrx_word' id='word_1_204' title='bbox 2990 1449 3075 1519; x_wconf 91' lang='lat' dir='ltr'><strong>pie</strong></span> <span class='ocrx_word' id='word_1_205' title='bbox 3116 1457 3171 1503; x_wconf 88' lang='lat' dir='ltr'><strong>et</strong></span> <span class='ocrx_word' id='word_1_206' title='bbox 3221 1450 3530 1507; x_wconf 88' lang='lat' dir='ltr'><strong>misericors</strong></span> 
     </span>
    </p>
   </div>
   <div class='ocr_carea' id='block_1_30' title="bbox 1956 1540 3530 1611">
    <p class='ocr_par' dir='ltr' id='par_1_30' title="bbox 1956 1540 3530 1611">
     <span class='ocr_line' id='line_1_30' title="bbox 1956 1540 3530 1611; baseline -0.001 -13"><span class='ocrx_word' id='word_1_207' title='bbox 1956 1559 2232 1599; x_wconf 87' lang='lat' dir='ltr'><strong>conserva.</strong></span> <span class='ocrx_word' id='word_1_208' title='bbox 2272 1544 2449 1611; x_wconf 81' lang='lat' dir='ltr'><strong>Atque</strong></span> <span class='ocrx_word' id='word_1_209' title='bbox 2493 1542 2564 1595; x_wconf 89' lang='lat' dir='ltr'><strong>ita</strong></span> <span class='ocrx_word' id='word_1_210' title='bbox 2601 1540 2852 1610; x_wconf 87' lang='lat' dir='ltr'><strong>precibus</strong></span> <span class='ocrx_word' id='word_1_211' title='bbox 2891 1540 3006 1609; x_wconf 86' lang='lat' dir='ltr'><strong>ejus</strong></span> <span class='ocrx_word' id='word_1_212' title='bbox 3047 1541 3252 1608; x_wconf 71' lang='lat' dir='ltr'><strong>sapetis</strong></span> <span class='ocrx_word' id='word_1_213' title='bbox 3280 1540 3530 1598; x_wconf 84' lang='lat' dir='ltr'><strong>effectum</strong></span> 
     </span>
    </p>
   </div>
   <div class='ocr_carea' id='block_1_31' title="bbox 1958 1629 3346 1703">
    <p class='ocr_par' dir='ltr' id='par_1_31' title="bbox 1958 1629 3346 1703">
     <span class='ocr_line' id='line_1_31' title="bbox 1958 1629 3346 1703; baseline -0.001 -16"><span class='ocrx_word' id='word_1_214' title='bbox 1958 1634 2096 1689; x_wconf 89' lang='lat' dir='ltr'><strong>Dens</strong></span> <span class='ocrx_word' id='word_1_215' title='bbox 2122 1633 2357 1703; x_wconf 89' lang='lat' dir='ltr'><strong>undique</strong></span> <span class='ocrx_word' id='word_1_216' title='bbox 2376 1631 2541 1687; x_wconf 91' lang='lat' dir='ltr'><strong>dedit.</strong></span> <span class='ocrx_word' id='word_1_217' title='bbox 2579 1650 2597 1683; x_wconf 76' lang='grc' dir='ltr'><strong>ι</strong></span> <span class='ocrx_word' id='word_1_218' title='bbox 2625 1631 2892 1685; x_wconf 71' lang='grc' dir='ltr'>Ιὲιιειριιιιε</span> <span class='ocrx_word' id='word_1_219' title='bbox 2916 1644 2982 1683; x_wconf 80' lang='lat' dir='ltr'><strong>ex</strong></span> <span class='ocrx_word' id='word_1_220' title='bbox 3008 1629 3346 1686; x_wconf 81' lang='lat' dir='ltr'><strong>Ekkehardo.</strong></span> 
     </span>
    </p>
   </div>
   <div class='ocr_carea' id='block_1_32' title="bbox 2026 1720 3527 1794">
    <p class='ocr_par' dir='ltr' id='par_1_32' title="bbox 2026 1720 3527 1794">
     <span class='ocr_line' id='line_1_32' title="bbox 2026 1720 3527 1794; baseline -0.001 -16"><span class='ocrx_word' id='word_1_221' title='bbox 2026 1726 2078 1778; x_wconf 94' lang='lat'><strong>7.</strong></span> <span class='ocrx_word' id='word_1_222' title='bbox 2118 1725 2409 1794; x_wconf 81' lang='lat' dir='ltr'><strong>Augustam</strong></span> <span class='ocrx_word' id='word_1_223' title='bbox 2453 1722 2878 1787; x_wconf 81' lang='lat' dir='ltr'><strong>Vindelicorum,</strong></span> <span class='ocrx_word' id='word_1_224' title='bbox 2927 1722 2994 1776; x_wconf 88' lang='lat' dir='ltr'><strong>ad</strong></span> <span class='ocrx_word' id='word_1_225' title='bbox 3036 1721 3238 1793; x_wconf 84' lang='lat' dir='ltr'><strong>Lycum</strong></span> <span class='ocrx_word' id='word_1_226' title='bbox 3285 1722 3356 1793; x_wconf 83' lang='lat' dir='ltr'><strong>(le</strong></span> <span class='ocrx_word' id='word_1_227' title='bbox 3402 1720 3527 1790; x_wconf 75' lang='lat' dir='ltr'><strong>Lee)</strong></span> 
     </span>
    </p>
   </div>
   <div class='ocr_carea' id='block_1_33' title="bbox 268 1805 3525 1883">
    <p class='ocr_par' dir='ltr' id='par_1_33' title="bbox 268 1805 3525 1883">
     <span class='ocr_line' id='line_1_33' title="bbox 268 1805 3525 1883; baseline 0.002 -22"><span class='ocrx_word' id='word_1_228' title='bbox 268 1806 435 1861; x_wconf 84' lang='lat' dir='ltr'><strong>nobis</strong></span> <span class='ocrx_word' id='word_1_229' title='bbox 466 1815 569 1871; x_wconf 89' lang='lat' dir='ltr'><strong>est,</strong></span> <span class='ocrx_word' id='word_1_230' title='bbox 598 1822 766 1877; x_wconf 90' lang='lat' dir='ltr'><strong>cappa</strong></span> <span class='ocrx_word' id='word_1_231' title='bbox 794 1805 884 1860; x_wconf 89' lang='lat' dir='ltr'><strong>illa</strong></span> <span class='ocrx_word' id='word_1_232' title='bbox 910 1806 1192 1876; x_wconf 89' lang='lat' dir='ltr'><strong>aquilifera</strong></span> <span class='ocrx_word' id='word_1_233' title='bbox 1230 1806 1468 1872; x_wconf 84' lang='lat' dir='ltr'><strong>indutus,</strong></span> <span class='ocrx_word' id='word_1_234' title='bbox 1500 1821 1723 1875; x_wconf 82' lang='lat' dir='ltr'><strong>vespere</strong></span> <span class='ocrx_word' id='word_1_235' title='bbox 1746 1806 1850 1860; x_wconf 92' lang='lat' dir='ltr'><strong>dici</strong></span> <span class='ocrx_word' id='word_1_236' title='bbox 1886 1812 1928 1871; x_wconf 82' lang='grc' dir='ltr'>Β</span> <span class='ocrx_word' id='word_1_237' title='bbox 1958 1812 2174 1868; x_wconf 77' lang='lat' dir='ltr'><strong>ﬂuvium</strong></span> <span class='ocrx_word' id='word_1_238' title='bbox 2219 1816 2399 1878; x_wconf 81' lang='lat' dir='ltr'><strong>sitam,</strong></span> <span class='ocrx_word' id='word_1_239' title='bbox 2427 1813 2729 1883; x_wconf 85' lang='lat' dir='ltr'><strong>complures</strong></span> <span class='ocrx_word' id='word_1_240' title='bbox 2759 1820 3014 1867; x_wconf 82' lang='lat' dir='ltr'><strong>rexerunt</strong></span> <span class='ocrx_word' id='word_1_241' title='bbox 3056 1813 3294 1883; x_wconf 80' lang='lat' dir='ltr'><strong>episcOpi</strong></span> <span class='ocrx_word' id='word_1_242' title='bbox 3325 1828 3391 1869; x_wconf 84' lang='lat' dir='ltr'><strong>ex</strong></span> <span class='ocrx_word' id='word_1_243' title='bbox 3423 1829 3525 1867; x_wconf 88' lang='lat' dir='ltr'><strong>no-</strong></span> 
     </span>
    </p>
   </div>
   <div class='ocr_carea' id='block_1_34' title="bbox 270 1888 1852 1967">
    <p class='ocr_par' dir='ltr' id='par_1_34' title="bbox 270 1888 1852 1967">
     <span class='ocr_line' id='line_1_34' title="bbox 270 1888 1852 1967; baseline 0.001 -16"><span class='ocrx_word' id='word_1_244' title='bbox 270 1895 448 1951; x_wconf 88' lang='lat' dir='ltr'><strong>sancti</strong></span> <span class='ocrx_word' id='word_1_245' title='bbox 498 1897 613 1966; x_wconf 90' lang='lat' dir='ltr'><strong>ipse</strong></span> <span class='ocrx_word' id='word_1_246' title='bbox 662 1897 881 1951; x_wconf 88' lang='lat' dir='ltr'><strong>domum</strong></span> <span class='ocrx_word' id='word_1_247' title='bbox 932 1897 1275 1967; x_wconf 87' lang='lat' dir='ltr'><strong>reportabat;</strong></span> <span class='ocrx_word' id='word_1_248' title='bbox 1325 1904 1380 1951; x_wconf 91' lang='lat' dir='ltr'><strong>et</strong></span> <span class='ocrx_word' id='word_1_249' title='bbox 1435 1888 1559 1951; x_wconf 90' lang='lat' dir='ltr'><strong>cum</strong></span> <span class='ocrx_word' id='word_1_250' title='bbox 1609 1896 1852 1952; x_wconf 86' lang='lat' dir='ltr'><strong>inllrmns</strong></span> 
     </span>
    </p>
   </div>
   <div class='ocr_carea' id='block_1_35' title="bbox 269 1986 1850 2057">
    <p class='ocr_par' dir='ltr' id='par_1_35' title="bbox 269 1986 1850 2057">
     <span class='ocr_line' id='line_1_35' title="bbox 269 1986 1850 2057; baseline 0.001 -17"><span class='ocrx_word' id='word_1_251' title='bbox 269 1995 405 2041; x_wconf 90' lang='lat' dir='ltr'><strong>tunc</strong></span> <span class='ocrx_word' id='word_1_252' title='bbox 430 1996 595 2051; x_wconf 86' lang='lat' dir='ltr'><strong>esset,</strong></span> <span class='ocrx_word' id='word_1_253' title='bbox 617 1994 678 2040; x_wconf 86' lang='lat' dir='ltr'><strong>ut</strong></span> <span class='ocrx_word' id='word_1_254' title='bbox 705 2001 847 2055; x_wconf 52' lang='lat' dir='ltr'><strong>saepe</strong></span> <span class='ocrx_word' id='word_1_255' title='bbox 870 1987 1085 2056; x_wconf 85' lang='lat' dir='ltr'><strong>quidem</strong></span> <span class='ocrx_word' id='word_1_256' title='bbox 1112 1994 1249 2050; x_wconf 89' lang='lat' dir='ltr'><strong>erat,</strong></span> <span class='ocrx_word' id='word_1_257' title='bbox 1274 1986 1609 2057; x_wconf 83' lang='lat' dir='ltr'><strong>paralyticus</strong></span> <span class='ocrx_word' id='word_1_258' title='bbox 1631 1987 1850 2056; x_wconf 89' lang='lat' dir='ltr'><strong>quidam</strong></span> 
     </span>
    </p>
   </div>
   <div class='ocr_carea' id='block_1_36' title="bbox 268 2073 1850 2147">
    <p class='ocr_par' dir='ltr' id='par_1_36' title="bbox 268 2073 1850 2147">
     <span class='ocr_line' id='line_1_36' title="bbox 268 2073 1850 2147; baseline 0.001 -18"><span class='ocrx_word' id='word_1_259' title='bbox 268 2073 548 2142; x_wconf 84' lang='lat' dir='ltr'><strong>adiutorio</strong></span> <span class='ocrx_word' id='word_1_260' title='bbox 587 2090 810 2130; x_wconf 88' lang='lat' dir='ltr'><strong>suorum</strong></span> <span class='ocrx_word' id='word_1_261' title='bbox 857 2075 911 2130; x_wconf 93' lang='lat' dir='ltr'><strong>in</strong></span> <span class='ocrx_word' id='word_1_262' title='bbox 954 2076 1097 2129; x_wconf 90' lang='lat' dir='ltr'><strong>viam</strong></span> <span class='ocrx_word' id='word_1_263' title='bbox 1142 2090 1222 2141; x_wconf 87' lang='lat' dir='ltr'><strong>se,</strong></span> <span class='ocrx_word' id='word_1_264' title='bbox 1263 2084 1321 2129; x_wconf 90' lang='lat' dir='ltr'><strong>ut</strong></span> <span class='ocrx_word' id='word_1_265' title='bbox 1363 2076 1477 2145; x_wconf 90' lang='lat' dir='ltr'><strong>ipse</strong></span> <span class='ocrx_word' id='word_1_266' title='bbox 1521 2091 1683 2147; x_wconf 91' lang='lat' dir='ltr'><strong>super</strong></span> <span class='ocrx_word' id='word_1_267' title='bbox 1725 2091 1850 2131; x_wconf 88' lang='lat' dir='ltr'><strong>eum</strong></span> 
     </span>
    </p>
   </div>
   <div class='ocr_carea' id='block_1_37' title="bbox 266 2166 1848 2239">
    <p class='ocr_par' dir='ltr' id='par_1_37' title="bbox 266 2166 1848 2239">
     <span class='ocr_line' id='line_1_37' title="bbox 266 2166 1848 2239; baseline 0.002 -20"><span class='ocrx_word' id='word_1_268' title='bbox 266 2166 612 2237; x_wconf 89' lang='lat' dir='ltr'><strong>graderetur,</strong></span> <span class='ocrx_word' id='word_1_269' title='bbox 640 2175 1025 2235; x_wconf 82' lang='lat' dir='ltr'><strong>prostraverat.</strong></span> <span class='ocrx_word' id='word_1_270' title='bbox 1060 2168 1128 2221; x_wconf 80' lang='lat' dir='ltr'><strong>At</strong></span> <span class='ocrx_word' id='word_1_271' title='bbox 1155 2166 1241 2221; x_wconf 91' lang='lat' dir='ltr'><strong>ille</strong></span> <span class='ocrx_word' id='word_1_272' title='bbox 1268 2167 1473 2222; x_wconf 91' lang='lat' dir='ltr'><strong>homini</strong></span> <span class='ocrx_word' id='word_1_273' title='bbox 1504 2168 1848 2239; x_wconf 89' lang='lat' dir='ltr'><strong>appropians,</strong></span> 
     </span>
    </p>
   </div>
   <div class='ocr_carea' id='block_1_38' title="bbox 266 2255 1851 2329">
    <p class='ocr_par' dir='ltr' id='par_1_38' title="bbox 266 2255 1851 2329">
     <span class='ocr_line' id='line_1_38' title="bbox 266 2255 1851 2329; baseline 0.001 -19"><span class='ocrx_word' id='word_1_274' title='bbox 266 2255 429 2326; x_wconf 81' lang='lat' dir='ltr'><strong>quasi</strong></span> <span class='ocrx_word' id='word_1_275' title='bbox 476 2255 543 2310; x_wconf 91' lang='lat' dir='ltr'><strong>de</strong></span> <span class='ocrx_word' id='word_1_276' title='bbox 588 2255 869 2311; x_wconf 86' lang='lat' dir='ltr'><strong>obstaculo</strong></span> <span class='ocrx_word' id='word_1_277' title='bbox 912 2255 1239 2329; x_wconf 88' lang='lat' dir='ltr'><strong>indignatus,</strong></span> <span class='ocrx_word' id='word_1_278' title='bbox 1273 2256 1467 2327; x_wconf 88' lang='lat' dir='ltr'><strong>Surge,</strong></span> <span class='ocrx_word' id='word_1_279' title='bbox 1500 2258 1597 2323; x_wconf 91' lang='lat' dir='ltr'><strong>ait,</strong></span> <span class='ocrx_word' id='word_1_280' title='bbox 1630 2258 1757 2327; x_wconf 88' lang='lat' dir='ltr'><strong>quia</strong></span> <span class='ocrx_word' id='word_1_281' title='bbox 1796 2266 1851 2313; x_wconf 93' lang='lat' dir='ltr'><strong>et</strong></span> 
     </span>
    </p>
   </div>
   <div class='ocr_carea' id='block_1_39' title="bbox 265 2346 1852 2421">
    <p class='ocr_par' dir='ltr' id='par_1_39' title="bbox 265 2346 1852 2421">
     <span class='ocr_line' id='line_1_39' title="bbox 265 2346 1852 2421; baseline 0.002 -18"><span class='ocrx_word' id='word_1_282' title='bbox 265 2362 372 2418; x_wconf 88' lang='lat' dir='ltr'><strong>ego</strong></span> <span class='ocrx_word' id='word_1_283' title='bbox 400 2346 626 2417; x_wconf 88' lang='lat' dir='ltr'><strong>pedibus</strong></span> <span class='ocrx_word' id='word_1_284' title='bbox 662 2347 909 2403; x_wconf 80' lang='lat' dir='ltr'><strong>inﬁrmus</strong></span> <span class='ocrx_word' id='word_1_285' title='bbox 936 2363 1100 2418; x_wconf 89' lang='lat' dir='ltr'><strong>super</strong></span> <span class='ocrx_word' id='word_1_286' title='bbox 1139 2356 1192 2405; x_wconf 88' lang='lat' dir='ltr'><strong>te</strong></span> <span class='ocrx_word' id='word_1_287' title='bbox 1226 2351 1478 2421; x_wconf 86' lang='lat' dir='ltr'><strong>progredi</strong></span> <span class='ocrx_word' id='word_1_288' title='bbox 1517 2365 1747 2421; x_wconf 88' lang='lat' dir='ltr'><strong>nequeo.</strong></span> <span class='ocrx_word' id='word_1_289' title='bbox 1780 2350 1852 2406; x_wconf 79' lang='lat' dir='ltr'><strong>At</strong></span> 
     </span>
    </p>
   </div>
   <div class='ocr_carea' id='block_1_40' title="bbox 265 2443 1850 2513">
    <p class='ocr_par' dir='ltr' id='par_1_40' title="bbox 265 2443 1850 2513">
     <span class='ocr_line' id='line_1_40' title="bbox 265 2443 1850 2513; baseline 0.001 -13"><span class='ocrx_word' id='word_1_290' title='bbox 265 2443 665 2512; x_wconf 32' lang='lat' dir='ltr'><strong>ille‘tanqnam</strong></span> <span class='ocrx_word' id='word_1_291' title='bbox 721 2444 788 2498; x_wconf 89' lang='lat' dir='ltr'><strong>ad</strong></span> <span class='ocrx_word' id='word_1_292' title='bbox 848 2443 1179 2513; x_wconf 76' lang='lat' dir='ltr'><strong>increpantis</strong></span> <span class='ocrx_word' id='word_1_293' title='bbox 1228 2446 1452 2501; x_wconf 85' lang='lat' dir='ltr'><strong>verbum</strong></span> <span class='ocrx_word' id='word_1_294' title='bbox 1510 2446 1850 2502; x_wconf 86' lang='lat' dir='ltr'><strong>velocissime</strong></span> 
     </span>
    </p>
   </div>
   <div class='ocr_carea' id='block_1_41' title="bbox 266 2534 1850 2608">
    <p class='ocr_par' dir='ltr' id='par_1_41' title="bbox 266 2534 1850 2608">
     <span class='ocr_line' id='line_1_41' title="bbox 266 2534 1850 2608; baseline 0.004 -21"><span class='ocrx_word' id='word_1_295' title='bbox 266 2550 502 2605; x_wconf 68' lang='lat' dir='ltr'><strong>surgens</strong></span> <span class='ocrx_word' id='word_1_296' title='bbox 555 2534 840 2590; x_wconf 88' lang='lat' dir='ltr'><strong>incolumis</strong></span> <span class='ocrx_word' id='word_1_297' title='bbox 892 2537 1057 2601; x_wconf 90' lang='lat' dir='ltr'><strong>abiit,</strong></span> <span class='ocrx_word' id='word_1_298' title='bbox 1109 2545 1434 2608; x_wconf 85' lang='lat' dir='ltr'><strong>secutusque</strong></span> <span class='ocrx_word' id='word_1_299' title='bbox 1485 2537 1681 2593; x_wconf 87' lang='lat' dir='ltr'><strong>fratres</strong></span> <span class='ocrx_word' id='word_1_300' title='bbox 1732 2539 1850 2594; x_wconf 91' lang='lat' dir='ltr'><strong>sine</strong></span> 
     </span>
    </p>
   </div>
   <div class='ocr_carea' id='block_1_42' title="bbox 263 2625 1849 2698">
    <p class='ocr_par' dir='ltr' id='par_1_42' title="bbox 263 2625 1849 2698">
     <span class='ocr_line' id='line_1_42' title="bbox 263 2625 1849 2698; baseline 0.003 -17"><span class='ocrx_word' id='word_1_301' title='bbox 263 2625 431 2682; x_wconf 89' lang='lat' dir='ltr'><strong>ullius</strong></span> <span class='ocrx_word' id='word_1_302' title='bbox 461 2626 747 2695; x_wconf 89' lang='lat' dir='ltr'><strong>adiutorio,</strong></span> <span class='ocrx_word' id='word_1_303' title='bbox 779 2626 963 2682; x_wconf 90' lang='lat' dir='ltr'><strong>Sancti</strong></span> <span class='ocrx_word' id='word_1_304' title='bbox 1004 2626 1179 2698; x_wconf 85' lang='lat' dir='ltr'><strong>Magni</strong></span> <span class='ocrx_word' id='word_1_305' title='bbox 1220 2628 1502 2684; x_wconf 86' lang='lat' dir='ltr'><strong>ecclesiam</strong></span> <span class='ocrx_word' id='word_1_306' title='bbox 1533 2645 1654 2685; x_wconf 92' lang='lat' dir='ltr'><strong>cum</strong></span> <span class='ocrx_word' id='word_1_307' title='bbox 1685 2639 1849 2685; x_wconf 65' lang='lat' dir='ltr'><strong>crete-</strong></span> 
     </span>
    </p>
   </div>
   <div class='ocr_carea' id='block_1_43' title="bbox 265 2714 1846 2791">
    <p class='ocr_par' dir='ltr' id='par_1_43' title="bbox 265 2714 1846 2791">
     <span class='ocr_line' id='line_1_43' title="bbox 265 2714 1846 2791; baseline 0.004 -23"><span class='ocrx_word' id='word_1_308' title='bbox 265 2714 352 2771; x_wconf 89' lang='lat' dir='ltr'><strong>ris</strong></span> <span class='ocrx_word' id='word_1_309' title='bbox 395 2728 560 2770; x_wconf 90' lang='lat' dir='ltr'><strong>sanus</strong></span> <span class='ocrx_word' id='word_1_310' title='bbox 606 2714 834 2771; x_wconf 89' lang='lat' dir='ltr'><strong>introiit.</strong></span> <span class='ocrx_word' id='word_1_311' title='bbox 880 2717 945 2771; x_wconf 84' lang='lat' dir='ltr'><strong>Et</strong></span> <span class='ocrx_word' id='word_1_312' title='bbox 988 2718 1272 2788; x_wconf 91' lang='lat' dir='ltr'><strong>episcopus</strong></span> <span class='ocrx_word' id='word_1_313' title='bbox 1302 2720 1499 2789; x_wconf 84' lang='lat' dir='ltr'><strong>capitio</strong></span> <span class='ocrx_word' id='word_1_314' title='bbox 1532 2736 1714 2791; x_wconf 72' lang='lat' dir='ltr'><strong>cappte</strong></span> <span class='ocrx_word' id='word_1_315' title='bbox 1744 2721 1846 2775; x_wconf 88' lang='lat' dir='ltr'><strong>im-</strong></span> 
     </span>
    </p>
   </div>
   <div class='ocr_carea' id='block_1_44' title="bbox 263 2806 1848 2877">
    <p class='ocr_par' dir='ltr' id='par_1_44' title="bbox 263 2806 1848 2877">
     <span class='ocr_line' id='line_1_44' title="bbox 263 2806 1848 2877; baseline 0.003 -16"><span class='ocrx_word' id='word_1_316' title='bbox 263 2806 448 2877; x_wconf 90' lang='lat' dir='ltr'><strong>posito</strong></span> <span class='ocrx_word' id='word_1_317' title='bbox 490 2822 610 2861; x_wconf 91' lang='lat' dir='ltr'><strong>cum</strong></span> <span class='ocrx_word' id='word_1_318' title='bbox 652 2808 879 2864; x_wconf 89' lang='lat' dir='ltr'><strong>anhelus</strong></span> <span class='ocrx_word' id='word_1_319' title='bbox 924 2810 1181 2875; x_wconf 86' lang='lat' dir='ltr'><strong>stetisset,</strong></span> <span class='ocrx_word' id='word_1_320' title='bbox 1213 2820 1267 2865; x_wconf 92' lang='lat' dir='ltr'><strong>et</strong></span> <span class='ocrx_word' id='word_1_321' title='bbox 1300 2810 1368 2866; x_wconf 91' lang='lat' dir='ltr'><strong>de</strong></span> <span class='ocrx_word' id='word_1_322' title='bbox 1407 2812 1495 2866; x_wconf 91' lang='lat' dir='ltr'><strong>vla</strong></span> <span class='ocrx_word' id='word_1_323' title='bbox 1531 2812 1727 2877; x_wconf 88' lang='lat' dir='ltr'><strong>lassus,</strong></span> <span class='ocrx_word' id='word_1_324' title='bbox 1754 2827 1848 2866; x_wconf 85' lang='lat' dir='ltr'><strong>au-</strong></span> 
     </span>
    </p>
   </div>
   <div class='ocr_carea' id='block_1_45' title="bbox 263 2896 1846 2962">
    <p class='ocr_par' dir='ltr' id='par_1_45' title="bbox 263 2896 1846 2962">
     <span class='ocr_line' id='line_1_45' title="bbox 263 2896 1846 2962; baseline 0.003 -11"><span class='ocrx_word' id='word_1_325' title='bbox 263 2896 425 2951; x_wconf 92' lang='lat' dir='ltr'><strong>diens</strong></span> <span class='ocrx_word' id='word_1_326' title='bbox 472 2896 757 2952; x_wconf 77' lang='lat' dir='ltr'><strong>sanitatem</strong></span> <span class='ocrx_word' id='word_1_327' title='bbox 809 2898 1063 2962; x_wconf 90' lang='lat' dir='ltr'><strong>hominis,</strong></span> <span class='ocrx_word' id='word_1_328' title='bbox 1114 2901 1314 2955; x_wconf 88' lang='lat' dir='ltr'><strong>acriter</strong></span> <span class='ocrx_word' id='word_1_329' title='bbox 1362 2901 1415 2956; x_wconf 89' lang='lat' dir='ltr'><strong>in</strong></span> <span class='ocrx_word' id='word_1_330' title='bbox 1469 2903 1712 2957; x_wconf 86' lang='lat' dir='ltr'><strong>dicentes</strong></span> <span class='ocrx_word' id='word_1_331' title='bbox 1760 2902 1846 2956; x_wconf 88' lang='lat' dir='ltr'><strong>in-</strong></span> 
     </span>
    </p>
   </div>
   <div class='ocr_carea' id='block_1_46' title="bbox 260 2986 1840 3061">
    <p class='ocr_par' dir='ltr' id='par_1_46' title="bbox 260 2986 1840 3061">
     <span class='ocr_line' id='line_1_46' title="bbox 260 2986 1840 3061; baseline 0.003 -21"><span class='ocrx_word' id='word_1_332' title='bbox 260 2994 476 3052; x_wconf 89' lang='lat' dir='ltr'><strong>vectus,</strong></span> <span class='ocrx_word' id='word_1_333' title='bbox 520 3001 683 3057; x_wconf 85' lang='lat' dir='ltr'><strong>super</strong></span> <span class='ocrx_word' id='word_1_334' title='bbox 725 2986 994 3042; x_wconf 90' lang='lat' dir='ltr'><strong>cancellos</strong></span> <span class='ocrx_word' id='word_1_335' title='bbox 1034 2988 1246 3043; x_wconf 89' lang='lat' dir='ltr'><strong>tandem</strong></span> <span class='ocrx_word' id='word_1_336' title='bbox 1284 2988 1559 3055; x_wconf 89' lang='lat' dir='ltr'><strong>innititur;</strong></span> <span class='ocrx_word' id='word_1_337' title='bbox 1607 2990 1840 3061; x_wconf 87' lang='lat' dir='ltr'><strong>signum-</strong></span> 
     </span>
    </p>
   </div>
   <div class='ocr_carea' id='block_1_47' title="bbox 265 3074 1842 3149">
    <p class='ocr_par' dir='ltr' id='par_1_47' title="bbox 265 3074 1842 3149">
     <span class='ocr_line' id='line_1_47' title="bbox 265 3074 1842 3149; baseline 0.002 -19"><span class='ocrx_word' id='word_1_338' title='bbox 265 3092 374 3146; x_wconf 90' lang='lat' dir='ltr'><strong>que</strong></span> <span class='ocrx_word' id='word_1_339' title='bbox 405 3084 511 3130; x_wconf 87' lang='lat' dir='ltr'><strong>tam</strong></span> <span class='ocrx_word' id='word_1_340' title='bbox 542 3074 885 3131; x_wconf 87' lang='lat' dir='ltr'><strong>manifestum</strong></span> <span class='ocrx_word' id='word_1_341' title='bbox 928 3077 996 3129; x_wconf 88' lang='lat' dir='ltr'><strong>ab</strong></span> <span class='ocrx_word' id='word_1_342' title='bbox 1036 3090 1095 3131; x_wconf 89' lang='lat' dir='ltr'><strong>se</strong></span> <span class='ocrx_word' id='word_1_343' title='bbox 1134 3076 1435 3142; x_wconf 82' lang='lat' dir='ltr'><strong>excutiens,</strong></span> <span class='ocrx_word' id='word_1_344' title='bbox 1466 3078 1638 3132; x_wconf 87' lang='lat' dir='ltr'><strong>sancti</strong></span> <span class='ocrx_word' id='word_1_345' title='bbox 1666 3076 1842 3149; x_wconf 81' lang='lat' dir='ltr'><strong>Magni</strong></span> 
     </span>
    </p>
   </div>
   <div class='ocr_carea' id='block_1_48' title="bbox 1955 1902 3528 1973">
    <p class='ocr_par' dir='ltr' id='par_1_48' title="bbox 1955 1902 3528 1973">
     <span class='ocr_line' id='line_1_48' title="bbox 1955 1902 3528 1973; baseline 0.002 -17"><span class='ocrx_word' id='word_1_346' title='bbox 1955 1903 2103 1965; x_wconf 88' lang='lat' dir='ltr'><strong>stris,</strong></span> <span class='ocrx_word' id='word_1_347' title='bbox 2140 1917 2275 1971; x_wconf 89' lang='lat' dir='ltr'><strong>quos</strong></span> <span class='ocrx_word' id='word_1_348' title='bbox 2308 1902 2396 1957; x_wconf 89' lang='lat' dir='ltr'><strong>hic</strong></span> <span class='ocrx_word' id='word_1_349' title='bbox 2424 1911 2574 1957; x_wconf 87' lang='lat' dir='ltr'><strong>certo</strong></span> <span class='ocrx_word' id='word_1_350' title='bbox 2600 1902 2883 1973; x_wconf 88' lang='lat' dir='ltr'><strong>designare</strong></span> <span class='ocrx_word' id='word_1_351' title='bbox 2927 1902 3068 1956; x_wconf 88' lang='lat' dir='ltr'><strong>haud</strong></span> <span class='ocrx_word' id='word_1_352' title='bbox 3103 1902 3260 1959; x_wconf 88' lang='lat' dir='ltr'><strong>facile</strong></span> <span class='ocrx_word' id='word_1_353' title='bbox 3299 1912 3406 1969; x_wconf 88' lang='lat' dir='ltr'><strong>est,</strong></span> <span class='ocrx_word' id='word_1_354' title='bbox 3434 1909 3528 1959; x_wconf 81' lang='lat' dir='ltr'><strong>de-</strong></span> 
     </span>
    </p>
   </div>
   <div class='ocr_carea' id='block_1_49' title="bbox 1957 1993 3523 2064">
    <p class='ocr_par' dir='ltr' id='par_1_49' title="bbox 1957 1993 3523 2064">
     <span class='ocr_line' id='line_1_49' title="bbox 1957 1993 3523 2064; baseline -0.001 -14"><span class='ocrx_word' id='word_1_355' title='bbox 1957 1994 2261 2050; x_wconf 86' lang='lat' dir='ltr'><strong>ficientibus</strong></span> <span class='ocrx_word' id='word_1_356' title='bbox 2287 2010 2385 2050; x_wconf 90' lang='lat' dir='ltr'><strong>nos</strong></span> <span class='ocrx_word' id='word_1_357' title='bbox 2412 1995 2620 2049; x_wconf 90' lang='lat' dir='ltr'><strong>idoneis</strong></span> <span class='ocrx_word' id='word_1_358' title='bbox 2655 1994 3006 2064; x_wconf 89' lang='lat' dir='ltr'><strong>argumentis.</strong></span> <span class='ocrx_word' id='word_1_359' title='bbox 3046 1993 3374 2063; x_wconf 90' lang='lat' dir='ltr'><strong>Simpertum</strong></span> <span class='ocrx_word' id='word_1_360' title='bbox 3410 1994 3523 2062; x_wconf 88' lang='lat' dir='ltr'><strong>iam</strong></span> 
     </span>
    </p>
   </div>
   <div class='ocr_carea' id='block_1_50' title="bbox 1955 2082 3529 2154">
    <p class='ocr_par' dir='ltr' id='par_1_50' title="bbox 1955 2082 3529 2154">
     <span class='ocr_line' id='line_1_50' title="bbox 1955 2082 3529 2154; baseline 0.003 -20"><span class='ocrx_word' id='word_1_361' title='bbox 1955 2083 2291 2137; x_wconf 79' lang='lat' dir='ltr'><strong>laudavimus</strong></span> <span class='ocrx_word' id='word_1_362' title='bbox 2317 2083 2367 2137; x_wconf 94' lang='lat' dir='ltr'><strong>in</strong></span> <span class='ocrx_word' id='word_1_363' title='bbox 2396 2083 2662 2152; x_wconf 86' lang='lat' dir='ltr'><strong>superiori</strong></span> <span class='ocrx_word' id='word_1_364' title='bbox 2703 2092 2849 2137; x_wconf 89' lang='lat' dir='ltr'><strong>tomo</strong></span> <span class='ocrx_word' id='word_1_365' title='bbox 2876 2097 2995 2154; x_wconf 90' lang='lat' dir='ltr'><strong>pag.</strong></span> <span class='ocrx_word' id='word_1_366' title='bbox 3021 2082 3143 2137; x_wconf 79' lang='lat'><strong>553.</strong></span> <span class='ocrx_word' id='word_1_367' title='bbox 3176 2083 3330 2139; x_wconf 89' lang='lat' dir='ltr'><strong>llunc</strong></span> <span class='ocrx_word' id='word_1_368' title='bbox 3357 2084 3529 2139; x_wconf 86' lang='lat' dir='ltr'><strong>Caro-</strong></span> 
     </span>
    </p>
   </div>
   <div class='ocr_carea' id='block_1_51' title="bbox 1953 2173 3523 2246">
    <p class='ocr_par' dir='ltr' id='par_1_51' title="bbox 1953 2173 3523 2246">
     <span class='ocr_line' id='line_1_51' title="bbox 1953 2173 3523 2246; baseline 0.003 -19"><span class='ocrx_word' id='word_1_369' title='bbox 1953 2174 2037 2227; x_wconf 78' lang='lat' dir='ltr'><strong>lats</strong></span> <span class='ocrx_word' id='word_1_370' title='bbox 2067 2173 2287 2244; x_wconf 88' lang='lat' dir='ltr'><strong>Magnus</strong></span> <span class='ocrx_word' id='word_1_371' title='bbox 2327 2188 2422 2228; x_wconf 78' lang='lat' dir='ltr'><strong>rex</strong></span> <span class='ocrx_word' id='word_1_372' title='bbox 2455 2191 2473 2224; x_wconf 78' lang='grc' dir='ltr'><strong>ι</strong></span> <span class='ocrx_word' id='word_1_373' title='bbox 2510 2174 2789 2228; x_wconf 89' lang='lat' dir='ltr'><strong>constituit</strong></span> <span class='ocrx_word' id='word_1_374' title='bbox 2827 2175 3136 2245; x_wconf 83' lang='lat' dir='ltr'><strong>episcopum</strong></span> <span class='ocrx_word' id='word_1_375' title='bbox 3168 2176 3219 2229; x_wconf 93' lang='lat' dir='ltr'><strong>in</strong></span> <span class='ocrx_word' id='word_1_376' title='bbox 3249 2178 3360 2246; x_wconf 90' lang='lat' dir='ltr'><strong>ipsa</strong></span> <span class='ocrx_word' id='word_1_377' title='bbox 3386 2177 3523 2233; x_wconf 88' lang='lat' dir='ltr'><strong>civi—</strong></span> 
     </span>
    </p>
   </div>
   <div class='ocr_carea' id='block_1_52' title="bbox 1955 2263 3525 2335">
    <p class='ocr_par' dir='ltr' id='par_1_52' title="bbox 1955 2263 3525 2335">
     <span class='ocr_line' id='line_1_52' title="bbox 1955 2263 3525 2335; baseline 0.004 -19"><span class='ocrx_word' id='word_1_378' title='bbox 1955 2271 2064 2317; x_wconf 88' lang='lat' dir='ltr'><strong>tate</strong></span> <span class='ocrx_word' id='word_1_379' title='bbox 2098 2282 2117 2315; x_wconf 76' lang='grc' dir='ltr'><strong>ι</strong></span> <span class='ocrx_word' id='word_1_380' title='bbox 2166 2264 2429 2333; x_wconf 81' lang='lat' dir='ltr'><strong>Angusta,</strong></span> <span class='ocrx_word' id='word_1_381' title='bbox 2466 2270 2606 2318; x_wconf 88' lang='lat' dir='ltr'><strong>teste</strong></span> <span class='ocrx_word' id='word_1_382' title='bbox 2650 2263 2964 2319; x_wconf 83' lang='lat' dir='ltr'><strong>Ermenrico</strong></span> <span class='ocrx_word' id='word_1_383' title='bbox 3004 2264 3374 2335; x_wconf 81' lang='lat' dir='ltr'><strong>Elewangensi</strong></span> <span class='ocrx_word' id='word_1_384' title='bbox 3417 2281 3525 2322; x_wconf 76' lang='lat' dir='ltr'><strong>sa:-</strong></span> 
     </span>
    </p>
   </div>
   <div class='ocr_carea' id='block_1_53' title="bbox 1952 2352 3529 2423">
    <p class='ocr_par' dir='ltr' id='par_1_53' title="bbox 1952 2352 3529 2423">
     <span class='ocr_line' id='line_1_53' title="bbox 1952 2352 3529 2423; baseline 0.003 -16"><span class='ocrx_word' id='word_1_385' title='bbox 1952 2352 2057 2407; x_wconf 91' lang='lat' dir='ltr'><strong>cnli</strong></span> <span class='ocrx_word' id='word_1_386' title='bbox 2088 2368 2142 2406; x_wconf 79' lang='lat' dir='ltr'><strong>tx</strong></span> <span class='ocrx_word' id='word_1_387' title='bbox 2186 2353 2471 2417; x_wconf 86' lang='lat' dir='ltr'><strong>monacho,</strong></span> <span class='ocrx_word' id='word_1_388' title='bbox 2520 2373 2540 2404; x_wconf 73' lang='grc' dir='ltr'><strong>ι</strong></span> <span class='ocrx_word' id='word_1_389' title='bbox 2581 2354 2924 2423; x_wconf 88' lang='lat' dir='ltr'><strong>restituitque</strong></span> <span class='ocrx_word' id='word_1_390' title='bbox 2952 2354 3156 2419; x_wconf 89' lang='lat' dir='ltr'><strong>omnia,</strong></span> <span class='ocrx_word' id='word_1_391' title='bbox 3184 2371 3304 2423; x_wconf 69' lang='lat' dir='ltr'><strong>qua:</strong></span> <span class='ocrx_word' id='word_1_392' title='bbox 3330 2357 3400 2411; x_wconf 88' lang='lat' dir='ltr'><strong>ab</strong></span> <span class='ocrx_word' id='word_1_393' title='bbox 3427 2374 3529 2412; x_wconf 88' lang='lat' dir='ltr'><strong>an-</strong></span> 
     </span>
    </p>
   </div>
   <div class='ocr_carea' id='block_1_54' title="bbox 1953 2441 3525 2518">
    <p class='ocr_par' dir='ltr' id='par_1_54' title="bbox 1953 2441 3525 2518">
     <span class='ocr_line' id='line_1_54' title="bbox 1953 2441 3525 2518; baseline 0.004 -24"><span class='ocrx_word' id='word_1_394' title='bbox 1953 2452 2224 2496; x_wconf 73' lang='lat' dir='ltr'><strong>teoessore</strong></span> <span class='ocrx_word' id='word_1_395' title='bbox 2254 2456 2351 2496; x_wconf 84' lang='lat' dir='ltr'><strong>suo</strong></span> <span class='ocrx_word' id='word_1_396' title='bbox 2380 2441 2607 2512; x_wconf 83' lang='lat' dir='ltr'><strong>Pippino</strong></span> <span class='ocrx_word' id='word_1_397' title='bbox 2643 2443 2770 2497; x_wconf 89' lang='lat' dir='ltr'><strong>illuc</strong></span> <span class='ocrx_word' id='word_1_398' title='bbox 2811 2444 3002 2498; x_wconf 87' lang='lat' dir='ltr'><strong>tradita</strong></span> <span class='ocrx_word' id='word_1_399' title='bbox 3039 2443 3269 2510; x_wconf 86' lang='lat' dir='ltr'><strong>fuerant,</strong></span> <span class='ocrx_word' id='word_1_400' title='bbox 3304 2448 3525 2518; x_wconf 89' lang='lat' dir='ltr'><strong>insuper</strong></span> 
     </span>
    </p>
   </div>
   <div class='ocr_carea' id='block_1_55' title="bbox 1950 2529 3523 2606">
    <p class='ocr_par' dir='ltr' id='par_1_55' title="bbox 1950 2529 3523 2606">
     <span class='ocr_line' id='line_1_55' title="bbox 1950 2529 3523 2606; baseline 0.004 -22"><span class='ocrx_word' id='word_1_401' title='bbox 1950 2538 2005 2584; x_wconf 87' lang='lat' dir='ltr'><strong>et</strong></span> <span class='ocrx_word' id='word_1_402' title='bbox 2039 2530 2243 2583; x_wconf 89' lang='lat' dir='ltr'><strong>addidit</strong></span> <span class='ocrx_word' id='word_1_403' title='bbox 2278 2530 2531 2598; x_wconf 89' lang='lat' dir='ltr'><strong>plurima.</strong></span> <span class='ocrx_word' id='word_1_404' title='bbox 2556 2529 2819 2601; x_wconf 88' lang='lat' dir='ltr'><strong>Suscepto</strong></span> <span class='ocrx_word' id='word_1_405' title='bbox 2856 2531 3188 2604; x_wconf 87' lang='lat' dir='ltr'><strong>episcopatu,</strong></span> <span class='ocrx_word' id='word_1_406' title='bbox 3221 2534 3523 2606; x_wconf 87' lang='lat' dir='ltr'><strong>Sitnpertus</strong></span> 
     </span>
    </p>
   </div>
   <div class='ocr_carea' id='block_1_56' title="bbox 1952 2621 3523 2696">
    <p class='ocr_par' dir='ltr' id='par_1_56' title="bbox 1952 2621 3523 2696">
     <span class='ocr_line' id='line_1_56' title="bbox 1952 2621 3523 2696; baseline 0.004 -21"><span class='ocrx_word' id='word_1_407' title='bbox 1952 2621 2225 2691; x_wconf 89' lang='lat' dir='ltr'><strong>profectus</strong></span> <span class='ocrx_word' id='word_1_408' title='bbox 2250 2630 2333 2676; x_wconf 91' lang='lat' dir='ltr'><strong>est</strong></span> <span class='ocrx_word' id='word_1_409' title='bbox 2354 2623 2419 2676; x_wconf 87' lang='lat' dir='ltr'><strong>ad</strong></span> <span class='ocrx_word' id='word_1_410' title='bbox 2443 2622 2737 2694; x_wconf 85' lang='lat' dir='ltr'><strong>Angustam</strong></span> <span class='ocrx_word' id='word_1_411' title='bbox 2764 2622 3118 2681; x_wconf 83' lang='lat' dir='ltr'><strong>Vindeliciam</strong></span> <span class='ocrx_word' id='word_1_412' title='bbox 3148 2635 3204 2682; x_wconf 91' lang='lat' dir='ltr'><strong>et</strong></span> <span class='ocrx_word' id='word_1_413' title='bbox 3230 2642 3326 2696; x_wconf 91' lang='lat' dir='ltr'><strong>per</strong></span> <span class='ocrx_word' id='word_1_414' title='bbox 3350 2642 3523 2683; x_wconf 89' lang='lat' dir='ltr'><strong>annos</strong></span> 
     </span>
    </p>
   </div>
   <div class='ocr_carea' id='block_1_57' title="bbox 1954 2712 3524 2789">
    <p class='ocr_par' dir='ltr' id='par_1_57' title="bbox 1954 2712 3524 2789">
     <span class='ocr_line' id='line_1_57' title="bbox 1954 2712 3524 2789; baseline 0.005 -25"><span class='ocrx_word' id='word_1_415' title='bbox 1954 2712 2065 2767; x_wconf 88' lang='lat' dir='ltr'><strong>fere</strong></span> <span class='ocrx_word' id='word_1_416' title='bbox 2094 2713 2312 2783; x_wconf 89' lang='lat' dir='ltr'><strong>triginta</strong></span> <span class='ocrx_word' id='word_1_417' title='bbox 2346 2713 2483 2766; x_wconf 80' lang='lat' dir='ltr'><strong>rexit</strong></span> <span class='ocrx_word' id='word_1_418' title='bbox 2511 2713 2625 2781; x_wconf 88' lang='lat' dir='ltr'><strong>ipsa</strong></span> <span class='ocrx_word' id='word_1_419' title='bbox 2655 2715 3006 2781; x_wconf 91' lang='lat' dir='ltr'><strong>monasteria,</strong></span> <span class='ocrx_word' id='word_1_420' title='bbox 3038 2735 3055 2768; x_wconf 79' lang='grc' dir='ltr'><strong>ι</strong></span> <span class='ocrx_word' id='word_1_421' title='bbox 3091 2731 3286 2786; x_wconf 90' lang='lat' dir='ltr'><strong>nempe</strong></span> <span class='ocrx_word' id='word_1_422' title='bbox 3309 2716 3524 2789; x_wconf 87' lang='lat' dir='ltr'><strong>Campi-</strong></span> 
     </span>
    </p>
   </div>
   <div class='ocr_carea' id='block_1_58' title="bbox 1949 2800 3525 2874">
    <p class='ocr_par' dir='ltr' id='par_1_58' title="bbox 1949 2800 3525 2874">
     <span class='ocr_line' id='line_1_58' title="bbox 1949 2800 3525 2874; baseline 0.005 -19"><span class='ocrx_word' id='word_1_423' title='bbox 1949 2802 2205 2867; x_wconf 90' lang='lat' dir='ltr'><strong>donense,</strong></span> <span class='ocrx_word' id='word_1_424' title='bbox 2230 2802 2411 2857; x_wconf 91' lang='lat' dir='ltr'><strong>Sancti</strong></span> <span class='ocrx_word' id='word_1_425' title='bbox 2440 2800 2595 2866; x_wconf 86' lang='lat' dir='ltr'><strong>Galli,</strong></span> <span class='ocrx_word' id='word_1_426' title='bbox 2621 2812 2676 2857; x_wconf 91' lang='lat' dir='ltr'><strong>et</strong></span> <span class='ocrx_word' id='word_1_427' title='bbox 2696 2803 2886 2859; x_wconf 88' lang='lat' dir='ltr'><strong>cellam</strong></span> <span class='ocrx_word' id='word_1_428' title='bbox 2915 2804 3126 2860; x_wconf 68' lang='lat' dir='ltr'><strong>Sanctae</strong></span> <span class='ocrx_word' id='word_1_429' title='bbox 3151 2806 3312 2874; x_wconf 66' lang='lat' dir='ltr'><strong>Afrae,</strong></span> <span class='ocrx_word' id='word_1_430' title='bbox 3343 2826 3361 2861; x_wconf 81' lang='grc' dir='ltr'><strong>ι</strong></span> <span class='ocrx_word' id='word_1_431' title='bbox 3394 2823 3525 2863; x_wconf 85' lang='lat' dir='ltr'><strong>con-</strong></span> 
     </span>
    </p>
   </div>
   <div class='ocr_carea' id='block_1_59' title="bbox 1949 2892 3521 2961">
    <p class='ocr_par' dir='ltr' id='par_1_59' title="bbox 1949 2892 3521 2961">
     <span class='ocr_line' id='line_1_59' title="bbox 1949 2892 3521 2961; baseline 0.004 -14"><span class='ocrx_word' id='word_1_432' title='bbox 1949 2902 2166 2947; x_wconf 89' lang='lat' dir='ltr'><strong>struens</strong></span> <span class='ocrx_word' id='word_1_433' title='bbox 2185 2892 2466 2947; x_wconf 88' lang='lat' dir='ltr'><strong>basilicam</strong></span> <span class='ocrx_word' id='word_1_434' title='bbox 2485 2892 2699 2949; x_wconf 66' lang='lat' dir='ltr'><strong>Sanctae</strong></span> <span class='ocrx_word' id='word_1_435' title='bbox 2722 2894 2798 2949; x_wconf 83' lang='lat' dir='ltr'><strong>Af</strong></span> <span class='ocrx_word' id='word_1_436' title='bbox 2798 2910 2889 2961; x_wconf 72' lang='lat' dir='ltr'><strong>r33,</strong></span> <span class='ocrx_word' id='word_1_437' title='bbox 2916 2905 2973 2951; x_wconf 88' lang='lat' dir='ltr'><strong>et</strong></span> <span class='ocrx_word' id='word_1_438' title='bbox 2997 2906 3307 2953; x_wconf 90' lang='lat' dir='ltr'><strong>restaurans</strong></span> <span class='ocrx_word' id='word_1_439' title='bbox 3333 2911 3521 2953; x_wconf 69' lang='lat' dir='ltr'><strong>emno-</strong></span> 
     </span>
    </p>
   </div>
   <div class='ocr_carea' id='block_1_60' title="bbox 1950 2980 3522 3058">
    <p class='ocr_par' dir='ltr' id='par_1_60' title="bbox 1950 2980 3522 3058">
     <span class='ocr_line' id='line_1_60' title="bbox 1950 2980 3522 3058; baseline 0.006 -24"><span class='ocrx_word' id='word_1_440' title='bbox 1950 2981 2095 3035; x_wconf 87' lang='lat' dir='ltr'><strong>hium</strong></span> <span class='ocrx_word' id='word_1_441' title='bbox 2138 2980 2322 3036; x_wconf 89' lang='lat' dir='ltr'><strong>Sancti</strong></span> <span class='ocrx_word' id='word_1_442' title='bbox 2371 2981 2570 3053; x_wconf 83' lang='lat' dir='ltr'><strong>Magni,</strong></span> <span class='ocrx_word' id='word_1_443' title='bbox 2618 3002 2637 3037; x_wconf 84' lang='grc' dir='ltr'><strong>ι</strong></span> <span class='ocrx_word' id='word_1_444' title='bbox 2688 2999 2879 3055; x_wconf 91' lang='lat' dir='ltr'><strong>nempe</strong></span> <span class='ocrx_word' id='word_1_445' title='bbox 2921 2985 3197 3042; x_wconf 81' lang='lat' dir='ltr'><strong>Faucense</strong></span> <span class='ocrx_word' id='word_1_446' title='bbox 3242 2985 3522 3058; x_wconf 75' lang='lat' dir='ltr'><strong>(Fueuen)</strong></span> 
     </span>
    </p>
   </div>
   <div class='ocr_carea' id='block_1_61' title="bbox 1950 3071 3524 3146">
    <p class='ocr_par' dir='ltr' id='par_1_61' title="bbox 1950 3071 3524 3146">
     <span class='ocr_line' id='line_1_61' title="bbox 1950 3071 3524 3146; baseline 0.005 -23"><span class='ocrx_word' id='word_1_447' title='bbox 1950 3071 2019 3142; x_wconf 83' lang='grc' dir='ltr'><strong>(υ.</strong></span> <span class='ocrx_word' id='word_1_448' title='bbox 2053 3088 2199 3126; x_wconf 83' lang='lat' dir='ltr'><strong>num.</strong></span> <span class='ocrx_word' id='word_1_449' title='bbox 2228 3071 2298 3127; x_wconf 75' lang='grc'><strong>46</strong></span> <span class='ocrx_word' id='word_1_450' title='bbox 2326 3074 2485 3145; x_wconf 82' lang='lat' dir='ltr'><strong>hujus</strong></span> <span class='ocrx_word' id='word_1_451' title='bbox 2515 3073 2695 3146; x_wconf 75' lang='lat' dir='ltr'><strong>Viue),</strong></span> <span class='ocrx_word' id='word_1_452' title='bbox 2738 3076 2804 3129; x_wconf 89' lang='lat' dir='ltr'><strong>de</strong></span> <span class='ocrx_word' id='word_1_453' title='bbox 2838 3091 2946 3145; x_wconf 89' lang='lat' dir='ltr'><strong>quo</strong></span> <span class='ocrx_word' id='word_1_454' title='bbox 2982 3076 3192 3145; x_wconf 85' lang='lat' dir='ltr'><strong>egimus</strong></span> <span class='ocrx_word' id='word_1_455' title='bbox 3231 3077 3286 3130; x_wconf 91' lang='lat' dir='ltr'><strong>in</strong></span> <span class='ocrx_word' id='word_1_456' title='bbox 3326 3076 3524 3133; x_wconf 62' lang='lat' dir='ltr'><strong>saeculo</strong></span> 
     </span>
    </p>
   </div>
   <div class='ocr_carea' id='block_1_62' title="bbox 262 3156 3522 3237">
    <p class='ocr_par' dir='ltr' id='par_1_62' title="bbox 262 3156 3522 3237">
     <span class='ocr_line' id='line_1_62' title="bbox 262 3156 3522 3237; baseline 0.001 -17"><span class='ocrx_word' id='word_1_457' title='bbox 262 3166 543 3232; x_wconf 89' lang='lat' dir='ltr'><strong>virtutem,</strong></span> <span class='ocrx_word' id='word_1_458' title='bbox 582 3181 743 3237; x_wconf 90' lang='lat' dir='ltr'><strong>quam</strong></span> <span class='ocrx_word' id='word_1_459' title='bbox 783 3165 1034 3221; x_wconf 88' lang='lat' dir='ltr'><strong>manibus</strong></span> <span class='ocrx_word' id='word_1_460' title='bbox 1073 3165 1315 3237; x_wconf 84' lang='lat' dir='ltr'><strong>gerebat,</strong></span> <span class='ocrx_word' id='word_1_461' title='bbox 1348 3167 1486 3223; x_wconf 89' lang='lat' dir='ltr'><strong>hanc</strong></span> <span class='ocrx_word' id='word_1_462' title='bbox 1516 3181 1637 3223; x_wconf 88' lang='lat' dir='ltr'><strong>esse</strong></span> <span class='ocrx_word' id='word_1_463' title='bbox 1666 3177 1844 3223; x_wconf 85' lang='lat' dir='ltr'><strong>astan-</strong></span> <span class='ocrx_word' id='word_1_464' title='bbox 1870 3156 1915 3220; x_wconf 93' lang='lat' dir='ltr'><strong>C</strong></span> <span class='ocrx_word' id='word_1_465' title='bbox 1948 3165 2205 3229; x_wconf 88' lang='lat' dir='ltr'><strong>secundo,</strong></span> <span class='ocrx_word' id='word_1_466' title='bbox 2248 3164 2336 3218; x_wconf 90' lang='lat' dir='ltr'><strong>ubi</strong></span> <span class='ocrx_word' id='word_1_467' title='bbox 2383 3165 2448 3219; x_wconf 90' lang='lat' dir='ltr'><strong>de</strong></span> <span class='ocrx_word' id='word_1_468' title='bbox 2484 3163 2685 3220; x_wconf 91' lang='lat' dir='ltr'><strong>Sancto</strong></span> <span class='ocrx_word' id='word_1_469' title='bbox 2726 3165 2939 3235; x_wconf 86' lang='lat' dir='ltr'><strong>Magno.</strong></span> <span class='ocrx_word' id='word_1_470' title='bbox 2988 3185 3008 3217; x_wconf 72' lang='grc' dir='ltr'><strong>ι</strong></span> <span class='ocrx_word' id='word_1_471' title='bbox 3045 3165 3306 3223; x_wconf 88' lang='lat' dir='ltr'><strong>Defuncto</strong></span> <span class='ocrx_word' id='word_1_472' title='bbox 3340 3177 3522 3223; x_wconf 88' lang='lat' dir='ltr'><strong>autem</strong></span> 
     </span>
    </p>
   </div>
   <div class='ocr_carea' id='block_1_63' title="bbox 265 3255 1846 3328">
    <p class='ocr_par' dir='ltr' id='par_1_63' title="bbox 265 3255 1846 3328">
     <span class='ocr_line' id='line_1_63' title="bbox 265 3255 1846 3328; baseline 0.004 -19"><span class='ocrx_word' id='word_1_473' title='bbox 265 3255 412 3310; x_wconf 89' lang='lat' dir='ltr'><strong>tibus</strong></span> <span class='ocrx_word' id='word_1_474' title='bbox 454 3255 757 3326; x_wconf 71' lang='lat' dir='ltr'><strong>prtedicans</strong></span> <span class='ocrx_word' id='word_1_475' title='bbox 795 3257 1057 3322; x_wconf 89' lang='lat' dir='ltr'><strong>asseruit;</strong></span> <span class='ocrx_word' id='word_1_476' title='bbox 1104 3270 1279 3328; x_wconf 90' lang='lat' dir='ltr'><strong>neque</strong></span> <span class='ocrx_word' id='word_1_477' title='bbox 1317 3268 1494 3315; x_wconf 89' lang='lat' dir='ltr'><strong>tamen</strong></span> <span class='ocrx_word' id='word_1_478' title='bbox 1538 3260 1619 3315; x_wconf 92' lang='lat' dir='ltr'><strong>sic</strong></span> <span class='ocrx_word' id='word_1_479' title='bbox 1656 3261 1755 3327; x_wconf 91' lang='lat' dir='ltr'><strong>eis,</strong></span> <span class='ocrx_word' id='word_1_480' title='bbox 1787 3269 1846 3316; x_wconf 89' lang='lat' dir='ltr'><strong>ut</strong></span> 
     </span>
    </p>
   </div>
   <div class='ocr_carea' id='block_1_64' title="bbox 262 3346 1846 3423">
    <p class='ocr_par' dir='ltr' id='par_1_64' title="bbox 262 3346 1846 3423">
     <span class='ocr_line' id='line_1_64' title="bbox 262 3346 1846 3423; baseline 0.005 -23"><span class='ocrx_word' id='word_1_481' title='bbox 262 3346 544 3402; x_wconf 87' lang='lat' dir='ltr'><strong>hominem</strong></span> <span class='ocrx_word' id='word_1_482' title='bbox 590 3347 657 3402; x_wconf 91' lang='lat' dir='ltr'><strong>ab</strong></span> <span class='ocrx_word' id='word_1_483' title='bbox 702 3349 822 3417; x_wconf 89' lang='lat' dir='ltr'><strong>ipso</strong></span> <span class='ocrx_word' id='word_1_484' title='bbox 861 3358 1107 3403; x_wconf 88' lang='lat' dir='ltr'><strong>sanatum</strong></span> <span class='ocrx_word' id='word_1_485' title='bbox 1146 3364 1265 3406; x_wconf 82' lang='lat' dir='ltr'><strong>esse</strong></span> <span class='ocrx_word' id='word_1_486' title='bbox 1300 3351 1691 3417; x_wconf 89' lang='lat' dir='ltr'><strong>discrederent,</strong></span> <span class='ocrx_word' id='word_1_487' title='bbox 1721 3368 1846 3423; x_wconf 91' lang='lat' dir='ltr'><strong>per-</strong></span> 
     </span>
    </p>
   </div>
   <div class='ocr_carea' id='block_1_65' title="bbox 263 3435 1841 3511">
    <p class='ocr_par' dir='ltr' id='par_1_65' title="bbox 263 3435 1841 3511">
     <span class='ocr_line' id='line_1_65' title="bbox 263 3435 1841 3511; baseline 0.004 -22"><span class='ocrx_word' id='word_1_488' title='bbox 263 3435 497 3489; x_wconf 85' lang='lat' dir='ltr'><strong>suadere</strong></span> <span class='ocrx_word' id='word_1_489' title='bbox 520 3436 739 3505; x_wconf 91' lang='lat' dir='ltr'><strong>quidem</strong></span> <span class='ocrx_word' id='word_1_490' title='bbox 769 3436 878 3491; x_wconf 93' lang='lat' dir='ltr'><strong>ullo</strong></span> <span class='ocrx_word' id='word_1_491' title='bbox 908 3437 1067 3492; x_wconf 89' lang='lat' dir='ltr'><strong>modo</strong></span> <span class='ocrx_word' id='word_1_492' title='bbox 1105 3439 1296 3509; x_wconf 89' lang='lat' dir='ltr'><strong>potuit.</strong></span> <span class='ocrx_word' id='word_1_493' title='bbox 1328 3438 1454 3494; x_wconf 73' lang='lat' dir='ltr'><strong>Haec</strong></span> <span class='ocrx_word' id='word_1_494' title='bbox 1483 3441 1550 3494; x_wconf 91' lang='lat' dir='ltr'><strong>de</strong></span> <span class='ocrx_word' id='word_1_495' title='bbox 1575 3441 1841 3511; x_wconf 87' lang='lat' dir='ltr'><strong>pluribus,</strong></span> 
     </span>
    </p>
   </div>
   <div class='ocr_carea' id='block_1_66' title="bbox 263 3520 1845 3595">
    <p class='ocr_par' dir='ltr' id='par_1_66' title="bbox 263 3520 1845 3595">
     <span class='ocr_line' id='line_1_66' title="bbox 263 3520 1845 3595; baseline 0.005 -21"><span class='ocrx_word' id='word_1_496' title='bbox 263 3535 386 3590; x_wconf 67' lang='lat' dir='ltr'><strong>quae</strong></span> <span class='ocrx_word' id='word_1_497' title='bbox 419 3522 559 3589; x_wconf 91' lang='lat' dir='ltr'><strong>apud</strong></span> <span class='ocrx_word' id='word_1_498' title='bbox 593 3520 852 3577; x_wconf 85' lang='lat' dir='ltr'><strong>Sanctum</strong></span> <span class='ocrx_word' id='word_1_499' title='bbox 892 3523 1102 3578; x_wconf 90' lang='lat' dir='ltr'><strong>Gallum</strong></span> <span class='ocrx_word' id='word_1_500' title='bbox 1143 3539 1492 3580; x_wconf 90' lang='lat' dir='ltr'><strong>commanens</strong></span> <span class='ocrx_word' id='word_1_501' title='bbox 1529 3529 1715 3595; x_wconf 86' lang='lat' dir='ltr'><strong>gessit,</strong></span> <span class='ocrx_word' id='word_1_502' title='bbox 1748 3533 1845 3583; x_wconf 87' lang='lat' dir='ltr'><strong>tri-</strong></span> 
     </span>
    </p>
   </div>
   <div class='ocr_carea' id='block_1_67' title="bbox 264 3609 1844 3685">
    <p class='ocr_par' dir='ltr' id='par_1_67' title="bbox 264 3609 1844 3685">
     <span class='ocr_line' id='line_1_67' title="bbox 264 3609 1844 3685; baseline 0.003 -20"><span class='ocrx_word' id='word_1_503' title='bbox 264 3611 370 3665; x_wconf 90' lang='lat' dir='ltr'><strong>bus</strong></span> <span class='ocrx_word' id='word_1_504' title='bbox 393 3610 519 3663; x_wconf 71' lang='lat' dir='ltr'><strong>vita:</strong></span> <span class='ocrx_word' id='word_1_505' title='bbox 542 3609 660 3678; x_wconf 87' lang='lat' dir='ltr'><strong>eius</strong></span> <span class='ocrx_word' id='word_1_506' title='bbox 686 3612 1044 3681; x_wconf 85' lang='lat' dir='ltr'><strong>scriptoribus</strong></span> <span class='ocrx_word' id='word_1_507' title='bbox 1068 3627 1172 3667; x_wconf 91' lang='lat' dir='ltr'><strong>non</strong></span> <span class='ocrx_word' id='word_1_508' title='bbox 1198 3611 1606 3681; x_wconf 69' lang='lat' dir='ltr'><strong>prmiudicantes</strong></span> <span class='ocrx_word' id='word_1_509' title='bbox 1627 3616 1844 3685; x_wconf 90' lang='lat' dir='ltr'><strong>scripsi-</strong></span> 
     </span>
    </p>
   </div>
   <div class='ocr_carea' id='block_1_68' title="bbox 267 3698 1843 3770">
    <p class='ocr_par' dir='ltr' id='par_1_68' title="bbox 267 3698 1843 3770">
     <span class='ocr_line' id='line_1_68' title="bbox 267 3698 1843 3770; baseline 0.004 -18"><span class='ocrx_word' id='word_1_510' title='bbox 267 3715 414 3753; x_wconf 85' lang='lat' dir='ltr'><strong>mus.</strong></span> <span class='ocrx_word' id='word_1_511' title='bbox 443 3698 626 3768; x_wconf 80' lang='lat' dir='ltr'><strong>Neque</strong></span> <span class='ocrx_word' id='word_1_512' title='bbox 666 3700 811 3754; x_wconf 89' lang='lat' dir='ltr'><strong>enim</strong></span> <span class='ocrx_word' id='word_1_513' title='bbox 858 3701 1122 3755; x_wconf 88' lang='lat' dir='ltr'><strong>miramur</strong></span> <span class='ocrx_word' id='word_1_514' title='bbox 1150 3715 1260 3764; x_wconf 87' lang='lat' dir='ltr'><strong>eos,</strong></span> <span class='ocrx_word' id='word_1_515' title='bbox 1291 3716 1411 3755; x_wconf 93' lang='lat' dir='ltr'><strong>cum</strong></span> <span class='ocrx_word' id='word_1_516' title='bbox 1441 3703 1635 3770; x_wconf 87' lang='lat' dir='ltr'><strong>quibus</strong></span> <span class='ocrx_word' id='word_1_517' title='bbox 1665 3705 1716 3758; x_wconf 89' lang='lat' dir='ltr'><strong>in</strong></span> <span class='ocrx_word' id='word_1_518' title='bbox 1743 3720 1843 3758; x_wconf 78' lang='lat' dir='ltr'><strong>sa:-</strong></span> 
     </span>
    </p>
   </div>
   <div class='ocr_carea' id='block_1_69' title="bbox 262 3788 1839 3861">
    <p class='ocr_par' dir='ltr' id='par_1_69' title="bbox 262 3788 1839 3861">
     <span class='ocr_line' id='line_1_69' title="bbox 262 3788 1839 3861; baseline 0.002 -19"><span class='ocrx_word' id='word_1_519' title='bbox 262 3788 390 3843; x_wconf 90' lang='lat' dir='ltr'><strong>culo</strong></span> <span class='ocrx_word' id='word_1_520' title='bbox 425 3797 673 3843; x_wconf 83' lang='lat' dir='ltr'><strong>versatus</strong></span> <span class='ocrx_word' id='word_1_521' title='bbox 702 3797 817 3854; x_wconf 89' lang='lat' dir='ltr'><strong>est,</strong></span> <span class='ocrx_word' id='word_1_522' title='bbox 859 3803 924 3843; x_wconf 87' lang='lat' dir='ltr'><strong>ea</strong></span> <span class='ocrx_word' id='word_1_523' title='bbox 967 3803 1086 3858; x_wconf 61' lang='lat' dir='ltr'><strong>quae</strong></span> <span class='ocrx_word' id='word_1_524' title='bbox 1125 3804 1247 3844; x_wconf 92' lang='lat' dir='ltr'><strong>cum</strong></span> <span class='ocrx_word' id='word_1_525' title='bbox 1283 3789 1614 3858; x_wconf 86' lang='lat' dir='ltr'><strong>spiritalibus</strong></span> <span class='ocrx_word' id='word_1_526' title='bbox 1653 3792 1839 3861; x_wconf 88' lang='lat' dir='ltr'><strong>gessit,</strong></span> 
     </span>
    </p>
   </div>
   <div class='ocr_carea' id='block_1_70' title="bbox 261 3879 1840 3952">
    <p class='ocr_par' dir='ltr' id='par_1_70' title="bbox 261 3879 1840 3952">
     <span class='ocr_line' id='line_1_70' title="bbox 261 3879 1840 3952; baseline 0.003 -19"><span class='ocrx_word' id='word_1_527' title='bbox 261 3880 390 3949; x_wconf 85' lang='lat' dir='ltr'><strong>quia</strong></span> <span class='ocrx_word' id='word_1_528' title='bbox 423 3879 599 3934; x_wconf 91' lang='lat' dir='ltr'><strong>minus</strong></span> <span class='ocrx_word' id='word_1_529' title='bbox 626 3880 919 3944; x_wconf 87' lang='lat' dir='ltr'><strong>sciverant,</strong></span> <span class='ocrx_word' id='word_1_530' title='bbox 952 3894 1059 3933; x_wconf 87' lang='lat' dir='ltr'><strong>non</strong></span> <span class='ocrx_word' id='word_1_531' title='bbox 1090 3880 1404 3949; x_wconf 87' lang='lat' dir='ltr'><strong>scripsisse;</strong></span> <span class='ocrx_word' id='word_1_532' title='bbox 1437 3881 1532 3935; x_wconf 88' lang='lat' dir='ltr'><strong>sed</strong></span> <span class='ocrx_word' id='word_1_533' title='bbox 1562 3881 1716 3952; x_wconf 88' lang='lat' dir='ltr'><strong>plura</strong></span> <span class='ocrx_word' id='word_1_534' title='bbox 1748 3898 1840 3939; x_wconf 91' lang='lat' dir='ltr'><strong>eos</strong></span> 
     </span>
    </p>
   </div>
   <div class='ocr_carea' id='block_1_71' title="bbox 261 3969 1836 4041">
    <p class='ocr_par' dir='ltr' id='par_1_71' title="bbox 261 3969 1836 4041">
     <span class='ocr_line' id='line_1_71' title="bbox 261 3969 1836 4041; baseline 0.003 -17"><span class='ocrx_word' id='word_1_535' title='bbox 261 3985 384 4039; x_wconf 71' lang='lat' dir='ltr'><strong>qua:</strong></span> <span class='ocrx_word' id='word_1_536' title='bbox 412 3969 479 4025; x_wconf 90' lang='lat' dir='ltr'><strong>de</strong></span> <span class='ocrx_word' id='word_1_537' title='bbox 504 3986 572 4026; x_wconf 84' lang='lat' dir='ltr'><strong>eo</strong></span> <span class='ocrx_word' id='word_1_538' title='bbox 594 3971 993 4026; x_wconf 89' lang='lat' dir='ltr'><strong>concinnantttr</strong></span> <span class='ocrx_word' id='word_1_539' title='bbox 1020 3972 1178 4041; x_wconf 89' lang='lat' dir='ltr'><strong>vulgo</strong></span> <span class='ocrx_word' id='word_1_540' title='bbox 1202 3980 1258 4026; x_wconf 92' lang='lat' dir='ltr'><strong>et</strong></span> <span class='ocrx_word' id='word_1_541' title='bbox 1283 3980 1551 4027; x_wconf 87' lang='lat' dir='ltr'><strong>canuntur</strong></span> <span class='ocrx_word' id='word_1_542' title='bbox 1581 3976 1836 4041; x_wconf 90' lang='lat' dir='ltr'><strong>tacuisse,</strong></span> 
     </span>
    </p>
   </div>
   <div class='ocr_carea' id='block_1_72' title="bbox 262 4061 1837 4133">
    <p class='ocr_par' dir='ltr' id='par_1_72' title="bbox 262 4061 1837 4133">
     <span class='ocr_line' id='line_1_72' title="bbox 262 4061 1837 4133; baseline 0.003 -17"><span class='ocrx_word' id='word_1_543' title='bbox 262 4076 385 4116; x_wconf 89' lang='lat' dir='ltr'><strong>cum</strong></span> <span class='ocrx_word' id='word_1_544' title='bbox 432 4061 616 4116; x_wconf 82' lang='lat' dir='ltr'><strong>infima</strong></span> <span class='ocrx_word' id='word_1_545' title='bbox 660 4062 902 4131; x_wconf 65' lang='lat' dir='ltr'><strong>quaedam</strong></span> <span class='ocrx_word' id='word_1_546' title='bbox 952 4061 1072 4131; x_wconf 86' lang='lat' dir='ltr'><strong>ejus</strong></span> <span class='ocrx_word' id='word_1_547' title='bbox 1118 4076 1311 4133; x_wconf 88' lang='lat' dir='ltr'><strong>magna</strong></span> <span class='ocrx_word' id='word_1_548' title='bbox 1357 4062 1621 4129; x_wconf 79' lang='lat' dir='ltr'><strong>fecerint,</strong></span> <span class='ocrx_word' id='word_1_549' title='bbox 1672 4066 1837 4120; x_wconf 88' lang='lat' dir='ltr'><strong>etiam</strong></span> 
     </span>
    </p>
   </div>
   <div class='ocr_carea' id='block_1_73' title="bbox 262 4152 1835 4223">
    <p class='ocr_par' dir='ltr' id='par_1_73' title="bbox 262 4152 1835 4223">
     <span class='ocr_line' id='line_1_73' title="bbox 262 4152 1835 4223; baseline 0.002 -16"><span class='ocrx_word' id='word_1_550' title='bbox 262 4154 547 4209; x_wconf 87' lang='lat' dir='ltr'><strong>miramur.</strong></span> <span class='ocrx_word' id='word_1_551' title='bbox 583 4171 603 4205; x_wconf 80' lang='grc' dir='ltr'><strong>ι</strong></span> <span class='ocrx_word' id='word_1_552' title='bbox 658 4152 724 4207; x_wconf 87' lang='lat' dir='ltr'><strong>Et</strong></span> <span class='ocrx_word' id='word_1_553' title='bbox 770 4161 891 4223; x_wconf 90' lang='lat' dir='ltr'><strong>post</strong></span> <span class='ocrx_word' id='word_1_554' title='bbox 942 4152 1199 4207; x_wconf 77' lang='lat' dir='ltr'><strong>nonnulla</strong></span> <span class='ocrx_word' id='word_1_555' title='bbox 1251 4154 1317 4209; x_wconf 91' lang='lat' dir='ltr'><strong>de</strong></span> <span class='ocrx_word' id='word_1_556' title='bbox 1363 4152 1557 4208; x_wconf 84' lang='lat' dir='ltr'><strong>facetis</strong></span> <span class='ocrx_word' id='word_1_557' title='bbox 1600 4153 1835 4210; x_wconf 86' lang='lat' dir='ltr'><strong>Udalrici</strong></span> 
     </span>
    </p>
   </div>
   <div class='ocr_carea' id='block_1_74' title="bbox 264 4241 1836 4315">
    <p class='ocr_par' dir='ltr' id='par_1_74' title="bbox 264 4241 1836 4315">
     <span class='ocr_line' id='line_1_74' title="bbox 264 4241 1836 4315; baseline 0.003 -18"><span class='ocrx_word' id='word_1_558' title='bbox 264 4241 445 4307; x_wconf 89' lang='lat' dir='ltr'><strong>dictis,</strong></span> <span class='ocrx_word' id='word_1_559' title='bbox 473 4251 528 4297; x_wconf 92' lang='lat' dir='ltr'><strong>et</strong></span> <span class='ocrx_word' id='word_1_560' title='bbox 577 4244 643 4298; x_wconf 92' lang='lat' dir='ltr'><strong>de</strong></span> <span class='ocrx_word' id='word_1_561' title='bbox 683 4242 966 4298; x_wconf 89' lang='lat' dir='ltr'><strong>obsidione</strong></span> <span class='ocrx_word' id='word_1_562' title='bbox 1002 4242 1254 4312; x_wconf 75' lang='lat' dir='ltr'><strong>Augustae</strong></span> <span class='ocrx_word' id='word_1_563' title='bbox 1294 4259 1392 4313; x_wconf 92' lang='lat' dir='ltr'><strong>per</strong></span> <span class='ocrx_word' id='word_1_564' title='bbox 1432 4243 1642 4315; x_wconf 77' lang='lat' dir='ltr'><strong>Ungr‘os</strong></span> <span class='ocrx_word' id='word_1_565' title='bbox 1672 4245 1836 4315; x_wconf 91' lang='lat' dir='ltr'><strong>(quod</strong></span> 
     </span>
    </p>
   </div>
   <div class='ocr_carea' id='block_1_75' title="bbox 259 4334 1837 4407">
    <p class='ocr_par' dir='ltr' id='par_1_75' title="bbox 259 4334 1837 4407">
     <span class='ocr_line' id='line_1_75' title="bbox 259 4334 1837 4407; baseline 0.003 -18"><span class='ocrx_word' id='word_1_566' title='bbox 259 4342 595 4403; x_wconf 86' lang='lat' dir='ltr'><strong>postremum</strong></span> <span class='ocrx_word' id='word_1_567' title='bbox 645 4335 699 4389; x_wconf 92' lang='lat' dir='ltr'><strong>in</strong></span> <span class='ocrx_word' id='word_1_568' title='bbox 746 4335 946 4390; x_wconf 89' lang='lat' dir='ltr'><strong>notulis</strong></span> <span class='ocrx_word' id='word_1_569' title='bbox 991 4334 1313 4407; x_wconf 87' lang='lat' dir='ltr'><strong>referemus)</strong></span> <span class='ocrx_word' id='word_1_570' title='bbox 1346 4334 1693 4393; x_wconf 80' lang='lat' dir='ltr'><strong>Ekkehardus</strong></span> <span class='ocrx_word' id='word_1_571' title='bbox 1721 4337 1837 4394; x_wconf 71' lang='lat' dir='ltr'><strong>btec</strong></span> 
     </span>
    </p>
   </div>
   <div class='ocr_carea' id='block_1_76' title="bbox 260 4424 1834 4498">
    <p class='ocr_par' dir='ltr' id='par_1_76' title="bbox 260 4424 1834 4498">
     <span class='ocr_line' id='line_1_76' title="bbox 260 4424 1834 4498; baseline 0.003 -19"><span class='ocrx_word' id='word_1_572' title='bbox 260 4425 481 4480; x_wconf 86' lang='lat' dir='ltr'><strong>subdit:</strong></span> <span class='ocrx_word' id='word_1_573' title='bbox 511 4444 529 4476; x_wconf 75' lang='grc' dir='ltr'><strong>ι</strong></span> <span class='ocrx_word' id='word_1_574' title='bbox 561 4424 715 4495; x_wconf 83' lang='lat' dir='ltr'><strong>Hngo</strong></span> <span class='ocrx_word' id='word_1_575' title='bbox 738 4426 901 4481; x_wconf 89' lang='lat' dir='ltr'><strong>etiam</strong></span> <span class='ocrx_word' id='word_1_576' title='bbox 945 4426 1197 4495; x_wconf 88' lang='lat' dir='ltr'><strong>quidam,</strong></span> <span class='ocrx_word' id='word_1_577' title='bbox 1237 4426 1371 4496; x_wconf 85' lang='lat' dir='ltr'><strong>regii</strong></span> <span class='ocrx_word' id='word_1_578' title='bbox 1420 4428 1634 4498; x_wconf 84' lang='lat' dir='ltr'><strong>generis</strong></span> <span class='ocrx_word' id='word_1_579' title='bbox 1674 4429 1834 4483; x_wconf 93' lang='lat' dir='ltr'><strong>homo</strong></span> 
     </span>
    </p>
   </div>
   <div class='ocr_carea' id='block_1_77' title="bbox 1948 3253 3522 3326">
    <p class='ocr_par' dir='ltr' id='par_1_77' title="bbox 1948 3253 3522 3326">
     <span class='ocr_line' id='line_1_77' title="bbox 1948 3253 3522 3326; baseline 0.003 -19"><span class='ocrx_word' id='word_1_580' title='bbox 1948 3253 2249 3322; x_wconf 82' lang='lat' dir='ltr'><strong>Sintperto,</strong></span> <span class='ocrx_word' id='word_1_581' title='bbox 2305 3253 2482 3309; x_wconf 85' lang='lat' dir='ltr'><strong>Hanto</strong></span> <span class='ocrx_word' id='word_1_582' title='bbox 2530 3254 2653 3326; x_wconf 35' lang='lat' dir='ltr'><strong>(sic.</strong></span> <span class='ocrx_word' id='word_1_583' title='bbox 2692 3255 3009 3324; x_wconf 82' lang='lat' dir='ltr'><strong>legendum,</strong></span> <span class='ocrx_word' id='word_1_584' title='bbox 3054 3273 3161 3314; x_wconf 87' lang='lat' dir='ltr'><strong>non</strong></span> <span class='ocrx_word' id='word_1_585' title='bbox 3207 3257 3409 3322; x_wconf 82' lang='lat' dir='ltr'><strong>Lamo,</strong></span> <span class='ocrx_word' id='word_1_586' title='bbox 3460 3270 3522 3312; x_wconf 85' lang='lat' dir='ltr'><strong>ut</strong></span> 
     </span>
    </p>
   </div>
   <div class='ocr_carea' id='block_1_78' title="bbox 1944 3346 3522 3419">
    <p class='ocr_par' dir='ltr' id='par_1_78' title="bbox 1944 3346 3522 3419">
     <span class='ocr_line' id='line_1_78' title="bbox 1944 3346 3522 3419; baseline 0.003 -21"><span class='ocrx_word' id='word_1_587' title='bbox 1944 3355 2131 3415; x_wconf 86' lang='lat' dir='ltr'><strong>postea</strong></span> <span class='ocrx_word' id='word_1_588' title='bbox 2171 3346 2396 3417; x_wconf 86' lang='lat' dir='ltr'><strong>patebit)</strong></span> <span class='ocrx_word' id='word_1_589' title='bbox 2427 3348 2798 3417; x_wconf 85' lang='lat' dir='ltr'><strong>episcopatum</strong></span> <span class='ocrx_word' id='word_1_590' title='bbox 2843 3349 3110 3418; x_wconf 88' lang='lat' dir='ltr'><strong>suscepit,</strong></span> <span class='ocrx_word' id='word_1_591' title='bbox 3159 3350 3272 3419; x_wconf 89' lang='lat' dir='ltr'><strong>ipse</strong></span> <span class='ocrx_word' id='word_1_592' title='bbox 3320 3349 3373 3404; x_wconf 86' lang='lat' dir='ltr'><strong>in</strong></span> <span class='ocrx_word' id='word_1_593' title='bbox 3417 3348 3522 3403; x_wconf 86' lang='lat' dir='ltr'><strong>Ba-</strong></span> 
     </span>
    </p>
   </div>
   <div class='ocr_carea' id='block_1_79' title="bbox 1940 3434 3521 3508">
    <p class='ocr_par' dir='ltr' id='par_1_79' title="bbox 1940 3434 3521 3508">
     <span class='ocr_line' id='line_1_79' title="bbox 1940 3434 3521 3508; baseline 0.002 -19"><span class='ocrx_word' id='word_1_594' title='bbox 1940 3434 2113 3503; x_wconf 90' lang='lat' dir='ltr'><strong>joaria</strong></span> <span class='ocrx_word' id='word_1_595' title='bbox 2139 3444 2315 3491; x_wconf 90' lang='lat' dir='ltr'><strong>natus.</strong></span> <span class='ocrx_word' id='word_1_596' title='bbox 2350 3435 2664 3491; x_wconf 85' lang='lat' dir='ltr'><strong>Transactis</strong></span> <span class='ocrx_word' id='word_1_597' title='bbox 2690 3444 2813 3507; x_wconf 91' lang='lat' dir='ltr'><strong>post</strong></span> <span class='ocrx_word' id='word_1_598' title='bbox 2841 3447 3122 3507; x_wconf 89' lang='lat' dir='ltr'><strong>acceptum</strong></span> <span class='ocrx_word' id='word_1_599' title='bbox 3153 3439 3521 3508; x_wconf 86' lang='lat' dir='ltr'><strong>episcopatum</strong></span> 
     </span>
    </p>
   </div>
   <div class='ocr_carea' id='block_1_80' title="bbox 1944 3527 3519 3607">
    <p class='ocr_par' dir='ltr' id='par_1_80' title="bbox 1944 3527 3519 3607">
     <span class='ocr_line' id='line_1_80' title="bbox 1944 3527 3519 3607; baseline 0.002 -25"><span class='ocrx_word' id='word_1_600' title='bbox 1944 3537 2149 3598; x_wconf 90' lang='lat' dir='ltr'><strong>septem</strong></span> <span class='ocrx_word' id='word_1_601' title='bbox 2180 3528 2360 3592; x_wconf 87' lang='lat' dir='ltr'><strong>annis,</strong></span> <span class='ocrx_word' id='word_1_602' title='bbox 2392 3543 2737 3583; x_wconf 85' lang='lat' dir='ltr'><strong>successores</strong></span> <span class='ocrx_word' id='word_1_603' title='bbox 2766 3527 2914 3607; x_wconf 68' lang='lat' dir='ltr'><strong>eius,</strong></span> <span class='ocrx_word' id='word_1_604' title='bbox 2932 3529 3023 3599; x_wconf 92' lang='lat' dir='ltr'><strong>qui</strong></span> <span class='ocrx_word' id='word_1_605' title='bbox 3054 3530 3105 3583; x_wconf 92' lang='lat' dir='ltr'><strong>in</strong></span> <span class='ocrx_word' id='word_1_606' title='bbox 3137 3531 3250 3599; x_wconf 82' lang='lat' dir='ltr'><strong>ipsa</strong></span> <span class='ocrx_word' id='word_1_607' title='bbox 3280 3530 3519 3586; x_wconf 81' lang='lat' dir='ltr'><strong>Ecclesia</strong></span> 
     </span>
    </p>
   </div>
   <div class='ocr_carea' id='block_1_81' title="bbox 1944 3618 3521 3689">
    <p class='ocr_par' dir='ltr' id='par_1_81' title="bbox 1944 3618 3521 3689">
     <span class='ocr_line' id='line_1_81' title="bbox 1944 3618 3521 3689; baseline 0 -16"><span class='ocrx_word' id='word_1_608' title='bbox 1944 3618 2223 3673; x_wconf 90' lang='lat' dir='ltr'><strong>constituti</strong></span> <span class='ocrx_word' id='word_1_609' title='bbox 2250 3626 2394 3682; x_wconf 90' lang='lat' dir='ltr'><strong>sunt,</strong></span> <span class='ocrx_word' id='word_1_610' title='bbox 2419 3619 2627 3688; x_wconf 86' lang='lat' dir='ltr'><strong>primus</strong></span> <span class='ocrx_word' id='word_1_611' title='bbox 2654 3618 2929 3673; x_wconf 78' lang='lat' dir='ltr'><strong>Nilkarius‘</strong></span> <span class='ocrx_word' id='word_1_612' title='bbox 2954 3620 3120 3689; x_wconf 68' lang='lat' dir='ltr'><strong>erepit</strong></span> <span class='ocrx_word' id='word_1_613' title='bbox 3146 3636 3176 3674; x_wconf 89' lang='lat' dir='ltr'><strong>a</strong></span> <span class='ocrx_word' id='word_1_614' title='bbox 3205 3620 3521 3675; x_wconf 89' lang='lat' dir='ltr'><strong>fundamen-</strong></span> 
     </span>
    </p>
   </div>
   <div class='ocr_carea' id='block_1_82' title="bbox 1946 3706 3519 3778">
    <p class='ocr_par' dir='ltr' id='par_1_82' title="bbox 1946 3706 3519 3778">
     <span class='ocr_line' id='line_1_82' title="bbox 1946 3706 3519 3778; baseline 0.001 -16"><span class='ocrx_word' id='word_1_615' title='bbox 1946 3707 2015 3762; x_wconf 91' lang='lat' dir='ltr'><strong>tis</strong></span> <span class='ocrx_word' id='word_1_616' title='bbox 2042 3707 2327 3761; x_wconf 84' lang='lat' dir='ltr'><strong>ecclesiam</strong></span> <span class='ocrx_word' id='word_1_617' title='bbox 2353 3707 2538 3761; x_wconf 88' lang='lat' dir='ltr'><strong>Sancti</strong></span> <span class='ocrx_word' id='word_1_618' title='bbox 2580 3706 2757 3778; x_wconf 85' lang='lat' dir='ltr'><strong>Magni</strong></span> <span class='ocrx_word' id='word_1_619' title='bbox 2786 3717 3133 3776; x_wconf 88' lang='lat' dir='ltr'><strong>construere;</strong></span> <span class='ocrx_word' id='word_1_620' title='bbox 3168 3709 3347 3764; x_wconf 69' lang='lat' dir='ltr'><strong>caetcri</strong></span> <span class='ocrx_word' id='word_1_621' title='bbox 3390 3723 3519 3764; x_wconf 87' lang='lat' dir='ltr'><strong>vero</strong></span> 
     </span>
    </p>
   </div>
   <div class='ocr_carea' id='block_1_83' title="bbox 1940 3798 3517 3870">
    <p class='ocr_par' dir='ltr' id='par_1_83' title="bbox 1940 3798 3517 3870">
     <span class='ocr_line' id='line_1_83' title="bbox 1940 3798 3517 3870; baseline 0.001 -16"><span class='ocrx_word' id='word_1_622' title='bbox 1940 3798 2199 3870; x_wconf 77' lang='lat' dir='ltr'><strong>przesules</strong></span> <span class='ocrx_word' id='word_1_623' title='bbox 2232 3813 2355 3854; x_wconf 92' lang='lat' dir='ltr'><strong>eum</strong></span> <span class='ocrx_word' id='word_1_624' title='bbox 2384 3799 2798 3870; x_wconf 85' lang='lat' dir='ltr'><strong>subsequentes,</strong></span> <span class='ocrx_word' id='word_1_625' title='bbox 2830 3809 2990 3870; x_wconf 89' lang='lat' dir='ltr'><strong>prout</strong></span> <span class='ocrx_word' id='word_1_626' title='bbox 3018 3809 3327 3869; x_wconf 91' lang='lat' dir='ltr'><strong>potuerunt,</strong></span> <span class='ocrx_word' id='word_1_627' title='bbox 3360 3802 3517 3855; x_wconf 62' lang='lat' dir='ltr'><strong>simio</strong></span> 
     </span>
    </p>
   </div>
   <div class='ocr_carea' id='block_1_84' title="bbox 1942 3884 3516 3962">
    <p class='ocr_par' dir='ltr' id='par_1_84' title="bbox 1942 3884 3516 3962">
     <span class='ocr_line' id='line_1_84' title="bbox 1942 3884 3516 3962; baseline -0.001 -17"><span class='ocrx_word' id='word_1_628' title='bbox 1942 3890 2065 3945; x_wconf 90' lang='lat' dir='ltr'><strong>liter</strong></span> <span class='ocrx_word' id='word_1_629' title='bbox 2097 3897 2531 3962; x_wconf 76' lang='lat' dir='ltr'><strong>construxerunt.</strong></span> <span class='ocrx_word' id='word_1_630' title='bbox 2577 3884 2781 3945; x_wconf 84' lang='lat' dir='ltr'><strong>Tamen</strong></span> <span class='ocrx_word' id='word_1_631' title='bbox 2829 3906 2932 3945; x_wconf 89' lang='lat' dir='ltr'><strong>non</strong></span> <span class='ocrx_word' id='word_1_632' title='bbox 2976 3889 3080 3944; x_wconf 90' lang='lat' dir='ltr'><strong>fuit</strong></span> <span class='ocrx_word' id='word_1_633' title='bbox 3116 3890 3236 3945; x_wconf 88' lang='lat' dir='ltr'><strong>aula</strong></span> <span class='ocrx_word' id='word_1_634' title='bbox 3278 3890 3516 3946; x_wconf 74' lang='lat' dir='ltr'><strong>basilica:</strong></span> 
     </span>
    </p>
   </div>
   <div class='ocr_carea' id='block_1_85' title="bbox 1943 3976 3516 4049">
    <p class='ocr_par' dir='ltr' id='par_1_85' title="bbox 1943 3976 3516 4049">
     <span class='ocr_line' id='line_1_85' title="bbox 1943 3976 3516 4049; baseline 0.001 -15"><span class='ocrx_word' id='word_1_635' title='bbox 1943 3979 2010 4035; x_wconf 88' lang='lat' dir='ltr'><strong>ad</strong></span> <span class='ocrx_word' id='word_1_636' title='bbox 2052 3977 2440 4049; x_wconf 86' lang='lat' dir='ltr'><strong>perfectionem</strong></span> <span class='ocrx_word' id='word_1_637' title='bbox 2484 3976 2664 4048; x_wconf 87' lang='lat' dir='ltr'><strong>operis</strong></span> <span class='ocrx_word' id='word_1_638' title='bbox 2708 3980 3001 4049; x_wconf 88' lang='lat' dir='ltr'><strong>perducta,</strong></span> <span class='ocrx_word' id='word_1_639' title='bbox 3038 3979 3241 4044; x_wconf 87' lang='lat' dir='ltr'><strong>donec,</strong></span> <span class='ocrx_word' id='word_1_640' title='bbox 3286 3980 3516 4035; x_wconf 86' lang='lat' dir='ltr'><strong>Domino</strong></span> 
     </span>
    </p>
   </div>
   <div class='ocr_carea' id='block_1_86' title="bbox 1941 4069 3517 4139">
    <p class='ocr_par' dir='ltr' id='par_1_86' title="bbox 1941 4069 3517 4139">
     <span class='ocr_line' id='line_1_86' title="bbox 1941 4069 3517 4139; baseline 0.001 -15"><span class='ocrx_word' id='word_1_641' title='bbox 1941 4077 2231 4134; x_wconf 91' lang='lat' dir='ltr'><strong>annuente,</strong></span> <span class='ocrx_word' id='word_1_642' title='bbox 2258 4085 2286 4122; x_wconf 90' lang='lat' dir='ltr'><strong>a</strong></span> <span class='ocrx_word' id='word_1_643' title='bbox 2311 4069 2701 4139; x_wconf 89' lang='lat' dir='ltr'><strong>gloriosissimo</strong></span> <span class='ocrx_word' id='word_1_644' title='bbox 2730 4084 2857 4139; x_wconf 88' lang='lat' dir='ltr'><strong>rege</strong></span> <span class='ocrx_word' id='word_1_645' title='bbox 2883 4069 3178 4134; x_wconf 88' lang='lat' dir='ltr'><strong>Ludovico,</strong></span> <span class='ocrx_word' id='word_1_646' title='bbox 3212 4069 3319 4124; x_wconf 85' lang='lat' dir='ltr'><strong>lilio</strong></span> <span class='ocrx_word' id='word_1_647' title='bbox 3343 4070 3517 4126; x_wconf 85' lang='lat' dir='ltr'><strong>Ludo-</strong></span> 
     </span>
    </p>
   </div>
   <div class='ocr_carea' id='block_1_87' title="bbox 1938 4159 3512 4230">
    <p class='ocr_par' dir='ltr' id='par_1_87' title="bbox 1938 4159 3512 4230">
     <span class='ocr_line' id='line_1_87' title="bbox 1938 4159 3512 4230; baseline 0 -15"><span class='ocrx_word' id='word_1_648' title='bbox 1938 4161 2044 4216; x_wconf 88' lang='lat' dir='ltr'><strong>vici</strong></span> <span class='ocrx_word' id='word_1_649' title='bbox 2083 4159 2371 4214; x_wconf 87' lang='lat' dir='ltr'><strong>clarissimi</strong></span> <span class='ocrx_word' id='word_1_650' title='bbox 2419 4159 2796 4230; x_wconf 87' lang='lat' dir='ltr'><strong>imperatoris,</strong></span> <span class='ocrx_word' id='word_1_651' title='bbox 2843 4159 3014 4214; x_wconf 89' lang='lat' dir='ltr'><strong>Lanto</strong></span> <span class='ocrx_word' id='word_1_652' title='bbox 3054 4160 3225 4229; x_wconf 88' lang='lat' dir='ltr'><strong>ipsam</strong></span> <span class='ocrx_word' id='word_1_653' title='bbox 3271 4165 3512 4215; x_wconf 75' lang='lat' dir='ltr'><strong>sanetthn</strong></span> 
     </span>
    </p>
   </div>
   <div class='ocr_carea' id='block_1_88' title="bbox 1939 4247 3514 4317">
    <p class='ocr_par' dir='ltr' id='par_1_88' title="bbox 1939 4247 3514 4317">
     <span class='ocr_line' id='line_1_88' title="bbox 1939 4247 3514 4317; baseline 0 -13"><span class='ocrx_word' id='word_1_654' title='bbox 1939 4247 2122 4304; x_wconf 88' lang='lat' dir='ltr'><strong>sedem</strong></span> <span class='ocrx_word' id='word_1_655' title='bbox 2177 4248 2405 4317; x_wconf 87' lang='lat' dir='ltr'><strong>adeptus</strong></span> <span class='ocrx_word' id='word_1_656' title='bbox 2452 4256 2554 4304; x_wconf 92' lang='lat' dir='ltr'><strong>est.</strong></span> <span class='ocrx_word' id='word_1_657' title='bbox 2611 4265 2630 4299; x_wconf 78' lang='grc' dir='ltr'><strong>ι</strong></span> <span class='ocrx_word' id='word_1_658' title='bbox 2679 4247 2815 4302; x_wconf 87' lang='lat' dir='ltr'><strong>Hinc</strong></span> <span class='ocrx_word' id='word_1_659' title='bbox 2864 4247 3213 4316; x_wconf 85' lang='lat' dir='ltr'><strong>corrigendus</strong></span> <span class='ocrx_word' id='word_1_660' title='bbox 3266 4248 3514 4304; x_wconf 83' lang='lat' dir='ltr'><strong>Bruscbii</strong></span> 
     </span>
    </p>
   </div>
   <div class='ocr_carea' id='block_1_89' title="bbox 1938 4336 3513 4407">
    <p class='ocr_par' dir='ltr' id='par_1_89' title="bbox 1938 4336 3513 4407">
     <span class='ocr_line' id='line_1_89' title="bbox 1938 4336 3513 4407; baseline -0.001 -15"><span class='ocrx_word' id='word_1_661' title='bbox 1938 4337 2235 4407; x_wconf 81' lang='lat' dir='ltr'><strong>catalogus,</strong></span> <span class='ocrx_word' id='word_1_662' title='bbox 2268 4338 2359 4407; x_wconf 87' lang='lat' dir='ltr'><strong>qui</strong></span> <span class='ocrx_word' id='word_1_663' title='bbox 2392 4336 2622 4392; x_wconf 81' lang='lat' dir='ltr'><strong>Hanloni</strong></span> <span class='ocrx_word' id='word_1_664' title='bbox 2654 4336 2997 4391; x_wconf 85' lang='lat' dir='ltr'><strong>Waltherum</strong></span> <span class='ocrx_word' id='word_1_665' title='bbox 3045 4337 3241 4406; x_wconf 90' lang='lat' dir='ltr'><strong>primo,</strong></span> <span class='ocrx_word' id='word_1_666' title='bbox 3273 4338 3513 4391; x_wconf 84' lang='lat' dir='ltr'><strong>secundo</strong></span> 
     </span>
    </p>
   </div>
   <div class='ocr_carea' id='block_1_90' title="bbox 1935 4427 3514 4500">
    <p class='ocr_par' dir='ltr' id='par_1_90' title="bbox 1935 4427 3514 4500">
     <span class='ocr_line' id='line_1_90' title="bbox 1935 4427 3514 4500; baseline 0.001 -18"><span class='ocrx_word' id='word_1_667' title='bbox 1935 4427 2279 4500; x_wconf 79' lang='lat' dir='ltr'><strong>Adelgerunt,</strong></span> <span class='ocrx_word' id='word_1_668' title='bbox 2306 4443 2370 4483; x_wconf 85' lang='lat' dir='ltr'><strong>ac</strong></span> <span class='ocrx_word' id='word_1_669' title='bbox 2400 4429 2559 4483; x_wconf 90' lang='lat' dir='ltr'><strong>tertio</strong></span> <span class='ocrx_word' id='word_1_670' title='bbox 2588 4437 2793 4483; x_wconf 90' lang='lat' dir='ltr'><strong>tantum</strong></span> <span class='ocrx_word' id='word_1_671' title='bbox 2822 4428 2940 4483; x_wconf 92' lang='lat' dir='ltr'><strong>loco</strong></span> <span class='ocrx_word' id='word_1_672' title='bbox 2966 4427 3357 4499; x_wconf 82' lang='lat' dir='ltr'><strong>Neodegarium</strong></span> <span class='ocrx_word' id='word_1_673' title='bbox 3386 4429 3514 4483; x_wconf 62' lang='grc' dir='ltr'><strong>θυι).</strong></span> 
     </span>
    </p>
   </div>
   <div class='ocr_carea' id='block_1_91' title="bbox 258 4499 3513 4588">
    <p class='ocr_par' dir='ltr' id='par_1_91' title="bbox 258 4499 3513 4588">
     <span class='ocr_line' id='line_1_91' title="bbox 258 4499 3513 4588; baseline 0.001 -19"><span class='ocrx_word' id='word_1_674' title='bbox 258 4516 580 4584; x_wconf 88' lang='lat' dir='ltr'><strong>primarius,</strong></span> <span class='ocrx_word' id='word_1_675' title='bbox 629 4526 852 4586; x_wconf 88' lang='lat' dir='ltr'><strong>propter</strong></span> <span class='ocrx_word' id='word_1_676' title='bbox 880 4531 1121 4571; x_wconf 90' lang='lat' dir='ltr'><strong>sororem</strong></span> <span class='ocrx_word' id='word_1_677' title='bbox 1170 4517 1271 4570; x_wconf 88' lang='lat' dir='ltr'><strong>viri</strong></span> <span class='ocrx_word' id='word_1_678' title='bbox 1317 4517 1408 4571; x_wconf 91' lang='lat' dir='ltr'><strong>Dei</strong></span> <span class='ocrx_word' id='word_1_679' title='bbox 1451 4518 1712 4588; x_wconf 88' lang='lat' dir='ltr'><strong>virginem</strong></span> <span class='ocrx_word' id='word_1_680' title='bbox 1748 4534 1832 4574; x_wconf 89' lang='lat' dir='ltr'><strong>sa-</strong></span> <span class='ocrx_word' id='word_1_681' title='bbox 1863 4499 1910 4557; x_wconf 80' lang='lat' dir='ltr'><strong>D</strong></span> <span class='ocrx_word' id='word_1_682' title='bbox 1935 4499 2132 4583; x_wconf 88' lang='lat' dir='ltr'><strong>stituit,</strong></span> <span class='ocrx_word' id='word_1_683' title='bbox 2170 4533 2293 4573; x_wconf 91' lang='lat' dir='ltr'><strong>cum</strong></span> <span class='ocrx_word' id='word_1_684' title='bbox 2341 4532 2405 4572; x_wconf 85' lang='lat' dir='ltr'><strong>ex</strong></span> <span class='ocrx_word' id='word_1_685' title='bbox 2456 4518 2686 4572; x_wconf 89' lang='lat' dir='ltr'><strong>adverso</strong></span> <span class='ocrx_word' id='word_1_686' title='bbox 2726 4517 3096 4581; x_wconf 85' lang='lat' dir='ltr'><strong>Ermenricns,</strong></span> <span class='ocrx_word' id='word_1_687' title='bbox 3137 4528 3328 4572; x_wconf 90' lang='lat' dir='ltr'><strong>auctor</strong></span> <span class='ocrx_word' id='word_1_688' title='bbox 3372 4519 3513 4573; x_wconf 86' lang='lat' dir='ltr'><strong>illius</strong></span> 
     </span>
    </p>
   </div>
   <div class='ocr_carea' id='block_1_92' title="bbox 259 4604 1833 4675">
    <p class='ocr_par' dir='ltr' id='par_1_92' title="bbox 259 4604 1833 4675">
     <span class='ocr_line' id='line_1_92' title="bbox 259 4604 1833 4675; baseline 0.003 -18"><span class='ocrx_word' id='word_1_689' title='bbox 259 4620 433 4670; x_wconf 91' lang='lat' dir='ltr'><strong>cram,</strong></span> <span class='ocrx_word' id='word_1_690' title='bbox 464 4605 673 4659; x_wconf 92' lang='lat' dir='ltr'><strong>incestu</strong></span> <span class='ocrx_word' id='word_1_691' title='bbox 701 4605 936 4675; x_wconf 86' lang='lat' dir='ltr'><strong>agnitam</strong></span> <span class='ocrx_word' id='word_1_692' title='bbox 965 4604 1033 4657; x_wconf 91' lang='lat' dir='ltr'><strong>ab</strong></span> <span class='ocrx_word' id='word_1_693' title='bbox 1061 4604 1199 4673; x_wconf 88' lang='lat' dir='ltr'><strong>ipso,</strong></span> <span class='ocrx_word' id='word_1_694' title='bbox 1224 4604 1349 4674; x_wconf 89' lang='lat' dir='ltr'><strong>quia</strong></span> <span class='ocrx_word' id='word_1_695' title='bbox 1378 4620 1519 4674; x_wconf 68' lang='lat' dir='ltr'><strong>sarpe</strong></span> <span class='ocrx_word' id='word_1_696' title='bbox 1547 4606 1833 4662; x_wconf 90' lang='lat' dir='ltr'><strong>inclinatus</strong></span> 
     </span>
    </p>
   </div>
   <div class='ocr_carea' id='block_1_93' title="bbox 259 4695 1831 4765">
    <p class='ocr_par' dir='ltr' id='par_1_93' title="bbox 259 4695 1831 4765">
     <span class='ocr_line' id='line_1_93' title="bbox 259 4695 1831 4765; baseline 0.003 -16"><span class='ocrx_word' id='word_1_697' title='bbox 259 4703 364 4761; x_wconf 88' lang='lat' dir='ltr'><strong>est,</strong></span> <span class='ocrx_word' id='word_1_698' title='bbox 392 4695 689 4751; x_wconf 90' lang='lat' dir='ltr'><strong>insolenter</strong></span> <span class='ocrx_word' id='word_1_699' title='bbox 714 4696 762 4750; x_wconf 91' lang='lat' dir='ltr'><strong>ei</strong></span> <span class='ocrx_word' id='word_1_700' title='bbox 796 4695 1050 4750; x_wconf 90' lang='lat' dir='ltr'><strong>inimicus</strong></span> <span class='ocrx_word' id='word_1_701' title='bbox 1086 4696 1315 4765; x_wconf 89' lang='lat' dir='ltr'><strong>quadam</strong></span> <span class='ocrx_word' id='word_1_702' title='bbox 1364 4697 1451 4753; x_wconf 88' lang='lat' dir='ltr'><strong>die</strong></span> <span class='ocrx_word' id='word_1_703' title='bbox 1494 4698 1635 4752; x_wconf 88' lang='lat' dir='ltr'><strong>carri</strong></span> <span class='ocrx_word' id='word_1_704' title='bbox 1678 4699 1831 4754; x_wconf 83' lang='lat' dir='ltr'><strong>vehi-</strong></span> 
     </span>
    </p>
   </div>
   <div class='ocr_carea' id='block_1_94' title="bbox 258 4785 1829 4852">
    <p class='ocr_par' dir='ltr' id='par_1_94' title="bbox 258 4785 1829 4852">
     <span class='ocr_line' id='line_1_94' title="bbox 258 4785 1829 4852; baseline 0.005 -14"><span class='ocrx_word' id='word_1_705' title='bbox 258 4785 411 4851; x_wconf 92' lang='lat' dir='ltr'><strong>culo,</strong></span> <span class='ocrx_word' id='word_1_706' title='bbox 461 4794 521 4839; x_wconf 91' lang='lat' dir='ltr'><strong>ut</strong></span> <span class='ocrx_word' id='word_1_707' title='bbox 567 4795 688 4840; x_wconf 89' lang='lat' dir='ltr'><strong>erat</strong></span> <span class='ocrx_word' id='word_1_708' title='bbox 732 4786 1064 4841; x_wconf 81' lang='lat' dir='ltr'><strong>infirmitatis</strong></span> <span class='ocrx_word' id='word_1_709' title='bbox 1115 4801 1259 4852; x_wconf 67' lang='lat' dir='ltr'><strong>suae,</strong></span> <span class='ocrx_word' id='word_1_710' title='bbox 1306 4789 1545 4843; x_wconf 89' lang='lat' dir='ltr'><strong>occurrit</strong></span> <span class='ocrx_word' id='word_1_711' title='bbox 1597 4790 1829 4846; x_wconf 87' lang='lat' dir='ltr'><strong>invecto.</strong></span> 
     </span>
    </p>
   </div>
   <div class='ocr_carea' id='block_1_95' title="bbox 258 4873 1829 4946">
    <p class='ocr_par' dir='ltr' id='par_1_95' title="bbox 258 4873 1829 4946">
     <span class='ocr_line' id='line_1_95' title="bbox 258 4873 1829 4946; baseline 0.004 -19"><span class='ocrx_word' id='word_1_712' title='bbox 258 4873 429 4939; x_wconf 80' lang='lat' dir='ltr'><strong>Quem</strong></span> <span class='ocrx_word' id='word_1_713' title='bbox 470 4890 594 4929; x_wconf 90' lang='lat' dir='ltr'><strong>cum</strong></span> <span class='ocrx_word' id='word_1_714' title='bbox 623 4874 822 4929; x_wconf 90' lang='lat' dir='ltr'><strong>milites</strong></span> <span class='ocrx_word' id='word_1_715' title='bbox 856 4874 1093 4945; x_wconf 80' lang='lat' dir='ltr'><strong>episcopi</strong></span> <span class='ocrx_word' id='word_1_716' title='bbox 1124 4891 1504 4946; x_wconf 66' lang='lat' dir='ltr'><strong>praecessores,</strong></span> <span class='ocrx_word' id='word_1_717' title='bbox 1535 4878 1611 4932; x_wconf 88' lang='lat' dir='ltr'><strong>ttti</strong></span> <span class='ocrx_word' id='word_1_718' title='bbox 1643 4880 1691 4934; x_wconf 88' lang='lat' dir='ltr'><strong>ei</strong></span> <span class='ocrx_word' id='word_1_719' title='bbox 1724 4895 1829 4934; x_wconf 90' lang='lat' dir='ltr'><strong>non</strong></span> 
     </span>
    </p>
   </div>
   <div class='ocr_carea' id='block_1_96' title="bbox 256 4966 1830 5036">
    <p class='ocr_par' dir='ltr' id='par_1_96' title="bbox 256 4966 1830 5036">
     <span class='ocr_line' id='line_1_96' title="bbox 256 4966 1830 5036; baseline 0.005 -21"><span class='ocrx_word' id='word_1_720' title='bbox 256 4970 592 5026; x_wconf 86' lang='lat' dir='ltr'><strong>occurreret,</strong></span> <span class='ocrx_word' id='word_1_721' title='bbox 639 4971 1058 5031; x_wconf 79' lang='lat' dir='ltr'><strong>praemonerem,</strong></span> <span class='ocrx_word' id='word_1_722' title='bbox 1101 4966 1497 5031; x_wconf 90' lang='lat' dir='ltr'><strong>carrucarium,</strong></span> <span class='ocrx_word' id='word_1_723' title='bbox 1538 4966 1732 5036; x_wconf 90' lang='lat' dir='ltr'><strong>inquit,</strong></span> <span class='ocrx_word' id='word_1_724' title='bbox 1768 4969 1830 5022; x_wconf 82' lang='lat' dir='ltr'><strong>il-</strong></span> 
     </span>
    </p>
   </div>
   <div class='ocr_carea' id='block_1_97' title="bbox 256 5048 1830 5123">
    <p class='ocr_par' dir='ltr' id='par_1_97' title="bbox 256 5048 1830 5123">
     <span class='ocr_line' id='line_1_97' title="bbox 256 5048 1830 5123; baseline 0.007 -20"><span class='ocrx_word' id='word_1_725' title='bbox 256 5048 367 5104; x_wconf 92' lang='lat' dir='ltr'><strong>lum</strong></span> <span class='ocrx_word' id='word_1_726' title='bbox 408 5051 477 5106; x_wconf 87' lang='lat' dir='ltr'><strong>ab</strong></span> <span class='ocrx_word' id='word_1_727' title='bbox 515 5050 708 5105; x_wconf 90' lang='lat' dir='ltr'><strong>itinere</strong></span> <span class='ocrx_word' id='word_1_728' title='bbox 738 5065 858 5105; x_wconf 90' lang='lat' dir='ltr'><strong>meo</strong></span> <span class='ocrx_word' id='word_1_729' title='bbox 900 5067 1174 5123; x_wconf 87' lang='lat' dir='ltr'><strong>nunquam</strong></span> <span class='ocrx_word' id='word_1_730' title='bbox 1217 5053 1519 5109; x_wconf 87' lang='lat' dir='ltr'><strong>declinabo.</strong></span> <span class='ocrx_word' id='word_1_731' title='bbox 1551 5056 1704 5123; x_wconf 82' lang='lat' dir='ltr'><strong>Quod</strong></span> <span class='ocrx_word' id='word_1_732' title='bbox 1744 5058 1830 5114; x_wconf 86' lang='lat' dir='ltr'><strong>ille</strong></span> 
     </span>
    </p>
   </div>
   <div class='ocr_carea' id='block_1_98' title="bbox 256 5139 1825 5213">
    <p class='ocr_par' dir='ltr' id='par_1_98' title="bbox 256 5139 1825 5213">
     <span class='ocr_line' id='line_1_98' title="bbox 256 5139 1825 5213; baseline 0.006 -22"><span class='ocrx_word' id='word_1_733' title='bbox 256 5153 285 5191; x_wconf 90' lang='lat' dir='ltr'><strong>a</strong></span> <span class='ocrx_word' id='word_1_734' title='bbox 312 5139 615 5195; x_wconf 84' lang='lat' dir='ltr'><strong>dicentibus</strong></span> <span class='ocrx_word' id='word_1_735' title='bbox 635 5149 754 5210; x_wconf 88' lang='lat' dir='ltr'><strong>post</strong></span> <span class='ocrx_word' id='word_1_736' title='bbox 782 5141 1028 5207; x_wconf 87' lang='lat' dir='ltr'><strong>audiens,</strong></span> <span class='ocrx_word' id='word_1_737' title='bbox 1059 5155 1319 5208; x_wconf 58' lang='lat' dir='ltr'><strong>carruca,</strong></span> <span class='ocrx_word' id='word_1_738' title='bbox 1345 5143 1537 5213; x_wconf 89' lang='lat' dir='ltr'><strong>inquit,</strong></span> <span class='ocrx_word' id='word_1_739' title='bbox 1561 5146 1825 5211; x_wconf 82' lang='lat' dir='ltr'><strong>vehiculo,</strong></span> 
     </span>
    </p>
   </div>
   <div class='ocr_carea' id='block_1_99' title="bbox 255 5229 1660 5258">
    <p class='ocr_par' dir='ltr' id='par_1_99' title="bbox 255 5229 1660 5258">
     <span class='ocr_line' id='line_1_99' title="bbox 255 5229 1660 5258; baseline 0 0"><span class='ocrx_word' id='word_1_740' title='bbox 255 5229 445 5258; x_wconf 59' lang='lat' dir='ltr'><strong>&#39;00:.AOA</strong></span> <span class='ocrx_word' id='word_1_741' title='bbox 619 5232 722 5258; x_wconf 68' lang='lat' dir='ltr'><strong>mn:</strong></span> <span class='ocrx_word' id='word_1_742' title='bbox 777 5230 888 5258; x_wconf 69' lang='lat' dir='ltr'><strong>:nnn</strong></span> <span class='ocrx_word' id='word_1_743' title='bbox 930 5232 1052 5258; x_wconf 65' lang='grc' dir='ltr'>..Ι-ιιι</span> <span class='ocrx_word' id='word_1_744' title='bbox 1096 5245 1254 5258; x_wconf 63' lang='lat' dir='ltr'><strong>III-nm</strong></span> <span class='ocrx_word' id='word_1_745' title='bbox 1303 5247 1399 5258; x_wconf 57' lang='lat' dir='ltr'><strong>‘n—A</strong></span> <span class='ocrx_word' id='word_1_746' title='bbox 1453 5235 1660 5258; x_wconf 63' lang='lat'><strong>:....:----</strong></span> 
     </span>
    </p>
   </div>
   <div class='ocr_carea' id='block_1_100' title="bbox 1938 4607 3513 4678">
    <p class='ocr_par' dir='ltr' id='par_1_100' title="bbox 1938 4607 3513 4678">
     <span class='ocr_line' id='line_1_100' title="bbox 1938 4607 3513 4678; baseline 0.001 -17"><span class='ocrx_word' id='word_1_747' title='bbox 1938 4608 2231 4676; x_wconf 91' lang='lat' dir='ltr'><strong>temporis,</strong></span> <span class='ocrx_word' id='word_1_748' title='bbox 2285 4608 2518 4662; x_wconf 86' lang='lat' dir='ltr'><strong>llantoni</strong></span> <span class='ocrx_word' id='word_1_749' title='bbox 2571 4608 2815 4677; x_wconf 82' lang='lat' dir='ltr'><strong>proxime</strong></span> <span class='ocrx_word' id='word_1_750' title='bbox 2863 4607 3199 4674; x_wconf 73' lang='lat' dir='ltr'><strong>Nitltarinm,</strong></span> <span class='ocrx_word' id='word_1_751' title='bbox 3249 4609 3341 4678; x_wconf 90' lang='lat' dir='ltr'><strong>qui</strong></span> <span class='ocrx_word' id='word_1_752' title='bbox 3388 4625 3513 4664; x_wconf 88' lang='lat' dir='ltr'><strong>cum</strong></span> 
     </span>
    </p>
   </div>
   <div class='ocr_carea' id='block_1_101' title="bbox 1937 4694 3594 4769">
    <p class='ocr_par' dir='ltr' id='par_1_101' title="bbox 1937 4694 3594 4769">
     <span class='ocr_line' id='line_1_101' title="bbox 1937 4694 3594 4769; baseline 0.002 -20"><span class='ocrx_word' id='word_1_753' title='bbox 1937 4695 2269 4765; x_wconf 76' lang='lat' dir='ltr'><strong>Neodegario</strong></span> <span class='ocrx_word' id='word_1_754' title='bbox 2308 4696 2447 4749; x_wconf 89' lang='lat' dir='ltr'><strong>idem</strong></span> <span class='ocrx_word' id='word_1_755' title='bbox 2483 4705 2590 4761; x_wconf 88' lang='lat' dir='ltr'><strong>est,</strong></span> <span class='ocrx_word' id='word_1_756' title='bbox 2621 4694 2856 4762; x_wconf 88' lang='lat' dir='ltr'><strong>subiicit.</strong></span> <span class='ocrx_word' id='word_1_757' title='bbox 2891 4697 3211 4752; x_wconf 82' lang='lat' dir='ltr'><strong>Ermenrico</strong></span> <span class='ocrx_word' id='word_1_758' title='bbox 3244 4696 3510 4769; x_wconf 68' lang='lat' dir='ltr'><strong>suﬂ‘raga-</strong></span> <span class='ocrx_word' id='word_1_759' title='bbox 3588 4738 3594 4746; x_wconf 82' lang='grc'><strong>.</strong></span> 
     </span>
    </p>
   </div>
   <div class='ocr_carea' id='block_1_102' title="bbox 1936 4785 3513 4857">
    <p class='ocr_par' dir='ltr' id='par_1_102' title="bbox 1936 4785 3513 4857">
     <span class='ocr_line' id='line_1_102' title="bbox 1936 4785 3513 4857; baseline 0.003 -18"><span class='ocrx_word' id='word_1_760' title='bbox 1936 4795 2024 4841; x_wconf 90' lang='lat' dir='ltr'><strong>tur</strong></span> <span class='ocrx_word' id='word_1_761' title='bbox 2051 4796 2206 4840; x_wconf 88' lang='lat' dir='ltr'><strong>vetus</strong></span> <span class='ocrx_word' id='word_1_762' title='bbox 2237 4785 2395 4840; x_wconf 80' lang='lat' dir='ltr'><strong>index</strong></span> <span class='ocrx_word' id='word_1_763' title='bbox 2438 4786 2855 4857; x_wconf 85' lang='lat' dir='ltr'><strong>Augustensiutn</strong></span> <span class='ocrx_word' id='word_1_764' title='bbox 2886 4789 3285 4856; x_wconf 90' lang='lat' dir='ltr'><strong>episcoporum,</strong></span> <span class='ocrx_word' id='word_1_765' title='bbox 3316 4788 3369 4841; x_wconf 92' lang='lat' dir='ltr'><strong>in</strong></span> <span class='ocrx_word' id='word_1_766' title='bbox 3407 4791 3513 4843; x_wconf 88' lang='lat' dir='ltr'><strong>line</strong></span> 
     </span>
    </p>
   </div>
   <div class='ocr_carea' id='block_1_103' title="bbox 1936 4876 3513 4946">
    <p class='ocr_par' dir='ltr' id='par_1_103' title="bbox 1936 4876 3513 4946">
     <span class='ocr_line' id='line_1_103' title="bbox 1936 4876 3513 4946; baseline 0.001 -15"><span class='ocrx_word' id='word_1_767' title='bbox 1936 4876 2092 4945; x_wconf 86' lang='lat' dir='ltr'><strong>huius</strong></span> <span class='ocrx_word' id='word_1_768' title='bbox 2116 4878 2238 4931; x_wconf 69' lang='lat' dir='ltr'><strong>vite</strong></span> <span class='ocrx_word' id='word_1_769' title='bbox 2266 4876 2463 4943; x_wconf 90' lang='lat' dir='ltr'><strong>editus,</strong></span> <span class='ocrx_word' id='word_1_770' title='bbox 2497 4876 2551 4930; x_wconf 91' lang='lat' dir='ltr'><strong>in</strong></span> <span class='ocrx_word' id='word_1_771' title='bbox 2581 4891 2688 4946; x_wconf 90' lang='lat' dir='ltr'><strong>quo</strong></span> <span class='ocrx_word' id='word_1_772' title='bbox 2712 4878 2947 4946; x_wconf 86' lang='lat' dir='ltr'><strong>episcopi</strong></span> <span class='ocrx_word' id='word_1_773' title='bbox 2977 4878 3080 4932; x_wconf 88' lang='lat' dir='ltr'><strong>hoc</strong></span> <span class='ocrx_word' id='word_1_774' title='bbox 3105 4877 3296 4931; x_wconf 89' lang='lat' dir='ltr'><strong>ordine</strong></span> <span class='ocrx_word' id='word_1_775' title='bbox 3325 4893 3513 4933; x_wconf 81' lang='lat' dir='ltr'><strong>recen-</strong></span> 
     </span>
    </p>
   </div>
   <div class='ocr_carea' id='block_1_104' title="bbox 1932 4964 3514 5036">
    <p class='ocr_par' dir='ltr' id='par_1_104' title="bbox 1932 4964 3514 5036">
     <span class='ocr_line' id='line_1_104' title="bbox 1932 4964 3514 5036; baseline -0.001 -14"><span class='ocrx_word' id='word_1_776' title='bbox 1932 4976 2140 5022; x_wconf 89' lang='lat' dir='ltr'><strong>sentur.</strong></span> <span class='ocrx_word' id='word_1_777' title='bbox 2179 4964 2504 5035; x_wconf 87' lang='lat' dir='ltr'><strong>Simpertus,</strong></span> <span class='ocrx_word' id='word_1_778' title='bbox 2542 4965 2739 5031; x_wconf 85' lang='lat' dir='ltr'><strong>Hanto,</strong></span> <span class='ocrx_word' id='word_1_779' title='bbox 2775 4965 2996 5036; x_wconf 87' lang='lat' dir='ltr'><strong>Nidger,</strong></span> <span class='ocrx_word' id='word_1_780' title='bbox 3038 4965 3325 5032; x_wconf 85' lang='lat' dir='ltr'><strong>Odalman,</strong></span> <span class='ocrx_word' id='word_1_781' title='bbox 3360 4965 3514 5036; x_wconf 63' lang='lat' dir='ltr'><strong>Wigi</strong></span> 
     </span>
    </p>
   </div>
   <div class='ocr_carea' id='block_1_105' title="bbox 1932 5052 3586 5126">
    <p class='ocr_par' dir='ltr' id='par_1_105' title="bbox 1932 5052 3586 5126">
     <span class='ocr_line' id='line_1_105' title="bbox 1932 5052 3586 5126; baseline 0.001 -17"><span class='ocrx_word' id='word_1_782' title='bbox 1932 5071 2046 5126; x_wconf 86' lang='lat' dir='ltr'><strong>ger,</strong></span> <span class='ocrx_word' id='word_1_783' title='bbox 2093 5054 2287 5116; x_wconf 84' lang='lat' dir='ltr'><strong>Lanto,</strong></span> <span class='ocrx_word' id='word_1_784' title='bbox 2334 5054 2623 5123; x_wconf 83' lang='lat' dir='ltr'><strong>Adalpero,</strong></span> <span class='ocrx_word' id='word_1_785' title='bbox 2675 5053 2900 5120; x_wconf 81' lang='lat' dir='ltr'><strong>Hiltine,</strong></span> <span class='ocrx_word' id='word_1_786' title='bbox 2947 5052 3287 5109; x_wconf 86' lang='lat' dir='ltr'><strong>Oudalricus.</strong></span> <span class='ocrx_word' id='word_1_787' title='bbox 3343 5055 3514 5111; x_wconf 88' lang='lat' dir='ltr'><strong>Lanto</strong></span> <span class='ocrx_word' id='word_1_788' title='bbox 3579 5056 3586 5084; x_wconf 75' lang='lat'><strong>&#39;-</strong></span> 
     </span>
    </p>
   </div>
   <div class='ocr_carea' id='block_1_106' title="bbox 1932 5143 3514 5214">
    <p class='ocr_par' dir='ltr' id='par_1_106' title="bbox 1932 5143 3514 5214">
     <span class='ocr_line' id='line_1_106' title="bbox 1932 5143 3514 5214; baseline -0.001 -14"><span class='ocrx_word' id='word_1_789' title='bbox 1932 5146 2207 5201; x_wconf 88' lang='lat' dir='ltr'><strong>basilicam</strong></span> <span class='ocrx_word' id='word_1_790' title='bbox 2249 5144 2433 5200; x_wconf 87' lang='lat' dir='ltr'><strong>Sancti</strong></span> <span class='ocrx_word' id='word_1_791' title='bbox 2478 5143 2652 5214; x_wconf 85' lang='lat' dir='ltr'><strong>Magni</strong></span> <span class='ocrx_word' id='word_1_792' title='bbox 2703 5162 2720 5194; x_wconf 82' lang='lat' dir='ltr'><strong>t</strong></span> <span class='ocrx_word' id='word_1_793' title='bbox 2759 5146 2949 5212; x_wconf 89' lang='lat' dir='ltr'><strong>quinto</strong></span> <span class='ocrx_word' id='word_1_794' title='bbox 2990 5156 3134 5196; x_wconf 90' lang='lat' dir='ltr'><strong>anno</strong></span> <span class='ocrx_word' id='word_1_795' title='bbox 3172 5144 3514 5213; x_wconf 86' lang='lat' dir='ltr'><strong>episcopatus</strong></span> 
     </span>
    </p>
   </div>
  </div>
