3972 5428
465 196 598 254 1007

1489 204 1546 260 S.
1593 206 1915 265 UDALRICI
1954 206 2356 262 AUGUS‘I'ANI
2398 204 2726 260 EPISCUI’I.

3575 204 3697 261 1008

462 333 530 372 ex
560 330 670 388 quo
694 314 904 387 potiora
949 331 1002 370 in
1034 314 1221 386 Elogio
1246 325 1422 374 sancti
1453 316 1631 389 Magni
1662 318 2037 374 delibavimus.
2069 323 2112 380 Α
2144 324 2261 384 post
2291 316 2455 370 vitam
2484 323 2539 370 et
2569 312 2828 368 miracula
2870 310 3186 367 referemus.
3219 311 3496 369 Liudolfus
3533 325 3695 372 autem

459 407 723 463 Lantonis
741 407 944 462 obitum
966 405 1262 463 Bruscbius
1282 408 1567 479 consignat
1591 423 1733 464 anno
1755 409 1896 475 877;
1929 424 2035 478 quo

462 514 607 553 anno
633 497 1023 553 Udelmannum
1061 498 1113 555 ei
1150 498 1426 571 subrogat.
1458 500 1796 556 Udelmanno
1829 519 1847 554 ι
1882 500 2036 557 Wid-

461 588 644 659 garius
686 602 781 643 seu
821 586 1148 659 Widog’erus
1191 588 1360 646 abbas
1405 591 1720 646 monasterii
1770 590 2032 648 Uttenbu-

460 677 578 732 rani
604 675 959 749 (Oltenbour),
986 679 1185 735 eximie
1221 681 1410 737 doctus
1447 691 1503 737 et
1538 683 1980 750 humanissimus,
2009 702 2029 737 ι

458 768 785 825 successisse
813 769 1015 825 dicitur
1047 785 1191 826 anno
1220 771 1340 828 888.
1377 771 1621 829 Vidimus
1658 775 1867 844 insigne
1892 776 2033 831 istud

458 856 712 914 ditecesis
746 858 1074 930 Augustam}:
1109 863 1519 928 monasterium,
1562 863 1616 918 in
1661 878 1877 921 ammno
1916 865 2034 923 loco

454 947 620 1002 situm
666 948 735 1004 ad
781 947 1050 1005 Gunzium
1082 949 1300 1023 (Gnulz)
1339 968 1574 1019 amnem,
1619 953 2034 1025 elegantissimis

454 1036 698 1093 aediﬁciis
731 1037 1076 1105 instructum,
1107 1038 1269 1107 cujus.
1284 1041 1386 1098 loci
1416 1043 1636 1100 basilica
1662 1044 1866 1100 sanctis
1893 1061 2035 1099 mar-

455 1127 668 1199 tyribus
711 1128 1022 1185 Alexandro
1064 1139 1118 1186 et
1167 1131 1471 1199 Theodoro,
1515 1149 1744 1204 quorum
1792 1135 2035 1206 reliquiae

448 1217 581 1274 istic
630 1218 922 1284 habentur,
978 1220 1223 1278 dedicata
1278 1223 1652 1281 est.'Primus
1708 1224 1809 1281 loci
1867 1227 2034 1282 abbas

455 1307 636 1373 Totto,
662 1325 825 1380 quem
866 1327 963 1381 pro
997 1322 1186 1367 sancto
1215 1313 1435 1378 habent,
1467 1315 1679 1370 tametsi
1717 1315 2036 1371 anniversa-

456 1397 541 1453 rio
565 1398 692 1453 huic
717 1398 893 1455 ollicio
918 1400 1211 1470 quotannis
1240 1411 1545 1470 parentant.
1577 1403 1652 1458 De
1679 1418 1743 1458 eo
1766 1403 1818 1457 in
1842 1402 2035 1458 Calen-

454 1489 608 1544 dario
634 1488 1027 1555 Uttcnburano,
1056 1509 1073 1542 ι
1101 1506 1197 1544 xui
1220 1490 1338 1545 Kal.
1360 1491 1637 1560 Decemb.,
1661 1493 1821 1548 Totto
1843 1502 2033 1548 noster

453 1579 639 1643 abbas,
666 1579 760 1650 qui
805 1596 1004 1651 corpus
1045 1581 1219 1636 sancti
1259 1581 1550 1637 Alexandri
1592 1584 1697 1640 huc
1743 1584 1945 1647 attulit,
1977 1594 2031 1639 et

2144 404 2446 473 episcopus,
2483 403 2574 473 qui
2621 401 2891 473 pontiﬁcis
2925 398 3078 471 jussu
3115 418 3307 471 corpus
3340 404 3518 458 sancti
3552 404 3696 460 Udal-

2144 493 2241 547 rici
2272 493 2477 548 tumulo
2505 492 2718 556 extulit,
2749 492 3045 546 oratorium
3091 492 3143 544 iu
3184 480 3298 559 ejus
3340 492 3545 547 honore
3578 510 3697 548 con-

2144 584 2363 648 struxit,
2396 592 2533 639 teste
2560 583 2986 653 Chronograpbo
3029 580 3492 653 Magdeburgensi.
3522 584 3584 638 Et
3620 588 3699 641 hic

2143 687 2273 728 sane
2298 674 2470 728 honor
2491 688 2555 729 eo
2583 672 2772 741 majori
2795 671 3225 726 consideratione
3250 673 3444 742 dignus
3464 684 3547 727 est
3570 678 3699 744 quod

2143 765 2402 821 solemnis
2444 766 2544 820 iste
2588 765 2943 820 canonizandi
2993 764 3090 835 (ut
3131 763 3455 833 loquuntur)
3504 766 3635 819 ritus
3670 783 3698 822 ει

2142 864 2328 910 sancto
2352 855 2607 911 Udalrico
2647 855 2857 909 initium
2899 854 3129 925 cmpisse
3154 855 3425 919 videatur,
3447 866 3508 909 ut
3535 857 3584 910 in
3611 859 3699 911 lm-

2134 944 2287 1014 jusce
2317 946 2443 1001 tomi
2476 945 2787 1015 praefatione
2814 946 3184 1014 exposuimus,
3212 944 3507 1014 praebabita
3538 946 3699 1016 inqui-

2140 1035 2336 1090 sitione
2383 1035 2450 1089 de
2498 1036 2615 1105 ejus
2663 1036 2773 1090 vita
2821 1044 2876 1090 et
2924 1035 3219 1100 miraculis,
3250 1050 3371 1107 qum
3418 1037 3471 1089 in
3504 1036 3700 1093 duobus

2141 1126 2486 1197 sequentibus
2511 1127 2666 1181 libris
2695 1125 3064 1197 proferuntur.
3105 1126 3237 1181 lllud
3263 1129 3432 1182 etiam
3458 1127 3697 1183 observa-

2142 1215 2288 1270 tione
2327 1230 2433 1270 non
2484 1215 2762 1287 indignum
2803 1216 2947 1286 quod
2972 1214 3264 1287 Gregorius
3293 1232 3431 1287 papa
3465 1217 3548 1271 VII
3574 1218 3702 1272 Hen-

2141 1306 2253 1361 rico
2294 1305 2624 1375 Aquileieusi
2667 1307 2942 1377 episcopo,
2974 1307 3065 1376 qui
3100 1316 3259 1361 antea
3289 1308 3582 1362 eanonicus
3604 1307 3698 1362 Au-

2139 1404 2398 1468 gustanus
2424 1395 2619 1463 fuerat,
2648 1413 2801 1452 usum
2832 1398 2979 1466 pallii
3016 1399 3283 1459 concedit,
3318 1407 3523 1469 prmter
3559 1401 3697 1467 alias,

2144 1505 2162 1537 ι
2200 1487 2251 1541 in
2283 1487 2666 1544 festivitatibus
2708 1490 2847 1545 beati
2886 1487 3124 1544 Udalrici
3156 1489 3489 1545 confessoris
3515 1491 3696 1547 Christi

2140 1586 2299 1646 atque
2334 1577 2623 1648 pontiﬁcis,
2652 1588 2706 1633 et
2734 1578 2909 1634 beata:
2947 1578 3091 1633 Afrae
3121 1580 3405 1651 martyris,
3441 1600 3461 1631 ι
3504 1591 3561 1635 ιιι
3588 1581 3698 1652 legi-

453 1669 606 1739 cujus
643 1678 899 1740 parentes
939 1669 1117 1726 locum
1165 1669 1328 1725 istum
1382 1669 1766 1727 fundaverant.
1797 1690 1817 1725 ι
1867 1670 1933 1727 Ει
1977 1671 2029 1727 in
2063 1663 2107 1721 Β
2138 1675 2224 1720 tur
2260 1668 2312 1721 in
2354 1666 2448 1722 lib.
2478 1684 2530 1723 vr
2563 1669 2788 1740 cpistola
2835 1669 2923 1726 58.
2955 1670 3033 1724 Ita
3080 1685 3208 1727 vero
3246 1670 3488 1728 Udalrici
3523 1689 3696 1728 nomen

450 1758 601 1816 brevi
644 1759 914 1816 Chronico
959 1764 1025 1817 ad
1068 1761 1249 1833 cyclos
1286 1763 1571 1832 paschales
1603 1780 1618 1818 :
1653 1783 1671 1816 ε
1703 1765 1860 1819 Anno
1891 1765 2032 1821 1165

452 1851 614 1907 'l‘otto
644 1852 924 1923 sepelitur,
965 1871 985 1905 ι
1021 1852 1074 1908 id
1101 1862 1184 1909 est
1210 1852 1556 1921 transfertur,
1593 1873 1613 1906 ι
1649 1863 1703 1911 et
1734 1854 2031 1926 principale

450 1941 626 1996 altare
695 1941 998 1998 dedicatur.
1046 1962 1065 1995 ο
1128 1941 1431 1998 Fundatum
1498 1953 1583 2002 est
1641 1946 2028 2001 monasterium

446 2044 594 2099 anno
622 2028 746 2085 764.
777 2030 915 2087 Huic
961 2029 1250 2088 Udalricus
1293 2033 1601 2091 libertatem
1651 2037 1913 2100 restituit,
1960 2051 2029 2092 ex

450 2119 730 2190 sequentis
760 2120 897 2175 Vita:
932 2136 1051 2191 cap.
1085 2121 1176 2177 25.
1222 2121 1431 2190 Porro,
1478 2132 1537 2179 ut
1583 2125 1649 2179 ad
1695 2126 2027 2197 propositum

440 2209 693 2281 redeam,
739 2210 1050 2283 Widgarius
1091 2228 1234 2270 anno
1264 2214 1388 2279 898,
1422 2222 1483 2269 ut
1526 2223 1678 2277 notat
1717 2216 2025 2284 Bruschius,

450 2298 818 2359 Helvetiorum
865 2304 1147 2376 reliquiis,
1192 2307 1500 2378 gentilismo
1560 2309 1723 2365 etiam
1776 2318 1902 2366 tunc
1946 2309 2029 2365 in-

460 2392 631 2459 lectis,
657 2393 1024 2452 Christianam
1066 2397 1353 2453 veritatem
1396 2399 1720 2470 praedicasse
1761 2416 2028 2456 memora-

439 2497 561 2559 τίειν,
592 2482 661 2539 ob
708 2482 761 2539 id
816 2502 835 2536 ‹
878 2483 1244 2542 Helvetiorum
1299 2489 1588 2559 Apostolus
1626 2509 1646 2543 ι
1705 2489 2025 2561 appellatus.

438 2572 786 2646 ,Widgarium
827 2591 972 2634 anno
1009 2578 1115 2633 902
1156 2580 1369 2651 excepit
1396 2581 1684 2647 Adalbero,
1716 2596 1875 2650 quem
1907 2597 2026 2639 mo-

440 2664 681 2733 nachum
734 2665 1210 2738 Elewangensem,
1265 2677 1428 2739 atque
1482 2670 1733 2727 abbatem
1785 2672 2025 2742 ejusdem

448 2753 550 2810 loci
581 2754 742 2810 simul
780 2765 836 2812 et
872 2758 1183 2828 episcopum
1233 2759 1400 2816 fuisse
1438 2758 1734 2817 Bruscbius
1776 2770 2024 2817 testatur.

452 2862 471 2895 ι
504 2843 628 2900 Fuit
656 2844 758 2910 vir,
798 2845 974 2918 inquit
1014 2847 1156 2904 idem
1201 2858 1410 2916 auctor,
1452 2850 1650 2909 eximie
1694 2853 1906 2920 doctus,
1936 2868 2026 2908 ex-

448 2932 649 2995 cellens
673 2936 936 3000 musicus,
967 2937 1367 2995 San-Gallensis
1404 2942 1719 2998 monasterii
1759 2942 2025 3006 liberalis-

2135 1754 2348 1811 celebre
2397 1759 2601 1829 evasit,
2647 1766 2705 1813 ut
2751 1760 3070 1815 vocabulum
3118 1770 3171 1815 et
3219 1762 3437 1817 titulum
3484 1764 3694 1835 primum

2134 1845 2389 1903 indiderit
2421 1846 2665 1905 ecclesia:
2698 1864 2762 1905 ac
2793 1850 3123 1907 monasterio
3149 1852 3365 1908 Sanctae
3389 1854 3537 1925 Atra:
3572 1856 3694 1924 apud

2130 1936 2430 2011 Augustam
2502 1940 2833 2011 perinsigni,
2893 1942 3035 2011 quod
3105 1942 3263 1998 modo
3303 1945 3494 1999 Sancti
3551 1944 3691 2000 Udal-

2135 2028 2230 2082 rici
2265 2028 2351 2100 (S.
2397 2028 2562 2101 Ulric)
2592 2040 2648 2086 et
2670 2029 2886 2087 Sanctae
2918 2030 3063 2087 Afra:
3106 2042 3456 2105 nuncupatur
3492 2033 3560 2089 ob
3594 2034 3693 2104 ejus

2131 2119 2184 2173 in
2210 2135 2275 2175 eo
2299 2120 2418 2177 loco
2443 2122 2775 2192 sepulturam
2804 2139 2868 2178 ac
2891 2124 3313 2179 venerationem.
3346 2124 3511 2179 Hunc
3538 2125 3690 2180 locum

2129 2208 2411 2265 monachis
2457 2210 2823 2268 Benedictinis
2866 2228 3011 2267 anno
3050 2212 3187 2268 1012
3222 2215 3500 2270 concessit
3534 2214 3693 2269 Bruno

2128 2300 2415 2371 episcopus
2442 2301 2810 2371 Augustanus,
2843 2305 3135 2374 prmposito
3172 2305 3366 2360 abbate
3403 2306 3577 2376 primo
3603 2305 3692 2360 Re.

2128 2388 2401 2457 ginbaldo,
2433 2406 2593 2460 quem
2632 2388 2942 2446 Bernartius
2976 2390 3351 2448 liertfelderus
3392 2393 3688 2449 monasterii

2130 2477 2278 2545 prior
2300 2487 2546 2533 sanctum
2580 2489 2732 2535 vocat
2759 2481 2810 2535 in
2835 2496 2930 2536 sua
2964 2482 3184 2537 basilica
3211 2494 3528 2538 sanctorum
3552 2484 3691 2540 Udal-

2129 2566 2226 2621 rici
2253 2576 2307 2622 et
2333 2567 2498 2635 Afra),
2526 2579 2581 2626 et
2620 2585 2688 2626 ex
2728 2571 3157 2643 Kiburgensibus
3191 2575 3510 2639 comitibus,
3540 2576 3589 2629 id
3621 2585 3690 2630 cst

2131 2654 2365 2713 Udalrici
2411 2669 2588 2732 gente,
2627 2662 2932 2716 oriundum.
2979 2662 3312 2733 Reginbaldo
3361 2666 3546 2721 abbati
3585 2680 3689 2721 suc-

2126 2749 2294 2804 cessit
2324 2751 2467 2821 Dego
2496 2767 2637 2806 anno
2668 2752 2825 2807 1015.
2857 2751 3057 2824 choni
3103 2765 3222 2825 post
3264 2755 3563 2811 triennium
3595 2755 3686 2810 Ga-

2126 2839 2413 2911 desgenus,
2446 2850 2500 2895 et
2523 2850 2643 2912 post
2687 2842 2958 2897 biennium
2994 2842 3347 2900 Frideboldus
3391 2861 3541 2900 anno
3570 2844 3686 2901 1050

2128 2943 2377 2991 mortuus
2406 2952 2419 2989 :
2450 2950 2558 3006 quo
2586 2936 2892 3006 postulante
2927 2936 3101 2993 Berno
3141 2938 3357 2992 tertiam
3410 2941 3481 2995 de
3523 2949 3687 2994 saneto

447 3024 616 3080 simus
645 3018 979 3094 benefactor,
1005 3029 1178 3086 sancti
1201 3028 1369 3087 Ulrici
1399 3047 1492 3087 seu
1518 3031 1754 3089 Udalrici
1776 3034 2025 3091 alumnus

2136 3025 2383 3082 Udalrico
2411 3005 2757 3098 scriptionem
2786 3042 3073 3098 aggressus
3106 3039 3210 3083 est.
3254 3028 3310 3082 lu
3338 3031 3533 3085 eadem
3570 3030 3690 3084 basi-

446 3122 501 3166 et
530 3113 871 3173 informator.
904 3135 923 3170 ι
957 3119 1352 3177 Adaiberonem
1399 3123 1573 3178 sancti
1618 3123 1756 3178 Galli
1800 3124 2024 3180 fratrem

446 3206 815 3278 conscriptum
891 3202 1443 3268 beneﬁcentissimum
1513 3214 1787 3270 exstitisse
1861 3216 2028 3271 tradit

447 3292 800 3353 Ekkehardus
834 3312 957 3369 cap.
989 3299 1044 3366 5,
1084 3299 1385 3370 probatque
1410 3299 1623 3359 libellus
1650 3304 1718 3358 de
1746 3303 2026 3359 Fratribus

447 3384 777 3457 conscriptis
821 3394 968 3443 tomo
1005 3388 1049 3444 ll
1094 3391 1233 3461 apud
1272 3390 1585 3447 Goldastum
1629 3407 1751 3463 pag.
1786 3393 1906 3457 181,
1935 3393 2026 3448 ubi

444 3473 718 3541 ‘Adalbero
762 3492 907 3534 anno
951 3478 1055 3536 908
1099 3481 1166 3536 ad
1204 3479 1462 3537 Sanctum
1492 3482 1705 3539 Gallum
1751 3483 1805 3538 in
1844 3483 2026 3556 vigilia

449 3563 621 3634 ipsius
645 3568 820 3625 sancti
852 3571 1067 3635 venisse
1094 3572 1311 3639 dicitur,
1351 3591 1372 3624 α
1392 3572 1583 3643 juncto
1610 3575 1711 3630 sibi
1741 3575 2027 3632 mitissimo

446 3656 779 3716 Sebonensis
819 3660 1073 3720 Ecclesia:
1107 3663 1518 3735 (Sabionensem
1556 3665 1771 3740 [Seben]
1813 3667 1887 3740 [v.
1920 3685 2028 3723 me-

446 3755 580 3818 trop.
627 3746 826 3820 Salisp.
867 3766 921 3822 p.
951 3751 1080 3825 459]
1112 3753 1201 3809 alii
1239 3753 1530 3827 appellant,
1563 3772 1707 3813 nunc
1741 3757 2025 3813 Brixinen-

446 3836 585 3906 sem)
618 3838 862 3894 antistite
893 3839 1259 3913 Meginberto;
1296 3863 1315 3897 ι
1359 3859 1424 3901 ac
1453 3844 1629 3901 locum
1675 3846 1841 3901 variis
1870 3846 2027 3901 donis

441 3926 825 3999 locupletasse.
847 3931 926 3988 Eo
947 3935 1166 3989 sedente
1189 3934 1476 3992 Udalricus
1501 3951 1644 3992 anno
1666 3937 1771 3993 909
1800 3937 2025 3993 Romam

443 4017 752 4087 profectus,
800 4020 919 4092 ejus
963 4030 1195 4079 mortem
1236 4024 1425 4081 didicit
1462 4041 1491 4081 a
1523 4026 1796 4097 pontiﬁce,
1835 4043 1866 4083 a
1897 4044 2024 4100 quo,

443 4123 565 4162 cum
599 4109 667 4163 ad
704 4111 1105 4182 suscipiendum
1141 4114 1510 4186 episcopatum
1552 4116 1735 4174 induci
1782 4133 1887 4174 non
1926 4134 2023 4189 po-

443 4196 660 4257 tuisset.
685 4196 921 4253 lliltinus
963 4199 1180 4256 interim
1224 4202 1550 4260 substitutus
1591 4213 1693 4260 est.
1735 4206 1839 4272 Qui
1884 4222 2026 4263 anno

443 4285 549 4339 924
596 4289 1108 4355 mortuusﬂandem
1154 4290 1333 4348 locum
1372 4292 1501 4349 fecit
1533 4294 1817 4361 Udalrico,
1860 4312 2021 4367 quem

442 4394 554 4448 pra:
586 4379 839 4436 manibus
867 4381 1150 4440 habemus.
1181 4383 1233 4441 Is
1261 4386 1305 4441 si
1334 4386 1465 4456 quid
1492 4386 1709 4443 humani
1752 4387 1805 4442 in
1847 4390 2024 4444 studio

439 4486 568 4542 erga
614 4479 864 4543 nepotem
903 4489 1059 4530 suum
1092 4475 1511 4544 Adalberouem,
1541 4493 1701 4548 quem
1738 4495 2022 4536 successo-

442 4575 557 4615 rem
606 4561 929 4631 designavit,
965 4578 1157 4634 passus
1202 4573 1307 4632 est,
1350 4566 1572 4624 indubie
1620 4577 1747 4625 ante
1794 4579 2021 4625 mortem

440 4649 622 4718 diluit,
652 4665 776 4707 cum
814 4652 986 4724 ipsius
1023 4655 1235 4726 nepotis
1267 4669 1650 4726 praematuram
1695 4669 1920 4715 mortem
1966 4660 2021 4716 in

438 4741 776 4807 poenitentim
798 4745 1098 4801 remedium
1127 4749 1418 4806 convertit.

445 4885 453 4892 _
512 4829 568 4882 8.
609 4828 883 4886 Caeterum
911 4833 1197 4891 Udalricus
1230 4836 1413 4891 statim
1455 4852 1487 4892 a
1529 4853 1628 4894 suo
1669 4839 1839 4909 ipsius
1873 4841 2024 4896 obitu

442 4918 639 4974 merito
675 4932 897 4979 sanctus
937 4925 1116 4983 dictus
1153 4929 1500 5000 creditusque
1528 4939 1630 4986 est.
1664 4930 1798 4986 Nam
1827 4941 2027 5001 prretcr

441 5011 559 5080 ejus
596 5011 718 5068 vita:
757 5015 1079 5085 scriptores,
1121 5016 1488 5076 llartmannus
1536 5020 1591 5076 in
1631 5021 1783 5077 Actis
1823 5033 2024 5079 sanctae

446 5100 755 5159 Wiboradae
795 5106 1047 5176 superius
1092 5109 1361 5175 adductis,
1390 5111 1614 5181 aequalis
1646 5122 1856 5177 auctor,
1896 5128 2025 5168 san-

2131 3116 2234 3172 lica
2266 3129 2615 3174 asservantur
2653 3119 2826 3174 sancti
2858 3117 3094 3176 Udalrici
3125 3120 3386 3190 reliquiae,
3422 3136 3607 3192 magna
3630 3135 3688 3175 ex

2129 3217 2283 3277 parte
2309 3210 2410 3266 sub
2440 3209 2555 3279 ejus
2582 3225 2697 3276 ara,
2727 3211 2780 3265 in
2823 3225 2929 3282 qua
2965 3225 3182 3269 sacrum
3226 3212 3407 3267 facere
3439 3214 3588 3268 nobis
3610 3214 3688 3266 da-

2132 3309 2241 3355 tum
2277 3309 2386 3366 est,
2415 3303 2727 3369 recondita),
2761 3312 2957 3373 praeter
2986 3313 3173 3373 caput,
3205 3304 3422 3373 aliaque
3455 3304 3684 3358 nonnulla

2130 3391 2491 3460 peculiaribus
2559 3392 2829 3448 scriniolis
2882 3391 3118 3459 inclusa,
3167 3408 3395 3461 quorum
3460 3403 3681 3462 ectypum

2127 3478 2345 3535 exhibet
2375 3478 2761 3546 Hertfelderus,
2789 3480 2866 3534 uti
2906 3488 2961 3534 et
2987 3480 3192 3545 calicis,
3222 3475 3608 3563 casulazfslola’.
3641 3488 3686 3532 et

2130 3570 2391 3640 manipuli
2431 3579 2595 3641 atque
2624 3570 2946 3637 daluiaticae,
2978 3571 3175 3642 quibus
3205 3572 3287 3625 vir
3312 3580 3536 3626 sanctus
3573 3584 3685 3625 usus

2126 3670 2231 3716 est.
2262 3660 2318 3716 ln
2350 3663 2679 3721 monasterio
2710 3662 2942 3719 Murcus:
2983 3662 3112 3717 item
3149 3662 3266 3732 ejus
3304 3662 3444 3717 stola
3477 3671 3533 3718 et
3557 3675 3687 3731 quae.

2129 3751 2254 3807 dam
2284 3750 2529 3819 reliquiae
2569 3762 2878 3807 servantur.
2913 3753 2989 3808 De
3034 3751 3203 3821 ipsius
3245 3752 3555 3807 inventione
3582 3758 3687 3820 post

2127 3841 2326 3897 librum
2357 3841 2735 3897 llliraculorum
2767 3841 3053 3913 agendum.

2200 3936 2254 3991 9.
2288 3936 2364 3990 De
2388 3936 2712 4005 quibusdam
2737 3936 2974 4007 scriptis,
3004 3949 3125 4003 quae
3159 3932 3415 3990 Udalrico
3456 3935 3683 3990 tribunno

2130 4034 2235 4089 tur,
2259 4025 2435 4081 dubia:
2469 4026 2757 4080 admodum
2786 4034 2844 4080 et
2882 4025 3103 4080 incerta:
3129 4034 3252 4078 sunt
3281 4023 3612 4092 conjectum.
3636 4022 3684 4076 ln

2132 4118 2216 4172 bis
2243 4127 2327 4173 est
2358 4136 2376 4170 ι
2413 4132 2593 4173 sermo
2618 4114 2894 4187 synodalis
2923 4115 3269 4186 parochianis
3295 4113 3615 4185 presbyteris
3639 4112 3683 4164 iu

2129 4207 2352 4278 synodis
2370 4207 2758 4262 enuntiandus.
2789 4224 2808 4259 ι
2840 4205 3011 4273 Quem
3032 4203 3245 4260 Marcus
3269 4203 3521 4259 Velserus
3544 4200 3685 4257 UdaL

2132 4298 2226 4352 rici
2261 4312 2386 4352 esse
2424 4296 2776 4360 existimavit,
2805 4303 3089 4365 propterea
3131 4293 3274 4362 quod
3315 4292 3578 4362 pleneque
3616 4291 3685 4342 in-

2136 4388 2547 4456 terrogationes,
2583 4401 2721 4455 quas
2758 4384 3044 4440 Udalricus
3086 4382 3421 4454 presbyteris
3467 4383 3517 4435 in
3561 4379 3685 4449 ejus-

2134 4476 2274 4532 modi
2322 4479 2543 4553 synodis
2585 4477 2764 4531 facere
2803 4474 3028 4538 solebat,
3058 4482 3196 4529 teste
3238 4472 3480 4529 Gerardo
3517 4472 3568 4526 in
3606 4484 3685 4522 se-

2133 4569 2348 4638 quentis
2400 4568 2524 4622 libri
2570 4584 2691 4638 cap.
2738 4567 2802 4631 6,
2848 4565 3088 4635 praedicti
3149 4563 3419 4619 sermonis
3470 4563 3585 4633 (qui
3638 4561 3681 4611 in

2135 4667 2279 4714 tomo
2302 4657 2369 4713 ιχ
2398 4657 2763 4731 Conciliorum
2792 4656 3080 4711 Labbeano
3109 4654 3288 4709 editus
3326 4662 3410 4707 est
3437 4654 3535 4708 col.
3573 4649 3682 4713 803)

2135 4749 2644 4819 interrogationibus
2700 4746 3079 4815 respondeant.
3130 4744 3326 4798 Verum
3375 4742 3477 4796 dici
3530 4746 3683 4810 potx'st

2130 4841 2181 4896 id
2226 4856 2396 4912 genus
2438 4840 2922 4910 interrogationum
2964 4841 3199 4910 capitula
3230 4841 3299 4894 ab
3330 4838 3574 4894 Udalrico
3602 4849 3683 4888 ac-

2127 4941 2279 5000 cepta
2330 4929 2496 4987 fuisse
2538 4946 2604 4985 ex
2647 4932 2857 5002 vulgari
2903 4932 3134 4986 formula
3179 4931 3467 4993 sermonis,
3506 4928 3592 4997 qui
3633 4925 3678 4977 in

2128 5019 2432 5089 hujusmodi
2480 5019 2700 5089 synodis
2755 5021 2938 5089 baberj
2987 5020 3214 5075 solebat.
3250 5021 3315 5073 Et
3365 5029 3509 5075 certe
3554 5015 3676 5069 idem

2127 5126 2325 5179 sermo,
2351 5111 2537 5181 paucis
2579 5112 2898 5176 imnmtatis,
2928 5109 3092 5164 Leoni
3138 5126 3290 5181 papze
3322 5110 3387 5165 IV
3414 5105 3682 5163 ascribitur
