3972 5428
167 367 178 376 -
274 332 406 387 ltiO')

1831 331 1979 382 \'l'l'.\

3378 348 3518 401 10Σο

270 443 380 498 uati
429 452 555 499 sunt
601 452 888 500 novatores
924 459 989 500 ex
1031 445 1218 502 zEncze
1267 447 1418 502 Silvii
1467 447 1724 518 Apologia
1773 449 1838 502 ad
1869 451 1915 504 Α
1945 453 2173 519 curavit,
2205 469 2327 509 cum
2372 454 2681 527 frequenter
2717 455 3026 511 admonitus
3070 456 3384 528 resipiscere
3411 475 3509 516 no-

265 533 569 606 Mayerum,
600 535 687 589 ubi
719 537 1028 606 pontiﬁcem
1073 540 1141 592 ab
1182 537 1433 594 Udalrico
1473 541 1539 593 de
1581 539 1837 594 concubi-

265 625 350 676 nis
384 625 768 692 reprehensum
800 625 950 680 dicit.
981 627 1062 681 Ad
1099 643 1292 696 purum
1323 637 1685 683 commentum
1714 644 1843 684 cen-

263 720 345 766 set
377 713 660 776 Velserus;
690 722 799 766 tum
831 715 955 783 quia
988 715 1166 770 nullus
1197 725 1307 770 toto
1331 716 1569 772 Udalrici
1600 727 1839 786 tempore

262 801 518 858 Nicolaus
547 818 680 873 papa
724 803 983 860 Ecclesia:
1009 805 1266 861 Romanae
1293 807 1540 876 praefuit;
1574 816 1683 862 tum
1712 810 1836 878 quia

262 893 380 949 inec
409 894 596 950 dinem
622 898 786 952 verba
830 897 884 952 in
911 898 1180 968 aliquibus
1207 901 1486 956 codicibus
1521 917 1624 957 non
1654 903 1839 974 legun-

262 991 369 1046 tur,
395 984 696 1054 absuntque
728 985 796 1039 ab
823 987 1062 1042 editione
1091 988 1326 1044 Romana
1353 992 1480 1045 anni
1505 991 1671 1056 1584;
1703 1008 1841 1062 pra:-

259 1081 408 1127 tcrea
442 1073 716 1131 Gerardus
756 1078 958 1132 nullam
1003 1077 1164 1148 bujus
1205 1082 1645 1150 reprehensionis
1688 1098 1839 1138 meu-

260 1164 465 1217 tionem
510 1164 658 1219 facit.
705 1165 943 1222 Tametsi
994 1183 1098 1223 non
1146 1167 1338 1237 injuria
1374 1170 1479 1225 dici
1527 1180 1736 1241 potest,
1780 1172 1832 1226 id

256 1254 454 1307 radere
501 1271 659 1324 posse
690 1257 743 1310 in
772 1255 1036 1314 Joannem
1074 1259 1189 1328 XII,
1219 1276 1377 1330 quem
1422 1261 1640 1332 flagitiis
1685 1263 1835 1316 dedi-

255 1350 368 1395 tum
399 1343 528 1398 Otto
568 1343 791 1415 Magnus
836 1347 890 1402 in
930 1347 1201 1417 frequenti
1251 1349 1457 1421 synodo
1484 1349 1826 1406 exauctorari

284 1621 362 1633 —

1941 544 2152 600 luisset.

2009 637 2098 693 10.
2145 637 2253 692 Sed
2286 637 2400 707 jam
2443 640 2658 694 tandem
2700 639 2983 694 referenda
3020 648 3105 695 est
3131 639 3380 711 anonymi
3411 652 3504 695 seu

1938 729 2167 785 Gerardi
2200 729 2524 792 lucubratio,
2551 744 2712 799 quam
2757 729 3020 787 Baronius
3059 731 3272 787 caeteris
3313 731 3507 786 merito
3538 770 3540 772 τ

1938 819 2174 888 prtetulit
2200 821 2270 876 ob
2298 820 2721 892 simplicitatem,
2747 836 2864 890 qua:
2892 824 3134 878 veritatis
3163 821 3356 893 magis,
3379 835 3506 875 con-

1938 919 2194 964 sentanea
2239 919 2354 975 est;
2407 911 2697 981 laudatque
2741 912 2980 968 Marcum
3026 911 3324 976 Velserum,
3364 911 3504 981 apud

1935 1004 2277 1074 Augustanos
2317 1007 2481 1061 duum
2531 1007 2704 1062 virum
2752 1007 3181 1073 celeberrimum,
3224 1007 3314 1078 qui
3365 1007 3503 1060 hanc

1936 1097 2288 1166 scriptionem
2323 1118 2340 1150 ι
2365 1098 2474 1168 jatn
2503 1098 2772 1154 oblivione
2800 1099 3063 1170 sepultam
3093 1100 3232 1170 typis
3258 1099 3502 1154 cudendo

1935 1194 1991 1239 et
2033 1189 2173 1242 uotis
2220 1187 2559 1254 illustrando,
2591 1191 2862 1244 revocavit
2903 1189 2971 1245 ad
3018 1190 3200 1244 vitam.
3241 1207 3258 1241 ι
3301 1186 3376 1241 Ita
3420 1187 3505 1240 vir

1935 1274 2330 1335 illustrissimus
2358 1280 2424 1334 ad
2453 1295 2653 1334 annum
2680 1279 2806 1335 924.

1679 1869 2072 2007 VITA

792 2241 1660 2402 SANCTI
1803 2231 2948 2400 UDALRICI

1365 2639 1872 2709 AUGUSTAM
1925 2637 2358 2707 EPISCOPI.

1161 2919 1542 2983 AUCTORE
1585 2918 1976 2980 GERARDO
2015 2916 2574 2982 PRESBYTERO.

810 3183 986 3256 (Apud
1019 3183 1218 3242 Mabill.
1259 3184 1390 3242 Λεία
1429 3195 1735 3242 sanctorum
1777 3186 1978 3240 ordinis
2007 3185 2067 3241 S.
2103 3185 2300 3239 Beurd.
2337 3184 2474 3240 Sate.
2513 3184 2574 3248 V,
2616 3198 2743 3255 pag.
2773 3183 2924 3259 ll'i.)

1707 3429 1991 3441 ~—

310 3545 484 3598 Aurcs
521 3539 876 3607 plurimonm
907 3553 1032 3593 cum
1065 3537 1205 3592 fama
1239 3553 1625 3594 miraculorum
1669 3538 1824 3593 Chri-
1860 3535 1902 3589 B
1933 3547 1991 3592 ut
2020 3537 2368 3609 diligentibus
2405 3539 2572 3593 Deum
2604 3540 2850 3612 exempla
2891 3545 3268 3604 :editicattonis
3302 3563 3526 3622 antepo.

233 3633 332 3696 δεῖ,
375 3647 496 3702 qua:
543 3645 639 3700 per
681 3643 894 3685 servum
946 3645 1102 3684 suum
1145 3639 1390 3684 sanctum
1425 3629 1733 3686 Udalricum
1775 3631 1828 3682 ln

233 3723 495 3779 Lonorcm
524 3737 638 3776 suae
662 3720 1015 3775 sanctissimze
1039 3719 1319 3790 genitricis
1346 3719 1528 3774 Mariae
1557 3719 1671 3774 fieri
1702 3733 1831 3773 con-

233 3812 417 3876 cessit,
470 3810 909 3879 frcquentissime
959 3811 1233 3880 pulsaret,
1286 3820 1343 3866 et
1390 3811 1568 3866 adhuc
1619 3818 1830 3865 mentes

231 3918 421 3958 eorum
448 3901 714 3954 dubitatio
737 3909 1048 3970 occuparet,
1075 3901 1254 3955 missis
1295 3902 1360 3956 ad
1396 3917 1482 3956 me
1513 3902 1706 3972 legatis
1743 3915 1831 3955 re-

233 4007 354 4048 nm
403 3992 664 4046 veritates
708 4005 771 4045 ex
816 3991 950 4045 meis
1007 3992 1448 4062 responsionibus
1502 4007 1829 4063 cognoscere

232 4083 546 4152 cupiebant,
573 4075 829 4152 rogantes
851 4097 937 4136 me
960 4089 1018 4134 ιιι
1041 4097 1103 4136 ea
1127 4097 1246 4151 qua:
1268 4096 1367 4151 ego
1384 4083 1434 4137 in
1444 4083 1830 4152 ,veritatescire

231 4174 568 4242 potuissem.
626 4171 803 4227 lucida
861 4172 1227 4242 descriptione
1265 4174 1346 4228 eis
1394 4173 1821 4230 munifestarem.

227 4265 476 4334 Cumque
512 4266 958 4334 lnterrogantium
999 4275 1147 4319 tanta
1184 4265 1413 4335 pluritas
1464 4282 1550 4321 me
1589 4267 1827 4338 undique

231 4355 745 4426 lnterrogationibus
775 4356 1053 4420 cinxisset,
1097 4364 1156 4409 ut
1199 4357 1450 4410 omnibus
1480 4357 1827 4426 singulariter

229 4460 490 4516 responsa
520 4444 737 4514 scriptis
775 4445 906 4500 dare
950 4459 1054 4499 non
1095 4460 1254 4515 posse
1293 4446 1643 4510 aestimarem,
1681 4448 1823 4516 0οεὶ-

227 4543 344 4591 tare
385 4535 581 4591 tacitus
617 4538 754 4605 coapi
795 4537 935 4590 intra
978 4535 1375 4606 memetipsum,
1413 4545 1474 4590 ut
1505 4551 1624 4590 cum
1657 4538 1822 4591 tacita

227 4628 563 4698 experientia
593 4628 823 4697 experiri
855 4628 1180 4684 studuissem
1207 4629 1471 4699 originem
1503 4636 1655 4684 ortus
1685 4630 1821 4700 ejus,

229 4728 310 4787 ut,
335 4720 612 4788 descripto
626 4719 740 4789 ejus
760 4728 904 4782 ortu,
926 4720 1091 4773 vitam
1113 4720 1527 4790 subsequentem
1542 4728 1596 4774 et
1615 4721 1821 4775 obitum

227 4811 412 4866 veraci
453 4810 628 4864 relatu
676 4809 1137 4877 interrogantibus
1182 4819 1238 4864 et
1295 4810 1472 4880 legere
1519 4811 1824 4867 volentibus

1935 3635 2085 3693 nant,
2140 3637 2196 3683 et
2243 3629 2335 3683 Dei
2390 3641 2658 3700 praecepta
2715 3635 3096 3703 spernentibus
3149 3640 3523 3698 conversionis

1931 3718 2379 3786 emolumentum,
2407 3719 2488 3775 vel
2519 3720 2882 3777 damnationis
2910 3723 3408 3785 interminationem
3433 3732 3524 3785 ad-

1930 3817 2185 3878 augeant.
2225 3807 2329 3863 Ista
2351 3823 2452 3879 pro
2475 3819 2626 3865 certo
2656 3810 2710 3867 in
2746 3825 2932 3868 amore
2971 3813 3171 3870 Christi
3198 3815 3520 3888 legentibus,

1931 3900 2191 3954 auxilium
2221 3900 2314 3955 Dei
2340 3901 2725 3972 omnipotentis
2751 3903 2942 3959 adesse
2964 3904 3311 3971 confidimus,
3342 3916 3406 3964 ut
3425 3924 3526 3979 per

1931 4003 2148 4044 servum
2171 4003 2329 4044 suum
2353 3991 2463 4046 sint
2487 3991 2541 4045 in
2572 3991 2677 4046 isto
2705 3993 2903 4047 seculo
2926 3993 3073 4060 freti,
3097 4005 3169 4061 ct,
3191 4012 3256 4051 eo
3271 3997 3520 4068 juvante,

1932 4079 2065 4135 flant
2094 4081 2162 4136 ad
2187 4090 2390 4137 teterna
2420 4083 2614 4152 gaudia
2638 4084 2912 4152 perducti.
3321 4105 3324 4108 ’

1998 4173 2224 4243 Oportet
2245 4174 2512 4243 imprimis
2535 4190 2604 4232 ne
2631 4176 2958 4234 reticeamus
2984 4179 3116 4234 tanti
3147 4179 3374 4252 talisque
3395 4183 3521 4250 viri,

1929 4263 2136 4334 Spiritu
2185 4274 2373 4321 sancto
2415 4263 2669 4334 juvante,
2715 4270 2951 4326 nominis
2999 4270 3514 4341 interpretationem.

1929 4355 2195 4410 'l‘beutica
2227 4355 2409 4424 itaque
2441 4354 2623 4427 lingua
2650 4357 2940 4414 ltaereditas
2983 4374 3011 4412 a
3058 4363 3275 4430 proavis
3325 4363 3522 4421 dereli-

1927 4456 2015 4498 cta
2053 4444 2306 4499 Altuodal
2342 4445 2562 4513 dicitur,
2611 4445 2707 4500 Ric
2746 4448 2967 4504 divitias
3014 4460 3192 4516 sonat,
3239 4454 3360 4508 ideo
3412 4470 3520 4510 non

1928 4535 2223 4606 incongrue
2263 4534 2574 4592 Vodalricus
2604 4551 2633 4590 a
2661 4545 2886 4607 paterna
2917 4540 3233 4596 haereditate
3258 4543 3411 4599 dives
3440 4546 3522 4599 in-

1927 4629 2210 4697 terpretari
2239 4636 2433 4698 potest,
2467 4645 2590 4683 nam
2616 4630 2802 4684 aeterni
2830 4629 3009 4685 Patris
3038 4631 3356 4689 haereditate
3385 4636 3522 4690 dita-

1928 4729 2012 4774 tus
2051 4717 2250 4783 lloruit,
2276 4719 2344 4774 de
2383 4735 2490 4789 quo
2527 4718 2686 4774 Patre
2714 4721 2954 4788 quotidie
2984 4720 3035 4774 in
3060 4721 3308 4778 oratione
3335 4734 3522 4782 nostra

1926 4809 2184 4864 dicimus:
2217 4829 2234 4861 ι
2255 4808 2416 4864 Pater
2442 4817 2648 4873 noster,
2675 4808 2768 4879 qui
2791 4825 2853 4865 es
2881 4811 2934 4866 in
2951 4809 3124 4873 caelis,
3153 4829 3172 4862 ι
3194 4821 3300 4868 etc.
3327 4815 3408 4868 Ad
3428 4831 3522 4870 cu-

225 4901 484 4957 omnibus
522 4901 575 4954 in
618 4915 906 4955 commune
951 4898 1128 4954 facere
1172 4901 1490 4970 petuissem,
1535 4917 1641 4957 non
1688 4903 1822 4956 meis
1855 4899 1894 4954 C
1920 4899 2007 4968 jus
2035 4899 2367 4956 hzereditatis
2396 4905 2615 4955 sanctus
2640 4897 2838 4955 Paulus
2883 4900 3287 4972 possessionem
3331 4903 3386 4958 in
3427 4905 3523 4957 Dei

224 4990 673 5047 antecedentibus
696 4989 903 5045 meritis
923 4988 1218 5054 conﬁdens,
1243 5007 1339 5046 nec
1361 4992 1643 5062 sagacitati
1670 5007 1824 5047 men-

225 5087 294 5142 tis
342 5098 502 5148 meae,
549 5083 642 5138 sed
702 5083 754 5137 in
807 5080 907 5134 Dei
963 5082 1389 5137 misericordiam
1441 5087 1826 5155 omnipotentis

221 5191 476 5248 sperans,
502 5174 590 5244 qui
619 5173 782 5228 dixit:
821 5170 1012 5237 «Aperi
1037 5185 1098 5225 os
1126 5180 1298 5236 tuum,
1317 5182 1371 5227 et
1400 5188 1500 5244 ego
1521 5175 1826 5245 adimplebo

219 5270 350 5326 illud
387 5287 400 5334 ;
441 5287 459 5319 ι
505 5279 560 5320 ut
609 5282 704 5336 per
734 5263 930 5319 merita
961 5260 1168 5332 praefati
1213 5264 1451 5334 episc0pi
1509 5267 1828 5338 irrigatione

220 5361 459 5428 Spiritus
499 5357 670 5410 sancti
700 5365 754 5410 et
783 5352 952 5407 divini
980 5353 1120 5420 ignis
1152 5348 1364 5408 fervore
1400 5370 1618 5412 sensum
1646 5375 1824 5413 meum

1929 4993 2202 5047 voluntate
2229 4999 2641 5060 perseverantes
2683 4991 3020 5054 consolatur,
3074 4990 3264 5045 dicens
3295 5009 3310 5046 :
3341 4991 3528 5047 "wre-

1927 5084 2016 5138 des
2049 5081 2260 5150 quidem
2281 5082 2403 5149 Dei,
2422 5078 2714 5136 cohaeredes
2744 5090 2923 5136 autem
2951 5077 3152 5133 Christi
3182 5077 3364 5148 (Rom.
3398 5097 3527 5147 mt;

1928 5177 1954 5231 1
1989 5174 2113 5229 Cor.
2149 5175 2208 5243 ιι)
2240 5191 2255 5240 ;
2283 5178 2350 5232 de
2388 5191 2492 5247 qua
2525 5171 2684 5226 etiam
2727 5171 3047 5230 haereditate
3096 5168 3361 5240 scriptum
3399 5186 3482 5230 est
3510 5193 3528 5228 :

1932 5265 2084 5333 Quod
2113 5265 2294 5319 oculus
2324 5283 2425 5320 non
2449 5263 2595 5326 vidit,
2627 5276 2719 5314 nec
2754 5266 2902 5319 auris
2926 5258 3155 5321 audivit,
3205 5277 3299 5316 nec
3343 5263 3397 5317 in
3441 5277 3533 5316 cor

1933 5354 2158 5411 hominis
2195 5357 2426 5410 ascendit
2447 5367 2563 5423 qua:
2590 5357 2907 5420 pra'paravit
2941 5351 3087 5406 Deus
3113 5347 3450 5420 diligentibus
3477 5367 3532 5406 se
