3972 5428
412 386 545 446 ΙιἮ

1398 375 1451 431 S.
1498 366 1817 429 lfDALRlCl
1881 355 2278 417 AlTCUSTANl
2326 358 2651 415 EPISCOPI.

2874 342 2937 365 “"
3045 366 3055 376 ·
3513 338 3650 397 1019.

398 495 590 555 traxit,
617 483 1316 556 multimodisjuvamiuibus
1337 494 1392 541 et
1410 485 1682 541 continuis
1708 481 1980 540 miraculis
2007 483 2057 544 Α
2087 477 2249 544 nitus,
2282 475 2528 530 inducias
2567 468 2922 543 respondendi
2961 466 3261 539 postulavit.
3303 463 3459 523 Tunc
3489 471 3673 535 itaque

396 583 464 637 ad
499 583 638 636 hanc
659 579 984 643 introducet,
1008 577 1149 632 sicut
1171 577 1222 631 in
1253 575 1602 644 sequentibus
1642 574 1927 644 reperitur.

466 668 509 723 Ι.
560 668 737 724 Beata:
778 668 943 739 igitur
989 666 1263 721 memoriae
1302 673 1523 720 sanctus
1559 661 1841 719 Udalricus
1887 676 1981 719 ex-

395 759 539 816 celsa
568 759 818 830 prosapia
844 758 1273 813 Alamannorum
1306 770 1374 811 ex
1407 756 1673 826 rel'gtosis
1701 764 1756 811 et
1782 754 1981 810 nobili-

394 850 500 904 lillS
523 833 838 919 parentibus
856 858 1029 911 ortus,
1057 856 1212 917 patre
1238 846 1445 902 scilicet
1470 845 1717 915 llupaldo
1774 846 1849 917 (l)
1929 854 1983 899 et

398 950 572 996 matre
599 940 891 1013 Thetpirga
943 940 1055 1013 (2)
1108 947 1458 1008 nuncupata;
1498 937 1589 1008 qui
1634 938 1795 993 solito
1833 951 1986 993 more

396 1033 648 1099 laetatus,
674 1043 729 1088 et
753 1045 965 1089 summo
993 1032 1173 1086 studio
1193 1030 1450 1094 nutritus,
1488 1030 1738 1099 quamvis
1775 1036 1983 1082 statura

395 1124 702 1194 corpusculi
738 1123 974 1194 elegans,
1009 1123 1099 1177 tali
1142 1130 1319 1177 tamen
1346 1121 1659 1176 macilentia
1703 1119 1986 1175 confectus

396 1221 548 1276 erat,
604 1221 665 1267 ut
725 1212 1084 1267 nutritoribus
1132 1211 1455 1266 verecundia
1497 1220 1643 1266 esset
1686 1211 1732 1266 si
1790 1211 1987 1281 aliquis

399 1305 706 1377 ignotorum
738 1302 930 1359 faciem
967 1304 1082 1374 ejus
1110 1303 1453 1373 inspexisset.
1491 1302 1812 1359 Mirantibus
1856 1318 1986 1359 vero

395 1402 553 1465 patre
587 1402 643 1448 et
674 1401 850 1449 matre
876 1408 1043 1462 quare
1068 1401 1217 1448 tanta
1251 1394 1512 1447 tenuitate
1558 1404 1614 1447 et
1657 1393 1988 1448 informitate

396 1483 646 1550 corporis
688 1490 1076 1552 occuparetur,
1120 1491 1176 1536 et
1221 1496 1363 1552 smpe
1411 1481 1533 1535 inde
1581 1481 1943 1552 cogitantibus
1970 1522 1985 1547 ,

396 1570 736 1626 bebdomada
772 1571 987 1627 interim
1018 1571 1336 1626 duodecima
1366 1569 1483 1637 ejus
1520 1572 1820 1626 nativitatis
1870 1573 1990 1641 qui-

397 1663 521 1715 dam
554 1661 767 1732 ignotus
789 1661 1040 1728 clericus,
1064 1677 1194 1717 casu
1223 1662 1536 1727 adveniens,
1568 1662 1903 1732 supplicabat
1932 1672 1992 1717 ut

395 1751 466 1805 ab
484 1752 564 1807 eis
583 1752 789 1824 aliquot
819 1753 936 1808 dies
959 1753 1010 1807 in
1037 1753 1327 1823 hospitium
1360 1753 1696 1823 reciperetur
1725 1771 1740 1820 ;
1775 1755 1863 1823 qui
1890 1755 1988 1809 be-

2081 568 2148 623 ad
2162 568 2447 639 quamdam
2463 566 2532 621 ibi
2546 572 2969 620 commorantem
2984 561 3246 617 inclusam
3256 558 3510 614 Wiberat
3583 555 3670 625 (ὅ)

2082 661 2447 724 nominatam,
2506 656 2791 713 consilium
2839 654 3165 725 quaerendo,
3217 649 3489 715 accessit;
3550 662 3673 717 qua:

2084 751 2438 819 respondens,
2465 747 2602 802 dixit
2624 747 2674 801 ei
2703 760 2720 801 :
2750 745 2916 801 «Post
2949 744 3185 800 triduum
3214 741 3283 796 ad
3308 755 3397 796 me
3424 738 3674 803 veniens,

2082 846 2128 901 si
2157 848 2263 900 Deo
2291 845 2487 915 placet,
2530 857 2709 898 meum
2755 840 2962 911 poteris
3006 837 3442 893 animadvertere
3492 832 3676 887 consi-

2083 937 2264 991 lium.»
2330 934 2478 998 lude,
2535 932 2625 987 illo
2650 932 2959 997 recedente,
3001 928 3120 999 ipsa
3171 926 3378 981 devotae
3412 922 3680 979 orationis

2083 1024 2260 1081 studio
2310 1023 2593 1077 Dominum
2640 1018 2916 1090 ﬂagitabat
2965 1028 3063 1086 ut,
3118 1023 3322 1070 statuto
3368 1012 3491 1078 die,
3539 1010 3679 1065 certi

2084 1118 2401 1187 veracisque
2446 1113 2655 1170 consilii
2706 1111 2961 1167 indicium
3022 1109 3124 1164 sibi
3172 1104 3526 1163 manifestare
3580 1115 3680 1171 po-

2086 1212 2296 1267 tuisset.
2356 1210 2600 1278 Cumque
2657 1205 2770 1269 ille,
2822 1216 3141 1272 responsum
3188 1206 3539 1268 accepturus,
3588 1195 3683 1248 ad-

2085 1302 2495 1371 venisset,dixit
2516 1300 2625 1356 illi:
2657 1298 2839 1355 «Ultra
2856 1294 3121 1351 haesitatio
3147 1300 3295 1348 tuam
3315 1304 3424 1345 non
3446 1295 3685 1358 occupet

2087 1406 2323 1452 mentem
2345 1436 2360 1461 ,
2388 1395 2517 1465 quia
2549 1392 2705 1448 istius
2733 1388 2968 1446 ctenobii
2994 1384 3291 1459 spiritualis
3317 1376 3541 1455 patera
3570 1382 3683 1435 Deo

2088 1489 2338 1543 decretus
2366 1486 2433 1539 ad
2466 1484 2761 1556 regendum
2791 1481 2936 1537 nullo
2968 1480 3127 1535 modo
3154 1475 3549 1540 constitueris;
3586 1471 3686 1527 sed

2090 1577 2143 1631 in
2177 1574 2426 1631 orientali
2459 1582 2615 1642 parte
2637 1613 2653 1636 ,
2682 1570 2772 1625 ubi
2805 1569 3024 1641 quidam
3054 1566 3249 1621 fluvius
3279 1564 3393 1636 (4)
3426 1564 3566 1618 duas
3597 1560 3687 1614 di-

2088 1666 2225 1721 vidit
2254 1665 2505 1737 regiones
2523 1702 2539 1729 ,
2571 1662 2626 1717 in
2659 1662 2898 1716 futurum
2925 1657 3216 1729 episcopali
3244 1654 3553 1711 ministerio
3573 1651 3689 1708 Deo

2092 1759 2327 1814 militare
2358 1758 2616 1824 debebis,
2646 1766 2701 1813 et
2738 1758 2793 1812 in
2826 1755 3017 1811 eodem
3047 1753 3165 1808 loco
3194 1752 3363 1807 multa
3397 1751 3531 1805 talia
3563 1764 3689 1820 per-

396 1841 558 1912 nigth
605 1850 910 1912 susceptus,
956 1850 1014 1897 et
1056 1857 1182 1897 cum
1222 1842 1302 1897 eis
1349 1843 1403 1896 ill
1457 1843 1600 1898 atrio
1644 1843 1836 1898 domus
1881 1858 1992 1898 suae
2021 1839 2065 1897 Β
2094 1865 2351 1921 passurus
2375 1865 2436 1906 es
2460 1849 2764 1916 laboriosa,
2791 1847 2971 1918 qualia
3000 1860 3274 1916 nunquam
3302 1851 3690 1898 antecessores

396 1931 550 1985 hora.
574 1930 887 1987 refectionis
921 1933 1135 1997 sedens,
1168 1932 1424 1989 audiebat
1463 1934 1516 1988 in
1544 1934 1795 1989 cubiculo
1822 1932 1996 1988 infau-
2019 1988 2033 1999 ,η

398 2018 574 2074 tulum
598 2020 926 2091 vagientem,
953 2022 1339 2077 sciscitabatur
1375 2023 1500 2092 quis
1527 2033 1620 2078 aut
1646 2024 1799 2095 cujus
1828 2012 1992 2090 esset,

394 2128 512 2184 prze
550 2114 760 2184 pudore
797 2129 926 2169 vero
964 2115 1181 2180 maciei,
1228 2114 1337 2171 illis
1381 2116 1689 2187 nolentibus
1733 2119 1991 2183 indicare,

401 2204 575 2258 dixit:
601 2204 688 2259 «Si
703 2205 910 2259 salvum
926 2204 1074 2260 illum
1090 2218 1208 2259 esse
1224 2206 1472 2275 cupiatis,
1499 2206 1749 2261 celeriter
1759 2206 2017 2281 ablaetef

396 2305 507 2350 tur.
532 2314 553 2347 ι
588 2295 688 2363 Qui
720 2295 1180 2367 parvipeudentes
1198 2294 1317 2364 ejus
1338 2295 1685 2363 locutionem,
1722 2312 1846 2352 eum
1871 2296 1997 2351 lacti

396 2401 506 2441 non
536 2386 935 2441 subduxerunt.
974 2384 1162 2440 Altero
1203 2400 1331 2440 vero
1361 2385 1449 2441 die
1479 2401 1600 2441 eum
1627 2386 1871 2452 audiens,
1897 2387 1998 2442 ite-

396 2494 519 2533 rum
547 2477 683 2533 dixit
714 2493 729 2530 :
766 2495 785 2529 ι
819 2476 1000 2544 Quare
1029 2493 1133 2532 non
1158 2476 1361 2532 fecistis
1397 2479 1691 2533 secundum
1715 2478 1995 2534 consilium

397 2566 617 2621 meum?
639 2586 658 2619 ι
687 2564 790 2633 Qui
816 2566 1412 2622 adhuccontemnentes
1427 2565 1546 2635 ejus
1573 2568 1858 2622 consilium
1890 2582 1997 2623 non

397 2656 747 2713 crediderunt
784 2657 856 2712 ei.
908 2657 1090 2712 Tertia
1127 2668 1310 2714 autem
1357 2660 1465 2725 die,
1500 2661 1727 2715 audiens
1756 2661 1998 2731 vagitum

396 2746 516 2816 ejus
547 2746 901 2802 inﬁrmiorem
936 2764 1100 2818 quam
1131 2758 1311 2815 antea,
1344 2750 1556 2805 dicebat
1577 2751 1643 2805 ad
1671 2766 1765 2806 eos
1792 2768 1806 2805 :
1844 2770 1862 2803 ι
1891 2752 1998 2806 Pro

376 2840 612 2917 Iincuria
658 2847 843 2895 vestra
891 2840 1186 2910 perditioni
1236 2841 1468 2896 traditur
1517 2843 1819 2897 infantulus
1865 2843 1996 2909 iste;

396 2946 499 3000 pro
533 2941 682 2986 certo
715 2932 901 2987 sciatis
923 2933 1075 3002 quia,
1110 2932 1155 2987 si
1191 2934 1448 2989 uberibus
1493 2950 1597 2988 non
1636 2935 1996 3003 subtrahitur,

398 3023 455 3075 in
480 3021 580 3076 ista
614 3032 771 3077 nocte
803 3023 1101 3088 morietur;
1126 3023 1170 3078 si
1197 3033 1374 3078 autem
1406 3025 1733 3090 subtractus,
1760 3026 1998 3081 salvabi-

400 3119 525 3177 tur;
570 3112 622 3165 in
659 3121 931 3183 posterum
977 3128 1007 3166 a
1049 3112 1277 3167 Domino
1303 3114 1506 3183 aliquid
1550 3130 1803 3185 magnum
1846 3116 1899 3169 iu
1932 3131 1998 3170 eo

399 3201 857 3259 mauifestabitur.
884 3223 902 3256 ι
927 3203 1079 3259 Tunc
1110 3205 1324 3259 demum
1349 3206 1403 3259 ei
1422 3206 1858 3276 obtemperantes
1878 3207 1999 3263 aliis
2027 3190 2071 3253 (ἶ

402 3284 528 3348 eum
563 3294 704 3350 escis
738 3302 1043 3349 sustentare
1087 3305 1388 3364 coeperunt.
1429 3296 1528 3363 Qui
1562 3299 1745 3351 statim
1783 3314 2001 3353 recrea.

401 3394 515 3447 tus,
549 3383 616 3438 de
644 3383 732 3437 die
772 3384 823 3437 in
864 3383 1005 3437 diem
1037 3366 1344 3451 proficiens,
1395 3385 1554 3439 talem
1606 3389 1847 3457 corporis
1889 3388 2000 3442 fur-

403 3471 711 3526 mositatem
757 3471 985 3541 accepit,
1037 3481 1096 3525 ut
1140 3472 1238 3543 ipsi
1288 3473 1371 3527 sui
1421 3483 1674 3543 parentes
1721 3486 2000 3546 gratantes
2048 3508 2051 3509 ν

404 3577 528 3617 eum
553 3562 913 3625 intuerentur,
959 3570 1014 3616 et
1041 3561 1162 3617 aliis
1191 3564 1559 3619 ostenderent.
1587 3564 1690 3632 Qui
1716 3567 2000 3624 laudantes

404 3651 697 3712 Dominum
725 3652 813 3708 die
844 3662 1108 3724 nocteque
1130 3669 1231 3724 pro
1253 3659 1512 3727 sospitate
1536 3658 1706 3728 pueri,
1736 3668 1790 3713 et
1819 3675 1917 3729 pro
1935 3676 2000 3715 eo

405 3743 553 3813 quod
591 3740 751 3798 talem
785 3743 850 3799 ad
893 3758 988 3799 eos
1011 3743 1222 3800 'direxit
1263 3746 1532 3817 hospitem
1580 3749 1673 3818 qui
1718 3749 1874 3805 istius
1921 3753 2000 3806 rei

407 3834 786 3891 discretionem
820 3838 1201 3906 cognoscebat,
1241 3848 1296 3892 et
1332 3837 1437 3893 illis
1481 3838 1875 3895 iunotesccbat.
1927 3843 2003 3895 De

403 3923 695 3994 praeteritis
743 3939 874 3995 ergo
920 3923 1099 3980 futura
1129 3926 1435 3998 credentes,
1490 3936 1858 3984 tractaverunt
1910 3931 2002 3985 ubi

405 4013 574 4067 vitam
599 4013 1054 4082 religiosissimam
1073 4023 1129 4068 et
1143 4016 1367 4071 docendi
1383 4017 1839 4077 studiosissimam
1855 4020 2006 4076 inve-

406 4103 528 4159 nire
571 4102 895 4170 p0tuissent,
947 4112 1281 4173 acceptoque
1319 4106 1547 4160 consilio
1589 4109 2004 4165 commendaveo

406 4207 539 4254 runt
564 4212 687 4252 eum
719 4197 785 4251 ad
821 4196 1008 4252 Sancti
1038 4196 1176 4251 Galli
1201 4200 1606 4265 monasterium,
1644 4202 1771 4270 quia
1799 4202 1872 4256 ibi
1906 4218 2005 4257 no-

405 4287 599 4344 bilium
631 4286 725 4340 Dei
774 4301 1052 4342 servorum
1095 4286 1403 4352 multitudo,
1452 4298 1508 4342 et
1547 4288 1871 4359 religiositas
1917 4292 2001 4345 di-

408 4379 594 4435 scendi
617 4377 952 4450 docendique
973 4378 1207 4432 studium
1240 4387 1366 4433 tunc
1398 4381 1654 4449 temporis
1680 4380 1999 4436 habebatur.

409 4468 832 4529 Commendatus
861 4482 989 4523 vero
1017 4466 1231 4523 cuidam
1278 4467 1527 4537 religioso
1568 4468 1684 4523 viro
1731 4484 2003 4539 gramma-

2095 1941 2171 1995 tui
2201 1941 2575 1995 sustinuerunt
2604 1955 2634 1993 a
2658 1939 2885 2011 paganis
2910 1945 2967 1994 et
2992 1935 3149 1991 malis
3173 1932 3502 1990 Christianis
3521 1973 3538 1997 ,
3569 1945 3690 2002 quae

2094 2041 2273 2087 tamen
2305 2030 2489 2086 omnia
2512 2070 2528 2097 ,
2558 2030 2671 2085 Deo
2689 2027 2948 2097 juvante,
2980 2027 3036 2080 in
3070 2024 3275 2079 ultimis
3300 2021 3692 2077 decentissime

2095 2122 2407 2193 superabis;
2437 2140 2457 2173 ι
2486 2122 2603 2177 bzre
2637 2121 2820 2175 audita
2848 2115 3229 2175 secretissimis
3260 2113 3525 2168 fratribus
3561 2111 3694 2167 inti-

2096 2215 2287 2281 mavil,
2319 2224 2586 2270 eteorum
2623 2210 2931 2266 suasionem
2970 2208 3122 2264 suavi
3160 2204 3432 2274 colloquio
3469 2202 3691 2272 mitiga.

2096 2307 2200 2371 vit,
2246 2315 2525 2377 totamque
2563 2318 2714 2374 spem
2761 2301 3005 2372 pristinae
3054 2295 3436 2353 destinationis
3484 2295 3539 2349 in
3590 2307 3686 2347 sua

2097 2404 2281 2451 mente
2310 2394 2592 2465 deposuit;
2623 2400 2679 2447 et
2707 2390 2776 2446 ob
2806 2390 2909 2444 hoc
2948 2398 3129 2443 tamen
3166 2383 3409 2440 discendi
3450 2382 3689 2438 studium

2097 2500 2203 2540 non
2234 2484 2450 2549 omisit,
2477 2483 2570 2538 sed
2603 2481 2734 2537 inibi
2767 2497 2890 2536 cum
2922 2479 3174 2535 omnibus
3204 2474 3536 2531 cbaritative
3564 2487 3692 2527 ver-

2098 2574 2321 2629 sabatur
2344 2590 2369 2639 ς’
2400 2574 2609 2636 donec,
2650 2584 2892 2641 congruo
2928 2578 3208 2639 tempore,
3234 2563 3471 2636 duplicis
3499 2562 3689 2633 sagina

2100 2666 2345 2721 scientiae
2385 2679 2448 2718 ac
2488 2662 2766 2732 religionis
2807 2660 3075 2731 repletus,
3125 2656 3401 2713 communi
3447 2654 3687 2709 omnium

2098 2760 2347 2816 oratione
2398 2757 2749 2819 consolatus,
2807 2762 2862 2808 et
2918 2749 3279 2806 fraternitatis
3335 2761 3527 2802 amore
3586 2744 3691 2800 fre-

2102 2861 2223 2914 tus,
2262 2856 2515 2918 parentes
2571 2860 2699 2900 suos
2750 2843 2987 2897 amative
3041 2839 3296 2896 dimissus
3354 2835 3680 2892 revisitavit.

2100 2942 2202 3009 Qui
2252 2949 2408 3004 tunc,
2466 2936 2699 3007 sapienti
2753 2943 2914 3002 capto
2965 2929 3224 2991 consilio,
3280 2942 3403 2981 eum
3446 2924 3688 2995 praesulis

2102 3029 2467 3101 Augustensis
2496 3026 2750 3081 Ecclesia:
2778 3022 3134 3079 Adalberouis
3165 3024 3186 3087 (
3200 3019 3231 3073 ὃ
3255 3018 3275 3089 )
3302 3017 3547 3072 dominio
3572 3015 3691 3070 sub-

2104 3121 2398 3185 diderunt,
2468 3131 2652 3188 quem,
2698 3114 2865 3169 multa
2923 3122 3050 3167 tunc
3111 3109 3371 3179 temporis
3428 3106 3688 3177 sapientia

2103 3212 2409 3284 repletum,
2446 3210 2762 3278 musicaque
2800 3215 2915 3261 arte
2953 3220 3065 3275 prie
3101 3202 3315 3258 caeteris
3366 3201 3686 3271 praeditum,

2101 3302 2570 3375 gubernaculaque
2612 3298 2763 3368 regni
2802 3312 2940 3367 pene
2990 3294 3172 3351 omnia
3223 3307 3346 3348 cum
3402 3307 3533 3363 rege
3577 3290 3685 3362 (6)

2101 3394 2477 3464 disponentem
2502 3396 2858 3464 agnoverunt.
2892 3386 3012 3456 Ipse
3048 3398 3198 3449 vero,
3236 3390 3461 3452 propter
3500 3380 3690 3435 nobili-

2105 3462 2268 3538 tatem
2301 3491 2588 3553 parcntum
2608 3520 2623 3547 ,
2649 3462 2931 3535 et‘bouam
2960 3477 3078 3546 ejus
3109 3474 3344 3528 indolem
3386 3482 3444 3528 et
3484 3472 3685 3527 formo-

2103 3572 2320 3627 sitatem
2341 3612 2355 3636 ,
2391 3571 2514 3625 ιωιο
2543 3570 2726 3623 animo
2754 3566 3086 3636 suscipiens,
3116 3562 3485 3625 ministerium
3514 3576 3690 3617 eame—

2103 3662 2231 3715 rarii
2269 3660 2382 3730 (7)
2414 3659 2517 3714 sibi
2550 3655 2969 3713 commendavit.
3012 3652 3128 3720 Quo
3156 3660 3443 3719 suscepto,
3485 3659 3543 3705 et
3578 3648 3691 3703 aliis

2103 3754 2397 3808 secundum
2439 3765 2592 3804 suam
2631 3748 2951 3817 dignitatem
2987 3741 3302 3807 beneficiis,
3342 3740 3508 3795 sicuti
3549 3753 3686 3809 βηθα-

2102 3857 2308 3913 coquus
2345 3850 2464 3895 erat
2502 3841 2555 3893 in
2594 3838 2879 3900 omnibus,
2918 3848 3177 3904 prospere
3212 3846 3380 3902 agens
3416 3830 3487 3884 de
3525 3828 3617 3883 die
3640 3828 3689 3882 in

2104 3932 2249 3986 diem
2294 3929 2632 4000 proﬁciebat.
2687 3925 2908 3981 Interim
2956 3938 3088 3979 vero
3137 3922 3292 3976 libuit
3338 3935 3467 3975 eum
3509 3919 3689 3972 limina

2103 4025 2326 4078 visitare
2353 4022 2635 4077 beatorum
2668 4017 3035 4087 apostolorum
3061 4015 3209 4069 Petri
3239 4022 3294 4067 et
3320 4011 3499 4067 Pauli.
3530 4011 3689 4066 Cunt-

2104 4127 2210 4182 que
2236 4112 2363 4167 illuc
2387 4110 2754 4181 pervenisset,
2782 4123 2812 4161 a
2840 4105 3148 4160 venerando
3174 4109 3312 4172 papa
3340 4100 3554 4155 Marino
3581 4098 3686 4170 (8)

2103 4206 2242 4260 bene
2273 4210 2554 4272 susceptus
2592 4207 2710 4265 est,
2775 4207 2832 4254 et
2865 4200 2934 4252 ab
2972 4210 3037 4250 eo
3077 4196 3444 4263 interrogatus
3484 4191 3554 4245 de
3588 4201 3687 4259 qua

2105 4294 2381 4366 provincia
2431 4292 2514 4348 vel
2562 4292 2784 4345 civitate
2826 4298 2976 4344 esset
3024 4288 3258 4342 nativus.
3305 4285 3409 4350 Qui
3465 4297 3686 4353 respon-

2104 4387 2267 4447 dens,
2302 4383 2440 4437 dixit
2468 4399 2481 4435 :
2521 4399 2541 4433 ¢
2574 4381 2650 4436 De
2681 4379 2959 4451 provincia
2985 4376 3338 4441 Alatnanuia,
3378 4383 3435 4429 et
3458 4374 3529 4427 de
3566 4371 3688 4427 civi-

2106 4484 2216 4529 tate
2241 4474 2480 4542 Augusta
2511 4472 2775 4527 oriundus
2824 4484 2977 4542 sum,
3030 4480 3329 4536 versorque
3369 4466 3425 4519 in
3466 4461 3684 4518 servitio

409 4561 533 4614 tica-
583 4558 720 4615 artis
757 4558 968 4620 edocto,
1018 4557 1254 4628 Waning
1293 4566 1621 4626 nuncupato,
1653 4573 1683 4611 a
1714 4573 1822 4627 quo
1864 4558 2001 4615 bene
2029 4547 2073 4602 Ῐ)
2104 4562 2462 4617 Adalberonis
2486 4558 2729 4628 ejusdem
2751 4558 2990 4614 civitatis
3019 4556 3280 4626 episcopi.
3305 4574 3408 4605 ι--
3430 4572 3448 4604 ι
3482 4552 3562 4607 Ne
3586 4561 3687 4605 tur-

407 4658 732 4721 proeuratus
785 4648 1155 4717 quotidianam
1212 4646 1486 4716 religionis
1538 4655 1699 4716 atque
1750 4647 1999 4723 lectionis

411 4739 715 4797 doctrinam
741 4739 971 4810 accepit,
1013 4750 1068 4793 et
1102 4738 1156 4792 in
1192 4736 1396 4792 intimis
1429 4737 1511 4792 sui
1544 4737 1721 4792 cordis
1750 4739 1997 4805 inseruit,

412 4832 551 4887 adeo
584 4839 642 4886 ut
667 4830 923 4902 paulatim
954 4831 1151 4886 fratres
1190 4829 1245 4885 in
1291 4843 1357 4884 eo
1405 4829 1664 4885 doctrinm
1710 4828 1999 4885 fructifica-

413 4923 616 4978 tionem
656 4921 820 4978 nimis
855 4922 1119 4991 proficere
1154 4922 1443 4987 sentirent,
1477 4928 1533 4975 et
1561 4923 1630 4977 ob
1662 4922 1764 4977 hoc
1793 4938 1916 4978 eum
1947 4924 2000 4977 in

408 5034 521 5073 suae
579 5016 937 5072 fraternitatis
993 5015 1327 5071 consortium
1392 5012 1680 5083 ﬂagitando
1726 5029 2003 5071 assumere

2107 4652 2290 4717 beris,
2343 4652 2548 4720 inquit,
2589 4649 2815 4711 animo,
2861 4663 2895 4703 ο
2937 4648 3107 4701 frater
3148 4647 3292 4715 (9),
3337 4644 3428 4699 ille
3480 4643 3549 4696 de
3587 4654 3686 4711 quo

2111 4742 2241 4798 mihi
2307 4742 2491 4796 dixisti
2547 4780 2562 4807 ,
2633 4740 2817 4794 senior
2907 4747 3030 4792 tuus
3104 4736 3373 4790 Adalbero
3438 4730 3687 4803 migravit

2108 4850 2139 4889 a
2198 4833 2422 4896 saaculo,
2486 4842 2574 4896 et,
2638 4833 2747 4887 Deo
2798 4830 3054 4901 jubente,
3115 4839 3167 4883 te
3224 4827 3469 4897 ejusdem
3505 4825 3687 4878 matri-

2108 4925 2243 4982 cula:
2298 4926 2408 4998 (10)
2460 4924 2613 4978 decet
2653 4939 2774 4979 csse
2814 4932 3107 4992 pastorem.
3145 4942 3163 4974 ι
3211 4920 3288 4975 lio
3336 4920 3553 4989 quidem
3607 4931 3684 4969 re-

2108 5026 2308 5074 nuente
2344 5019 2461 5073 iniit
2495 5034 2508 5070 :
2557 5035 2575 5067 ι
2600 5014 2711 5072 Cur
2740 5028 2959 5068 recusas
2984 5010 3402 5066 destinationem
3455 5007 3591 5062 Dei?
3638 5003 3682 5057 si
