3972 5428
509 378 646 433 ιοιδ

1519 376 1574 432 s.
1620 373 1938 432 nuarum
1975 356 2372 429 Arcusmu
2412 365 2739 427 EPISCOPI.

3605 366 3748 421 iOI’i

501 497 668 551 quam
699 479 877 550 loqui;
909 498 927 532 ν
958 478 1025 533 de
1068 480 1169 534 hac
1209 492 1335 533 vero
1362 493 1713 550 responsione
1746 476 2075 549 stupefactus
2103 481 2155 538 Α
2180 491 2303 531 cum
2335 476 2546 547 pupulis
2598 476 2937 532 diversarum
2977 476 3378 546 provinciarum
3408 478 3599 535 habuit
3621 498 3640 545 ;
3665 484 3755 537 uLi

502 571 728 627 recessit
760 572 829 626 ab
854 585 937 634 eo,
965 578 1021 624 et
1049 571 1101 624 in
1129 584 1287 626 cana
1336 586 1456 640 quae
1479 580 1606 624 ante
1629 570 1934 626 cubiculum
1956 570 2074 641 ejus

500 672 585 718 est
611 666 716 718 sita
741 662 1013 727 consedit,
1041 668 1099 717 et
1125 662 1309 717 statim
1337 661 1478 717 oculi
1509 660 1627 732 ejus
1653 676 1845 731 magna
1881 660 2075 716 nimie-

501 763 611 809 tate
641 761 923 823 coeperunt
949 753 1217 824 lacrymas
1242 751 1542 817 effundere,
1563 759 1618 807 et
1646 751 1699 806 in
1725 765 1788 806 ea
1814 750 2075 805 effusione

499 851 922 914 permanserunt
970 856 1142 915 usque
1161 841 1291 897 dum
1326 840 1382 896 in
1414 847 1581 896 totum
1604 839 1856 910 praesenti
1875 838 2075 894 lumine

500 936 701 1007 privati
715 943 861 991 sunt.
1499 1001 1503 1005 ν

570 1028 631 1084 ll.
661 1029 785 1084 Alio
815 1038 1075 1100 tempore,
1100 1027 1155 1082 in
1195 1035 1355 1083 nocte
1397 1024 1746 1080 antecedente
1770 1023 1911 1079 diem
1944 1039 2074 1080 san-

500 1130 648 1177 ctum
676 1120 859 1178 Cceme
888 1119 1122 1185 Domini,
1171 1118 1328 1190 quasi
1356 1119 1411 1172 in
1432 1116 1637 1173 somnis
1656 1115 1860 1171 audivit
1886 1129 2078 1169 vocem

502 1213 606 1270 sibi
659 1214 969 1283 loquentem
999 1229 1014 1267 :
1051 1230 1070 1265 ι
1091 1210 1345 1269 Udalrice
1367 1209 1640 1279 episcope,
1664 1210 1805 1263 scias
1833 1217 1885 1263 te
1919 1206 2077 1263 hodie

502 1305 750 1375 hospites
764 1318 887 1359 esse
912 1309 1309 1373 suscepturum.
1333 1319 1353 1353 ι
1384 1300 1449 1354 Et
1473 1298 1881 1369 expergefactus
1900 1312 1930 1350 a
1946 1310 2076 1350 voce

501 1396 593 1466 qui
633 1402 817 1449 essent
868 1392 940 1446 illi
970 1392 1212 1462 hospites
1259 1390 1425 1460 cmpit
1455 1398 1712 1444 tractare.
1737 1387 1872 1443 Cum
1895 1395 2071 1441 autem

502 1486 785 1549 dormiret,
816 1483 1084 1553 loquentis
1109 1482 1208 1536 sibi
1239 1484 1405 1538 verba
1448 1481 1652 1536 audivit
1677 1498 1694 1538 :
1742 1499 1761 1533 ι
1783 1479 2076 1535 Orationes

506 1586 627 1633 tuas
650 1586 706 1632 et
730 1576 1101 1644 eleemosynas
1154 1582 1275 1629 tuas
1310 1574 1452 1630 oculi
1480 1573 1692 1629 Domini
1718 1586 2072 1643 conspexere,

499 1679 557 1725 et
580 1670 701 1726 ideo
733 1668 881 1725 binis
928 1667 1371 1723 antecessoribus
1404 1666 1511 1722 tuis
1537 1666 1649 1738 (l6)
1692 1666 1990 1721 Fortunato
2020 1672 2076 1719 et

498 1759 829 1815 Adalberoni
875 1774 936 1815 es
986 1758 1414 1820 commendatus,
1462 1766 1522 1812 ut
1550 1757 1642 1812 tibi
1674 1755 1833 1812 hodie
1871 1765 2073 1825 etpost

2179 581 2275 621 rex
2319 565 2681 637 Berengarius
2718 567 2784 623 de
2830 565 3208 637 Longobardia
3235 567 3348 640 (l7)
3370 578 3427 624 et
3471 570 3614 626 illius
3641 570 3759 641 ejus

2175 656 2500 711 Adalbertus
2520 673 2641 712 cum
2671 657 2856 713 multis
2881 658 3150 730 episcopis
3175 674 3233 715 se
3260 669 3754 728 praesentaverunt,

2175 756 2231 816 et
2253 747 2491 804 dominio
2533 744 2643 819 (18)
2679 749 3050 806 subdiderunt.
3106 750 3477 821 lndicavitque
3527 751 3578 808 ei
3631 769 3757 808 ven-

2177 845 2354 891 turam
2403 838 2898 908 supergressionem
2956 836 3320 909 Ungarorum,
3354 849 3409 894 et
3451 840 3572 895 loca
3600 840 3756 906 belli,

2174 933 2252 990 ct,
2277 927 2527 995 quamvis
2556 926 2846 994 laboriose,
2898 937 3076 983 tamen
3112 929 3391 984 victoriam
3422 928 3759 987 Christianis

2178 1028 2497 1070 concessam
2543 1031 2668 1071 esse
2691 1017 2979 1072 nuntiavit.
3022 1017 3376 1074 Hacvisione
3398 1031 3643 1089 peracta,
3670 1035 3756 1074 re-

2178 1103 2401 1160 ductum
2458 1120 2582 1161 eum
2638 1107 2695 1162 in
2746 1107 2945 1164 lectulo
2993 1109 3315 1165 collocatum
3355 1110 3587 1167 dimisit.
3638 1113 3759 1183 Ipse

2181 1208 2312 1248 vero
2363 1195 2432 1250 ad
2463 1212 2522 1252 se
2569 1211 2821 1253 reversus
2866 1200 3156 1271 cogitabat,
3213 1211 3527 1261 reverenter
3573 1205 3629 1259 in
3666 1222 3755 1261 re-

2177 1285 2548 1341 cordationem
2578 1302 2732 1344 suam
2753 1289 2957 1345 ducens
2994 1292 3121 1347 illud
3144 1293 3372 1349 illustris
3392 1296 3756 1353 verbisatoris

2173 1377 2313 1447 rapti
2345 1378 2412 1431 ad
2442 1389 2653 1434 secreta
2687 1383 2830 1438 tertii
2888 1384 3011 1439 caeli
3054 1385 3327 1441 dicentis:
3379 1384 3499 1441 Sive
3544 1388 3600 1440 in
3637 1405 3760 1442 cor-

2171 1484 2317 1537 pore,
2342 1471 2448 1524 sive
2471 1481 2620 1526 extra
2658 1490 2844 1545 corpus
2876 1474 2964 1547 (II
3002 1474 3124 1530 Cor.
3167 1475 3292 1548 xtl),
3318 1486 3426 1534 etc.
3471 1477 3600 1534 llaec
3630 1495 3761 1534 vero

2174 1557 2311 1613 visio
2355 1558 2423 1613 ab
2464 1574 2531 1615 eo
2570 1562 2754 1632 paucis
2794 1563 3146 1633 prudentibus
3174 1580 3237 1619 ac
3268 1565 3371 1621 sibi
3398 1565 3763 1622 familiaribus

2175 1646 2517 1702 manifestata
2558 1659 2660 1704 est.
2690 1649 2882 1707 Postea
2908 1661 3088 1708 autem
3128 1663 3335 1708 curtem
3379 1656 3523 1727 regis
3550 1657 3765 1725 adiens,

2174 1736 2335 1791 solito
2358 1753 2508 1794 more
2538 1741 2763 1796 servitio
2787 1741 2904 1812 ejus
2930 1743 3285 1812 subdebatur,
3309 1762 3481 1816 usque
3508 1749 3637 1801 dum
3671 1764 3763 1803 rex

503 1850 635 1905 binc
679 1849 733 1904 in
766 1848 885 1904 istis
929 1848 1102 1903 sacris
1144 1846 1577 1902 solemnitatibus
1609 1861 1764 1901 sacra
1816 1845 2073 1917 mysteria

2180 1824 2444 1882 Henricus
2480 1839 2801 1899 praesentem
2848 1832 3013 1886 vitam
3050 1833 3231 1890 ﬁniret
3276 1836 3407 1907 (l9).
3438 1835 3625 1893 Ottoni
3658 1840 3760 1894 ita-

500 1939 802 1997 celebranti
829 1940 1112 2005 assistant,
1135 1947 1189 1994 ct
1209 1952 1271 1992 ea
1291 1946 1469 1994 tecum
1499 1938 1881 1993 benedicant.»
1916 1932 2075 1991 Mane

500 2043 681 2088 autem
706 2031 878 2097 facto,
909 2031 1052 2096 aliis,
1076 2031 1218 2085 sicut
1240 2045 1357 2086 mos
1390 2039 1492 2095 est,
1515 2028 1749 2100 peractis
1775 2026 2072 2099 mysteriis,

498 2121 985 2179 circumstantibus
1013 2120 1382 2174 ministrorum
1406 2119 1704 2183 ordinibus,
1740 2133 1862 2172 cum
1888 2131 2075 2173 sacra—

500 2222 684 2268 menta
739 2219 1108 2277 consecraret,
1149 2196 1265 2281 ipse
1303 2219 1357 2264 et
1387 2209 1605 2280 quidam
1633 2208 1698 2263 de
1718 2208 2076 2262 circumstan-

498 2306 644 2363 tibus
690 2304 997 2359 devotiores
1025 2301 1280 2357 viderunt
1309 2302 1589 2356 dexteram
1619 2300 1827 2355 Domini
1856 2314 1978 2354 cum
2008 2313 2074 2354 eo

499 2403 842 2451 sacramenta
871 2399 1285 2458 consecrare,et
1312 2393 1526 2463 signum
1550 2392 1731 2447 crucis
1755 2392 2067 2461 imponere;

500 2488 718 2556 quibus.
757 2486 884 2556 quia
930 2501 1032 2556 per
1082 2485 1332 2554 Spiritum
1387 2499 1483 2538 eos
1509 2483 1736 2547 sciebat,
1766 2499 1890 2537 cum
1922 2482 2076 2538 viati—

500 2594 624 2632 cum
648 2579 716 2631 ab
743 2593 808 2631 eo
829 2576 1102 2647 accepturi
1143 2576 1486 2642 accederent,
1519 2576 1741 2644 digitum
1773 2575 1854 2629 ori
1883 2590 2073 2643 super‘

496 2667 682 2736 posuit
706 2675 762 2719 ut
789 2667 855 2721 de
904 2667 1113 2721 visione
1147 2675 1413 2732 tacerent,
1444 2665 1641 2734 quibus
1669 2664 1855 2726 etiam,
1888 2674 2074 2734 postea

501 2758 569 2811 ad
602 2773 660 2811 se
700 2756 928 2821 vocatis,
988 2772 1109 2827 quae
1144 2755 1193 2810 ei
1232 2756 1288 2810 in
1334 2764 1492 2810 nocte
1522 2755 1663 2809 dicta
1692 2763 1836 2818 sunt,
1866 2764 2075 2808 secreto

503 2849 870 2912 mmtiavit,ct
911 2849 1167 2919 praecepit
1204 2857 1283 2914 ut,
1336 2863 1403 2904 eo
1432 2848 1666 2913 vivente,
1717 2863 1889 2919 neque
1935 2848 2073 2914 visa,

501 2956 677 3011 neque
699 2942 766 2995 ab
787 2954 855 2994 eo
892 2948 1103 2996 secrete
1131 2941 1313 2994 audita
1359 2938 1518 2994 alicui
1555 2938 1987 3007 manifestarent,
2029 2940 2074 2995 si

500 3042 825 3102 praesentem
852 3033 1029 3087 adhuc
1054 3032 1221 3086 vitam
1250 3031 1448 3086 habere
1472 3030 1791 3086 voluissent.

572 3121 793 3191 Maioris
813 3122 980 3178 etiam
1003 3122 1230 3177 visionis
1251 3121 1572 3191 sibimetipsi
1599 3120 1941 3177 manifestata
1968 3121 2074 3176 mi-

501 3213 685 3268 racula
733 3215 834 3269 sub
872 3212 1089 3268 silentio
1147 3212 1547 3268 recondendum
1585 3212 1783 3266 bonum
1819 3228 1940 3267 esse
1966 3228 2073 3267 non

501 3305 731 3358 arstimo.
763 3304 900 3372 Quia
928 3305 1162 3374 quadam
1194 3313 1376 3369 nocte,
1403 3319 1525 3358 cum
1562 3318 1760 3373 corpus
1783 3304 1979 3359 lectulo
2008 3306 2076 3361 ad

504 3396 879 3450 dormiendum
927 3395 1267 3459 eollocasset,
1321 3395 1455 3449 vidit
1493 3406 1738 3450 sanctam
1785 3397 1970 3450 Afrum
2022 3397 2076 3451 in

502 3492 698 3558 magna
746 3486 1105 3551 formositate,
1156 3486 1380 3555 pulchra
1437 3486 1619 3541 tunica
1648 3487 1887 3541 indutam
1915 3495 2079 3556 atque

504 3577 859 3641 succinctam,
886 3583 1117 3630 stantem
1145 3585 1271 3630 ante
1299 3575 1498 3644 ipsum,
1526 3574 1900 3645 dicentemque
1930 3577 2031 3632 sibi
2060 3595 2073 3630 :

510 3667 732 3739 iSurge,
747 3677 802 3722 et
817 3682 1044 3737 sequere
1056 3683 1158 3722 me.
1175 3686 1193 3718 ι
1211 3667 1277 3720 Et
1298 3666 1412 3721 bare
1432 3667 1637 3734 dicens,
1661 3668 1846 3723 eduxit
1872 3684 1994 3723 eum
2024 3670 2077 3723 in

504 3772 754 3826 campum
807 3757 898 3826 qui
930 3755 1090 3826 vulgo
1130 3754 1332 3810 dicitur
1356 3755 1631 3810 Lecbfeld.
1662 3756 1738 3812 lbi
1769 3757 1912 3811 enim
1949 3772 2076 3812 san-

504 3855 650 3902 ctum
689 3846 932 3911 Petrum,
962 3846 1260 3916 principem
1289 3841 1679 3914 apostolorum,
1718 3845 1926 3901 invenit
1955 3861 2078 3900 cum

502 3926 848 3991 multitudine
880 3951 1076 4003 magna
1114 3935 1492 4004 episcoporum
1522 3943 1577 3989 et
1604 3934 1833 3988 aliorum
1864 3945 2080 3990 sancto-

504 4044 652 4093 rum,
680 4035 736 4082 et
758 4042 947 4083 eorum
1002 4040 1140 4096 quos
1169 4026 1256 4081 ille
1282 4036 1409 4081 ante
1470 4041 1576 4079 non
1616 4026 1848 4088 videbat,
1880 4035 1935 4080 et
1966 4016 2094 4080 tum

504 4131 639 4176 nutu
690 4120 782 4174 Dei
825 4121 1184 4190 cognoscebat
1237 4118 1392 4183 bene,
1442 4118 1704 4190 synodale
1753 4116 2078 4188 colloquium

506 4226 629 4265 eum
658 4210 736 4264 eis
766 4207 1073 4273 facientem,
1096 4217 1360 4279 etmagna
1386 4216 1440 4262 et
1462 4207 1873 4261 innumerabilia
1903 4207 2080 4276 dispo-

507 4310 754 4364 nentem,
799 4299 1246 4369 Arnolphumque
1295 4300 1487 4354 ducem
1528 4298 1877 4354 Bavariorum
1906 4299 2082 4354 adhuc

506 4392 807 4453 viventem,
822 4391 887 4443 de
903 4390 1270 4444 destructione
1292 4389 1582 4443 multorum
1607 4389 2082 4454 monasteriorum,

509 4496 632 4550 qua:
666 4479 718 4533 in
761 4478 1021 4534 beneficia
1050 4479 1312 4533 laicorum
1344 4480 1552 4545 divisit,
1580 4480 1645 4533 de
1670 4479 1857 4533 multis
1878 4480 2082 4533 sanctis

502 4578 825 4626 accusatum
857 4570 1099 4640 legaliter
1119 4568 1473 4638 judicanlem,
1498 4581 1552 4625 et
1580 4585 1738 4626 enses
1768 4571 1902 4626 duos
1927 4571 2081 4626 valde

508 4662 733 4729 heriles,
771 4679 938 4717 unum
962 4679 1086 4718 cum
1127 4662 1343 4732 capulo,
1373 4672 1427 4716 et
1458 4662 1687 4716 alterum
1717 4663 1835 4717 sine
1892 4661 2083 4731 capulo

428 4790 437 4799 μ
510 4754 613 4809 sibi
641 4756 1035 4816 ostendentem,
1059 4767 1115 4808 et
1140 4754 1218 4808 sic
1240 4754 1546 4823 loquentem
1578 4770 1593 4807 :
1624 4771 1642 4803 ι
1667 4754 1762 4807 Die
1791 4753 1901 4823 regi
1932 4752 2079 4807 lieu-

512 4845 655 4908 rico,
685 4845 771 4898 ille
794 4844 943 4898 ensis
964 4845 1052 4913 qui
1084 4853 1169 4898 est
1214 4844 1331 4898 sine
1360 4843 1574 4912 capulo,
1605 4842 1872 4912 significat
1899 4857 2080 4912 regem

511 4937 605 5005 qui
634 4936 752 4989 sine
799 4935 1174 4990 benedictione
1222 4933 1515 5003 pontilicali
1565 4948 1788 5003 regnum
1841 4934 2077 4996 tenebit;

2111 4519 2163 4579 ι)

2177 1936 2282 1991 que
2318 1921 2430 1977 filio
2469 1922 2587 1991 ejus
2627 1925 2680 1979 in
2710 1941 2935 1998 regnum
2978 1927 3292 1994 sublimato,
3319 1931 3568 1985 eamdem
3596 1949 3761 2003 quam

2174 2011 2317 2079 patri
2348 2011 2694 2067 sedulitatem
2724 2015 2928 2069 servitii
2958 2024 3011 2070 et
3052 2016 3173 2071 fidei
3208 2020 3522 2074 lirmitatcm
3552 2022 3606 2076 in
3632 2039 3766 2078 cun~

2173 2107 2277 2162 ctis
2302 2107 2569 2177 impertiri
2600 2110 2871 2166 studebat.
2898 2110 3050 2166 Tunc
3079 2128 3207 2167 vero
3234 2116 3492 2184 temporis
3524 2117 3761 2171 habebat

2173 2199 2457 2270 episcopus
2505 2199 2791 2257 Udalricus
2829 2202 2997 2258 filium
3045 2204 3248 2259 sororis
3294 2218 3407 2260 suae
3443 2206 3758 2279 Luitgardaa

2172 2288 2328 2345 bona:
2356 2290 2575 2356 indolis,
2598 2290 2994 2348 Adalheronem
3020 2294 3259 2360 nomine,
3300 2296 3517 2350 cuidam
3559 2298 3761 2353 doctis-

2174 2380 2314 2435 simo
2345 2380 2632 2451 magistro,
2666 2379 2954 2436 Benedicto
2990 2382 3276 2447 monacho,
3302 2384 3369 2436 ad
3404 2383 3760 2439 erudiendum

2175 2472 2457 2527 scientiam
2509 2472 2881 2543 grammatica:
2928 2474 3063 2529 artis
3111 2483 3166 2529 et
3209 2474 3442 2528 aliorum
3498 2475 3757 2530 librorum

2173 2564 2631 2619 commendatum.
2662 2563 2906 2634 Cumque
2935 2563 3023 2619 ille
3056 2566 3123 2619 ab
3167 2580 3233 2620 eo
3261 2566 3312 2619 in
3339 2565 3596 2622 omnibus
3640 2583 3762 2638 pro-

2176 2654 2408 2711 fectibus
2434 2655 2591 2711 bona:
2630 2655 2874 2711 scientia:
2917 2665 2973 2711 et
3020 2656 3322 2727 disciplina:
3364 2657 3562 2713 doctus
3607 2669 3764 2731 atque

2175 2746 2433 2800 educatus
2464 2745 2519 2801 in
2550 2744 2705 2800 virile
2725 2746 2892 2800 robur
2913 2746 3236 2812 devenisset,
3264 2748 3450 2802 statim
3481 2749 3550 2804 de
3580 2751 3758 2805 schola

2175 2846 2493 2908 exemptus,
2543 2839 2613 2894 ab
2673 2837 2942 2894 avunculo
2986 2855 3085 2895 suo
3143 2840 3396 2911 episcopo
3452 2842 3762 2913 imperatori

2174 2934 2556 2996 praesentatus,
2586 2936 2641 2982 et
2681 2927 2736 2982 in
2778 2944 2968 2983 manus
3007 2927 3124 2998 eius
3169 2929 3564 2986 misericordia:
3613 2949 3753 2988 com-

2175 3018 2483 3083 mendatus,
2514 3019 2678 3090 regali
2717 3021 2937 3077 servitio
2965 3030 3072 3077 tam
3102 3023 3344 3078 studiose
3373 3033 3542 3094 atque
3572 3025 3761 3080 decen-

2181 3118 2264 3163 ter
2292 3109 2595 3175 insistebat,
2626 3127 2796 3182 usque
2831 3112 2959 3168 dum
3003 3114 3316 3185 imperatori
3361 3115 3480 3184 ejus
3525 3117 3764 3172 ministe-

2180 3200 2318 3254 rium
2344 3200 2399 3254 in
2424 3201 2805 3258 ecclesiasticis
2832 3213 2885 3259 et
2907 3204 3259 3261 saecularibus
3284 3206 3420 3261 bene
3448 3204 3758 3277 placuisset.

2179 3293 2255 3348 De
2286 3294 2388 3349 hae
2422 3308 2519 3363 pro
2542 3305 2692 3351 certo
2732 3295 3018 3351 sedulitate
3046 3295 3164 3366 ejus
3192 3298 3397 3352 servitii
3430 3301 3753 3368 quotidiani,

2179 3398 2496 3439 concessum
2526 3396 2610 3440 est
2638 3383 2755 3453 ejus
2800 3387 3065 3442 avunculo
3112 3397 3299 3442 sancto
3344 3386 3607 3444 Udalrico
3650 3391 3758 3459 epi-

2178 3490 2363 3545 scopo,
2409 3485 2467 3530 ut
2521 3476 2779 3546 praefatus
2821 3477 3090 3533 Adalbero
3144 3479 3200 3533 in
3243 3479 3361 3549 ejus
3406 3479 3533 3535 vice
3576 3480 3760 3535 itinera

2180 3568 2395 3623 hostilia
2425 3584 2549 3623 cum
2579 3568 2772 3624 militia
2815 3570 3107 3642 episcopali
3137 3570 3188 3624 in
3213 3571 3553 3627 voluntatem
3597 3573 3762 3643 impe-

2181 3659 2378 3714 ratsris
2405 3670 2708 3732 perageret,
2740 3670 2795 3716 ct
2819 3662 2872 3716 in
2902 3670 3057 3717 curte
3098 3663 3449 3731 imperatoris
3486 3665 3610 3735 ejus
3652 3666 3761 3719 vice

2179 3751 2497 3807 assiduitate
2538 3753 2745 3807 servitii
2792 3763 3113 3819 moraretur,
3143 3767 3205 3808 ea
3237 3753 3487 3809 videlicet
3514 3770 3680 3810 causa
3712 3762 3762 3807 ut

2177 3840 2401 3910 praefato
2442 3841 2682 3911 prmsuli,
2717 3842 2809 3897 Dei
2864 3843 3110 3909 servitio,
3171 3852 3226 3897 et
3273 3844 3538 3900 custodite
3592 3845 3763 3916 gregis

2178 3931 2566 3994 commendati,
2595 3942 2650 3986 et
2682 3932 3005 3987 utilitatibus
3024 3932 3290 3996 ecclesiae,
3315 3942 3371 3986 et
3397 3935 3757 3998 orationibus,

2178 4030 2231 4076 et
2260 4022 2619 4092 eleemosynis
2663 4022 2957 4077 secundum
3002 4039 3159 4077 suum
3195 4024 3522 4079 desiderium
3571 4025 3761 4079 immo-

2180 4114 2287 4168 rari
2315 4113 2577 4169 licuisset.
2601 4113 2693 4169 Ille
2717 4129 2865 4179 vero,
2889 4124 3148 4184 quantum
3172 4115 3525 4170 saecularibus
3539 4118 3684 4171 curis
3702 4132 3757 4170 se

2178 4205 2560 4261 absolutiorem
2584 4221 2705 4260 esse
2739 4207 3028 4275 persensiit
3049 4204 3192 4277 (sic),
3217 4215 3426 4260 tantum
3450 4208 3684 4278 scipsum
3707 4209 3757 4262 in

2180 4298 2274 4352 Dei
2303 4296 2580 4351 voluntate
2615 4293 2795 4351 facere
2826 4296 3101 4351 nitebatur
3133 4296 3535 4367 obligatiorem.
3565 4297 3757 4352 Cursus

2180 4386 2388 4441 scilicet
2451 4386 2801 4456 quotidianus
2865 4404 2985 4442 cum
3065 4387 3449 4442 matriculariis
3494 4387 3641 4460 (9.0)
3708 4388 3757 4441 in

2185 4478 2349 4533 choro
2394 4476 2634 4546 ejusdem
2682 4477 2979 4531 matriculae
3028 4477 3094 4531 ab
3141 4493 3206 4532 eo
3245 4487 3402 4532 caute
3431 4477 3758 4532 observaba-

2189 4579 2296 4634 tur,
2355 4569 2786 4638 quandocunque
2819 4568 2867 4622 ei
2918 4567 3062 4621 domi
3112 4569 3441 4623 manendum
3488 4567 3608 4621 alite
3668 4581 3756 4619 oc-

2184 4659 2500 4726 cupationes
2568 4665 2981 4712 consenserunt.
3053 4656 3279 4727 insuper
3341 4666 3523 4711 autem
3597 4670 3756 4709 unum

2184 4753 2402 4805 cursum
2431 4749 2485 4802 in
2517 4748 2722 4802 honore
2762 4754 2964 4801 sanctae
3010 4745 3192 4802 Maria:
3220 4746 3502 4817 genitricis
3553 4745 3663 4805 Dei,
3707 4751 3757 4796 et

2186 4844 2412 4895 alterum
2444 4840 2508 4893 de
2541 4848 2728 4893 sancta
2760 4854 2940 4903 cruce,
2989 4840 3207 4893 tertium
3255 4839 3319 4893 de
3354 4837 3609 4892 omnibus
3638 4851 3759 4891 san-

2186 4932 2314 4995 ctis,
2345 4938 2399 4984 et
2429 4930 2566 4982 alios
2589 4927 2823 4997 psalmos
2837 4928 3116 4998 plurimos,
3141 4935 3421 4997 totumque
3449 4927 3756 5000 psalterium
