3972 5428
225 363 359 420 1017

1756 350 1815 403 Ἠ
1835 351 1930 403 f.\.

3336 369 3471 427 1013

205 474 450 543 corporis
482 483 572 529 aut
601 472 818 544 aliquod
866 472 1102 529 studium
1152 472 1355 528 bonum
1404 471 1455 527 ei
1504 487 1611 528 non
1659 472 1786 528 sub-
1815 475 1860 533 Α
1889 469 2006 540 ejus
2027 481 2242 539 ornatu,
2273 475 2355 529 vel
2381 478 2448 532 de
2473 479 2745 546 paraturis
2763 479 3018 537 altarium
3039 490 3095 538 et
3125 482 3476 555 clericorum,

204 566 400 620 traxit.

272 656 358 711 lli.
427 654 608 711 Multis
652 655 989 725 temporibus
1034 669 1202 710 carne
1250 654 1535 719 abstinuit,
1587 653 1680 709 sed
1716 661 1798 708 ta-

204 764 324 803 men
365 748 488 803 aliis
525 762 649 802 cum
685 762 750 802 eo
780 747 1232 802 manducantibus
1259 747 1598 801 abundanter
1626 746 1798 801 dona—

203 838 300 891 vit.
344 836 402 893 in
445 837 778 906 quotidianis
821 836 1234 902 refectionibus,
1264 835 1482 905 quando
1526 851 1649 891 cum
1687 837 1801 890 suis

204 928 268 980 ad
311 942 555 982 mensam
582 928 829 993 sedebat,
869 928 1043 997 prima
1091 928 1360 998 appositio
1396 942 1596 996 panum
1637 936 1803 998 atque

204 1014 481 1082 ciborum,
526 1031 593 1071 ex
623 1018 857 1072 maxima
909 1026 1090 1087 parte,
1132 1031 1230 1087 per
1276 1017 1515 1087 aliquem
1546 1017 1804 1074 clericum

206 1104 297 1158 cui
325 1106 439 1159 haec
468 1106 844 1160 commendata
873 1115 1023 1172 sunt,
1053 1107 1384 1175 pauperibus
1436 1108 1797 1172 dividebatur,

212 1196 456 1265 exceptis
485 1195 570 1250 his
595 1196 802 1251 mancis
833 1205 996 1266 atque
1025 1197 1293 1252 debilibus
1315 1198 1428 1268 qui,
1460 1198 1512 1252 in
1558 1200 1807 1269 grabatu-

212 1282 279 1337 lis
307 1293 363 1338 et
391 1284 445 1338 in
474 1282 686 1339 lectulis
712 1293 767 1339 et
818 1285 873 1339 in
925 1285 1201 1341 scamellis
1248 1287 1611 1353 ambulantes,
1652 1298 1709 1343 et
1753 1289 1807 1343 in

213 1374 505 1444 sperulatis
534 1376 768 1441 lectulis,
796 1378 1173 1446 quotidianum
1204 1379 1410 1434 victum
1440 1380 1496 1435 in
1526 1381 1642 1451 ejus
1667 1398 1807 1452 prte-

215 1464 391 1518 sentia
437 1475 764 1532 acceperunt
793 1467 859 1521 de
885 1467 1114 1536 optimis
1143 1470 1286 1524 escis
1312 1479 1367 1524 et
1399 1471 1634 1541 potibus.
1662 1473 1810 1526 Alio-

217 1569 340 1608 rum
377 1565 559 1610 autem
609 1554 718 1626 (Ἠ)
768 1572 952 1624 nemo,
982 1560 1073 1628 qui
1113 1559 1167 1614 in
1213 1575 1311 1615 sua
1344 1565 1655 1631 praesentia,
1696 1564 1812 1619 sive

216 1656 383 1704 notus
438 1648 633 1704 fuisset
691 1651 805 1706 sive
861 1652 1113 1723 ignotus,
1201 1656 1381 1710 cibum
1439 1667 1807 1728 sumpserunt,

215 1735 467 1791 esuriens
490 1746 585 1791 aut
615 1738 808 1794 sitiens
835 1741 1143 1807 recedebat,
1174 1744 1279 1797 nisi
1319 1744 1611 1815 aliquando
1650 1748 1810 1803 incu-

1895 569 1950 618 ct
1974 563 2041 618 de
2088 563 2373 634 disciplina
2407 569 2793 625 canonicorum
2828 580 2883 627 et
2928 571 3133 639 schola,
3169 573 3237 629 de
3263 580 3479 630 susten-

1898 652 2105 706 tatione
2136 661 2191 707 et
2237 652 2538 709 salvatione
2569 657 2806 726 familiae,
2836 670 2892 716 et
2916 662 3153 733 qualiter
3178 664 3480 732 civitatem,

1899 755 2059 810 quam
2086 742 2283 812 ineptis
2327 742 2594 799 valliculis
2619 756 2675 801 et
2722 748 2882 820 lignis
2911 751 3145 821 putridis
3183 754 3483 810 circumda-

1902 838 2009 884 tam
2046 831 2272 898 invenit,
2314 835 2486 890 muris
2526 836 2745 907 cingere
2798 841 3081 909 valuisset,
3136 844 3261 914 quia
3307 844 3361 898 in
3400 847 3482 902 Ιι²ε

1903 923 2232 992 temporibus
2284 922 2627 995 Ungarorum
2679 930 2889 987 saevitia
2940 934 2993 988 in
3039 934 3158 989 istis
3192 936 3486 1005 provinciis

1903 1024 2058 1065 more
2108 1011 2497 1069 dmntoniorum
2544 1016 2921 1087 grasSabatur.
2977 1020 3103 1078 ΙΙωο
3146 1039 3278 1078 vero
3300 1026 3485 1081 omnia

1905 1114 2027 1155 cum
2045 1101 2287 1158 exterius
2307 1117 2528 1157 suorum
2557 1104 2795 1161 fidelium
2824 1110 3079 1166 consultu
3095 1121 3484 1183 pertractaret,

1906 1199 2043 1245 aestu
2079 1201 2261 1247 tamen
2296 1194 2528 1251 interius
2558 1197 2734 1253 Divini
2766 1202 2969 1258 amoris
3006 1218 3318 1270 succensus,
3348 1208 3488 1278 vigi-

1908 1281 1996 1337 liis
2023 1292 2078 1338 et
2105 1285 2443 1342 orationibus
2485 1295 2541 1342 et
2562 1287 2785 1359 jejuniis
2833 1300 2887 1347 et
2911 1292 3272 1367 eleemosynis
3297 1296 3408 1352 Deo
3431 1313 3491 1354 se

1909 1372 2119 1426 sociare
2157 1374 2555 1430 studiosissime
2601 1376 2916 1447 festinabat,
2959 1397 3177 1453 semper
3232 1386 3340 1440 culi
3380 1402 3492 1441 sum

1910 1469 2126 1524 laneum
2152 1485 2427 1540 apponens
2456 1473 2858 1541 vestimentum,
2909 1485 2965 1532 et
2985 1479 3228 1550 regulam
3257 1496 3492 1550 sequens

1911 1561 2321 1615 monachorum.
2376 1561 2509 1617 Post
2558 1563 2985 1635 Cotnpletorium
3030 1585 3333 1641 nunquam,
3371 1588 3497 1641 pro-

1912 1658 2036 1716 pter
2091 1649 2253 1704 ullius
2305 1651 2540 1707 hominis
2584 1655 2924 1724 petitionem,
2950 1673 3131 1714 escam
3168 1660 3250 1715 vel
3288 1670 3493 1731 potum,

1915 1739 2260 1797 delectationi
2306 1744 2551 1814 corporis
2594 1761 2705 1801 sua:
2734 1749 3107 1815 consentiens,
3154 1755 3404 1822 sumpsit.
3438 1753 3495 1806 In

216 1826 298 1879 ria
327 1833 422 1879 aut
449 1827 660 1882 tenacia
703 1828 1076 1885 ministrorum
1123 1833 1443 1903 contigisset
1480 1844 1670 1891 contra
1695 1838 1808 1908 epi-

1916 1832 2143 1889 mollitia
2168 1834 2422 1904 plumarii
2447 1852 2553 1892 non
2586 1838 2864 1906 dormivit,
2892 1842 2986 1897 sed
3033 1843 3270 1912 psiathio
3294 1844 3406 1915 (24)
3440 1852 3499 1900 et

214 1915 367 1984 scopi
421 1916 773 1973 voluntatem.
830 1919 1084 1991 llospites
1136 1933 1315 1978 autem
1380 1941 1506 1981 cum
1566 1928 1635 1983 ad
1680 1944 1805 1984 eum

214 2007 593 2075 devertissent,
652 2011 892 2080 tripudio
921 2022 979 2068 et
1028 2024 1176 2070 tanta
1234 2017 1506 2074 hilaritate
1534 2019 1715 2076 vultus
1755 2028 1809 2077 et

213 2099 387 2154 animi
427 2104 664 2173 suscepti
694 2114 823 2158 sunt
857 2106 990 2160 etin
1020 2108 1271 2163 omnibus
1311 2112 1609 2179 procurati,
1642 2113 1807 2168 veluti

213 2189 299 2244 eis
349 2191 556 2259 optime
609 2195 991 2262 conveniebat,
1040 2198 1221 2254 sciens
1256 2200 1309 2254 in
1338 2200 1416 2255 eis
1448 2200 1724 2257 Christum
1751 2219 1810 2259 se

214 2281 544 2348 suscepisse,
594 2281 686 2337 illo
721 2284 935 2340 dicente
972 2304 986 2339 :
1037 2284 1242 2358 Hospes
1278 2288 1382 2357 fui,
1424 2300 1473 2343 et
1507 2293 1808 2367 suscepistis

214 2387 299 2422 me
325 2368 539 2439 (Matth.
582 2375 731 2444 xxv).
765 2376 965 2432 Vasalli
1013 2389 1194 2433 autem
1227 2381 1334 2452 (23)
1366 2382 1711 2452 imperatoris
1741 2385 1810 2439 ab

212 2476 281 2515 eo
313 2472 597 2534 pergentes
631 2466 709 2520 vel
734 2467 801 2521 ad
835 2482 958 2522 eum
984 2471 1296 2538 redeuntes,
1347 2488 1562 2527 summo
1603 2476 1810 2531 honore

214 2554 555 2623 suscepti,et
590 2555 643 2609 in
674 2564 881 2612 tantum
914 2571 1042 2615 sunt
1089 2562 1385 2632 epulcntati
1439 2573 1497 2618 ut
1561 2564 1615 2619 in
1663 2567 1810 2623 nullo

213 2658 315 2699 eos
337 2652 434 2698 aut
450 2642 701 2713 jumenta
733 2663 921 2703 eorum
946 2650 1052 2705 ulla
1087 2652 1386 2725 indigentia
1414 2654 1687 2726 fatigaret,
1719 2673 1811 2713 ac-

214 2736 503 2807 ceptisque
529 2752 715 2792 secum
750 2739 1036 2810 stipendiis
1079 2743 1286 2799 itineris
1330 2761 1517 2801 eorum
1562 2764 1814 2804 necessa-

216 2828 342 2893 riis,
384 2826 492 2882 lzcti
543 2830 611 2884 ab
662 2843 728 2884 eo
775 2832 1380 2891 rcdirent.'Monachos
1428 2849 1609 2892 autem
1648 2847 1811 2908 atque

219 2922 458 2977 clericos
508 2932 563 2977 et
619 2925 1062 2981 sanctimoniales
1126 2943 1250 2981 cum
1314 2930 1597 2986 visitantes
1658 2947 1811 2988 more

220 3012 461 3065 filiorum
495 3012 719 3077 amavit,
760 3023 816 3068 et
844 3015 1214 3082 spiritualibus
1239 3032 1332 3072 eos
1362 3028 1526 3088 atque
1554 3035 1811 3090 corpora-

214 3101 363 3156 libus
405 3102 547 3157 escis
595 3103 935 3159 abundanter
976 3107 1263 3172 recreavit,
1306 3117 1513 3163 etcum
1558 3109 1649 3163 illo
1692 3125 1809 3164 ma-

1908 1939 2039 1995 sago
2064 1933 2159 1980 aut
2213 1927 2431 1997 tapetiis
2460 1930 2757 1999 suppositis
2790 1932 3080 2002 requievit.
3114 1933 3170 1988 in
3194 1943 3354 1988 nocte
3383 1934 3498 2003 pri-

1909 2029 2057 2067 mum
2108 2025 2338 2071 sonante
2387 2017 2543 2089 signo
2581 2022 2842 2088 surrexit,
2893 2032 2949 2077 et
2990 2025 3278 2093 pnedictos
3300 2040 3498 2080 cursus

1912 2104 2149 2180 maxima
2179 2107 2389 2162 cautela
2414 2109 2727 2180 complevit.

1978 2192 2069 2248 IV.
2104 2175 2341 2265 Tempus
2369 2212 2497 2254 vero
2523 2175 2963 2272 Quadragesisna:
2984 2213 3183 2273 quanta
3209 2205 3500 2263 devotione

1909 2288 2234 2355 celebraret,
2276 2306 2456 2347 sermo
2488 2294 2621 2347 mihi
2667 2311 2774 2350 non
2812 2296 3009 2352 sufficit
3031 2298 3096 2352 ad
3125 2300 3496 2366 narrandum;

1909 2378 2004 2432 sed
2033 2389 2211 2433 tamen
2242 2397 2304 2435 ea
2336 2396 2457 2450 quae
2486 2383 2720 2439 vidimus
2747 2400 2852 2440 non
2884 2387 3041 2441 decet
3062 2386 3219 2442 nobis
3246 2388 3298 2442 in
3325 2398 3499 2445 totum

1909 2468 2181 2522 emittere.
2212 2469 2495 2525 Matutinis
2548 2488 2786 2543 namque
2818 2473 3067 2530 laudibus
3110 2477 3364 2546 expletis,
3402 2493 3501 2534 au-

1909 2574 2034 2613 rora
2055 2560 2161 2615 diei
2186 2562 2361 2630 prima
2391 2561 2791 2631 illuscescente,
2813 2566 2935 2622 aliis
2961 2568 3301 2623 orationibus
3318 2569 3504 2640 exple-

1908 2650 1980 2705 tis
2007 2650 2237 2721 psallere
2274 2653 2593 2724 psalterium
2620 2658 2806 2728 cmpit,
2844 2675 2950 2729 quo
2974 2661 3191 2730 expleto
3219 2672 3274 2717 et
3299 2663 3499 2719 ietania

1908 2740 2147 2809 expleta,
2176 2741 2301 2798 aliis
2329 2745 2672 2802 orationibus
2713 2747 2946 2804 firmiter
2972 2750 3280 2819 insistebat,
3322 2769 3497 2825 usque

1909 2832 2036 2885 dum
2078 2834 2294 2905 signum
2326 2838 2394 2891 ad
2435 2837 2650 2907 vigilias
2693 2839 3069 2897 defunctorum
3116 2855 3359 2910 sonaret,
3385 2861 3496 2916 quo

1909 2922 2094 2977 auditu
2122 2925 2305 2978 statim
2351 2927 2611 2994 surrexit,
2669 2940 2727 2985 et
2763 2946 2888 2986 cum
2930 2930 3190 2989 fratribus
3250 2933 3523 3006 Vigiliam'

1909 3014 2207 3070 celebravit
2232 3027 2285 3072 et
2299 3015 2569 3086 Primam;
2599 3020 2778 3078 Prima
2807 3039 2936 3079 vero
2964 3026 3203 3096 expleta,
3236 3021 3500 3084 fratribus

1913 3103 2072 3160 solito
2098 3122 2248 3162 more
2275 3124 2494 3164 crucem
2537 3114 2901 3182 portantibus,
2947 3115 3061 3184 ipse
3108 3132 3398 3173 remanens
3441 3119 3497 3174 in

214 3207 351 3249 nere
399 3196 671 3248 concessit
725 3194 963 3263 quandiu
1020 3210 1210 3250 eorum
1256 3198 1523 3252 voluntati
1572 3201 1810 3269 compla-
1838 3175 1881 3235 (ἶ
1914 3197 2146 3252 ecclesia
2186 3200 2490 3257 codiculum
2534 3203 2840 3261 breviatum
2874 3223 2940 3263 ex
2973 3209 3197 3279 psalmis
3223 3225 3347 3266 cum
3377 3211 3500 3267 aliis

218 3284 369 3349 cuit,
398 3291 456 3337 et
483 3298 725 3354 congruo
766 3294 1005 3355 tempore
1053 3286 1107 3341 in
1154 3288 1409 3344 omnibus
1446 3288 1709 3344 hilaratos
1729 3291 1810 3346 ire

218 3376 451 3432 dimisit.
480 3377 722 3432 Clericos
751 3388 932 3435 autem
963 3395 1089 3435 suos
1117 3395 1185 3435 ex
1230 3378 1460 3447 familia,
1485 3382 1569 3437 vel
1610 3381 1811 3438 liberos

219 3469 534 3525 mediocres
564 3470 648 3524 vel
680 3471 999 3535 nobiliores,
1031 3487 1243 3527 summa
1286 3472 1566 3543 diligentia
1600 3475 1810 3531 nutrire

218 3567 278 3614 et
303 3558 504 3612 docere
531 3560 815 3628 prtecepit,
861 3570 917 3614 et
951 3576 1329 3630 quoscumque
1369 3563 1511 3615 inter
1565 3578 1660 3618 eos
1707 3565 1810 3619 ho-

221 3662 358 3702 nore
375 3646 568 3717 dignos
590 3650 865 3719 cognovit,
928 3650 1248 3705 ministeriis
1277 3660 1335 3706 et
1362 3653 1616 3722 congruis
1642 3654 1806 3709 bene-

218 3737 367 3793 ficiis
420 3739 643 3794 ditiores
704 3738 854 3795 fecit.
888 3742 1040 3795 Laici
1101 3749 1283 3796 autem
1316 3758 1427 3797 sum
1456 3744 1811 3798 dominationi

219 3828 475 3900 Subiecti,
531 3845 749 3900 semper
793 3847 917 3886 cum
968 3847 1036 3887 eo
1084 3833 1233 3886 omni
1270 3833 1478 3889 honore
1525 3845 1579 3889 et
1625 3835 1810 3890 laetitia

221 3922 733 3988 comntot'abantur,
768 3923 971 3976 nullam
997 3922 1335 3994 deceptionis
1358 3924 1603 3979 fraudem
1628 3927 1696 3980 ab
1723 3926 1812 3981 illo

223 4009 346 4066 fieri
399 4011 678 4077 timentes,
732 4014 825 4066 sed
857 4010 1088 4068 firmiter
1129 4014 1415 4069 credentes
1462 4024 1628 4083 atque
1663 4025 1812 4070 certe

225 4097 673 4173 scientes[quod]
694 4102 953 4171 quidquid
976 4102 1056 4156 eis
1083 4103 1428 4180 promiserat,
1454 4103 1556 4159 hoc
1584 4105 1811 4162 Domino

233 4199 513 4244 annuente
535 4192 916 4261 compendiose
940 4190 1261 4261 perfecerat.
1292 4194 1369 4249 De
1398 4193 1601 4248 familia
1630 4206 1809 4252 autent

223 4280 275 4335 ei
307 4280 598 4334 commissa
631 4282 961 4352 quicumque
980 4291 1109 4339 ante
1130 4297 1252 4338 eum
1284 4295 1507 4341 venerat
1533 4302 1592 4342 se
1630 4288 1812 4343 excla-

223 4371 426 4427 t'nandn
454 4370 651 4442 injuste
701 4387 822 4428 esse
846 4389 1166 4443 oppressum
1204 4377 1285 4431 vel
1310 4378 1692 4449 exSpoliatum,
1716 4391 1810 4438 aut

224 4462 409 4533 aliquo
448 4465 608 4520 modo
650 4465 970 4533 injuriatum
1009 4468 1074 4522 de
1118 4468 1338 4523 domino
1382 4473 1603 4542 proprio
1632 4474 1719 4528 cui
1753 4475 1806 4529 in

223 4553 550 4611 beneficium
581 4571 873 4611 concessus
917 4566 1056 4623 erat,
1105 4558 1219 4612 sive
1268 4560 1334 4613 de
1384 4576 1647 4617 conservo
1673 4565 1809 4632 ejus,

226 4645 393 4702 velde
406 4648 513 4702 alio
528 4648 733 4718 aliquo,
752 4649 819 4703 ad
852 4648 1111 4702 rationem
1137 4647 1253 4716 ejus
1270 4659 1427 4704 caute
1450 4653 1805 4721 auscultavit;

227 4745 284 4793 et
313 4737 402 4791 ubi
444 4740 699 4809 cognovit
745 4738 944 4807 injuste
973 4746 1165 4794 contra
1220 4754 1343 4793 eum
1391 4741 1590 4796 factum
1621 4743 1809 4814 fuisse,

223 4826 458 4881 firmiter
479 4827 766 4883 confestim
796 4829 1051 4900 praecepit
1090 4839 1146 4883 ut
1173 4830 1433 4900 iniquitas
1462 4833 1510 4887 ei
1535 4832 1672 4889 facta
1704 4837 1810 4892 cito

226 4916 643 4982 emendaretur,
711 4926 767 4972 et
828 4933 935 4972 non
987 4919 1171 4973 omisit
1218 4919 1390 4976 donec
1432 4924 1806 4991 perficeretur.

226 5000 555 5071 Legitimum
590 5023 721 5062 vero
744 5007 834 5075 jus
851 5011 1014 5065 totius
1038 5011 1275 5076 familiae,
1300 5028 1409 5082 quo
1436 5031 1536 5084 pro
1557 5028 1807 5074 anteces-

230 5094 444 5149 soribus
465 5096 578 5152 suis
601 5099 878 5165 utebatur,
905 5100 1135 5154 firmiter
1163 5116 1280 5154 eam
1307 5114 1491 5159 tenere
1513 5110 1809 5170 concessit.

226 5194 281 5239 et
308 5187 506 5243 nullius
527 5190 810 5260 potestatis
834 5192 1106 5248 hominem
1134 5195 1233 5248 sub
1272 5211 1373 5250 suo
1416 5199 1676 5270 regimine
1714 5204 1808 5258 de-

227 5287 444 5346 gentem
505 5281 607 5335 hoc
654 5281 703 5334 ei
756 5281 943 5339 tollere
1001 5284 1271 5353 permisit.
1328 5287 1453 5344 Otio
1484 5291 1632 5346 inani
1664 5295 1813 5350 nullo

1435 5380 1504 5400 3-1

228 5378 471 5400 Ine-\nnnn
515 5372 751 5400 hil:nllldli
801 5388 955 5400 n....-..
997 5373 1277 5400 ηιιῑ⁷ιειὶηιιαη
1337 5389 1419 5400 ,κει

1910 3289 2246 3346 ονειῑίοιιίιωε
2294 3292 2515 3347 interim
2553 3297 2883 3363 decantavit,
2936 3314 3107 3370 usque
3154 3302 3280 3355 dum
3300 3302 3502 3357 fratres

1910 3394 2032 3433 cum
2064 3395 2230 3436 cruce
2267 3384 2509 3438 redirent
2564 3396 2619 3441 et
2661 3388 2886 3443 missam
2916 3390 3334 3445 sacrificationis
3352 3393 3500 3447 celo-

1910 3470 2070 3526 brare
2111 3473 2430 3542 cwpissent,
2473 3475 2587 3546 ipse
2636 3478 2872 3547 primum
2918 3481 3113 3535 devote
3155 3481 3265 3535 Deo
3292 3481 3503 3537 sacriﬁ-

1911 3560 2055 3615 cium
2110 3562 2364 3631 ofl‘erens,
2415 3581 2636 3620 manum
2678 3571 2981 3625 sacerdotis
3017 3572 3298 3626 humilter
3345 3588 3503 3629 oscu-

1912 3648 2048 3703 lans.
2084 3649 2315 3718 Expleta
2366 3668 2496 3708 vero
2540 3656 2728 3723 missa,
2776 3658 3019 3715 Tertiam
3070 3677 3194 3716 cum
3238 3662 3504 3721 fratribus

1910 3738 2149 3808 explevit
2182 3757 2197 3805 ;
2234 3740 2495 3799 fratribus
2522 3760 2654 3801 vero
2685 3748 2753 3802 ad
2804 3750 3097 3819 capitulum
3129 3756 3502 3824 pergentibus,

1913 3830 2029 3899 ipse
2052 3833 2215 3887 solito
2245 3850 2399 3890 more
2426 3836 2481 3890 in
2508 3838 2741 3894 ecclesia
2768 3845 3057 3909 remansit,
3087 3847 3259 3901 donec
3284 3849 3500 3919 signum

1911 3922 1979 3974 ad
2008 3922 2229 3977 Sextam
2263 3934 2507 3980 sonaret.
2532 3926 2695 3984 Sexta
2723 3940 2904 3987 autem
2933 3934 3065 3988 hora
3092 3937 3331 4007 expleta,
3365 3939 3506 3996 alta-

1912 4012 1991 4066 ria
2019 4014 2287 4068 circuibat
2313 4029 2436 4070 cum
2466 4018 2885 4085 venia,cautans
2908 4023 3158 4080 Miserere
3180 4032 3302 4095 mei,
3330 4028 3499 4098 Deus,

1910 4110 1966 4155 et
1998 4101 2074 4156 De
2095 4104 2406 4174 profundis;
2463 4117 2591 4164 tunc
2639 4112 2857 4167 demum
2899 4116 2968 4169 ad
3009 4117 3315 4173 cubiculum
3344 4122 3504 4178 rediit

1915 4196 1981 4249 ad
2007 4195 2292 4252 lavandum
2322 4198 2519 4255 facient
2557 4218 2712 4259 suam
2749 4215 2806 4261 ct
2829 4209 2896 4262 ad
2950 4210 3173 4267 missam
3198 4228 3257 4268 se
3286 4228 3498 4285 praepa-

1910 4288 2160 4343 randum.
2192 4289 2481 4346 Missarnm
2513 4304 2694 4350 autem
2752 4299 3217 4360 celebrationibus
3263 4307 3503 4377 eXpletis

1910 4385 1966 4431 et
2006 4376 2262 4450 Vesperis
2302 4384 2637 4452 decantatis,
2685 4388 2752 4442 ad
2795 4390 3146 4460 hospitiolum
3201 4376 3505 4469 pauperum

1842 4515 1888 4576 Β
1914 4473 2181 4541 pervenit,
2212 4483 2269 4528 et
2291 4475 2577 4532 duodecim
2604 4495 2901 4551 pauperum
2932 4487 3098 4554 pedes
3120 4489 3271 4555 lavit,
3296 4502 3353 4546 et
3381 4494 3505 4548 nai-

1917 4565 2115 4634 cuique
2164 4582 2354 4622 eorum
2420 4569 2488 4624 de
2549 4574 2739 4627 accolo
2798 4577 3031 4642 pretium
3087 4582 3248 4637 unius
3292 4585 3507 4640 denarii

1918 4655 2159 4709 donavit.
2181 4657 2311 4713 Inde
2346 4660 2588 4728 rediens,
2615 4665 2682 4717 ad
2708 4680 2951 4720 mensam
2986 4684 3285 4737 pransurus
3314 4690 3511 4730 conse-

1916 4743 2016 4810 dit,
2050 4746 2121 4799 ibi
2161 4746 2320 4802 lectio
2349 4764 2454 4804 non
2487 4751 2677 4819 defuit,
2729 4770 2829 4811 nec
2867 4759 3255 4825 praedictorum
3294 4779 3505 4835 paupe-

1919 4854 2035 4893 rum
2069 4840 2357 4898 multitudo
2378 4846 2619 4914 copiosa.
2652 4848 2915 4920 Apposita
2943 4869 3065 4908 cum
3119 4858 3316 4925 gaudio
3362 4875 3509 4915 sum-

1916 4930 2044 5000 psit,
2072 4941 2126 4986 et
2152 4948 2276 4988 cum
2300 4951 2365 4990 eo
2406 4940 2756 4995 manentibus
2811 4945 3042 4998 maxima
3094 4947 3370 5006 hilaritate
3396 4953 3511 5008 dis-

1917 5020 2126 5088 tribuit,
2152 5027 2445 5082 recordans
2470 5028 2597 5084 illud
2613 5030 2859 5101 Apostoli
2879 5052 2895 5089 :
2932 5034 3170 5091 Hilarem
3196 5043 3335 5096 enim
3355 5043 3513 5098 dato-

1918 5124 2022 5162 rem
2057 5111 2229 5180 diligit
2266 5114 2408 5170 Deus
2435 5116 2523 5188 (II
2551 5118 2675 5174 (Sor.
2726 5125 2829 5195 Ix).
2876 5124 3178 5195 Unicuique
3198 5132 3342 5184 enim
3369 5147 3510 5202 pra:-

1918 5202 2080 5258 hehat
2135 5208 2282 5273 quod
2332 5222 2454 5264 cum
2508 5210 2869 5272 libentissime
2919 5228 3137 5271 sumere
3182 5223 3511 5279 aestimabat.

1918 5291 2051 5349 Cibo
2074 5289 2206 5350 véro
2239 5312 2585 5370 consumpto,
2633 5313 2690 5358 et
2719 5308 2979 5362 omnibus
3029 5322 3153 5361 cum
3185 5326 3253 5366 eo
3277 5330 3520 5370 commo-
