3972 5428
479 290 618 350 ιοιθ

1502 289 1562 348 S.
1607 289 1926 347 UDALRICI
1966 286 2362 346 ACCUSTANI
2404 285 2726 346 EPlSCOPl.

3582 298 3719 354 H330

483 412 589 468 nisi
613 424 736 467 cum
760 407 869 464 Deo
891 414 948 463 et
982 405 1184 463 sanctis
1237 403 1377 476 ejus,
1406 423 1577 475 usque
1605 407 1672 460 ad
1704 405 1924 460 alterius
1949 404 2052 459 diei
2084 412 2128 465 Α
2158 406 2502 473 desisterent,
2535 419 2896 477 caeterumque
2925 405 3178 480 populum
3204 405 3365 464 Pater
3391 418 3570 466 noster
3598 426 3722 467 cum

487 501 724 556 Primam
744 507 1017 570 peractam
1042 495 1264 551 omnino
1307 495 1583 552 devitavit.
1616 494 1727 549 Hoc
1756 495 1914 548 modo
1942 493 2055 548 dies

487 589 921 660 Quadragesima:
951 586 1210 656 explevit,
1233 600 1406 656 usque
1445 585 1498 639 in
1531 584 1674 640 diem
1705 582 2055 653 indulgentiae

485 698 645 755 quem
674 682 859 736 dicunt
912 679 1116 735 Pascha
1141 680 1466 750 palmarum,
1516 693 1581 733 eo
1624 677 1711 732 die
1741 692 1897 731 mane
1923 676 2056 745 dilu-

491 773 611 828 culo
633 772 701 827 ad
732 770 987 826 Sanctam
1015 769 1202 824 Afram
1237 768 1338 838 (25)
1374 768 1643 834 veniebat,
1670 768 1714 822 si
1751 768 1802 821 in
1832 774 2054 835 praeter-

485 862 560 915 ita
609 867 765 916 nocte
831 858 904 914 ibi
946 873 1051 912 non
1109 856 1404 920 manebat,
1456 856 1675 909 missam
1728 855 1793 909 de
1855 853 2055 908 Sancta

484 951 751 1007 Trinitate
779 949 1055 1012 cantabat,
1078 955 1132 1002 et
1153 961 1331 1000 ramos
1355 944 1656 1015 palmarum
1693 945 2058 999 diversarum-

485 1061 590 1115 que
633 1043 903 1099 frondium
957 1038 1330 1103 benedicebat,
1362 1037 1760 1109 Evangelioque
1805 1034 2058 1090 etcruci-

482 1136 585 1192 bus
615 1145 669 1192 et
693 1134 978 1190 fanonibus
1015 1131 1141 1202 (26),
1175 1138 1231 1185 et
1261 1144 1381 1184 cum
1405 1128 1577 1200 elligie
1601 1127 1840 1182 sedentis
1867 1126 2057 1181 Domi-

483 1228 539 1281 ni
575 1240 736 1295 super
756 1224 994 1288 asinum,
1046 1236 1168 1276 cum
1225 1219 1439 1275 clericis
1471 1228 1527 1274 et
1575 1218 1924 1273 multitudine
1963 1232 2055 1287 po-

484 1317 595 1388 puli
625 1332 803 1372 ramos
830 1315 1129 1385 palmarum
1166 1313 1221 1366 in
1260 1309 1509 1366 manibus
1541 1310 1827 1381 portantis,
1855 1318 2056 1364 etcum

485 1408 887 1465 cantationibus
916 1406 969 1460 in
997 1406 1255 1461 honorem
1302 1402 1544 1472 ejusdem
1572 1401 1676 1456 diei
1719 1400 2053 1470 compositis,

484 1512 685 1557 etcum
732 1514 927 1570 magno
975 1498 1171 1552 decore
1213 1495 1475 1565 pergebat
1521 1507 1691 1562 usque
1738 1492 1807 1547 ad
1864 1491 2054 1546 collem

485 1607 603 1662 qua:
637 1589 834 1645 dicitur
887 1586 1170 1651 Perleich,
1223 1585 1407 1655 ibique
1461 1582 1674 1637 obviam
1717 1580 1766 1636 ei
1810 1579 2059 1635 veniebat

483 1683 682 1738 chorus
719 1678 1105 1735 canonicorum
1148 1691 1270 1731 cum
1311 1671 1716 1745 pulchritudine
1746 1683 1972 1740 magna,
1999 1675 2056 1723 et

484 1787 609 1828 cum
633 1768 844 1825 civibus
891 1767 985 1838 qui
1016 1767 1070 1821 in
1121 1741 1338 1820 civitate
1379 1768 1776 1823 remanserant,
1804 1766 1857 1814 et
1879 1757 1971 1829 qui
1994 1758 2058 1813 de
2086 1741 2133 1803 Β

483 1860 694 1933 oppidis
719 1854 1229 1927 circumjacentibus
1250 1852 1381 1923 ipsis
1407 1865 1467 1906 se
1487 1850 1717 1921 iungere
1741 1846 2049 1911 voluerunt,

491 1955 589 2018 ibi,
642 1952 708 2007 ad
747 1949 1071 2006 imitandum
1110 1945 1468 2001 humilitatem
1517 1955 1806 2013 puerorum
1837 1950 2061 1994 canem-

487 2057 716 2113 rumque
742 2040 1087 2113 populorum,
1120 2036 1284 2092 ramis
1310 2034 1611 2106 palmarum
1634 2040 1690 2087 et
1711 2029 2057 2086 vestimentis

464 2120 599 2189 suis
648 2132 791 2186 viam
840 2128 1216 2184 sternentium.
1283 2124 1353 2179 lis
1410 2121 1661 2192 expletis,
1689 2120 1775 2175 vir
1837 2127 2058 2174 sanctus

484 2222 1020 2293 congruentissimam
1071 2215 1493 2273 admonitionem
1541 2212 1607 2267 de
1650 2210 1902 2282 passione
1953 2208 2059 2262 Do-

485 2313 614 2368 mini
647 2312 713 2365 ad
758 2326 950 2366 omnes
1003 2308 1149 2372 fecit,
1187 2319 1424 2375 eousque
1470 2318 1613 2372 saepe
1651 2312 1710 2355 ut
1756 2300 1845 2355 ille
1882 2299 2055 2366 ﬁeret,

486 2401 719 2471 ﬂetuque
746 2416 843 2455 suo
870 2397 1068 2453 multos
1107 2395 1236 2451 ﬁere
1263 2395 1498 2449 fecisset.
1526 2389 1906 2447 Admonitione
1937 2402 2057 2460 per-

487 2504 606 2549 acta
657 2505 845 2547 omnes
891 2487 1050 2545 simul
1108 2488 1276 2541 Deum
1325 2484 1607 2538 laudantes
1658 2482 1723 2535 ad
1772 2479 2055 2536 ecclesiam

490 2582 825 2639 matriculam
855 2587 1233 2651 pervenerunt,
1265 2576 1447 2646 ibique
1475 2575 1693 2628 missam
1722 2588 1842 2627 cum
1873 2586 1938 2625 eo
1968 2585 2060 2625 ce-

490 2676 853 2734 lebraverunt,
885 2681 942 2727 et
967 2670 1093 2724 inde
1117 2682 1305 2724 omnes
1335 2666 1394 2751 iq
1415 2681 1511 2720 sua
1541 2664 1833 2718 redierunt.
1862 2660 2058 2716 Postea

490 2773 668 2819 autem
696 2763 751 2819 in
779 2763 865 2817 bis
890 2761 1060 2816 tribus
1098 2759 1286 2814 diebus
1310 2756 1577 2828 contiguis
1607 2753 1865 2826 synodale
1894 2752 2059 2809 collo-

489 2855 672 2924 quium
704 2853 905 2908 habere
932 2848 1233 2914 consuevit,
1271 2862 1337 2904 eo
1380 2845 1523 2916 quod
1571 2858 1806 2900 canones
1836 2842 1944 2914 (27)
1976 2842 2059 2897 bis

491 2947 545 3001 in
593 2959 734 3000 anno
809 2944 1182 3013 episcoporum
1244 2938 1471 2996 concilia
1517 2936 1632 2991 ﬁeri
1690 2934 2052 3005 praecipiunt:

491 3051 656 3091 unum
693 3050 761 3089 xv
788 3033 906 3089 Kal.
934 3033 1078 3098 0ct.,
1107 3040 1162 3087 et
1189 3031 1330 3086 aliud
1354 3038 1545 3100 quarta
1571 3025 1907 3082 hebdomada
1939 3032 2059 3095 post

491 3128 722 3199 pascha;
756 3127 860 3181 hoc
900 3127 953 3180 in
994 3125 1096 3180 isto
1129 3134 1368 3193 tempore
1411 3120 1670 3192 perlicere
1709 3119 1965 3183 decrevit,
1991 3133 2060 3172 ne

493 3216 548 3271 in
594 3224 752 3271 antea
810 3215 861 3270 ei
912 3215 1126 3283 aliquod
1171 3212 1503 3267 obstaculum
1554 3210 1684 3264 illud
1745 3208 2059 3278 perﬁciendi

496 3306 937 3377 impedimentum
970 3304 1197 3367 faceret,
1222 3312 1275 3357 et
1316 3309 1375 3355 ut
1420 3302 1473 3355 in
1511 3314 1665 3356 caena
1700 3299 1913 3353 Domini
1940 3310 2062 3353 cum

492 3398 682 3451 eadem
710 3393 1051 3449 multitudine
1090 3392 1411 3447 clericorum
1460 3398 1516 3444 et
1541 3387 1724 3460 populi
1768 3387 1981 3457 plenius
2008 3394 2064 3442 et

495 3484 938 3541 honoriﬁcentius
1003 3483 1239 3538 chrisma
1282 3491 1337 3536 et
1382 3479 1559 3535 oleum
1608 3478 2060 3534 sanctiﬁcaretur.

493 3576 572 3631 Eo
599 3590 727 3630 vero
757 3572 862 3637 die,
890 3574 1023 3628 hora
1052 3573 1231 3637 tertia,
1274 3585 1461 3626 omnes
1497 3569 1698 3635 clerici,
1729 3569 2064 3624 solemuissi-

495 3670 600 3724 mis
628 3668 901 3738 paraturis
928 3667 1122 3732 induti,
1141 3672 1404 3721 venerunt
1433 3663 1486 3718 in
1516 3663 1819 3725 ecclesiam,
1846 3672 1900 3718 et
1929 3664 2064 3734 ipse,

496 3773 595 3813 suo
640 3772 791 3813 more
842 3755 1229 3827 gloriosissime
1277 3753 1342 3808 ad
1393 3753 1487 3808 Dei
1515 3752 1792 3807 servitium
1824 3762 2062 3821 paratus,

494 3864 617 3903 cum
647 3848 727 3903 eis
772 3863 984 3902 sacrum
1018 3845 1332 3916 mysterium
1363 3859 1523 3914 agere
1568 3843 1915 3898 devotissime
1957 3858 2068 3898 cm-

496 3940 594 4009 pit,
626 3938 967 4008 perlectoqne
993 3935 1307 4006 Evangelio,
1356 3945 1410 3991 et
1440 3938 1804 3993 admonitione
1828 3937 1968 3994 facta
1998 3938 2065 3993 ad

497 4031 773 4101 populum,
808 4038 863 4085 et
898 4028 1241 4084 confessione
1279 4028 1461 4099 populi
1509 4040 1755 4101 accepta,
1788 4030 2069 4101 indulgen-

498 4121 628 4174 tiam
656 4120 953 4175 humillime
984 4120 1064 4174 eis
1092 4117 1237 4184 fecit,
1266 4127 1321 4173 et
1355 4127 1463 4174 tota
1514 4122 1720 4192 synodo
1744 4120 2068 4176 oblationem

496 4209 779 4272 oll'erente,
827 4209 1124 4263 secundum
1172 4207 1439 4273 ordinem,
1486 4209 1799 4264 cautissime
1830 4209 2069 4278 implevit

498 4315 673 4370 usque
700 4300 768 4356 ad
789 4297 1219 4354 benedictionem
1246 4298 1557 4354 chrismatis
1585 4307 1639 4354 et
1659 4299 1793 4365 olei;
1819 4300 1922 4355 hoc
1944 4298 2070 4355 fecit

2160 510 2363 564 magna
2382 495 2679 552 humilitate
2702 498 2990 553 decantare
3018 499 3245 570 rogavit.
3266 499 3382 566 Quo
3412 500 3719 568 benedicta,

2156 595 2211 640 et
2239 586 2433 655 populo
2463 600 2620 641 sacro
2651 586 2845 642 viatico
2875 595 3138 654 recreato,
3170 585 3515 660 Vesperaque
3539 590 3725 662 exple-

2158 688 2234 741 ta,
2262 676 2330 731 ad
2379 677 2679 731 sacrarium
2717 678 2861 732 venit
2890 676 3126 733 chrisma
3176 686 3231 732 et
3274 678 3456 734 oleum
3507 679 3727 736 clericis

2157 767 2593 837 dispensandum.
2635 766 2731 822 His
2775 768 3118 839 dispensatis,
3155 768 3223 823 ad
3252 768 3551 838 hospitium
3594 785 3727 840 pano

2154 873 2343 927 perum
2385 857 2554 923 venit,
2608 866 2663 911 et
2705 857 2783 912 eis
2826 858 2986 912 solito
3013 873 3161 913 more
3213 859 3564 914 ministravit.
3598 861 3724 916 Inde

2156 955 2334 1000 autem
2377 946 2433 1000 in
2467 944 2752 1001 ecclesiam
2783 946 3095 1012 ambulavit,
3151 957 3206 1003 et
3251 957 3377 1003 ante
3421 950 3724 1004 sacrarium

2154 1038 2323 1102 venit,
2351 1036 2533 1108 ibique
2560 1053 2590 1091 a
2620 1036 2921 1092 camerario
2940 1037 3118 1093 allatis
3137 1038 3378 1094 vestibus
3402 1055 3556 1094 novis
3590 1052 3723 1096 auo-

2157 1129 2331 1185 decim
2379 1143 2643 1200 pauperes
2678 1129 2912 1195 vestivit,
2961 1138 3017 1184 et
3062 1130 3374 1185 acervulum
3403 1130 3577 1185 aceoli
3604 1130 3733 1185 aliis

2157 1221 2510 1291 dispensavit,
2541 1228 2595 1275 et
2628 1236 2694 1276 eo
2735 1220 2822 1275 die
2874 1219 3079 1275 nullum
3121 1221 3189 1275 ab
3219 1235 3284 1276 eo
3318 1236 3546 1276 vacuum
3580 1222 3732 1277 abire

2157 1314 2381 1380 dimisit,
2411 1314 2660 1386 quamvis
2702 1327 2887 1369 eorum
2930 1312 3215 1367 multitudo
3259 1328 3456 1383 magna
3490 1313 3730 1368 adesset.

2156 1407 2349 1466 Postea
2380 1407 2446 1462 ad
2482 1406 2663 1462 cibum
2705 1404 2873 1470 venit,
2902 1404 3202 1474 cibatisque
3234 1405 3488 1460 omnibus
3511 1420 3636 1460 cum
3664 1420 3732 1460 eo

2158 1497 2524 1561 manentibus,
2575 1494 2821 1565 exemplo
2873 1493 3083 1548 Domini
3131 1493 3293 1563 pedes
3339 1493 3735 1564 discipulorum

2157 1602 2378 1644 suorum
2414 1586 2595 1642 lavare
2625 1585 2807 1655 cmpit.
2838 1583 3237 1654 Lavationeque
3263 1600 3388 1640 cum
3417 1585 3737 1656 antipbonis

2158 1679 2578 1750 congruentibus
2598 1687 2651 1733 et
2673 1677 2916 1733 versibus
2935 1685 2991 1731 et
3008 1676 3327 1733 lectionibus
3347 1677 3737 1733 decentissime

2158 1778 2399 1841 peracta,
2445 1767 2635 1840 pocula
2666 1768 2867 1839 optima
2918 1768 2975 1821 in
3013 1767 3128 1822 suis
3159 1750 3404 1823 .cellariis
3446 1769 3733 1824 recondita

2158 1875 2281 1914 cum
2312 1873 2505 1930 magna
2531 1857 2800 1913 charitate
2822 1865 2878 1911 et
2902 1856 3204 1913 humilitate
3243 1855 3581 1913 sufﬁcienter
3609 1873 3737 1928 por-

2158 1947 2318 2013 rexit,
2348 1957 2426 2014 et,
2470 1947 2831 2017 Completorio
2859 1946 3099 2015 expleto,
3126 1946 3367 2001 membra
3402 1947 3457 2001 in
3492 1947 3588 2001 Dei
3625 1963 3736 2002 ser-

2156 2038 2289 2090 vitio
2315 2035 2538 2106 fatigata
2578 2035 2746 2106 quieti
2774 2034 2956 2090 lectuli
2982 2036 3401 2091 commendavit.
3430 2036 3528 2091 Die
3552 2049 3739 2092 autem

2157 2143 2467 2198 parasceve,
2522 2126 2671 2181 horis
2700 2127 2991 2182 secundum
3018 2127 3261 2182 ordinem
3292 2136 3452 2182 caute
3478 2128 3736 2198 expletis,

2156 2216 2374 2271 omissis
2408 2215 2528 2270 aliis
2559 2216 2827 2280 cursibus,
2872 2215 3034 2270 sicuti
3070 2215 3122 2269 in
3169 2229 3325 2270 creua
3355 2215 3600 2279 Domini,
3630 2217 3734 2269 nisi

2156 2308 2224 2367 ad
2254 2308 2501 2362 eumdem
2526 2307 2667 2363 diem
2694 2306 3113 2377 pertinentibus,
3136 2321 3293 2360 mane
3326 2304 3566 2360 diluculo
3587 2306 3731 2375 psal-

2157 2399 2351 2454 terium
2398 2398 2615 2468 explere
2664 2398 2967 2464 festinavit,
3016 2406 3092 2464 et,
3142 2414 3299 2454 sacro
3330 2398 3426 2452 Dei
3472 2399 3735 2469 mysterio

2157 2498 2486 2561 perpetrato,
2500 2490 2799 2559 populoque
2822 2505 2979 2546 sacro
2999 2489 3197 2546 Christi
3219 2505 3446 2560 corpore
3459 2493 3730 2562 saginata,

2158 2590 2233 2644 et,
2277 2579 2750 2635 consuetudinario
2778 2594 2950 2647 more,
2968 2580 3110 2650 quod
3133 2588 3471 2634 remanserat
3500 2579 3731 2650 sepulto,

2158 2668 2352 2725 iterum
2383 2670 2523 2724 inter
2549 2669 2804 2726 ecclesias
2842 2670 3166 2725 ambulando
3196 2669 3518 2740 psalterium
3552 2669 3731 2738 exple-

2155 2764 2234 2818 vit
2280 2763 2636 2830 decantando,
2684 2770 2759 2829 et,
2810 2762 3117 2832 vespertina
3163 2762 3322 2826 hora,
3382 2762 3504 2815 sine
3548 2776 3733 2816 mensa

2157 2863 2319 2924 atque
2350 2853 2700 2918 mensalibus,
2746 2852 2801 2908 in
2830 2851 3078 2907 cubiculo
3118 2867 3216 2907 suo
3252 2866 3390 2921 parte
3416 2860 3474 2905 et
3499 2851 3729 2906 cervisia

2158 2961 2216 3001 se
2265 2961 2514 3001 recreare
2558 2946 2741 3016 cmpit,
2792 2954 2847 3000 et
2894 2946 3182 3016 unicuique
3212 2946 3302 3015 qui
3358 2961 3549 3001 secum
3580 2958 3735 3001 erant

2162 3051 2356 3109 panem
2386 3046 2441 3092 et
2467 3037 2749 3092 cervisiam
2795 3035 2949 3106 juxta
2997 3051 3183 3091 eorum
3205 3036 3540 3091 voluntatem
3584 3036 3733 3090 exhi-

2165 3130 2296 3184 bere
2322 3128 2959 3200 przecepit.Sanctissimo
2985 3138 3160 3184 autem
3187 3128 3412 3183 Sabbati
3439 3129 3531 3183 die
3550 3128 3733 3198 exple-

2166 3222 2236 3276 tis
2264 3222 2540 3276 nocturnis
2584 3218 2792 3283 olliciis,
2836 3228 2889 3274 et
2915 3219 3145 3274 amando
3171 3218 3427 3287 psalterio
3472 3219 3730 3289 perlecta,

2165 3319 2525 3383 praeparatum
2575 3311 2679 3366 sibi
2729 3310 2977 3365 balneum
3030 3310 3268 3372 intravit,
3320 3324 3428 3378 quo
3459 3323 3735 3377 nunquam

2165 3404 2243 3459 uti
2282 3401 2490 3457 solebat
2514 3414 2580 3455 eo
2608 3408 2849 3470 tempore
2873 3399 2974 3453 nisi
3001 3399 3054 3452 in
3089 3397 3322 3453 Sahbato
3343 3406 3471 3451 ante
3500 3397 3737 3463 Quadrao

2166 3494 2423 3565 gesimam
2453 3501 2510 3544 et
2542 3494 2594 3544 in
2626 3490 2798 3543 media
2839 3487 3275 3558 Quadragesima,
3306 3495 3361 3541 et
3398 3502 3465 3541 eo
3498 3488 3605 3541 die.
3632 3486 3731 3540 La-

2166 3586 2379 3640 vatione
2426 3592 2606 3637 autem
2657 3582 2900 3652 corporis
2951 3589 3190 3648 peracta,
3242 3590 3296 3636 et
3348 3583 3737 3651 praeparatione

2166 3672 2609 3727 vestimentorum
2641 3658 2943 3737 induta,'ad
2971 3685 3182 3725 sacrum
3208 3668 3449 3724 ofﬁcium
3495 3669 3741 3724 solemni-

2167 3771 2251 3815 ter
2275 3776 2333 3816 se
2358 3759 2701 3831 praeparavit,
2718 3769 2786 3819 _et
2827 3767 2995 3813 totum
3041 3758 3245 3814 clerum
3291 3758 3427 3812 hora
3462 3748 3571 3813 diei
3606 3772 3739 3811 nona

2168 3868 2288 3906 cum
2320 3867 2385 3906 eo
2409 3860 2655 3921 paratum
2680 3863 2799 3905 esse
2832 3849 3140 3912 destinavit,
3172 3849 3482 3917 statimque,
3502 3849 3739 3918 perlecta

2169 3943 2311 3997 trina
2357 3940 2578 4004 letania,
2628 3953 2892 4007 cereoque
2936 3936 3274 3993 sanctiﬁcata
3313 3936 3738 4005 lectionibusque

2169 4040 2221 4084 et
2265 4030 2454 4084 tractis
2483 4029 2893 4094 consummatis,
2934 4043 3057 4082 cum
3099 4027 3263 4096 quina
3305 4026 3510 4080 letania
3539 4035 3738 4081 etcum

2170 4121 2314 4175 omni
2344 4122 2549 4175 honore
2575 4119 2641 4173 ad
2672 4118 2997 4187 baptismum
3023 4116 3448 4172 consecrandum
3482 4117 3551 4171 ad
3577 4115 3735 4173 eccle

2172 4212 2307 4266 siam
2334 4210 2520 4266 Sancti
2542 4209 2766 4264 Joannis
2794 4209 3331 4279 Baptistaeperrexit,
3352 4190 3740 4278 baptiiatisqrie

2173 4303 2246 4357 ibi
2272 4304 2340 4358 ab
2369 4318 2434 4358 eo
2467 4302 2639 4357 tribus
2669 4294 2875 4372 pueris,‘
2895 4317 3017 4358 cum
3046 4310 3265 4372 septena
3296 4301 3739 4370 letania,,regreso

498 4402 695 4461 magna
747 4388 1046 4443 reverentia
1096 4388 1196 4443 sibi
1244 4389 1537 4461 apportari,
1575 4404 1697 4444 cum
1733 4389 1983 4444 crucibus
2016 4398 2070 4445 et
2098 4423 2147 4482 ο
2173 4410 2265 4449 sus
2294 4403 2377 4449 est
2406 4394 2472 4448 ad
2503 4394 2803 4449 sacrarium
2851 4393 2917 4447 ad
2963 4393 3183 4448 missam
3221 4406 3279 4446 se
3306 4391 3739 4461 praeparandum,

497 4490 621 4535 cum
671 4481 853 4551 pueris
895 4480 1235 4549 portantibus
1288 4480 1388 4535 sub
1432 4479 1651 4549 palliolo
1687 4480 1991 4545 occultatis,
2016 4490 2071 4535 et

496 4571 694 4636 cereis,
724 4585 845 4625 cum
878 4571 1125 4625 versibus
1148 4571 1214 4623 ad
1240 4569 1344 4624 hoc
1372 4568 1729 4623 ministerium
1754 4568 2072 4639 compositis

499 4659 890 4715 furmosissime
917 4658 1240 4722 decantatis,
1270 4664 1325 4710 et
1352 4671 1473 4710 cum
1498 4657 1848 4725 processione
1876 4657 2075 4713 duode-

497 4754 606 4806 cim
633 4751 1088 4822 presbyterorum.
1105 4750 1195 4820 qui
1217 4764 1338 4803 eum
1363 4762 1611 4818 eousque
1632 4748 1684 4802 in
1713 4748 1871 4803 ﬁnem
1897 4750 2076 4805 missa:

504 4842 558 4896 in
583 4856 681 4896 suo
709 4841 1011 4895 ministerio
1032 4853 1382 4909 perseverare
1404 4838 1725 4893 debuerunt.
1742 4837 1867 4893 Rite
1892 4849 2071 4893 autem

500 4931 606 4986 sibi
637 4929 831 4996 allato,
868 4929 1167 4984 humillime
1214 4928 1471 4999 suscepit,
1499 4937 1554 4983 et
1598 4937 1765 4983 totam
1806 4930 2070 5001 synodum

504 5023 715 5094 rogavit
749 5032 829 5089 ut,
874 5024 1088 5092 quando
1124 5021 1213 5077 ille
1257 5036 1475 5076 crucem
1515 5019 1887 5076 benedicendo
1914 5034 2074 5092 super

505 5114 634 5170 illud
657 5114 881 5180 faceret,
910 5122 965 5170 et
995 5114 1121 5185 ipsi,
1156 5128 1277 5169 cum
1309 5113 1511 5168 eisdem
1533 5112 1863 5184 presbyteris
1889 5112 1980 5181 qui
2020 5113 2074 5167 in

502 5202 847 5273 processione
867 5209 1023 5258 erant
1046 5210 1103 5257 et
1125 5201 1227 5258 sibi
1251 5199 1596 5265 assistebant,
1626 5198 1947 5254 benedicere
1967 5214 2073 5255 non

578 5314 690 5384 (25)
724 5314 965 5370 Ecclesia
988 5316 1047 5369 S.
1074 5316 1218 5371 Afrae
1231 5330 1317 5378 ea,
1343 5328 1464 5382 qua:
1486 5326 1629 5384 nunc
1654 5311 1813 5384 vulgo
1828 5310 1886 5367 S.
1908 5312 2068 5384 Udal-

509 5378 605 5428 riui
643 5378 929 5428 cmnnhilie
988 5384 1089 5428 SS-
1146 5378 1382 5428 Ildalrini
1417 5389 1476 5428 el.
1516 5378 1660 5428 Mm
1691 5378 1910 5428 dicitur.
1939 5382 2071 5428 nth

2173 4488 2321 4542 clero
2351 4485 2569 4540 interim
2598 4484 2863 4555 psallente
2889 4484 2941 4538 in
2964 4484 3153 4539 choro.
3194 4483 3479 4538 Missarum
3506 4497 3637 4536 vero
3658 4496 3736 4535 so-

2173 4576 2387 4631 lemniis
2410 4574 2720 4630 solemniter
2738 4589 2860 4629 cum
2877 4574 3110 4642 Vespera
3133 4572 3390 4641 peractis,
3411 4583 3737 4640 corporeque

2175 4666 2377 4720 Christi
2413 4664 2743 4735 dispensato,
2779 4672 2835 4718 et
2869 4663 3040 4717 sacris
3084 4662 3325 4719 vestibus
3376 4660 3656 4730 depositis,
3681 4673 3738 4713 eo

2178 4758 2266 4812 die
2295 4770 2480 4811 mensa
2513 4754 2756 4825 apposita
2786 4754 2853 4809 ad
2880 4752 3230 4809 refectionem
3246 4765 3370 4806 cum
3396 4764 3591 4818 magna
3614 4747 3738 4802 mul-

2180 4846 2410 4902 titudine
2424 4845 2690 4910 consedit,
2703 4851 2758 4898 et
2772 4844 3023 4898 omnibus
3042 4841 3380 4897 abundanter
3394 4838 3612 4894 refectis
3624 4852 3734 4892 cum

2177 4939 2370 5008 gaudio
2399 4937 2466 4992 ad
2491 4934 2886 4990 mansiunculas
2917 4934 3095 4989 redire
3124 4931 3395 5002 permisit.
3423 4929 3737 4984 Desideran-

2178 5028 2385 5083 tissimo
2414 5036 2575 5096 atque
2613 5024 2955 5079 sanctissimo
2997 5021 3244 5077 Paschali
3274 5020 3363 5075 die
3403 5019 3733 5079 adveniente,

2178 5125 2295 5186 post
2313 5116 2543 5168 Primam
2567 5114 2783 5168 intravit
2806 5113 3091 5168 ecclesiam
3116 5111 3299 5166 Sancti
3316 5109 3584 5165 Ambrosii
3607 5106 3732 5177 (28).

2182 5208 2272 5262 ubi
2300 5207 2386 5262 die
2417 5205 2715 5260 Parasceve
2743 5219 2938 5273 corpus
2973 5202 3175 5259 Christi
3209 5201 3548 5271 superposito
3573 5198 3739 5267 lapide

2174 5318 2407 5376 cundum
2437 5313 2744 5396 Idibusgct.
2778 5314 3066 5396 :AApparet
3090 5313 3272 5396 itaqtte
3289 5308 3595 5396 hiexvlial.

2177 5374 2447 5428 émnmnm
2470 5399 2568 5428 nm
2600 5384 2667 5428 Ιεί
2693 5384 2781 5428 die
2802 5374 2954 5428 noli:
2983 5398 3140 5428 nnam
3168 5374 3406 5428 nhrasim
3433 5379 3595 5428 etiam
3626 5374 3739 5428 aliis
