3972 5428
143 349 267 405 ιοει

1710 331 1772 384 Vl
1781 332 1818 384 Τ
1824 333 1864 384 Λ

3266 340 3406 396 1022

141 465 453 531 collocavit,
505 465 693 537 ibique
738 480 858 520 cum
905 464 1095 535 paucis
1136 463 1353 520 clericis
1397 479 1616 518 missam
1662 464 1729 518 de
1758 470 1804 528 Α
1836 478 1961 535 gere
1990 465 2280 535 potuisset,
2331 466 2697 522 Wthinnvanc
2732 467 2865 537 (55),
2914 463 3235 535 Staphcnse,
3274 465 3417 519 l-‘au-

140 568 329 617 sancta
342 557 627 612 Trinitate
652 556 912 627 explevit:
928 555 1136 627 expleta
1149 564 1329 612 autem
1352 555 1516 611 missa
1529 554 1733 610 clerum

139 650 362 707 interim
404 656 800 720 congregatum
847 648 900 701 in
940 662 1095 703 caena
1141 646 1248 718 (29)
1286 643 1441 715 juxta
1489 645 1736 701 eamdem

137 741 435 798 ecclesiam
480 740 649 794 sitam
703 737 1118 793 solemnissimis
1185 737 1427 791 vestibus
1488 735 1737 790 indutum

138 831 468 896 antecessit,
503 845 688 886 secum
728 837 944 899 portato
975 843 1203 898 corpore
1224 827 1423 883 Christi
1466 835 1519 883 et
1559 824 1737 880 Evan-

138 924 301 994 gelio,
332 932 392 978 et
422 922 627 987 cereis,
657 930 712 976 et
756 922 997 985 incenso,
1035 929 1085 975 et
1118 935 1239 975 cum
1276 934 1511 989 congrua
1542 917 1741 972 saluta-

139 1017 288 1071 tione
308 1029 584 1070 versuum
614 1027 644 1066 a
696 1011 879 1083 pueris
905 1012 1187 1065 decantata
1238 1025 1336 1080 per
1374 1010 1571 1063 atrium
1618 1023 1739 1078 per-

137 1107 287 1165 rexit
332 1106 404 1161 ad
435 1105 732 1162 ecclesiam
768 1103 953 1159 Sancti
980 1102 1203 1159 Joannis
1240 1102 1515 1172 Baptistae,
1562 1102 1741 1171 ibique

137 1198 384 1252 Tertiam
447 1196 797 1261 decantavit,
850 1195 1080 1264 indeque
1135 1209 1258 1249 cum
1315 1192 1621 1263 antiphonis
1672 1191 1741 1245 ad

138 1286 410 1341 honorem
440 1284 610 1352 hujus
641 1284 746 1339 diei
782 1284 1270 1354 congruentissime
1302 1281 1639 1353 compositis,
1675 1280 1743 1334 ad

138 1386 391 1431 tuomum
458 1376 578 1445 (50)
630 1375 1020 1430 formosissima
1076 1374 1441 1444 processione,
1494 1371 1636 1427 binis
1688 1379 1744 1426 et

136 1466 285 1521 binis
316 1464 630 1520 secundum
660 1463 908 1517 ordinem
960 1462 1119 1517 simul
1159 1461 1560 1517 ambulantibus
1609 1460 1743 1514 mis-

139 1575 257 1614 sam
289 1558 684 1614 celebraturus
724 1561 1066 1625 pervenerat.
1099 1552 1264 1608 Missa
1314 1553 1494 1621 itaque
1519 1550 1746 1607 devotis-

142 1650 277 1704 sime
306 1647 835 1718 religiosissimeque
863 1643 1170 1708 decantata,
1202 1642 1518 1710 cunctisque
1561 1653 1745 1695 sacra-

141 1748 327 1795 menta
358 1738 571 1794 Christi
609 1735 999 1806 accipientibus
1024 1742 1081 1788 et
1108 1733 1162 1787 in
1198 1747 1294 1786 sua
1327 1729 1739 1793 revertentibus,

1839 571 1929 611 ces
1970 596 1985 621 ,
2059 554 2490 624 Wissintesteiga
2525 597 2539 621 ,
2611 556 2965 623 lleuvibaeh,
3045 557 3205 628 (quae
3274 572 3416 611 nun-

1838 660 2000 716 quam
2060 645 2114 699 in
2170 644 2491 701 beneﬁcium
2540 648 2798 703 laicorum
2845 649 3136 714 concessit,
3186 646 3288 702 nisi
3350 646 3420 702 de

1838 735 2201 793 exterioribus
2258 737 2389 792 locis
2434 738 2503 791 ad
2545 738 2731 793 eadem
2767 740 3097 794 monasteria
3142 739 3417 809 pertinen-

1838 826 1984 881 tibus
2012 826 2171 880 alicui
2201 827 2266 881 de
2296 827 2399 881 isto
2428 842 2564 898 pago
2591 827 2643 882 in
2690 843 2798 898 quo
2838 829 3224 884 monasterium
3262 842 3416 883 suum

1840 917 2003 972 situm
2028 927 2112 972 est
2139 918 2520 983 concessisset,
2548 928 2604 973 ut
2650 919 2721 974 ibi
2754 920 3071 975 advocatum
3102 918 3418 975 monasterii

1841 1005 2044 1061 habere
2073 1007 2356 1075 potuisset,
2389 1017 2446 1061 ut
2476 1007 2865 1063 ecclesiasticae
2893 1009 2960 1062 ab
2988 1024 3052 1064 eo
3100 1026 3186 1066 res
3232 1010 3420 1065 defen-

1840 1094 2120 1160 derentur,
2150 1096 2247 1150 sed
2276 1096 2344 1150 ad
2392 1112 2542 1151 suam
2585 1107 2907 1167 potestatem
2959 1101 3163 1168 optima
3195 1115 3421 1171 quaeque

1840 1183 2094 1250 detinuit,
2146 1200 2209 1240 ea
2241 1186 2493 1241 videlicet
2543 1202 2707 1242 causa
2756 1198 2814 1242 ut
2844 1188 3164 1243 facultatem
3195 1204 3258 1243 ea
3293 1188 3422 1243 visi-

1843 1275 1990 1330 tandi
2019 1285 2072 1330 ct
2098 1276 2168 1331 ibi
2201 1278 2472 1341 manendi,
2511 1287 2566 1333 et
2615 1294 2735 1348 qua:
2763 1280 3071 1334 necessaria
3099 1289 3256 1333 erant
3297 1294 3420 1333 cor-

1841 1367 2047 1436 rigendi
2083 1368 2134 1421 in
2165 1369 2447 1437 stipendiis
2496 1370 2828 1440 habuisset),
2865 1370 3089 1427 sedebat
3134 1372 3312 1441 itaque
3368 1371 3421 1425 in

1843 1454 1978 1512 solio
2039 1471 2203 1526 super
2254 1469 2570 1527 carpentum
2617 1460 2945 1530 composito,
3005 1460 3071 1515 de
3126 1459 3423 1514 humerulis

1841 1548 2069 1620 plaustri
2102 1551 2155 1604 in
2187 1548 2335 1604 ferro
2365 1549 2654 1620 pendente,
2681 1561 2735 1607 et
2762 1566 2884 1606 cum
2909 1566 2975 1606 eo
3017 1567 3156 1605 unus
3193 1550 3425 1606 clericus

1844 1641 1911 1696 de
1959 1640 2253 1710 capellanis
2281 1640 2418 1710 ejus,
2467 1643 2559 1711 qui
2600 1658 2721 1697 cum
2754 1657 2820 1697 eo
2864 1651 3005 1697 totos
3036 1642 3151 1696 dies
3189 1641 3425 1711 psalmos

1845 1730 2203 1788 decantaSsct.
2251 1731 2366 1786 Non
2418 1732 2539 1787 ideo
2571 1733 2788 1802 quando
2837 1731 3081 1802 inprimis
3126 1730 3218 1785 tali
3264 1730 3424 1784 modo

144 1832 231 1887 ille
259 1831 329 1886 ad
357 1829 549 1886 cibum
578 1828 826 1892 accessit,
858 1826 930 1881 ibi
968 1839 1186 1880 mensas
1227 1832 1336 1878 tres
1364 1822 1509 1877 omni
1551 1820 1747 1876 decore
1775 1817 1819 1876 Β
1847 1840 2073 1897 pergere
2114 1824 2279 1895 cmpit
2309 1824 2411 1879 nisi
2442 1825 2551 1896 (54)
2581 1824 2759 1879 adhuc
2781 1823 3104 1878 caballicare
3133 1821 3421 1892 potuisset,
3469 1893 3472 1896 ξ

142 1927 491 1991 praeparatas
522 1916 726 1972 invenit
752 1933 766 1969 :
799 1929 962 1970 unam
991 1912 1080 1968 cui
1113 1911 1201 1967 ille
1230 1926 1353 1966 cum
1375 1910 1571 1980 quibus
1595 1907 1738 1962 vale-

144 2012 237 2067 bat
262 2010 520 2066 assidere
572 2009 807 2072 solebat,
845 2015 901 2062 et
947 2006 1109 2059 aliam
1146 2001 1443 2057 malriculis
1472 1998 1605 2072 (5i),
1633 2010 1742 2056 ter-

146 2103 277 2156 tiam
319 2098 740 2171 congregationi
797 2105 1001 2152 sanctae
1039 2093 1184 2149 Afrae
1232 2093 1363 2163 (52).
1394 2091 1741 2147 Sanctiﬁcato

143 2192 333 2260 itaque
364 2192 521 2254 cibo,
570 2203 764 2244 carnes
800 2187 925 2258 agni
971 2192 1027 2241 et
1076 2183 1371 2255 particulas
1416 2183 1553 2238 lardi
1601 2183 1744 2238 inter

140 2284 443 2338 missarum
501 2281 761 2339 solemnia
808 2280 1079 2335 benedicti
1110 2278 1362 2332 omnibus
1388 2277 1740 2346 dispensavit,

142 2383 197 2430 et
227 2384 360 2431 tunc
393 2375 624 2431 demum
652 2373 833 2428 cibum
856 2385 981 2426 cum
1003 2371 1083 2425 eis
1104 2368 1249 2425 omni
1276 2367 1474 2439 gaudio
1495 2366 1741 2435 sumpsit.

145 2466 425 2539 Tempore
463 2467 607 2521 enim
648 2472 852 2520 statuto
889 2460 1263 2534 symphoniaci
1298 2468 1564 2514 venerunt
1612 2471 1746 2527 quo-

146 2573 267 2612 rum
302 2546 418 2613 tam
455 2556 672 2625 copiosa
717 2552 1005 2608 multitudo
1055 2549 1176 2615 fuit,
1209 2558 1269 2604 ut
1322 2563 1459 2620 pene
1496 2544 1636 2602 inter
1657 2561 1748 2601 ca-

148 2648 403 2719 pediuem
460 2645 596 2700 aulae
642 2643 934 2699 secundum
970 2641 1213 2696 ordinem
1256 2640 1449 2695 stando
1475 2637 1748 2707 implevis-

149 2747 293 2803 sent,
353 2747 413 2793 et
470 2746 581 2791 tres
628 2735 816 2789 modos
871 2730 1334 2804 symphonizando
1379 2729 1744 2799 perfecerunt.

153 2830 248 2885 His
280 2831 357 2883 ita
399 2827 615 2900 gaudiis
644 2823 1046 2894 multiplicatis,
1085 2822 1367 2887 canonici,
1400 2820 1747 2890 praecipiente

152 2922 439 2992 episcOpo,
465 2918 787 2975 charitatem
825 2918 1152 2987 accipientes
1176 2925 1231 2971 et
1268 2924 1542 2986 rogantes,
1580 2929 1747 2968 unum

156 3014 573 3084 responsorium
600 3013 667 3067 de
714 3011 1117 3065 resurrectione
1162 3007 1374 3064 Domini
1420 3006 1633 3061 interim
1662 3006 1749 3060 de-

156 3114 548 3160 cantaverunt.
595 3102 662 3157 Et
711 3102 815 3156 hac
845 3100 1110 3156 charitate
1157 3098 1391 3167 expleta,
1422 3099 1490 3152 ad
1519 3097 1744 3152 alteram

1842 1918 1936 1973 sed
1983 1927 2042 1972 ut
2090 1932 2118 1972 a
2161 1917 2372 1988 pepulis
2418 1924 2873 1986 sequestraretur,
2921 1932 2988 1971 ne
3040 1931 3070 1970 a
3119 1915 3425 1970 cantatione

1841 2008 2173 2079 psalmorum
2230 2022 2417 2062 eorum
2462 2007 2747 2078 colloquiis
2806 2008 3003 2078 ineptis
3050 2008 3424 2077 impediretur.

1843 2099 2103 2155 Comitari
2152 2114 2282 2155 vero
2333 2114 2551 2169 semper
2591 2116 2715 2155 cum
2772 2100 2863 2155 illo
2907 2100 3116 2169 aliquos
3147 2115 3275 2155 suos
3302 2114 3426 2170 pre-

1843 2190 2091 2262 sbyteros
2122 2190 2597 2260 prudentissimos,
2625 2199 2679 2246 et
2714 2191 2781 2246 de
2812 2191 3109 2262 capellanis
3134 2200 3339 2245 tantum
3369 2199 3428 2246 ut

1844 2280 2084 2350 quotidie
2137 2280 2419 2336 servitium
2471 2282 2565 2337 Dei
2610 2283 2805 2337 decore
2855 2283 3117 2351 perlicere
3163 2283 3428 2351 potuisset

1844 2371 2120 2441 prmcepit.
2149 2371 2412 2426 Similiter
2440 2380 2496 2427 et
2523 2373 2588 2426 de
2613 2372 2831 2427 vasallis
2861 2373 2976 2428 suis
2998 2388 3213 2441 semper
3240 2387 3425 2427 secum

1847 2464 2054 2533 aliquos
2081 2463 2510 2532 sapientissimos
2559 2463 2762 2518 habere
2789 2463 2977 2528 voluit,
3032 2464 3080 2518 si
3123 2464 3172 2518 ei
3207 2463 3426 2532 aliquod

1847 2555 2121 2626 negotium
2150 2554 2217 2609 de
2247 2554 2637 2609 ecclesiasticis
2668 2555 2829 2609 rebus
2855 2555 2938 2609 vel
2983 2554 3330 2610 saecularibus
3355 2554 3427 2610 ad

1849 2645 2190 2700 tractandum
2240 2644 2577 2708 devenisset,
2629 2652 2689 2699 ut
2750 2660 2938 2700 eorum
2995 2644 3224 2701 consilio
3267 2654 3427 2699 caute

1850 2744 2086 2791 tractare
2138 2744 2192 2790 et
2241 2749 2429 2804 regere
2480 2750 2697 2805 semper
2726 2745 2946 2804 paratus
2989 2744 3152 2791 esset.
3186 2734 3427 2790 Fuerunt

1848 2827 2012 2881 etiam
2038 2825 2192 2881 electi
2225 2826 2291 2879 de
2312 2824 2511 2879 familia
2540 2822 2862 2895 sEmper'qui
2894 2826 3229 2880 trahentibus
3257 2824 3427 2879 bobus

1849 2920 2101 2974 ductores
2129 2917 2382 2983 fuissent,
2410 2926 2466 2973 et
2491 2931 2613 2972 eum
2641 2926 2768 2972 ante
2792 2926 2848 2972 et
2876 2927 3022 2973 retro
3050 2918 3116 2972 ad
3145 2918 3427 2977 dexteram

1848 3020 1904 3066 et
1934 3014 2000 3066 ad
2026 3012 2212 3067 laevam
2235 3022 2396 3069 caute
2425 3014 2828 3080 observassent,
2852 3014 3048 3085 quibus
3073 3014 3159 3067 ille
3187 3012 3429 3081 quotidie

1852 3111 2057 3157 tantam
2102 3120 2333 3162 annonae
2389 3106 2598 3178 copiam
2648 3123 2747 3178 per
2789 3108 3026 3177 seipsum
3064 3114 3119 3160 et
3148 3120 3245 3175 per
3275 3103 3431 3157 mini-

156 3212 411 3251 mensam
437 3195 782 3266 congregatio
812 3192 868 3247 S.
897 3192 1041 3247 Afrae
1070 3191 1321 3247 similiter
1347 3189 1497 3245 fecit.
1537 3190 1739 3259 Appro-
1773 3164 1817 3226 Ο
1847 3206 1991 3253 siros
2019 3195 2136 3268 ejus
2165 3200 2297 3254 dare
2348 3164 2477 3254 fecit
2525 3201 2578 3254 in
2627 3164 2912 3269 praesentia
2960 3198 3096 3266 ejus,
3129 3164 3188 3249 ut
3232 3194 3431 3264 triplici

156 3287 463 3357 pinquante
489 3301 619 3341 vero
642 3299 888 3355 vespera,
914 3283 1002 3338 ille
1022 3284 1124 3339 sibi
1151 3290 1204 3338 et
1222 3298 1406 3338 secum
1432 3281 1746 3338 sedentibus
1789 3323 1791 3326 ‹

157 3378 415 3434 Ιςειςιηιειε
440 3377 630 3449 pocula
655 3378 936 3447 porrigere
966 3378 1243 3449 praacepit,
1272 3386 1327 3431 et
1358 3377 1569 3431 tertiam
1598 3358 1749 3434 cha-

154 3468 385 3524 ritatem
413 3484 603 3523 omnes
628 3468 948 3523 charitative
969 3469 1152 3522 bibere
1166 3468 1394 3538 rogavit,
1418 3477 1750 3541 acceptaque

155 3573 223 3613 ea
286 3557 598 3621 charitate,
640 3557 859 3611 tertium
902 3560 1305 3626 responsorium
1346 3559 1524 3612 omnis
1570 3559 1750 3618 clerus

157 3644 332 3700 simul
358 3659 483 3697 cum
514 3643 703 3698 laetitia
740 3644 1069 3699 decantavit.
1104 3644 1221 3711 Quo
1250 3646 1558 3712 decantata,
1596 3649 1752 3722 hym-

157 3749 294 3790 num
325 3733 667 3788 decantando
697 3734 942 3788 canonici
975 3743 1348 3803 surrexerunt,
1381 3744 1581 3808 utapte
1609 3757 1750 3811 pra:-

159 3822 345 3894 parati
398 3824 466 3879 ad
500 3821 792 3895 Vesperam
850 3823 1105 3880 devenire
1152 3828 1475 3896 potuissent.
1513 3830 1752 3903 Vespera

164 3924 356 3970 autem
385 3922 628 3985 peracta,
659 3913 967 3985 episcopus,
995 3930 1117 3970 cum
1149 3906 1449 3986 hospitibus
1477 3923 1536 3977 ct
1566 3923 1747 3977 militi-

163 4004 292 4070 bus,
319 4004 389 4060 ad
425 4020 578 4060 suam
614 4006 783 4059 aedem
812 4019 1001 4059 omnes
1025 4005 1411 4063 exhilarandos
1445 4014 1754 4068 reverteba-

167 4106 279 4152 tur.
313 4097 472 4152 Mane
496 4112 626 4152 vero
672 4097 814 4167 quod
845 4106 932 4153 est
967 4098 1055 4153 die
1096 4098 1257 4165 lunae,
1304 4100 1484 4162 clerus
1516 4115 1657 4163 totus
1686 4108 1754 4163 ad

170 4187 433 4243 Sanctam
484 4187 672 4242 Afrani
721 4188 1180 4259 congregabatur,
1210 4200 1272 4246 ut
1303 4193 1614 4269 episcopum
1662 4215 1756 4254 ve-

170 4278 415 4333 nientem
445 4277 851 4334 formosissimis
888 4281 1163 4350 paraturis
1211 4281 1435 4343 indutus
1462 4290 1758 4346 honoriﬁce

171 4369 526 4438 suscepisset.
554 4369 680 4439 quia
711 4367 829 4437 ejus
851 4370 1186 4433 cOnSuetudo
1218 4386 1344 4434 erat
1376 4390 1434 4434 ut
1463 4395 1528 4436 eo
1552 4381 1640 4436 die
1683 4382 1754 4437 ibi

174 4474 454 4515 sacrarum
483 4460 762 4516 solemniis
782 4462 1066 4517 missarum
1093 4464 1210 4525 Deo
1245 4471 1519 4539 militaret,
1553 4482 1607 4529 et
1636 4484 1760 4543 post

175 4559 393 4621 peracta
416 4565 691 4621 sacrarum
724 4553 1011 4616 missarum
1054 4562 1317 4617 solemnia
1364 4564 1758 4620 multitudinem

178 4644 361 4712 populi
388 4643 515 4698 illuc
535 4645 847 4715 congregati
885 4668 1043 4709 sacro
1064 4653 1360 4709 chrismate
1388 4656 1760 4723 conﬁrmaret,

178 4742 236 4788 et
260 4735 346 4789 his
371 4735 443 4789 ita
471 4737 732 4809 peractis,
784 4743 850 4796 ad
886 4744 1158 4799 civitatem
1189 4746 1367 4812 rediit,
1400 4756 1455 4803 et
1494 4747 1565 4802 ibi
1597 4756 1760 4804 totum

184 4824 496 4893 paschalem
555 4831 950 4887 hebdomadam
1007 4835 1358 4891 devotissime
1408 4838 1722 4894 celebravit.

254 4915 318 4973 ν.
372 4917 547 4974 Finita
587 4921 834 4995 paschali
859 4923 1224 4990 solemnitate,
1260 4942 1382 4981 cum
1428 4928 1657 4999 alicujus
1683 4933 1760 4987 rei

188 5004 484 5060 necessitas
507 5008 896 5077 proposuisset,
930 5018 990 5063 ut
1034 5010 1101 5064 ad
1147 5011 1250 5066 alia
1284 5013 1399 5069 loca
1439 5016 1522 5071 vel
1549 5017 1616 5072 ad
1646 5033 1765 5072 mo-

189 5092 428 5148 nasteria
474 5096 805 5164 pertinentia
851 5098 918 5153 ad
947 5098 1319 5170 episcopatum
1358 5104 1598 5175 legitime
1644 5123 1768 5178 pcr-

282 5226 373 5281 29)
409 5225 646 5281 Porticu.

257 5223 351 5361 E29
409 5225 646 5281 Porticu.

251 5234 815 5376 "SOjSuperscriptnm
840 5310 959 5376 erat
974 5319 988 5356 :
1009 5302 1079 5355 ad
1102 5319 1359 5360 summum
1373 5307 1754 5367 Germanicum

156 5424 161 5428 _
191 5365 394 5418 scilicet
414 5365 736 5422 cathedralis
756 5371 999 5428 ecclesiae
1021 5386 1219 5428 nomen
1253 5381 1504 5428 resnexit-
1532 5365 1753 5428 “ira;

1850 3301 2075 3345 numero
2104 3290 2347 3344 virorum
2387 3290 2634 3345 sumcere
2676 3290 2963 3360 potuisset.
3013 3285 3433 3340 Amantissimus

1848 3394 2063 3450 quoque
2114 3380 2405 3435 comitatus
2442 3395 2743 3449 pauperum
2799 3392 3011 3448 semper
3036 3391 3157 3431 cum
3182 3389 3248 3428 eo
3292 3374 3435 3428 inter

1850 3488 1946 3527 sua
1975 3473 2093 3526 loca
2125 3472 2265 3536 ibat;
2298 3473 2389 3541 qtti
2416 3473 2669 3525 virtutem
2694 3470 3047 3527 caballicandi
3080 3468 3349 3523 habebant
3378 3465 3433 3518 in

1850 3560 2179 3615 cautissimis
2210 3559 2635 3613 ambulatoribus
2660 3560 2971 3627 pergebant.
3001 3557 3106 3610 Alii
3144 3564 3323 3609 autem
3348 3553 3435 3607 his

1852 3649 2115 3703 vehiculis
2158 3649 2211 3701 in
2258 3648 2454 3716 quibus
2482 3648 2625 3702 soliti
2674 3657 2835 3702 erant
2880 3659 3126 3715 pergere,
3157 3659 3278 3697 cum
3306 3657 3433 3696 car-

1851 3742 2029 3812 pentis
2057 3739 2383 3810 episc0palia
2434 3739 2732 3794 ministeria
2785 3736 3127 3808 portantibus
3175 3750 3434 3804 perrexe-

1854 3843 2002 3888 runt.
2061 3834 2302 3899 Quorum
2355 3845 2486 3885 vero
2542 3833 2648 3900 (55)
2722 3826 3126 3884 mansiunculas
3179 3836 3236 3882 et
3296 3837 3438 3880 totas

1853 3925 2267 3996 procurationes
2313 3924 2428 3993 ipse
2488 3937 2588 3992 per
2630 3922 2865 3991 aliquem
2911 3935 3131 3975 suorum
3196 3918 3433 3973 ﬁdelium

1853 4016 2096 4085 quotidie
2133 4023 2293 4069 caute
2342 4013 2626 4084 disposuit.
2673 4012 2959 4081 Nunquam
2993 4026 3119 4066 vero
3155 4011 3207 4064 in
3254 4008 3436 4076 aliquo

1855 4108 2233 4179 prtedictorum
2275 4106 2727 4161 monasteriorum
2775 4105 2979 4159 otiosus
3015 4103 3289 4165 manebat.
3332 4101 3436 4156 nisi

1857 4199 1910 4253 in
1934 4196 2180 4251 aediliciis
2224 4195 2484 4257 ecclesiae,
2516 4195 2600 4249 vel
2649 4190 3033 4258 claustrorum,
3076 4192 3160 4245 vel
3209 4190 3438 4246 aliorum

1855 4289 2229 4348 tediiiciorum.
2263 4285 2349 4341 vel
2384 4301 2660 4340 murorum
2684 4294 2840 4341 antea
2872 4284 3210 4355 praeparatis,
3244 4292 3297 4337 et
3328 4280 3440 4336 col-

1857 4379 2013 4435 lectis
2043 4378 2468 4449 supellectilibus
2502 4378 2826 4435 laborasset.
2882 4377 3059 4432 Vitam
3109 4391 3240 4432 vero
3261 4376 3312 4430 in
3348 4389 3442 4430 eo-

1860 4471 1982 4526 dem
2009 4471 2339 4525 monasterio
2369 4469 2480 4524 Deo
2508 4470 2855 4524 militantium
2900 4469 3285 4523 monachorum
3326 4466 3441 4521 sive

1864 4562 2250 4617 canonicorum
2281 4567 2337 4614 ct
2362 4561 2625 4628 stipendia
2658 4575 2844 4614 eorum
2889 4558 3109 4612 omnino
3149 4571 3338 4627 regere
3385 4564 3441 4610 et

1866 4665 2194 4719 componere
2218 4650 2443 4715 studuit,
2470 4658 2525 4704 et
2554 4650 2644 4719 jus
2699 4648 2916 4703 familia:
2944 4648 3239 4702 dissolvere
3266 4647 3443 4702 omni-

1866 4744 2025 4798 modo
2091 4757 2197 4796 non
2245 4741 2532 4797 concessit.
2582 4740 2731 4795 Dona
2778 4742 2944 4796 etiam
2994 4738 3169 4793 sancti
3208 4739 3443 4809 Spiritus

1868 4832 2104 4897 tradere,
2134 4831 2225 4887 ubi
2256 4832 2555 4888 necessitas
2581 4830 2704 4897 fuit,
2737 4830 3156 4887 conﬁrmatione
3174 4830 3442 4887 chrisma-

1867 4928 1936 4981 tis
1965 4941 2070 4980 non
2094 4925 2298 4981 omisit.

1940 5019 2024 5073 Vl.
2063 5019 2291 5075 Gratum
2340 5027 2519 5072 autem
2550 5027 2606 5073 et
2646 5020 3017 5075 necessarium
3061 5017 3166 5073 iter
3216 5019 3445 5089 populis,

1866 5129 1989 5171 cum
2045 5122 2246 5183 quarto
2277 5112 2387 5185 (56)
2444 5128 2609 5181 anno,
2656 5116 2954 5170 secundum
3005 5111 3450 5168 constitutionem

1864 5246 2080 5317 pliense,
2136 5241 2576 5316 Unisintessbela,
2623 5247 2984 5311 IIonivibach,
3045 5242 3287 5315 Fauces,
3339 5249 3457 5305 Sin-

1864 5316 2115 5370 Chuvanc.

1940 5383 2051 5428 1'4.“
2100 5381 2216 5428 Nisi
2244 5401 2341 5428 nm
2359 5389 2499 5428 nnan
2536 5404 2636 5428 mm
