3972 5428
580 459 602 512 1
619 455 723 510 0'25

1579 450 1637 504 S.
1677 449 1993 506 ιλιδιιιιιιςι
2043 447 2442 506 ΑΕΟΕΒΤΛΧΙ
2500 448 2822 505 EPlSL‘OPl.

3684 458 3821 514 1025

563 577 833 619 canonum
866 559 1228 615 ministerium
1283 574 1438 612 suum
1490 558 1557 612 ad
1591 557 1942 626 implendum,
1988 572 2151 610 causa
2181 571 2228 627 Α
2257 573 2323 612 eo
2371 559 2570 614 clerico
2629 559 2713 614 cui
2768 560 2858 614 illa
2914 559 3220 615 obcdientia
3270 570 3389 614 erat
3448 566 3830 619 commendata

565 652 783 724 regendi
811 663 866 706 ct
899 649 1232 721 prtedicandi
1264 657 1429 718 atque
1472 647 1834 701 conﬁrmandi
1865 647 2150 702 dimeesim

560 745 663 799 sibi
690 743 1038 797 commissam
1076 740 1300 794 visitare
1347 737 1704 798 decrevisset.
1736 737 1927 792 eodem
1965 738 2149 802 modo,

558 835 701 890 sicut
723 832 972 904 superius
1007 831 1266 893 diximus,
1293 829 1344 881 in
1377 827 1513 880 solio
1535 826 1780 896 carpenti
1809 827 2149 896 superposito

557 927 802 991 sedebat,
835 924 1179 995 psalmosque
1235 921 1395 975 solito
1425 933 1575 973 more
1605 918 1952 982 decantabat,
1978 933 2146 971 eunu-

557 1024 721 1075 chum
751 1020 903 1073 illum
941 1018 1161 1072 imitans
1212 1015 1327 1086 qui,
1370 1015 1554 1084 legens
1594 1013 1786 1067 Isaiam
1827 1012 2144 1082 prophetam

555 1128 722 1182 super
749 1126 968 1166 currum
1001 1124 1158 1163 suum
1189 1109 1404 1171 sedens,
1437 1121 1528 1174 per
1557 1106 1698 1159 vian:
1727 1106 2022 1175 pergebat,
2055 1106 2142 1160 cui

555 1203 906 1274 praecipiente
939 1201 1144 1272 Spiritu
1177 1207 1367 1254 sancto
1413 1198 1692 1268 Philippus
1722 1197 2009 1266 adjunctus
2037 1207 2142 1264 est,

555 1296 670 1364 qui,
707 1295 776 1348 ab
807 1309 872 1348 eo
919 1293 1243 1364 praedicatus
1274 1300 1328 1346 et
1359 1291 1688 1360 baptizatus,
1737 1290 1896 1343 Iidem
1941 1297 2144 1344 sancta:

554 1385 840 1439 Trinitatis
864 1385 1094 1454 accepit,
1132 1383 1413 1438 aestimans
1444 1397 1543 1451 pro
1574 1391 1746 1446 certo,
1794 1390 2056 1451 quantum
2085 1395 2143 1436 se

555 1479 845 1548 colloquiis
893 1478 1145 1533 humanis
1169 1477 1551 1539 subtraxisset,
1585 1484 1642 1529 ut
1675 1485 1885 1529 tantum
1920 1489 1978 1528 se
2005 1474 2144 1528 divi-

556 1573 644 1628 nis
675 1573 1124 1642 propinquiorem
1154 1571 1335 1624 facere
1394 1569 1676 1638 potuisset.
1708 1566 1791 1622 Ad
1817 1565 1933 1620 loca
1960 1574 2140 1619 autem

555 1665 647 1720 illa
699 1680 823 1719 cum
873 1665 1212 1733 pervenisset
1256 1662 1348 1716 ubi
1403 1661 1632 1715 concilia
1680 1674 1778 1713 sua
1826 1657 2140 1713 denuntiata

549 1757 792 1821 fuerant,
843 1772 968 1810 cum
1012 1754 1296 1824 evangelio
1339 1763 1395 1808 et
1441 1769 1582 1822 aqua
1631 1751 1917 1806 benedicta
1954 1756 2008 1803 et
2052 1763 2141 1802 so-

549 1849 806 1904 nantibus
834 1847 1112 1918 campanis
1141 1856 1368 1901 ettanta
1397 1843 1818 1900 honoriﬁcentia
1850 1851 2139 1911 susceptus

546 1947 661 2004 est,
703 1948 968 2008 quantum
1011 1938 1117 1992 illis
1165 1937 1258 2006 qui
1307 1936 1379 1990 ibi
1428 1934 1742 2006 congregati
1792 1941 1918 1987 sunt
1967 1933 2139 1986 virtus

547 2029 889 2098 suppetebat.
947 2029 1146 2082 Statim
1204 2043 1333 2082 vero
1389 2027 1554 2081 missa
1592 2026 1864 2081 celebrata
1923 2025 1978 2078 in
2011 2040 2141 2078 con-

545 2118 672 2174 cilio
713 2119 1022 2184 considetts,
1071 2118 1327 2188 populum
1349 2128 1474 2171 ante
1505 2131 1563 2171 se
1593 2117 1778 2171 vocari
1829 2115 1978 2180 fecit,
2013 2131 2140 2185 pru-

547 2211 935 2279 dentiorcsque
985 2219 1040 2265 et
1071 2209 1380 2264 veraciorcs
1418 2216 1761 2262 sacramento
1802 2207 2140 2274 interrogare

546 2301 826 2369 praecepit,
886 2317 1006 2369 qtae
1036 2301 1088 2352 in
1120 2300 1210 2352 illa
1257 2299 1516 2367 parocltia
1567 2297 1946 2352 emendatione
1977 2297 2137 2363 digna

544 2393 796 2457 fuissent,
845 2401 900 2446 et
952 2402 1140 2446 contra
1186 2391 1309 2460 jura
1360 2389 1796 2446 Christianitatis
1827 2396 2137 2458 perpetrata

544 2493 785 2553 peccata,
819 2493 870 2536 ut
919 2483 970 2536 ei
1013 2483 1196 2538 veraci
1251 2482 1424 2536 relatu
1473 2492 1599 2535 nota
1643 2481 1840 2534 ﬁerent
1871 2478 2036 2533 facta.
2069 2475 2139 2533 Ut

543 2587 726 2629 autem
759 2576 826 2630 ab
855 2575 935 2630 eis
965 2575 1149 2646 aliqua
1175 2589 1424 2629 normam
1449 2573 1794 2628 rectitudinis
1854 2585 2141 2640 supergre-

547 2666 758 2721 dientia
801 2667 1018 2738 cognita
1053 2667 1278 2732 audivit,
1335 2667 1453 2721 sine
1496 2666 1845 2737 perceptione
1873 2680 2136 2736 persona-

544 2772 693 2822 rum,
723 2757 1021 2812 secundum
1057 2757 1322 2828 judicium
1353 2744 1712 2821 clericorum,
1743 2755 1811 2810 ad
1863 2758 2137 2810 tramitem

548 2848 928 2911 rectitudinis,
987 2859 1276 2917 quantum,
1326 2848 1682 2918 omnipotenti
1727 2847 1838 2901 Deo
1875 2847 2134 2918 iuvante,

546 2940 748 3010 potuit,
794 2941 1076 2995 retrahere
1106 2940 1402 3004 festinavit,
1455 2947 1510 2994 et
1537 2939 1678 2994 male
1705 2939 1968 3009 pullulata
2018 2954 2140 2994 sur-

541 3030 662 3086 cula
695 3032 949 3086 vitiorum
981 3030 1238 3086 lalcastro
1284 3031 1435 3086 verbi
1487 3031 1586 3086 Dei
1623 3031 2023 3086 studiosissime
2055 3047 2137 3085 re-

543 3136 756 3186 secare,
811 3137 881 3176 nc
945 3121 1174 3191 virgulta
1227 3121 1495 3176 malorum
1541 3123 1848 3192 germinum
1897 3133 2132 3192 segetem

541 3211 744 3266 Chrisu
773 3213 873 3266 sibi
906 3213 1257 3267 connnissam
1289 3213 1559 3267 sulfocare
1601 3213 1872 3268 licentiam
1909 3214 2133 3268 habuis-

544 3313 670 3357 sent
700 3319 714 3367 ;
766 3315 816 3357 et
850 3303 1054 3357 morbis
1083 3303 1335 3356 vitiorum
1363 3303 1642 3372 aptissima
1675 3303 1916 3358 fomenta
1951 3318 2136 3358 emen-

542 3395 824 3446 dationum
872 3395 1144 3462 opposuit,
1191 3395 1285 3448 sed
1333 3403 1513 3448 tamen
1561 3395 1859 3449 secundum
1913 3397 2136 3450 verbum

544 3484 642 3539 Det
672 3484 900 3539 dtcentis
947 3502 961 3538 :
1003 3487 1197 3556 Argue,
1239 3487 1477 3550 obsecra,
1537 3486 1748 3556 increpa
1779 3490 1832 3540 in
1871 3489 2012 3542 omni
2043 3505 2138 3558 pa-

543 3575 731 3628 tientia
779 3584 824 3628 ct
865 3575 1109 3628 doctrina
1166 3575 1251 3646 (ll
1296 3575 1433 3629 Tim.
1467 3576 1564 3647 tv).
1606 3577 1680 3631 Ea
1735 3593 1860 3633 vero
1883 3594 2006 3649 qua:
2035 3579 2137 3635 dif-

542 3668 706 3722 lieilia
753 3678 808 3722 et
846 3668 1240 3737 insuperabilia
1290 3669 1560 3724 ministris
1611 3670 1726 3724 suis
1776 3686 1898 3726 esse
1947 3672 2015 3727 ab
2056 3673 2136 3728 eis

543 3761 828 3830 comperit,
862 3761 914 3815 in
965 3763 1255 3830 pra:sentia
1287 3763 1396 3829 sui,
1427 3764 1668 3817 omnium
1720 3780 1844 3819 cum
1900 3781 1966 3821 eo
2015 3783 2134 3820 nta-

545 3854 788 3906 nentium
841 3852 1419 3924 adjutorio,percauta
1482 3856 1782 3911 directione
1814 3857 1957 3911 liniri
2006 3875 2134 3914 con-

547 3944 735 3998 tendit.
762 3944 891 4010 Qua:
911 3955 1091 4000 autem
1119 3947 1187 4000 ab
1216 3947 1297 4001 eis
1322 3949 1443 4002 sine
1472 3949 1872 4004 obtrectatione
1904 3951 2132 4007 aliorum

545 4033 598 4088 in
628 4043 829 4088 statum
896 4036 1236 4092 rectitudinis
1282 4038 1528 4093 converti
1585 4045 1874 4109 persensit,
1943 4057 2132 4096 eorum

548 4125 801 4194 regimini
867 4126 1534 4206 perficiendum[firmiter
1585 4133 2007 4187 commendavit.
2043 4133 2134 4188 llle

545 4228 752 4283 autem,
784 4233 1019 4288 sequens
1069 4221 1310 4290 regulam
1364 4223 1447 4274 sui
1479 4221 1484 4228 ’
1512 4223 1840 4289 ministerii,
1900 4225 2134 4294 Spiritus

549 4309 726 4362 sancti
759 4312 959 4362 donum
1009 4311 1206 4379 populo
1240 4311 1307 4365 ad
1343 4313 1444 4366 hoc
1483 4313 1613 4366 illttd
1662 4327 2014 4385 Congregato,
2048 4334 2134 4371 sa-

547 4413 656 4453 cra:
709 4400 981 4454 unctionis
1039 4402 1512 4455 confirmationem
1573 4405 1781 4457 studuit
1830 4404 2128 4474 imponere.

547 4488 605 4542 Si
635 4499 820 4543 autem
875 4490 962 4545 his
1015 4490 1554 4561 adhucimperfecds
1609 4509 1714 4548 nox
1771 4493 1931 4549 solito
1985 4514 2132 4551 more

545 4582 848 4652 subrepens
911 4583 1175 4648 advenit,
1223 4598 1292 4638 ne
1343 4584 1526 4654 aliqua
1593 4601 1718 4655 pars
1791 4587 1973 4642 ovium
2031 4588 2129 4642 sibi

543 4677 960 4730 commissarum
993 4677 1319 4732 detrimento
1364 4678 1686 4747 privationis
1718 4680 1958 4736 cwlestis
2004 4681 2126 4734 doni

543 4779 886 4840 gravaretur,
917 4770 1156 4826 incensis
1190 4772 1549 4826 luntinaribus
1581 4774 1635 4826 in
1663 4775 1880 4828 nomine
1914 4775 2124 4826 Domini

543 4871 720 4931 erepta
770 4863 1034 4930 perlicere
1069 4865 1390 4918 decertavit.
1439 4864 1715 4919 Interdum
1763 4874 1970 4928 autem,
2004 4881 2128 4918 cum

544 4951 612 5005 de
667 4952 1090 5021 rel‘ragatorilnts
1150 4952 1375 5020 justitiae
1425 4963 1574 5007 tanta
1623 4956 1898 5008 contentio
1939 4971 2129 5010 excre-

541 5043 728 5106 visset,
767 5053 842 5106 ut,
873 5044 1169 5097 decedente
1195 5045 1308 5110 die,
1338 5046 1578 5100 tenehrze
1608 5046 1784 5099 noctis
1833 5045 2126 5101 funderen-

546 5143 633 5185 tur
675 5133 730 5186 in
786 5133 1008 5197 mundo,
1058 5149 1127 5188 ne
1174 5149 1273 5202 pro
1317 5150 1382 5189 eo
1411 5137 1641 5190 concilia
1695 5137 1826 5190 inibi
1870 5138 2124 5192 ventilata

2164 3359 2207 3418 C

2253 651 2636 720 erogabantur.
2684 651 2961 706 Dehilibus
3012 661 3196 706 autem
3251 668 3374 707 cum
3432 667 3501 707 eo
3543 655 3837 710 advenien-

2253 743 2394 798 tibus
2440 744 2492 798 in
2541 760 2636 799 sua
2669 745 2956 816 praesentia
2985 745 3288 810 collocatis,
3339 746 3716 802 abundantem
3753 764 3836 803 re-

2252 831 2542 888 fectionem
2594 835 2792 904 apponi
2840 835 3116 905 praecepit.
3166 835 3224 890 In
3269 837 3598 906 quibusdam
3654 848 3837 894 autem

2249 927 2440 982 diebus
2486 929 2720 999 capitula
2773 944 2898 983 cum
2941 929 3158 984 clericis
3203 929 3405 985 habere
3450 929 3728 999 disposuit
3783 934 3835 986 in

2251 1018 2336 1074 his
2387 1020 2519 1075 locis
2590 1021 2680 1076 ubi
2729 1021 2844 1076 haec
2878 1022 3161 1090 aptissime
3211 1021 3326 1078 ﬁeri
3365 1024 3838 1094 archipresbyteri

2247 1120 2592 1181 putaverunt,
2637 1121 2690 1168 ct
2737 1113 2829 1167 ubi
2860 1128 2982 1167 eum
3022 1112 3089 1168 ab
3129 1112 3251 1168 aliis
3301 1115 3600 1169 mundanis
3647 1117 3840 1170 conci-

2246 1201 2333 1256 liis
2389 1203 2778 1258 absolutiorcm
2832 1218 2955 1259 esse
3007 1203 3436 1260 arbitrabantur.
3474 1205 3835 1276 Congregatis

2246 1304 2372 1348 ante
2417 1309 2475 1349 se
2517 1295 2751 1362 clericis,
2801 1295 3302 1367 archipresbyteros
3355 1306 3412 1351 et
3461 1298 3741 1362 decanos,
3794 1309 3844 1352 et

2244 1383 2478 1452 optimos
2523 1399 2658 1453 quos
2707 1386 2850 1440 inter
2873 1400 2968 1441 eos
3007 1386 3251 1440 invenire
3299 1387 3500 1456 potuit,
3557 1401 3726 1442 caute
3752 1389 3833 1442 in-

2247 1477 2544 1544 terrogavit
2585 1476 2821 1545 qualiter
2870 1477 3245 1546 quotidianum
3298 1479 3391 1534 Dei
3443 1480 3739 1534 servitium
3771 1481 3834 1535 ab

2245 1567 2326 1623 eis
2367 1567 2716 1636 impleretur,
2767 1577 2821 1624 et
2865 1568 3101 1638 qualiter
3137 1569 3244 1624 illis
3290 1569 3523 1640 populus
3552 1568 3832 1638 subjectus

2242 1672 2309 1713 ex
2338 1659 2419 1714 eis
2451 1669 2730 1731 regeretur
2759 1661 2814 1715 in
2865 1660 3045 1716 studio
3069 1662 3398 1731 praedicandi
3447 1661 3831 1732 docendique;

2242 1760 2555 1821 quantaque
2605 1752 2820 1808 cautela
2856 1751 3094 1809 infantes
3140 1753 3578 1823 baptizarentur,
3638 1755 3838 1810 inﬁrmi

2241 1843 2600 1898 visitarentur
2622 1852 2676 1900 et
2705 1853 3054 1915 ungerentur,
3086 1844 3467 1899 defunctorum
3503 1845 3678 1899 etiam
3709 1859 3832 1899 wr-

2243 1946 2374 2002 pora
2410 1942 2612 2002 quanta
2658 1933 3038 2003 compassione
3096 1933 3391 2002 sepulturis
3454 1934 3832 1999 traderentur;

2242 2023 2478 2092 qualiter
2519 2025 2585 2079 de
2618 2025 2842 2080 decimis
2865 2033 2920 2080 et
2968 2024 3338 2080 oblationibus
3398 2024 3649 2080 ﬁdelium
3701 2040 3831 2094 pau-

2243 2129 2400 2183 peres
2449 2123 2506 2169 et
2556 2114 2763 2170 debiles
2806 2123 3214 2182 recrearentur,
3249 2114 3427 2170 viduis
3475 2124 3532 2170 et
3577 2116 3837 2185 orphanis

2241 2205 2296 2260 in
2326 2207 2592 2262 universis
2628 2207 3052 2263 necessitatibus
3091 2207 3481 2274 subvenirent;
3520 2198 3833 2278 quantoque

2239 2299 2420 2354 studio
2446 2299 2498 2353 in
2533 2300 2834 2370 hospitibus
2848 2307 2901 2353 et
2922 2299 3144 2355 advenis
3173 2299 3392 2354 Christo
3416 2300 3830 2365 ministrarent;

2240 2391 2287 2446 si
2344 2392 2791 2447 subintroductas
2837 2392 3097 2447 mulieres
3149 2407 3334 2446 secum
3384 2392 3732 2454 habuissent,
3782 2403 3831 2446 et

2241 2481 2367 2536 inde
2397 2483 2606 2538 crimen
2657 2483 2987 2553 suspicionis
3041 2483 3380 2548 inciderent;
3424 2483 3472 2537 si
3527 2499 3655 2538 cum
3689 2485 3830 2538 cani-

2240 2573 2344 2628 bus
2397 2573 2484 2630 vel
2532 2574 2887 2644 accipitribus
2949 2574 3266 2630 venationes
3329 2583 3734 2644 sequerentur,
3788 2576 3828 2630 si

2243 2667 2500 2723 tabernas
2546 2683 2713 2722 causa
2769 2667 2963 2723 edendi
2989 2666 3078 2721 Vel
3119 2666 3339 2722 bibendi
3368 2667 3824 2736 ingrederentur;

2238 2758 2285 2812 si
2345 2766 2529 2827 turpes
2553 2756 2708 2826 jocos
2758 2757 2813 2811 in
2865 2772 2964 2811 usu
3002 2757 3298 2822 haberent;
3341 2755 3387 2811 si
3437 2757 3735 2812 ebrietates
3778 2766 3827 2811 et

2239 2849 2666 2904 comessationes
2715 2863 2880 2919 supra
2923 2847 3144 2903 modum
3197 2855 3493 2913 amarent;
3537 2850 3586 2904 si
3626 2849 3825 2903 rixiset

2239 2939 2676 2996 contentionibus
2702 2948 2754 2994 et
2795 2939 3227 2994 aemulationibus
3242 2940 3622 3006 deservirem;
3657 2942 3703 2999 si
3730 2957 3823 2995 nu-

2238 3032 2366 3102 ptiis
2417 3030 2767 3086 saacularibus
2803 3031 3161 3096 interessent;
3205 3029 3287 3084 vel
3317 3031 3362 3086 si
3420 3030 3599 3101 aliqui
3645 3047 3819 3086 eorum

2239 3121 2542 3177 ministeria
2600 3121 2908 3177 indecentia
2961 3120 3016 3174 in
3077 3119 3473 3177 consuetudine
3531 3121 3816 3187 haberent;

2237 3213 2282 3268 si
2328 3227 2424 3283 per
2473 3212 2767 3278 Kalendas,
2812 3227 2964 3266 more
3000 3221 3412 3267 antecesserunt
3464 3228 3719 3279 suorum,
3759 3215 3818 3267 ad

2240 3303 2354 3357 loca
2409 3312 2613 3358 statuta
2659 3303 3047 3380 convenirent,
3088 3303 3270 3372 ibique
3327 3301 3521 3357 solitas
3553 3305 3820 3358 orationes

2241 3394 2545 3464 explerent,
2575 3410 2807 3464 suasque
2858 3393 3130 3448 EcClesias
3161 3394 3226 3448 ad
3255 3402 3467 3462 tempus
3496 3394 3814 3458 reviserent;

2241 3485 2286 3539 si
2339 3485 2706 3540 obedientiam
2755 3499 2944 3539 eorum
2994 3485 3273 3552 magistris
3340 3484 3733 3553 pnebuissent,
3771 3494 3820 3538 et
3875 3543 3879 3546 ,

2239 3575 2294 3629 in
2355 3585 2468 3632 toto
2511 3591 2609 3630 suo
2657 3574 2961 3629 ministerio
2989 3574 3166 3629 devoti
3197 3584 3253 3628 et
3303 3573 3414 3642 apti
3447 3587 3677 3628 manere
3708 3585 3818 3629 stn-

2239 3667 2504 3725 duissent.
2545 3665 2916 3737 Responsione
2961 3677 3140 3722 autem
3177 3667 3242 3722 de
3274 3666 3636 3736 interrogatis
3663 3665 3813 3728 facta,

2237 3770 2294 3814 et
2336 3761 2546 3815 ratione
2593 3760 2839 3814 veritatis
2866 3771 3146 3829 percepta,
3174 3761 3448 3816 stantibus
3500 3761 3559 3814 in
3610 3761 3822 3815 rectitu-

2237 3851 2362 3906 dine
2404 3852 2732 3908 dulcissimae
2790 3851 3182 3908 consolationis
3230 3853 3406 3922 gratia
3458 3854 3816 3922 gratilicavit,

2237 3954 2293 3998 et
2342 3953 2402 3997 ut
2451 3943 2706 4013 deinceps
2759 3958 2790 3996 a
2850 3959 3038 3998 norma
3079 3943 3309 4011 justitia:
3364 3960 3471 3997 non
3525 3945 3817 4003 deviarem,

2237 4033 2387 4088 suavi
2435 4033 2705 4103 colloquio
2761 4034 3079 4098 admonuit;
3121 4049 3348 4090 errones
3377 4043 3563 4088 autem
3609 4050 3706 4103 per
3733 4036 3819 4089 de.

2237 4125 2322 4177 via
2347 4123 2658 4180 incedentes
2687 4122 2908 4191 fratres,
2939 4124 3117 4195 dignis
3139 4125 3333 4180 terruit
3363 4125 3820 4196 correptionibus,

2235 4226 2310 4281 et,
2360 4226 2417 4270 ιιι
2463 4227 2649 4286 postea
2700 4227 2962 4272 consueta
3006 4216 3137 4271 vitia
3191 4219 3554 4287 omitterent,
3619 4231 3817 4287 prtcce-

2237 4307 2336 4377 pit.

2308 4399 2415 4454 Vll.
2460 4399 2662 4454 [lorum
2707 4410 2890 4456 autem
2921 4402 3014 4472 qui
3069 4402 3123 4457 in
3168 4417 3267 4458 suo
3322 4403 3643 4473 episcopatu
3693 4419 3813 4473 pro-

2236 4492 2495 4562 prietates
2534 4493 2830 4557 habebant,
2874 4493 3122 4563 quisquis
3168 4494 3550 4563 religiosorum
3593 4506 3810 4565 propter

2236 4598 2475 4638 amorem
2500 4582 2700 4639 Christi
2731 4584 3015 4638 ecclesiam
3067 4599 3397 4653 componere
3444 4585 3722 4654 cupiebat,
3763 4598 3813 4639 et

2237 4693 2360 4730 cum
2395 4692 2656 4731 concessa
2683 4677 2902 4730 licentia
2954 4676 3022 4730 ab
3072 4677 3260 4730 eodem
3309 4686 3502 4731 sancto
3561 4679 3815 4749 episcopo

2233 4783 2354 4822 eam
2395 4769 2778 4833 mdilicaverat,
2841 4769 3417 4837 consecrationcmque
3467 4770 3635 4824 habili
3683 4781 3812 4824 tem-

2233 4877 2363 4931 pore
2411 4861 2562 4915 abeo
2593 4863 2707 4915 lieri
2737 4861 3022 4930 ﬂagitavit,
3061 4861 3339 4929 aptissime
3389 4862 3819 4930 uniuscujusque

2232 4953 2479 5023 petitioni
2517 4953 2746 5021 praebuit
2790 4968 3097 5016 assensum,
3131 4953 3177 5030 si
3223 4951 3515 5006 confestim
3552 4954 3640 5008 ille
3683 4970 3807 5008 con-

2230 5051 2455 5096 secrata:
2485 5042 2728 5097 ecclesiae
2751 5042 3048 5111 legitimam
3089 5043 3268 5096 dotem
3308 5042 3360 5095 in
3396 5044 3559 5096 terris
3583 5054 3806 5096 etman-

2231 5143 2388 5212 cipiis
2416 5143 2470 5196 in
2501 5159 2718 5196 ntanum
2741 5143 2856 5210 ejus
2883 5143 3224 5196 celsitudinis
3253 5143 3384 5198 dare
3414 5160 3520 5198 non
3554 5143 3807 5205 dilferret,
