3972 5428
124 270 267 325 1025

1707 273 1885 335 YlTA.

3287 281 3426 337 £026

104 397 361 467 legitimo
418 393 656 450 bmrcdi
704 407 885 464 panno
923 392 1033 464 (57)
1086 391 1342 460 imposito
1389 391 1735 445 commcnda-
1768 402 1811 453 Α
1843 388 2161 443 debitoribus
2192 389 2384 442 nostris
2430 389 2649 460 (Matth.
2684 391 2795 463 vl);
2841 401 2893 445 et
2927 391 3221 447 secundum
3261 394 3434 449 Evan’

101 488 199 540 vit.
230 481 508 552 Alicujus
550 484 893 539 oblationem
943 482 1185 536 muneris
1235 497 1344 535 non
1382 481 1734 550 exposcebat,

103 578 208 633 nisi
255 578 585 647 presbyter
617 576 860 647 ejusdem
894 574 1136 631 ecclesia:
1164 574 1366 643 aliquid
1396 583 1616 644 propter
1644 574 1740 628 ho-

101 683 304 725 norem
361 683 573 734 suum,
617 678 672 723 et
711 667 906 723 bonam
958 666 1291 722 voluntatem
1338 682 1491 721 suam
1545 674 1737 737 sponte

103 774 228 814 eum
284 757 574 825 accipere
630 757 966 825 impetraret.

173 846 319 903 Vlll.
364 846 514 902 Jesu
548 862 689 901 vero
728 848 962 916 quodam
1011 854 1251 915 tempore
1285 845 1576 917 prteceptis
1603 846 1737 902 obe-

102 939 331 1002 diendo,
391 953 536 992 cum
586 938 643 991 in
689 952 827 1008 pago
890 936 1184 1008 Aldegowe
1239 937 1349 1006 ('58)
1398 938 1735 994 nominatum

102 1028 414 1083 ministerii
442 1028 540 1082 sui
569 1027 809 1083 cilicium
838 1028 1061 1098 implere
1091 1028 1441 1094 decrevisset,
1472 1037 1739 1084 venerunt

101 1121 334 1191 quidam
374 1119 659 1175 homines
701 1120 767 1174 de
815 1121 1006 1175 eodem
1051 1135 1190 1191 pago
1237 1122 1307 1175 ad
1344 1135 1492 1187 eum,
1532 1121 1741 1175 lamen-

103 1212 274 1266 tando
304 1210 624 1265 dicentes:
654 1227 674 1259 ‹
704 1208 897 1265 Patres
946 1211 1117 1265 nostri
1170 1212 1223 1266 in
1268 1227 1363 1266 sua
1410 1214 1740 1283 proprietate

104 1316 272 1371 quam
303 1300 484 1355 nobis
518 1299 813 1369 reliquere,
863 1301 931 1355 de
961 1302 1225 1370 lapidibus
1269 1312 1325 1357 et
1372 1313 1635 1358 cmmento
1681 1313 1738 1359 et

104 1392 271 1460 lignis
311 1391 630 1446 tediculam
659 1400 1104 1459 construxerunt,
1136 1409 1298 1464 quam
1326 1395 1434 1450 Deo
1458 1405 1515 1451 et
1534 1397 1740 1452 sanctis

106 1488 227 1557 ejus
281 1488 552 1545 dedicari
603 1490 914 1558 voluerunt,
967 1502 1024 1547 et
1076 1501 1137 1547 ut
1187 1493 1286 1564 ipsi
1332 1494 1405 1549 ibi
1454 1510 1736 1550 sacrorum

104 1577 428 1632 olliciorum
482 1581 913 1637 celebrationem
961 1582 1150 1639 audire
1205 1586 1562 1653 meruissent,
1612 1587 1738 1658 quia

106 1667 262 1722 locus
312 1668 426 1725 iste
470 1671 533 1724 in
587 1687 777 1744 magna
819 1674 1075 1730 vastitate
1102 1677 1271 1731 eremi
1314 1686 1398 1732 est
1438 1678 1594 1745 situs,
1641 1678 1736 1734 sed

1839 479 2081 549 gelium:
2124 478 2217 533 Sic
2259 490 2309 533 et
2352 477 2518 534 Pater
2562 497 2707 536 meus
2750 482 2969 536 calcatis
3005 482 3161 551 faciet
3193 483 3357 550 vobis,
3385 485 3433 539 si

1840 587 1945 624 non
1988 570 2292 623 remiseritis
2336 573 2691 641 unusquisque
2738 572 2897 642 fratri
2935 589 3031 627 suo
3076 573 3140 627 dc
3187 575 3433 628 cordibus

1838 661 2021 715 vestris
2079 659 2297 729 (Matth.
2360 661 2560 731 xvnt);
2622 670 2675 716 et
2730 663 2987 717 iterum:
3046 663 3323 722 Dimittite.
3384 674 3433 719 et

1837 752 2173 805 dimittemini
2228 750 2379 823 (Luc.
2431 753 2529 822 vt).
2587 753 2834 809 Decimas
2874 754 3115 809 omnium
3188 756 3433 809 laborum

1840 858 2061 899 snormn
2095 842 2324 898 Dmnino
2363 850 2418 897 et
2455 843 2659 898 sanctis
2682 844 2820 913 ejus,
2856 845 3209 914 ecclesiisque
3238 846 3435 916 quibus

1840 943 1968 988 sunt
2012 934 2339 998 terminata,
2391 948 2458 989 ne
2509 943 2718 989 reatum
2768 936 2902 990 Cain
2959 935 3251 992 fratricida:
3296 937 3433 1000 inci-

1840 1027 2032 1080 derent
2065 1040 2187 1080 cum
2225 1040 2419 1096 magna
2465 1027 2675 1081 cautela
2720 1036 3048 1097 praesentare
3088 1028 3428 1091 festinarent,

1839 1117 2148 1174 Dominicas
2198 1118 2362 1172 etiam
2416 1118 2534 1174 dies
2580 1128 2635 1174 et
2673 1127 2901 1174 exteras
2964 1120 3335 1175 solemnitates
3379 1123 3432 1177 in

1840 1224 1983 1267 anno
2013 1225 2118 1264 non
2161 1210 2333 1265 solum
2380 1212 2435 1266 in
2479 1210 2804 1266 abstinentia
2851 1211 3127 1266 servilium
3182 1229 3427 1282 operum,

1838 1303 1932 1358 sed
2006 1312 2063 1356 et
2122 1302 2361 1356 omnium
2434 1302 2717 1366 vitiorum,
2766 1302 3120 1359 devotissime
3184 1306 3432 1360 venerari

1840 1396 2084 1460 monuit;
2140 1393 2538 1449 Eucharistiam
2578 1409 2850 1465 quemque
2894 1395 3115 1451 assidue
3161 1397 3432 1467 act-iperc,

1839 1497 2003 1559 atque
2046 1496 2174 1543 ante
2215 1488 2586 1558 acceptionem
2627 1497 2917 1558 purgatum
2954 1503 3014 1543 se
3041 1490 3334 1556 exhibere;
3378 1498 3434 1544 et

1837 1590 1963 1649 post
2013 1578 2383 1648 acceptionem
2430 1579 2689 1633 mundum
2748 1592 2807 1633 se
2861 1580 3136 1634 custodire
3174 1589 3431 1636 certaret.

1842 1672 1967 1726 Dies
2016 1668 2454 1741 Quadragesimm
2523 1679 2828 1739 ctetcraque
2873 1668 3079 1738 jejunia
3132 1671 3435 1741 antiquitus

105 1768 338 1830 propter
382 1760 772 1818 difﬁcultatem
816 1764 917 1819 viae
959 1774 1014 1819 et
1061 1767 1373 1837 pauperiem
1423 1769 1736 1824 substantiae
1768 1747 1813 1806 Β
1840 1763 2154 1829 constituta,
2183 1770 2238 1817 et
2267 1761 2483 1817 noviter
2527 1777 2650 1816 cum
2693 1776 2962 1816 consensu
2993 1761 3232 1825 inventa,
3281 1761 3433 1816 omni

109 1866 306 1919 eorum
340 1892 358 1917 ,
446 1869 736 1923 nunquam
811 1857 1121 1927 episcopum
1179 1858 1247 1912 ad
1309 1860 1732 1915 consecrandam

107 1942 408 2010 praefatam
484 1944 774 1999 aediculam
829 1947 1177 2003 introducere
1228 1957 1540 2018 potuerunt.
1583 1969 1602 2002 ι
1638 1949 1735 2005 His

113 2031 343 2094 auditis,
386 2032 494 2086 Dei
548 2048 740 2089 servus
770 2035 927 2090 hilari
975 2037 1125 2090 vultu
1156 2038 1412 2093 dicebat:
1446 2058 1465 2091 ι
1503 2037 1735 2097 Potestis

112 2137 259 2177 nunc
285 2125 358 2177 ad
392 2134 621 2196 tempus
646 2142 765 2195 qme
796 2129 1189 2183 consecrationi
1216 2129 1457 2185 ecclesia:
1490 2141 1617 2186 sunt
1642 2146 1734 2186 ne-

115 2217 360 2269 cessaria
394 2219 735 2287 acquirere?
770 2239 789 2272 »
818 2220 917 2285 Qui
949 2221 1248 2275 amicorum
1272 2222 1733 2278 consolationibus

116 2304 239 2363 lrcti
270 2310 730 2378 responderunt:
764 2329 782 2362 ι
814 2311 1131 2367 Possumus.
1171 2332 1190 2365 ι
1221 2312 1427 2380 Quibus
1458 2315 1547 2369 ille
1569 2316 1687 2369 inllt
1713 2332 1727 2369 :

120 2414 138 2446 ι
165 2396 409 2453 Cautum
435 2399 576 2454 mihi
601 2401 700 2455 via:
726 2401 1002 2457 ductorem
1032 2404 1371 2471 dimittendo,
1405 2405 1728 2472 antecedite,

117 2495 170 2540 et
205 2503 334 2557 qua:
390 2500 532 2546 sunt
568 2491 865 2547 ordinanda
904 2495 1179 2560 ordinate,
1232 2512 1361 2551 ecce
1390 2495 1502 2569 [ad]
1533 2506 1729 2552 vestrze

119 2577 572 2636 subveniendum
614 2584 921 2638 necessitati
954 2584 1079 2640 illuc
1107 2587 1440 2655 perveniam,
1489 2597 1566 2652 et,
1615 2587 1727 2643 Deo

114 2668 368 2739 juvante,
415 2674 710 2729 ecclesiam
758 2679 1110 2734 consecrabo.
1143 2699 1163 2734 ›
1194 2680 1291 2736 Die
1341 2696 1473 2737 vero
1531 2683 1724 2749 altera,

120 2765 551 2821 consecratione
596 2777 839 2836 peracta,
889 2770 1034 2827 cives
1082 2772 1180 2843 ipsi
1228 2775 1523 2829 secundum
1569 2791 1723 2830 suam

121 2851 446 2913 facultatem
479 2872 703 2913 munera
741 2859 1033 2917 oll‘erentes
1077 2872 1204 2918 ante
1234 2880 1356 2918 eum
1406 2867 1723 2932 veniebant;

121 2957 238 3018 quae
262 2945 491 3011 videns,
509 2947 797 3004 subridens
825 2950 961 3005 dixit
985 2968 999 3004 :
1035 2971 1054 3003 ι
1081 2951 1198 3007 Non
1233 2964 1456 3023 propter
1482 2971 1721 3011 amorem

122 3033 357 3103 alicujus
405 3040 672 3104 muneris,
702 3041 796 3096 sed
836 3050 894 3096 ut
930 3053 1124 3098 vestra:
1172 3047 1480 3101 necessitati
1524 3062 1719 3102 consu-

1840 1856 2051 1911 monuit
2100 1854 2387 1909 devotione
2438 1853 2508 1908 ab
2556 1851 2806 1908 erunibus
2855 1853 3143 1918 custodiri,
3197 1851 3432 1922 abnega-

1839 1947 2040 2001 tionem
2067 1944 2150 2000 sui
2184 1943 2387 2008 facere,
2435 1952 2492 1998 et
2535 1942 2735 1999 Christi
2762 1943 2988 2014 vestigia
3029 1943 3201 2012 sequi,
3234 1959 3431 2013 corpus

1835 2037 2130 2107 castigare,
2157 2034 2381 2090 delicias
2400 2051 2508 2090 non
2529 2050 2736 2099 amare,
2769 2034 3072 2089 esurientes
3099 2044 3153 2087 et
3183 2034 3430 2088 sitientes

1833 2130 1973 2185 escis
2004 2136 2056 2184 et
2080 2126 2289 2198 poculis
2319 2140 2588 2190 recreare,
2624 2126 2785 2180 nudis
2820 2125 3139 2179 vestimenta
3164 2120 3426 2193 prarbero,

1833 2218 2079 2273 inlirmos
2111 2224 2168 2271 et
2211 2217 2264 2271 in
2309 2216 2574 2286 angustiis
2613 2214 2939 2270 constitutos
2963 2213 3212 2278 visitare,
3242 2213 3430 2282 egenis

1831 2319 1883 2364 et
1913 2310 2062 2381 vagis
2085 2307 2491 2362 mansiuuculas
2514 2307 2833 2372 concedere,
2857 2316 2912 2362 et
2933 2321 3053 2376 qua:
3082 2314 3208 2359 sunt
3236 2318 3426 2359 neces-

1830 2401 1974 2457 saria
2014 2407 2235 2470 propter
2262 2412 2501 2452 amorem
2530 2396 2730 2452 Christi
2780 2397 3047 2467 przebere,
3097 2395 3329 2464 pupillos
3371 2403 3430 2450 et

1828 2493 2018 2548 viduas
2064 2494 2117 2547 in
2169 2490 2609 2546 tribulationibus
2635 2490 2877 2554 visitare,
2924 2497 3087 2558 atque
3116 2489 3170 2542 in
3211 2487 3424 2542 cunctis

1827 2599 2015 2640 eorum
2065 2581 2483 2637 necessitatibus
2526 2578 2838 2644 subvenire,
2881 2578 3118 2634 malitias
3161 2578 3216 2632 in
3259 2578 3424 2633 corde

1827 2688 1934 2730 non
1974 2674 2228 2740 retinere,
2259 2680 2315 2728 et
2339 2671 2519 2727 verbis
2543 2670 2779 2740 aliquem
2825 2670 2893 2725 ad
2940 2668 3277 2725 iracundiam
3308 2684 3420 2724 non

1825 2782 2155 2841 provocare,
2204 2766 2341 2820 iram
2387 2764 2680 2834 deponere,
2741 2761 3144 2832 vindictamque
3194 2764 3424 2819 Domino

1824 2859 2145 2922 concedere,
2194 2855 2324 2910 nulli
2373 2855 2571 2909 malum
2604 2869 2702 2925 pro
2729 2854 2872 2908 malo
2900 2854 3147 2920 reddere,
3188 2870 3289 2910 nec
3319 2855 3421 2909 ali-

1823 2965 1927 3020 qua
1970 2949 2188 3003 laesione
2212 2948 2561 3012 exacerbare,
2592 2946 2976 3001 maledicentes
3005 2962 3063 3001 se
3110 2963 3215 3002 non
3247 2963 3423 3003 rema-

1827 3040 2082 3104 ledirere,
2140 3040 2233 3093 sed
2273 3038 2447 3108 magis
2492 3037 2855 3101 benedicere,
2906 3048 2961 3091 et
2985 3039 3418 3107 persecutionem

122 3124 321 3191 lcrem,
364 3138 422 3184 et
450 3132 733 3185 servitium
756 3133 848 3187 Dei
886 3133 937 3187 in
968 3135 1070 3190 hoc
1102 3135 1221 3191 loco
1249 3137 1718 3207 multiplicaretur.

1829 3146 1927 3202 pro
1969 3130 2180 3200 justitia
2212 3131 2518 3196 sustinere,
2574 3129 2949 3184 discordantes
3001 3139 3057 3185 ct
3105 3129 3420 3186 inimicitias

123 3215 226 3271 huc
260 3220 412 3284 veni,
448 3221 562 3276 bare
590 3223 746 3277 nobis
787 3224 966 3279 oblata
1010 3234 1204 3282 vestra:
1236 3228 1459 3283 utilitati
1497 3245 1716 3286 servan-

125 3318 223 3373 tes,
251 3321 309 3364 et
341 3312 400 3365 in
441 3311 534 3367 Dei
565 3315 788 3369 servitio
827 3325 1157 3383 crescentes,
1191 3329 1404 3375 manete
1428 3321 1481 3375 in
1506 3337 1657 3392 pace.
1697 3342 1716 3377 ι

118 3397 243 3461 [huc
273 3401 471 3457 dicens
499 3404 742 3470 recessit,
775 3413 831 3461 et
855 3407 920 3462 de
956 3408 1210 3478 scrupulo
1236 3410 1335 3466 vite
1370 3411 1570 3467 nullam
1616 3414 1719 3491 nisi

117 3490 271 3556 quasi
301 3490 542 3546 laetando
568 3495 961 3561 querimoniam
992 3497 1144 3552 fecit.

181 3578 281 3633 IX.
328 3579 433 3634 llis
472 3593 603 3635 vero
652 3584 917 3647 honorum
947 3601 1171 3655 operum
1201 3591 1395 3646 studiis
1428 3592 1718 3659 insistens,

112 3682 308 3729 attines
338 3672 486 3737 apud
516 3686 640 3725 eum
680 3687 1088 3734 commanentes
1116 3680 1495 3737 exhortatione
1526 3684 1717 3755 benig-

115 3757 348 3811 nissima
389 3759 755 3828 spirituatiter
785 3767 1071 3832 recreavit,
1102 3769 1303 3825 docens
1331 3787 1438 3825 non
1463 3773 1634 3827 solum
1660 3776 1715 3830 in

116 3849 302 3904 verbis
354 3852 453 3904 sed
483 3852 647 3906 etiam
690 3853 743 3907 in
788 3857 1191 3925 operationibus
1239 3870 1297 3915 ut
1347 3864 1715 3935 unusquisque

119 3937 414 3995 Dominum
467 3957 536 3997 ex
586 3944 837 4000 onmibus
884 3947 1092 4004 viribus
1147 3952 1388 4021 perfecte
1438 3954 1708 4025 diligeret,

122 4038 174 4083 et
195 4031 315 4101 ejus
341 4033 511 4087 amori
543 4034 675 4089 nihil
704 4038 1005 4105 praeferret,
1034 4050 1088 4095 et
1110 4043 1419 4112 proximum
1452 4055 1706 4117 tanquam

126 4121 404 4190 seipsum,
453 4134 662 4193 patrem
711 4137 765 4182 et
809 4140 1039 4186 matrem
1087 4133 1419 4203 bonoraret;
1491 4139 1710 4211 insuper

128 4225 317 4268 omnes
341 4214 496 4269 bona:
524 4217 817 4274 voluntatis
848 4221 1112 4290 homines,
1154 4225 1221 4281 de
1244 4228 1441 4297 quibus
1465 4233 1704 4302 angelica

129 4306 269 4359 canit
300 4308 607 4374 multitudo,
634 4311 852 4369 dicens:
893 4312 961 4366 Et
991 4315 1044 4368 in
1077 4325 1218 4371 terra
1260 4335 1368 4387 pax
1408 4320 1702 4378 hominibus

1829 3224 1969 3277 inter
2028 3238 2087 3278 se
2151 3221 2419 3276 habentes
2498 3220 2566 3273 ad
2626 3219 3004 3275 unanimitatis
3070 3219 3420 3276 concordiam

1827 3327 2105 3376 revocare,
2156 3310 2267 3365 Deo
2303 3310 2680 3365 resistentibus
2707 3310 2983 3378 resistere,
3037 3319 3093 3366 et
3142 3311 3244 3367 sibi
3293 3328 3416 3367 cum

1823 3404 1930 3461 ﬁde
1993 3401 2351 3459 militantibus
2389 3401 2670 3472 juvantina
2725 3402 3005 3472 praebere,
3082 3403 3230 3459 nullo
3293 3415 3419 3460 octo

1819 3497 2076 3550 vitiorum
2126 3494 2507 3563 principalittm
2549 3509 2671 3562 quae
2716 3508 2879 3548 omne
2925 3510 3095 3564 genus
3136 3495 3416 3550 hominum

1819 3586 2081 3640 infestant
2147 3584 2407 3639 seandalo
2473 3582 2738 3652 laqueari.
2792 3584 3171 3650 Quaerentibus
3231 3596 3415 3640 autem

1819 3689 1938 3743 qua:
1990 3681 2174 3728 essent
2218 3682 2344 3729 octo
2390 3673 2522 3727 vitia
2575 3674 2929 3743 principalia,
2980 3676 3258 3745 respondit
3306 3692 3412 3729 non

1816 3763 1989 3818 solum
2040 3762 2170 3825 illis,
2228 3763 2323 3817 sed
2367 3770 2424 3817 et
2477 3761 2563 3817 his
2608 3764 2697 3831 qui
2740 3765 2917 3818 adhuc
2968 3763 3021 3817 in
3071 3764 3416 3820 haesitatione

1815 3862 2057 3920 manent,
2100 3870 2223 3925 quae
2265 3854 2375 3910 sint
2418 3862 2545 3910 octo
2576 3855 2728 3918 vitia,
2763 3854 2948 3909 dicens
2977 3856 3124 3926 (59):
3170 3856 3412 3913 Primum

1811 3954 1896 4001 est
1920 3945 2326 4016 gastrimargia,
2354 3945 2457 4000 hoc
2487 3953 2572 3999 est
2593 3944 2803 3999 ventris
2838 3944 3123 4017 ingluvies,
3150 3963 3275 4001 eum
3312 3964 3410 4003 sua

1812 4037 2013 4109 prole:
2065 4037 2465 4093 comessatione
2502 4046 2557 4090 et
2606 4036 2917 4102 ebrietate;
2964 4038 3261 4092 secundum
3323 4050 3410 4095 est

1810 4130 2120 4195 fornicatio,
2149 4144 2273 4185 cum
2321 4142 2418 4184 sua
2449 4126 2603 4197 prole
2636 4145 2651 4181 :
2678 4128 3022 4198 turpiloquio,
3051 4130 3407 4194 scurrilitatc,

1812 4223 2060 4285 ludicris,
2097 4237 2219 4292 qua:
2258 4222 2423 4276 etiam
2468 4229 2596 4275 sunt
2637 4219 3001 4290 stultiloquia;
3054 4222 3270 4277 tertium
3321 4233 3408 4278 est

1805 4312 2158 4385 pbilargyria,
2192 4313 2296 4367 hoc
2321 4319 2438 4376 est,
2493 4311 2722 4367 avaritia
2773 4312 2889 4366 sive
2935 4328 3092 4367 amor
3138 4313 3401 4382 pecunim,

128 4393 270 4449 bona:
296 4398 580 4453 voluntatis
600 4399 750 4472 (Luc.
782 4400 874 4474 tt);
899 4404 1148 4476 malignis
1165 4416 1345 4463 autem
1372 4408 1427 4463 in
1453 4413 1704 4467 omnibus

1823 4419 1928 4457 :nm
1950 4418 2077 4458 sua:
2100 4403 2252 4474 prole
2272 4404 2574 4468 mendacio,
2592 4403 2949 4470 frondatione,
2965 4404 3130 4471 furto,
3143 4404 3401 4477 periurio,

129 4496 306 4540 eorum
337 4488 496 4544 malis
535 4491 746 4546 actibus
789 4493 1088 4559 resisteret,
1130 4498 1699 4557 secundumsanctum

129 4576 437 4642 prophetam
483 4579 674 4646 David,
707 4581 1013 4638 dicentem:
1064 4585 1147 4638 Ad
1195 4587 1418 4641 nihilum
1446 4591 1700 4647 deductus

129 4668 286 4722 estin
334 4685 609 4740 conspectu
673 4674 787 4742 ejus
847 4675 1110 4746 malignus
1161 4691 1180 4729 :
1236 4680 1472 4735 timentes
1521 4694 1696 4738 autent

131 4754 403 4814 Dominum
468 4761 727 4830 gloriﬁcat
794 4763 1020 4834 (Psalm.
1077 4768 1229 4836 xw);
1275 4770 1418 4838 quod
1468 4774 1697 4841 quisque

130 4847 222 4901 sibi
249 4849 529 4916 noluisset,
559 4852 715 4906 alteri
743 4868 847 4907 non
880 4854 1116 4920 faceret;
1145 4858 1403 4913 ecclesias
1441 4861 1534 4917 Dei
1571 4876 1698 4919 cum

130 4937 399 4995 devotione
432 4944 628 4998 mentis
679 4951 734 4998 et
760 4944 1063 5001 humilitate
1091 4956 1144 5001 et
1173 4963 1295 5003 cum
1333 4950 1699 5010 oblationibus

128 5030 303 5086 crebro
329 5032 590 5098 visitaret,
644 5031 826 5102 ibique
871 5050 994 5089 cum
1039 5035 1302 5094 effusione
1332 5039 1674 5113 lacrymarun

130 5124 177 5168 et
203 5133 291 5187 pro
321 5120 639 5176 remissione
666 5131 1007 5191 peccatorum
1046 5140 1268 5183 suorum
1298 5137 1356 5183 et
1396 5146 1496 5200 pro
1516 5135 1661 5189 omni

128 5201 217 5256 bus
245 5210 400 5256 lllSliR
434 5215 547 5256 sui:
575 5214 991 5256 nneneeilnlilme
1038 5215 1202 5256 “num
1248 5218 1495 5256 fluminum
1543 5238 1655 5256 οη...

1807 4497 1979 4567 turpis
2000 4496 2135 4551 lucri
2152 4500 2328 4567 appeti
2339 4508 2415 4563 tu,
2443 4496 2580 4553 falso
2607 4499 2936 4563 testimonio,
2950 4499 3226 4566 violentia,
3242 4501 3400 4556 inhu-

1802 4589 2084 4651 manitate,
2111 4588 2407 4642 voracitate
2426 4602 2489 4642 ac
2502 4589 2830 4656 rapacitate;
2863 4597 3136 4658 quartum,
3151 4590 3253 4656 ira,
3273 4606 3396 4647 cum

1829 4694 1894 4733 ua
1917 4677 2067 4748 prole
2092 4693 2106 4729 :
2135 4675 2699 4741 bomicidio,clamore
2725 4685 2781 4731 et
2809 4677 3210 4747 indignatione;
3237 4683 3396 4749 quin-

1800 4776 1932 4833 tum,
1950 4767 2188 4831 tristitia,
2201 4781 2325 4822 cum
2342 4782 2437 4822 sua
2455 4766 2630 4836 prole:
2649 4783 2898 4834 rancore,
2926 4769 3391 4841 pusillaniatitate,

1796 4857 2177 4923 amaritudine,
2211 4857 2619 4929 desperatione;
2647 4870 2858 4913 sextum
2901 4860 3111 4925 acedia,
3139 4878 3261 4917 cum
3292 4880 3391 4921 sua

1791 4948 1973 5016 prole:
2001 4948 2296 5015 otiositate,
2318 4946 2699 5014 somnolentia,
2728 4949 3160 5020 itttportunitate,
3184 4954 3392 5024 inquie-

1796 5040 2001 5105 tudine,
2021 5042 2430 5112 pervagatione,
2459 5041 2815 5101 instabilitate
2829 5045 3028 5100 mentis
3047 5055 3103 5100 et
3123 5050 3391 5119 corporis,

1791 5133 2125 5189 verbositate
2152 5142 2206 5188 et
2228 5134 2577 5200 curiositate;
2615 5139 2912 5208 septimum
2938 5140 3259 5206 cenodoxia,
3291 5142 3396 5201 hoc

1792 5234 1871 5256 nol
1926 5240 2061 5256 “una
2092 5225 2258 5256 "In-:n
2307 5242 2424 5256 Λη-νι
2449 5243 2543 5256 nun
2570 5231 2750 5256 n-A'A-
2783 5229 3124 5256 -Α..ιιινιιῖη..ιι
3174 5232 3367 5256 I,~._.-'
