3972 5428
600 328 738 384 i027

1630 322 1691 381 Ss
1728 320 2045 378 UDALIUCI
2086 325 2480 386 AUGUSTANI
2521 335 2842 393 EPISCOPI.

3690 345 3837 401 {0‘28

580 451 825 504 tatrme,
888 437 1188 493 inimicitia.
1264 439 1482 494 Beatum
1552 456 1682 497 vero
1755 444 2002 505 dicebat,
2070 444 2162 514 qui
2196 456 2237 512 Α
2271 444 2376 498 line
2416 455 2784 514 perseverant.
2811 443 2903 498 Dei
2940 452 3118 499 autem
3167 446 3469 503 henedictis
3515 457 3571 502 et
3616 465 3670 504 ιιι
3722 452 3843 519 ejus

580 532 633 585 in
700 531 818 587 istis
891 530 1143 586 vitiorum
1186 532 1391 602 pedicis
1463 549 1569 588 non
1618 534 1940 590 offendebat.
2025 536 2159 592 Octo

576 639 705 679 vero
781 624 1091 680 notissimas
1128 622 1489 678 beatitudines
1542 639 1572 677 a
1632 625 1740 678 Deo
1782 626 1834 679 in
1870 626 2158 695 Evangelio

576 721 922 767 enumeratas
936 752 952 778 ,
969 713 1189 768 auribus
1204 714 1550 768 cordiscaute
1562 715 1860 785 percipere,
1875 725 1930 768 et
1951 716 2157 772 inlimis

578 804 992 875 cogitationibus
1015 803 1247 861 ﬁrmiter
1270 806 1530 871 inserere,
1555 816 1612 860 ut
1635 806 1685 859 in
1713 815 1951 876 tempore
1976 817 2155 861 tenta-

577 895 737 949 tiouis
784 895 1034 965 malignis
1085 895 1364 965 spiritibus
1405 909 1497 949 eas
1544 894 1775 949 evellere
1824 896 1994 949 virtus
2049 912 2154 950 non

573 986 918 1050 cnncedatur,
946 985 1040 1040 sed
1072 986 1441 1054 unusquisque
1468 985 1531 1038 ad
1556 1001 1704 1055 spem
1729 985 2030 1040 caelestium
2061 986 2155 1040 de-

574 1074 893 1130 sideriornm
922 1090 1107 1129 earum
1132 1073 1593 1128 consolationibus
1616 1073 1956 1138 sublevetur;
2001 1073 2154 1144 Aguo

571 1182 703 1219 vero
767 1165 1156 1233 omnipotentis
1214 1163 1306 1217 Dei
1369 1163 1587 1219 Christo
1652 1163 1857 1218 tollenti
1923 1148 2151 1218 crimina

573 1256 793 1319 mundi,
843 1270 1059 1325 semper
1089 1255 1175 1309 die
1203 1263 1473 1322 noctuque
1521 1254 1843 1324 multiplices
1887 1253 2073 1308 laudes
2100 1261 2155 1309 et

572 1347 779 1417 gratias
829 1346 954 1399 totis
996 1343 1278 1398 desideriis
1309 1352 1366 1397 et
1410 1345 1660 1399 omnibus
1688 1344 1895 1398 viribus
1925 1342 2148 1407 referre,

570 1435 695 1505 quia
741 1435 931 1508 dignus
973 1442 1055 1487 est
1084 1448 1180 1487 sua
1224 1432 1628 1497 incarnatione,
1679 1443 1733 1487 et
1759 1434 2063 1498 nativitate,
2094 1441 2147 1487 et

569 1523 854 1593 baptismo,
885 1531 938 1577 et
966 1522 1341 1587 cruciﬁxione,
1387 1531 1442 1575 et
1485 1522 1792 1592 sepultura,
1822 1532 1873 1576 et
1904 1538 2150 1577 resurre-

569 1619 764 1682 ctione,
798 1627 851 1671 et
879 1616 1197 1672 ascensione
1232 1616 1444 1671 solvere
1481 1616 1759 1688 signacula
1788 1629 1991 1687 septem
2026 1616 2146 1671 libri

567 1710 780 1780 signati.
808 1711 859 1764 in
891 1711 1095 1765 visione
1125 1721 1313 1766 sancto
1330 1710 1522 1765 Joanni
1548 1712 1790 1781 apostolo
1816 1713 1864 1766 in
1892 1711 2149 1769 Pathmos

2262 537 2485 591 dextera
2546 534 2824 591 collocatis
2875 545 3076 606 quanta
3140 539 3334 609 gaudia
3383 547 3549 608 atque
3602 541 3841 611 tripudia

2262 638 2533 693 maneant,
2555 643 2785 699 semper,
2802 639 3060 698 quantum
3089 630 3337 686 lnnnauis
3361 632 3639 686 mentibus
3669 635 3844 702 possi-

2259 717 2364 772 bile
2406 726 2511 781 est,
2542 717 2782 786 cogitare
2807 727 3043 788 Oportet,
3072 717 3139 773 de
3170 720 3366 788 quibus
3410 720 3673 790 scriptum
3705 731 3794 776 est
3824 738 3837 773 :

2260 805 2411 872 Quod
2442 804 2623 859 oculus
2652 822 2754 859 non
2776 806 2924 872 vidit,
2958 824 3049 860 nec
3080 808 3224 861 auris
3251 808 3451 862 audivit
3476 849 3492 873 ,
3544 826 3638 862 nec
3668 809 3726 861 in
3752 825 3843 861 cor

2256 895 2481 948 hominis
2507 894 2760 959 ascendit,
2785 912 2900 964 qua:
2920 897 3232 966 prmparauit
3260 897 3396 950 Deus
3422 895 3766 966 diligentibus
3787 914 3840 951 se

2258 983 2311 1056 (1
2345 983 2474 1037 Cor.
2507 984 2591 1054 ιι).
2622 983 2722 1038 Ubi
2752 985 3049 1055 hymnidici
3079 986 3393 1056 angelorum
3434 987 3589 1041 chori
3620 987 3843 1040 inenar-

2256 1074 2410 1128 rabili
2427 1074 2675 1131 claritate
2697 1073 3003 1143 fulgebunt;
3021 1077 3107 1130 ubi
3124 1076 3384 1131 celsitudo
3398 1078 3839 1146 patriarcharum

2254 1163 2415 1234 digno
2448 1164 2653 1218 honore
2683 1176 3029 1221 remunerate
3059 1165 3344 1237 gaudebit;
3382 1165 3473 1220 ubi
3514 1181 3683 1220 verax
3714 1180 3840 1235 pro-

2254 1254 2539 1322 phetarnm
2567 1255 2719 1319 ordo,
2752 1257 3049 1326 prophetiis
3078 1258 3190 1313 suis
3222 1257 3274 1310 in
3307 1267 3420 1312 toto
3450 1258 3710 1327 expletis.
3734 1260 3841 1314 Deo

2253 1344 2460 1415 gratias
2508 1360 2668 1416 agere
2716 1362 2821 1401 non
2869 1356 3079 1415 cessat;
3125 1348 3215 1403 ubi
3254 1349 3419 1419 judex
3466 1349 3837 1419 apostolorum

2250 1436 2469 1499 chorus,
2497 1446 2714 1507 accepta
2743 1447 2868 1491 ante
2912 1440 3174 1508 promissa
3214 1441 3486 1504 mercede,
3515 1441 3833 1510 perenniter

2250 1527 2571 1592 exsultabit;
2605 1529 2693 1583 ubi
2726 1539 3011 1600 martyres.
3043 1529 3219 1599 palma
3245 1531 3492 1602 martyrii
3523 1546 3719 1585 eorum
3750 1545 3837 1586 co-

2250 1618 2449 1680 ronati,
2481 1619 2849 1673 consolatione
2896 1618 3246 1689 perfrmmtur
3290 1630 3527 1686 aeterna;
3565 1621 3657 1675 ubi
3706 1637 3833 1675 eon-

2251 1709 2504 1773 fessores,
2537 1710 2774 1780 praemiis
2806 1711 2919 1765 suis
2959 1709 3346 1780 multiplicatis,
3378 1710 3430 1764 in
3456 1712 3553 1766 Dei
3585 1711 3833 1767 laudibus

567 1800 741 1857 insula
773 1800 997 1855 ostensi.
1031 1800 1240 1856 Inteute
1275 1809 1453 1855 autem
1489 1811 1542 1855 et
1569 1801 1796 1856 subnixe
1819 1803 2058 1856 onmium
2093 1803 2146 1857 in
2181 1801 2222 1861 Β
2250 1809 2632 1869 perseverant;
2675 1800 2764 1854 ubi
2807 1801 3049 1869 virgines
3083 1801 3365 1855 centesimi
3413 1800 3630 1855 fructus
3681 1800 3836 1854 retri-

564 1907 849 1948 commune
885 1893 1314 1949 benevolentiam
1362 1893 1652 1965 postulavit
1685 1911 1698 1948 :
1731 1895 1774 1948 si
1825 1895 1915 1963 qui
1964 1904 2146 1949 essent

563 1982 655 2051 qui
680 1983 731 2036 in
760 1984 1065 2054 semetipsis
1085 1993 1321 2055 segetem
1349 1984 1651 2055 aliquarum
1678 1985 1938 2039 victutnm
1963 2000 2148 2040 excre-

562 2076 705 2129 visse
734 2076 1021 2141 sentirent,
1052 2094 1158 2133 non
1209 2078 1321 2132 suis
1364 2078 1596 2142 meritis,
1638 2078 1730 2132 sed
1759 2076 2145 2147 omnipotentis

564 2165 658 2219 Dei
702 2166 1088 2221 misericordia:
1117 2167 1485 2238 applicarent,
1533 2183 1600 2223 ne
1643 2169 1821 2222 subito
1871 2166 2146 2236 jactantia:

564 2258 828 2326 grandine
874 2259 925 2312 in
965 2260 1044 2314 eis
1072 2271 1379 2326 necaretur,
1426 2261 1521 2316 sed
1566 2261 1884 2329 tempestiva
1916 2259 2146 2313 maturi-

564 2356 694 2411 tate,
728 2358 1041 2420 protegente
1086 2349 1290 2420 Spiritu
1340 2360 1552 2414 sancto,
1601 2351 1652 2404 in
1701 2351 1913 2406 horreis
1943 2349 2145 2405 Christi

560 2438 935 2495 collocaretur.
962 2441 1034 2495 Os
1062 2456 1091 2495 a
1121 2442 1263 2496 malo
1296 2442 1375 2499 vel
1404 2457 1575 2513 pravo
1606 2441 1819 2511 eloquio
1850 2442 2142 2506 custodire,

561 2526 819 2583 lectiones
863 2539 1079 2586 sanctas
1106 2531 1339 2587 libenter
1375 2532 1585 2594 audire,
1625 2532 1764 2587 mala
1799 2532 1893 2586 sua
1923 2539 2146 2603 praeter-

562 2619 635 2672 ita
673 2635 793 2674 cum
850 2622 1051 2690 gemitu
1098 2633 1153 2677 et
1198 2624 1457 2696 lacrymis
1511 2626 1752 2696 quotidie
1798 2626 1852 2679 in
1900 2624 2145 2679 oratione

562 2709 674 2765 Deo
696 2712 963 2778 conﬁteri,
990 2724 1045 2770 et
1074 2715 1329 2787 deinceps
1367 2720 1680 2783 emendare,
1713 2716 1983 2773 desideria
2025 2732 2146 2771 car-

565 2800 651 2854 nis
683 2818 790 2855 non
840 2805 1132 2873 perlicere,
1181 2806 1509 2862 voluntatem
1550 2808 1823 2878 propr-iam
1874 2806 2143 2876 frangere,

562 2895 905 2947 sacerdotum
952 2896 1234 2966 prmceptis
1264 2897 1516 2965 obedire,
1564 2898 1778 2954 etiamsi
1826 2898 1961 2968 ipsi,
2003 2899 2145 2967 quod

560 2981 728 3037 absit!
753 2982 908 3038 aliter
931 2993 1117 3056 agant,
1138 3000 1234 3041 eos
1261 2987 1554 3054 imitantes,
1579 2990 1643 3044 de
1671 2988 1865 3058 quibus
1889 2988 2146 3043 Dominus

560 3074 694 3129 dicit
737 3093 751 3129 :
793 3075 987 3131 Dicunt
1033 3077 1194 3145 enim,
1240 3090 1286 3133 et
1334 3097 1435 3134 non
1459 3079 1658 3148 faciunt
1698 3080 1914 3153 (Matth.
1964 3079 2143 3148 mn).

2248 1890 2468 1944 bntione
2490 1892 2784 1950 abundant.
2813 1899 2869 1946 et
2894 1892 3066 1947 vidua:
3087 1893 3405 1961 sexagesimi
3440 1891 3655 1947 fruetus
3688 1895 3836 1947 resti-

2250 1981 2456 2034 tutione
2495 1981 2864 2047 honorantur;
2915 1983 3005 2037 ubi
3034 1984 3308 2049 monachi,
3355 1998 3423 2037 ex
3466 1984 3837 2055 resignatione

2249 2070 2585 2125 srecularimu
2622 2074 2886 2138 omnium,
2928 2088 3051 2128 cum
3086 2075 3552 2130 esurientibus.et
3597 2077 3830 2130 sitienti-

2246 2161 2347 2215 bus
2372 2162 2636 2230 justitiam
2670 2163 2782 2229 Dei,
2814 2165 3042 2233 expletis
3068 2180 3253 2220 eorum
3279 2166 3592 2231 desideriis,
3624 2168 3829 2230 satiati,

2250 2249 2339 2304 Dei
2370 2250 2617 2307 laudibus
2649 2253 2900 2308 insistere
2926 2269 3031 2309 non
3058 2256 3376 2320 cessalmnt;
3422 2255 3519 2310 ubi
3565 2256 3832 2325 pteniten-

2249 2349 2351 2406 tes,
2376 2343 2635 2411 depositis
2662 2344 2984 2399 delictorum
3015 2360 3233 2400 suorum
3257 2345 3540 2412 oneribus,
3584 2348 3707 2402 sine
3734 2345 3831 2401 ﬁne

2247 2431 2415 2486 Deum
2466 2432 2749 2488 laudantes
2794 2437 3161 2506 congaudent;
3207 2437 3297 2491 ubi
3330 2437 3483 2507 pueri
3520 2436 3739 2507 Agnum
3778 2436 3826 2490 in

2245 2523 2382 2579 albis
2423 2534 2735 2595 sequentes,
2783 2528 2882 2582 sub
2928 2528 3123 2582 throno
3170 2528 3373 2599 angelis
3405 2528 3821 2590 concordantes.

2246 2615 2415 2670 Deum
2447 2616 2668 2672 laudare
2696 2618 2981 2684 cantando,
3011 2634 3114 2673 non
3143 2628 3391 2685 cessant;
3436 2619 3529 2674 ubi
3557 2618 3825 2689 gloriosis-

2245 2706 2379 2761 sima
2407 2708 2580 2778 virgo,
2610 2708 2702 2761 Dei
2732 2709 2986 2779 genitrix,
3020 2708 3184 2763 Maria
3206 2749 3220 2772 ,
3253 2724 3419 2778 super
3444 2709 3649 2763 choros
3676 2724 3826 2779 ange-

2244 2799 2419 2856 lorum
2445 2801 2704 2865 exallata,
2742 2802 3105 2857 inaestimabili
3129 2801 3378 2855 claritate
3409 2810 3463 2856 et
3492 2800 3821 2856 formositate

2245 2906 2435 2945 omnes
2466 2890 2705 2946 hilarans
2745 2891 3113 2961 conspicitur;
3146 2890 3236 2945 ubi
3267 2890 3400 2961 justi
3443 2891 3589 2946 sicut
3619 2890 3701 2944 sol
3726 2889 3822 2943 ful-

2246 2980 2468 3051 gebunt,
2498 2989 2553 3035 et
2581 2995 2769 3036 omnes
2791 2981 2963 3036 sancti
2990 2980 3303 3035 Creatorem
3328 2996 3487 3034 suum
3511 2990 3568 3035 et
3594 2980 3819 3034 omnium

2246 3081 2655 3137 creaturarum,
2690 3072 2742 3125 in
2775 3086 2872 3125 sua
2920 3071 3165 3125 claritate
3200 3071 3337 3126 facie
3364 3072 3433 3125 ad
3476 3071 3675 3126 faciem
3704 3086 3819 3141 gau-

556 3162 871 3220 Castitatem
903 3181 1088 3223 amare
1114 3169 1344 3235 monuit,
1374 3147 1573 3224 nullum
1598 3147 1771 3235 odire,
1804 3170 2059 3225 invidiam
2089 3147 2144 3223 et
2173 3147 2218 3208 Ο
2249 3159 2425 3216 dendo
2472 3162 2751 3226 videbunt,
2781 3163 2849 3216 ab
2889 3164 2970 3217 eis
2998 3162 3332 3217 auferentem
3361 3177 3597 3216 onmem
3634 3172 3816 3218 metunt

559 3255 735 3308 zelum
765 3270 871 3309 non
902 3255 1120 3323 habere,
1162 3258 1537 3314 contentiones
1571 3275 1676 3313 nou
1705 3260 1902 3324 colere,
1950 3258 2143 3314 elatio-

561 3357 685 3396 nem
727 3343 910 3410 odire,
938 3346 1185 3400 venerari
1214 3346 1476 3412 seniores,
1518 3347 1741 3417 diligere
1773 3347 2038 3418 juniores,
2070 3347 2139 3401 ti-
2200 3388 2201 3401 χ

562 3447 768 3487 morem
799 3431 1009 3486 Domini
1034 3434 1086 3487 in
1109 3434 1274 3490 corde
1302 3445 1354 3492 et
1382 3437 1566 3490 animo
1594 3436 1710 3490 sine
1733 3438 2136 3491 intermissione

560 3524 802 3588 habere,
850 3523 1072 3579 credere
1109 3526 1297 3582 oculos
1337 3525 1550 3583 Domini
1594 3528 1775 3581 omnia
1826 3528 2007 3583 videre
2032 3569 2047 3593 ,
2084 3536 2139 3583 et

558 3629 719 3670 aures
745 3615 862 3685 ejus
903 3617 1082 3672 omnia
1118 3618 1339 3684 audire,
1385 3617 1673 3674 Psalmista
1718 3619 1971 3674 dicente:
2004 3619 2139 3674 Ecce

558 3706 699 3759 oculi
745 3704 961 3761 Domini
999 3725 1156 3778 super
1192 3708 1389 3777 justas,
1434 3717 1483 3762 et
1528 3725 1681 3763 aures
1710 3709 1825 3776 eius
1868 3708 1921 3763 in
1962 3725 2137 3778 preces

557 3810 758 3856 eorum,
790 3796 961 3851 vultus
984 3807 1155 3851 autem
1190 3797 1399 3852 Domini
1419 3813 1575 3867 super
1600 3797 1849 3868 facientes
1886 3798 2042 3860 mala,
2082 3808 2138 3852 ut

556 3885 739 3953 perdat
764 3886 828 3940 de
853 3897 994 3942 terra
1022 3890 1325 3942 meritoriam
1346 3905 1523 3943 eorum
1542 3888 1713 3959 (Psal.
1741 3890 1954 3962 χχχιιι).
1986 3891 2135 3945 Diem

557 3987 690 4029 vero
719 3976 900 4031 obitus
939 3977 1019 4030 sui
1051 3986 1105 4031 et
1141 3979 1282 4032 diem
1333 3964 1565 4033 extremi
1589 3978 1800 4046 jndicii,
1830 3979 1882 4032 in
1925 3993 2031 4048 quo
2059 3978 2137 4032 di-

559 4072 746 4120 cturus
771 4075 852 4120 est
881 4065 1139 4121 Dominus
1171 4068 1254 4122 his
1292 4064 1382 4137 qui
1412 4060 1533 4123 eum
1563 4083 1813 4123 recreare
1843 4079 1896 4123 et
1935 4069 2136 4123 vestire

558 4161 614 4208 et
658 4153 876 4208 visitare
926 4154 979 4208 in
1028 4155 1141 4210 suis
1194 4157 1519 4227 pauperibus
1565 4157 1805 4227 quotidie
1846 4157 2133 4233 festinant,

557 4245 649 4312 qui
674 4244 742 4297 ab
770 4244 1045 4298 auditione
1091 4245 1233 4299 mala
1260 4260 1364 4300 ron
1408 4246 1690 4311 timebunt,
1724 4246 1890 4301 illud:
1932 4245 2131 4313 Venite,

558 4332 809 4385 benedicti
852 4332 1029 4386 Patris
1064 4335 1165 4386 mei
1214 4334 1426 4404 (Matth.
1460 4335 1586 4404 xxv)
1609 4374 1624 4400 ,
1655 4347 1789 4400 etc.,
1817 4336 1925 4391 illis
1954 4344 2134 4390 autem

560 4421 673 4475 haec
705 4420 1118 4490 negligentibus,
1147 4431 1201 4476 et
1228 4423 1336 4477 Deo
1365 4423 1418 4476 in
1462 4425 1574 4478 suis
1609 4424 1865 4479 membris
1894 4439 1998 4479 non
2028 4425 2132 4479 mi-

2249 3260 2305 3306 et
2345 3267 2559 3306 omnem
2607 3267 2893 3307 mterorem
2941 3261 2997 3306 et
3042 3252 3345 3314 tristitiam,
3399 3262 3568 3320 atque
3615 3266 3814 3305 omnem

2249 3343 2652 3398 adversitatem.
2680 3344 2737 3397 In
2770 3343 2860 3397 illo
2888 3359 3051 3413 regno
3083 3342 3172 3397 lux
3213 3342 3344 3398 solis
3376 3352 3432 3397 et
3456 3344 3603 3397 lunze
3625 3355 3681 3398 et
3701 3341 3817 3398 stel-

2249 3433 2421 3488 larum
2445 3449 2549 3488 non
2574 3443 2659 3488 est
2689 3436 3024 3496 necessaria;
3058 3434 3229 3489 fames
3259 3444 3313 3489 et
3341 3434 3464 3489 sitis
3498 3436 3632 3489 nulli
3667 3448 3814 3489 noce-

2245 3523 2402 3589 bunt,
2433 3524 2603 3592 frigus
2630 3524 2708 3579 vel
2752 3534 2915 3580 aestus
2944 3525 3146 3580 nullum
3176 3524 3509 3595 fatigabunt,
3538 3526 3815 3579 infirmitas

2245 3625 2302 3669 et
2324 3615 2477 3670 dolor
2499 3615 2629 3669 nulli
2668 3616 2977 3680 advenient,
3005 3626 3246 3672 ventura:
3272 3617 3575 3671 senectutis
3608 3616 3813 3670 miseria

2244 3718 2351 3758 non
2378 3704 2672 3769 timebitur,
2702 3707 2796 3760 sed
2839 3706 2976 3760 sicut
3006 3706 3058 3760 in
3082 3707 3168 3761 die
3188 3704 3375 3774 judicii
3403 3720 3641 3776 corpora
3677 3720 3811 3759 mor-

2247 3804 2459 3849 tuorum
2501 3795 2555 3849 in
2592 3811 2842 3851 mensura
2871 3796 3049 3851 aetatis
3097 3796 3447 3865 plenitudinis
3488 3796 3697 3851 Christi
3735 3810 3811 3849 re-

2242 3894 2483 3957 surgent,
2507 3887 2559 3941 in
2582 3902 2643 3941 ea
2665 3888 2831 3943 etiam
2861 3888 3292 3958 impassibilitate
3328 3896 3386 3943 et
3409 3887 3806 3957 pulchritudine

2242 3981 2672 4050 permanebunt.
2702 3979 2912 4049 Nuptiae
2951 3980 3022 4034 ibi
3050 3995 3156 4034 non
3193 3979 3577 4044 celebrantur,
3628 3988 3683 4034 et
3708 3992 3811 4048 pro-

2243 4069 2429 4138 genies
2477 4069 2754 4123 hominum
2803 4079 2990 4138 postea
3042 4086 3149 4125 non
3197 4069 3685 4140 multiplicabitur,
3726 4066 3809 4122 sed

2242 4157 2541 4227 completus
2567 4174 2824 4213 numerus
2843 4157 3110 4226 justorum
3131 4174 3236 4214 non
3264 4161 3559 4224 minuetur,
3591 4160 3686 4215 sed
3707 4159 3811 4214 sine

2244 4251 2349 4305 line
2372 4251 2424 4303 in
2456 4251 2651 4321 gaudio
2680 4251 3010 4318 servabitur;
3045 4253 3269 4308 insidias
3303 4252 3506 4309 diaboli
3534 4252 3675 4307 ultra
3708 4267 3807 4306 non

2243 4339 2471 4405 timebit,
2503 4340 2835 4411 indulgentia
2867 4352 3211 4413 peccatorum
3267 4343 3411 4399 ultra
3462 4360 3572 4399 non
3621 4344 3810 4413 indige-

2240 4429 2350 4496 bit;
2380 4430 2518 4485 sicut
2538 4432 2711 4502 angeli
2742 4433 2793 4487 in
2814 4433 3003 4502 prima:
3037 4433 3359 4489 conditionis
3381 4433 3809 4505 impassibilitale

560 4510 917 4566 nistrantibns
946 4529 960 4565 :
991 4510 1252 4566 Discedite
1299 4529 1331 4566 a
1379 4530 1490 4578 me,
1522 4512 1819 4578 maledicti,
1869 4515 1922 4567 in
1964 4516 2136 4585 ignem
2167 4503 2215 4562 D
2241 4521 2651 4589 permanebunt,
2690 4522 2770 4576 sic
2803 4529 2857 4576 et
2884 4521 3151 4588 homines,
3199 4532 3319 4591 post
3361 4503 3804 4578 resurrectionem

558 4607 838 4666 cateruam,
881 4601 971 4670 qui
1006 4611 1334 4672 prteparatns
1355 4612 1428 4657 est
1455 4603 1663 4658 diabolo
1690 4614 1740 4658 et
1786 4604 1985 4675 angelis
2019 4607 2135 4675 ejus

563 4692 784 4763 (Ibid.),
823 4703 947 4749 ante
989 4696 1174 4751 oculos
1217 4712 1431 4768 semper
1459 4712 1764 4768 suspectam
1811 4709 1866 4753 et
1892 4700 2132 4755 timidam

560 4782 808 4850 habere;
874 4793 929 4840 et
989 4801 1178 4854 pmnas
1226 4787 1528 4843 maledictis
1577 4800 1909 4860 praeparatas
1965 4791 2135 4845 oculis

560 4875 759 4929 mentis
782 4876 1080 4945 saepissime
1125 4878 1358 4944 intueri;
1394 4887 1449 4932 ct
1497 4879 1673 4934 locum
1717 4881 2010 4949 pessimum
2039 4881 2130 4948 qui

559 4980 773 5035 semper
796 4978 879 5021 est
900 4968 1017 5022 sine
1042 4969 1340 5038 refrigerio,
1367 4979 1424 5025 et
1452 4970 1569 5026 sine
1592 4971 1898 5041 splendore,
1931 4980 1987 5025 et
2013 4972 2131 5026 sine

558 5059 862 5125 dulcedine,
908 5072 962 5116 et
988 5064 1092 5117 erit
1126 5064 1243 5119 sine
1277 5064 1405 5130 line,
1449 5066 1540 5121 ubi
1568 5066 1767 5122 vermis
1804 5081 1991 5121 eorum
2022 5082 2129 5122 non

557 5155 809 5218 moritur,
834 5162 884 5209 et
917 5154 1055 5224 ignis
1081 5171 1184 5210 non
1213 5157 1604 5226 exstinguitur,
1630 5159 1721 5213 ubi
1750 5157 1907 5214 ﬂetus
1925 5170 1981 5215 et
2006 5162 2133 5216 stri-

559 5242 659 5284 δηι-
702 5242 939 5284 simili-ml
1013 5245 1128 5284 cina
1176 5245 1576 5284 inlnrmiccinnn
1626 5263 1839 5284 cnmnnr
1883 5251 2098 5284 αιιιιῖινιι-

2240 4610 2474 4678 ωιιιιιιιθε
2503 4611 2730 4680 angelis,
2779 4612 2831 4666 in
2862 4614 3157 4668 sobrietate
3193 4623 3249 4669 et
3276 4614 3808 4669 incommutabilitatc

2239 4708 2588 4768 perseverant
2618 4700 2670 4754 in
2700 4700 2918 4757 civitate
2949 4703 3041 4758 Dei
3085 4708 3278 4769 nostri,
3320 4705 3374 4759 in
3419 4714 3604 4760 monte
3633 4712 3804 4759 sancto

2237 4788 2354 4857 ejus
2381 4789 2666 4856 aedificata,
2697 4805 2816 4861 quae
2848 4793 3049 4847 dicitur
3077 4794 3361 4849 duodecim
3391 4790 3661 4864 lapidibus
3693 4808 3805 4864 pre-

2241 4881 2393 4936 tiosis
2421 4895 2543 4937 esse
2572 4891 2763 4937 ornata
2793 4892 2956 4954 atque
2982 4884 3224 4951 fundata,
3255 4900 3485 4955 quorum
3518 4887 3729 4940 nomina
3754 4892 3804 4935 et

2239 4970 2483 5025 ordinem
2513 4981 2735 5028 sanctus
2759 4973 2994 5029 Joannes
3021 4975 3298 5044 apostolus
3326 4985 3383 5030 et
3406 4975 3730 5046 evangelista
3753 4973 3799 5026 iu

2236 5061 2558 5133 Apocalypsi
2584 5073 2867 5118 enumerat
2893 5083 2906 5118 :
2938 5066 3025 5120 ubi
3052 5064 3315 5136 iaspidem
3343 5067 3397 5121 in
3421 5067 3598 5136 primo
3624 5065 3799 5119 funda-

2237 5160 2422 5207 mento
2457 5153 2694 5222 positum
2737 5155 2888 5220 dicit,
2928 5171 3088 5226 quem
3118 5155 3306 5211 dicunt
3331 5158 3517 5211 omnia
3561 5157 3795 5227 phantas-

2234 5258 2377 5284 mata
2417 5250 2600 5284 fuluas-ts
2656 5249 2706 5284 in
2734 5263 2839 5284 nuln
2872 5249 2992 5284 ΩιΙιιῖ
3021 5250 3261 5284 υἷι-ἶιΙίθηο
3302 5250 3616 5284 Αοεῖηινιιιιν
3645 5265 3658 5275 ο
3688 5261 3797 5284 ean-
