3972 5428
284 229 421 288 l029

1822 219 1998 275 VlTA.

3387 229 3528 286 1030

278 361 423 404 tntcs
448 345 804 402 humilitatem
834 344 1260 416 signiﬁcantem;
1313 345 1365 400 in
1403 354 1556 399 sexto
1593 343 1855 406 sardium,
1889 347 1930 402 Α
1962 357 2083 395 cum
2117 342 2286 397 fratre
2308 357 2407 398 suo
2434 343 2666 399 llenrico
2710 342 3015 414 Bajoariam
3065 343 3339 401 hostiliter
3379 345 3531 400 iuva-

276 437 334 493 in
368 452 478 507 quo
516 444 827 492 sanctorum
873 445 1174 507 martyrum
1217 431 1380 492 cruor
1415 435 1769 505 exprimitur;
1804 434 1855 488 in

277 528 513 597 septimo
536 525 951 596 ehryzolithnm,
980 526 1031 580 in
1055 540 1162 595 quo
1201 525 1503 596 spiritualis
1529 526 1670 581 inter
1695 525 1858 579 mira-

276 616 401 672 cula
453 616 767 686 praedicatio
813 615 1107 687 ﬁguratur;
1151 616 1207 671 in
1241 624 1433 672 octavo
1470 615 1754 686 beryllum,
1801 616 1857 671 in

278 724 389 780 quo
430 707 834 778 praedicantium
872 706 1110 775 perfecta
1137 707 1379 776 operatio
1408 706 1773 777 signiﬁcatur;
1804 706 1857 759 in

275 814 425 853 nono
455 797 702 867 wpazion
724 836 739 861 ,
794 798 849 852 in
893 812 1002 867 quo
1043 798 1356 852 eorumdem
1386 798 1584 853 ardens
1614 806 1859 853 contem-

273 886 447 956 platio
473 894 834 952 monstratur;
861 886 915 940 in
940 886 1148 942 decimo
1168 886 1584 957 chrysoprasum
1608 888 1699 956 qui
1726 887 1858 942 hea-

276 988 458 1033 torum
482 987 780 1048 martyrum
802 992 937 1048 opus
956 977 1162 1046 pariter
1182 978 1529 1047 et'praemium
1551 977 1853 1048 signiﬁcat;

276 1070 332 1124 in
380 1070 667 1125 undecimo
717 1070 1094 1141 byacinthum,
1164 1070 1257 1141 qui
1308 1069 1583 1126 cmlestem
1625 1070 1694 1124 ad
1747 1068 1857 1124 alta

275 1159 730 1225 sublevationem,
762 1168 818 1214 et
844 1170 1065 1230 propter
1099 1160 1353 1216 humilem
1385 1161 1451 1216 ad
1479 1161 1714 1215 humana
1740 1162 1858 1217 des-

277 1253 591 1306 censionem
625 1252 844 1322 ﬁgurat;
881 1251 934 1306 in
981 1251 1298 1307 duodecimo
1350 1252 1739 1322 amethystum,
1764 1253 1856 1323 qui

274 1347 518 1404 cmlestis
536 1362 750 1418 semper
766 1348 913 1417 regni
943 1348 995 1401 in
1022 1348 1302 1402 humilium
1329 1348 1512 1403 animo
1538 1348 1853 1403 memoriam

270 1436 544 1509 designat.
576 1436 701 1493 Haec
728 1438 923 1507 positio
952 1437 1237 1493 duodecim
1262 1438 1496 1507 lapidum
1533 1438 1731 1509 ﬁgurat
1757 1439 1847 1492 ﬁr-

271 1528 522 1583 mitatem
554 1528 945 1598 apostolorum,
995 1530 1086 1598 qui
1120 1529 1173 1584 in
1204 1528 1554 1584 fundamento
1596 1530 1855 1585 Ecclesiae

273 1625 405 1670 sunt
430 1617 614 1686 positi,
653 1616 795 1672 sicut
826 1616 1079 1673 Salvator
1103 1619 1286 1674 mundi
1315 1620 1475 1675 beato
1495 1620 1631 1674 dixit
1659 1620 1848 1675 Petro:

1956 432 2049 496 sit,
2086 431 2152 486 ad
2184 433 2573 488 restituendum
2621 450 2746 490 eum
2797 434 2850 488 in
2895 435 3155 490 honorem
3200 435 3397 505 prioris
3438 450 3533 505 po-

1958 524 2188 578 testatis.
2218 523 2480 580 Praefatus
2517 534 2699 581 autem
2738 527 2993 593 antistes,
3034 527 3335 594 lldalricus,
3378 528 3531 598 cujus

1959 612 2233 669 ﬁdelitatis
2287 613 2442 669 ﬁrma
2499 617 2765 673 stabilitas
2814 634 3091 690 nunquam
3148 620 3217 674 ab
3262 619 3530 689 adjutorio

1955 704 2101 773 regis
2140 715 2388 775 separata
2424 714 2529 773 est,
2571 708 2688 765 haec
2724 711 3088 780 comperiens,
3128 711 3347 767 dimissa
3376 720 3530 782 parte

1956 796 2011 850 iu
2051 797 2296 868 Augusta
2332 798 2551 855 civitate
2588 801 2915 856 vasallorum
2939 818 3183 869 suorum,
3210 804 3530 873 czeterisque

1958 886 2119 942 rebus
2165 888 2460 953 collocatis,
2512 905 2635 944 cum
2681 891 2880 960 quibus
2922 893 3115 962 potuit,
3145 895 3348 950 omisso
3374 895 3527 948 vehi-

1956 978 2079 1033 culo
2106 980 2370 1049 carpenti,
2412 981 2706 1051 equitando
2750 983 2803 1037 in
2847 985 3128 1051 servitium
3170 986 3330 1056 regis,
3362 985 3414 1040 in
3446 1001 3531 1040 re-

1955 1070 2171 1140 gionem
2229 1070 2556 1127 Noricorum
2612 1075 2881 1145 sagaciter
2937 1076 3128 1141 venit,
3180 1078 3530 1149 carmulaque

1954 1162 2271 1233 prolongata
2302 1164 2716 1232 possibilitatem
2756 1166 3013 1223 redeundi
3054 1177 3179 1237 apte
3217 1185 3323 1223 non
3355 1171 3532 1240 potuit

1956 1252 2177 1308 habere.
2218 1252 2476 1309 Aruolfus
2517 1264 2699 1309 autem
2728 1257 3018 1325 praedictus
3039 1258 3279 1325 interim,
3311 1270 3530 1330 accepta

1956 1343 2322 1409 multitudine,
2371 1345 2669 1415 Augustam
2716 1348 2869 1411 adiit,
2916 1355 2971 1403 et
3017 1349 3336 1419 despoliavit
3373 1354 3533 1407 rebus

1957 1433 2211 1488 omnibus
2238 1450 2376 1503 quas
2412 1450 2596 1490 secum
2631 1437 2903 1493 abducere
2942 1439 3139 1508 potuit,
3172 1442 3529 1509 comprehen-

1954 1540 2153 1595 sosque
2190 1527 2450 1597 quosdam
2493 1527 2690 1583 milites
2730 1529 2967 1598 episcopi
3008 1545 3193 1586 secum
3223 1532 3531 1600 Bajoariam

1955 1616 2183 1670 revexit.
2233 1616 2347 1671 Rex
2397 1630 2577 1672 autem
2617 1634 2740 1673 cum
2782 1620 2848 1674 de
2894 1621 3112 1690 regione
3156 1621 3530 1691 Bajoariorum

272 1704 352 1760 Tu
376 1683 667 1772 es'Pelrus,
692 1717 739 1761 et
776 1724 932 1777 super
970 1708 1105 1762 hunc
1142 1719 1341 1778 petram
1376 1709 1646 1777 wdiﬁcabo
1670 1707 1852 1764 Eccle-
1885 1683 1927 1743 Β
1957 1709 2293 1771 revertisset,
2320 1717 2375 1762 et
2398 1708 2682 1778 episcopus
2705 1710 2757 1763 in
2784 1724 2883 1764 sua
2916 1683 3094 1767 redire
3117 1683 3396 1778 voluisset,
3421 1729 3529 1768 non

268 1800 407 1853 siam
454 1816 621 1853 meam
662 1798 879 1871 (Matth.
910 1800 1046 1871 xw).
1088 1799 1210 1856 lltec
1255 1801 1486 1856 dicendo
1517 1803 1587 1856 ad
1626 1800 1847 1857 Petrum

270 1892 527 1947 omnibus
558 1901 743 1947 notum
771 1893 899 1948 fecit
925 1894 1186 1963 apostolis
1224 1895 1367 1964 quod
1396 1910 1558 1964 super
1584 1909 1678 1949 eos
1705 1905 1850 1950 esset

270 1982 515 2037 Ecclesia
550 1998 646 2038 sua
689 1984 1026 2051 mdiﬁcanda,
1056 2000 1286 2054 quorum
1337 2000 1504 2040 sonus
1548 1986 1603 2040 in
1632 2000 1846 2040 omnem

272 2079 482 2127 terram
507 2072 698 2139 exivit,
728 2084 784 2128 et
815 2074 869 2127 in
902 2074 1037 2129 ﬁnes
1079 2075 1230 2130 orbis
1260 2085 1418 2132 terra:
1446 2075 1610 2130 verba
1633 2092 1845 2131 eorum.

272 2160 328 2216 Si
362 2162 597 2231 apostoli
625 2163 1035 2219 lnndamentum
1063 2164 1254 2220 domus
1282 2166 1372 2220 Dei
1403 2176 1560 2233 sunt,
1589 2176 1643 2221 et
1672 2169 1849 2224 omnis

268 2254 963 2319 Christianitasmdiﬁcatio
974 2256 1212 2327 ejusdem
1227 2261 1655 2330 templi,manere
1668 2264 1846 2328 debet,

267 2348 490 2402 dicente
518 2349 776 2419 Apostolo
807 2367 821 2402 :
858 2348 1124 2420 Templum
1156 2350 1253 2404 Dei
1292 2363 1533 2406 sanctum
1579 2364 1678 2419 est,
1708 2356 1849 2425 quod

267 2438 396 2492 estis
441 2455 530 2492 vos
551 2478 566 2503 ,
595 2449 641 2491 et
677 2439 772 2492 Dei
800 2440 1083 2508 aediﬁcatio
1123 2441 1268 2504 estis,
1301 2451 1404 2497 etc.
1452 2442 1515 2512 (1
1543 2442 1665 2498 Cor.
1713 2446 1846 2514 ιιι),

270 2530 593 2585 studeamus
635 2545 822 2585 omnes
866 2533 990 2586 totis
1032 2531 1238 2587 viribus
1291 2547 1388 2587 nos
1428 2533 1766 2591 :Ediﬁcatori
1793 2545 1849 2590 et

267 2621 623 2677 lnbabitatori
672 2621 1025 2693 conjungere,
1078 2631 1136 2676 ut
1189 2624 1501 2679 doctoribus
1546 2625 1749 2681 nostris
1794 2626 1846 2680 in

268 2715 678 2770 fundamentum
702 2716 991 2785 positis,eo
1003 2715 1259 2781 donante,
1285 2716 1703 2785 superasdiﬁeari
1731 2734 1848 2772 tne-

268 2822 531 2873 reamur;
561 2815 622 2863 ut
645 2808 790 2863 inter
814 2808 1015 2864 electos
1057 2807 1262 2879 lapides
1293 2807 1473 2879 positi,
1529 2816 1585 2863 et
1609 2808 1850 2879 praefatis

265 2900 555 2956 ordinibus
571 2899 746 2968 juncti
774 2900 1085 2966 videamur;
1116 2909 1175 2955 ut
1195 2900 1507 2956 Creatorem
1536 2909 1591 2955 et
1620 2899 1851 2957 Redem-

1950 1797 2332 1852 eonsiderabat
2360 1812 2419 1852 se
2452 1799 2503 1852 in
2535 1798 2774 1869 Angusta
2804 1800 3024 1854 civitate
3048 1816 3207 1870 posse
3233 1817 3357 1857 cum
3396 1805 3533 1857 mul-

1951 1889 2183 1943 titudine
2222 1905 2384 1958 parva
2429 1887 2741 1953 defendere,
2784 1890 2912 1959 quia
2944 1899 3113 1944 totum
3145 1906 3285 1960 pene
3314 1893 3530 1962 episco-

1947 1986 2134 2047 patum
2183 1979 2237 2032 in
2291 1979 2615 2034 beneﬁcium
2668 1988 3054 2034 extraneorum
3106 1981 3449 2037 dividebatur
3497 1998 3530 2037 a

1949 2067 2186 2123 Lnitolfo
2210 2078 2266 2124 et
2292 2070 2613 2138 sequacibus
2652 2070 2797 2140 ejus;
2840 2070 3038 2126 milites
3074 2079 3254 2125 autem
3291 2072 3529 2142 episcopi

1949 2159 2171 2229 quidam
2220 2159 2637 2228 comprehensi,
2692 2159 2911 2228 quidam
2964 2174 3094 2212 vero
3146 2159 3533 2215 sollicitatione

1952 2248 2135 2318 iniqua
2165 2248 2323 2303 divisi
2350 2248 2418 2302 ab
2443 2262 2528 2312 eo,
2554 2247 2773 2318 quidam
2806 2248 3299 2317 deprtcdationibus
3324 2249 3376 2302 in
3400 2265 3531 2319 pau-

1949 2343 2155 2411 periem
2199 2341 2438 2406 deducti,
2484 2341 2558 2395 ita
2594 2350 2653 2396 ut
2679 2342 2727 2395 ei
2754 2342 3049 2397 secundum
3090 2357 3244 2397 snam
3286 2340 3531 2397 volunta-

1953 2443 2061 2489 tem
2086 2433 2139 2486 in
2167 2432 2437 2503 adjutorio
2462 2446 2584 2485 esse
2613 2446 2718 2485 non
2746 2432 3066 2501 potuissent.
3118 2432 3183 2486 lli
3225 2439 3404 2486 autem
3434 2431 3530 2501 qui

1950 2541 2073 2579 cum
2099 2524 2188 2578 illo
2217 2532 2616 2586 remanserunt,
2650 2523 2762 2577 suis
2799 2521 3083 2592 colloquiis
3129 2522 3392 2587 roborati,
3440 2537 3534 2577 sa-

1951 2615 2106 2670 lubre
2130 2613 2417 2669 consilium
2448 2613 2686 2666 inierunt
2706 2621 2784 2677 ut,
2811 2611 2997 2667 relicta
3018 2612 3256 2682 Angusta
3284 2613 3528 2679 civitate,

1950 2704 2231 2761 castellum
2258 2705 2399 2774 quod
2430 2704 2629 2758 dicitur
2661 2702 3035 2774 Menichingen
3057 2703 3350 2770 aediﬁcare,
3374 2711 3429 2756 et
3456 2703 3526 2757 ab

1952 2795 2278 2851 adversariis
2301 2809 2490 2849 eorum
2518 2793 2590 2848 ibi
2618 2807 2678 2848 se
2699 2792 2987 2848 defendere
3010 2794 3363 2848 studuissent.
3390 2792 3528 2848 Tum

1949 2900 2083 2942 vero
2130 2900 2236 2940 una
2284 2884 2658 2939 tantummodo
2706 2892 2867 2939 nocte
2913 2883 2967 2937 in
3013 2883 3251 2955 Augusta
3299 2883 3529 2938 civitate

266 3002 480 3062 plorem
528 3003 773 3049 nostrum
811 2992 1048 3060 judicem
1090 2992 1337 3047 vivorum
1386 3001 1444 3047 et
1484 2999 1844 3055 mortuorum,

1952 2975 2208 3031 manebat
2259 2974 2531 3040 inclusus,
2583 2973 2756 3029 altera
2803 2973 2890 3029 die
2936 2973 3121 3028 statim
3166 2974 3409 3044 perrexit
3459 2973 3528 3028 ad

1953 3068 2268 3087 ___-.,_.__#
2329 3066 2598 3087 nam.--“
2684 3067 2817 3087 ---Α
2871 3074 2980 3087 -_-.
3033 3065 3080 3087 ε..
3141 3074 3249 3087 η.-
3302 3065 3526 3087 ε-.--ε---

267 3085 410 3141 facie
433 3086 498 3140 ad
521 3085 715 3142 faciem
743 3085 1009 3151 videntes,
1060 3100 1184 3140 cum
1203 3085 1284 3140 eis
1307 3084 1526 3140 laudare
1544 3100 1852 3141 mereantur

266 3189 366 3243 per
389 3175 598 3230 inﬁnita
618 3174 813 3231 saecula
843 3175 1182 3230 saeculorum.
1206 3175 1399 3230 Amen.

337 3264 410 3319 Χ.
448 3264 632 3335 Longe
661 3265 877 3337 lateque
902 3280 1025 3321 cum
1055 3265 1196 3321 fama
1230 3266 1345 3335 ejus
1371 3267 1631 3323 bonitatis
1660 3268 1852 3323 dilata-

266 3366 442 3420 rctur,
471 3364 525 3411 et
547 3356 793 3412 diabolus
813 3372 937 3412 eum
955 3357 1007 3412 in
1029 3358 1134 3414 hoc
1155 3357 1390 3414 culmine
1412 3359 1675 3414 virtutum
1702 3368 1853 3415 stan-

269 3454 378 3501 tem
409 3447 635 3509 videret,
678 3447 982 3516 omnigenis
1029 3449 1246 3504 malitiae
1287 3464 1398 3504 sua:
1442 3451 1665 3504 astutiis
1712 3451 1851 3504 nite-

266 3535 430 3590 batur
485 3534 539 3587 in
591 3533 826 3603 aliquam
878 3535 1208 3590 difﬁcultatis
1258 3538 1570 3605 voraginem
1625 3539 1851 3592 immer-

267 3639 419 3694 gere,
485 3632 541 3679 et
592 3625 661 3679 ab
703 3625 955 3694 inemptis
1005 3626 1162 3682 bonis
1220 3628 1503 3696 impedire.
1571 3627 1666 3683 His
1719 3643 1851 3683 vero

275 3717 612 3786 temporibus
654 3716 940 3782 Liutolfus,
985 3718 1128 3773 ﬁlius
1156 3718 1372 3775 Ottonis
1406 3719 1626 3790 gloriosi
1681 3723 1848 3791 regis,

268 3806 377 3860 dux
419 3815 538 3862 erat
566 3806 1013 3873 Alamannorum,
1048 3808 1133 3863 cui
1178 3816 1333 3878 pater
1354 3809 1470 3879 ejus
1511 3817 1670 3865 antea
1720 3826 1852 3880 gen-

270 3905 354 3952 tes
391 3912 582 3954 omnes
628 3898 905 3969 regionum
956 3914 1066 3955 suae
1112 3900 1302 3954 ditioni
1352 3899 1716 3971 subjectarum
1763 3916 1851 3957 sa-

267 3996 551 4043 cramento
578 3997 698 4058 post
727 3988 886 4042 ﬁnem
918 3990 1040 4044 vitae
1063 4004 1175 4044 suae
1199 3988 1606 4060 subjugaverat;
1627 4000 1852 4061 patruus

270 4086 454 4130 autem
500 4077 736 4146 ejusdem
763 4076 979 4132 Liutolﬁ
1023 4078 1310 4144 llenrieus,
1344 4079 1515 4134 frater
1539 4082 1699 4151 regis,
1744 4084 1850 4137 dux

268 4165 457 4219 existit
485 4165 833 4221 Noricorum:
877 4169 966 4237 qui
1018 4184 1147 4224 vero
1187 4166 1303 4238 (40)
1345 4169 1487 4226 inter
1524 4186 1584 4226 se
1628 4180 1852 4242 propter

268 4255 501 4309 conﬁnia
550 4256 831 4326 regionum
880 4272 946 4311 ex
993 4259 1248 4314 suasione
1277 4260 1636 4330 malignorum
1670 4261 1847 4316 homi-

269 4362 396 4400 num
431 4345 577 4399 rixas
596 4356 650 4400 et
676 4349 1054 4404 contentiones
1074 4362 1329 4406 exercere
1351 4360 1653 4421 coeperunt.
1687 4352 1850 4408 Cum-
1878 4373 1924 4432 ι)

267 4450 372 4502 que
415 4448 510 4488 eos
559 4449 651 4488 rex
700 4435 1006 4492 nullatenus
1053 4439 1120 4491 ad
1175 4439 1522 4494 concordiam
1563 4449 1618 4496 et
1654 4457 1843 4511 pacem

267 4540 527 4580 revocare
561 4526 845 4594 potuisset,
878 4526 1079 4596 objecit
1104 4542 1163 4583 se
1191 4528 1319 4593 ﬁlio,
1349 4538 1403 4583 et
1428 4530 1482 4583 in
1514 4529 1843 4600 adjutorium

265 4615 450 4670 fratris
474 4618 829 4671 convertitur.
863 4616 996 4672 Cum
1021 4627 1201 4672 autem
1243 4618 1385 4675 ﬁlius
1408 4620 1546 4689 ejus,
1577 4637 1698 4675 cum
1725 4623 1847 4677 uni-

264 4709 583 4778 versisqnos
594 4725 926 4779 congregare
939 4718 1202 4779 potuerat,
1220 4710 1268 4764 ei
1284 4712 1540 4767 resistere
1553 4715 1841 4780 niteretur,

267 4808 429 4867 atque
471 4808 745 4853 extorrem
802 4799 999 4865 regalis
1043 4801 1297 4870 potentiae
1337 4818 1500 4871 agere
1537 4802 1840 4869 moliretur,

265 4888 549 4954 Henricus,
594 4889 853 4960 prtefatus
896 4889 1022 4955 dus,
1066 4892 1446 4948 commendata
1481 4894 1702 4950 civitate
1730 4896 1841 4950 Ra-

266 4981 497 5045 tisbona,
546 4988 766 5050 totaque
803 4980 1021 5051 regione
1056 4980 1396 5048 Noricorum,
1426 4982 1655 5040 Arnolfo
1687 4984 1842 5039 Pala-

268 5071 382 5127 tino
413 5074 624 5138 comiti,
660 5081 716 5126 et
757 5073 973 5128 ett-teris
1005 5073 1227 5140 insuper
1253 5075 1368 5131 suis
1404 5075 1676 5143 ﬁdelibus,
1721 5093 1844 5148 pcr-

265 5163 406 5216 rexit
452 5165 520 5219 ad
572 5178 776 5235 regem.
827 5162 1032 5218 Moram
1085 5171 1267 5217 autem
1313 5165 1385 5219 ibi
1437 5166 1530 5221 illo
1581 5164 1841 5235 faciente,

264 5250 518 5316 praefatus
559 5251 818 5308 Arnolqu
859 5267 978 5307 cum
1024 5250 1373 5310 multitudine
1398 5255 1580 5325 populi
1610 5254 1835 5313 fraudu-

1953 3068 2274 3139 przedictum
2322 3066 2635 3133 castellum,
2678 3067 2820 3136 quod
2866 3074 2986 3121 erat
3030 3065 3085 3120 in
3141 3074 3254 3120 toto
3302 3065 3531 3121 interius

1952 3158 2301 3228 exteriusque
2325 3156 2442 3213 sine
2470 3156 2713 3212 aediﬁciis
2740 3156 3036 3212 desertum.
3081 3155 3340 3222 Quamvis
3380 3164 3531 3211 certe

1952 3250 2128 3305 hiems
2158 3250 2290 3303 dura
2331 3246 2549 3311 fuisset,
2584 3255 2762 3301 tamen
2799 3246 2854 3300 in
2888 3245 2980 3299 illo
3010 3245 3149 3312 loco,
3185 3246 3242 3300 in
3280 3245 3531 3300 taberna-

1952 3342 2090 3398 culis
2116 3349 2174 3395 et
2207 3340 2262 3395 in
2311 3338 2539 3410 tuguriis
2584 3337 2911 3393 festinanter
2952 3335 3289 3409 compositis,
3333 3351 3530 3407 exspe-

1951 3448 2171 3490 etavere
2208 3435 2380 3488 donec
2425 3439 2756 3502 congregata
2802 3430 3008 3484 familia
3057 3428 3335 3485 castellum
3381 3428 3530 3499 ligno

1951 3526 2416 3589 circumcinsere,
2467 3531 2522 3578 et
2569 3523 2717 3577 intus
2770 3522 3067 3578 secundum
3114 3521 3529 3592 possibilitatem

1950 3631 2138 3671 eorum
2170 3614 2395 3670 azdiﬁcia
2427 3622 2551 3684 apta
2577 3626 2954 3682 composuere.
2982 3612 3241 3668 Arnolqu
3268 3611 3451 3681 itaque
3475 3619 3531 3667 et

1951 3720 2142 3760 omnes
2183 3704 2275 3773 qui
2322 3719 2445 3758 enm
2480 3702 2573 3759 illo
2602 3712 2778 3767 erant,
2812 3702 2972 3773 regias
3001 3702 3256 3772 potestati
3293 3701 3530 3770 undique

1951 3796 2405 3859 contradicentes,
2437 3795 2551 3850 haec
2579 3794 2997 3864 comperientes,
3029 3793 3324 3862 legationes
3369 3793 3531 3846 miseo

1953 3897 2100 3955 runt,
2135 3889 2179 3943 si
2206 3888 2520 3956 sospitatem
2553 3887 2634 3942 sui
2664 3901 2996 3955 suorumque
3023 3886 3224 3940 habere
3248 3864 3526 3950 voluisset,

1951 3978 2206 4049 potestati
2251 3977 2468 4031 Liutolﬁ
2500 3991 2560 4031 se
2591 3976 2708 4031 sine
2737 3974 2900 4031 dubio
2931 3975 3162 4031 subdere
3204 3989 3312 4029 non
3356 3974 3530 4030 distu-

1951 4069 2123 4130 lisset,
2149 4076 2206 4123 et
2234 4075 2293 4121 ut
2317 4067 2633 4137 praedictum
2671 4064 2955 4121 castellum
3001 4080 3123 4120 cum
3161 4063 3528 4132 suis.eompo-

1951 4174 2083 4214 nere
2129 4158 2494 4223 deseruisset;
2532 4157 2661 4227 quia
2688 4172 2754 4212 eo
2780 4165 3020 4225 tempore
3061 4155 3115 4209 in
3151 4162 3261 4209 tota
3308 4153 3528 4224 regione

1952 4250 2254 4307 Suevorum
2286 4250 2465 4305 nullus
2492 4250 2544 4305 in
2570 4249 2715 4319 regis
2741 4248 3017 4317 adjutorio
3055 4248 3389 4312 remanebat,
3418 4246 3525 4301 nisi

1949 4344 2277 4414 Adalpertus
2324 4357 2528 4407 comes,
2573 4357 2695 4396 cum
2726 4341 2826 4396 sibi
2865 4340 3117 4405 subditis,
3146 4348 3200 4394 et
3227 4336 3526 4408 Theodpal-

1951 4436 2072 4501 dus,
2128 4434 2295 4488 frater
2336 4432 2573 4503 religiosi
2620 4430 2879 4501 episcopi,
2922 4441 2979 4484 ct
3018 4431 3139 4484 ideo
3186 4428 3529 4484 aestimabant

1947 4533 2007 4578 nt
2053 4538 2240 4578 eorum
2288 4523 2509 4577 decreto
2544 4522 2801 4575 virtutem
2845 4519 3132 4574 resistendi
3181 4518 3328 4573 nullo
3365 4518 3526 4573 modo

1945 4617 2229 4686 acquirere
2273 4617 2554 4686 potuisset.
2598 4615 2721 4682 Qui,
2754 4615 2989 4684 sapienti
3036 4629 3159 4668 cum
3207 4616 3319 4670 suis
3367 4623 3525 4670 utens

1946 4708 2193 4774 consilio,
2234 4707 2461 4764 diversis
2502 4706 2954 4777 promissionibus
2996 4714 3052 4761 et
3094 4705 3407 4762 humillimis
3440 4720 3527 4761 re-

1945 4800 2346 4871 sponsionibus,
2374 4810 2429 4855 et
2451 4801 2720 4855 interdum
2749 4800 3031 4856 obsidibus
3056 4800 3196 4855 datis
3219 4800 3524 4871 iterumque

1947 4891 2183 4959 receptis
2210 4890 2276 4945 ad
2305 4904 2385 4955 se,
2423 4905 2613 4946 eorum
2640 4889 2752 4945 iras
2781 4899 2839 4946 et
2867 4890 3182 4947 obsidiones
3209 4890 3525 4945 omnimodo

1947 4981 2237 5050 mitigavit,
2265 4980 2439 5037 donec
2463 4978 2729 5036 aediﬁcato
2754 4980 2978 5036 castello
3000 4977 3339 5050 vallibusque
3366 4993 3525 5034 reuo-

1948 5073 2111 5140 vatis,
2137 5073 2193 5127 in
2222 5075 2525 5129 munitione
2551 5070 2796 5143 ejusdem
2828 5073 2931 5130 loci
2960 5070 3030 5127 ab
3055 5085 3243 5126 eorum
3264 5087 3390 5126 cum
3409 5071 3525 5126 suis

1911 5199 1924 5213 .
1947 5163 2154 5219 stevitia
2204 5178 2263 5218 se
2307 5178 2466 5233 posse
2509 5162 2802 5219 defendere
2845 5164 3159 5221 aestimaret.
3212 5161 3346 5217 Cum
3396 5177 3527 5217 vero

1950 5253 2186 5310 inducite
2214 5255 2517 5313 rationibus
2543 5255 2907 5325 respondendi
2922 5253 3063 5309 ultra
3091 5250 3400 5325 prolongari
3421 5268 3527 5308 non
