3972 5428
480 327 615 385 1031

475 536 751 593 civitatem
803 522 1093 597 deprazdati
1144 529 1294 585 sunt,
1344 526 1400 574 et
1444 517 1674 572 aliorum
1721 515 1774 570 in
1814 526 2046 582 quorum

478 633 609 678 tunc
639 614 945 674 conﬁdebat
971 608 1292 677 adjutorium
1312 646 1327 670 ,
1375 605 1544 660 voluit
1569 600 2048 671 obsessoﬁcastello

478 707 839 768 venerandum
880 702 1189 772 episcopum
1210 698 1261 752 vi
1292 706 1537 752 eoactum
1561 693 1687 750 cum
1715 694 1827 749 suis
1856 691 2048 747 ditioni

476 802 708 860 suhdcre
735 792 972 851 Liuiolﬂ.
1010 791 1121 845 [lae
1155 805 1216 844 re
1248 795 1546 857 comperta,
1576 787 1861 857 episcOpus
1889 787 2050 838 econ-

477 907 581 961 tra,
609 889 800 963 legatis
821 884 1022 947 missis,
1045 881 1211 936 multa
1226 879 1449 949 pecunia
1473 877 1760 948 promissa,
1775 872 2051 943 ﬂagitabat

476 996 537 1039 ut
568 981 964 1040 revertentibus
994 977 1074 1033 eis
1101 976 1172 1031 illi
1206 976 1449 1029 licuisset
1479 972 1531 1027 in
1560 987 1692 1042 pace
1718 970 2045 1034 subsistere;

476 1078 765 1138 simulem,
784 1088 918 1145 pace
938 1070 1298 1133 contradicta,
1325 1065 1500 1121 redire
1520 1064 2052 1133 noluissent,przece-

476 1168 556 1238 pit
578 1165 781 1219 eisdem
814 1161 1007 1233 legatis
1039 1173 1167 1214 suos
1191 1155 1550 1227 parocliianos
1583 1154 1762 1209 hanno
1790 1150 2054 1207 Christia-

476 1259 663 1314 nitatis
684 1254 1077 1324 constringere,
1107 1264 1176 1304 ne
1208 1249 1322 1303 loca
1364 1247 1580 1302 Sanctae
1617 1245 1821 1310 Mariie,
1858 1244 1911 1298 iu
1953 1257 2052 1297 suo

480 1350 796 1420 episcopatu
829 1344 954 1406 sita,
994 1341 1103 1395 ullo
1146 1339 1306 1395 modo
1350 1338 1603 1393 invadere
1643 1341 2050 1406 praesumerent.

477 1438 581 1505 Qui
616 1451 746 1513 vero
804 1431 1031 1503 pecunia
1070 1429 1373 1485 eontradita
1408 1427 1695 1495 hannoque
1734 1421 2057 1480 Christiani—

478 1525 607 1579 tatis
648 1511 967 1593 postposito,
1014 1516 1156 1572 male
1195 1517 1429 1585 incoepta
1458 1514 1711 1569 omittere
1740 1511 2051 1575 noluerunt,

382 1606 387 1610 ’
479 1615 573 1668 sed
604 1614 671 1667 ad
702 1609 1128 1665 internecionem
1172 1621 1359 1661 eorum
1402 1620 1464 1659 ea
1505 1602 1782 1657 Dominica
1818 1598 1965 1673 (Μ)
1998 1599 2052 1653 in

479 1718 584 1773 qua
616 1716 733 1755 mos
761 1705 844 1755 est
872 1692 1190 1754 Clericorum
1216 1704 1339 1750 ante
1359 1693 1838 1766 Quadragesimam
1862 1705 2056 1746 carnes

1507 317 1561 371 S.
1603 311 1922 370 UDALRICI
1963 316 2360 375 AUGUSTANI
2400 318 2726 376 EPISCOPI.

474 443 706 507 titudioe
749 448 935 493 eorum
982 429 1340 487 inf-austerum
1394 427 1485 497 qui
1549 434 1705 482 antea
1748 424 2042 493 Augustam
2071 429 2118 489 Α
2148 422 2408 491 uxorique
2443 436 2555 474 sine
2604 418 2926 473 monstravit
2959 428 3008 472 οι
3062 417 3196 472 dixit
3240 437 3253 471 ε

3568 315 3720 373 ’1052

3307 440 3325 470 ς
3365 419 3553 476 Melius
3585 430 3720 478 ηιιιιὶ

2148 512 2323 581 placet
2390 511 2551 564 istum
2608 504 2900 564 formosum
2952 508 3215 563 caballum
3270 511 3500 577 habere,
3556 531 3723 583 quam

2149 599 2344 653 librum
2388 613 2511 652 cum
2540 611 2647 667 quo
2678 598 2819 652 hunc
2841 599 3148 669 comparavi
3196 599 3247 652 in
3284 602 3526 668 Augusta
3557 604 3727 657 relin-

2148 704 2333 759 quere.
2369 706 2388 740 ι
2437 687 2600 758 Cujus
2627 688 2807 743 verbis
2829 689 3105 759 respondit
3133 704 3267 743 uxor
3309 689 3445 757 ejus,
3495 693 3724 747 dicens:

2153 798 2172 831 ι
2208 779 2349 834 Utile
2385 780 2476 833 tibi
2510 778 2650 834 forte
2677 778 2886 845 luisset,
2930 779 2974 834 si
3000 794 3190 833 manus
3220 788 3306 834 tua
3350 782 3495 835 hunc
3522 782 3727 837 librum

2151 873 2350 942 injuste
2373 890 2477 929 non
2507 874 2790 943 tetigisset.
2821 893 2839 926 ι
2869 861 3087 929 Interim
3136 890 3262 930 vero
3303 876 3394 931 ille
3437 874 3727 948 levigando

2149 978 2310 1019 manu
2354 964 2407 1018 in
2453 965 2755 1035 posteriora
2809 964 3063 1035 tangebat
3108 964 3395 1031 caballum,
3436 976 3493 1021 et
3536 968 3728 1022 statim

2150 1053 2218 1107 ab
2250 1068 2315 1108 eo
2345 1068 2630 1123 percussus
2686 1063 2932 1108 mortuus
2983 1063 3087 1108 est.
3137 1053 3301 1109 Novis
3329 1064 3385 1110 et
3414 1056 3731 1125 improvisis

2158 1145 2245 1200 liis
2270 1144 2536 1209 cladibus,
2580 1152 2637 1199 et
2676 1143 2798 1199 aliis
2837 1144 3019 1199 multis
3064 1142 3425 1201 formidulosis
3469 1148 3636 1201 rebus
3676 1148 3731 1201 in

2151 1237 2261 1291 reis
2299 1236 2534 1305 peractis
2556 1252 2585 1290 a
2609 1236 2950 1291 multitudine
3002 1236 3182 1308 p0puli
3217 1238 3535 1307 compertis,
3570 1239 3735 1293 timor

2152 1342 2379 1398 magnus
2424 1327 2622 1382 invasit
2660 1342 2755 1382 eos
2795 1327 2887 1397 qui
2932 1342 2992 1382 se
3025 1343 3145 1383 esse
3181 1343 3305 1383 reos
3358 1338 3736 1400 cognoverunt

2153 1419 2219 1473 de
2247 1420 2501 1490 praedicta
2530 1420 2864 1490 praedatione
2904 1422 3159 1491 Augustae
3200 1420 3456 1485 civitatis,
3500 1437 3611 1476 non
3640 1437 3735 1477 so-

2152 1509 2261 1564 ]qu
2295 1511 2348 1565 in
2390 1524 2484 1565 eos
2519 1511 2609 1579 qui
2640 1510 2769 1565 illuc
2799 1520 3181 1580 pervenerunt,
3213 1511 3306 1565 sed
3327 1519 3381 1565 et
3404 1512 3496 1581 qui
3524 1511 3733 1581 aliquid

2154 1600 2428 1670 deinjuste
2468 1601 2749 1670 acquisitis
2787 1601 2854 1655 ab
2892 1601 2973 1655 eis
3011 1609 3359 1671 acceperunt,
3397 1610 3451 1657 et
3481 1600 3632 1665 ideo,
3659 1602 3728 1654 ad

2153 1694 2526 1765 ptenitentiam
2540 1701 2590 1746 et
2606 1692 3043 1747 lamentationem
3067 1692 3337 1759 conversi,
3360 1693 3519 1763 digna
3546 1706 3738 1755 emen_

477 1792 827 1857 manducare,
872 1798 929 1845 et
973 1789 1229 1858 deinceps
1264 1802 1434 1857 usque
1462 1786 1529 1839 ad
1564 1794 1809 1839 sanctum
1838 1793 2049 1853 tempus
2082 1804 2125 1863 Β
2153 1789 2368 1844 datione
2393 1796 2448 1841 et
2472 1786 2813 1842 restitutione
2852 1788 3246 1842 abstractarum
3287 1804 3490 1855 rerum,
3523 1796 3586 1842 et
3614 1804 3736 1843 cum

476 1884 699 1939 Pascha:
756 1880 1038 1944 devitarc,
1094 1877 1364 1934 hostiliter
1420 1876 1738 1932 invaserunt
1789 1874 2051 1945 praedium

479 1973 692 2029 Sanctae
715 1973 921 2037 Mariaa,
960 1980 1014 2026 et
1049 1971 1362 2041 episcOpum
1398 1966 1744 2022 obsederunt.
1795 1964 1897 2032 Qui
1924 1976 2054 2018 vero

478 2065 566 2119 die
592 2072 865 2131 noctuque
908 2062 961 2115 in
1006 2060 1102 2115 Dei
1151 2059 1375 2114 servitio
1420 2057 1661 2111 studiose
1706 2069 2052 2125 permanens,

480 2155 674 2207 timore
708 2151 920 2218 abjecto
947 2151 999 2203 in
1031 2149 1198 2203 Deum
1242 2147 1540 2211 conlidens,
1584 2144 1925 2200 obsessiones
1958 2157 2054 2196 eo-

481 2256 601 2299 rum
654 2258 755 2313 pro
801 2241 971 2296 nihilo
1015 2240 1220 2294 ducens
1246 2278 1261 2302 ,
1311 2237 1366 2292 in
1410 2235 1878 2306 praedestinatione
1922 2232 2054 2287 inita

479 2335 711 2389 ﬁrmiter
754 2338 1213 2401 perseveraverat.
1243 2327 1370 2384 llzec
1397 2341 1533 2405 vero
1564 2326 1805 2381 obsessio
1829 2334 1888 2379 ut
1907 2339 2056 2380 com-

480 2433 635 2495 perta
668 2423 859 2478 fuisset
895 2420 1188 2491 Adalperto
1224 2419 1407 2487 comiti
1438 2427 1494 2474 et
1523 2417 1868 2489 'l‘lieodpaldo
1899 2415 2053 2470 l'ratri

481 2515 744 2585 episcopi,
799 2520 1127 2585 congregata
1174 2511 1445 2583 phalange
1492 2511 1698 2581 populi,
1750 2510 1921 2579 prima
1969 2508 2055 2563 die

483 2607 982 2677 Quadragcsimalis
1036 2605 1333 2675 temporis,
1390 2603 1533 2674 quod
1585 2611 1673 2658 est
1724 2603 1844 2657 dies
1894 2602 2052 2666 lunie,

483 2712 643 2751 inane
690 2697 923 2752 diluculo
975 2705 1153 2751 castra
1196 2696 1535 2749 inimicorum
1582 2694 1915 2747 invaserunt.
1949 2691 2056 2746 Sed

484 2784 559 2842 illi
605 2790 717 2843 lizec
759 2796 917 2843 antea
950 2803 1107 2858 posse
1136 2787 1249 2841 ﬁeri
1280 2803 1385 2841 non
1419 2794 1689 2855 putantes,
1720 2783 1966 2855 imparati
1992 2783 2056 2837 ad

484 2874 680 2939 bellum
706 2880 906 2934 inventi
940 2889 1086 2945 sunt,
1131 2889 1207 2943 et,
1250 2878 1534 2949 repentino
1570 2877 1763 2931 timore
1802 2874 2057 2945 perculsi,

485 2969 691 3023 relictis
733 2968 921 3039 Spoliis
969 2967 1093 3038 fuga
1139 2968 1385 3023 inimicos
1435 2967 1667 3021 evadere
1712 2967 2054 3020 studuerunt.

480 3056 562 3113 llli
598 3067 776 3112 autem
817 3073 910 3113 eos
950 3069 1259 3127 sequentes,
1303 3057 1670 3112 llermannum
1706 3055 1926 3109 fratrem
1957 3055 2056 3106 Ar-

2154 1876 2542 1946 eﬂlagitatione
2590 1875 2935 1948 indulgentia:
2975 1877 3246 1949 episcopi,
3291 1876 3630 1932 studuerunt
3678 1892 3737 1931 se

2154 1986 2276 2027 cum
2308 1970 2525 2025 Christo
2547 1976 2604 2025 et
2636 1985 2758 2025 cum
2791 1978 2979 2024 sancta
3003 1970 3171 2025 Maria
3198 1980 3377 2026 matre
3400 1968 3517 2038 ejus
3544 1972 3736 2040 pacili-

2153 2079 2299 2121 care.
2339 2063 2457 2118 Non
2493 2072 2614 2133 post
2650 2063 2877 2118 multum
2912 2078 3042 2118 vero
3068 2064 3323 2134 temporis
3348 2062 3614 2134 priefatus
3639 2063 3741 2117 Ar-

2153 2156 2332 2211 noll‘us
2357 2157 2448 2225 qui
2476 2171 2533 2210 se
2557 2156 2899 2225 praesumpsit
2925 2170 3013 2209 res
3033 2165 3235 2211 sancta:
3258 2154 3442 2209 Maria:
3463 2154 3741 2208 hostiliter

2154 2248 2429 2309 invadere,
2445 2245 2899 2316 etincorrigihilis
2920 2246 3037 2301 sine
3059 2246 3375 2315 ptenitentia
3396 2246 3736 2316 perduravit,

2154 2350 2372 2392 obsessa
2415 2337 2709 2391 Ratishona
2751 2336 2970 2391 civitate
3011 2346 3230 2407 paratus
3269 2338 3336 2392 ad
3369 2337 3626 2407 pra-lium
3648 2351 3740 2391 ex-

2154 2429 2275 2495 ivit,
2302 2437 2358 2483 et
2380 2427 2562 2483 statim
2608 2429 2660 2481 in
2689 2428 2917 2482 articulo
2949 2426 3206 2483 tumultus
3233 2429 3446 2483 occisus
3473 2435 3581 2482 est.
3614 2426 3739 2494 Qui-

2155 2522 2276 2576 dam
2312 2522 2476 2576 etiam
2506 2530 2687 2585 nomo,
2719 2521 2785 2575 de
2815 2519 3124 2590 episcopatu
3151 2519 3245 2589 qui
3280 2519 3482 2574 dicitur
3503 2518 3738 2573 Elistet-

2156 2620 2264 2672 ten,
2309 2620 2517 2681 partem
2568 2609 2813 2664 vilissimi
2860 2609 3112 2664 meusalis
3161 2610 3284 2664 inde
3323 2609 3393 2663 ad
3424 2624 3582 2663 suam
3615 2622 3735 2677 pro-

2156 2701 2441 2771 prietatem
2474 2700 2730 2770 portavit,
2758 2708 2813 2753 et
2841 2700 3026 2753 statim
3057 2714 3087 2752 a
3114 2699 3382 2753 dtemonio
3410 2709 3729 2768 occupatus,

2161 2793 2365 2847 nullum
2410 2790 2773 2845 ahscondendi
2820 2789 2998 2844 locum
3046 2791 3115 2843 ab
3156 2804 3221 2844 eo
3261 2789 3507 2843 invenire
3538 2789 3732 2860 putuit,

2160 2899 2336 2954 neque
2385 2883 2438 2937 iu
2487 2882 2715 2938 ecclesia
2778 2895 2955 2950 neque
2986 2889 3138 2935 extra
3186 2881 3500 2945 ecclesiam,
3562 2895 3735 2949 neque

2159 2988 2412 3042 aspersus
2456 2988 2592 3044 aqua
2642 2973 2946 3037 benedicta,
2995 2974 3123 3043 quin
3169 2973 3323 3042 juxta
3364 2987 3491 3026 eum
3525 2988 3734 3043 semper

2162 3066 2435 3121 videretur
2474 3080 2734 3127 manere,
2795 3065 2985 3128 donec,
3038 3064 3334 3134 Augustam
3390 3065 3732 3135 regrediens,

485 3150 610 3205 nolﬂ
657 3149 1149 3220 apprehenderunt,
1197 3150 1456 3218 quosdam
1508 3149 1561 3201 in
1607 3146 1799 3203 castris
1847 3144 2057 3200 cecide-

2164 3155 2360 3224 injuste
2414 3156 2540 3210 inde
2596 3154 2745 3226 rapta
2803 3156 3120 3225 reportavit,
3171 3163 3223 3209 et
3267 3155 3585 3226 episcopum
3619 3170 3732 3209 cura

489 3250 636 3304 runt,
666 3242 928 3309 quosdam
965 3256 1093 3293 vero
1135 3239 1358 3293 ulterius
1402 3239 1790 3306 subsequentes
1837 3233 2060 3290 interfe-

488 3338 701 3385 cerunt.
740 3322 971 3383 Maxima
1005 3339 1184 3383 autem
1217 3342 1369 3399 parte
1400 3344 1586 3382 eorum
1617 3327 1923 3390 interfecta,
1957 3340 2059 3378 cae-

491 3420 727 3487 terisque
756 3418 969 3488 fugatis,
1003 3419 1180 3472 nullus
1223 3433 1409 3472 eorum
1457 3419 1522 3471 ad
1563 3432 1621 3472 se
1664 3416 2059 3471 defendendum

491 3510 742 3564 ﬁduciam
787 3511 1015 3580 accepit,
1065 3510 1166 3564 nisi
1215 3525 1354 3564 unus
1400 3509 1619 3564 nomine
1656 3508 1930 3579 Egiloll‘us,
1970 3507 2058 3561 fu-

490 3602 686 3670 giendo
734 3600 957 3656 brachio
999 3602 1276 3671 Adalperti
1312 3593 1536 3655 comitis
1568 3601 1834 3654 modicum
1866 3599 2062 3653 vulnus

493 3694 699 3758 infecit,
732 3697 799 3749 de
832 3711 940 3764 quo
979 3695 1140 3749 etiam
1182 3693 1405 3748 vulnere
1444 3700 1690 3745 mortuus
1719 3700 1802 3746 est
1831 3707 1845 3757 ;
1876 3690 2061 3744 vulne-

493 3797 641 3839 rator
662 3786 823 3840 etiam
854 3786 971 3851 eius
1016 3786 1199 3840 statim
1247 3785 1462 3839 occisus
1494 3792 1577 3838 est
1603 3798 1633 3837 a
1664 3782 1945 3852 Liutperto
1966 3796 2060 3836 va-

493 3876 629 3931 sallo
673 3875 910 3943 ejusdem
935 3876 1231 3944 Adalperti.
1277 3873 1592 3929 Paucissimi
1638 3883 1819 3927 autem
1849 3885 2060 3936 eorum,

495 3969 692 4022 ictibus
734 3968 970 4033 contrusi,
1001 3983 1063 4021 ac
1092 3967 1320 4021 diversis
1364 3967 1539 4021 modis
1585 3964 1873 4024 vulnerati,
1919 3963 2064 4034 peri-

472 4055 672 4110 culum
703 4066 881 4110 tamen
912 4057 1120 4123 mortis,
1142 4056 1297 4125 equis
1316 4059 1503 4111 eorum
1517 4070 1612 4109 eos
1640 4054 2063 4124 asportantihus,

493 4162 560 4201 eo
580 4146 669 4202 die
699 4148 786 4201 vix
806 4156 1113 4213 evaserunt,
1155 4147 1372 4219 quidam
1398 4163 1527 4203 vero
1560 4161 1772 4211 eorum,
1806 4145 1924 4216 gelu
1961 4145 2065 4198 mi-

493 4237 800 4294 serahilitcr
851 4241 1209 4311 astringente,
1260 4241 1386 4295 nudi
1431 4241 1484 4294 in
1537 4236 1914 4308 desperatione
1946 4238 2067 4290 vitae

496 4332 744 4399 proprias
796 4332 1200 4385 mansiunculas
1255 4332 1604 4399 repetierunt.
1663 4330 1874 4399 Corpus
1936 4344 2067 4381 vero

498 4419 795 4489 Adalperti,
838 4420 889 4473 in
915 4420 1011 4473 Dei
1040 4420 1319 4475 voluntate
1357 4420 1543 4483 occisi,
1585 4419 1911 4473 reverendus
1953 4419 2068 4486 cpi-

2160 3249 2339 3318 scopis
2361 3247 2409 3302 ei
2433 3246 2636 3318 ﬂagella
2662 3249 2939 3318 imponere
2961 3262 3060 3318 pro
3080 3246 3278 3301 Christi
3307 3246 3531 3300 nomine
3555 3254 3735 3321 postu-

2160 3340 2310 3403 lavit,
2344 3348 2395 3394 et
2429 3338 2651 3407 insuper
2696 3337 3080 3408 indulgentiam
3130 3334 3338 3407 prmfati
3372 3334 3559 3389 delicti
3605 3349 3731 3388 cono

2161 3427 2379 3491 donare,
2405 3428 2588 3493 sicque
2616 3427 2878 3480 liberatus
2896 3442 2925 3480 a
2951 3425 3215 3481 daemonio
3231 3424 3473 3478 salvatus
3488 3425 3733 3479 recessit.

2231 3513 2341 3569 Xil.
2384 3512 2461 3568 Ne
2492 3514 2583 3567 diu
2605 3528 2690 3568 me
2714 3515 2781 3567 ab
2815 3515 3049 3583 incoepta
3084 3513 3355 3568 taxatione
3388 3504 3731 3575 subtraham,

2160 3605 2294 3660 libet
2313 3606 2509 3675 stylum
2541 3602 2819 3659 retrahere
2852 3606 2920 3659 ab
2947 3605 3356 3660 enumeratione
3401 3619 3468 3659 ex
3509 3615 3734 3672 utraque

2162 3708 2320 3769 parte
2373 3700 2721 3753 olisessarum
2784 3700 3000 3754 urbium
3066 3708 3120 3754 et
3174 3699 3438 3753 bellorum
3502 3698 3736 3766 undique

2163 3788 2481 3852 furentium,
2505 3798 2562 3844 et
2597 3786 3323 3845 vicissitudinestromatum
3373 3790 3523 3853 (42)
3562 3790 3734 3843 direr-

2166 3893 2373 3942 sorum,
2421 3878 2516 3933 sed
2565 3880 2742 3949 potius
2781 3882 3051 3948 quomodo
3091 3880 3347 3935 Dominus
3390 3880 3735 3949 omnipotens

2162 3982 2262 4037 per
2323 3968 2517 4021 merita
2570 3984 2849 4024 servorum
2914 3986 3132 4026 suorum
3193 3985 3349 4025 suum
3422 3971 3737 4039 dignaretur

2166 4059 2420 4129 populum
2453 4060 2686 4115 liberare
2714 4061 2845 4115 libet
2884 4077 3207 4128 recensere;
3257 4078 3324 4117 ne
3378 4063 3585 4117 diaboli
3630 4079 3736 4116 ma—

2164 4149 2571 4205 chinationibus
2618 4152 2685 4206 ad
2730 4167 2886 4206 suum
2933 4155 3241 4223 perveniret
3296 4154 3548 4208 exitium.
3606 4154 3767 4208 Cum.

2168 4251 2261 4291 rex
2298 4237 2425 4292 Otto
2459 4239 2514 4294 in
2554 4239 2895 4305 Alainannia,
2940 4251 3161 4310 propter
3199 4256 3295 4296 eos
3321 4242 3411 4311 qui
3458 4258 3583 4296 cum
3617 4242 3733 4295 Liu-

2169 4327 2302 4380 toll‘o
2328 4328 2438 4383 ﬂlio
2468 4328 2586 4397 ejus
2616 4331 2809 4385 ditioui
2835 4346 2945 4386 sua:
2973 4332 3167 4402 regalis
3193 4332 3477 4401 potestatis
3516 4341 3732 4385 contra-

2169 4419 2350 4473 dicere
2376 4421 2679 4486 voluerunt,
2706 4438 2827 4476 cum
2859 4425 3098 4477 exercitu
3128 4434 3552 4479 convcrsaretur
3586 4423 3731 4492 juxta

497 4524 693 4578 scapus
733 4509 798 4563 ad
822 4509 1116 4579 Augustam
1160 4511 1435 4564 civitatein
1481 4509 1660 4573 vexit,
1706 4515 1782 4573 et,
1833 4507 2065 4561 animam
2098 4492 2142 4548 υ
2171 4507 2364 4562 ﬂumen
2395 4511 2536 4578 quod
2567 4511 2745 4565 llilara
2767 4520 2993 4566 vocatur
3016 4553 3033 4576 ,
3068 4514 3121 4567 in
3146 4528 3337 4583 campo
3370 4514 3555 4584 oppidi
3597 4514 3731 4583 quod

500 4585 798 4653 honoriﬁce
856 4591 965 4655 Deo
1013 4598 1436 4662 commendans,
1478 4597 1533 4651 in
1575 4597 1805 4652 ecclesia
1854 4595 2068 4649 Sancta:

500 4687 679 4741 Maria:
740 4688 1007 4757 Sepelivit.
1063 4685 1250 4740 Nullus
1299 4695 1477 4741 autem
1517 4700 1704 4740 eorum
1768 4685 1858 4754 qni
1908 4692 2066 4738 antea

500 4780 600 4833 sibi
629 4779 796 4847 spolia
826 4779 1359 4850 Augustaa‘civitatis
1395 4780 1448 4833 in
1476 4779 1915 4834 contrarietatem
1945 4792 2063 4830 san-

500 4878 603 4924 cla:
629 4870 721 4924 Dei
755 4872 1033 4938 genitricis
1078 4871 1261 4925 Mariae
1298 4871 1727 4934 vindicaverunt,
1775 4867 2070 4937 impunitus

501 4960 696 5022 evasit,
732 4960 935 5028 nisiqui
958 4976 1014 5014 se
1035 4962 1147 5015 suis
1168 4960 1399 5030 propriis
1414 4960 1575 5015 rebus
1600 4974 1721 5014 cum
1739 4950 2070 5027 indulgentia

506 5051 788 5090 roum-nni“
812 5053 1044 5090 anicnnni
1074 5054 1339 5090 radi-38:99.0
1367 5067 1470 5090 nnn
1507 5051 1851 5090 rliclnlnrnnl.

2168 4597 2364 4651 dicitur
2402 4599 2569 4653 'l'ussa
2617 4599 2762 4671 (45)
2793 4639 2808 4664 ,
2852 4608 2910 4654 ct
2960 4600 3031 4654 ihi
3078 4602 3401 4669 smpedictus
3447 4601 3592 4655 ﬁlius
3626 4601 3733 4670 ejus

2169 4685 2439 4741 Liutoll‘us
2465 4704 2586 4741 cum
2627 4689 2733 4743 alio
2770 4691 3016 4745 exercitu
3053 4691 3243 4745 obvius
3283 4692 3350 4745 ad
3390 4692 3729 4762 pugnandum

2170 4788 2357 4832 contra
2378 4794 2500 4833 eum
2524 4780 2821 4845 deveniret,
2844 4790 3048 4836 etcum
3096 4791 3241 4836 tanta
3285 4783 3567 4837 vicinitate
3613 4798 3734 4836 con-

2165 4867 2336 4938 juncti
2364 4881 2568 4936 essent,
2599 4880 2658 4923 ut
2699 4871 2841 4924 nulla
2865 4872 3232 4942 ambiguitatis
3263 4886 3357 4941 spe
3397 4872 3600 4925 detenti
3629 4887 3733 4924 ma-

2174 4967 2368 5012 nerent
2427 4959 2480 5012 in
2544 4970 2899 5030 utrarumque
2954 4963 3189 5031 partium
3251 4961 3622 5023 multitudine,
3680 4959 3729 5013 n'

2174 5046 2370 5090 lmllnm
2425 5047 2495 5090 ait
2537 5050 2617 5090 μῖε
2658 5052 3093 5090 nnmmizlnrn‘nr
3164 5060 3290 5090 limo
3340 5051 3588 5090 nmnltilic
3632 5049 3730 5090 “(In
