3972 5428
129 436 277 500 1033
322 493 331 500 .

1692 440 1869 501 ΥΙΤΑν.

3271 447 3407 505 ιοδι

125 566 290 610 reatu
345 558 659 613 duceretur
705 559 771 614 ad
821 561 1198 630 perditionem.
1249 563 1357 617 Deo
1410 575 1590 617 autem
1632 573 2025 628 an-Aaurora
2097 568 2328 634 primum
2397 568 2753 636 irunnpeutc,
2830 569 3084 625 salttlaris
3147 571 3403 626 sacriticii

124 654 367 709 nuente,
388 646 522 700 dum
546 648 825 702 amborum
852 660 1076 713 mentes,
1102 652 1269 721 patris
1291 652 1492 707 scilicet
1516 652 1727 709 Ottonis

122 742 181 789 et
240 734 347 789 lilii
398 735 529 805 ejus
571 737 809 803 Liutolli,
862 740 928 795 de
979 742 1213 810 prolicua
1264 743 1626 797 admonitione
1675 754 1730 799 et

121 827 388 883 doctrina
435 831 875 884 venerandorum
924 834 1300 902 episcoporum
1355 835 1406 889 in
1448 837 1727 890 tnollitiam

119 930 327 980 versas,
361 926 593 987 pactmn
621 920 768 989 pacis
810 922 952 977 inter
974 938 1031 978 se
1055 925 1478 994 placitaverunt;
1518 937 1593 991 et,
1620 938 1730 980 tur-

124 1007 262 1063 bine
320 1009 460 1063 belli
519 1012 785 1083 mitigato,
837 1014 888 1067 in
934 1031 1029 1068 sua
1077 1031 1198 1070 cum
1247 1031 1380 1087 pace
1434 1018 1726 1073 redierunt.

123 1093 331 1152 Tantis
366 1106 564 1152 autem
605 1109 732 1154 tunc
763 1100 1000 1171 prtefatis
1041 1103 1365 1157 tumultuum
1403 1102 1733 1174 fatigationi-

122 1188 236 1244 bus
281 1190 610 1257 superatis,
665 1192 1070 1248 :estimaverunt
1120 1210 1178 1248 se
1232 1195 1445 1263 aliquod
1495 1196 1729 1266 spatium

120 1280 410 1347 temporis
444 1280 503 1334 in
542 1296 675 1351 pace
710 1299 865 1353 posse
889 1284 1186 1354 quiescere.
1234 1286 1419 1340 Altero
1448 1303 1545 1358 pro
1585 1298 1733 1342 certo

125 1369 325 1424 statim
361 1384 541 1435 anno,
590 1373 732 1440 quod
778 1383 862 1427 est
908 1390 1049 1429 anno
1089 1375 1476 1430 incarnationis
1525 1376 1731 1433 Domini

132 1461 313 1513 nostri
354 1459 495 1515 Jesu
529 1462 730 1519 Christi
761 1463 887 1530 965,
932 1474 1079 1521 tanta
1108 1465 1393 1523 multitudo
1427 1467 1732 1537 Ungrorum

126 1552 338 1620 erupit,
373 1564 592 1621 quanta
630 1565 758 1610 tunc
810 1557 1068 1626 temporis
1105 1557 1403 1612 viventium
1456 1560 1733 1615 hominmn

125 1659 297 1698 nemo
341 1660 407 1702 se
448 1657 615 1702 antea
643 1647 843 1704 vidisse
878 1648 931 1702 in
973 1648 1076 1702 ulla
1112 1649 1329 1721 regione
1358 1649 1733 1719 profitebatur,

130 1747 184 1791 et
236 1738 582 1795 Noricorum
633 1739 780 1812 (44)
834 1741 1105 1812 regionem
1154 1757 1182 1795 a
1231 1741 1474 1797 Danubio
1516 1741 1735 1799 ﬂumine

128 1842 310 1895 usque
351 1829 426 1883 ad
455 1827 678 1899 Nigram
704 1829 918 1894 silvam,
951 1844 1071 1899 qua:
1098 1832 1331 1901 pertinet
1357 1833 1422 1886 ad
1456 1843 1730 1899 Inetitana,

1830 655 2063 710 hostiam
2097 658 2203 710 Deo
2251 656 2424 711 libare
2460 657 2716 712 licuisset.
2755 656 3055 721 Ministerio
3082 674 3239 714 sacro
3281 675 3404 728 pero

1833 755 1986 809 acto,
2054 745 2253 799 viatico
2308 762 2465 801 sacro
2521 762 2709 803 omnes
2753 751 3046 813 recreavit,
3107 750 3406 819 humilique

1830 832 2198 889 admonitione
2238 835 2504 904 persuasit
2532 843 2613 896 ut.
2648 835 2698 889 in
2726 834 2828 890 lide
2860 846 3005 890 recta
3029 837 3402 905 persistentes.

1831 937 1980 990 spem
2018 938 2170 978 suam
2215 925 2268 977 in
2304 921 2533 979 Domino
2574 939 2899 994 componere
2940 943 3045 981 nott
3076 927 3402 988 dubitarent,

1832 1011 2077 1066 indicans
2115 1014 2194 1067 eis
2226 1014 2567 1082 onntigenam
2611 1014 2954 1083 sponsionem
2995 1014 3401 1074 consolationis.

1832 1113 1885 1157 et
1912 1103 2239 1158 annuntians
2282 1103 2667 1174 psalmigrapbi
2711 1102 2879 1158 David
2924 1104 3104 1168 verba,
3131 1104 3400 1159 dicentis:

1835 1192 1898 1249 Si
1931 1194 2262 1248 ambularem
2288 1196 2341 1247 in
2370 1195 2537 1249 medio
2584 1195 2779 1250 umbra?
2813 1195 3013 1260 mortis,
3063 1211 3167 1249 non
3216 1194 3404 1248 timeba

1832 1280 1996 1346 mala,
2044 1282 2291 1352 quoniam
2327 1292 2384 1335 tu
2426 1298 2627 1336 mecum
2655 1298 2709 1336 es
2753 1281 2930 1353 (Psal.
2976 1283 3135 1354 uti).
3169 1282 3405 1338 Salutari

1835 1383 2015 1427 autem
2068 1374 2432 1429 admonitione
2488 1374 2724 1442 episcOpi
2777 1384 3019 1443 peracta,
3076 1389 3199 1428 cum
3245 1372 3409 1442 jnbar

1837 1463 2102 1518 radiantis
2131 1464 2260 1518 solis
2289 1464 2520 1534 primum
2551 1464 2889 1519 latitudinem
2934 1464 3143 1519 telluris
3178 1464 3410 1518 irradia-

1836 1565 1938 1619 ret,
1967 1556 2236 1610 exercitus
2272 1555 2572 1625 Ungrorum
2617 1556 2960 1611 inenarrabili
2992 1556 3297 1625 pluralitate
3338 1570 3406 1610 ex

1835 1647 1981 1700 omni
2009 1656 2159 1718 parte
2186 1647 2252 1701 ad
2274 1648 2683 1717 expugnandam
2712 1648 2987 1703 civitatem
3009 1649 3407 1709 circumcinxit,

1837 1738 2048 1792 diversa
2083 1734 2263 1791 ferens
2298 1735 2652 1791 instrumenta
2685 1738 2751 1792 ad
2801 1736 3189 1807 depositionem
3222 1752 3407 1791 muro-

1842 1843 1982 1882 rum.
2024 1824 2266 1895 Curnque
2306 1826 2543 1896 undique
2573 1827 2746 1896 parati
2777 1835 2960 1881 essent
3002 1826 3069 1879 ad
3106 1824 3323 1887 bellum,
3354 1834 3413 1879 et

131 1917 301 1971 simul
330 1919 682 1973 devastando
707 1920 1012 1989 occiipavit,
1033 1930 1082 1975 et
1106 1935 1228 1975 cum
1244 1920 1733 1977 Licumtransccn-
1772 1901 1811 1960 Β
1840 1930 2035 1976 cuncta
2087 1921 2487 1991 prepngnacula
2519 1922 2760 1976 civitatis
2794 1919 3205 1990 repugnantium
3252 1918 3409 1987 plena

136 2009 331 2084 deret,
355 2017 416 2064 et
455 2009 833 2065 Alamanniam
863 2019 1171 2080 occuparet,
1203 2010 1488 2066 ecclesiam
1521 2010 1736 2068 Sancta:

137 2083 734 2164 Afrae/concremavit,
755 2109 811 2157 et
858 2111 1023 2156 totam
1073 2102 1404 2172 provinciam
1434 2119 1463 2158 a
1495 2104 1736 2159 Danubio

138 2207 318 2262 usque
350 2193 424 2246 ad
455 2192 663 2261 sylvam
704 2192 1051 2262 depraadavit,
1098 2201 1149 2248 et
1195 2192 1481 2248 maximam
1522 2204 1733 2264 partem

138 2294 318 2348 usque
339 2280 413 2334 ad
443 2280 684 2334 Hilaram
704 2279 922 2334 ﬂuvium
954 2281 1077 2352 igne
1100 2281 1413 2336 combussit.
1439 2280 1734 2353 Augustam

144 2381 331 2427 autem
361 2372 653 2426 civitatem
689 2372 922 2437 obsedit,
955 2388 1075 2442 qua:
1103 2383 1229 2428 tunc
1259 2374 1381 2429 imis
1414 2375 1531 2430 sine
1567 2376 1731 2430 turri-

141 2456 248 2512 bus
274 2459 629 2514 circumdata
658 2460 847 2526 muris,
875 2463 1030 2515 llrma
1056 2477 1123 2516 ex
1148 2464 1437 2531 semetipsa
1468 2481 1572 2519 non
1611 2466 1732 2521 fuit.

146 2548 387 2605 Sanctus
429 2560 618 2606 autem
659 2555 885 2607 antistes
932 2569 1181 2624 magnam
1235 2555 1386 2610 valde
1431 2556 1733 2611 multitudi-

144 2653 269 2693 nem
298 2642 641 2711 optimorum
672 2642 905 2697 militum
934 2658 1115 2698 secum
1156 2645 1298 2699 intra
1325 2655 1472 2715 septa
1499 2646 1737 2701 civitatis

149 2731 486 2787 collocatam
519 2732 788 2797 habebat;
820 2748 885 2787 ex
914 2748 1142 2799 quorum
1164 2735 1406 2805 agilitate
1430 2745 1483 2789 et
1506 2736 1733 2790 audacia

151 2822 354 2877 civitas
401 2822 624 2877 fortiter
662 2823 900 2889 lirmata,
936 2823 1045 2877 Deo
1085 2824 1332 2893 jnVante,
1376 2826 1731 2890 consistebat;

150 2914 243 2981 qui
271 2922 328 2968 ut
355 2913 658 2969 exercitum
687 2913 992 2985 Ungrorum
1020 2918 1085 2969 ad
1102 2918 1513 2988 expugnandam
1545 2918 1735 2972 civita-

145 3013 256 3058 tem
287 3005 642 3061 circumdare
671 3007 939 3067 viderunt,
991 3007 1073 3061 eis
1101 3008 1315 3063 obviam
1356 3009 1506 3062 exire
1553 3007 1737 3061 volne-

150 3105 302 3161 runt,
329 3098 429 3152 sed
453 3096 556 3151 hoc
583 3097 869 3167 episcopus
895 3095 974 3152 eis
998 3114 1102 3152 non
1127 3101 1494 3164 consentiens,
1523 3111 1731 3167 portam

151 3186 243 3240 ubi
282 3188 559 3242 maximus
597 3188 775 3241 aditus
818 3188 1054 3243 intrandi
1092 3191 1343 3245 manebat
1390 3190 1617 3244 firmiter
1641 3203 1733 3243 oc-

1836 2009 2084 2075 fuissent,
2124 2010 2338 2079 quidam
2373 2009 2674 2081 Ungrorum
2706 2009 2929 2083 ﬂagellis
2957 2010 3092 2064 alios
3142 2009 3414 2062 minantes

1838 2105 1905 2159 ad
1944 2118 2177 2174 pugnam
2200 2112 2523 2173 coegerunt,
2556 2113 2612 2160 et
2641 2102 2736 2167 illi,
2769 2111 2976 2158 tantam
3008 2099 3409 2156 multitudinem

1838 2195 1892 2250 in
1928 2196 2350 2265 propugnaculis
2397 2195 2765 2251 resistentium
2815 2196 2894 2250 eis
2928 2195 3193 2258 videntes,
3242 2192 3417 2248 tauris

1836 2302 1896 2343 se
1924 2288 2254 2356 coniungere
2280 2287 2414 2341 adeo
2442 2287 2715 2357 perterriti
2748 2301 2851 2341 non
2880 2286 3167 2341 audebant.
3193 2284 3411 2339 Interim

1835 2392 1959 2432 cum
1994 2377 2217 2432 interius
2255 2377 2604 2446 exteriusque
2645 2376 2814 2448 parati
2865 2383 3047 2431 essent
3092 2375 3159 2429 ad
3190 2373 3411 2433 bellum,

1836 2466 2198 2533 Berchtolfus,
2231 2467 2371 2522 ﬁlius
2400 2466 2628 2531 Arnolli,
2653 2466 2718 2519 de
2744 2464 2967 2521 castello
3018 2463 3407 2518 Risineslmrch

1834 2557 2074 2612 vocitato
2126 2557 2268 2611 venit
2323 2556 2388 2611 ad
2423 2571 2602 2628 regem
2636 2555 2964 2626 Ungrorum,
3001 2553 3328 2608 annuntians
3356 2554 3408 2606 ei

1835 2647 2123 2703 adventurm
2152 2646 2367 2702 Ottonis
2392 2645 2611 2717 gloriosi
2641 2645 2800 2716 regis.
2828 2645 2951 2712 Qui,
2970 2653 3029 2698 ut
3052 2645 3151 2698 hoc
3177 2642 3405 2701 audivit.

1836 2754 1991 2794 suum
2064 2737 2349 2792 classicum
2408 2738 2552 2793 omni
2603 2738 2864 2793 exercitui
2921 2746 3105 2790 notum
3160 2736 3415 2804 clangere

1835 2826 2115 2897 pmcepit,
2158 2828 2221 2880 de
2269 2824 2423 2895 cujus
2453 2825 2630 2881 sonitu
2669 2827 2944 2881 exercitus
2990 2835 3133 2880 totus
3171 2840 3404 2894 pugnam

1835 2919 2074 2974 civitatis
2102 2918 2303 2984 omisit,
2343 2928 2399 2972 et
2442 2918 2508 2972 ad
2541 2917 2869 2988 colloquium
2917 2932 3106 2971 eorum
3161 2916 3303 2984 regis
3348 2931 3411 2968 se

1834 3009 2161 3081 conjungere
2228 3008 2519 3063 festinavit.
2564 3009 2691 3076 Qui,
2733 3025 2855 3063 cum
2911 3009 2992 3063 eis
3041 3006 3413 3061 autumatione

1836 3096 2000 3159 facta.
2039 3096 2149 3151 Deo
2177 3097 2437 3161 donante,
2476 3113 2507 3151 a
2558 3113 2733 3168 pugna
2770 3097 3004 3153 civitatis
3041 3097 3306 3157 cessabat,
3354 3106 3411 3148 et

1836 3190 1890 3244 in
1921 3204 2204 3245 occursum
2236 3190 2455 3262 gloriosi
2489 3189 2629 3261 regis
2657 3191 2733 3245 ire
2763 3190 2959 3259 cmpit;
3002 3203 3063 3244 ea
3090 3188 3299 3243 ratione
3329 3196 3411 3248 ut.

149 3274 378 3331 cludere
402 3277 675 3346 praecepit.
700 3276 860 3332 Porta
883 3288 1061 3334 autem
1085 3280 1367 3336 orientalis
1392 3281 1559 3352 plaga:
1581 3283 1600 3354 (
1622 3281 1727 3355 45)
1758 3248 1806 3310 C
1838 3278 1930 3334 illo
1959 3293 2080 3334 cum
2112 3248 2762 3348 suisvsuperatoivictor
2802 3278 3019 3333 rediens
3054 3276 3326 3330 civitatem
3357 3286 3413 3330 et

150 3370 298 3422 unde
354 3371 467 3423 itur
508 3371 572 3423 ad
623 3385 843 3440 aquam,
884 3372 965 3427 sic
1006 3388 1035 3425 a
1077 3372 1348 3428 densitate
1427 3372 1729 3444 ngrornm

152 3456 300 3511 bello
331 3468 598 3528 occupata
630 3470 730 3519 est.
774 3470 832 3515 ut
874 3461 972 3529 ipsi
1012 3462 1398 3517 acstimaverint
1443 3478 1501 3516 se
1546 3461 1731 3516 statim

149 3564 314 3616 posse
347 3550 821 3606 intrare:milites
868 3554 1011 3606 enim
1059 3554 1299 3623 episcopi
1352 3562 1477 3607 ante
1515 3564 1730 3622 portam

147 3638 394 3690 viriliter
425 3647 727 3707 pugnantes
751 3640 831 3694 eis
868 3640 1214 3705 resistebant,
1240 3656 1408 3709 usque
1437 3642 1563 3694 dum
1596 3657 1734 3694 unus

148 3727 474 3795 Ungi-orum
496 3728 584 3797 qui
609 3740 835 3784 caeteros
862 3730 1146 3800 pugnando
1176 3732 1549 3796 antecedebat,
1577 3740 1630 3785 et
1666 3748 1731 3786 ex

148 3818 313 3887 cujus
343 3819 509 3874 ductu
538 3830 594 3874 et
621 3821 990 3877 antecessione
1033 3823 1325 3877 maximam
1363 3822 1644 3893 praui-andi
1678 3824 1731 3877 in

154 3908 244 3962 illa
269 3909 409 3964 hora
448 3910 832 3965 conﬁdentiam
863 3911 1156 3976 habebant,
1186 3912 1399 3968 occisus
1436 3912 1689 3967 occubuit
1716 3929 1731 3977 ;

156 4002 344 4056 caeteri
416 4002 649 4071 denique
709 4018 834 4058 cum
895 4019 1019 4059 eum
1060 4014 1203 4059 terra
1239 4014 1396 4060 tenus
1464 4013 1731 4059 mortuum

156 4092 357 4157 cadere
402 4092 672 4157 viderunt,
716 4095 913 4163 magno
958 4094 1196 4151 clamore
1239 4104 1295 4150 et
1344 4096 1732 4151 lamentatione

157 4200 280 4239 eum
309 4186 608 4255 rapientes,
649 4187 716 4241 ad
747 4196 923 4242 castra
960 4188 1165 4243 reversi
1216 4197 1361 4243 sunt.
1411 4186 1552 4242 liora
1601 4203 1732 4242 vero

162 4277 291 4332 belli
324 4279 610 4348 episcopus
654 4294 817 4349 super
854 4278 1122 4335 caballum
1154 4296 1310 4335 suum
1358 4280 1550 4336 sedens
1595 4279 1732 4334 stola

162 4366 404 4435 indutus,
441 4384 544 4424 non
570 4369 760 4440 clypeo
810 4379 903 4425 aut
945 4369 1110 4426 lorica
1152 4381 1245 4426 aut
1288 4372 1438 4441 galea
1470 4371 1728 4438 munitus,

159 4456 357 4525 iaculis
387 4469 442 4516 et
463 4460 726 4530 lapidibus
765 4463 1000 4532 undique
1042 4463 1186 4517 circa
1226 4479 1347 4518 enim
1376 4464 1730 4520 discurrenti-

165 4548 283 4614 bus,
308 4551 542 4606 intactus
567 4561 622 4606 et
650 4551 849 4607 illaesus
873 4552 1216 4608 subsistebat.
1247 4553 1393 4609 Bello
1422 4570 1549 4609 vero
1579 4554 1730 4609 linito

169 4641 478 4710 regrediens
524 4642 775 4697 circuivit
817 4643 1123 4708 civitatem,
1172 4654 1227 4699 et
1273 4646 1460 4699 domos
1512 4644 1632 4699 belli
1673 4647 1725 4699 in

171 4729 394 4785 circuitu
437 4731 674 4787 civitatis
727 4743 1088 4800 congruenter
1132 4749 1351 4804 ponere,
1401 4745 1456 4789 et
1510 4735 1563 4790 in
1619 4745 1730 4789 tota

173 4830 323 4876 nocte
351 4838 445 4877 eas
472 4823 760 4887 telilicare,
792 4834 847 4877 et
873 4824 1061 4885 vallos.
1091 4832 1349 4891 quiantum
1375 4836 1585 4895 tempus
1608 4840 1733 4893 sup-

174 4913 406 4977 petebat.
448 4928 708 4968 renovare
754 4914 1021 4983 praecepit.
1059 4913 1152 4968 llle
1182 4923 1359 4968 autem
1391 4923 1559 4968 totum
1604 4930 1730 4982 spa-

180 5000 303 5055 tium
344 5003 518 5058 noctis
560 5004 613 5058 in
644 5004 891 5058 oratione
919 5014 1265 5073 pernoctaus,
1309 5004 1584 5073 rtligiosas
1610 5020 1730 5057 nm-

176 5086 322 5147 lieres
346 5094 401 5148 in
431 5095 647 5150 civitate
673 5106 1025 5164 congregatas
1051 5095 1374 5159 concitabat,
1399 5106 1458 5150 ut
1478 5111 1578 5148 una
1603 5111 1731 5165 pars

179 5191 351 5236 earum
379 5199 503 5239 cum
527 5186 779 5242 crucibus
803 5186 871 5239 ad
907 5185 1190 5241 Dominum
1221 5187 1415 5241 devote
1444 5186 1732 5241 claman.‘o

178 5264 308 5324 intra
331 5272 662 5333 circumiret.
707 5283 763 5328 et
805 5274 971 5329 altera
999 5289 1129 5344 pars
1155 5272 1499 5331 clementiam
1529 5284 1732 5330 sancta:

182 5352 268 5398 “oi
299 5363 567 5398 αοηῖίιιῖιοῖι
599 5365 780 5398 min-ha
811 5378 909 5398 n-n
947 5364 1259 5398 ΑΔΓοηεῖΛηα
1301 5366 1483 5398 una-ul:
1549 5378 1598 5398 AI
1631 5379 1730 5398 non

1835 3380 2005 3426 totum
2034 3384 2256 3440 regmnn
2303 3369 2469 3424 libere
2502 3370 2700 3424 habere
2731 3368 3013 3436 potuisset.
3055 3366 3185 3434 Regi
3225 3365 3410 3423 Ottoni

1833 3462 2069 3517 venienti
2104 3460 2414 3529 Dietpaldus
2440 3475 2623 3515 comes
2653 3458 2820 3514 frater
2847 3457 3105 3527 episcOpi,
3140 3472 3262 3511 cum
3306 3470 3411 3509 ca:-

1834 3552 1964 3605 teris
1995 3551 2086 3619 qni
2114 3550 2166 3603 in
2196 3550 2412 3603 civitate
2449 3558 2626 3615 erant,
2654 3557 2811 3602 nocte
2833 3547 3017 3602 exiens
3041 3546 3093 3599 in
3121 3561 3408 3600 occursum

1833 3638 1998 3691 venit.
2032 3638 2142 3691 ilex
2168 3638 2330 3707 igitur
2363 3651 2486 3691 etnn
2526 3632 2734 3690 tantum
2763 3636 3062 3702 exercitum
3102 3634 3408 3704 Ungrorum

1833 3727 2221 3797 perspexisset,
2270 3726 2561 3781 mstimavit
2617 3742 2724 3781 non
2778 3740 2936 3795 posse
2987 3726 3054 3779 ab
3100 3724 3413 3779 hominibus

1835 3816 2103 3888 superari,
2135 3818 2187 3871 ni
2214 3816 2355 3871 Dens
2393 3817 2735 3887 omnipotens
2754 3831 2848 3872 eos
2876 3815 3122 3872 occidere
3152 3815 3407 3887 dignare-

1835 3918 1941 3972 tur,
1977 3907 2028 3961 in
2059 3908 2210 3975 cujus
2237 3908 2561 3978 adiutorium
2585 3908 2880 3972 confidens,
2906 3924 3233 3979 suorumque
3261 3924 3396 3963 con-

1835 3999 2193 4055 solationibus
2236 3999 2539 4069 principum
2587 3999 2888 4065 roboratus,
2938 3998 3134 4055 bellum
3176 4000 3412 4055 viriliter

1834 4104 1955 4145 cum
1986 4090 2065 4144 eis
2093 4103 2253 4160 agere
2279 4090 2463 4158 (βωμία,
2495 4098 2695 4144 etcum
2730 4098 2909 4144 nmtua
2940 4089 3086 4145 ccede
3119 4089 3411 4160 utrobique

1834 4180 2183 4243 cecidissent,
2228 4189 2283 4235 et
2320 4180 2407 4235 his
2454 4178 2754 4235 interfectis
2796 4180 2886 4249 qui
2921 4179 2987 4233 ad
3014 4179 3340 4234 occisionem
3374 4194 3404 4231 a

1835 4269 1946 4324 Deo
1978 4269 2345 4340 prauiestinati
2372 4277 2547 4333 erant,
2572 4268 2806 4337 gloriosa
2830 4268 3053 4323 victoria
3080 4267 3261 4324 Ottoni
3293 4268 3406 4338 regi

1838 4376 1869 4416 a
1898 4359 2030 4426 Deo,
2065 4361 2151 4416 cui
2201 4360 2335 4415 nihil
2383 4359 2716 4431 impossibile
2752 4368 2859 4424 est,
2890 4359 3012 4413 data
3052 4368 3169 4425 est;
3220 4360 3292 4413 ita
3349 4369 3410 4411 ut

1836 4455 2111 4508 exercitus
2136 4451 2438 4523 Ungrormn
2469 4453 2521 4506 in
2550 4451 2727 4524 fugam
2765 4468 2954 4507 versus
2986 4451 3241 4505 virtutem
3272 4467 3412 4521 prte-

1837 4546 2003 4601 liandi
2034 4546 2171 4601 ultra
2218 4561 2323 4599 non
2368 4545 2614 4608 haberet,
2664 4553 2739 4607 et,
2789 4545 3035 4613 quamvis
3078 4542 3411 4597 incredibilis

1837 4649 2098 4691 numerus
2162 4635 2374 4689 illorum
2435 4635 2650 4690 occisus
2709 4633 2934 4696 fuisset,
2996 4642 3176 4688 tantus
3216 4636 3407 4687 tamen

1838 4739 2025 4779 eorum
2063 4723 2335 4778 exercitus
2387 4724 2563 4777 adhuc
2606 4724 2939 4782 remanebat.
2995 4730 3055 4776 ut
3101 4723 3156 4775 bi
3200 4722 3289 4790 qui
3340 4728 3410 4776 de

1839 4814 2259 4884 propugnaculis
2308 4813 2564 4882 Augusta:
2616 4812 2856 4867 civitatis
2904 4828 2998 4867 eos
3051 4814 3237 4866 venire
3277 4830 3405 4867 con-

1840 4915 2155 4974 spexerunt,
2210 4921 2313 4957 non
2365 4919 2543 4975 pugna
2589 4904 2872 4960 lacessitos
2909 4919 3003 4959 eos
3045 4903 3219 4957 redire
3268 4907 3411 4961 acsti-

1841 5004 2149 5061 mavcrunt,
2190 4997 2362 5051 donec
2406 5003 2795 5065 praetereuntes
2833 4996 3108 5052 civitatem
3151 4994 3417 5053 ulteriora

1836 5090 1951 5145 Liei
1988 5088 2228 5142 fluminis
2272 5086 2453 5141 littora
2501 5084 2809 5142 festinando
2857 5096 3103 5158 repetere
3146 5099 3422 5155 cOgnove-

1839 5189 1987 5237 runt.
2020 5179 2131 5234 Rex
2159 5185 2338 5233 autem
2362 5194 2484 5233 cum
2515 5180 2628 5234 suis
2649 5192 2745 5233 eos
2773 5193 3028 5250 sequens,
3067 5183 3122 5229 et
3143 5178 3440 5244 quibussc

1837 5270 2162 5340 conjungere
2219 5268 2394 5337 potuit
2438 5268 2717 5330 occidens,
2774 5264 3086 5338 vespertina
3130 5263 3288 5323 hora
3347 5272 3451 5331 diei
3538 5263 3542 5267 ⁴

2536 5358 2721 5386 ἶίιῖηιιλ
2785 5369 2902 5380 Α...-..
2963 5358 3209 5376 -..Σο-ηρ..-

1843 5361 1874 5398 Δ
1888 5366 2133 5398 nnatvclam
2189 5356 2431 5394 run-vnn:-
