3972 5428
523 373 671 430 ’1953

1539 368 1598 424 S.
1644 367 1958 426 L'DALlllCl
1999 366 2396 426 AUGUSTANI
2437 363 2757 426 EPISCOl’f.

3642 359 3792 422 1036

520 495 694 562 patris
754 491 1062 556 honoravit,
1124 489 1475 561 episcopique
1533 493 1638 545 fido
1695 493 1986 561 atljntorio,
2045 493 2097 546 in
2127 489 2398 560 Ajunctis
2451 495 2684 565 tegebat.
2733 493 2848 547 Non
2898 502 3021 564 post
3082 491 3304 546 nmltum
3351 506 3482 546 vero
3530 490 3807 559 temporis

521 584 934 654 quibuscuuqne
1004 581 1121 650 ejns
1181 581 1509 636 desiderium
1567 583 1839 652 cognovit,
1885 583 2100 653 dignam

525 674 828 728 mercedem
889 671 1150 727 restituit.
1201 671 1358 725 Mane
1401 681 1582 726 autem
1639 671 1804 734 facto,
1850 670 2104 742 fugitivas

521 765 880 820 barbarorum
944 766 1090 820 acies
1147 765 1456 835 sequendo,
1511 764 1786 834 regionem
1830 763 2105 832 Bajoario-

519 870 640 909 rum
683 852 830 926 (46)
881 855 1090 921 revisit,
1128 854 1443 924 festinisque
1499 854 1691 924 legatis
1740 855 1945 921 missis,
1991 862 2103 908 tota

520 947 745 1016 remigia
789 956 844 1002 et
887 947 1021 1002 vada
1053 946 1334 1002 fluminum
1384 948 1678 1001 observare
1715 947 1990 1017 praecepit,
2037 945 2104 1000 ad

519 1039 847 1093 occisionem
887 1053 1096 1103 eorum,
1125 1039 1266 1108 quod
1298 1047 1353 1092 et
1398 1038 1469 1091 ita
1508 1037 1714 1092 factum
1753 1046 1857 1092 est.
1897 1037 1973 1090 llli
2009 1052 2104 1090 au-

521 1142 655 1196 tem,
697 1141 856 1187 nocte
907 1131 1035 1186 illuc
1071 1131 1369 1193 venientes,
1413 1130 1630 1200 quidam
1681 1145 1867 1184 eorum
1914 1130 1981 1183 ab
2021 1129 2105 1184 his

521 1224 615 1293 qui
647 1223 700 1277 in
734 1223 962 1277 navibus
989 1232 1146 1276 erant
1175 1221 1486 1275 ﬂuminibus
1517 1220 1762 1275 immersi
1807 1230 1956 1284 sunt,
1986 1219 2106 1288 qui-

521 1313 646 1368 dam
678 1313 846 1368 occisi
891 1322 1036 1376 sunt,
1069 1313 1159 1382 qui
1189 1321 1367 1365 autem
1417 1311 1481 1365 ad
1527 1311 1676 1366 littus
1719 1321 2102 1381 pervenerunt,

525 1406 595 1458 ab
622 1405 707 1460 bis
737 1405 827 1475 qui
861 1405 1040 1458 littora
1069 1405 1432 1459 observabant
1466 1402 1738 1457 interfecti
1782 1412 1929 1468 sunt,
1960 1403 2103 1456 nulla

509 1496 602 1550 eis
645 1495 750 1558 via,
789 1505 841 1548 et
890 1494 1092 1548 nullum
1149 1495 1362 1549 devium
1412 1495 1480 1548 ab
1509 1493 1588 1548 eis
1636 1493 1866 1548 inveniri
1911 1495 2102 1564 potuit,

513 1589 650 1658 quin
680 1589 730 1642 itt
765 1589 909 1644 omni
944 1588 1063 1643 loco
1095 1589 1331 1642 vindicta
1366 1588 1576 1642 Domini
1626 1603 1789 1658 super
1814 1603 1908 1642 eos
1935 1589 2105 1642 mani-

515 1682 657 1736 ‘feste
693 1690 966 1747 maneret;
1010 1683 1082 1736 ita
1117 1683 1279 1736 etiam
1327 1690 1386 1735 ut
1425 1696 1530 1735 non
1583 1691 1704 1752 post
1746 1681 1944 1735 multos
1988 1681 2106 1736 dies

524 1787 680 1841 reges
708 1785 896 1825 eorum
937 1779 992 1825 et
1044 1771 1317 1840 principes
1365 1769 1745 1840 comprehensi
1795 1778 1849 1824 et
1886 1769 1952 1823 ad
1995 1769 2104 1824 Ra-

2205 583 2526 653 decursum‘,
2570 588 2762 641 iterum
2813 588 3122 642 admonitus
3191 597 3249 640 ut
3306 587 3524 640 domum
3575 584 3809 638 Sancta:

2205 677 2349 732 Afra:
2395 679 2724 734 remdifieare
2769 696 2873 734 non
2911 681 3172 734 laniaret.
3224 680 3298 734 De
3334 679 3487 750 cujus
3520 679 3809 732 instaurao

2207 766 2350 823 tione
2377 785 2500 823 cum
2545 771 2842 840 saepissime
2880 780 3165 835 tractaret,
3208 770 3444 842 qualiter
3488 783 3810 838 congruen-

2208 859 2414 913 tissimc
2440 859 2554 914 fieri
2585 863 2872 930 potuisset,
2900 873 2952 916 et
2991 863 3222 930 qualiter
3248 863 3348 918 sub
3371 861 3636 933 positione
3667 875 3808 930 cry-

2205 957 2309 1016 pta:
2355 949 2678 1005 orientalem
2729 951 2940 1022 plagam
2995 952 3237 1006 ecclesia:
3279 949 3812 1006 convenientissima

2207 1040 2518 1106 decoraret,
2546 1050 2600 1096 et
2653 1041 2831 1097 nullus
2883 1043 3227 1098 certitudinis
3265 1042 3491 1097 effectus
3535 1042 3588 1096 ei
3612 1039 3814 1093 animo

2206 1130 2533 1200 irrepsisset,
2591 1133 2866 1187 coutinuis
2915 1134 3256 1188 orationibus
3313 1143 3368 1187 et
3407 1131 3628 1201 jejuoiis
3672 1146 3811 1184 cum

2205 1221 2522 1279 domesticis
2573 1231 2629 1276 et
2707 1223 2970 1294 religiosis
3037 1225 3390 1295 presbyteris,
3451 1222 3816 1278 devotissime

2207 1312 2632 1366 misericordiam
2691 1313 2783 1368 Dei
2829 1325 3039 1371 secreto
3077 1317 3356 1384 deprecari
3413 1315 3579 1384 cmpit
3637 1323 3696 1366 ut
3753 1313 3812 1365 ei

2209 1413 2602 1457 monstraretur
2625 1403 2774 1460 locus
2798 1405 2850 1459 in
2877 1421 2983 1476 quo
3008 1421 3204 1476 corpus
3226 1416 3429 1460 sancta:
3461 1403 3608 1458 Alne
3634 1401 3814 1456 collo-

2207 1504 2384 1546 catum
2419 1495 2628 1560 fuisset,
2655 1505 2709 1549 ct
2738 1495 2783 1549 si
2816 1505 3062 1566 cryptam
3098 1495 3148 1549 in
3171 1510 3236 1549 eo
3265 1494 3385 1550 loco
3427 1493 3513 1546 ubi
3548 1491 3810 1545 voluntas

2205 1586 2322 1654 ejus
2350 1587 2677 1658 complacuit
2712 1587 2793 1642 fas
2819 1603 3142 1658 componere
3175 1596 3438 1641 maneret.
3475 1585 3546 1641 Ut
3590 1585 3803 1638 oratio—

2209 1695 2328 1732 nem
2359 1678 2475 1747 ejus
2529 1689 2583 1733 et
2607 1677 2871 1748 jejunium
2925 1680 2991 1733 ad
3042 1696 3200 1734 aures
3253 1677 3463 1733 Domini
3513 1676 3810 1747 pervenire

2209 1770 2428 1824 dubium
2480 1787 2585 1826 non
2637 1781 2800 1834 esset,
2863 1773 3157 1827 secundum
3204 1773 3570 1825 cautationem
3623 1767 3806 1821 sancti

516 1863 792 1917 tisbonam
845 1862 1116 1931 perducti,
1168 1863 1220 1915 in
1269 1862 1618 1931 ignominiam
1667 1862 1843 1931 gentis
1889 1877 2102 1926 eorum,
2137 1849 2181 1907 Β
2213 1862 2376 1916 David
2399 1863 2712 1932 prephetm:
2755 1862 2891 1916 Ecce
2923 1863 3060 1915 oculi
3086 1861 3296 1914 Domini
3343 1877 3501 1930 super
3519 1861 3723 1929 justas,
3753 1868 3804 1910 et

517 1967 644 2007 cum
669 1952 786 2005 aliis
804 1950 987 2005 multis
1006 1966 1192 2006 eorum
1217 1951 1759 2022 comprovincialibus
1775 1952 2004 2021 equuleo
2021 1969 2106 2008 su-

521 2045 874 2114 spemlcrunt.

594 2133 727 2188 Xlll.
768 2134 884 2190 Rex
917 2143 1095 2189 autem
1126 2134 1252 2191 Otto
1303 2137 1601 2206 potentiam
1640 2138 1693 2192 in
1737 2139 1850 2194 Deo
1891 2146 2105 2201 tenens,

523 2226 814 2282 llenricum
841 2227 1062 2282 fratrem
1093 2244 1246 2283 suum
1277 2231 1595 2298 potestativa
1623 2246 1784 2284 manu
1809 2231 1858 2284 in
1883 2248 2104 2302 regnum

521 2320 957 2384 contirmavit,et
979 2320 1097 2389 ipse
1116 2320 1168 2374 in
1189 2319 1480 2375 Saxoniam
1500 2322 1692 2386 victor,
1718 2323 1857 2377 sicut
1877 2315 2105 2386 solebat,

520 2411 923 2465 revertebatur.
977 2411 1326 2467 Venerandus
1373 2421 1552 2467 autem
1601 2413 1886 2482 episcopus
1939 2413 2106 2469 Udal-

520 2502 690 2566 ricus,
720 2517 842 2556 cum
872 2517 962 2556 rex
1001 2503 1069 2557 ab
1097 2503 1338 2573 Augusta
1370 2503 1692 2569 discederet,
1722 2505 1856 2559 abiit
1889 2507 1956 2560 ad
1989 2505 2106 2560 loca

521 2594 609 2646 ubi
641 2593 839 2647 bellum
869 2603 1148 2662 peractum
1183 2601 1290 2657 est,
1322 2610 1575 2664 quzcrens
1618 2597 1932 2666 prcedictum
1966 2597 2107 2652 Diet-

520 2682 740 2736 haldum
814 2683 1035 2737 fratrem
1093 2697 1254 2737 suum
1309 2692 1366 2738 et
1421 2684 1655 2738 nobilem
1716 2683 2106 2756 Reginboldum

519 2771 689 2825 ﬁlium
703 2774 908 2826 sororis
920 2788 1030 2827 sua:
1053 2772 1156 2842 (l7
1181 2771 1292 2843 ),et
1309 2773 1589 2828 inveniens
1608 2788 1701 2829 eos
1722 2776 1786 2829 ad
1809 2776 2104 2846 Augustam

524 2861 801 2932 perduxit,
829 2869 883 2915 et
912 2861 962 2914 in
991 2861 1280 2916 ecclesiam
1313 2860 1529 2917 Sancta:
1557 2862 1739 2918 Maria:
1767 2873 1894 2919 ante
1937 2865 2108 2920 altare

519 2961 723 3007 sancta:
753 2952 1064 3024 Walpurga:
1103 2953 1330 3024 virginis
1360 2953 1411 3007 in
1437 2955 1564 3009 sede
1605 2955 1764 3010 unius
1787 2956 1932 3026 tapbi
1959 2956 2106 3026 (48)

519 3047 712 3102 ambos
741 3047 970 3102 fideliter
1019 3049 1288 3119 sepelivit.
1324 3048 1418 3106 llis
1458 3051 1555 3115 ita,
1587 3050 1728 3106 sicut
1769 3051 2106 3121 praelibatum

517 3150 628 3206 est,
682 3140 940 3210 peractis,
985 3143 1296 3212 episcopus,
1345 3145 1590 3213 quamvis
1637 3144 1820 3200 multis
1864 3147 2106 3201 adversis

509 3223 781 3304 "fatigatus
813 3233 1024 3300 fuiSsel,
1055 3235 1195 3289 sicut
1223 3237 1426 3306 optime
1454 3239 1600 3291 omni
1642 3241 1881 3309 speranti
1913 3241 1964 3294 in
1999 3242 2108 3296 Deo
2135 3205 2180 3266 Ο

523 3324 703 3385 decet,
740 3324 895 3378 bona:
931 3325 1316 3380 consolationis
1343 3325 1594 3382 effectum
1640 3344 1946 3396 assumens,
1985 3346 2106 3384 cum

522 3415 637 3468 suis
677 3423 1011 3484 pertractare
1048 3417 1212 3486 co-pit
1254 3417 1488 3486 qualiter
1533 3418 1872 3474 imminentia
1911 3418 2108 3474 damna

521 3506 806 3576 aptissime
871 3523 1129 3577 superare
1183 3510 1468 3579 potuisset.
1523 3512 1580 3566 ln
1625 3511 1816 3582 primis
1875 3513 2110 3583 qualiter

515 3599 890 3669 depraedatam
962 3603 1442 3673 congregationem
1507 3605 1829 3662 clericorum
1891 3618 2106 3662 susten-

526 3699 690 3754 taret,
723 3691 790 3744 ad
833 3692 1162 3760 implendum
1192 3694 1554 3750 ministerium
1582 3697 1958 3766 quotidianmn
1995 3714 2108 3753 ser-

521 3783 640 3838 vitii
688 3785 782 3839 Dei
815 3786 868 3838 in
917 3785 1167 3851 ecclesia,
1210 3787 1417 3844 sciebat
1445 3790 1590 3844 enim
1632 3805 1725 3845 eos
1750 3791 1953 3846 cibaria
2001 3807 2106 3845 non

522 3875 743 3942 habere,
765 3887 826 3931 .et
868 3876 989 3932 ideo
1020 3893 1142 3933 cum
1188 3879 1274 3934 his
1305 3896 1446 3952 qum,
1477 3881 1592 3951 ipse
1631 3883 1712 3937 sic
1743 3882 2107 3952 depraedatus,

497 3963 721 4022 habere
749 3969 945 4037 potuit,
979 3979 1030 4024 et
1073 3985 1194 4039 qua:
1221 3986 1249 4024 a
1279 3971 1558 4027 benevolis
1582 3972 1795 4043 populis
1831 3975 1878 4028 ei
1925 3983 2108 4028 trans-

496 4057 690 4134 missa
716 4068 843 4114 sunt
871 4068 927 4116 et
954 4061 1158 4127 oblata,
1201 4063 1418 4118 assidue
1462 4064 1515 4117 in
1562 4079 1660 4118 sua
1700 4065 1986 4134 praesentia
2011 4080 2106 4118 eos

509 4152 816 4206 secundum
881 4168 1033 4206 suam
1107 4153 1416 4208 facultatem
1476 4157 1732 4210 mandere
1805 4167 1860 4212 et
1920 4157 2107 4212 bibere

515 4243 670 4306 fecit,
719 4253 772 4296 et
813 4244 1142 4298 omnimodis
1187 4245 1474 4316 adjutoriis
1498 4247 1782 4313 stabilivit,
1827 4263 1890 4302 eo
1934 4263 2107 4318 usque

514 4333 650 4383 dum
680 4345 747 4385 ex
775 4333 1082 4400 semetipsis
1129 4335 1548 4403 deprzedationis
1579 4337 1854 4391 miseriam
1904 4347 2107 4406 tempe-

520 4435 805 4486 raverunt,
865 4433 920 4477 et
967 4425 1081 4480 loca
1135 4442 1322 4482 eorum
1389 4443 1454 4482 cx
1516 4429 1709 4484 iterata
1770 4429 2107 4485 laboratione

2209 1969 2359 2005 aures
2388 1951 2500 2020 ejus
2547 1955 2599 2004 in
2625 1969 2802 2022 preces
2849 1969 3027 2006 eorum
3060 1951 3232 2023 (ρδαι.
3284 1952 3507 2015 xxxtn),
3560 1949 3801 2018 quadam

2211 2052 2366 2096 nocte
2399 2043 2450 2096 in
2476 2043 2589 2096 visu
2621 2043 2670 2097 ei
2702 2051 2888 2098 sancta
2931 2042 3058 2096 Afra
3092 2043 3362 2112 apparuit,
3400 2053 3453 2095 et
3480 2041 3660 2094 locum
3689 2039 3804 2093 col-

2211 2132 2500 2186 locationis
2525 2134 2770 2203 corporis
2807 2133 2945 2202 ejus,
2984 2135 3119 2188 sicut
3149 2135 3199 2186 in
3225 2133 3493 2202 scriptura
3527 2130 3798 2200 passionis

2209 2227 2326 2292 ejus
2353 2235 2435 2281 est
2480 2227 2763 2295 scriptmn,
2807 2227 2875 2282 ab
2920 2227 3162 2297 AuguSta
3195 2225 3415 2280 civitate
3460 2224 3513 2277 in
3560 2223 3800 2277 secundo

2211 2319 2464 2373 milliario
2491 2319 2541 2372 in
2571 2319 2799 2373 ecclesia
2843 2320 3185 2374 monstravit.
3217 2318 3476 2389 Cryptam
3530 2326 3711 2371 autem
3741 2316 3794 2369 in

2211 2409 2596 2476 praedestinato
2618 2409 2736 2463 loco
2765 2410 2879 2464 fieri
2916 2409 3211 2479 prohibuit.
3236 2416 3458 2477 propter
3481 2418 3796 2461 sanctorum

2213 2501 2490 2570 reliquias,
2523 2517 2643 2570 qua:
2668 2503 2719 2556 iu
2749 2502 2839 2556 illo
2870 2503 2988 2556 loco
3016 2502 3068 2555 in
3111 2503 3294 2572 requie
3317 2501 3460 2554 diem
3483 2509 3799 2570 exspectare

2211 2592 2642 2662 debentjudicii.
2679 2594 2791 2647 llac
2829 2592 3156 2648 revelatiOne
3208 2591 3502 2662 perdoctus
3533 2590 3661 2659 quid
3697 2591 3795 2644 sibi

2210 2695 2355 2740 esset
2378 2684 2709 2751 faciendmn,
2743 2702 2925 2740 muros
2959 2700 3026 2739 ex
3057 2685 3290 2739 maxima
3313 2696 3469 2754 parte
3495 2683 3564 2738 ab
3587 2682 3794 2752 ignibus

2211 2762 2631 2845 dcpositos'cum
2658 2791 2849 2845 magna
2889 2775 3231 2830 festinatione
3278 2774 3619 2828 retedilicare
3646 2772 3788 2835 fecit,

2211 2875 2263 2920 et
2290 2865 2457 2936 priori
2487 2865 2754 2920 altitudini
2789 2882 3095 2920 mensuram
3128 2866 3291 2920 unius
3340 2865 3508 2919 cubiti
3537 2878 3788 2934 supcrpo-

2211 2959 2362 3023 suit,
2413 2970 2710 3030 cryptaque
2765 2961 3080 3030 congruenti
3147 2957 3540 3012 occidentalem
3589 2967 3790 3025 partem

2209 3052 2454 3107 ecclesia:
2477 3054 2767 3111 decoravit.
2805 3068 2966 3120 super
3002 3051 3227 3106 :edilicia
3273 3051 3325 3104 in
3364 3066 3462 3104 sua
3513 3049 3794 3118 pruenti:

2211 3155 2369 3198 caute
2394 3154 2727 3207 ntensurata,
2751 3159 2961 3197 summo
2986 3142 3165 3198 studio
3194 3141 3432 3196 incidere
3457 3149 3513 3194 et
3536 3140 3796 3194 adducere

2212 3236 2486 3305 praecepit,
2521 3246 2574 3289 et
2606 3250 2710 3289 non
2759 3233 2990 3288 tardavit
3015 3233 3184 3286 donec
3214 3230 3540 3284 imbricibus
3577 3245 3696 3283 eam
3734 3243 3794 3280 ex

2212 3340 2326 3385 toto
2354 3328 2653 3399 coeperuit,
2681 3336 2736 3382 et
2767 3328 2996 3381 interius
3030 3325 3198 3380 tndem
3231 3323 3481 3377 ecclesiae
3510 3321 3800 3390 laqueariis

2210 3420 2449 3485 vestivit,
2485 3429 2540 3473 et
2569 3419 2744 3473 lucida
2789 3420 2999 3488 pictura
3041 3415 3334 3478 decoravit,
3376 3424 3432 3468 et
3477 3422 3794 3467 ornamenta

2209 3513 2478 3576 ecclesiae,
2514 3527 2633 3582 quae
2656 3521 2874 3580 propter
2898 3508 3158 3563 barbaros
3184 3507 3235 3560 in
3266 3506 3548 3559 civitatem
3584 3504 3798 3558 fuerant

2209 3604 2519 3673 deportata,
2567 3613 2623 3656 ct
2666 3602 2720 3656 in
2769 3601 2980 3656 matrici
3023 3597 3252 3654 ecclesia
3299 3605 3542 3660 servata,
3588 3593 3797 3649 restitui

2209 3696 2356 3750 fecit.

2281 3787 2418 3841 XIV.
2453 3787 2623 3854 Quam
2665 3786 2720 3840 in
2752 3800 2941 3854 magna
2967 3781 3345 3839 observatione
3383 3779 3479 3834 Dei
3529 3778 3621 3833 ille
3649 3777 3798 3833 locus

2207 3877 2489 3932 orientalis
2511 3877 2681 3946 partis
2719 3875 2963 3930 ecclesia:
3009 3889 3222 3943 semper
3261 3878 3478 3926 maneat
3532 3869 3704 3923 certis
3730 3869 3796 3923 sit

2209 3968 2426 4022 iudiciis
2460 3967 2887 4029 manifestatum,
2926 3965 3016 4020 hic
3047 3964 3179 4018 tnibi
3227 3976 3529 4030 congruum
3588 3961 3801 4014 videtur

2208 4058 2504 4112 innectere.
2553 4057 2783 4124 Quidam
2828 4056 3148 4112 hortulanus
3197 4052 3417 4108 nomine
3467 4049 3801 4120 Adelpohlos

2208 4149 2278 4203 ibi
2305 4148 2693 4202 deambulanlo
2733 4147 2874 4201 inter
2923 4146 3166 4218 gramina
3225 4142 3539 4213 speluncam
3575 4141 3800 4201 invenit,

2207 4243 2259 4296 io
2291 4257 2453 4311 quant
2483 4241 2690 4296 intrans
2719 4241 3010 4294 formosam
3043 4237 3326 4294 mdiculam
3377 4234 3481 4290 sub
3507 4244 3656 4288 terra
3691 4249 3796 4286 mu-

2208 4345 2378 4386 ratain
2416 4333 2714 4402 composit,
2761 4341 2817 4386 et
2850 4333 3070 4386 veniens
3098 4328 3364 4383 nuntiavit
3407 4327 3688 4396 episeopo.
3720 4325 3795 4376 di-

2206 4442 2361 4479 cens:
2385 4444 2404 4476 (
2433 4424 2489 4479 ιιι
2519 4425 2620 4479 hoc
2644 4423 2762 4478 loco
2785 4438 3006 4492 possum
3027 4423 3176 4477 olera
3204 4436 3320 4474 mea
3347 4417 3523 4473 etalia
3548 4431 3801 4471 necessr

519 4516 938 4572 sustentatiouis
971 4517 1273 4573 subsidium
1297 4521 1631 4588 attulerunt;
1664 4539 1758 4576 sua
1783 4533 1962 4578 autem
1986 4522 2102 4577 loca
2134 4549 2183 4608 ι)
2214 4519 2288 4571 t‘izt
2307 4533 2584 4588 reponere.
2609 4537 2626 4568 ι
2649 4517 2744 4571 Cui
2765 4517 2852 4570 ille
2872 4515 3148 4586 ι’θεροηάἰι
3170 4511 3797 4577 ἀειιυηῑίειηίίονάῖοθηεῖ

519 4607 738 4676 ignibus
764 4617 955 4663 exusta
997 4618 1050 4664 et
1085 4613 1416 4682 consumptis
1439 4611 1683 4684 frugibus
1723 4615 1775 4668 in
1811 4614 2103 4669 desolatio-

519 4713 645 4754 nem
677 4699 911 4764 redaeta,
938 4701 1196 4757 studiosis
1225 4702 1498 4757 laboribus
1526 4703 1576 4756 in
1603 4703 1746 4773 agris
1779 4712 1833 4756 et
1863 4703 2108 4758 zedilieiis

519 4808 787 4848 renovare
808 4793 1086 4862 prateepit,
1118 4795 1411 4847 strenuitas
1434 4804 1614 4848 autem
1645 4795 1858 4848 familia:
1872 4794 2105 4863 jnssioni

511 4885 638 4953 ejus
670 4882 931 4953 parendo,
982 4885 1061 4937 Sic
1114 4883 1422 4948 inchoabat,
1468 4893 1524 4938 et
1577 4899 1816 4952 congruo
1867 4893 2106 4953 tempore

520 4974 773 5029 utilitatis
803 4989 925 5039 usu,
951 4987 1211 5044 quantum
1237 4975 1564 5045 possibilitas
1593 4975 1908 5040 sulliciebat,
1945 4977 2102 5030 resti-

515 5066 622 5092 ...ἕο
865 5066 876 5078 ,
1517 5067 1526 5078 δ
2057 5067 2068 5080 .

804 5079 968 5094 Λοιηιιι
1008 5077 1186 5094 nultum
1218 5066 1434 5096 Qunnlm
1464 5069 1597 5098 Ala“
1657 5081 1777 5098 nII-n
1808 5083 1833 5098 η
1877 5083 2068 5098 ιιηηειηι

1657 5081 1777 5098 nII-n
1808 5083 1833 5098 ιι
1877 5083 2100 5100 ιὶδηεισὶιο

2215 4629 2231 4658 ‹
2257 4609 2312 4662 Si
2345 4609 2446 4662 hoc
2463 4607 2614 4672 facis,
2641 4616 2925 4662 sensumet
2952 4607 3266 4676 sospitatem
3286 4606 3659 4658 membrorum
3687 4611 3799 4653 tuo-

2211 4717 2328 4753 rum
2363 4710 2414 4753 te
2443 4699 2664 4768 perdere
2686 4699 2908 4753 dubium
2941 4707 3169 4753 nonest.
3203 4716 3222 4750 ι
3260 4695 3599 4750 llortulanus
3619 4701 3793 4747 autem

2211 4791 2392 4846 verbis
2413 4791 2646 4860 episcopi
2678 4806 2784 4844 non
2814 4791 3066 4855 credens,
3108 4790 3228 4845 sine
3261 4787 3377 4856 ejus
3409 4787 3630 4842 licentia
3666 4798 3796 4854 pra:-

2209 4886 2349 4937 l‘atas
2376 4898 2462 4938 res
2491 4883 2543 4937 in
2574 4883 2818 4937 eamdem
2872 4882 3180 4954 speluncam
3225 4894 3563 4951 congregare
3592 4877 3788 4964 capit:

2210 4973 2310 5027 hoc
2335 4973 2584 5027 faciendo
2633 4987 2854 5027 sensum
2887 4989 3007 5027 cum
3055 4973 3240 5026 auditu
3287 4981 3342 5026 et
3384 4971 3503 5024 visu
3538 4967 3785 5040 perdidit.

2212 5065 2320 5100 'lnn
2353 5075 2531 5100 σιηοιηιι
2582 5082 2704 5100 ηιηη
2736 5068 2991 5100 υηῖοηηηη
3037 5067 3341 5100 ιηιηιῖαιίιηιὶ
3394 5063 3580 5100 fuich
3639 5059 3784 5100 ἰηᾶςὶι
