3972 5428
1747 230 1927 305 Vtra.

194 344 583 421 indulgentiam
612 352 659 407 ei
692 368 812 410 cum
842 346 1217 418 benedictione
1246 350 1473 433 donans,
1501 370 1607 425 Deo
1636 389 1765 428 cou-

192 445 442 506 tedente,
476 445 691 499 sanitati
726 450 975 506 restituit.
1009 452 1251 511 Mirabile
1272 458 1446 514 dictu!
1475 461 1563 518 ille
1584 463 1770 519 hortu-

194 535 356 590 'anus
383 547 568 607 postea
617 541 760 596 illam
786 546 1097 613 speluncam
1141 552 1286 608 nullo
1332 556 1489 611 modo
1530 559 1772 617 invenire

188 629 391 692 potuit.
424 629 611 686 Postea
635 645 813 691 autem
838 640 1122 711 episcopus
1149 645 1556 714 pollinctoribus
1583 668 1770 708 accer-

184 718 345 782 cizis,
379 720 430 774 iu
466 724 687 778 australi
718 737 869 793 parte
895 732 1181 788 exterioris
1224 738 1358 790 muri
1401 740 1641 796 ecclesi:e
1680 760 1769 798 se-

189 807 444 872 pulcrum
490 814 590 868 sibi
635 814 816 872 fodere
855 829 907 872 et
954 825 1194 880 exterius
1243 810 1397 881 muro
1445 831 1685 901 cingere.
1717 846 1774 891 et

189 910 454 969 perrupto
498 920 651 959 nmro
699 909 939 967 ecclesiae
986 929 1171 970 arcum
1226 930 1494 976 moratum
1544 925 1773 996 desuper

189 1003 427 1044 curvare
475 996 749 1064 praecepit,
795 1007 851 1053 et
905 1015 1084 1057 arcam
1115 1014 1294 1073 aptam
1347 1025 1670 1081 componere
1706 1017 1772 1070 ad

188 1081 614 1147 cooperieudum
641 1102 837 1155 corpus
875 1091 927 1144 in
980 1095 1248 1163 sepulcro,
1281 1109 1336 1153 et
1376 1092 1594 1171 insuper
1621 1105 1774 1159 tabu-

188 1167 362 1223 latutu
414 1172 669 1239 densum,
725 1178 881 1249 longo
918 1193 1157 1251 tempore
1212 1167 1574 1260 imputribile,
1612 1207 1769 1253 cauta

188 1257 575 1323 conjunctione
602 1265 838 1321 vinctum
869 1276 1158 1343 superponi
1192 1257 1456 1335 decrevit.
1509 1284 1602 1338 llis
1636 1303 1772 1354 pra:-

187 1351 569 1413 parationibus
642 1360 1021 1427 exsequiarum
1109 1382 1330 1425 suarum
1424 1351 1768 1445 perpetratis.

189 1442 340 1495 omni
372 1442 701 1503 hebdomada
738 1453 934 1510 dehinc
981 1456 1155 1526 ipsum
1207 1460 1381 1518 locum
1431 1466 1518 1521 die
1550 1469 1770 1525 Veneris

188 1531 436 1621 visitare,
493 1546 546 1590 et
601 1539 672 1593 ibi
707 1542 908 1600 hostias
963 1547 1239 1605 immolare
1285 1566 1575 1610 consuetus
1629 1562 1767 1623 erat,

191 1619 235 1672 si
271 1614 582 1693 alfa'aliqua
612 1628 659 1681 ei
685 1635 968 1700 occupatio
1006 1634 1085 1690 vel
1127 1638 1370 1696 absentia
1419 1645 1765 1714 impedimen-

3311 275 3452 334 1058

1791 382 1839 437 Α
1872 375 1963 429 His
1985 377 2160 433 verbis
2189 382 2417 450 expletis
2442 385 2726 457 episcopus
2755 391 3033 454 remeavit,
3057 398 3113 447 el
3141 403 3439 465 antequam

1870 466 2062 521 iterum
2086 472 2329 527 eamdem
2352 474 2542 531 cellam
2587 480 2912 548 revisitaret,
2948 483 3291 542 Eberhardus
3323 487 3390 542 fel
3427 517 3443 528 -
3526 486 3539 537 ἕ

1868 555 2007 610 citer
2030 557 2281 626 migravit
2310 577 2340 616 a
2367 564 2580 621 saeculo.
2616 586 2617 589 η
3530 562 3531 565 Ἴ

1944 644 2054 700 XV.
2101 647 2390 720 Hegionem
2436 669 2650 725 quoque
2705 658 3135 731 Burgundiorum
3197 676 3440 738 tempore

1871 737 1978 788 alio
2010 737 2164 804 adiit,
2210 752 2264 794 et
2308 743 2374 796 ad
2412 747 2812 813 Agaunensium
2867 754 3038 806 locum
3090 757 3176 809 ubi
3223 769 3442 812 sanctus

1872 825 2151 881 Mam-ilius
2185 846 2305 883 cum
2336 833 2448 886 suis
2478 836 2804 903 Sz'qttacilnts
2843 852 3059 910 prepter
3109 859 3301 900 nomen
3337 848 3444 902 Do-

1871 916 2000 967 mini
2029 920 2342 987 martyrium
2379 924 2632 991 sumpsit,
2663 941 2870 995 magna:
2912 929 3227 995 humilitatis
3261 938 3441 989 stutliu

1872 1009 2125 1063 visitavit.
2175 1013 2273 1076 Qui
2292 1021 2491 1067 anteaa
2514 1032 2638 1084 rege
2666 1017 3099 1089 Burgundionum
3127 1027 3438 1093 promissio-

1871 1113 1992 1150 netu
2019 1102 2243 1167 accepit,
2279 1113 2337 1154 ut
2368 1119 2530 1156 unum
2555 1105 2621 1159 de
2644 1108 2848 1162 sanctis
2880 1112 3206 1182 martyribus
3232 1131 3299 1168 ex
3326 1114 3442 1183 ejus

1869 1187 2086 1240 datione
2115 1198 2167 1243 et
2199 1189 2467 1256 adjutorio
2492 1193 2614 1247 inde
2657 1196 2724 1248 ad
2754 1198 3053 1267 Augustam
3087 1202 3289 1258 referre
3330 1221 3444 1262 me-

1872 1289 2106 1329 reretur.
2145 1278 2210 1331 Et
2258 1296 2381 1333 eum
2424 1282 2550 1337 illuc
2596 1284 2682 1339 die
2712 1286 2930 1343 Sabbati
2971 1293 3297 1357 perveniret,
3332 1311 3445 1350 mo-

1871 1369 2163 1421 nasterium
2200 1370 2410 1424 noviter
2439 1389 2469 1426 a
2504 1372 2822 1430 Sarracenis
2852 1389 3101 1434 exustum
3133 1382 3359 1449 invenit,
3388 1398 3446 1441 et

1872 1455 2074 1509 nullum
2123 1458 2190 1511 de
2218 1461 2613 1518 habitatoribus
2654 1465 2726 1518 ibi
2781 1471 3094 1537 conspexit,
3134 1472 3236 1526 nisi
3276 1490 3445 1531 unum

1869 1547 1999 1600 mdis
2021 1548 2227 1603 a:dilem
2278 1549 2373 1621 [aL
2404 1553 2648 1626 senilem]
2688 1558 3027 1613 combustum
3057 1564 3444 1621 monasterium

1872 1637 2291 1693 custodientem.
2342 1640 2587 1711 Cumque
2627 1644 2714 1699 ille
2756 1662 2966 1700 sacram
3015 1661 3228 1704 noctem
3261 1652 3312 1705 in
3346 1653 3443 1707 Dei

188 1718 306 1762 tum
339 1728 446 1767 non
486 1715 629 1771 fecit.
675 1720 876 1777 Interea
911 1741 1037 1781 νει-ο
1081 1729 1173 1783 θεῖ
1224 1732 1456 1791 donante
1480 1738 1766 1797 cjcmcngia
1801 1723 1843 1780 Β
1873 1724 2121 1782 laudibus
2154 1729 2223 1782 ibi
2254 1740 2619 1798 permaneret,
2650 1743 2706 1788 et
2754 1752 2909 1791 mane
2935 1752 3057 1791 cum
3103 1741 3285 1794 radius
3313 1742 3444 1796 solis

190 1803 327 1860 istas
355 1808 604 1877 regiones
631 1817 916 1871 concordia
956 1822 1103 1887 pacis
1152 1823 1470 1894 illustrabat,
1519 1842 1572 1886 et
1600 1834 1767 1891 bene-

189 1895 347 1951 volas
374 1910 580 1957 mentes
604 1906 759 1960 turba
793 1913 1221 1979 persecutionum
1248 1932 1276 1970 a
1310 1918 1402 1974 Dei
1420 1923 1640 1977 servitio
1662 1941 1767 1980 non

190 1987 540 2056 prohibebat,
576 1993 696 2049 ideo
736 1997 849 2066 ipse
901 2000 1124 2058 Romam
1168 2019 1389 2077 pergere
1415 2011 1678 2079 decrevit,
1713 2027 1770 2071 et

191 2073 322 2131 illuc
353 2076 585 2137 feliciter
606 2088 869 2154 pervenit,
902 2073 1195 2163 liminaque
1241 2073 1519 2156 beatorum
1551 2117 1767 2175 aposto-

192 2160 376 2220 lorum
425 2166 568 2225 Petri
619 2182 674 2228 et
734 2174 884 2232 Pauli
940 2160 1246 2240 devotionis
1284 2190 1462 2244 studio
1496 2160 1771 2252 humiliter

190 2255 458 2325 visitavit,
484 2262 665 2334 ibique
690 2269 940 2337 precibus
973 2276 1226 2344 profusis,
1274 2281 1768 2357 eleemosynarum-

189 2365 301 2420 que
360 2353 607 2426 largitate
651 2365 977 2434 pauperibus
1021 2368 1350 2441 dispensata,
1405 2378 1474 2432 ab
1509 2353 1771 2438 vAlberico

191 2443 441 2516 principe
466 2448 833 2510 Romanorum
869 2456 1169 2519 honorifice
1192 2476 1473 2535 susceptus
1522 2480 1628 2533 est.
1666 2468 1768 2527 fre-

190 2536 493 2606 quentique
520 2544 819 2601 ministerio
846 2559 900 2604 et
924 2543 1194 2610 oblatione
1223 2558 1544 2625 cumulatus,
1570 2560 1773 2631 aliquot

194 2624 315 2682 dies
358 2627 427 2683 ibi
450 2633 782 2696 perduravit.
832 2638 1071 2711 Cumque
1114 2644 1184 2699 ibi
1228 2649 1488 2702 morando
1519 2648 1773 2721 reliquias

192 2728 510 2777 sanctorum
552 2739 612 2780 se
665 2727 802 2783 velle
842 2747 1157 2802 comparare
1199 2736 1514 2802 iudicasset,
1551 2742 1770 2811 quidam

194 2808 430 2867 clericus
455 2814 523 2868 ad
550 2829 672 2872 eum
719 2821 962 2888 veniens,
999 2827 1250 2894 perduxit
1296 2837 1419 2883 eum
1464 2830 1517 2885 in
1559 2832 1773 2888 silentio

196 2905 373 2959 noctis
400 2906 488 2960 ubi
514 2914 865 2977 caputsancti
900 2915 1109 2971 Abnndi
1150 2922 1403 2992 martyris
1440 2922 1491 2977 in
1537 2926 1770 2993 quadam

195 2993 428 3049 ecclesia
446 2996 601 3052 altari
631 3000 888 3057 inclusum
918 3005 1257 3074 servabatur,
1283 3008 1437 3078 cujus
1463 3014 1769 3081 passionem

1877 1818 2111 1888 primum
2151 1820 2417 1876 latitttdiui
2451 1832 2610 1879 teme
2650 1825 2822 1882 lucem
2862 1828 3186 1887 diil‘nnderet
3220 1834 3441 1889 missam

1869 1911 1937 1964 de
1977 1909 2175 1965 Sancta
2214 1911 2479 1970 Trinitate
2516 1916 2843 1984 celebravit;
2897 1934 2999 1988 qua
3044 1922 3275 1992 expleta,
3317 1939 3443 1979 cum

1869 1999 2094 2054 alteram
2122 2002 2305 2056 statim
2343 2006 2675 2061 venerationi
2706 2008 2808 2062 diei
2848 2011 3107 2067 Dominici
3139 2027 3445 2082 congruen-

1870 2098 1978 2144 tem
2002 2092 2278 2147 celebrare
2303 2096 2574 2165 cmpisset,
2599 2097 2878 2153 duodecim
2905 2100 3087 2156 clerici
3112 2117 3233 2156 cum
3265 2102 3445 2165 multi-

1873 2181 2055 2235 tudine
2085 2182 2265 2251 populi
2296 2184 2643 2241 advenientes
2693 2189 2976 2245 ministerii
3004 2194 3085 2247 sui
3121 2192 3446 2251 celebratio—

1871 2287 1993 2326 neut
2048 2273 2329 2329 audientes
2369 2278 2738 2344 perstiterunt.
2783 2281 2901 2346 Quo
2947 2294 3190 2352 peracto,
3222 2298 3446 2342 sanctus

1873 2361 2155 2431 episcopus
2204 2364 2422 2419 eosdem
2481 2366 2675 2423 fratres
2715 2369 2992 2437 salutavit,
3032 2384 3089 2428 et
3129 2376 3446 2433 muneribus

1874 2451 2180 2517 honoravit,
2229 2463 2284 2508 et
2329 2456 2398 2510 oh
2427 2472 2586 2525 quam
2623 2474 2731 2514 rem
2775 2461 2903 2517 illuc
2931 2463 3207 2521 deveniret
3257 2477 3446 2523 notum

1873 2539 2020 2594 fecit.
2052 2540 2152 2607 Qui
2182 2542 2468 2598 hilaritatis
2511 2544 2626 2613 ejus
2670 2548 3009 2604 dulcedinem
3059 2562 3115 2607 et
3141 2556 3447 2611 sanctitatis

1874 2631 2187 2701 religionem
2246 2640 2660 2701 persentLeutes,
2703 2654 2768 2691 ne
2821 2640 3122 2697 delectabili
3175 2643 3447 2700 desiderio

1876 2721 2116 2789 privatus
2169 2721 2375 2786 abiret,
2449 2739 2632 2794 aperta
2698 2728 3070 2786 collocationis
3132 2744 3443 2789 sanctorum

1875 2809 2129 2878 spelunca
2162 2812 2214 2865 in
2230 2813 2447 2882 sc0pulo
2472 2815 2677 2881 exciso,
2700 2818 2928 2886 plurima
2953 2829 3108 2889 parte
3131 2831 3441 2877 sanctarum

1876 2901 2227 2972 reliquiarum
2252 2905 2507 2961 donatum
2530 2907 2955 2965 lietilicaverunt.
2978 2912 3110 2967 Cum
3133 2928 3261 2969 vero
3287 2928 3444 2985 opta-

1877 2991 2209 3047 bitiliccutia
2242 2995 2560 3051 clericorum
2609 3009 2663 3053 et
2711 3002 3081 3056 amantissima
3128 3004 3445 3061 dimissione

195 3081 244 3133 εί
294 3086 606 3153 Ostende“,
632 3098 864 3162 “mpm
913 3106 1263 3164 pmsemans’
1311 3075 1651 3160 εἰπώηθηιο
1681 3104 1771 3159 ηε.-
1799 3075 1842 3134 C
1875 3081 2054 3151 populi
2110 3082 2233 3138 inde
2278 3084 2496 3149 rediret,
2529 3085 2895 3145 Constantiam
2956 3091 3225 3145 civitatem
3277 3108 3443 3149 causa

200 3171 447 3228 unitatem
476 3175 600 3232 fecit
631 3194 791 3250 super
814 3183 1087 3253 reliquias,
1116 3204 1251 3257 quas
1276 3190 1559 3260 episcopus
1587 3207 1770 3249 secum

198 3265 478 3330 attulerat,
503 3267 740 3334 ejusdem
771 3272 985 3329 Abundi
1032 3287 1194 3345 caput
1249 3292 1369 3336 esse
1399 3282 1553 3351 cujus
1593 3284 1772 3351 passio

199 3357 619 3421 prmseutialiter
639 3360 738 3416 fuit
777 3365 1034 3434 perlecta.
1077 3367 1211 3423 Cum
1257 3380 1435 3425 autem
1470 3387 1776 3428 sacramen-

139 3433 142 3436 ’
200 3459 315 3501 tum
332 3461 603 3517 peractum
620 3455 1169 3528 audissetepiscopus,
1193 3462 1445 3530 placitam
1467 3464 1772 3518 mercedem

198 3539 401 3592 clerico
434 3542 670 3608 donavit,
716 3556 981 3617 caputque
1018 3551 1187 3604 sancti
1228 3552 1437 3606 Abundi
1482 3553 1772 3622 accipiens,

202 3624 273 3679 ad
305 3626 597 3697 Augustam
630 3648 810 3687 secum
856 3640 1168 3705 reportavit.
1201 3638 1382 3708 ibique
1432 3641 1499 3694 ad
1528 3642 1774 3696 consola-

141 3727 144 3730 '
200 3717 408 3773 tionem
425 3722 710 3777 multorum
735 3724 963 3794 gloriose
987 3725 1223 3782 inclusit.
1250 3728 1631 3786 Monasterium
1648 3746 1775 3787 vero

204 3809 394 3864 Sancti
425 3810 559 3868 Galli
586 3814 673 3869 ubi
699 3814 786 3872 ille
810 3817 1064 3873 scientias
1092 3820 1391 3876 litterarum
1414 3821 1597 3877 fuerat
1649 3839 1773 3897 per:

205 3901 400 3958 doctus
457 3904 670 3960 assidue
717 3907 969 3967 visitavit.
1021 3911 1199 3979 ibique
1257 3911 1366 3966 Deo
1424 3912 1775 3970 militantibus

205 4003 493 4058 cmnobitis
523 4005 825 4060 convivium
851 4007 992 4068 fecit.
1033 4018 1083 4063 et
1127 4002 1248 4063 inde
1276 4010 1344 4064 ad
1379 4010 1566 4065 cellam
1599 4013 1773 4067 sancti

205 4093 499 4165 Meginardi
538 4100 791 4168 perrexit,
844 4102 909 4155 ad
941 4102 1229 4158 videndum
1273 4119 1487 4158 servum
1520 4104 1611 4159 Dei
1641 4119 1772 4159 san-

204 4196 350 4241 ctum
399 4188 790 4258 Eberhardum,
837 4193 1057 4263 ejusque
1094 4196 1506 4251 necessitatibus
1564 4196 1775 4265 sibique

206 4278 462 4347 subjectis
484 4281 764 4336 monachis
805 4284 1225 4339 subveniendum
1258 4286 1309 4338 in
1364 4285 1773 4355 quibuscunque

206 4368 378 4437 potuit
407 4385 593 4425 eorum
634 4387 956 4441 cognoscere
1004 4374 1347 4429 voluntatem.
1402 4372 1598 4429 Ultima
1643 4389 1773 4429 vero
1802 4408 1851 4466 Β

205 4460 346 4523 vice,
361 4460 671 4516 Eberhardo
687 4462 917 4524 vivente.
935 4481 1055 4518 cum
1078 4464 1200 4519 inde
1215 4465 1466 4520 recedere
1477 4465 1770 4529 debuisset,

207 4552 418 4621 expleta
436 4552 1420 4618 uutltimodaeatuabilitatislocutione,
1445 4564 1772 4626 acceptoque

208 4656 328 4695 cum
370 4644 703 4701 orationibus
742 4644 794 4701 in
818 4648 1043 4701 ecclesia
1068 4647 1347 4717 permisso,
1371 4648 1434 4700 ad
1469 4643 1772 4700 vehiculum

207 4751 317 4790 sua:
343 4738 722 4805 reportationis
745 4745 1108 4807 egressusest;
1134 4752 1364 4806 cumque
1393 4746 1610 4806 paratus
1633 4746 1776 4791 esset

208 4826 274 4880 ad
288 4829 633 4897 pergendum,
648 4837 702 4881 et
723 4841 788 4881 eo
805 4828 890 4882 die
901 4840 1142 4882 sanetum
1159 4827 1524 4884 Eberhardnam
1545 4828 1777 4898 amplius

210 4913 392 4969 videre
417 4930 521 4969 non
543 4924 772 4985 putaret.
802 4918 978 4970 subito
1002 4924 1119 4985 post
1138 4931 1259 4970 eum
1288 4917 1442 4984 quasi
1467 4915 1773 4971 festinando

213 5005 481 5067 veniebat,
510 5016 564 5060 et
593 5004 778 5061 oscula
810 5006 1089 5060 charitatis
1114 5007 1336 5070 iterans,
1363 5022 1483 5061 cum
1509 5000 1775 5062 ﬂebilibus

212 5093 379 5147 oculis
404 5095 580 5148 aiebat
610 5111 621 5146 :
654 5111 672 5143 ι
696 5092 776 5147 Ex
815 5094 915 5149 hac
946 5096 1074 5149 hora
1103 5093 1239 5148 ultra
1277 5112 1361 5149 ute
1404 5112 1509 5149 non
1546 5095 1774 5160 videbis,

215 5176 382 5235 donec
424 5176 655 5253 exempti
714 5184 1029 5252 corporibus
1095 5182 1148 5236 in
1204 5186 1486 5252 praesentia
1547 5185 1635 5240 Dei
1679 5201 1777 5240 nos

215 5268 393 5325 videre
417 5254 758 5327 merebimur.
780 5290 799 5323 ι
828 5271 991 5343 Cujus
1013 5269 1193 5326 verbis
1220 5276 1549 5343 respondens
1572 5275 1780 5343 episco-

220 5372 319 5426 pus
348 5360 519 5414 dixit:
561 5378 579 5410 ι
613 5359 932 5418 Dulcissime
959 5361 1141 5424 Pater,
1193 5376 1336 5416 nunc
1380 5363 1489 5417 scis
1518 5377 1602 5416 me
1632 5372 1780 5418 certe

1875 3177 2136 3232 orationis
2167 3179 2423 3245 visitavit,
2456 3190 2511 3235 et
2541 3181 2664 3237 inde
2702 3183 2769 3236 ad
2815 3184 3040 3254 Augiam
3077 3184 3306 3241 insulam
3354 3202 3445 3242 ve‘

1877 3267 1976 3334 nit,
2003 3275 2057 3320 et
2101 3268 2168 3321 ab
2195 3266 2453 3324 Aleuvico
2482 3270 2677 3325 abbate
2714 3273 3038 3330 charitative
3083 3285 3366 3347 susceptus
3387 3290 3447 3357 et

1873 3360 2198 3414 omnimodis
2217 3361 2514 3415 commodis
2551 3362 2689 3417 bene
2723 3376 3044 3431 procuratus
3065 3376 3167 3422 est.
3198 3367 3445 3438 Cumque

1877 3449 2092 3502 amabili
2125 3449 2393 3519 colloquio
2433 3451 2573 3507 inter
2610 3467 2669 3507 se
2706 3455 3216 3522 sermocinarentur,
3260 3462 3444 3513 omnia

1876 3554 1995 3607 qua:
2018 3540 2066 3592 ei
2093 3540 2144 3592 in
2173 3539 2368 3595 itinere
2398 3542 2713 3596 acciderunt
2740 3551 2864 3596 nota
2890 3544 3035 3598 fecit.
3062 3544 3445 3600 Benevoleutia

1877 3639 2058 3682 autem
2082 3627 2311 3693 abbatis,
2337 3643 2458 3683 cum
2487 3631 2702 3685 audiret
2737 3648 2859 3686 eum
2901 3649 2997 3702 pro
3023 3648 3205 3689 amore
3230 3643 3448 3690 sancta-

1877 3734 1994 3773 rum
2021 3718 2396 3788 exsequiarum
2423 3720 2597 3785 exire,
2629 3720 2897 3776 desiderio
2935 3721 3051 3790 ejus
3076 3722 3441 3792 satisfaciens,
3470 3796 3477 3801 _

1876 3826 1981 3866 non
2015 3811 2277 3865 modicam
2315 3819 2520 3879 partem
2549 3813 2612 3866 de
2639 3828 2867 3883 corpore
2909 3816 3082 3870 sancti
3129 3816 3363 3873 Mauritii
3388 3827 3447 3874 et

1876 3904 1945 3958 de
1969 3903 2195 3956 aliorum
2218 3902 2505 3957 multorum
2531 3907 2839 3958 sanctorum
2872 3904 3114 3976 reliquiis
3139 3906 3187 3961 ei
3212 3909 3444 3973 donans,

1878 3994 2056 4049 laetum
2105 3993 2255 4047 abire
2293 3994 2559 4062 permisit.
2600 3994 2853 4064 Augusta:
2899 4011 3027 4053 vero
3070 3998 3273 4054 civitati
3319 4016 3444 4055 cum

1876 4084 2352 4155 appropinquaret,
2379 4086 2669 4154 praemissis
2691 4088 2893 4143 nuntiis
2929 4089 3269 4145 demandavit
3300 4100 3354 4146 ut
3377 4093 3446 4146 ad

1875 4177 2115 4246 optivum
2155 4173 2271 4247 [pro
2309 4176 2642 4248 exoptatum]
2709 4178 2907 4233 donum
2946 4190 3256 4236 sanctarum
3320 4182 3447 4237 reli-

1878 4269 2146 4339 quiarum,
2196 4270 2338 4338 quod
2368 4283 2549 4323 secmn
2600 4269 2876 4336 attulerat,
2920 4273 3217 4329 honorilice
3255 4274 3443 4329 clerici

1876 4376 1996 4415 cum
2027 4359 2240 4431 populo,
2271 4369 2326 4414 et
2369 4376 2489 4414 cum
2520 4362 2773 4416 crucibus
2794 4372 2848 4416 et
2876 4364 3097 4418 incenso
3145 4364 3448 4434 pigmento-

1878 4463 1996 4502 rum
2026 4463 2273 4517 aquaque
2293 4450 2574 4503 benedicta
2599 4460 2973 4517 occurrerent,
3000 4462 3053 4507 et
3105 4455 3447 4522 suscipiende

1880 4540 2110 4610 gloriose
2139 4556 2260 4594 cum
2291 4541 2539 4595 laudibus
2580 4552 2634 4595 et
2666 4542 2909 4597 melodiis
2961 4544 3213 4612 congruis
3257 4550 3449 4614 perdo.-

1881 4642 2067 4686 c.‘rcut
2102 4632 2392 4686 honorilice
2439 4648 2559 4685 cum
2591 4631 2680 4685 illo
2718 4633 2767 4684 in
2817 4633 3097 4686 ecclesiam
3152 4633 3206 4686 in
3245 4636 3449 4689 honore

1882 4733 2083 4778 sanctae
2109 4723 2198 4777 Dei
2232 4724 2512 4793 genitricis
2563 4722 2742 4778 Mariae
2758 4732 3144 4778 consecratam.
3172 4724 3302 4779 Illuc
3323 4741 3445 4782 cum

1885 4815 2198 4885 perductum
2227 4824 2393 4878 esset,
2428 4816 2496 4870 ab
2542 4815 2795 4885 episcopo
2829 4824 2988 4872 caule
3023 4817 3340 4874 collocatum
3364 4830 3451 4873 est

1878 4906 1930 4959 in
1959 4920 2140 4960 arcam
2166 4919 2300 4959 auro
2337 4916 2391 4959 et
2412 4914 2636 4975 argento
2658 4915 2992 4977 conpertam,
3015 4906 3082 4959 ad
3112 4906 3324 4963 laudem
3353 4907 3449 4963 Dei

1877 4996 2283 5065 omnipotentis,
2313 5006 2367 5049 et
2398 4997 2448 5050 in
2477 4996 2738 5050 auxilium
2763 4996 2940 5067 populi
2999 4997 3363 5066 advenientis,
3396 4998 3451 5052 in
3534 5049 3538 5051 ,

1879 5089 2097 5142 nomine
2121 5086 2331 5140 Domini
2362 5087 2528 5140 nostri
2564 5084 2690 5141 .lesu
2719 5087 2940 5149 Christi,
2980 5084 3063 5138 cui
3093 5094 3187 5139 est
3210 5087 3382 5146 honor
3399 5099 3457 5143 et

1870 5178 2047 5250 gloria
2079 5191 2175 5245 per
2208 5177 2413 5231 inﬁnita
2443 5174 2637 5231 saecula
2681 5177 3019 5231 saeculorum.
3046 5174 3242 5231 Amen.

1884 5240 1909 5318 ῗ
1953 5240 2095 5324 XVII
2132 5267 2353 5324 Talibus
2401 5279 2453 5323 el
2499 5268 2586 5323 bis
2612 5268 2881 5322 similibus
2919 5261 3113 5319 studiis
3163 5279 3377 5338 semper
3404 5268 3459 5323 in
3516 5240 3565 5336 εἰ

1884 5362 1977 5416 Dei
2021 5357 2293 5415 voluntate
2339 5359 2602 5418 serviens,
2634 5355 2933 5412 decertavit
2983 5352 3218 5420 qualiter
3243 5359 3460 5426 episco-
