3972 5428
553 261 689 321 ιοεο

1585 262 1643 319 S.
1678 262 2001 322 UDALRlCl
2039 264 2439 325 AUGUSTANI
2477 263 2802 326 EPISCOPI.

3645 273 3756 333 ίοερ

561 381 865 445 laborabat,
890 387 944 434 et
969 378 1088 432 ideo
1105 376 1302 445 ubique
1325 374 1499 445 gratia
1524 373 1613 427 Dei
1641 382 1968 442 praeventus,
1992 371 2130 426 sicut
2157 371 2209 431 Α
2237 387 2339 428 non
2374 379 2653 447 potuisset,
2688 397 2847 446 nunc,
2884 382 2990 437 Deo
3021 380 3277 451 donante,
3300 400 3362 440 se
3404 386 3590 453 reﬁcit,
3617 401 3663 444 et
3685 409 3754 446 re.

560 474 612 529 in
644 469 875 527 Psalmis
926 467 1184 537 scriptum
1223 465 1492 519 invenitur
1523 481 1536 516 :
1588 461 1913 516 Voluntatem
1945 463 2130 516 timcn-

558 566 696 618 tium
754 578 809 616 re
841 560 1029 630 faciet,
1079 567 1127 612 et
1188 557 1600 626 deprecationem
1648 570 1827 608 eorum
1864 554 2127 618 exaudiet,

557 665 606 709 ct
661 653 833 710 salvos
881 651 1036 721 faciet
1088 666 1174 703 eos
1214 646 1387 720 (Paul.
1437 647 1655 717 cxuv);
1735 656 1789 700 et
1836 645 2129 701 secundum

557 743 877 815 ApOstolum
926 742 1191 796 dicentem
1252 757 1265 791 :
1336 738 1541 792 Scimus
1575 738 1833 808 quomodo
1863 738 2131 806 diligenti-

567 835 662 889 bus
734 834 899 887 Deum
968 832 1145 885 omnia
1200 839 1543 896 cooperantur
1594 829 1650 882 in
1719 828 1906 881 bonum
1942 867 1955 891 ,
2023 835 2131 882 etc.

569 925 746 996 (Rom.
791 923 930 989 vui).
973 920 1352 992 Multiplicibus
1390 920 1531 974 enim
1569 920 1658 974 Dei
1722 918 2134 986 magniﬁcentiis

579 1014 910 1077 l;0t'.0ra|tts,
974 1020 1029 1066 et
1091 1011 1245 1064 ﬁrma
1302 1009 1405 1062 ﬁde
1472 1007 1827 1071 confortatus,
1871 1007 2135 1061 desideria

570 1104 861 1159 voluntatis
916 1117 1027 1157 suae
1087 1101 1429 1172 percipiens,
1498 1099 1682 1155 multis
1755 1100 1808 1154 in
1870 1098 1982 1154 suis
2039 1114 2134 1152 ne-

571 1194 913 1249 cessitatibus
946 1191 1165 1261 profuit,
1188 1199 1241 1245 et
1271 1188 1641 1260 possibilitatis
1682 1204 1793 1243 sua:
1830 1189 2133 1257 potentiam

571 1296 832 1357 quantum
862 1284 1034 1355 potuit
1059 1282 1333 1337 humiliter
1358 1282 1571 1347 celavit,
1597 1281 1733 1351 'quia
1762 1280 1910 1335 multi
1938 1281 2025 1351 qui
2049 1295 2139 1335 ca-

574 1381 712 1436 duco
733 1377 921 1433 morbo
943 1374 1607 1439 vexabantur,sanctitatis
1632 1372 1746 1441 ejus
1770 1372 2141 1427 benedictione

573 1480 850 1540 percepta,
880 1466 1122 1535 sospitati
1154 1465 1599 1528 restituebantur,
1630 1464 1674 1517 si
1706 1479 1804 1533 pro
1826 1478 1932 1531 qua
1965 1478 2022 1518 re
2042 1463 2137 1516 be-

575 1557 932 1615 nedictionem
963 1555 1291 1626 expctix‘ere,
1323 1570 1427 1608 non
1472 1553 1800 1617 indicavere;
1830 1552 1917 1621 qui
1962 1560 2140 1606 autem

577 1647 916 1703 necessitatis
961 1659 1146 1700 eorum
1200 1641 1544 1699 aﬂlictionem
1594 1639 1877 1696 manifeste
1928 1639 2145 1693 nuutia-

575 1747 791 1804 verunt,
840 1734 1217 1792 benedictione
1265 1734 1563 1800 subtracta,
1616 1747 1778 1788 causa
1828 1730 2145 1786 humilitatis

577 1831 726 1886 abire
776 1828 1041 1900 permisit,
1075 1827 1296 1882 dicens:
1336 1826 1494 1897 «Ego
1539 1842 1644 1880 non
1693 1839 1811 1879 sum
1838 1823 2032 1893 dignus
2079 1821 2145 1877 de

578 1924 681 1977 hac
710 1920 1025 1974 irdirmitate
1051 1933 1148 1973 vos
1177 1931 1331 1986 posse
1366 1917 1613 1970 liberare.
1632 1934 1650 1967 ι

652 2010 1056 2083 Sanctiﬁcatum
1083 2023 1211 2062 vero
1240 2006 1414 2062 oleum
1444 2006 1494 2061 in
1532 2006 1618 2061 die
1648 2018 1815 2059 creua:
1842 2002 2054 2057 Domini
2078 2000 2147 2057 ab

578 2117 648 2159 eo
678 2110 788 2156 tam
818 2099 1035 2155 salubre
1063 2095 1308 2151 eﬂcctum
1337 2104 1439 2161 est,
1471 2103 1531 2149 ut
1565 2093 1714 2150 multi
1745 2094 1799 2148 in
1833 2092 2146 2148 inﬁrmitate

568 2190 759 2263 positi,
795 2189 862 2244 ab
890 2203 954 2244 eo
1000 2187 1143 2241 uncti
1174 2185 1424 2241 celeriter
1452 2184 1671 2239 sanitati
1703 2183 2139 2243 restituerentur;

580 2290 637 2337 et
671 2279 822 2335 mulli
863 2277 1142 2349 caliginem
1174 2275 1448 2331 oculorum
1475 2274 1755 2340 habentes,
1782 2282 1836 2329 et
1866 2272 2148 2343 praesentis

562 2370 800 2426 luminis
826 2384 884 2424 se
906 2369 958 2423 in
987 2369 1089 2423 hoc
1110 2368 1303 2421 smculo
1326 2382 1545 2421 munere
1559 2374 1806 2422 carentes
1826 2376 2144 2436 putavere,a

587 2471 730 2516 t'ctu
761 2457 918 2527 hujus
941 2458 1043 2513 olei
1076 2458 1365 2513 serenitate
1398 2455 1677 2511 oculorum
1706 2456 1897 2510 iterum
1928 2456 2004 2509 uti
2039 2468 2149 2509 me-

580 2559 824 2606 ruerunt.
859 2549 983 2604 llaec
1012 2563 1159 2611 vero,
1206 2547 1415 2602 neruine
1454 2547 1685 2612 dicente,
1731 2546 2147 2617 comperiebam,

582 2641 682 2695 sed
714 2639 945 2710 propriis
974 2638 1141 2693 oculis
1171 2639 1222 2691 iu
1258 2637 1670 2707 quamplurimis
1696 2646 1913 2706 peracta
1936 2636 2151 2705 conspi-

576 2731 813 2783 ciebam.
844 2730 919 2783 De
945 2727 1112 2796 ipsius
1144 2739 1321 2781 autem
1346 2726 1584 2797 episcopi
1613 2727 2148 2797 recuperatiouenon

576 2826 799 2890 oportet
845 2819 1075 2873 reticere
1138 2817 1258 2885 quia
1288 2857 1302 2880 ,
1354 2831 1474 2871 cum
1520 2817 1751 2886 quodam
1804 2826 2043 2884 tempore
2087 2818 2151 2872 de

582 2908 922 2964 monasterio
953 2909 1135 2963 Sancti
1166 2906 1300 2962 Galli
1335 2907 1511 2961 redire
1537 2908 1603 2961 ad
1632 2908 1923 2978 Angustam
1962 2910 2153 2965 civita-

578 3010 696 3055 tem
742 2999 1095 3062 decrevisset,
1133 2996 1519 3066 Campidonam
1551 2998 1794 3063 veniens,
1845 3009 1948 3053 tam
2001 3001 2148 3069 gravi

589 3089 907 3145 inﬁrmitate
962 3090 1210 3144 detentus
1268 3096 1351 3143 est
1405 3097 1463 3142 ut
1509 3104 1573 3143 ex
1619 3105 1677 3145 se
1720 3090 1836 3144 sine
1886 3090 2151 3160 adjutorio

578 3180 819 3235 raliorum
859 3177 1137 3235 ambulare
1184 3195 1287 3233 non
1337 3179 1618 3249 potuisset,
1659 3190 1713 3233 et
1750 3180 1925 3233 cibum
1970 3180 2035 3232 ad
2071 3196 2155 3233 re-

580 3271 922 3325 creationem
975 3270 1217 3339 corporis
1265 3284 1478 3323 sumere
1507 3269 1645 3323 vires
1676 3283 1780 3322 non
1827 3267 2152 3323 suﬁicerent.

596 3357 775 3412 Missis
828 3357 1030 3411 nuntiis
1084 3356 1331 3411 celeriter
1385 3356 1450 3409 ad
1508 3354 1799 3424 Angustam
1849 3356 2155 3421 civitatem,

570 3426 771 3509 toleum
807 3446 876 3501 ab
898 3460 963 3502 eo
999 3453 1373 3501 consecratum
1422 3444 1522 3499 sibi
1564 3445 1686 3499 inde
1723 3453 1997 3513 reportare
2024 3461 2159 3515 prte-

584 3540 759 3611 cepit,
788 3554 1019 3610 cumque
1046 3539 1099 3592 in
1125 3538 1305 3608 vigilia
1344 3536 1698 3591 Pentecosten
1739 3538 1943 3591 nuntiis
1984 3553 2161 3593 rever-

582 3630 832 3687 tentibus
860 3630 991 3685 hora
1021 3629 1123 3684 diei
1159 3644 1320 3690 noua,
1346 3643 1467 3681 cum
1491 3627 1665 3681 adhuc
1686 3627 2029 3698 congregatio
2053 3642 2161 3681 iuo-

584 3724 889 3779 nacborum
919 3721 1146 3777 solemni
1173 3718 1345 3775 cilicio
1376 3720 1552 3774 missa:
1578 3717 1931 3781 interfuisset,
1958 3728 2013 3773 et
2048 3719 2160 3787 ipse

544 3876 557 3889 θ
594 3815 741 3870 intra
767 3813 1071 3869 cubiculum
1098 3826 1309 3867 sacrum
1336 3809 1648 3883 mysterium
1676 3809 1915 3863 auditum
1945 3809 2163 3864 habuis-

595 3913 709 3967 set,
735 3903 911 3958 oleum
941 3903 989 3957 ei
1023 3910 1517 3972 repraesentaretur,
1540 3907 1758 3968 peracto
1776 3912 1933 3952 sacro
1963 3907 2162 3967 mystc-

600 3998 701 4061 rio,
733 3994 981 4050 monachi
1036 3994 1103 4047 ad
1129 4008 1251 4047 eum
1300 3990 1591 4047 introducti
1641 3999 1765 4044 sunt
1811 3988 2162 4059 praesentibus

595 4086 809 4141 clericis
836 4084 930 4153 qui
960 4098 1084 4139 eum
1106 4096 1171 4138 eo
1200 4081 1323 4137 illuc
1351 4081 1700 4146 devenerunt,
1729 4087 1781 4134 et
1810 4080 2043 4134 cantatis
2066 4091 2163 4148 pro

595 4176 712 4243 ejus
731 4175 1041 4230 inﬁrmitate
1058 4183 1261 4243 septem
1274 4172 1513 4242 psalmis,
1545 4172 1846 4241 letaniaque
1871 4171 2058 4225 devote
2072 4186 2163 4225 ex-

596 4267 759 4337 pleta,
790 4267 1077 4336 quemdam
1122 4273 1367 4319 sanetum
1414 4264 1732 4319 monachum
1762 4262 1958 4316 lliltiue
1985 4261 2162 4316 nomi-

596 4369 806 4420 natum,
845 4359 912 4411 ad
941 4356 1235 4411 claustrum
1264 4365 1593 4411 revertentes
1628 4354 1824 4407 fratres
1852 4352 1917 4406 ad
1961 4368 2163 4423 ungen-

601 4451 729 4502 dum
756 4462 878 4502 eum
908 4447 1027 4503 oleo
1067 4456 1256 4503 sancto
1302 4461 1423 4501 cum
1454 4445 1568 4498 suis
1598 4442 1806 4497 duobus
1835 4442 2165 4511 presbyteris

600 4540 940 4594 diutiserunt.
990 4538 1252 4594 Unctione
1281 4550 1407 4591 vero
1443 4542 1681 4604 peracta,
1725 4531 2019 4587 secundum
2066 4533 2166 4584 do-

601 4640 829 4686 ctrinam
866 4630 1050 4687 Jacobi
1074 4628 1297 4698 apostoli
1330 4645 1343 4681 :
1383 4625 1695 4693 Inﬁrmatur
1727 4624 1842 4693 quis
1884 4624 1938 4676 iu
1978 4622 2169 4677 vobis?

599 4720 813 4774 inducat
841 4719 1194 4788 presbyterum
1241 4712 1511 4777 Ecclesia,
1539 4720 1646 4766 etc.
1691 4710 1899 4772 (Iacob.
1927 4709 2005 4779 v),
2033 4709 2170 4764 dixit

603 4808 887 4877 episcopus
936 4807 1262 4877 praeposito:
1316 4821 1335 4853 ι
1364 4802 1488 4857 Istis
1515 4801 1827 4857 auctoribus
1870 4802 2005 4855 meis
2045 4813 2166 4853 cum

602 4901 814 4954 cameris
838 4899 973 4952 meis
1011 4895 1311 4957 comitibus,
1348 4893 1402 4946 in
1431 4908 1549 4947 mea
1575 4893 1690 4946 vice
1716 4890 1992 4946 servitium
2029 4904 2165 4943 con—

604 4996 864 5057 grncnt’er
890 4985 1165 5043 exhibete.
1201 4996 1322 5036 cum
1352 4981 1435 5035 his
1476 4980 1632 5035 bonis
1666 4994 1784 5049 qua:
1827 4977 1981 5032 nobis
2011 4976 2170 5031 hodie

1141 5072 1174 5082 ο-

2231 468 2388 522 ducta
2406 471 2636 527 sanitate
2661 483 2744 527 cst
2768 474 3098 529 melioratus.
3123 497 3138 521 ι
3159 474 3282 542 Qui,
3297 477 3483 532 audito
3503 478 3756 540 delectabili

2233 561 2440 626 nuntio,
2471 578 2660 618 omnes
2688 566 2844 619 simul
2888 568 3049 621 Deum
3079 568 3363 643 laudantes
3388 579 3443 625 et
3468 571 3573 626 Deo
3594 577 3758 641 gratias

2231 649 2509 714 dicentes,
2561 653 2760 708 hilares
2806 655 2979 710 eﬁ'ecti
3034 666 3178 711 sunt.
3255 657 3574 728 Vespcrtina
3615 674 3758 719 autem

2234 738 2363 791 hora
2412 740 2749 807 adveniente,
2802 753 2857 799 et
2905 745 3061 815 signo
3108 749 3464 816 vespertinali
3513 750 3563 804 in
3605 753 3763 820 primis

2233 833 2677 896 sonantc,statim
2706 837 2962 899 surrexit,
2991 846 3046 891 et
3072 836 3138 891 ad
3168 839 3463 895 ecclesiam
3490 843 3761 908 ambulavit,

2233 928 2289 973 et
2318 919 2387 974 ibi
2421 921 2473 975 in
2525 921 2615 976 Dei
2647 922 2895 978 laudibus
2937 925 3250 997 infatigatus
3287 932 3601 998 permansit,
3625 932 3761 990 donec

2239 1010 2623 1080 Vcspertinalis
2676 1013 2792 1069 laus
2836 1031 2867 1068 a
2924 1015 3180 1073 fratribus
3243 1020 3540 1074 secundum
3586 1037 3762 1078 cursum

2237 1100 2622 1154 iuonachorum
2676 1103 2878 1173 prolixe
2918 1107 3324 1175 perﬁciebatur,
3381 1118 3438 1163 et
3484 1120 3684 1180 postea.
3713 1115 3765 1168 de

2238 1191 2324 1244 die
2350 1190 2402 1244 in
2433 1192 2572 1246 diem
2601 1193 2957 1261 confortatus,
2988 1212 3055 1251 ex
3082 1197 3300 1268 integro
3322 1198 3562 1267 pristina:
3584 1202 3765 1254 sanitati

2239 1280 2348 1334 cito
2377 1281 2656 1337 restitutus
2685 1293 2789 1338 est.
2835 1283 2879 1340 Ο
2905 1302 3065 1355 quam
3095 1303 3288 1357 magna
3314 1286 3595 1343 multitudo
3624 1290 3766 1343 dulce-

2240 1375 2382 1429 dinis
2413 1377 2527 1441 Dei,
2560 1378 2649 1448 qui
2682 1375 2755 1429 illi
2788 1375 2888 1431 hoc
2928 1385 3073 1431 tanta
3109 1378 3396 1432 velocitate
3424 1378 3489 1431 ad
3518 1380 3765 1433 remedium

2242 1466 2529 1530 concessit,
2560 1466 2701 1535 quod
2733 1465 2821 1520 ille
2846 1465 2966 1519 aliis
2996 1464 3060 1519 ad
3090 1466 3424 1519 medicinam
3456 1475 3510 1519 et
3527 1467 3588 1521 ad
3627 1467 3767 1521 indqu

2243 1556 2478 1624 gentiam
2522 1566 2865 1625 peccatorum
2910 1557 3250 1624 praeparavit,
3303 1564 3361 1609 ut
3401 1571 3519 1609 cum
3562 1555 3664 1622 ejus
3692 1557 3768 1610 lida

2247 1644 2484 1715 perfecta
2508 1647 2717 1701 e:eteris
2746 1646 2990 1716 plurimis
3015 1646 3149 1701 ﬁdes
3171 1645 3609 1700 conﬁrmaretur!

2174 1710 2220 1771 Β
2248 1710 2261 1715 ”
2318 1734 2477 1791 XVII.
2517 1710 2759 1792 Tradere
2798 1736 2925 1791 huic
2960 1751 3175 1807 quoque
3217 1751 3308 1791 me
3356 1736 3514 1788 aliam
3558 1734 3769 1789 rationem

2246 1830 2298 1884 in
2325 1830 2427 1884 hoc
2455 1829 2574 1883 loco
2598 1838 2833 1899 oportet.
2891 1844 3053 1899 quam
3083 1827 3371 1898 Herewigo
3406 1827 3663 1896 capellano
3681 1825 3768 1891 ejus

2245 1919 2456 1975 dicente
2506 1919 2763 1988 comperi.
2804 1919 3044 1985 Quadam
3079 1918 3165 1972 die
3194 1933 3323 1972 cum
3375 1933 3472 1986 pro
3506 1916 3662 1984 aliqua
3693 1918 3767 1969 uti.

2247 2008 2412 2062 litatis
2440 2023 2600 2063 causa
2622 2022 2786 2077 super
2808 2007 3024 2062 [luvium
3041 2006 3325 2062 Vindicem
3350 2004 3472 2078 [al.,
3488 2006 3765 2066 Vindomen;

2246 2098 2347 2162 αι..
2364 2097 2685 2164 Vindonem,
2708 2098 2861 2169 vulgo
2877 2097 3125 2170 Wertcn]
3142 2099 3481 2154 nominatum
3504 2095 3767 2151 caballicare

2248 2190 2541 2255 debuisset,
2568 2199 2622 2243 et
2656 2191 2770 2260 ipse
2796 2190 2864 2245 ab
2896 2190 3079 2245 illuvie
3107 2191 3355 2246 elevatus
3398 2188 3600 2250 fuisset,
3625 2198 3671 2242 et
3701 2202 3768 2241 eo-

2248 2284 2407 2338 niites
2439 2282 2673 2353 episcopi
2720 2282 2957 2336 universi
2989 2282 3181 2336 vadum
3230 2280 3570 2335 rectitudinis
3604 2279 3765 2331 devita;

2249 2384 2393 2437 rcnt,
2425 2380 2481 2427 et
2518 2371 2621 2426 alia
2666 2371 2799 2424 vada
2847 2371 3055 2441 aptiora
3088 2379 3418 2440 qureret-ent,
3447 2378 3500 2422 et
3541 2367 3659 2420 idem
3684 2367 3767 2434 ipse

2249 2468 2671 2538 prtenominatus
2714 2463 3028 2535 Herewigus
3058 2462 3205 2518 solus
3235 2461 3387 2534 (50)
3410 2476 3526 2515 curn
3550 2475 3606 2514 eo
3633 2474 3763 2512 rema-

2251 2565 2425 2620 neret,
2451 2555 2565 2626 ipse
2592 2554 2784 2608 vadum
2810 2555 2949 2623 quod
2981 2554 3071 2608 alii
3099 2552 3407 2608 omiserunt
3434 2551 3546 2606 sine
3581 2549 3760 2617 trepida-

2251 2649 2395 2704 tione
2412 2646 2735 2704 transcendit
2749 2687 2761 2710 ,
2776 2645 2946 2700 soccis
2962 2643 3029 2698 de
3043 2657 3173 2712 sago
3194 2641 3362 2696 factis
3375 2640 3579 2694 indutus
3592 2644 3758 2706 propter

2250 2740 2441 2810 frigus,
2481 2740 2607 2810 quia
2650 2738 2825 2792 hiems
2856 2744 2992 2789 erat.
3031 2731 3293 2786 Pnefatus
3325 2745 3453 2784 vero
3493 2726 3755 2796 Herewigus.

2252 2828 2470 2884 ﬂuuiine
2518 2836 2873 2896 transgresso,
2897 2838 2963 2876 ex
3013 2821 3226 2890 cingulo
3269 2819 3539 2879 deorsum,
3574 2813 3760 2883 quamvis

2252 2938 2412 2991 super
2452 2921 2698 2976 altiorem
2745 2915 3009 2972 caballum
3060 2913 3278 2968 sederet
3315 2926 3477 2981 quam
3519 2907 3759 2977 cpiscopus,

2255 3013 2393 3067 udus
2413 3011 2635 3067 ellectus
2662 3017 2765 3074 est,
2796 3017 2850 3063 et
2877 3006 3210 3079 prospiciens
3256 3004 3311 3059 in
3360 3002 3651 3057 vestimenta
3683 2994 3760 3063 epi-

2256 3104 2404 3172 sc0pi
2436 3104 2478 3157 si
2506 3118 2643 3172 aqua
2672 3101 3115 3162 infunderentur,
3151 3098 3243 3153 sed
3273 3111 3377 3151 nec
3418 3096 3468 3149 in
3509 3090 3657 3148 soccis
3676 3086 3759 3155 τιυίο

2256 3194 2377 3247 dem
2409 3208 2571 3246 unum
2597 3192 2759 3261 pilum
2787 3191 3065 3253 humidum
3103 3188 3423 3257 conspexit,
3451 3193 3502 3237 et
3532 3181 3591 3234 ad
3610 3179 3759 3249 episca-

2256 3297 2382 3351 pum
2413 3281 2550 3336 dixit
2575 3298 2590 3337 :
2627 3281 2775 3350 «Ego
2800 3280 3004 3334 uditate
3021 3276 3269 3349 perfusus
3298 3289 3440 3334 sum,
3471 3279 3521 3325 et
3544 3279 3630 3323 tore
3651 3262 3761 3351 ccli

2261 3349 2427 3427 tudini
2456 3370 2595 3440 pilus
2617 3370 2669 3424 in
2692 3349 2863 3423 soccis
2878 3383 2983 3422 non
3007 3376 3090 3421 est
3114 3362 3487 3418 madefactus:
3513 3377 3530 3408 ι
3555 3354 3636 3411 Cui
3659 3349 3758 3403 dixit

2258 3462 2541 3532 episcopus
2572 3478 2584 3513 :
2621 3479 2637 3511 ι
2669 3458 2793 3513 llaec
2811 3471 2929 3527 qua:
2948 3455 3148 3517 vidisti,
3188 3468 3274 3506 me
3296 3452 3508 3505 vivente
3529 3441 3691 3500 nemini
3707 3440 3762 3490 di.

2258 3568 2380 3608 cere
2400 3565 2711 3622 prarsumas.
2735 3551 2856 3604 Alio
2881 3562 3008 3603 vero
3029 3555 3267 3615 tempore
3284 3559 3409 3598 cum
3432 3541 3493 3594 ad
3508 3529 3761 3622 colloquiutﬂ

2258 3644 2470 3701 Ottonis
2498 3643 2837 3713 imperatoris
2862 3639 2928 3694 ad
2957 3638 3305 3692 Ratisbonam
3358 3632 3609 3687 civitatein
3652 3616 3760 3713 nati-

2258 3734 2432 3803 gando
2457 3748 2552 3801 per
2577 3709 2875 3786 Danubium
2898 3729 3080 3783 venire
3104 3724 3452 3784 decrevisset,
3477 3709 3758 3803 quodamtlit'.

2260 3823 2440 3880 nautis
2476 3824 2688 3877 incaute
2714 3830 2837 3874 ante
2861 3835 2919 3874 se
2943 3815 3425 3887 conspicientibus,
3444 3807 3584 3863 navis
3602 3799 3759 3887 cuidam

2260 3914 2404 3984 ligno
2437 3913 2740 3981 importune
2774 3886 3089 3978 conjuncta,
3124 3904 3278 3974 aquis
3306 3902 3501 3972 repleta
3525 3886 3763 3950 ἰιηιιιετδίο-

2260 3982 2384 4062 nem
2418 4003 2669 4059 omnibus
2703 4001 3026 4056 minabatur.
3054 3995 3362 4052 Pcrturbati
3400 4004 3522 4045 vero
3550 3992 3703 4038 omnes
3726 3982 3764 4026 οι

2264 4097 2457 4151 timore
2476 4093 2733 4164 perculsi,
2768 4092 2835 4145 ad
2867 4090 3016 4144 littus
3050 4100 3245 4157 magno
3283 4082 3461 4140 studio
3487 4088 3648 4132 navem
3667 4081 3761 4138 P9"

2260 4189 2459 4243 ducere
2486 4186 2825 4241 festinarunt.
2877 4181 3010 4236 Navi
3058 4192 3186 4232 vero
3232 4176 3398 4230 aridae
3425 4169 3643 4227 adducta,
3678 4172 3762 4253 qua"

2263 4285 2400 4338 infra
2430 4287 2585 4336 erant
2611 4278 2676 4332 ad
2706 4276 2855 4330 littus
2884 4278 3254 4341 portaverunt,
3288 4267 3430 4320 illius
3449 4275 3563 4315 vero
3580 4253 3759 4323 episcol‘|

2194 4382 2240 4441 υ
2267 4368 2549 4441 posteriori
2576 4376 2755 4420 rostro
2770 4363 2921 4416 navis
2943 4354 3336 4415 scdcntisobliti
3361 4360 3495 4408 sunt.
3519 4345 3759 4441 Unusiﬂf’

2270 4435 2585 4514 clericorum
2621 4453 2749 4508 Mesi
2789 4450 3116 4509 nominatus,
3149 4458 3343 4514 magno
3379 4448 3577 4507 stupore
3612 4435 3761 4482 attoni-

2272 4559 2380 4613 tus,
2414 4547 2550 4602 dixit
2578 4564 2593 4598 :
2626 4563 2645 4595 ι
2672 4543 2783 4597 lleu
2815 4539 2969 4595 nobis
2996 4536 3240 4593 miseris!
3270 4533 3392 4603 quia
3414 4522 3599 4614 seniori
3622 4520 3759 4614 uestiit

2273 4640 2327 4693 in
2357 4638 2458 4691 isto
2485 4633 2724 4706 periculo
2767 4629 3040 4699 adjutores
3068 4642 3172 4681 non
3201 4623 3447 4683 fuimus,»
3472 4624 3523 4670 ct
3558 4604 3758 4706 his‘dictts

2274 4695 2503 4783 σωτεηᾷ
2538 4741 2633 4796 per
2661 4695 3078 4794 profunditatem
3114 4731 3267 4786 aquae
3288 4728 3403 4783 (ιιιπ
3431 4710 3478 4764 in
3502 4701 3602 4759 mni
3626 4695 3754 4796 fuit?

2274 4781 2627 4889 congregata,
2663 4781 2958 4882 assumptis
3006 4781 3248 4866 brachiis
3272 4781 3755 4889 θβῖεθορῖηδυνῗξξῗξ

2271 4876 2451 4963 meros
2476 4876 2617 4974 ejus,
2642 4903 2818 4959 evexit
2843 4915 2966 4955 eum
2987 4907 3139 4953 extra
3160 4884 3601 4974 navem,omnibus
3622 4876 3753 4974 inti-tle

2270 4997 2532 5068 expositis
2550 5006 2606 5049 et
2646 4993 2743 5066 illo
2787 4990 3080 5045 novissime
3106 4999 3345 5055 egresso,
3374 4967 3753 5072 invisior-$1:
