3972 5428
142 384 259 443 tot:
1682 399 1860 457 \‘lTA.
3238 367 3376 470 tot:

132 520 414 589 cogebatur
440 516 611 573 donec
646 519 856 575 cunctis
877 520 1163 591 stipendiis
1192 529 1245 577 et
1272 522 1527 577 oneribus
1556 521 1686 577 relc-
1717 527 1761 583 Α
1865 522 1981 577 XX.
2026 522 2354 594 llymnizans
2404 532 2625 578 sanctus
2682 522 2966 577 Dominum
3038 521 3319 591 episcopus
3347 560 3364 582 ,
3453 570 3461 580 ,

134 618 365 672 varetur,
397 619 579 677 postea
608 624 734 664 vero
760 610 1009 664 immersa
1040 612 1406 667 nuntiabatur.
1798 616 1961 671 habili
2017 625 2259 686 tempore
2334 626 2517 686 postea
2575 616 2860 670 ecclesiam
2932 614 2983 668 in
3054 611 3368 668 cmmetcrio

199 697 380 753 XVIII.
404 698 630 752 Romam
668 699 887 754 visitare
920 700 1099 770 itaque
1139 718 1260 757 cum
1293 703 1524 772 quodam
1560 712 1696 757 tetn-
1798 706 2011 760 Sancta:
2037 703 2217 759 Maria
2249 705 2299 758 in
2335 707 2550 759 modum
2579 705 2757 760 crucis
2780 702 3050 759 mdilicare
3072 701 3373 771 continet,

131 804 255 860 pore
281 790 529 843 :estuanti
575 790 753 843 animo
792 790 1149 854 desideraret,
1178 799 1231 847 ct
1260 793 1324 845 ad
1354 791 1572 847 ﬂuvium
1602 809 1698 847 no-
1796 794 2153 851 nidiﬁcatiouc
2210 802 2426 865 peracta
2484 792 2848 862 altaribnsque
2905 790 3142 862 quinque
3200 790 3254 842 in
3304 802 3367 841 ea

136 881 272 934 mine
307 880 537 934 Tarcum
564 878 707 950 (5i)
742 882 1066 950 perveniret,
1098 892 1204 936 tam
1238 883 1592 954 periculosum
1629 898 1696 938 ex
1799 886 2135 956 compositis,
2166 885 2221 939 in
2251 885 2455 939 honore
2490 883 2663 937 sancti
2689 881 2911 936 Joannis
2936 880 3194 949 Baptistae
3226 879 3374 933 dedi-

135 971 478 1026 inundatione
506 985 767 1040 aquarum
811 970 1011 1026 factum
1035 973 1258 1035 invenit,
1309 982 1370 1027 ut
1413 973 1591 1028 nullus
1631 989 1696 1027 ex
1799 979 1974 1040 cavit,
2004 985 2057 1031 et
2099 976 2301 1030 dolium
2334 973 2645 1043 baptizandi
2674 973 2737 1026 de
2766 980 2917 1042 petra
2960 970 3201 1026 excisum
3230 968 3283 1023 in
3309 981 3372 1022 ea

135 1073 359 1131 utraque
383 1070 536 1131 parte
566 1060 965 1117 advenientium
1000 1078 1065 1117 eo
1093 1064 1177 1118 die
1206 1063 1290 1119 vel
1320 1063 1424 1119 alio
1450 1080 1507 1119 se
1544 1079 1700 1133 posse
1801 1068 2051 1123 constitui
2073 1066 2231 1129 fecit,
2268 1074 2343 1130 et,
2373 1066 2497 1120 dote
2539 1062 2917 1132 lt‘gitimalam,
2956 1061 3272 1131 presbytero
3306 1056 3375 1113 ad

135 1152 316 1206 venire
362 1166 523 1222 super
568 1166 691 1207 eum
738 1164 1026 1221 speraret:
1071 1161 1288 1208 sanctus
1332 1154 1613 1223 cpiscopus
1646 1154 1698 1208 in
1801 1151 2196 1229 procuraitdum
2225 1154 2277 1209 in
2301 1154 2495 1208 divinis
2514 1152 2704 1207 ciliciis
2724 1148 3140 1213 commendavit,
3167 1155 3218 1201 et
3240 1161 3379 1217 prte-

136 1244 297 1297 Deum
322 1244 460 1297 conti
486 1244 619 1308 lens,
651 1252 905 1313 paratura
935 1244 1207 1299 missatica
1226 1258 1283 1299 se
1306 1243 1452 1297 indui
1482 1244 1701 1299 festiua-
1801 1249 1941 1320 cepit
1960 1258 2011 1302 ut
2046 1244 2396 1301 matricularii
2421 1245 2472 1299 in
2497 1244 2644 1298 omni
2669 1240 3000 1298 hebdomada
3023 1239 3107 1294 die
3128 1236 3374 1299 Sahhati,
3406 1248 3407 1251 ‘

132 1335 225 1397 vit,
248 1343 305 1388 et
334 1334 387 1388 in
420 1334 601 1389 littore
624 1331 858 1388 ﬂuminis
883 1350 1005 1388 cum
1028 1335 1140 1389 suis
1170 1335 1456 1388 comitibus
1483 1336 1700 1389 missam
1803 1349 1857 1397 et
1888 1342 1940 1394 in
1977 1339 2097 1394 aliis
2143 1336 2470 1393 solemnibus
2502 1333 2908 1397 festivitatibUS,
2939 1345 3059 1386 cum
3089 1325 3379 1397 Evangelii)

131 1426 321 1479 devote
352 1424 665 1487 celebravit,
694 1433 748 1479 et
771 1434 892 1495 post
921 1424 1139 1479 missam
1164 1426 1441 1494 pmfatttm
1482 1425 1700 1479 Ilm'Tum
1805 1440 1857 1488 et
1887 1431 2134 1486 crucibus
2163 1436 2213 1484 et
2262 1428 2454 1492 cereis,
2489 1441 2609 1482 cum
2646 1425 2737 1479 Dei
2780 1423 3028 1478 laudibus
3060 1426 3379 1477 reverenter

135 1524 277 1567 tanta
313 1516 701 1570 commoditate
728 1516 1011 1578 transivit,
1040 1523 1097 1569 ut
1129 1514 1258 1570 nulli
1289 1514 1403 1583 ejus
1446 1517 1702 1570 comitum
1805 1522 2095 1577 visitarent
2115 1527 2220 1597 “et
2246 1518 2299 1573 in
2329 1515 2579 1572 Paschali
2610 1512 2968 1580 hebdomada,
3003 1526 3162 1581 quant
3194 1509 3399 1567 dicunte

134 1607 337 1677 aliquid
390 1608 777 1663 adversitatum
827 1607 1094 1673 eveniret,
1143 1607 1237 1663 sed
1280 1622 1468 1662 omnes
1492 1607 1623 1662 salvi
1651 1616 1707 1661 ct
1809 1611 1946 1667 infra
1974 1611 2169 1675 Albas,
2206 1609 2330 1678 quia
2375 1618 2499 1662 tunc
2525 1602 2859 1661 consuetudo
2899 1610 2981 1659 est
3023 1612 3133 1657 tres
3162 1608 3384 1655 cantare

138 1697 433 1753 incolumes
455 1698 620 1753 Deum
641 1699 921 1753 laudantes
947 1698 1228 1769 gaudendo
1252 1699 1399 1754 ibant
1425 1714 1520 1768 per
1544 1699 1703 1753 viam.
1810 1702 2047 1773 psalmos
2073 1700 2139 1754 ad
2171 1699 2491 1769 \‘esperam,
2523 1702 2863 1750 rcmaucntes
2890 1693 3023 1747 duos
3050 1690 3175 1745 illuc
3197 1689 3397 1743 deam-.

206 1789 350 1844 XIX.
391 1788 719 1843 Multimodis
744 1788 945 1844 Chriin
985 1789 1221 1844 servitiis
1257 1804 1380 1844 cum
1420 1788 1708 1843 l‘crvcntis-
1810 1792 2041 1848 bulaudo
2066 1807 2187 1846 cum
2216 1789 2507 1859 antiphona
2532 1796 2583 1841 ct
2611 1796 2734 1839 tono
2764 1784 2994 1839 formosa
3024 1779 3391 1836 modulatione

135 1882 269 1937 sime
313 1882 631 1945 insisteret,
668 1890 722 1935 et
758 1881 991 1952 undique
1020 1880 1354 1953 amplificare
1382 1882 1705 1946 studuisset,
1743 1869 1783 1927 Β
1812 1901 1896 1958 p2!
1910 1883 2167 1958 psallere,
2227 1892 2280 1936 et
2320 1882 2432 1952 ipse
2474 1892 2714 1951 persaepe
2745 1876 2816 1931 ibi
2863 1872 3131 1929 salutares
3177 1868 3385 1926 hostias

137 1972 242 2024 Deo
266 1970 534 2035 donante,
575 1972 921 2041 excogitavit,
954 1979 1174 2041 propter
1193 1971 1470 2039 cujusdam
1504 1971 1707 2025 sancti—
1816 1982 1925 2035 non
1958 1977 2238 2032 immolare
2263 1974 2561 2029 consum-ii,
2883 1987 2887 1990 ν

138 2063 392 2117 monialis
415 2063 725 2134 religionem
757 2064 955 2118 Emoza
994 2063 1306 2127 nominatae,
1329 2063 1397 2117 ad
1425 2062 1710 2118 ecclesiam
1884 2070 2023 2125 χχι,
2049 2055 3401 2139 zoamwg)in“nimis[cnlmribnssuamsaimm

144 2152 333 2209 Saneti
359 2153 615 2223 Stephani
648 2148 1063 2225 protomartyris
1084 2153 1555 2209 sanctimonalium
1587 2170 1715 2208 cou-
1816 2161 2105 2230 cupiendo,
2133 2160 2317 2213 animo
2357 2156 2629 2220 decrevit,
2668 2151 2916 2223 quamvis
2962 2149 3107 2203 vires
3146 2144 3405 2214 corporis

140 2241 513 2311 gregationem
546 2256 903 2312 componere,
934 2250 991 2296 et
1026 2242 1223 2312 regulae
1252 2243 1556 2298 sanctitatis
1590 2244 1708 2298 sub-

1825 2251 1882 2305 tlc
1905 2250 1991 2305 die
2020 2250 2071 2303 itt
2095 2248 2235 2303 diem
2263 2246 2579 2302 decrescere
2606 2243 2851 2306 sentiret,
2880 2249 2936 2293 ut
2960 2238 3145 2292 limina
3177 2243 3393 2305 aposto-

142 2334 296 2395 ἀοῖον
339 2341 394 2386 ει
440 2339 627 2386 sane")
660 2331 929 2388 νειειηιῖηθ
970 2333 1189 2387 Christo
1220 2333 1328 2388 Deo
1362 2334 1716 2403 ἀθεροιιςειιλιε
1817 2343 1990 2397 lorum
2033 2339 2176 2394 Petri
2218 2347 2272 2392 et
2302 2336 2453 2391 Pauli
2501 2335 2694 2391 devota
2748 2331 3046 2386 intentione
3094 2326 3395 2382 laborasset

136 2424 491 2494 coniungere-
525 2422 677 2492 Ουοά
704 2440 827 2481 cum
860 2424 1060 2481 ῖ-ιειυω
1086 2424 1294 2486 ίιιίεεοιν
1323 2426 1565 2497 (inﬁda!!!
1594 2443 1714 2480 mu-
1819 2434 2059 2488 visitare.
2086 2431 2329 2499 Cumque
2356 2424 2749 2496 aliquantulum
2778 2422 2987 2477 itineris
3014 2417 3310 2490 peregisset
3336 2414 3393 2473 in

138 2516 237 2570 lier
266 2532 394 2569 cum
419 2531 679 2572 consensu
705 2517 971 2571 connubia
997 2518 1172 2572 mariti
1200 2517 1521 2588 despiciens,
1543 2519 1716 2572 eidem
1819 2537 2098 2598 cal-pomo,
2130 2533 2184 2581 ει
2205 2524 2271 2579 ad
2298 2521 2624 2578 difﬁciliores
2653 2521 2767 2573 vias
2798 2515 3125 2587 pen-enim,
3155 2526 3262 2566 non
3291 2523 3399 2581 po,

140 2607 549 2678 congregationi
582 2608 650 2662 ob
675 2606 870 2663 futura:
892 2608 1240 2664 beatitudinis
1266 2608 1565 2664 mercedem
1592 2610 1640 2663 o‘.
1663 2625 1708 2662 e-

1851 2624 1925 2677 uit
1954 2622 2057 2676 iter
2078 2619 2215 2675 ultra
2240 2629 2514 2688 peragere.
2541 2622 2826 2684 antequam
2852 2611 2905 2665 itt
2935 2609 3073 2663 lecto
3099 2604 3419 2661 collocatus.

141 2703 409 2758 dientiatn
458 2702 699 2774 professa
754 2718 813 2758 se
836 2704 1153 2770 admiscuit,
1214 2704 1522 2761 litterarum
1591 2721 1721 2760 vero
1821 2714 1975 2784 cquis
2001 2709 2375 2781 superpositus
2400 2719 2626 2777 pergere
2653 2702 2817 2773 coepit
2847 2717 2862 2755 :
2894 2700 3079 2769 sicutte
3099 2693 3417 2767 pergendoq-

143 2792 374 2845 scientia
424 2794 489 2845 ad
526 2792 909 2862 perfectionem
957 2794 1112 2849 docta
1148 2809 1253 2849 non
1307 2796 1602 2860 manebat,
1654 2795 1711 2847 ad

1827 2804 2068 2877 quamvis
2099 2800 2386 2857 comitibus
2427 2797 2544 2868 ejus
2573 2794 2769 2863 ubique
2798 2789 3159 2864 periculosum
3187 2786 3395 2842 videre-

142 2881 421 2936 exteriora
493 2890 671 2937 autem
728 2884 1073 2940 necessitatis
1131 2900 1292 2957 opera
1344 2887 1720 2941 strenuitatcm
1828 2908 1937 2964 μιν,
1967 2897 2079 2951 Deo
2100 2894 2345 2963 iuvante,
2371 2898 2424 2947 cl
2452 2897 2643 2945 sancto
2672 2888 2830 2942 Ρθίιο
2865 2881 3129 2955 apostolo,
3162 2880 3280 2935 sine
3302 2886 3395 2947 pe.

144 2987 399 3042 magnam
425 2972 657 3027 habebat
682 3013 696 3039 ,
721 2980 777 3027 et
819 2973 939 3027 ideo
980 2974 1097 3029 alite
1134 2976 1572 3031 sanctimoniales
1600 2992 1719 3032 eam
1826 2988 1996 3046 ﬁculo
2019 2987 2245 3043 Romam
2270 2981 2535 3054 perveni"
2554 2991 2911 3045 ommuqu
2936 2975 3005 3030 ibi
3035 2980 3191 3026 antea
3218 2968 3406 3038 digno-

140 3062 486 3117 eellerat-iam
546 3060 725 3117 facere
782 3062 1087 3119 voluerunt.
1133 3065 1249 3132 Qua
1282 3076 1543 3121 renuente
1568 3107 1582 3133 ,
1612 3068 1708 3135 epis

1842 3080 2054 3136 sitorum
2090 3086 2143 3132 et
2186 3071 2635 3146 promissionibus
2674 3065 3019 3123 devotissime
3057 3059 3315 3132 expletis,
3343 3067 3410 3114 et

142 3171 315 3226 εποΡο
348 3157 655 3210 ηηηιῖδιυίη
678 3162 782 3220 θεῖν
807 3166 861 3210 εί
888 3157 1245 3227 ευβριίεειυηι
1276 3168 1355 3213 εει
1387 3166 1444 3212 υι
1477 3173 1599 3213 cum
1627 3172 1721 3212 8⁸1³
1754 3220 1796 3242 η
1829 3166 2261 3242 gratissimorum
2307 3160 2792 3217 cmolumcnlorum
2839 3166 2894 3211 et
2943 3150 3429 3220 iudulgentiaruma

141 3255 417 3315 patcstate
448 3248 805 3305 ministerium
836 3248 1042 3304 cellarii
1082 3248 1575 3307 commendaretur.
1602 3249 1726 3321 Epi-
1754 3220 1797 3282 (ἶ
1829 3220 1985 3320 Bonis
2020 3256 2280 3329 acceptis,
2314 3253 2684 3325 permissoque
2715 3246 2859 3321 (55)
2892 3245 3092 3302 salubri
3141 3258 3171 3296 a
3214 3247 3434 3329 sancmw

148 3352 354 3407 scapus
382 3352 536 3403 vero,
576 3340 952 3411 supplicationi
976 3355 1256 3396 assensum
1300 3341 1565 3411 praebens,
1595 3357 1716 3410 prte-

1862 3358 1995 3409 ‘etro
2023 3357 2078 3405 et
2105 3328 2311 3404 vicario
2348 3345 2464 3417 ejus
2490 3341 2780 3414 pontiﬁce,
2812 3338 3128 3407 exterisque
3173 3334 3283 3388 Deo
3326 3328 3430 3386 ibi.-.

146 3427 325 3482 latam
381 3430 844 3486 sanctimonialem
892 3431 1227 3487 cellerariam
1275 3448 1393 3488 esse
1432 3432 1714 3501 praecepit;

1833 3454 2018 3501 sancto
2043 3442 2209 3498 Petro
2232 3435 2612 3497 militantibus,
2639 3429 3028 3487 honorabiliter
3057 3432 3299 3493 accepto,
3324 3419 3401 3475 fe.

146 3518 240 3573 illa
277 3526 463 3573 autem
515 3530 784 3589 praecepto
824 3521 1060 3590 episcopi
1102 3537 1208 3575 non
1256 3521 1523 3585 obedivit,
1551 3522 1644 3575 sed
1678 3521 1714 3573 it

1835 3535 1990 3588 licem
2018 3531 2249 3586 reditum
2284 3526 2425 3588 iniit,
2453 3532 2509 3578 et
2532 3523 2847 3577 Ravennam
2874 3518 3099 3571 visitare
3121 3512 3403 3582 disposuit.

144 3609 391 3679 pristina
419 3606 777 3678 refragatione
803 3619 994 3664 conata
1023 3618 1106 3663 est
1131 3611 1439 3680 persistere.
1472 3609 1731 3679 Sequenti
1832 3622 2067 3690 "iamne
2110 3609 2232 3673 enm
2283 3614 2770 3686 appropinquaret,
2801 3610 3179 3678 imperatorem
3207 3602 3405 3673 glorio-

141 3715 291 3753 νεπο
317 3705 476 3751 "0N0
506 3698 556 3751 ίη
598 3698 802 3752 somnis
833 3700 1035 3753 θυάίνίι
1069 3714 1253 3755 "008m
1284 3700 1548 3755 dicemem
1583 3701 1685 3756 Sibi
1716 3719 1729 3755 ε
1833 3727 1950 3765 sum
1973 3709 2221 3764 Ottonem
2247 3719 2367 3759 cum
2398 3700 2739 3770 itnperatriec
2766 3694 3059 3751 Adalhaida
3086 3692 3155 3746 ibi
3188 3703 3425 3745 manere.

145 3810 167 3843 α
192 3788 344 3857 Quia
362 3802 466 3842 non
481 3789 705 3843 obedisti
729 3799 998 3858 prmeepto
1011 3792 1270 3861 episcopi,
1294 3791 1413 3846 ideo
1434 3807 1530 3846 usu
1549 3790 1713 3846 ambul

1860 3800 2119 3871 *ompcrit,
2148 3808 2201 3853 et
2230 3805 2356 3851 ante
2385 3808 2443 3848 se
2474 3793 2639 3846 misso
2664 3789 2857 3845 nuntio
2879 3786 3168 3841 adventum
3191 3781 3305 3852 ejus
3328 3781 3428 3835 illi“

142 3881 306 3936 Iam"
332 3881 565 3950 privaris
590 3882 770 3936 tandiu
794 3882 962 3937 donec
986 3882 1053 3937 ab
1073 3897 1137 3937 ρο
1162 3882 1475 3938 absolveris.
1498 3901 1516 3936 ι
1542 3884 1737 3953 Exper-
1835 3892 2112 3955 indicavit,
2139 3897 2193 3942 el
2222 3887 2310 3941 ille
2332 3885 2513 3940 slalim
2544 3882 2791 3937 nuntium
2825 3877 3097 3947 sequendo
3118 3875 3183 3930 ad
3208 3874 3425 3928 ostium-

146 3974 319 4044 εθΐειο
348 3988 375 4026 ³
407 3981 583 4027 autem
613 3973 929 4031 (ἶίεεΟΙυῑθηῖ
974 3975 1230 4029 membris
1260 3976 1333 4029 i'i‘
1365 3989 1422 4029 εθ
1467 3988 1587 4029 εεεθ
1613 3989 1735 4042 P9!“
1835 3980 2067 4038 cubiculi
2112 3976 2450 4046 imperatoris
2478 3973 2740 4044 pervenit.
2785 3970 3081 4039 Imperator
3103 3981 3252 4030 vero,
3281 3979 3421 4021 cunt.

151 4064 360 4129 sensit,
384 4072 443 4118 ut
473 4064 676 4121 nullum
701 4066 1012 4122 ambulandi
1036 4065 1283 4120 cll'ectum
1312 4066 1514 4120 habere
1534 4065 1739 4135 potuis-
1836 4088 1958 4127 cum
2008 4071 2060 4124 in
2110 4077 2254 4123 tanta
2307 4066 2588 4121 vicinitate
2636 4076 2858 4116 manere
2902 4057 3238 4128 agnovisset,
3300 4068 3437 4111 uno:

146 4166 260 4212 set.
301 4154 412 4211 llac
462 4156 779 4211 inﬁrmitate
828 4156 1020 4226 ligata,
1071 4155 1341 4212 laboriose
1392 4154 1739 4224 exspectabat
1836 4163 1971 4233 pede
1995 4161 2236 4215 calceato
2265 4166 2319 4211 et
2344 4155 2453 4210 alio
2480 4155 2656 4208 adhuc
2696 4150 3011 4213 incalceato,
3043 4161 3203 4202 causa
3232 4142 3441 4199 humi—.

143 4249 458 4300 alventum
508 4246 765 4315 episcopi.
816 4245 1031 4300 Interim
1087 4261 1215 4300 vero
1274 4245 1740 4315 rppropinquabat
1839 4252 2005 4307 litatis
2038 4259 2093 4304 et
2134 4247 2414 4318 ﬂagrantia
2456 4245 2623 4300 divini
2666 4241 2900 4305 amoris,
2947 4254 3070 4294 cum
3129 4237 3194 4292 ad
3241 4235 3441 4290 suscin

150 4346 380 4404 tempus
401 4335 670 4406 synodalis
690 4335 1033 4406 colloquii,et
1053 4336 1336 4407 episcopus
1355 4335 1419 4391 ad
1442 4336 1737 4406 Augustam
1838 4342 2086 4415 piendum
2119 4340 2421 4394 amabiliter
2457 4336 2756 4393 festinavit.
2795 4334 3038 4403 Cumque
3073 4332 3127 4387 in
3161 4326 3421 4386 cubiculo.

144 4425 570 4492 revertebatur;
603 4427 704 4482 hoc
731 4441 853 4481 cum
884 4428 1097 4481 iullrma
1128 4427 1551 4482 sanctimonialis
1585 4426 1707 4480 audi

1841 4433 2101 4489 accersita
2144 4430 2490 4501 imperatrice
2520 4427 2670 4484 suavi
2705 4424 2975 4496 colloquio
3003 4422 3332 4483 fruerentur,
3354 4426 3409 4473 et

148 4526 275 4581 ret,
308 4519 516 4585 rogavit
544 4530 603 4569 se
631 4517 833 4586 portari
862 4516 913 4570 in
939 4516 1221 4571 ecclesiam
1241 4517 1454 4571 Sanctae
1481 4515 1662 4570 Maria:
1684 4531 1714 4571 e

1861 4522 2065 4577 tlternis
2100 4520 2463 4575 locutionibus
2504 4519 2839 4574 diversarum
2888 4528 3067 4569 rerum
3117 4524 3429 4580 proventus-

144 4606 438 4661 obtutibus
468 4603 582 4674 ejus
628 4606 1033 4676 repraesentari,
1065 4620 1294 4674 cumque
1340 4606 1406 4660 ad
1440 4605 1556 4675 ejus
1603 4619 1711 4674 pra:

1872 4616 2221 4678 erminarcnt,
2255 4613 2339 4666 vir
2375 4620 2594 4666 sanctus
2621 4609 3005 4679 imperatorem
3046 4618 3166 4659 cum
3200 4598 3440 4655 auxilio-

147 4697 398 4753 scntiam
443 4697 684 4760 veniret.
717 4697 833 4767 eius
861 4698 1293 4752 miscricordiam
1320 4698 1597 4767 deprecari
1626 4711 1737 4752 coe-
1840 4705 2201 4776 imperatrieis
2249 4702 2492 4774 ﬂagitare
2553 4702 2718 4770 coepit
2798 4707 2856 4753 ut
2896 4697 3006 4751 lilio
3047 4695 3253 4752 sororis
3299 4707 3429 4747 suas

150 4790 260 4860 pit,
298 4795 357 4841 ut
388 4788 456 4841 ab
486 4787 846 4858 aﬂligentibus
875 4787 1274 4858 alligationibus
1310 4788 1641 4843 inﬁrmitatis
1669 4788 1737 4843 ab
1838 4795 2161 4852 Adulbcmiti
2184 4795 2617 4864 procurationem
2647 4790 2728 4847 sui
2757 4790 3119 4859 episcopatus,
3142 4784 3419 4854 regimen...

149 4895 221 4934 eo
246 4878 459 4934 absolvi
490 4888 806 4933 mereretur.
835 4878 1032 4934 Audita
1062 4879 1182 4950 ejus
1206 4880 1741 4951 deprecatione,epi-
1841 4903 1949 4957 quo
1991 4902 2154 4957 super
2184 4885 2445 4939 familiam
2469 4894 2522 4937 et
2559 4882 2740 4939 omnia
2785 4880 2997 4951 negotia
3040 4875 3316 4931 saecularia
3347 4874 3417 4931 ad

151 4984 363 5040 scopus
413 4970 480 5023 de
514 4968 873 5024 inobedientia
915 4983 1035 5024 eam
1083 4971 1399 5039 increpavit,
1429 4979 1480 5026 et
1515 4984 1740 5026 munere
1842 4993 1966 5033 cum
1991 4977 2315 5046 pertinentia
2336 5017 2350 5039 ,
2378 4974 2606 5031 ﬁdeliter
2629 4972 2964 5041 ﬁrmiterque
2990 4967 3425 5029 commendaret,

150 5059 564 5116 benedictionis
594 5058 750 5115 simul
774 5068 827 5113 et
858 5059 1203 5131 indulgentia:
1226 5061 1482 5115 donatam
1511 5060 1738 5116 dimisit.
1842 5078 1896 5123 et
1931 5075 1989 5121 ut
2017 5080 2045 5119 a
2085 5064 2404 5123 celsitudine
2435 5063 2550 5131 ejus
2579 5061 2877 5133 imperialis
2905 5057 3158 5132 potentia:
3187 5058 3422 5126 promis-

150 5154 413 5220 Cttmque
451 5151 518 5207 ab
540 5167 603 5206 ea
638 5159 1004 5208 reverteretur
1038 5154 1351 5225 episcopus,
1378 5156 1564 5211 statim
1600 5156 1743 5211 saui-
1843 5172 1964 5211 sum
1991 5154 2376 5210 consolationis
2403 5154 2652 5224 accipere
2677 5155 3105 5216 mereretur,,ul-
3144 5154 3272 5214 post
3309 5146 3437 5216 eius

156 5244 262 5297 tati
298 5242 559 5313 restituta
586 5242 858 5298 currendo
895 5243 1176 5313 praecessit
1212 5244 1524 5314 episcopum
1544 5286 1560 5311 ,
1593 5254 1746 5301 ante-
1845 5248 2145 5303 discessum
2170 5244 2486 5300 cathedram
2507 5243 2836 5315 episcopalis
2861 5234 3147 5312 potestatis
3171 5232 3225 5289 ei
3257 5237 3459 5295 donas

157 5332 646 5360 -.-.\-\:"Ann-...I
670 5335 839 5360 ...ιι-ΑΙ
860 5333 1142 5360 ΑΛΑ¹.ι-ιξιισια
1181 5342 1229 5360 ΑΙ
1270 5343 1394 5360 Α-ιοιι
1411 5335 1725 5360 ..-Ι-2ι...12..ι.

1976 5343 2030 5360 ...
2078 5333 2177 5360 -zt.:
2218 5334 2434 5360 ..-ιη-ξ..
2468 5334 2560 5360 -.τε
2604 5334 2669 5360 ..Α
2696 5334 2938 5360 -....t:.....
2968 5322 3237 5360 nmtinnic
3262 5333 3314 5360 al
3343 5343 3456 5360 ω...
3504 5344 3537 5353 κρ
