3972 5428
551 406 691 462 {Olli

1567 396 1627 455 S.
1671 392 1989 454 UDALRICI
2027 386 2426 450 AUGUSTANI
2468 383 2794 446 EPISCOPI.

3069 324 3092 335 *δ

2988 348 3047 364 ἀ’

3692 377 3786 437 ῦὶι

541 523 876 594 negotiorum
904 514 1588 574 commercia.Adalbcroui
1621 510 2118 573 commendavit,et
2146 540 2153 553 ι

2257 491 2476 560 ipiente.
2519 508 2537 540 ι
2573 488 2670 542 Cui
2704 488 2839 541 dixit
2865 482 3153 555 episcopus
3180 484 3249 536 εἰ
3278 480 3494 543 Frater,
3524 474 3669 535 bene
3709 485 3795 534 tibi

2302 592 2309 594 λ
2502 581 2572 594 -.
2641 580 2689 594 ..
2760 578 2773 591 .
2852 592 2860 594 Α
3132 574 3443 594 ,μη-,ιη
3494 580 3542 594 ,.
3583 571 3794 594 -._-___

479 617 494 631 '
541 613 862 688 episcopalis
894 612 1154 665 honorem
1181 606 1459 660 cathedrae
1485 614 1605 673 post
1636 604 1798 655 vitam
1843 597 2119 669 episcopi,

542 709 589 762 si
626 708 766 760 Deus
796 703 990 768 vellet,
1020 701 1067 756 ei
1095 699 1301 753 donare
1326 695 1607 767 promisit,
1652 703 1706 747 et
1733 694 1953 760 insuper
1991 687 2120 741 mnl~

543 803 615 856 tis
648 799 800 854 libris
829 797 947 850 auri
973 795 1287 865 episcopum
1330 790 1585 844 donatum
1638 783 1943 838 amabiliter
1976 778 2126 832 abire

544 889 829 960 permisit,
882 896 937 941 et
986 883 1104 952 ejus
1137 879 1449 935 mansiones
1491 890 1613 929 cum
1645 874 1753 926 alio
1781 869 2003 926 servitio
2030 880 2126 919 ne-

544 981 812 1042 cessario,
841 994 965 1031 cum
1007 975 1119 1029 suis
1150 969 1401 1025 lidelibus
1447 980 1616 1035 usque
1669 963 1736 1017 ad
1792 960 1950 1015 linem
1983 956 2126 1011 illius

543 1073 838 1146 provincia:
866 1079 1023 1124 caute
1054 1063 1336 1135 disposuit.

615 1163 779 1220 XXII.
834 1161 1131 1231 Episcopus
1172 1164 1353 1209 autem
1408 1159 1462 1206 et
1514 1147 1771 1221 prml’atus
1817 1142 2124 1206 Adalbero,

546 1274 672 1311 cum
717 1252 1005 1309 Imtabundi
1036 1255 1435 1303 reverterentur
1460 1244 1526 1296 ad
1563 1241 1861 1302 civitaEem,
1908 1234 2130 1290 bonori-

548 1350 655 1425 tice
694 1347 835 1401 sicut
870 1341 1049 1398 decuit
1083 1336 1320 1407 suscepti
1348 1344 1495 1399 sunt,
1527 1342 1583 1387 et
1611 1345 1798 1384 omnes
1827 1326 1916 1397 qui
1948 1323 2018 1379 ibi
2052 1323 2131 1374 in-

549 1440 697 1496 venti
725 1446 871 1501 sunt,
899 1441 1178 1502 comperta
1205 1442 1392 1484 eorum
1437 1438 1695 1495 prospera
1735 1418 2046 1475 reversione
2080 1421 2134 1465 ct

550 1525 1090 1595 bonorilicationcab
1122 1523 1447 1590 imperatore
1469 1516 1549 1569 eis
1576 1512 1739 1574 facta,
1772 1509 1924 1563 valde
1954 1508 2133 1561 thili-

553 1625 659 1680 cati
689 1616 1004 1677 sunt.Tunc
1036 1627 1165 1668 vero
1196 1608 1450 1680 praelatus
1476 1603 1768 1668 Adalbero,
1794 1592 2137 1670 congregatis

553 1715 815 1773 militibus
839 1707 1105 1781 episcOpi,
1125 1701 1452 1758 desideravit
1482 1706 1541 1752 ut
1566 1696 1614 1750 ei
1642 1700 1981 1750 sacratnenta
2010 1690 2137 1743 Iide-

553 1808 725 1862 litatis
750 1804 1025 1873 juraient,
1063 1795 1205 1867 quod
1234 1803 1288 1848 et
1321 1792 1565 1847 fecerunt
1612 1788 1666 1841 in
1714 1781 2001 1855 pta-sentia
2026 1781 2137 1851 epi-

555 1899 738 1969 scopi;
773 1893 1027 1950 similiter
1073 1897 1131 1941 et
1177 1882 1381 1939 familia
1431 1896 1528 1951 per
1559 1886 1730 1932 totum
1764 1875 2139 1942 episcopatum

555 1994 707 2049 Iecit.
739 1988 1042 2059 Episc0pus
1087 1987 1267 2033 autem
1307 1975 1623 2029 indumento
1656 1980 1806 2026 more
1845 1961 2141 2017 monacho-

557 2101 681 2140 rum
740 2082 973 2136 formato
1021 2071 1366 2131 induebatur,
1399 2078 1627 2136 quorum
1678 2068 1837 2114 antea
1903 2054 2141 2124 regulam

559 2172 900 2231 multimodis
950 2163 1242 2221 virtutibus
1277 2158 1427 2228 sequi
1479 2159 1857 2229 consueverat.
1903 2148 2146 2213 Cumque

563 2273 680 2325 haec
720 2269 793 2322 ita
839 2266 1152 2333 agerentur,
1183 2261 1403 2324 propter
1427 2245 1781 2317 quorumdam
1824 2238 2147 2295 clericorum

561 2330 994 2417 annulationem,
1022 2350 1112 2421 qui
1136 2362 1194 2402 se
1218 2344 1559 2400 aestimabant
1587 2346 1708 2409 post
1735 2335 1941 2390 obitum
1972 2330 2146 2386 sancti

564 2476 575 2505 ι
601 2451 802 2524 piscopi
833 2487 848 2514 ,
897 2439 1161 2514 imperiali
1196 2435 1517 2492 celsitudine
1543 2428 1907 2489 concedente,
1938 2422 2151 2493 episco~

564 2556 752 2618 patum
800 2553 960 2612 posse
1016 2533 1338 2604 acquirere,
1369 2526 1600 2582 ferulam
1633 2517 1995 2592 episcopalem
2048 2530 2149 2585 pu-

567 2607 706 2693 blice
727 2607 945 2706 portare
966 2623 1330 2700 praesumpsit,
1360 2628 1418 2674 ut
1443 2619 1521 2673 eis
1546 2625 1654 2670 tota
1684 2628 1807 2685 spes
1835 2607 2153 2679 acquirendi

567 2732 913 2803 episcopatus
934 2724 1287 2777 adimeretur.

642 2820 824 2877 XXIII.
863 2816 1059 2872 Postea
1095 2825 1223 2865 vero
1252 2805 1652 2862 revertentibus
1679 2805 1745 2857 de
1789 2800 1941 2856 Italia
1985 2799 2153 2867 impc—

570 2902 1250 2978 ratoribns,patrescilicet
1274 2911 1330 2954 et
1356 2899 1525 2968 ipsius
1554 2893 1724 2965 prole,
1753 2893 1818 2947 ad
1843 2889 2154 2950 Franciam,

570 3011 713 3061 I‘acta
756 3012 839 3058 est
883 2998 1123 3071 synodus
1141 2996 1192 3050 in
1248 2992 1365 3046 loco
1412 2990 1502 3060 qui
1549 2988 1748 3042 dicitur
1797 2981 2155 3055 Ingilunlieitn

574 3099 745 3172 ιδι),
778 3096 844 3150 ad
876 3070 1039 3164 quam
1072 3083 1464 3156 archiepiscopi
1494 3097 1616 3136 cum
1661 3078 1871 3134 caeteris
1898 3076 2012 3131 suis
2047 3070 2158 3129 suf-

572 3188 849 3258 lraganeis
916 3194 1167 3237 sanctum
1231 3175 1543 3232 Udalricum
1600 3185 1722 3224 cum
1789 3167 1902 3221 suis
1967 3162 2158 3234 legatis

576 3279 872 3337 I.ouori..ee
903 3274 1289 3333 invitaverunt,
1319 3265 1825 3330 Adalbcronemque
1847 3257 1964 3326 ejus
1998 3268 2159 3324 nepo-

579 3386 684 3427 Iettt
721 3382 845 3423 cum
867 3380 933 3419 eo
969 3363 1153 3417 venire
1175 3360 1548 3414 decreverunt.
1580 3351 1710 3405 Illuc
1737 3363 1865 3403 vero
1891 3361 2016 3402 cum
2038 3357 2162 3413 per-

576 3462 847 3524 venirent,
885 3465 941 3512 et
986 3448 1478 3509 antistitesibidem
1510 3441 1822 3514 congregati
1866 3438 2160 3494 Adalbero-

578 3570 704 3611 netu
751 3548 999 3607 baculum
1046 3539 1407 3614 episcopalem
1447 3535 1658 3608 publice
1699 3540 1920 3603 portare
1965 3541 2165 3598 cogno-

581 3646 804 3707 vissent,
840 3639 960 3695 irati
985 3645 1110 3692 sunt
1137 3641 1331 3687 contra
1351 3645 1501 3692 eum,
1520 3635 1577 3681 et
1594 3622 1842 3679 dicebant
1868 3628 1945 3684 ut,
1975 3627 2167 3673 contra

579 3738 860 3792 canonica:
891 3726 1232 3787 rectitudinis
1283 3720 1547 3792 regulam,
1588 3718 1642 3771 in
1691 3712 1938 3770 haeresim
1985 3710 2170 3779 lapsus

583 3832 803 3892 fuisset,
850 3835 904 3879 et
938 3820 1081 3893 quod
1136 3812 1465 3888 pontiﬁcalis
1518 3811 1780 3865 bonorem
1821 3800 2169 3859 sublimitatis

585 3926 799 3975 vivente
824 3916 1081 3985 episcopo
1107 3910 1210 3964 sibi
1242 3906 1361 3977 plus
1387 3905 1534 3974 justo
1578 3899 1900 3961 vindicaret,
1946 3903 2003 3948 et
2049 3892 2170 3945 ideo

554 4015 558 4018 ⁴
587 4014 726 4065 ultra
754 4024 874 4063 etnn
907 4005 1220 4073 episcopum
1255 3993 1497 4050 ordinari
1549 4005 1655 4045 non
1685 3989 1923 4043 deceret.
1966 3983 2172 4049 Quibus

591 4107 681 4161 ille
712 4101 935 4163 auditis,
960 4098 1133 4168 prima
1166 4092 1254 4147 die
1301 4085 1559 4160 synodale
1589 4081 1917 4151 colloquium
1968 4079 2172 4131 intrare

588 4194 871 4256 devitavit,
929 4198 986 4245 et
1037 4189 1094 4242 in
1149 4184 1255 4238 alia
1305 4182 1468 4235 domo
1520 4190 1643 4232 cum
1701 4169 2177 4229 caeterisvclericis

588 4283 827 4357 episcopi
858 4278 1195 4335 remanebat.
1228 4272 1473 4325 Antistes
1494 4275 1673 4321 autem
1700 4278 1823 4318 cum
1851 4259 2039 4330 paucis
2062 4257 2175 4310 suis

590 4372 885 4445 capellanis
908 4368 1173 4439 synodum
1205 4359 1447 4416 intravit.
1471 4356 1715 4423 Cumque
1744 4352 1883 4406 inter
1920 4365 1977 4402 sc
2005 4347 2178 4416 ponti-

593 4473 726 4524 Iices
769 4461 1037 4532 colloquia
1096 4456 1297 4512 habere
1363 4448 1657 4517 coapissent
1692 4482 1710 4508 ,
1758 4436 2177 4505 uniuscujusque

594 4560 860 4618 rationem
909 4568 1005 4624 per
1045 4545 1331 4603 latinitatis
1380 4539 1704 4595 locutionem
1756 4532 2041 4588 voluerunt
2077 4538 2178 4581 ter-

594 4649 821 4712 minari;
853 4656 1085 4714 cumque
1114 4652 1279 4695 causa
1307 4634 1486 4690 sancti
1510 4626 1750 4686 Udalrici
1781 4625 1970 4679 fuisset
2007 4620 2180 4672 venti-

595 4745 778 4805 Ltnda,
802 4750 858 4795 et
880 4739 995 4804 ille,
1014 4748 1113 4807 pro
1135 4728 1453 4786 inﬁrmitate
1477 4726 1585 4796 (55
1608 4724 1622 4788 )
1642 4760 1661 4783 ,
1684 4729 1789 4773 tam
1813 4729 2008 4769 sonora
2053 4726 2182 4762 voce

598 4850 659 4894 nt
691 4849 799 4892 tela
832 4801 1074 4904 synodus
1105 4824 1292 4878 audire
1320 4818 1608 4889 potuisset,
1642 4810 1909 4865 rationem
1937 4801 2182 4874 proferre

600 4944 707 4983 non
737 4931 942 4995 posset,
971 4915 1342 4972 advocabatur
1370 4921 1509 4961 unus
1537 4917 1667 4957 suus
1704 4896 1939 4953 clericus
1966 4890 2184 4947 nomiae

601 5016 935 5076 Gen-bardus,
964 5010 1056 5079 qui
1080 5020 1236 5061 estra
1275 5000 1539 5072 synodum
1583 5006 1707 5047 cum
1739 4987 2075 5042 Adalberone
2101 4995 2185 5034 re—

508 5096 516 5143 ζ
604 5110 854 5144 ...ηημιιαι
915 5111 973 5144 nt
1007 5116 1105 5144 nm
1131 5112 1195 5144 eo
1224 5070 1475 5144 desiderii
1516 5085 1597 5140 sui
1626 5082 1893 5137 rationem
1941 5089 2035 5144 per
2065 5070 2188 5125 lati-

2224 592 2407 636 notum
2435 590 2517 635 est
2542 578 2868 634 desiderium
2898 590 3096 639 meum,
3125 589 3318 629 enarra
3343 574 3466 636 hoc,
3488 580 3547 627 et
3576 571 3799 626 obsecra

2225 684 2284 727 ιιι
2310 685 2499 727 eorum
2530 669 2770 724 consiliis
2798 676 2855 722 et
2901 664 3368 737 permissionibus,
3418 662 3532 717 Deo
3558 661 3801 729 juvante,

2224 760 2496 832 expletum
2522 760 2634 814 ﬂat.
2658 781 2677 811 ι
2701 758 2852 813 Tunc
2878 756 3135 825 praelatus
3155 753 3382 808 clericus
3407 750 3732 808 Cerbardus
3754 753 3805 805 in

2225 851 2510 923 praesentia
2535 849 2774 905 omnium
2807 848 2981 902 dixit:
3017 864 3036 897 ι
3070 842 3520 900 Excellentissimi
3577 842 3780 911 impera

2229 952 2394 1007 tores,
2418 951 2468 996 et
2494 937 2884 1010 religiosissimi
2929 935 3221 998 antistites,
3246 932 3582 987 desiderium
3610 930 3806 984 domini

2228 1033 2333 1087 mei
2363 1041 2446 1086 est
2486 1032 2793 1099 relinquere
2817 1026 3093 1090 saeculum,
3125 1034 3182 1079 et
3226 1024 3527 1079 secundum
3574 1022 3808 1090 regulam

2229 1122 2402 1178 sancti
2429 1119 2702 1176 Benedicti
2728 1128 2973 1174 sanctam
3008 1116 3146 1171 inire
3166 1116 3353 1181 vitam,
3385 1124 3442 1168 et
3471 1115 3528 1167 in
3565 1122 3804 1167 contem—

2229 1214 2429 1287 plativa
2456 1213 2564 1266 vita
2587 1212 2726 1266 diem
2750 1217 3066 1278 exspectare
3088 1208 3270 1262 obitus
3294 1205 3473 1262 sui.ln
3495 1206 3813 1260 indumento

2231 1324 2329 1378 pro
2356 1315 2504 1361 certo
2526 1304 2740 1377 habitus
2767 1300 3072 1363 exterioris,
3101 1300 3327 1371 potestis
3350 1312 3697 1368 cognoscere
3721 1311 3811 1349 vo-

2233 1398 2494 1453 luntatem
2523 1395 2686 1449 animi
2712 1392 3004 1447 interioris.
3031 1391 3189 1447 IlSliS
3215 1400 3269 1445 et
3291 1390 3412 1445 aliis
3443 1388 3817 1443 rationibnsin

2234 1487 2510 1541 voluntate
2540 1484 2743 1539 domini
2786 1482 2866 1536 sui
2899 1482 2950 1536 in
2980 1483 3140 1536 linem
3187 1480 3455 1546 deductis,
3484 1490 3642 1534 terra
3675 1486 3818 1532 lelth

2236 1577 2432 1634 cecidit
2459 1583 2584 1629 ante
2615 1573 2778 1644 pedes
2808 1572 3196 1640 imperatorum
3231 1579 3288 1625 et
3307 1569 3653 1631 antistitum,
3679 1567 3821 1621 obse-

2239 1684 2400 1725 crans
2434 1678 2492 1720 ttt
2522 1666 2832 1735 petitionem
2857 1662 3058 1716 domini
3088 1662 3170 1716 sui
3195 1659 3496 1715 secundum
3524 1657 3630 1712 Dei
3653 1656 3819 1711 volun-

2245 1771 2408 1816 tatem
2445 1758 2667 1829 implere
2695 1772 2800 1813 non
2824 1754 3263 1825 dedignarentur.
3285 1752 3386 1821 Qui
3411 1750 3589 1807 simul
3620 1765 3819 1819 respou-

2173 1839 2214 1897 Β
2245 1854 2404 1908 dendi
2430 1853 2675 1908 inducias
2705 1865 2876 1921 usque
2902 1851 2955 1904 iu
3004 1848 3301 1904 crastinum
3347 1845 3493 1900 diem
3530 1845 3823 1915 postulave—

2247 1953 2393 2007 ruut,
2423 1951 2475 1997 et
2499 1951 2682 2012 postea
2720 1941 2862 1995 inter
2889 1954 2947 1993 se
2969 1936 3382 1991 aestimaverunt
3408 1933 3659 2002 qualiter
3679 1945 3821 1985 eausa

2246 2033 2599 2089 Adalberonis
2624 2031 3028 2085 terminaretur.
3078 2026 3307 2093 Quidam
3361 2038 3496 2077 vero
3558 2023 3825 2092 episcopo-

2250 2141 2367 2178 rmn
2390 2122 2664 2192 adjutores
2691 2122 3051 2177 Adalberouis
3083 2119 3406 2184 luerunt,ne
3426 2130 3665 2186 prorsus
3689 2133 3717 2167 a
3745 2128 3824 2181 spe

2248 2214 2569 2284 episcopalis
2592 2210 2971 2273 ordinationis,
3004 2218 3124 2279 post
3151 2209 3312 2261 vitam
3347 2205 3612 2259 avunculi
3644 2204 3721 2257 sui
3746 2220 3825 2256 ex-

2250 2306 2581 2360 cluderetur.
2616 2301 2741 2356 Hrcc
2769 2315 2891 2355 cum
2924 2299 3066 2353 inter
3091 2311 3150 2351 se
3173 2291 3825 2355 sertnocinarcntur,ulti-

2252 2413 2338 2450 ma
2386 2396 2439 2449 iu
2494 2408 2659 2446 unmn
2691 2390 2901 2445 ratione
2922 2388 3232 2451 coadunati,
3255 2400 3448 2440 omnes
3471 2383 3640 2439 simul
3666 2384 3826 2435 liram-

2254 2493 2447 2542 verunt
2464 2482 2676 2557 [quod],
2692 2483 2793 2537 nisi
2820 2480 3087 2536 Adalbero
3108 2493 3166 2533 se
3187 2483 3540 2533 sacramento
3564 2480 3825 2529 excusaret

2254 2581 2398 2650 quod
2429 2594 2534 2632 non
2581 2578 2747 2631 sciret
2774 2573 3022 2629 haeresim
3052 2584 3273 2625 manere
3302 2567 3432 2636 quia
3478 2562 3821 2634 episcopalem

2255 2670 2549 2741 potentiam
2586 2681 2708 2720 ctnn
2737 2661 2928 2717 baculo
2956 2658 3209 2729 arripuit,
3237 2655 3386 2709 nullo
3425 2654 3596 2708 tnodo
3626 2651 3822 2704 ulterius

2258 2761 2503 2833 legaliter
2541 2757 2830 2828 episcopus
2857 2751 2977 2806 licri
3022 2749 3308 2820 potuisset.
3356 2745 3553 2798 Altera
3587 2757 3715 2795 vero
3752 2742 3821 2793 die

2259 2832 2380 2910 cum
2407 2853 2663 2922 episcopo
2691 2848 2855 2902 etiam
2886 2844 3154 2900 Adalbero
3179 2838 3428 2911 synodali
3455 2836 3706 2890 interfuit
3733 2832 3823 2884 col-

2260 2948 2465 3019 loquio,
2492 2954 2568 3010 et,
2592 2958 2714 2999 cum
2755 2942 2804 2996 ei
2846 2939 3160 3010 prmdictum
3209 2934 3417 2988 crimen
3465 2930 3823 2999 imputaretur,

2264 3041 2448 3098 multis
2467 3032 2861 3108 objectionibus
2886 3030 3223 3086 diversorqu
3274 3022 3681 3090 colloquiorum
3723 3032 3821 3069 cum

2264 3134 2379 3192 suis
2399 3127 2737 3202 adjutoribus
2764 3140 2793 3178 a
2816 3121 3078 3193 praedicto
3101 3117 3328 3172 crimine
3352 3129 3412 3168 se
3429 3113 3717 3168 deleniere
3737 3117 3825 3163 sta‘

2186 3203 2231 3265 C
2266 3228 2385 3281 tuit.
2419 3223 2531 3277 lloc
2556 3235 2678 3275 cum
2708 3217 2756 3272 ei
2787 3214 3043 3271 adunalio
3070 3209 3309 3266 omnium
3335 3206 3716 3276 episcoporum
3739 3215 3822 3254 una

2263 3312 2612 3373 consentiret,
2637 3306 2933 3364 secundum
2960 3317 3071 3374 pra:
3093 3300 3289 3354 dictum
3306 3291 3827 3360 destinatione-meai-

2263 3420 2553 3478 scoparum
2566 3408 2964 3457 sacramentum
2979 3392 3228 3464 perfecit,
3242 3403 3337 3460 per
3348 3405 3553 3443 nomen
3585 3385 3769 3447 Patris,
3785 3389 3825 3433 cl

2261 3474 2722 3564 Filii,etSpiritus
2744 3488 2915 3543 sancti
2941 3500 3101 3554 super
3122 3492 3354 3551 quatuor
3369 3478 3694 3548 Evangelia.
3710 3474 3830 3526 Tunc

2269 3595 2468 3649 iterum
2496 3588 2784 3657 episc0pus
2815 3579 3099 3636 Udalricus
3126 3573 3403 3646 petitionis
3437 3587 3552 3624 sua:
3580 3579 3830 3638 responsa.

2268 3700 2388 3754 qua:
2431 3678 2606 3750 pridie
2651 3673 3047 3744 procrastinata
3093 3668 3330 3726 luerunt,
3388 3678 3491 3731 per
3546 3661 3831 3729 pudicum:

2271 3790 2426 3831 suum
2455 3771 2714 3827 clericum
2738 3762 3021 3834 expetivit,
3044 3759 3171 3828 quia
3196 3742 3534 3810 desideravit
3561 3759 3623 3802 ut
3648 3741 3833 3818 ρηεὲιιι-
3888 3772 3889 3777 η

2275 3878 2359 3922 tus
2380 3878 2509 3920 suus
2532 3874 2698 3930 nepos
2723 3858 3012 3925 episcopus
3040 3847 3407 3905 ordinaretur,
3436 3851 3494 3896 et
3528 3841 3647 3901 ille,
3673 3850 3832 3890 seruu-

2274 3962 2398 4013 dum
2433 3951 2668 4023 regulam
2703 3945 2876 4001 sancti
2909 3938 3205 4001 Benedicti,
3254 3936 3308 3988 in
3356 3932 3697 3986 monasterio
3736 3938 3835 3979 cum

2273 4062 2461 4102 corum
2489 4053 2755 4096 consensu
2806 4032 3082 4089 deservire
3113 4035 3437 4082 mereretur.
3471 4020 3721 4091 Episcopi
3762 4032 3836 4068 auo

2278 4150 2409 4201 tem,
2435 4131 2684 4204 quamvis
2736 4128 2815 4180 cis
2843 4141 2908 4179 ex
2942 4133 3054 4178 toto
3082 4136 3190 4174 non
3224 4118 3485 4187 placeret,
3513 4121 3703 4184 aperte
3734 4108 3776 4161 ei
3796 4108 3836 4158 in

2277 4230 2481 4299 synodo
2508 4218 2888 4276 contradicere
2921 4213 3142 4268 noluere
3173 4207 3493 4279 petitionem
3537 4216 3720 4266 suam;
3762 4195 3836 4249 sed

2281 4310 2665 4387 sapientissimi
2692 4322 2759 4363 ex
2802 4305 2954 4375 ipsis,
2986 4316 3105 4355 cum
3155 4298 3383 4353 consilio
3413 4294 3670 4354 aliorum,
3712 4297 3837 4344 extra

2280 4408 2545 4479 synodum
2592 4414 2716 4456 eum
2769 4393 3046 4450 ambulare
3103 4405 3225 4445 ('IIIII
3281 4387 3388 4440 illis
3438 4383 3838 4454 postulaverint,

2284 4502 2465 4566 ibique
2491 4507 2615 4548 cum
2670 4503 2735 4543 eo
2783 4495 2981 4539 etcum
3030 4480 3143 4534 suis
3192 4478 3406 4531 clericis
3455 4466 3841 4541 sapientissimis

2288 4599 2561 4649 secretam
2581 4582 2909 4640 locutionem
2934 4578 3195 4636 habuere,
3221 4572 3492 4625 dicentes:
3514 4584 3535 4616 ι
3559 4561 3839 4619 Rcvereude

2289 4690 2472 4746 Pater,
2500 4681 2588 4738 cui
2629 4688 2764 4735 nota.
2784 4684 2868 4731 est
2895 4670 3136 4726 omnium
3167 4661 3666 4720 ecclesiasticarum
3709 4653 3841 4708 libri»

2293 4794 2410 4834 tum
2442 4771 2708 4833 normula,
2734 4767 2829 4837 qui
2849 4778 3062 4833 semper
3089 4758 3282 4814 callent
3315 4751 3660 4809 r:ctitudiuis
3686 4746 3844 4801 anitu-

2292 4868 2417 4925 Iusti.
2465 4881 2570 4919 non
2607 4860 2893 4921 deviando,
2922 4871 3025 4908 non
3051 4853 3205 4906 decet
3235 4855 3295 4901 ιιι
3324 4859 3493 4908 nunc,
3549 4842 3703 4895 istam
3728 4836 3845 4888 viam

2292 4974 2455 5032 quam
2485 4969 2701 5023 semper
2730 4946 2947 5003 tenuisti
2993 4943 3279 5003 omitte-ns,
3322 4932 3678 4991 seminarium
3706 4942 3765 4981 ex
3807 4934 3847 4974 te

2295 5060 2474 5108 sumat
2503 5022 2627 5104 talis
2657 5058 2832 5105 error,
2869 5049 2929 5092 ut
2969 5037 3106 5091 altus
3139 5036 3192 5088 iu
3228 5032 3347 5086 loco
3379 5040 3496 5090 tuo,
3546 5034 3600 5078 te
3644 5022 3844 5074 vivente.

3144 5123 3267 5144 .-.n:.—
3317 5115 3650 5144 A.\AI-III‘.III.A
