3972 5428
162 329 189 385 Ι
208 323 319 387 διδ

1721 328 1900 388 “TA.

3290 333 3428 391 1οη

158 450 421 523 Nuriiuis
451 448 760 506 scandalum
796 445 1005 515 facias;
1054 446 1178 520 quia
1209 462 1275 504 ex
1321 452 1374 503 te
1417 448 1659 504 canonici
1695 458 1749 502 et
1778 465 1823 521 Α
1856 442 2110 501 tricestitia
2140 442 2193 499 in
2241 444 2386 499 suas'
2408 447 2610 503 reversi
2669 456 2793 503 sunt
2844 448 3175 514 mansiones,
3226 464 3417 519 proco

160 544 424 605 monachi
455 540 979 598 ctsanctimouialcs
1013 550 1068 595 et
1113 540 1294 596 caeteri
1341 539 1627 595 Christiani
1677 540 1745 593 ad

159 635 515 691 rectitudinis
544 643 745 690 statum
770 632 967 688 debent
988 632 1308 701 constringi,
1342 631 1432 701 qui
1463 646 1524 685 ex
1552 641 1747 685 semet-

162 730 307 794 ipsis
328 742 423 798 per
444 726 659 782 climata
685 727 880 780 cadere
903 723 1183 780 festinant.
1212 724 1313 791 Qui
1336 733 1516 778 autem
1534 723 1745 777 incaute

160 816 499 871 ambulando
548 816 880 879 ceciderunt,
921 830 987 869 ex
1035 825 1109 878 te,
1159 811 1269 868 Deo
1319 812 1567 883 jnvautc,
1614 813 1748 885 erigi

157 927 331 983 posse
360 911 606 981 sperandi
636 919 781 964 sunt.
814 908 890 964 De
936 917 1128 978 nepote
1176 918 1356 961 autent
1400 916 1490 959 tuo
1518 903 1752 959 Adalbeo

158 1015 307 1057 rene
338 1012 442 1055 tua:
468 1000 724 1054 voluntati
749 996 1154 1061 satisfaciendo,
1179 998 1230 1051 iu
1260 1011 1545 1051 commune
1570 992 1755 1048 firma-

159 1111 298 1149 mus
356 1103 418 1149 ut
454 1090 632 1148 nullus
657 1091 794 1146 alius
820 1107 849 1145 a
881 1089 1039 1145 nobis
1085 1097 1207 1159 post
1239 1099 1385 1143 tuum
1429 1088 1747 1150 discessum,

158 1183 234 1237 ad
264 1182 417 1236 illum
450 1182 628 1235 locum
656 1181 707 1235 in
734 1195 841 1249 quo
878 1188 930 1233 tu
963 1187 1150 1249 pastor
1178 1176 1393 1241 existis,
1424 1190 1491 1231 co
1535 1176 1752 1231 vivente

158 1273 456 1325 ordinetur
486 1271 586 1325 nisi
618 1271 750 1340 ipse.
782 1268 876 1322 llis
898 1267 1137 1323 consiliis
1167 1266 1514 1322 consentiens
1536 1274 1754 1318 sanctus

161 1363 462 1432 cpiscopus
499 1359 802 1422 UdJrieus,
834 1373 959 1413 cum
996 1358 1075 1412 eis
1108 1356 1160 1410 in
1189 1356 1452 1427 synolum
1484 1354 1755 1423 regredie-

165 1454 363 1517 batur,
408 1461 465 1506 et
506 1459 631 1506 tunc
677 1464 799 1504 (um
846 1462 1111 1502 consensu
1157 1446 1384 1500 aliorum
1429 1442 1751 1507 antistitum,

162 1543 306 1599 fecit
329 1545 396 1597 ab
416 1544 741 1613 imperatore
756 1536 1082 1594 Adalberoni
1102 1534 1466 1591 commendari
1492 1534 1545 1587 in
1567 1548 1753 1588 eorum

163 1632 488 1704 pimsentia,
520 1630 957 1701 procurationem
986 1626 1067 1681 sui
1119 1625 1340 1691 habere,
1391 1623 1591 1678 ct'snb
1636 1622 1755 1693 ipso

164 1724 346 1778 totius
372 1724 716 1793 episcopatus
741 1729 952 1775 cautam
982 1716 1392 1787 dispositionem
1417 1714 1470 1768 in
1497 1713 1755 1768 omnibus

1845 536 1989 607 quod
2011 551 2075 589 ex
2105 534 2265 590 nobili
2287 550 2485 607 genere
2506 548 2710 604 ortum,
2732 550 2787 595 ct
2809 539 3134 607 formosum,
3164 548 3218 595 et
3239 557 3427 612 gram-

1851 628 2064 682 matica:
2086 627 2222 682 artis
2254 627 2390 682 bene
2417 628 2655 692 doctum,
2683 640 2737 685 et
2757 631 2811 685 in
2840 632 2929 687 Dei
2953 632 3178 687 servitio
3205 634 3423 689 studio-

1850 731 1993 782 sum,
2017 725 2072 770 et
2094 716 2145 770 in
2169 716 2323 771 bonis
2351 718 2606 787 operibus
2632 727 2932 785 strenuum,
2959 729 3014 776 et
3039 722 3091 776 iu
3114 720 3422 792 eloquentia

1851 804 2125 859 duleisona
2181 813 2419 869 cautum,
2453 805 2507 859 in
2545 806 2793 861 donando
2838 808 3063 879 largum,
3100 809 3151 864 iu
3180 811 3425 866 adversis

1853 896 2083 949 aliorum
2113 898 2350 962 tristem,
2393 897 2681 953 multarum
2713 900 2973 955 virtutum
3022 902 3294 972 opulentia
3329 920 3425 959 cu-

1852 986 2133 1050 mulatum,
2179 988 2230 1041 in
2260 987 2532 1057 adjutorio
2570 996 2892 1043 miserorum
2919 990 3202 1059 festiuum,
3238 993 3429 1047 multi-

1852 1076 2008 1131 moda
2040 1076 2411 1133 benevolentia
2453 1090 2705 1133 ornatum
2736 1081 2931 1149 virum,
2979 1090 3087 1137 tam
3117 1083 3226 1138 cito
3260 1084 3427 1154 depo-

1851 1166 2013 1221 situm
2043 1166 2362 1221 omiserunt.

1924 1252 2088 1309 XXV.
2159 1256 2462 1328 Religiosus
2510 1268 2690 1316 autem
2726 1262 2990 1331 antistes,
3038 1264 3205 1323 misso
3248 1266 3437 1340 legato

1855 1345 2118 1400 nuntiavit
2146 1346 2457 1419 imperatori
2487 1351 2692 1406 obitum
2733 1354 2980 1424 praedicti
3010 1357 3223 1428 nepotis
3244 1359 3348 1426 sui,
3370 1368 3435 1416 et

1854 1436 2130 1493 abbatiam
2164 1439 2437 1497 Uteubura
2473 1445 2826 1511 nominatam,
2863 1462 2985 1517 qum
3008 1448 3109 1519 ipsi
3136 1465 3166 1504 a
3195 1465 3292 1506 sua
3318 1451 3419 1508 im»

1850 1526 2044 1594 periali
2089 1528 2331 1597 potentia
2373 1546 2633 1588 concessa
2676 1543 2819 1600 erat,
2869 1537 3162 1605 postulavit
3191 1539 3293 1596 sibi
3326 1540 3437 1597 dom

1855 1618 1998 1681 nari,
2022 1633 2129 1672 non
2156 1634 2318 1674 causa
2365 1622 2633 1689 avaritiae,
2670 1624 2763 1679 sed
2789 1640 2854 1681 ea
2877 1627 3176 1684 intentione
3206 1638 3264 1685 ut
3312 1645 3431 1686 cm-

1856 1706 2060 1762 nobitis
2097 1708 2292 1765 ibidem
2363 1713 2474 1768 Deo
2544 1716 2906 1774 servientibus
2979 1718 3429 1777 deliberationem

158 1812 495 1883 adimplere.
531 1810 736 1865 Taliter
761 1824 888 1863 vero
926 1808 1043 1862 istis
1092 1804 1419 1869 terminatis,
1460 1804 1613 1857 finita
1666 1816 1751 1873 sy~
1787 1806 1828 1865 Β
1857 1812 2020 1867 quam
2046 1798 2133 1855 ille
2155 1801 2236 1855 eis
2257 1810 2415 1856 antea
2441 1806 2810 1876 conscriptam
2839 1817 2894 1863 et
2920 1807 3212 1880 sigillatum
3237 1811 3304 1865 ab
3329 1826 3433 1869 co-

164 1903 341 1969 uado,
375 1902 661 1972 cpiscopus
710 1910 764 1954 ct
812 1898 1080 1955 Adalbero
1134 1911 1255 1952 cum
1308 1894 1421 1949 suis
1455 1894 1752 1966 Augustam

163 1995 594 2049 revertebantur
623 1998 639 2061 (
660 1992 729 2049 56
753 1992 793 2060 ).

239 2080 439 2136 XXIV.
465 2080 726 2134 Praedicta
753 2093 880 2133 vero
920 2076 1157 2148 synodus
1198 2076 1251 2130 in
1293 2072 1592 2130 autumnali
1621 2080 1753 2129 tem-

166 2187 306 2243 pore
331 2180 550 2242 peracta
575 2178 690 2235 est;
721 2178 777 2224 et
804 2168 856 2222 in
903 2176 1063 2222 antea
1114 2165 1363 2222 Paschali
1391 2174 1632 2235 tempore
1662 2164 1754 2217 ad—

167 2265 455 2327 veniente,
515 2271 702 2319 sancta
749 2259 1083 2316 hebdomada
1139 2258 1310 2324 finita,
1373 2259 1657 2329 episcopus
1702 2265 1753 2309 ct

166 2356 466 2419 Atlalbero,
496 2353 801 2409 amabiliter
838 2360 1065 2406 vocante
1099 2349 1369 2404 llinuvino
1401 2346 1750 2421 [Riehuvino]

167 2448 405 2513 comite,
447 2445 712 2517 Dietpaidi
738 2443 922 2498 fratris
952 2444 1183 2514 episcopi
1216 2443 1342 2507 lilio,
1376 2443 1443 2497 ad
1473 2442 1751 2497 castellum

169 2537 388 2607 bilinga
442 2535 775 2589 nominatum
836 2542 1120 2596 venerunt,
1163 2543 1220 2587 ιιι
1277 2533 1348 2587 ibt
1387 2532 1592 2602 aliquot
1639 2532 1754 2585 dies

167 2624 502 2679 charitative
550 2638 674 2677 cum
730 2636 795 2677 co
823 2632 877 2677 et
932 2638 1054 2677 cum
1088 2621 1285 2677 femina
1322 2621 1439 2692 ejus
1491 2620 1753 2693 Hiltegnt

169 2715 461 2769 nominata
476 2720 777 2767 manerent.
801 2711 1001 2785 Paucis
1020 2712 1203 2782 itaque
1233 2712 1420 2767 diebus
1442 2713 1750 2776 transactis,

168 2803 449 2859 Adalbero
480 2802 553 2856 ibi
592 2817 714 2855 cum
765 2800 1110 2873 phlebotemo
1150 2803 1252 2857 sibi
1304 2802 1752 2873 phlebotemaudo

169 2893 498 2967 sanguinem
548 2891 715 2947 minui
766 2891 996 2958 fecit,et
1021 2901 1205 2963 postea
1242 2908 1362 2947 cum
1414 2894 1751 2965 episcopOad

170 2998 392 3041 cmnam
428 2983 695 3048 consedit,
740 2992 794 3037 ct
829 2983 897 3038 de
924 2996 1078 3038 cazna
1125 2999 1352 3053 surgnns
1382 2984 1433 3038 in
1465 2985 1658 3038 lectum
1696 2999 1754 3038 se

171 3080 243 3132 ad
283 3074 735 3147 requiescendum
788 3075 1055 3145 deposuit.
1110 3074 1354 3145 Cumque
1386 3077 1753 3146 unusquisq::e

1855 1886 1977 1941 dem
2034 1890 2359 1961 imperatore
2418 1894 2607 1951 donari
2648 1898 2981 1969 impetravit,
3027 1903 3430 1975 restituercpo-

1858 1979 2070 2036 luisset.
2135 1981 2435 2055 Imperator
2485 1998 2666 2045 autem
2720 2006 2819 2062 per
2872 1996 3119 2049 eumdem
3176 1996 3440 2050 nuntium

1855 2068 2126 2125 abbatiam
2175 2075 2468 2142 concessit,
2521 2086 2575 2132 et
2620 2080 3043 2137 consolationem
3095 2099 3342 2155 magnam
3372 2092 3435 2140 ct,

1853 2161 2230 2218 multimodam
2274 2165 2505 2223 salutem
2561 2174 2916 2228 rentandavit.
2971 2172 3203 2230 Nuntius
3245 2184 3434 2231 autem.

1854 2266 1978 2307 cum
2006 2264 2394 2323 reverteretur,
2428 2258 2634 2316 invenit
2671 2262 2982 2333 episcopum
3011 2264 3064 2319 in
3085 2263 3206 2321 loco
3229 2265 3317 2334 qui
3346 2266 3427 2319 di-

1853 2340 1997 2397 citur
2022 2340 2347 2415 Staphense,
2399 2356 2455 2403 et
2484 2349 2599 2405 lucc
2625 2351 2881 2421 praedicta
2929 2355 3191 2409 narravit.
3235 2353 3439 2411 Paucis.

1856 2447 1986 2488 vero
2032 2434 2221 2492 diebus
2244 2447 2429 2507 postea
2480 2440 2762 2508 revolutis,
2816 2443 2993 2501 adhuc
3024 2445 3124 2516 ipsi
3154 2446 3208 2501 in
3236 2448 3435 2506 eodem

1852 2525 1972 2589 loco
1996 2528 2232 2583 manenti
2260 2544 2358 2600 per
2390 2532 2639 2586 nuntium
2671 2535 2980 2605 quemdam,
3011 2536 3278 2594 orationis
3313 2540 3429 2597 suf-

1851 2615 2022 2689 fragia
2058 2632 2158 2687 pro
2182 2620 2360 2675 anima
2384 2620 2730 2693 imperatoris
2748 2634 3083 2696 poscentem,
3109 2628 3289 2686 obitus
3311 2630 3437 2701 ejus-

1852 2708 1929 2763 illi
1952 2710 2392 2767 ammntiabatur.
2419 2712 2546 2770 lude
2568 2730 2697 2771 vero
2722 2732 2846 2773 cum
2875 2718 2942 2774 ad
2969 2721 3270 2791 Augustam
3300 2725 3423 2781 red-

1852 2800 1976 2867 iret,
2028 2813 2293 2859 venerunt
2340 2814 2566 2877 nepotes
2603 2808 2718 2879 sui,
2753 2809 3018 2866 lliuvinns
3065 2826 3247 2870 comes
3281 2813 3441 2870 filius-

1852 2893 2039 2951 fratris
2090 2896 2171 2951 sui
2205 2897 2494 2969 Dietpaldi,
2518 2909 2575 2956 et
2624 2900 2902 2973 llupaldus
2931 2920 3118 2962 comes
3150 2905 3290 2964 filius
3319 2907 3437 2965 frar.

1855 2985 1955 3039 tris
1980 2986 2061 3040 sui
2091 2987 2419 3061 ﬂanegoldi,
2460 3000 2515 3047 et
2544 3004 2868 3064 rogaverunt
2911 2995 3058 3051 illum
3090 3006 3146 3053 ut
3177 3009 3437 3072 pergeret

1858 3075 1925 3130 ad
1964 3078 2217 3148 oppidum
2271 3081 2414 3151 quod
2468 3084 2779 3139 nominatur
2809 3085 3188 3159 Witcs.-l.‘nga,
3227 3098 3282 3144 et
3322 3090 3440 3145 illis.

172 3170 244 3225 ad
285 3184 414 3225 suas
465 3168 773 3225 divertisset
821 3169 1153 3235 mansiones,
1187 3169 1373 3224 eadem
1403 3179 1558 3224 nocte
1601 3172 1748 3224 Sliiﬁi'
1779 3156 1824 3221 C
1856 3177 2185 3226 monstraret
2212 3171 2497 3229 ecclesiam
2524 3174 2597 3230 ibi
2620 3175 2801 3244 sitam,
2828 3177 2917 3233 ubi
2956 3194 3185 3250 corpora
3206 3195 3433 3237 suorum

177 3269 343 3316 tanea
368 3269 541 3315 morte
561 3257 831 3313 Adalhero
851 3257 1135 3313 defunctus
1160 3266 1264 3323 est,
1290 3276 1377 3312 an.
1416 3259 1538 3313 973.
1588 3259 1753 3315 liere-

176 3352 395 3420 vviugus
452 3347 567 3417 ejus
621 3349 923 3418 presl.yter,
974 3364 1095 3402 eum
1146 3348 1210 3400 ad
1251 3347 1604 3402 nuntiandum
1650 3351 1752 3404 hoc

172 3441 433 3511 episcopo
457 3437 763 3494 cubiculum
787 3436 905 3507 ejus
933 3438 1182 3502 intraret,
1227 3437 1510 3508 episcopus
1540 3453 1750 3493 sermo-

172 3545 303 3586 nem
339 3532 453 3598 ejus
476 3530 830 3598 praeveniens,
856 3530 990 3582 dixit
1018 3530 1089 3583 illi
1111 3546 1123 3582 :
1161 3547 1178 3579 ι
1211 3530 1346 3584 Ecce
1365 3530 1633 3583 Adalbero
1656 3530 1751 3583 de-

172 3621 526 3672 functusesu
549 3616 675 3671 :Cui
693 3617 781 3670 ille
813 3618 1115 3685 respondit:
1139 3636 1155 3667 ι
1172 3618 1293 3671 Ideo
1315 3633 1414 3688 ego
1432 3617 1537 3671 huc
1559 3616 1753 3671 intravi

173 3715 239 3761 ιιι
271 3706 364 3759 tibi
393 3706 493 3759 hoc
555 3705 884 3769 nuntiarem,
920 3705 1099 3760 nullus
1127 3707 1265 3760 alius
1301 3722 1386 3761 me.
1428 3707 1660 3776 praeibat
1685 3707 1752 3760 ad

173 3804 254 3859 te,
272 3802 328 3850 et
351 3793 617 3864 quomodo
636 3794 737 3848 hoc
750 3793 890 3847 scire
915 3794 1171 3863 potuisti?
1197 3816 1214 3847 ι
1233 3795 1329 3850 Cui
1345 3796 1432 3851 ille
1445 3798 1747 3868 respondit:

180 3904 203 3936 ο
234 3884 415 3949 Vade,
441 3891 497 3938 et
527 3882 726 3937 suscita
748 3882 1031 3936 lliuvinum
1054 3896 1110 3951 et
1140 3899 1327 3940 omnes
1358 3887 1445 3956 qui
1475 3888 1766 3943 nobiscum

173 3983 330 4039 sunt,
363 3981 422 4026 ut
465 3972 575 4027 cito
622 3980 928 4043 praeparent
970 3972 1273 4028 vehiculum
1320 3984 1376 4029 ut
1403 3990 1598 4046 corpus
1635 3978 1753 4049 ejus

175 4067 477 4136 Augustam
507 4064 776 4120 civitatem
815 4065 1096 4121 ducamus.
1131 4086 1148 4120 ι
1205 4067 1501 4139 Episcopus
1549 4078 1751 4139 autem,

180 4156 367 4211 missis
394 4154 460 4208 ad
491 4154 783 4225 Augustam
846 4153 1055 4226 legatis,
1113 4158 1368 4228 prmcepit
1398 4168 1456 4214 ut
1501 4159 1555 4213 in
1578 4161 1755 4217 eccle-

178 4246 278 4299 sia:
297 4244 510 4298 Sancte
538 4241 680 4297 Afrae
702 4242 1005 4312 Sepulcrum
1037 4244 1152 4312 ejus
1175 4246 1329 4316 juxta
1363 4247 1535 4318 ipsius
1570 4251 1754 4322 sepul-

180 4350 332 4390 crum
358 4348 775 4406 pur-pararetur,
806 4335 947 4404 quod
974 4344 1028 4389 et
1060 4336 1138 4391 sic
1180 4336 1379 4392 factum
1405 4348 1508 4394 est.
1548 4339 1640 4395 ille
1660 4356 1754 4395 au-

182 4435 293 4479 tem
323 4440 444 4479 cum
479 4424 562 4478 his
605 4424 839 4493 quicum
873 4425 985 4495 ipso
1033 4436 1211 4493 erant,
1258 4430 1515 4499 imposuit
1550 4446 1749 4502 corpus

181 4523 458 4584 carpento,
489 4522 543 4568 et
563 4514 880 4583 antepositis
905 4516 1061 4584 equis
1100 4517 1394 4588 Augustam
1445 4522 1591 4575 vexit
1622 4538 1744 4577 cum
1776 4512 1827 4573 υ

180 4603 486 4674 frequentia
511 4605 711 4674 populi.
746 4603 1096 4660 Matricularii
1125 4618 1301 4662 autent
1348 4625 1469 4664 cum
1502 4614 1755 4669 crucibus

181 4705 238 4750 et
257 4711 395 4766 aqua
418 4696 696 4751 benedicta
748 4705 799 4750 et
827 4698 1001 4752 cereis
1036 4708 1091 4753 et
1117 4699 1356 4765 incenso,
1382 4711 1436 4757 et
1475 4719 1596 4759 cum
1638 4720 1753 4760 ma-

184 4801 285 4856 gna
319 4784 655 4839 multitudine
682 4785 897 4839 familiae
917 4787 1203 4856 cmteriquc
1234 4791 1411 4860 populi
1459 4797 1751 4865 appropiu~

182 4878 367 4948 quanti
394 4887 769 4943 occurrerunt,
804 4889 877 4945 et,
901 4880 1196 4934 honoriﬁce
1218 4883 1595 4953 suscipientes,
1626 4902 1750 4948 cum

186 4969 436 5039 congruis
480 4968 820 5023 orationibus
890 4980 945 5025 et
983 4969 1439 5030 modulationibus
1484 4977 1753 5047 pertinaci-

187 5068 311 5111 runt
345 5060 411 5113 ad
458 5058 634 5114 locum
663 5059 917 5131 sepulcri,
959 5071 1013 5115 et
1045 5061 1140 5127 ibi,
1185 5062 1421 5132 expletis
1462 5066 1663 5137 vigiliis
1698 5078 1754 5124 et

188 5150 506 5190 animm-ilum
536 5166 634 5190 ιιι-η
659 5151 774 5190 nine
799 5151 974 5190 animo
1002 5151 1111 5190 “an
1150 5152 1343 5190 nltlntic
1401 5156 1586 5190 Iunonia
1640 5160 1749 5190 nn:,

1852 3269 2138 3330 parentum
2188 3270 2348 3318 terrae
2394 3266 2772 3323 commendata
2801 3268 3014 3326 fuerant
3043 3270 3133 3343 (de
3160 3289 3261 3344 qua
3313 3274 3427 3347 ipse

1852 3365 1995 3420 δευρί)
2025 3366 2120 3407 eos
2147 3361 2303 3410 antea
2355 3359 2680 3426 praemonuit
2723 3368 2779 3413 ut
2807 3373 2925 3415 eam
2978 3363 3347 3431 meliorarcnt,
3374 3350 3462 3430 et.

1853 3440 2042 3496 eadem
2088 3458 2315 3515 corpora
2371 3446 2424 3500 iu
2462 3446 2612 3502 illum
2669 3450 3083 3517 concluderent,
3121 3466 3190 3506 ne
3221 3452 3358 3507 ultra
3396 3470 3465 3517 a.z

1852 3531 2048 3601 pluviis
2069 3534 2346 3590 domatum
2374 3536 2830 3612 infunderentur),
2856 3543 3453 3620 ordiuare,ctquant:c,

1855 3624 2242 3693 magnitudinis
2296 3641 2415 3682 eam
2449 3626 2628 3685 facere
2672 3631 3004 3687 debuissent.
3031 3636 3266 3689 Sanctus
3298 3652 3449 3699 vero.

1853 3714 2164 3785 episcopus,
2189 3719 2440 3787 quamvis
2490 3721 2797 3778 certissime
2849 3725 3017 3780 sciret
3069 3726 3122 3783 in
3182 3730 3447 3799 proximo.

1854 3819 2076 3860 manere
2129 3809 2617 3876 sequestrationem
2671 3814 2919 3882 corporis
2967 3825 3021 3869 et
3062 3817 3258 3872 anima:
3294 3834 3439 3887 sua?”

1856 3900 2033 3949 tamen
2066 3909 2162 3963 pro
2191 3895 2373 3952 divino
2414 3913 2600 3955 amore
2641 3910 2695 3955 ct
2738 3917 2834 3978 pro
2862 3917 3049 3967 eorum
3072 3906 3437 3973 amabilitate,

1854 3982 1981 4039 illuc
2032 3987 2293 4056 perrexit,
2345 4000 2400 4044 et
2442 3990 2667 4061 provida
2696 3993 3306 4055 ordinationeeamdcm
3334 4014 3438 4054 ec--~

1856 4074 2076 4130 clcsiam
2110 4092 2274 4148 super
2319 4081 2549 4149 praelata
2594 4097 2821 4162 corpora
2867 4084 3184 4161 amplificari
3229 4089 3437 4158 perdo-.

1855 4166 1990 4232 cuit,
2044 4166 2227 4238 ibique
2252 4185 2373 4225 cum
2409 4174 2695 4248 nepotibus
2729 4176 2845 4231 suis
2866 4177 3072 4247 aliquot
3100 4164 3288 4236 diebus
3315 4172 3443 4241 mor.

1857 4267 2008 4321 ratus
2039 4268 2144 4325 est,
2169 4271 2227 4315 et
2276 4261 2401 4318 inde
2449 4265 2516 4320 ad
2546 4266 2826 4327 castellum
2875 4268 3297 4345 Sunnemotinga
3328 4274 3437 4347 [ιώ.

1857 4347 2697 4430 Sunnennotinga)nominatum,
2733 4368 2956 4432 propter
2984 4364 3295 4434 petitionem
3323 4365 3431 4421 Ma-

1855 4439 2067 4509 negoldi
2092 4440 2277 4503 fratris
2300 4445 2539 4515 praedicti
2567 4447 2944 4519 Adalberonis,
2979 4454 3244 4522 pervenit.
3271 4453 3430 4511 Cum-

1855 4544 1961 4600 que
1985 4531 2036 4584 in
2067 4532 2262 4594 itinere
2286 4544 2574 4606 antequam
2604 4539 2732 4595 illuc
2761 4543 3128 4612 pervenirent,
3156 4545 3208 4598 in
3237 4561 3428 4616 campo

1855 4624 2501 4697 propterhet'bamJuXta
2527 4629 2706 4684 villam
2727 4647 2849 4704 qua:
2864 4634 3439 4701 diciturGei-ilchona,.

1854 4715 2224 4775 castrametati
2275 4714 2528 4784 fuissent,
2558 4734 2680 4777 cunt
2726 4722 2807 4779 sol
2840 4724 3054 4778 occasui
3098 4726 3280 4780 radios
3322 4742 3433 4799 sine

1855 4803 1992 4858 lucis
2042 4804 2286 4862 inserere
2333 4809 2639 4880 coepisset,~
2673 4813 2823 4870 venit
2869 4813 3091 4889 quidam
3139 4816 3303 4871 homo
3339 4818 3429 4887 qui

1778 4947 1782 4950 ι
1856 4895 1993 4956 dixit
2016 4894 2718 4971 (ihunradumepiscopum
2765 4903 3068 4960 certissime
3118 4906 3429 4963 defunctum

1857 4982 2065 5052 fuisse“;
2104 4995 2159 5041 et
2185 4989 2485 5052 nominavit
2511 4990 2652 5047 diem
2682 4992 2863 5053 obitus
2893 4995 2999 5059 sui,
3030 5003 3086 5051 et
3107 4996 3249 5053 diem
3274 4996 3435 5054 collo-

1861 5076 2092 5131 cationis
2111 5080 2477 5150 corporisejus
2499 5084 2552 5136 in
2577 5085 3040 5153 sepulcrum.llac
3060 5086 3202 5145 fama
3229 5090 3435 5153 audita,
3473 5149 3480 5155 ,

1863 5163 2040 5190 ’νισι-εἶδε
2068 5174 2113 5190 Α.
2272 5171 2491 5190 --_-!---
2532 5169 2625 5190 -,,,,
2698 5182 2708 5190 ι
2829 5174 2851 5190 Ι.
2918 5174 2953 5190 ,ο
3038 5174 3079 5190 m
