3972 5428
490 280 630 338 1057

1521 274 1580 332 S.
1623 271 1941 331 liDAlJllCl
1979 270 2377 332 AL’GUSTANI
2419 270 2739 332 EPISCOPI.

3588 273 3733 332 {0‘8

483 398 617 447 tittm
671 392 911 456 mittere,
942 408 1101 448 mane
1152 392 1387 471 diluculo
1432 395 1778 464 contperietis
1820 393 2058 463 qualiter
2086 400 2131 456 Α
2163 402 2331 447 retur.
2363 392 2647 446 Missarum
2684 404 2810 445 vero
2855 387 3025 443 cilicia
3054 388 3294 459 quotidie
3322 388 3610 445 celebrare
3631 408 3743 445 non

487 491 628 540 circa
652 486 965 555 episcopum
1001 494 1269 540 maneat.»
1297 486 1543 541 Crastina
1566 503 1691 541 vero
1716 488 1802 540 die
1825 485 2058 540 diluculo

488 578 709 647 quidam
760 583 825 630 de
855 574 1172 631 Constantia
1225 576 1392 641 venit,
1434 585 1488 630 et
1532 575 1599 630 de
1625 576 1773 630 obitu
1820 576 2059 647 episcopi

493 667 758 722 veraciter
784 665 1131 724 contradixit.
1163 675 1217 720 ct
1257 664 1373 734 ejus
1402 666 1839 737 possibilitatem,
1870 682 2063 721 secuu-
2102 650 2107 657 ‘

490 759 617 810 dum
641 772 791 812 suam
842 755 1310 820 consuetudinem,
1355 770 1475 810 esse
1506 756 1793 809 nuntiavit.
1827 755 2063 810 Sanctus

491 856 673 900 autem
725 846 1012 916 episcopus
1042 844 1328 899 Udalricus
1355 852 1592 914 emptum
1633 846 1735 898 iter
1756 845 1984 914 peregit,
2012 853 2068 899 et

494 937 593 1004 ibi,
638 937 793 1007 quasi
846 936 912 990 ad
954 934 1259 990 convivium
1286 944 1529 999 vocatus,
1558 943 1676 1003 post
1703 933 2065 1004 expletionem
2102 920 2107 929 ’

494 1029 749 1083 salutaris
781 1028 971 1084 hostia:
1006 1042 1168 1096 quam
1220 1026 1460 1094 quotidie
1488 1040 1584 1093 per
1608 1040 1684 1088 se,
1709 1025 1956 1093 quamvis
1984 1026 2068 1079 vi-

494 1122 649 1176 ribus
698 1118 945 1187 corporis
978 1110 1132 1171 valde
1184 1126 1331 1171 esset
1373 1116 1681 1178 destitutus,
1724 1116 1832 1169 Deo
1863 1115 2070 1183 persol-

492 1226 624 1265 vere
655 1210 956 1279 satagebat,
982 1221 1102 1261 cum
1127 1206 1538 1260 convivatttibus
1558 1196 1797 1275 quotidie
1824 1206 1890 1259 ad
1921 1222 2071 1259 tnen-
2100 1194 2107 1199 ’

496 1317 612 1356 sam
667 1300 913 1364 sedebat,
958 1307 1013 1352 et
1068 1297 1271 1351 nullum
1326 1298 1539 1366 corpori
1583 1297 1762 1350 cibum
1801 1295 2070 1360 exhibuit,

497 1393 600 1447 nisi
654 1391 826 1445 micas
876 1389 1219 1459 pauisaquaa
1278 1387 1485 1442 infusas
1540 1388 1592 1442 itt
1639 1404 1699 1443 os
1736 1388 1902 1454 misit,
1938 1403 2073 1458 quas

497 1484 661 1537 etiam
714 1483 1011 1550 sa-pissitne
1061 1480 1219 1549 aquis
1272 1479 1603 1547 exspoliatas
1630 1479 1697 1533 de
1741 1493 1836 1533 ore
1866 1476 2072 1546 rejccit,

502 1573 783 1628 battstibus
824 1587 949 1625 vero
982 1585 1134 1640 aqua:
1165 1569 1434 1623 interdum
1476 1583 1698 1636 corpus,
1739 1582 1862 1622 cum
1902 1568 2077 1622 adhuc

499 1670 565 1722 ad
594 1681 832 1722 mensam
857 1665 1092 1726 sederet,
1125 1661 1424 1716 reficiebat.
1467 1660 1976 1729 Consummatisque
2003 1660 2074 1713 ibi

2161 483 2477 536 desistebat.
2504 478 2854 551 quoadusque
2882 480 3035 553 vires
3062 480 3303 549 corporis
3338 479 3749 535 subtraheban-

2164 585 2251 627 tttr
2276 583 2334 626 ttt
2378 572 2523 626 ttullo
2569 573 2727 626 modo
2752 571 2888 625 ultra
2920 572 3016 640 per
3040 586 3097 625 se
3138 581 3283 626 stare
3322 572 3611 639 potuisset.
3659 572 3753 625 A-l

2165 678 2407 718 mensam
2436 678 2568 715 vero
2597 662 2840 725 sedebat,
2872 670 2921 714 et
2951 662 3264 715 sedentibus
3291 676 3413 714 cum
3460 676 3529 715 eo
3555 661 3748 714 convi-

2163 754 2309 807 vium
2368 751 2620 812 faciebat.
2650 762 2703 805 et
2742 752 2830 806 ille
2882 752 3033 822 quasi
3070 748 3288 819 jejunus
3336 751 3669 818 absistebat,
3694 762 3755 805 et

2163 854 2374 916 postea,
2411 845 2463 899 in
2492 842 2718 899 ecclesia
2746 843 2826 897 vel
2854 843 2905 896 in
2939 843 3186 896 cubiculo
3226 843 3518 907 suo,‘dulci
3549 855 3755 895 canta-

2169 937 2312 990 tione
2362 934 2722 1005 psalmorum,
2777 932 2861 987 vel
2905 933 3184 987 auditione
3231 947 3511 986 sacrarum
3555 932 3760 986 lectio.

2171 1044 2296 1082 ttutn
2345 1036 2622 1081 recreatus
2663 1033 2767 1080 est.
2797 1024 2952 1079 Vires
2996 1039 3123 1078 vero
3152 1025 3397 1094 corporis
3425 1038 3549 1077 cum
3583 1024 3634 1077 ei
3676 1024 3757 1076 ita

2170 1120 2494 1176 defecissent
2516 1128 2574 1173 ttt
2596 1134 2691 1189 per
2712 1132 2772 1174 se
2795 1120 3014 1173 missam
3039 1128 3267 1173 cantare
3316 1134 3424 1172 non
3454 1120 3757 1189 potuisset,
3792 1120 3797 1123 ’

2171 1211 2415 1279 quotidie
2459 1211 2512 1264 iu
2562 1209 2843 1264 ecclesiam
2878 1208 3220 1263 introductus
3242 1209 3601 1263 devotissime
3628 1225 3756 1263 eant

2171 1300 2382 1363 audire,
2405 1307 2460 1353 ct
2489 1299 2706 1352 interim
2737 1298 3072 1353 orationibus
3096 1297 3320 1353 intentis
3358 1299 3617 1354 insistere
3642 1317 3756 1353 non
3794 1296 3799 1299 ’

2172 1389 2485 1444 desistebat.
2542 1387 2647 1442 Pro
2699 1398 2849 1442 certo
2899 1395 3021 1456 post
3071 1389 3290 1443 missam
3318 1388 3596 1458 expletam
3628 1405 3758 1444 cum

2176 1478 2479 1534 cubiculum
2512 1480 2758 1544 intraret,
2789 1479 3153 1548 reputtsationi
3180 1478 3363 1533 lectuli
3386 1496 3447 1535 se
3472 1496 3578 1535 non
3607 1497 3761 1535 cout-

2175 1571 2445 1625 ntcndavit
2480 1582 2604 1623 ante
2624 1571 2813 1624 boratn
2842 1569 3240 1639 Vespertinam,
3269 1571 3364 1625 sed
3396 1586 3562 1640 super
3584 1572 3762 1626 sedile

2176 1677 2331 1717 suum
2362 1661 2632 1716 calceatus
2654 1662 2813 1728 sedit,
2836 1670 2889 1716 et
2916 1661 3184 1716 interdum
3201 1676 3259 1717 se
3286 1678 3453 1733 super
3472 1664 3758 1734 pulvillum

500 1757 663 1809 rebus
694 1770 791 1824 pro
818 1754 1014 1822 quibus
1042 1751 1164 1806 illuc
1196 1760 1417 1805 vocatus
1445 1760 1549 1813 est,
1579 1749 1727 1804 abire
1760 1750 1925 1820 ctepit
1951 1765 1967 1815 ;
1996 1749 2073 1803 al-
2104 1761 2148 1821 Β
2176 1753 2229 1807 itt
2260 1753 2538 1808 dexteram
2584 1761 2793 1821 partem
2844 1752 3146 1817 reclinavit,
3210 1753 3484 1807 interdum
3529 1754 3599 1809 ad
3626 1756 3764 1809 sini-

502 1860 615 1902 tt-ra
654 1848 741 1901 die
776 1848 842 1900 ad
876 1846 1049 1899 locum
1098 1844 1195 1913 qui
1228 1844 1430 1898 dicitur
1458 1842 1735 1913 Utiuntiga
1767 1843 1913 1914 (57)
1947 1859 2072 1913 per-

497 1937 666 2000 venit,
708 1947 758 1989 et
791 1936 865 1991 ibi
898 1936 963 1990 ad
1014 1950 1073 1990 se
1115 1933 1429 1990 convocatis
1459 1934 1740 1989 monachis
1779 1934 1845 1989 de
1890 1948 2074 1989 mona-

497 2030 665 2082 sterio
719 2027 1022 2083 Uttcnbura
1079 2025 1380 2090 nominato,
1436 2034 1718 2080 autumare
1745 2040 1865 2080 cum
1912 2025 1991 2081 cis
2022 2035 2076 2080 et

499 2136 623 2174 cum
650 2120 769 2175 suis
806 2118 1056 2175 ﬁdelibus
1084 2118 1309 2189 provide
1335 2117 1503 2188 erepit
1547 2118 1820 2187 quomodo
1872 2117 2095 2189 delibe-A

504 2215 794 2276 rationem,
820 2227 981 2282 quam
1025 2211 1106 2266 eis
1134 2220 1290 2265 antea
1324 2210 1463 2265 sicut
1496 2208 1717 2281 ιιι-ξιξόίιί
1744 2208 1812 2262 ab
1840 2210 2075 2280 impera-

502 2317 622 2358 tore
652 2304 1060 2373 impetraverat,
1091 2303 1378 2357 restitttere
1411 2302 1699 2372 potuisset,
1721 2311 1774 2357 et
1794 2304 1931 2357 dixit
1956 2303 2072 2358 eis:

504 2414 523 2444 ι
558 2393 751 2464 Eligite
774 2409 839 2448 ex
868 2393 1018 2448 vobis
1041 2409 1204 2447 ttnttm
1230 2393 1297 2447 ad
1327 2395 1601 2456 abbatem,
1624 2395 1715 2465 qui
1743 2394 1798 2449 in
1833 2395 1927 2448 Dei
1954 2410 2073 2450 ser-

500 2487 637 2541 vitio
678 2486 851 2551 utilis,
895 2494 951 2541 et
992 2486 1190 2541 vestris
1235 2486 1655 2541 necessitatibus
1686 2486 1855 2555 possit
1885 2496 2076 2541 cantus

503 2578 755 2633 inveniri.
799 2575 856 2633 Si
891 2576 1040 2632 illum
1080 2576 1280 2648 eligitis
1325 2576 1416 2645 qui
1455 2577 1583 2631 mihi
1612 2577 1678 2630 ad
1731 2578 1831 2632 hoc
1877 2576 2074 2647 placet,

504 2669 897 2727 commendabo
921 2668 992 2723 illi
1022 2668 1295 2723 abbatiam
1332 2684 1503 2737 usque
1534 2669 1585 2721 in
1617 2667 1958 2738 prtescntiant
1984 2667 2077 2723 do-

505 2764 639 2818 mini
686 2762 790 2817 mei
837 2762 1223 2833 imperatoris;
1259 2761 1341 2815 sin
1388 2774 1567 2815 autent
1596 2761 1757 2815 alium
1789 2760 1891 2815 nisi
1943 2760 2075 2815 mibi

505 2856 811 2925 placentem
838 2852 1058 2924 eligitis,
1093 2868 1199 2907 non
1241 2851 1314 2907 illi
1347 2852 1757 2907 commendabo.
1785 2871 1803 2903 ι
1835 2851 1935 2920 Qui
1987 2867 2076 2906 re-

504 2947 838 3018 spondentes
860 2944 1144 2999 dixerunt:
1184 2961 1204 2994 ι
1228 2943 1479 2998 Nominet
1510 2940 1666 2997 nobis
1696 2946 1958 2997 sanctitas
1986 2952 2074 2997 tua

503 3040 649 3094 hunc
712 3038 804 3108 qui
856 3046 960 3092 tute
990 3036 1343 3091 dominationi
1379 3034 1611 3107 placitus
1646 3035 1716 3090 sit
1741 3036 1806 3090 ad
1857 3035 2076 3090 electio-

2177 1854 2372 1911 stram,
2396 1854 2448 1900 et
2472 1845 2743 1899 interdum
2774 1844 2969 1899 sedens
3017 1845 3083 1899 ad
3114 1844 3333 1899 dorsum
3369 1861 3538 1915 super
3576 1856 3765 1916 poste-

2176 1939 2326 1993 riora
2375 1937 2559 1993 sedilis
2616 1937 2669 1991 in
2721 1952 2829 2006 quo
2878 1936 3101 1991 sedebat
3144 1937 3450 1992 reclinavit.
3512 1939 3582 1993 Et
3640 1950 3765 2009 post

2176 2028 2536 2099 expletionem
2586 2043 2781 2083 cursus
2825 2038 2881 2083 et
2918 2029 3083 2083 totius
3106 2029 3367 2101 psalterii,
3398 2030 3613 2100 legente
3650 2024 3777 2087 Ge-~

2175 2119 2376 2173 rbardo
2404 2120 2695 2190 praeposito
2723 2118 2882 2192 [forte
2907 2119 3151 2174 ecclesiae
3181 2120 3541 2193 catltetlralis]
3574 2137 3760 2176 sacro-

2176 2225 2297 2265 rum
2329 2209 2591 2266 lectiones
2619 2209 2879 2264 librorum
2910 2210 3136 2273 audivit,
3165 2220 3219 2264 et
3245 2210 3520 2266 interdum
3544 2228 3667 2266 cum
3694 2228 3762 2266 eo

2177 2303 2301 2357 inde
2328 2302 2468 2358 dulci
2499 2302 2714 2373 eloquio
2742 2300 3042 2367 fruebatur.
3071 2300 3296 2357 Cttidam
3328 2317 3461 2355 vero
3485 2302 3613 2376 [sic]
3649 2305 3761 2357 elo-

2175 2394 2302 2464 quio
2325 2395 2467 2448 inter
2497 2394 2639 2463 ipsos
2665 2394 2839 2460 linito,
2864 2391 3119 2463 przefatus
3142 2392 3375 2448 clericus
3405 2394 3761 2466 interrogavit

2177 2501 2300 2541 eum
2328 2526 2342 2549 ,
2394 2487 2615 2541 dicens:
2651 2505 2669 2537 ι
2706 2485 2881 2541 llaltes
2913 2500 3060 2555 spem
3091 2500 3189 2556 pro
3242 2486 3346 2541 ista
3402 2487 3719 2543 infirmitate
3742 2530 3758 2553 ,

2178 2578 2423 2643 Domine,
2455 2577 2660 2631 obitum
2693 2586 2841 2631 tuutn
2860 2577 2955 2631 tibi
2980 2576 3300 2631 immittere?
3322 2597 3339 2628 ι
3367 2576 3467 2632 Cui
3497 2579 3587 2631 ille
3610 2580 3758 2647 quasi

2176 2685 2297 2726 eum
2330 2671 2656 2742 increpando
2689 2671 2965 2741 respondit
2991 2688 3003 2723 :
3044 2688 3061 2721 ι
3092 2670 3271 2738 Quare
3297 2671 3377 2725 sic
3400 2671 3631 2726 dixisti?
3657 2690 3758 2726 non

2177 2777 2354 2832 spero,
2384 2761 2477 2816 sed
2504 2762 2804 2817 certissime
2838 2776 3106 2832 cognosco
3140 2761 3282 2814 diem
3310 2761 3496 2816 obitus
3524 2764 3629 2816 mei
3658 2744 3765 2818 .m'

2176 2862 2299 2924 post
2337 2853 2533 2908 multos
2559 2853 2675 2908 dies
2700 2853 2829 2907 tuibi
2858 2853 3102 2908 evenire.
3126 2872 3146 2905 ι
3174 2853 3251 2908 De
3270 2868 3377 2923 qua
3401 2868 3463 2909 re
3482 2857 3760 2925 presbyter

2178 2943 2533 2998 coutristatus
2575 2942 2959 3014 indulgentiam
3017 2942 3327 3014 postulavit,
3377 2955 3434 2999 et
3477 2945 3617 2999 dixit
3653 2945 3758 2999 illi:

2185 3050 2203 3082 t
2237 3031 2479 3098 Domine,
2511 3048 2668 3102 quem
2700 3034 3078 3103 episcoporum
3139 3035 3390 3104 praecipis
3432 3051 3632 3090 vocare
3696 3039 3757 3089 ad

506 3145 629 3185 nem
654 3139 854 3185 nostra!
877 3128 1121 3183 unitatis.
1158 3146 1177 3179 δ
1212 3127 1364 3181 Tunc
1392 3126 1530 3181 dixit
1553 3127 1667 3181 eis:
1704 3144 1722 3178 ι
1756 3127 2075 3194 Rttdungum
2104 3109 2150 3170 Ο
2181 3123 2701 3179 commendationem
2728 3124 2974 3195 corporis
3005 3125 3078 3178 tui
3102 3125 3153 3179 ?t
3198 3124 3299 3181 Cui
3331 3125 3422 3179 ille
3446 3127 3761 3197 respondit:

506 3219 523 3280 ί
544 3221 614 3276 58
634 3218 879 3286 )fratrem
895 3226 1136 3272 vestrum
1151 3217 1217 3272 ad
1233 3218 1335 3271 ltoc
1346 3217 1637 3271 nominabo
1653 3216 2035 3270 ministerium.
2051 3236 2069 3269 ι

504 3307 711 3374 Quibus
764 3306 983 3371 auditis,
1058 3305 1255 3361 fratres
1319 3306 1564 3361 inducias
1626 3305 2074 3376 postulaverunt,

505 3396 679 3450 donec.
706 3409 895 3448 omnes
923 3394 1081 3449 simul
1123 3395 1475 3464 loquerentur
1524 3395 1568 3449 si
1598 3394 1712 3449 haec
1737 3396 1930 3449 electio
1955 3410 2075 3449 cum

503 3485 746 3540 omnium
775 3484 1002 3539 fratrum
1031 3498 1297 3540 consensu
1340 3484 1457 3540 lieri
1506 3486 1794 3554 potuisset.
1834 3484 2078 3555 Cumque

505 3575 704 3630 inloco
730 3575 1002 3630 destinato
1050 3575 1262 3630 collecti
1313 3573 1511 3630 fratres
1556 3575 1822 3644 colloquia
1856 3575 1998 3629 inter
2020 3589 2078 3628 se

506 3667 709 3720 habere
756 3665 1047 3735 coepissent
1074 3664 1140 3719 de
1169 3664 1392 3736 prmfata
1424 3664 1719 3728 electione,
1752 3664 2075 3733 quibusdam

504 3754 767 3810 fratribus
821 3754 1044 3822 placuit,
1082 3754 1407 3825 quibusdam
1438 3754 1733 3825 displicuit,
1764 3756 1856 3808 sed
1897 3762 2077 3809 tamen

504 3861 629 3900 eum
648 3844 873 3901 consilio
905 3846 1205 3899 amicorum
1244 3846 1504 3908 roborati,
1535 3846 1773 3915 episcopi
1813 3846 2076 3899 voluntati

504 3946 780 4005 parentes.
807 3936 1042 3990 intutum
1066 3936 1353 3990 coadttnati
1384 3935 1704 4006 lludttttgttm
1742 3936 2077 3990 adabbalcm

505 4030 808 4097 elegerunt,
850 4035 928 4091 et,
978 4043 1102 4081 cum
1143 4042 1211 4081 eo
1238 4027 1303 4081 ad
1327 4030 1637 4097 episcopum
1688 4028 2078 4095 regredientes,

508 4118 731 4172 unitatis
779 4132 968 4170 eorum
1012 4116 1331 4170 electionem
1369 4117 1417 4171 ei
1452 4116 1959 4170 nuntiaveruutﬂis
1988 4132 2080 4170 au-

508 4209 659 4272 ditis,
706 4210 992 4278 episcopus
1016 4220 1296 4278 assumpto
1350 4208 1539 4261 baculo
1565 4209 1961 4262 commendavit
1986 4209 2078 4262 ab-

509 4299 712 4353 ltatiam
744 4299 968 4367 pra'fato
1018 4299 1279 4366 Rudungo
1307 4314 1476 4366 usque
1508 4300 1559 4351 in
1613 4299 1951 4367 przrsentiam
1984 4300 2081 4352 im-

507 4393 795 4454 peratoris,
840 4389 931 4458 qui
982 4397 1109 4442 tunc
1148 4390 1200 4443 itt
1235 4390 1463 4458 imperio
1502 4388 1640 4457 patri
1678 4404 1776 4441 suo
1800 4389 2080 4457 mquivuco

511 4488 867 4538 successerat.
928 4488 977 4533 et
1011 4478 1159 4531 illum
1200 4478 1601 4533 commendavit
1650 4478 1762 4531 suis
1791 4479 2080 4546 nepotibus
2112 4477 2157 4536 D

509 4580 565 4625 et
592 4570 712 4624 aliis
733 4571 846 4627 suis
868 4570 1133 4629 lidelibtts.
1166 4579 1221 4624 ut
1248 4585 1371 4623 eum
1406 4569 1708 4623 celsitudiui
1734 4570 2079 4638 imperatoris

510 4670 922 4730 pnrsentarent,
947 4671 1026 4725 et,
1055 4660 1159 4715 illis
1184 4676 1306 4714 cum
1342 4659 1444 4714 fide
1472 4659 1518 4713 ci
1554 4659 1890 4728 jttvantibus,
1916 4660 1987 4712 ab
2015 4674 2080 4711 co

512 4753 625 4807 ba-c
647 4752 1120 4807 confirmarentur.
1161 4751 1257 4806 His
1297 4753 1368 4806 ita
1414 4750 1666 4819 expletis,
1698 4750 1970 4820 propriam
1998 4750 2080 4803 sui

510 4842 851 4912 episcopatus
879 4842 1179 4897 revisitavit
1209 4843 1410 4897 sedem.

581 4930 772 4986 XXVI.
800 4931 995 4986 ania
1023 4940 1205 4987 autem
1248 4932 1504 5001 Augusta:
1527 4931 1763 4986 civitatis
1787 4931 2081 5000 introgres—

512 5036 626 5082 sus.
653 5036 843 5092 magna
873 5022 1091 5075 tristitia
1139 5031 1326 5089 septus
1351 5030 1433 5074 est
1461 5038 1557 5091 pro
1588 5031 1764 5074 morte
1782 5020 2083 5075 Adalbero-

512 5111 597 5164 nis
618 5111 697 5165 sui
728 5111 962 5181 nepotis,
984 5122 1035 5165 et
1061 5125 1156 5179 pro
1179 5112 1328 5164 obitu
1368 5111 1733 5179 imperatoris,
1763 5110 1847 5164 cui
1871 5125 2085 5176 semper

513 5200 671 5253 fidem
721 5202 775 5254 in
808 5201 1061 5255 omnibus
1107 5200 1365 5258 servavit.
1399 5201 1554 5258 cuius
1598 5202 1762 5254 etiam
1809 5217 1963 5255 amor
1993 5218 2085 5262 pe.-

2187 3231 2206 3265 t
2237 3213 2314 3269 Eo
2347 3221 2587 3284 tempore
2611 3204 2827 3284 quando
2849 3215 3028 3268 anima
3054 3229 3170 3268 mea
3197 3215 3531 3269 derelictura
3561 3226 3644 3270 est
3668 3217 3761 3268 hoc

2180 3321 2399 3375 corpus,
2442 3320 2548 3361 non
2594 3308 2821 3377 potestis
2874 3308 3040 3363 ullum
3088 3323 3273 3364 eorum
3318 3308 3426 3364 buc
3454 3311 3764 3365 adv-oeare:

2181 3399 2306 3467 quia
2371 3399 2839 3468 comprovitteialis
2902 3414 3053 3455 :neus
3099 3399 3424 3455 Cltttnradus
3487 3386 3769 3472 episcopus

2182 3498 2326 3542 tanta
2369 3488 2685 3545 inﬁrmitate
2730 3491 2982 3545 detentus
3031 3500 3116 3548 est
3164 3500 3223 3546 ttt
3273 3491 3381 3547 buc
3427 3494 3617 3548 venire
3665 3510 3766 3546 non

2180 3582 2370 3649 possit,
2419 3583 2654 3651 episcopi
2688 3597 2817 3637 vero
2844 3583 3234 3640 Bauvariorum
3270 3585 3337 3637 ad
3393 3585 3582 3655 regale
3607 3585 3772 3641 collo-

2179 3674 2361 3743 quium
2391 3675 2456 3726 ad
2476 3673 2757 3728 Franciam
2781 3684 2906 3730 sunt
2926 3677 3287 3747 congregati.»
3322 3677 3395 3732 At
3427 3678 3517 3733 ille
3549 3680 3764 3754 inquit;

2188 3784 2204 3814 ι
2241 3764 2486 3831 Domine,
2515 3764 2643 3833 quid
2675 3775 2801 3819 tunc
2829 3765 3005 3820 facere
3040 3767 3342 3822 debemus?
3371 3786 3389 3819 t
3425 3767 3524 3823 Cui
3552 3779 3771 3824 sanctus

2181 3854 2469 3924 cpiscopus
2488 3856 2654 3911 dixit:
2691 3876 2707 3907 t
2730 3855 2908 3911 Nostis
2940 3872 3135 3927 corpus
3171 3858 3405 3912 hominis
3435 3867 3602 3913 terra:
3626 3875 3770 3914 cout-

2185 3945 2439 3999 atendare
2465 3945 2516 3998 ἲ»
2547 3948 2613 4000 At
2638 3945 2725 4001 ille
2746 3949 2821 4001 ait
2845 3965 2857 4001 :
2898 3965 2916 3998 ι
2950 3946 3004 4002 Si
3029 3947 3149 4001 talis
3173 3963 3403 4017 persona
3427 3959 3576 4003 esset
3614 3965 3770 4018 super

2182 4051 2343 4105 quatn
2375 4038 2769 4091 commendatio
2799 4048 2980 4095 nostra
3023 4038 3138 4093 fieri
3180 4040 3475 4100 debuisset,
3524 4042 3769 4094 timorem

2184 4126 2309 4183 inde
2331 4143 2435 4182 non
2460 4128 2801 4183 haberemus.
2836 4150 2854 4183 ι
2884 4130 2981 4185 Cui
3012 4130 3296 4199 episcopus
3318 4130 3455 4184 dixit
3482 4148 3496 4183 :
3533 4151 3552 4182 ι
3585 4130 3767 4185 Facite

2183 4219 2250 4272 de
2309 4219 2408 4272 ltac
2456 4234 2532 4283 re,
2589 4235 2710 4273 cum
2765 4228 2974 4291 tempus
3021 4222 3333 4284 advenerit,
3382 4221 3526 4276 sicut
3570 4223 3771 4289 optime

2183 4312 2439 4379 potestis,
2492 4310 2752 4366 Dominus
2805 4314 3297 4367 conuuendatorem
3352 4315 3603 4383 corporis
3669 4314 3771 4368 mei

2185 4403 2505 4471 providebit.
2541 4423 2560 4456 ι
2587 4404 2653 4458 Ει
2684 4404 2767 4459 bis
2798 4405 2957 4459 dictis
2986 4404 3238 4475 pra'fatus
3260 4406 3545 4476 presbyter
3576 4406 3769 4459 iterum

2185 4494 2430 4566 lectionis
2458 4509 2613 4555 nsunt
2636 4496 2947 4564 assumpsit,
2980 4509 3032 4550 et
3060 4496 3109 4549 in
3138 4511 3222 4563 ea,
3248 4497 3384 4551 sicut
3413 4496 3609 4553 solitus
3628 4505 3766 4558 erat,

2183 4599 2353 4653 usque
2380 4586 2504 4639 dum
2538 4594 2767 4641 sonante
2795 4586 2950 4657 signo
2979 4587 3367 4656 Vespertinalis
3414 4587 3592 4643 laudis
3640 4589 3766 4655 bora

2184 4676 2627 4732 annttntiabatur.
2661 4677 2940 4731 Lectiones
2964 4693 3093 4731 vero
3122 4677 3340 4732 fuerunt
3374 4679 3508 4733 Vilze
3549 4678 3765 4733 Palmm

2185 4778 2515 4832 sanctorum,
2537 4776 2588 4822 et
2619 4769 2753 4822 liber
2773 4770 2943 4822 sancti
2975 4768 3219 4839 Gregorii
3246 4786 3406 4840 quem
3426 4770 3769 4841 Dialogorum

2185 4875 2267 4910 vo:
2288 4869 2414 4922 ant;
2462 4856 2613 4925 cujus
2652 4858 2870 4911 ultimus
2905 4858 3040 4913 liber
3068 4860 3304 4929 disputat
3334 4862 3561 4916 multum
3589 4865 3656 4917 de
3688 4863 3767 4916 bis

2182 4951 2274 5020 qtti
2298 4950 2365 5004 de
2398 4965 2626 5020 corpore
2672 4950 2808 5018 rapti
2843 4950 2894 5002 iu
2939 4951 3130 5019 spiritu
3184 4952 3351 5007 multa
3397 4952 3671 5017 viderunt,
3715 4965 3765 5007 et

2184 5045 2376 5100 iterum
2422 5045 2488 5099 ad
2544 5059 2739 5110 corpus
2785 5046 3079 5099 redierunt.
3132 5044 3338 5103 Taliter
3371 5063 3507 5103 vero
3548 5065 3764 5103 conver-

2183 5137 2354 5190 sando
2396 5134 2787 5189 formosissiute
2840 5137 3192 5205 exspectabat
3237 5137 3381 5193 diem
3429 5140 3611 5194 obitus
3661 5139 3762 5202 sui,

2184 5236 2233 5262 nl
2284 5226 2550 5262 intui-thum
2605 5225 2656 5262 in
2703 5224 2896 5262 enin-il"
2940 5225 3166 5262 nlui-imo
3199 5226 3414 5262 vidulus!
3473 5229 3540 5262 ιιι
3574 5228 3760 5262 nullum
