3972 5428
208 313 361 376 ιωον

1759 301 1933 360 νιτΑ.

3312 291 3452 351 1060

192 452 377 493 omnes
422 446 474 491 te
503 434 783 506 elegerunt
829 431 934 487 nisi
982 432 1109 496 duo,
1144 428 1200 486 hi
1225 443 1353 484 vero
1397 431 1503 483 duo
1550 423 1596 480 si
1648 422 1770 478 aliis
1797 419 1847 476 A
1877 414 1929 468 iu
1966 422 2074 469 tres
2126 425 2309 485 partes
2338 411 2731 476 dividerentur,
2760 407 3024 506 et‘utertia
3065 421 3190 506 pars
3229 408 3458 506 presby-

190 529 603 591 eoucordarent,
638 525 830 581 electio
856 534 943 578 tua
972 522 1090 578 sine
1113 521 1276 577 dubio
1302 518 1537 593 perfecta
1561 515 1770 571 faiSset.

191 624 255 679 Et
272 623 356 677 bis
384 621 545 676 dictis
571 634 762 673 manus
784 616 1008 672 Attelini
1033 623 1159 670 tunc
1182 612 1501 669 vicedomitti
1532 610 1637 681 (59
1660 610 1700 680 ).
1718 616 1774 663 et

191 729 382 768 manus
394 711 577 766 lliltini
593 709 877 765 camerarii
895 705 1383 787 comgreltendens.
1404 717 1514 757 suat
1530 698 1770 754 ﬂdelitati

190 801 606 861 commendavit,
629 810 683 853 et
709 813 830 854 cum
855 796 1122 852 eharitate
1172 808 1296 849 eum
1325 793 1474 849 abire
1503 787 1769 860 permisit.

258 892 472 951 XXVII.
531 890 715 946 Altera
762 905 892 945 vero
942 888 1084 953 vice,
1107 885 1341 955 quadam
1389 883 1477 936 die
1509 880 1661 950 quasi
1706 879 1774 933 de

189 985 338 1057 gravi
386 998 577 1037 somno
626 978 1059 1051 expergefactus,
1088 977 1137 1032 ei
1183 973 1545 1032 assidentibus
1571 980 1625 1025 et
1659 971 1776 1026 lucc

190 1075 554 1136 audientibus,
580 1074 694 1128 ait:
742 1092 760 1124 ι
783 1072 938 1127 Heu!
988 1071 1127 1125 heu!
1164 1067 1305 1138 quod
1349 1066 1494 1121 illum
1523 1071 1772 1134 nepotem

190 1180 367 1221 meum
391 1163 785 1219 Adalberonem
815 1177 1052 1232 unquam
1084 1160 1217 1222 vidi,
1249 1160 1374 1228 quia
1416 1171 1515 1227 pro
1537 1171 1602 1210 eo
1630 1152 1773 1223 quod

189 1258 237 1313 ei
270 1256 568 1312 secundum
592 1255 920 1310 desiderium
945 1268 1103 1308 suum
1126 1248 1554 1312 consentiebant,
1585 1246 1774 1301 uolunt

190 1364 278 1404 me
303 1348 626 1418 impunitum
650 1346 702 1400 in
724 1361 881 1400 suum
910 1345 1150 1414 recipere
1177 1341 1542 1398 consortium!
1570 1359 1585 1391 ι
1610 1339 1672 1392 Ει
1690 1338 1775 1393 his

188 1438 351 1494 dictis
377 1437 561 1493 statim
604 1437 790 1492 tacuit.
822 1436 1007 1491 Virtus
1049 1450 1180 1489 vero
1208 1432 1454 1503 corporis
1491 1430 1559 1486 de
1603 1430 1689 1484 die
1719 1429 1772 1483 in

189 1532 332 1588 diem
360 1529 700 1593 decrescens,
751 1528 804 1582 in
834 1536 1043 1583 tantum
1087 1524 1371 1581 deficiebat
1405 1530 1465 1576 ιιι
1490 1520 1773 1577 ecclesiam

188 1621 397 1677 intrare
417 1619 520 1675 nisi
551 1635 580 1673 a
610 1619 820 1673 duobus
842 1625 1173 1673 sustentatus
1198 1630 1301 1670 non
1326 1613 1607 1685 potuisset.
1640 1609 1775 1666 Cum

186 1729 322 1769 vero
364 1713 418 1767 in
459 1713 547 1768 die
590 1711 752 1767 natali
798 1719 1110 1765 sanctorum
1141 1708 1305 1763 Marci
1339 1716 1394 1763 et
1425 1704 1774 1767 Marcelliani,

1878 506 2012 562 teris
2066 505 2498 575 pauperibusque
2547 504 2771 576 provida
2809 500 3216 570 dispensatione
3266 496 3451 552 statim

1874 614 1941 653 eo
1971 599 2188 653 vivente
2210 596 2560 659 donarentur;
2580 594 2723 664 quod
2745 601 2798 647 et
2826 591 3024 646 factum
3054 599 3156 645 est.
3175 586 3280 643 Pro
3300 595 3455 642 certo

1874 690 2126 760 quamvis
2168 703 2367 756 corpus
2394 686 2544 757 gravi
2594 685 2911 740 infirmitate
2934 685 3211 740 detentum
3239 679 3454 745 fuisset,

1874 797 2069 837 sensus
2093 789 2146 834 ct
2173 781 2387 834 aniums
2432 786 2486 832 et
2513 777 2760 832 voluntas
2806 776 3062 847 OL'CIlpal'i
3107 790 3213 830 non
3265 781 3457 843 potue-

1876 882 2023 939 ruut,
2075 873 2176 928 nisi
2213 870 2330 945 [pro
2384 881 2441 925 ut
2493 869 2625 941 non]
2681 871 2786 941 piis
2837 870 3152 926 i:.sisterent
3206 867 3459 924 intentio-

1876 965 2056 1018 nibus.
3429 1035 3433 1038 ν

1948 1055 2178 1112 XXVIII.
2213 1056 2306 1110 Die
2331 1056 2513 1126 itaque
2548 1066 2736 1113 sancto
2765 1057 3068 1112 nativitatis
3095 1056 3266 1112 sancti
3293 1054 3457 1125 Joan-

1876 1149 1960 1205 nis
1982 1148 2234 1220 Baptista:
2257 1150 2388 1203 hora
2404 1150 2508 1204 diei
2538 1150 2730 1218 prima,
2748 1149 2902 1220 qttasi
2936 1157 3156 1218 repente
3177 1148 3244 1203 de
3265 1164 3458 1203 somno

1875 1240 2064 1294 beatus
2103 1239 2385 1295 Udah-icus
2428 1240 2754 1304 suscitatus,
2787 1239 2923 1295 dixit
2950 1240 3267 1295 eamerariis
3301 1240 3454 1294 suis:

1881 1350 1900 1380 ι
1937 1330 2142 1385 Induite
2172 1346 2256 1384 me
2285 1331 2607 1386 vestimenta
2639 1346 2758 1386 mea
2785 1339 2841 1386 et
2888 1331 3274 1387 calceamenta.
3309 1350 3328 1383 ι
3357 1331 3459 1399 Qui

1876 1423 2189 1479 haesitantes
2211 1432 2433 1493 propter
2446 1438 2694 1495 magnam
2719 1421 2835 1492 ejus
2861 1422 3461 1488 infirmitatetmsilttcc

1877 1514 1931 1569 in
1971 1514 2175 1568 exstasi
2207 1514 2403 1569 mentis
2430 1514 2513 1569 vel
2548 1515 2905 1586 incapacitate
2939 1529 3132 1572 sensus
3154 1516 3237 1571 eis
3266 1513 3459 1584 prasei-

1874 1614 2029 1674 peret
2053 1644 2068 1668 ,
2100 1603 2374 1674 implemlo
2402 1612 2581 1659 tamen
2618 1614 2946 1676 praeceptum
2978 1604 3126 1674 ejus,
3170 1605 3464 1661 induerunt

1878 1709 2002 1750 eum
2029 1695 2347 1751 vestimenta
2375 1696 2492 1766 ejus
2517 1704 2574 1750 et
2610 1695 2844 1751 calceos.
2875 1695 3073 1751 Statim
3098 1704 3278 1750 autem
3304 1711 3463 1765 para-

188 1804 334 1874 quod
366 1811 452 1859 est
500 1819 591 1857 xtv
625 1801 746 1857 Kal.
798 1801 947 1866 Julii,
1005 1800 1291 1856 ecclesiam
1329 1798 1771 1854 introduceretur
1798 1780 1845 1841 Β
1876 1800 1996 1844 lum
2044 1805 2104 1845 se
2153 1790 2427 1845 missalica
2474 1788 2623 1843 ίηάιιῖ
2655 1790 2940 1860 Prw-0W“;
2967 1804 3198 1859 cumque
3239 1797 3462 1857 Ρτιττιιιιε

187 1902 245 1946 ιιι
281 1893 503 1947 missam
533 1892 767 1956 audiret,
799 1898 1017 1959 peracta
1051 1891 1238 1951 missa.
1274 1889 1340 1944 ad
1368 1896 1616 1943 sanctam
1643 1902 1761 1941 cru-

186 1998 309 2038 cem
342 1982 603 2053 tapetium
633 1982 735 2036 sibi
780 1981 976 2050 deponi
1017 1980 1295 2051 pnecepit,
1327 1988 1382 2035 et
1404 1993 1464 2033 se
1490 1993 1654 2048 super
1683 1977 1775 2032 illo

185 2074 591 2144 prosternebat.
632 2072 709 2127 lbi
755 2087 886 2127 vero
916 2087 1038 2127 cum
1079 2072 1236 2142 quasi
1269 2070 1549 2126 dimidiam
1582 2071 1772 2126 horam

185 2162 478 2233 jaenisset,
506 2163 767 2225 surrexit,
802 2171 857 2217 et
881 2164 1244 2217 camerarium
1284 2162 1626 2233 l.iutpaldum
1648 2179 1774 2233 pre-

189 2254 476 2327 sbyterum
501 2252 568 2308 ad
586 2270 644 2308 se
672 2253 862 2309 venire
884 2252 1031 2318 fecit.
1054 2263 1107 2309 et
1131 2263 1355 2310 cunctas
1377 2270 1504 2310 suas
1533 2270 1621 2310 res
1643 2271 1778 2324 quas

187 2344 287 2401 ille
324 2346 376 2400 iu
403 2345 708 2424 ministerio
737 2345 970 2402 habebat
996 2346 1050 2400 iu
1073 2347 1421 2415 prmsentiam
1447 2346 1529 2401 sui
1557 2356 1777 2417 portare

186 2439 475 2510 praecepit,
505 2449 556 2493 et
595 2455 798 2509 ponere
844 2448 971 2494 ante
1003 2437 1193 2502 altare,
1240 2440 1343 2495 nisi
1369 2455 1530 2493 unam
1562 2450 1777 2510 param-

185 2545 309 2585 ram
337 2530 531 2585 domus
581 2540 636 2583 et
672 2544 1009 2591 mensarum,
1043 2539 1097 2584 et
1148 2546 1315 2583 ttnttm
1370 2531 1772 2601 c00pertorium

191 2623 534 2678 mardriuum
584 2623 652 2675 ad
710 2621 991 2676 servitium
1039 2621 1121 2675 sui
1173 2622 1504 2675 successoris
1546 2621 1773 2677 dimisit.

191 2714 328 2768 Cum
375 2728 507 2767 vero
536 2720 663 2765 ante
688 2726 810 2765 eum
843 2711 1016 2780 posita
1070 2710 1321 2775 fuissent,
1351 2721 1403 2766 et
1435 2711 1525 2766 ille
1553 2727 1614 2765 ea
1646 2728 1776 2767 con-

190 2803 487 2873 spexisset,
515 2801 682 2856 dixit:
718 2820 736 2851 ι
760 2800 899 2867 Quid
922 2800 1182 2877 mihihme.
1196 2801 1379 2855 omnia
1405 2817 1547 2857 nunc
1578 2802 1780 2858 debue-

190 2894 387 2950 runt?»
406 2893 664 2961 Quamvis
675 2907 803 2946 vero
825 2892 896 2946 illi
914 2892 1145 2963 plurima
1168 2892 1505 2957 viderentur,
1522 2909 1778 2949 numerus

189 3003 384 3041 eorum
435 2985 608 3055 major
637 3000 744 3039 non
772 2983 875 3038 fuit
919 2983 1021 3038 nisi
1064 2998 1235 3053 pauca
1283 2984 1585 3047 eamisalia,
1612 2993 1778 3039 etse-

191 3091 340 3153 ptem
376 3078 460 3135 vel
484 3087 607 3135 octo
636 3076 919 3138 meusalia.
953 3084 1010 3131 et
1047 3076 1154 3130 duo
1195 3076 1436 3139 sarcilia,
1468 3084 1523 3130 et
1555 3092 1587 3130 x
1615 3076 1770 3131 solidi

190 3170 430 3241 argenti,
470 3184 607 3239 quos
634 3168 688 3222 in
735 3183 954 3222 manum
1003 3166 1268 3224 Gerbardi
1309 3168 1583 3238 praepositi
1621 3184 1773 3223 eont-

191 3259 475 3316 mendavit
500 3259 685 3314 statim
712 3258 780 3313 ad
824 3259 1158 3329 erogandum
1190 3258 1539 3328 pauperibus.
1568 3259 1776 3315 Cretera

190 3366 329 3406 vero
357 3350 542 3405 omnia
602 3350 868 3420 disposuit
894 3348 1058 3405 dividi
1109 3350 1253 3405 inter
1285 3349 1514 3405 clericos
1534 3348 1776 3419 ejusdem

191 3444 321 3499 loci.
354 3443 432 3498 De
458 3441 801 3497 vestimentis
824 3441 939 3496 suis
968 3440 1119 3496 misit
1165 3442 1400 3496 Antonio
1433 3440 1452 3511 (
1470 3442 1539 3496 ϐ’)
1564 3440 1583 3509 )
1613 3456 1775 3496 vene-

193 3534 374 3590 rando
419 3532 559 3593 viro,
594 3546 757 3600 quem
800 3531 889 3584 ille
920 3540 1078 3586 antea
1132 3532 1200 3585 ad
1242 3530 1575 3586 Uteuburam
1602 3531 1655 3585 in
1687 3532 1779 3585 Dei

192 3622 422 3679 nomine
458 3618 698 3673 inclusit.
731 3617 959 3672 Cuidam
996 3619 1160 3672 etiam
1188 3617 1453 3683 lluozoni,
1482 3619 1784 3675 mobilitate

194 3710 573 3770 membrorum
614 3709 845 3773 carenti,
898 3710 1001 3764 nisi
1047 3709 1115 3764 de
1146 3709 1386 3764 brachiis
1431 3725 1667 3776 sursum,
1694 3712 1779 3766 cui

194 3801 537 3859 domicilium
570 3802 622 3855 in
653 3799 970 3854 cmmeterio
993 3798 1446 3870 Campidonensis
1470 3804 1782 3856 monasterii

197 3909 358 3950 more
381 3892 566 3948 lectuli
598 3908 627 3946 a
659 3900 802 3945 terra
842 3889 1180 3945 sublevatum
1208 3891 1532 3946 aedificatum
1556 3901 1693 3953 erat,
1728 3900 1785 3946 ut

192 4004 262 4043 ea
295 4001 417 4056 qua:
448 3984 517 4039 ab
552 4000 616 4039 eo
642 3984 845 4054 digesta
880 3982 1098 4038 fuerant
1121 3993 1265 4039 terra
1301 3992 1458 4038 tenus
1481 3984 1723 4039 cadendo
1753 4002 1781 4039 a

196 4077 483 4132 domicilio
504 4082 910 4146 separarentur,
942 4074 1269 4129 vestimenta
1300 4075 1629 4139 transmisit;
1659 4078 1784 4145 quia

195 4179 388 4234 antea,
410 4184 532 4223 cum
564 4168 853 4239 cpiscopus
883 4167 937 4222 in
971 4166 1158 4222 eodem
1186 4168 1520 4223 monasterio
1544 4184 1785 4223 morare-

198 4272 315 4325 tur,
339 4260 658 4333 prmdietum
683 4273 975 4329 pauperem
994 4275 1092 4329 per
1104 4273 1162 4313 se
1180 4260 1354 4330 ipsum
1366 4275 1506 4329 smpe
1524 4261 1784 4327 visitavit,

194 4362 258 4408 et
280 4352 396 4421 ejus
445 4351 735 4406 locutionis
759 4350 1099 4405 dulcedinem
1150 4351 1383 4406 libenter
1406 4352 1633 4418 audivit,
1656 4353 1783 4424 quia

197 4444 348 4499 idem
396 4444 512 4513 ipse
538 4441 829 4512 praedictus
879 4456 1083 4511 pauper
1109 4442 1294 4497 clauso
1331 4443 1529 4498 ostiolo
1570 4460 1787 4516 semper

196 4536 256 4591 in
285 4535 377 4590 Dei
417 4535 663 4590 laudibus
692 4542 744 4590 et
782 4534 1124 4590 orationilms
1146 4535 1233 4590 die
1258 4551 1322 4592 ac
1352 4549 1512 4593 nocte
1538 4541 1786 4596 moraba-

197 4638 310 4681 tur.
337 4625 382 4683 Ο
407 4643 527 4696 quae
570 4626 749 4697 lingua
778 4627 953 4681 virum
983 4636 1142 4682 tanta:
1165 4628 1785 4699 benignitatiseuarrare

198 4727 413 4788 potest,
443 4719 557 4788 qui,
598 4720 650 4772 in
685 4719 890 4773 ultimis
939 4719 1174 4788 positus,
1222 4729 1371 4775 tanto
1404 4722 1581 4791 spatio
1621 4722 1784 4779 inter-

198 4808 404 4879 posito,
446 4809 729 4863 .tlhristum
787 4810 987 4864 vestire
1025 4825 1130 4864 non
1161 4811 1371 4866 omisit!
1407 4828 1505 4883 pro
1548 4829 1614 4869 eo
1638 4824 1787 4871 certe

198 4898 331 4968 quia
368 4900 416 4953 ei
441 4914 655 4968 semper
684 4898 870 4953 aderat
894 4900 985 4970 qui
1017 4901 1087 4956 ab
1109 4915 1175 4955 eo
1201 4917 1297 4956 sua
1323 4905 1566 4960 membra
1594 4906 1781 4960 vestiri

201 4988 442 5042 volebat.
508 4987 603 5043 llis
645 5003 774 5042 vero
822 4990 1096 5059 praedictis
1138 4990 1486 5060 dispensatis,
1520 5000 1789 5066 .prtecepit

201 5078 549 5160 vicedotninn
584 5079 906 5150 czcterisque
954 5080 1153 5149 quibus
1190 5081 1359 5137 voluit
1399 5084 1512 5138 suis
1539 5084 1791 5142 fidelibus

203 5183 274 5223 ac
303 5168 589 5232 ministris,
621 5178 680 5223 ιιι
730 5169 782 5225 in
817 5173 1030 5227 cunctis
1060 5171 1194 5227 locis
1225 5173 1292 5227 ad
1316 5189 1474 5230 suum
1503 5178 1787 5234 servitium

201 5259 629 5330 pertinentibus,
681 5272 877 5318 cuncta
905 5279 1026 5335 qua:
1076 5263 1129 5317 iu
1158 5264 1239 5319 eis
1282 5265 1505 5322 inventa
1536 5268 1788 5338 fuissent,

282 5376 300 5428 f
324 5373 430 5428 59l
457 5356 769 5428 Vincentius
792 5378 953 5428 Bora-
990 5379 1058 5428 de
1090 5379 1224 5428 eeel.
1253 5380 1491 5428 Flnrpnr
1522 5388 1780 5428 ηιιαηιιιη.-

1876 1880 2088 1946 fuisset,
2119 1879 2512 1952 perambulavit
2545 1881 2824 1935 matricem
2860 1881 3175 1942 ecclesiam,
3205 1888 3261 1933 et
3286 1878 3349 1932 ad
3373 1893 3464 1931 ee-

1876 1973 2098 2029 elesiam
2136 1972 2323 2029 Sancti
2371 1972 2594 2029 Joannis
2624 1972 2907 2043 Baptistae,
2941 1988 3103 2045 quam
3148 1973 3261 2042 ipse
3302 1982 3461 2027 antea

1876 2067 2236 2123 :edilicaverat
2258 2078 2311 2123 et
2347 2068 2402 2123 in
2435 2067 2640 2123 honore
2664 2067 2782 2139 ejus
2806 2074 3248 2130 consecraverat,
3272 2080 3487 2139 perve-p

1878 2160 1981 2224 nit,
2009 2159 2193 2229 ibique
2224 2160 2445 2217 missam
2468 2159 2564 2233 (6|
2596 2159 2640 2231 ),
2668 2174 2829 2229 quam
2861 2159 3248 2214 anniversariis
3268 2158 3466 2213 solem-

1878 2251 2142 2306 nitatibus
2171 2265 2331 2306 mane
2358 2250 2595 2307 dilucqu
2620 2258 2979 2306 consueverat
3004 2257 3250 2314 cantare,
3278 2257 3467 2318 poten-

1881 2349 1964 2395 ter
1988 2348 2041 2394 et
2060 2348 2219 2395 caute
2246 2340 2516 2409 explevit;
2547 2339 2745 2409 illaque
2770 2340 2941 2403 finita,
2976 2339 3163 2394 statim
3192 2338 3462 2409 publicam

1877 2430 2098 2485 missam
2149 2429 2293 2495 iniit,
2331 2438 2387 2485 et
2431 2430 2780 2486 devotissitue
2825 2429 2936 2486 Deo
2972 2428 3196 2497 juvaute
3234 2428 3462 2499 peregit.

1877 2521 2082 2576 Ambas
2126 2521 2323 2575 missas
2360 2536 2507 2587 cum,
2552 2520 2744 2581 stando
2768 2522 2885 2579 sine
2912 2521 3183 2591 adjutorio
3209 2521 3465 2585 aliorum,

1878 2627 2000 2666 cum
2032 2610 2495 2668 benedictionibus
2521 2611 2778 2667 decenter
2802 2612 2870 2666 ad
2902 2611 3064 2666 finem
3110 2612 3463 2682 perduceret,

1878 2704 2230 2768 consedebat,
2257 2711 2310 2758 et
2340 2704 2647 2758 astantibus
2670 2703 2772 2759 sibi
2803 2703 3276 2759 elerieisdicebat:
3302 2701 3467 2757 «11ωο

1879 2796 2136 2867 mysteria
2159 2811 2279 2866 quae
2309 2811 2455 2852 nunc
2484 2795 2596 2851 Deo
2624 2795 2860 2852 donante
2885 2795 3108 2867 peregi,
3141 2810 3206 2850 ex
3233 2794 3466 2865 possibi-

1878 2885 2031 2942 litate
2059 2886 2306 2956 corporis
2334 2886 2439 2942 mei
2470 2902 2576 2942 non
2602 2886 2904 2958 assumpsi,
2945 2887 3039 2942 sed
3065 2902 3129 2941 ex
3155 2893 3425 2956 prmcepto
3446 2903 3464 2939 :

1878 2975 2039 3030 hodie
2064 2977 2242 3042 enim,
2271 2991 2396 3031 cum
2425 2977 2478 3030 in
2508 2975 2650 3032 lecto
2674 2978 2827 3047 quasi
2860 2978 3070 3047 sopitus
3101 2992 3293 3031 somno
3320 2976 3471 3045 jace»

1881 3083 2019 3133 retn,
2053 3076 2327 3124 steterunt
2354 3083 2541 3124 coram
2587 3069 2784 3126 lectulo
2813 3084 2936 3127 meo
2979 3070 3086 3126 duo
3113 3070 3215 3125 viri
3241 3069 3470 3138 juvenes

1879 3157 2257 3213 formosissimi
2287 3167 2544 3228 aspectu,
2581 3173 2614 3215 e
2643 3159 2842 3230 quibus
2876 3160 3008 3216 mihi
3046 3175 3186 3215 unus
3214 3159 3427 3215 dicebat
3451 3176 3483 3212 ει

1885 3267 1904 3300 σ
1937 3251 2117 3318 Quare
2144 3266 2250 3306 non
2278 3267 2495 3323 surges,
2531 3253 2696 3310 debes
2724 3253 2869 3309 enim
2908 3254 3068 3310 hodie
3099 3254 3167 3309 ad
3209 3253 3469 3308 Sanctum

1885 3359 1902 3392 ι
1935 3341 2198 3397 Joannem
2220 3343 2521 3413 Baptistam
2551 3344 2772 3400 missam
2804 3346 3105 3401 celebrare.
3138 3364 3157 3398 ι
3199 3344 3295 3401 Cui
3331 3344 3471 3399 alter

1881 3437 2161 3506 respondit
2178 3455 2191 3491 :
2215 3452 2233 3488 ‹
2257 3438 2539 3504 Quomodo
2551 3448 2729 3508 potest
2746 3439 2851 3495 hoc
2865 3438 3007 3504 fieri,
3018 3438 3141 3509 quia
3157 3453 3257 3509 pro
3272 3438 3477 3506 impos:

1888 3544 1906 3575 ι
1935 3526 2192 3582 sibilitate
2206 3528 2451 3597 corporis
2476 3528 2714 3585 Primam
2739 3531 2914 3585 adhuc
2939 3545 3045 3585 non
3072 3529 3343 3599 explevit?
3362 3548 3381 3579 ι
3401 3529 3472 3581 At

1884 3617 1972 3672 ille
2001 3620 2093 3689 qui
2123 3627 2280 3674 antea
2311 3620 2524 3675 locutus
2544 3630 2629 3676 est
2655 3622 2723 3675 ad
2752 3638 2840 3677 tne
2873 3622 3005 3677 dicit
3032 3637 3048 3679 :
3074 3641 3091 3674 ι
3113 3622 3287 3693 Surge
3313 3631 3368 3676 et
3391 3635 3473 3679 se-

1890 3727 1910 3761 ι
1937 3711 2174 3767 eundum
2190 3727 2369 3767 meum
2383 3727 2692 3769 sermonem
2711 3714 2804 3769 Dei
2831 3715 3151 3785 mysterium
3176 3716 3228 3770 in
3248 3717 3471 3786 praefata

1889 3818 1907 3851 ι
1939 3800 2166 3856 ecclesia
2196 3801 2418 3871 implere
2441 3803 2801 3874 festiua,quia
2828 3805 2987 3858 hodie
3003 3814 3200 3875 praeter
3227 3816 3278 3861 te
3292 3807 3472 3864 nullus

1891 3910 1909 3943 ι
1943 3893 2081 3948 alius
2111 3895 2182 3949 ibi
2200 3895 2420 3952 missam
2449 3896 2709 3952 cantabit.
2739 3915 2758 3949 ι
2785 3895 2879 3952 llis
2894 3911 3021 3952 vero
3044 3898 3204 3955 dictis
3229 3900 3293 3953 ad
3322 3900 3474 3954 cubi-

1886 3984 2066 4039 culum
2094 4003 2376 4057 regressus
2397 3997 2501 4042 est.
2523 3988 2767 4060 Cumque
2788 3990 2931 4045 diem
2961 3991 3142 4046 obitus
3166 3993 3249 4046 sui
3279 3992 3472 4047 devota

1888 4085 2069 4132 mente
2095 4086 2152 4131 et
2172 4078 2293 4132 laeto
2324 4078 2508 4133 animo
2534 4089 2589 4134 et
2617 4081 2916 4136 secundum
2944 4081 3107 4135 verba
3140 4081 3476 4153 psalmogra~

1886 4169 1977 4239 plti
2006 4168 2173 4223 David
2203 4168 2434 4224 dicentis
2461 4187 2477 4224 :
2515 4167 2969 4235 Quemadmodum
2998 4171 3260 4225 desiderat
3296 4188 3476 4227 cerrus

1887 4264 1956 4317 ad
1993 4260 2164 4333 fontes
2200 4274 2496 4329 aquarum,
2537 4264 2612 4318 ita
2661 4265 2924 4320 desiderat
2956 4265 3133 4319 anima
3173 4280 3288 4320 mea
3325 4265 3395 4320 ad
3426 4275 3480 4320 te

1886 4352 2028 4408 Deus
2060 4352 2234 4424 (l’sal.
2277 4358 2415 4425 xu),
2447 4365 2788 4427 exspectaret
2815 4373 2836 4423 ;
2862 4358 3109 4427 quamvis
3142 4357 3321 4412 verbis
3366 4371 3475 4411 non

1891 4447 2149 4513 dixisset,
2173 4447 2335 4504 factis
2369 4458 2546 4505 tamen
2575 4450 2940 4505 tuanifestavit
2966 4452 3107 4520 quod
3155 4451 3222 4506 de
3248 4452 3352 4506 hoc
3376 4465 3482 4506 ste-

1890 4537 2014 4591 eulo
2046 4552 2106 4592 se
2127 4537 2483 4607 migraturum
2509 4556 2628 4595 esse
2651 4538 2705 4594 in
2738 4540 2915 4611 vigilia
2942 4538 3307 4610 apostolorum
3330 4538 3479 4595 Petri

1892 4638 1946 4685 et
1997 4628 2148 4684 Pauli
2192 4632 2424 4701 putavit.
2468 4633 2671 4688 Eadem
2722 4634 2832 4697 die.
2872 4643 3161 4703 antequam
3212 4633 3477 4702 vesperti-

1893 4722 2032 4777 nalis
2078 4721 2197 4777 laus
2235 4723 2539 4793 inciperet,
2587 4732 2643 4778 et
2684 4738 2806 4779 eum
2854 4740 2884 4779 a
2927 4724 3243 4780 custodibus
3286 4738 3482 4779 omnes

1892 4812 2051 4867 simul
2076 4828 2356 4884 campana:
2381 4815 2448 4869 ad
2476 4816 2779 4870 sonandum
2804 4826 3167 4882 moverentur,
3199 4816 3485 4872 Lalneatus.

1893 4916 1949 4963 et
1972 4918 2229 4975 paratura
2256 4921 2419 4976 quam
2455 4907 2523 4961 ad
2553 4908 2761 4963 obitum
2792 4925 2948 4965 suum
2977 4920 3352 4968 conservatam
3385 4914 3483 4979 ha-

1893 4998 2010 5052 buit
2038 4997 2277 5062 indutus,
2305 5012 2366 5053 se
2394 5000 2551 5068 quasi
2587 4996 2968 5055 defuncturum
3001 5002 3266 5071 deposuit.
3303 5003 3485 5058 Finita

1894 5098 2077 5144 autem
2113 5089 2470 5159 Vespertiuali
2496 5092 2675 5150 laude.
2705 5094 2826 5149 aliis
2844 5093 3162 5164 iuvantibus
3192 5113 3250 5153 se
3272 5114 3304 5153 a
3338 5106 3487 5152 terra

1894 5181 2183 5246 levavit,et
2198 5184 2348 5250 quasi
2375 5195 2590 5239 secreto
2606 5185 2776 5240 dixit:
2809 5207 2829 5241 ι
2860 5186 2905 5242 0
2934 5196 3120 5241 sancte
3143 5187 3325 5255 Petre,
3344 5202 3491 5243 nune

1893 5289 2000 5329 non
2028 5274 2201 5327 fecisti
2230 5276 2371 5331 sicut
2393 5293 2493 5349 ego
2521 5262 2821 5334 wstimavii
2841 5299 2859 5330 ι
2895 5276 2957 5333 Et
2988 5281 3141 5348 quasi
3175 5284 3358 5338 animo
3389 5281 3495 5336 ali-

1893 5392 2000 5428 ηιιῖΙ
2020 5407 2032 5418 ³
2157 5391 2329 5428 nlnccn
2359 5406 2699 5428 Monnnmnrn
2733 5396 3120 5428 :nIn-nrnlnlnn
