3972 5428
531 380 666 443 1951

524 506 786 569 quantum
825 495 889 549 de
923 504 1024 548 hac
1070 504 1130 546 re
1175 497 1358 545 mente
1406 486 1780 539 consternatus
1823 479 2092 533 manebat.
2126 484 2166 532 Α

526 585 788 644 Pra-fatus
816 593 994 637 autem
1033 577 1313 651 presbyter
1339 573 1653 630 Gerhardus
1686 571 1819 625 dixit
1849 569 1914 622 ad
1938 582 2057 621 eum
2085 582 2099 619 :

531 697 550 730 ι
576 677 815 737 Donrine,
854 672 961 728 noli
989 669 1325 732 contristari,
1358 665 1453 722 sed
1502 663 1786 719 recordare
1829 661 1952 729 quia
1985 659 2105 712 aliis

526 768 728 824 sanctis
760 760 1300 836 episcopissimiliter
1327 756 1587 828 contigit;
1618 756 1707 808 nni
1733 752 1878 808 enim
1904 752 2101 806 dictnnr

526 845 650 911 est:
687 832 837 910 Circa
888 832 1068 907 natale
1114 847 1483 920 apostolorum
1526 846 1593 900 de
1641 844 1745 898 hoc
1797 840 1990 896 sarcula
2039 839 2105 893 ad

528 946 767 1016 requiem
817 959 876 1000 es
923 944 1320 1014 perducturus,
1371 938 1417 993 is
1468 952 1590 992 eum
1645 942 1889 1004 Speraret
1946 947 2005 986 se
2053 932 2107 985 in

529 1037 714 1091 nata‘e
762 1033 1126 1105 apostolorum
1168 1029 1397 1092 ohiisse,
1454 1026 1684 1081 illdllCi‘JB
1731 1025 1778 1078 ei
1821 1023 2107 1094 prolonga-

526 1129 727 1183 bantur
777 1140 948 1196 usque
992 1125 1045 1178 in
1085 1132 1334 1177 octavum
1360 1119 1535 1182 diem,
1568 1125 1623 1172 et
1658 1126 1786 1171 tunc
1826 1113 2111 1168 defunctus

528 1224 629 1270 est.
682 1213 869 1270 Cassio
904 1210 1188 1266 Narniensi
1231 1208 1516 1278 episcopo,
1548 1220 1645 1276 per
1673 1202 1961 1274 quemdam
1988 1215 2110 1272 pre-

529 1304 803 1377 sbyterum
838 1303 907 1359 ab
953 1301 1144 1373 angelo
1192 1298 1513 1369 ﬁagellatum
1560 1298 1762 1351 dictum
1798 1303 1879 1349 est
1926 1312 1940 1348 :
1992 1293 2109 1347 Non

530 1404 705 1451 cesset
754 1408 945 1448 manus
996 1403 1117 1455 tua,
1159 1406 1263 1445 non
1314 1396 1489 1443 cesset
1538 1401 1635 1457 pes
1666 1395 1820 1449 tuus,
1846 1400 1942 1455 age
1969 1384 2112 1455 quod

530 1485 676 1554 agis,
707 1483 1097 1553 operarequud
1131 1479 1396 1550 operaris,
1429 1477 1591 1532 natali
1630 1476 1991 1546 apostolorum
2025 1488 2113 1528 ve-

533 1575 649 1629 nies
676 1574 742 1628 ad
768 1588 904 1628 me.)
932 1572 1227 1642 Episcrrpus
1252 1565 1827 1631 atrlern,:cstimans‘in
1859 1564 2115 1620 solemni-

535 1676 643 1721 tate
664 1664 1051 1735 apostolorum,
1073 1679 1191 1734 qua:
1215 1674 1340 1717 tunc
1363 1661 1603 1733 proxima
1625 1668 1765 1725 erat,
1790 1660 1888 1715 sibi
1908 1660 2112 1715 obitum

533 1773 688 1811 suum
718 1757 1029 1821 imminere,
1080 1757 1132 1810 in
1164 1756 1576 1826 quibuscnnque
1604 1753 1779 1824 potuit
1808 1752 1875 1807 ad
1904 1751 2115 1822 deposi-

1594 355 1653 420 S.
1696 352 2013 419 UDALRICI
2047 348 2448 412 ACGi'ST.\Ni
2487 341 2810 408 EPISCOPI.

2198 488 2319 527 cum
2351 472 2559 525 audiret
2584 468 2723 538 quod
2755 461 2989 536 episcopi
3016 457 3398 514 Baurariorum
3426 453 3491 509 de
3513 453 3733 524 prmdicto

3624 342 3732 401 1051

2203 560 2470 629 colloquio
2492 559 2730 621 redirent
2756 554 2820 608 ad
2846 565 2999 607 suam
3018 547 3371 620 provinciam,
3386 543 3546 597 misso
3570 541 3734 612 legato,

2205 652 2489 706 voluerunt
2514 647 2981 717 archiepiscopum
3022 638 3367 697 Fredericum
3398 635 3462 689 ad
3489 649 3731 690 commen-

2204 742 2476 798 dationem
2506 738 2646 795 sacri
2696 734 2941 806 corporis
2973 746 3205 787 vocare:
3244 741 3476 798 cumque
3520 725 3581 781 ad
3609 724 3731 780 iilum

2205 833 2422 889 nuntius
2440 830 2673 895 veniret,
2696 826 3031 883 inveniteum
3057 832 3201 878 tanta
3223 819 3530 876 inﬁrmitate
3546 817 3739 872 fe'rrium

2205 924 2503 989 detentum,
2532 929 2591 976 ut
2629 918 2777 974 nrrllo
2823 915 2981 972 modo
3016 914 3271 968 advenire
3307 910 3579 982 potuisset.
3607 908 3740 963 Misso

2207 1025 2386 1070 autem
2427 1028 2549 1069 curn
2595 1010 2814 1066 tristitia
2844 1009 2968 1062 inde
3013 1012 3341 1067 revertente,
3389 999 3580 1055 audivit
3619 1001 3736 1069 quod

2208 1107 2551 1162 venerandus
2572 1104 2856 1175 cpiscopus
2880 1097 3236 1169 Wolfgangus
3264 1095 3333 1149 ad
3375 1092 3546 1148 locum
3568 1092 3656 1161 qui
3679 1091 3743 1143 di-

2209 1200 2351 1254 ciurr
2371 1196 2718 1265 Nordilingga
2748 1193 2935 1247 venire
2956 1189 3244 1252 voluisset;
3271 1186 3325 1240 in
3357 1196 3628 1239 occursum
3650 1179 3744 1249 eius

2210 1289 2508 1345 festinavit.
2541 1286 2620 1340 Ad
2665 1298 2788 1338 eum
2816 1291 2964 1338 certe
3001 1295 3124 1334 curn
3161 1276 3498 1347 perveniret,
3523 1269 3747 1325 salutatus

2212 1382 2281 1437 ab
2310 1396 2376 1435 eo
2403 1378 2608 1435 audivit
2634 1376 2777 1447 quod
2806 1374 3104 1443 Augustam
3133 1368 3410 1423 civitatem
3448 1376 3651 1433 pergere
3673 1374 3748 1413 vo-

2212 1472 2422 1533 luisset,
2449 1469 2673 1524 visitare
2715 1476 2959 1521 sant-tam
2992 1461 3084 1515 Dei
3130 1472 3347 1515 servum
3381 1453 3669 1510 Udalricum
3705 1452 3746 1503 in

2214 1562 2529 1617 inﬁrmitate
2560 1559 2862 1613 detentum.
2885 1553 2982 1607 (Ini
3013 1551 3100 1606 ille
3134 1546 3411 1618 respondit
3441 1560 3457 1599 :
3484 1562 3502 1597 ι
3530 1541 3747 1596 Βθτιιίιιιιε

2214 1653 2491 1709 sanctitati
2524 1660 2626 1705 tum
2655 1646 2912 1720 prmcepit
2940 1642 3163 1698 visitare
3192 1654 3343 1703 eum,
3374 1644 3429 1692 et
3466 1649 3559 1705 ego
3586 1632 3644 1686 ad
3668 1632 3749 1685 hoc

2214 1748 2337 1804 veni
2359 1757 2415 1801 ut
2439 1754 2742 1800 nunttarenr
2773 1741 2867 1795 tibi
2894 1736 3018 1808 quia
3046 1732 3329 1790 defunctus
3352 1738 3455 1792 est,
3476 1737 3528 1780 et
3552 1724 3613 1779 de
3632 1721 3748 1780 omni

536 1848 735 1901 tionem
764 1847 1011 1917 corporis
1041 1845 1121 1901 sui
1151 1817 1454 1916 prwparare
1489 1817 1559 1898 se
1594 1817 1818 1898 studuit.
1847 1817 2113 1896 Soleinni-
2143 1831 2188 1890 Β
2215 1837 2638 1910 congregatione
2690 1833 2762 1890 ibi
2810 1831 2921 1885 Deo
2975 1826 3239 1883 militante
3296 1830 3352 1875 te
3402 1817 3632 1888 ﬂagitare
3652 1853 3665 1877 .
3686 1819 3751 1917 ἰιι

536 1945 645 1991 tate
673 1936 856 2007 itaque
885 1935 1227 2001 adveniente,
1258 1949 1422 1989 sanus
1467 1932 1821 2003 permanebat
1858 1938 1912 1986 et
1960 1931 2113 1985 inco-

536 2025 712 2089 lumis,
745 2034 798 2080 et
820 2026 898 2081 sic
916 2026 1134 2092 mansit,
1151 2026 1324 2080 donec
1337 2023 1605 2081 curricula
1627 2033 1831 2093 septem
1849 2037 2113 2078 annorum

535 2118 919 2187 praeterirent,
959 2126 1015 2171 et
1043 2126 1171 2171 tunc
1197 2116 1249 2169 in
1278 2116 1468 2171 eodem
1501 2116 1607 2178 die,
1638 2115 1780 2169 sicut
1827 2115 1876 2168 ei
1913 2115 2115 2168 dictum

536 2217 644 2270 est,
706 2206 893 2260 multis
940 2205 1096 2261 bonis
1133 2205 1459 2275 praemissis,
1506 2212 1563 2258 et
1604 2219 1763 2257 sacro
1814 2202 2119 2259 ministerio

536 2296 773 2367 expleto,
789 2296 1020 2351 feliciter
1042 2296 1290 2366 migravit
1314 2310 1344 2349 a
1366 2294 1613 2349 stcculo»
1634 2293 1730 2348 llis
1751 2294 1971 2356 arrditis,
1994 2311 2120 2349 san-

538 2397 659 2442 ctus
679 2387 964 2458 episcoprrs
992 2401 1120 2442 vera
1142 2400 1262 2442 esse
1286 2387 1600 2441 recordatus
1630 2394 1733 2450 est,
1761 2394 1816 2439 et
1846 2386 2121 2456 respondit

538 2480 610 2544 ei,
635 2480 847 2535 dicens:
870 2497 888 2530 ι
911 2478 1053 2534 Bene
1082 2479 1291 2545 dixisti,
1322 2477 1542 2543 fratem
1568 2486 1623 2533 et
1651 2478 1921 2534 relevatus
1944 2489 2121 2533 mcn'e

540 2571 683 2624 bono
705 2570 889 2625 animo
924 2570 1198 2636 manebat,
1225 2579 1280 2625 et
1298 2585 1423 2626 eum
1451 2584 1517 2625 eo
1543 2571 1889 2626 manentibus
1909 2569 2119 2624 dulcem

541 2670 596 2714 et
623 2662 966 2716 commodum
998 2676 1059 2718 se
1086 2662 1411 2717 exhibebat:
1436 2662 1639 2718 nullum
1667 2663 1975 2733 objurgans,
2008 2663 2123 2716 nul-

543 2751 652 2805 lum
678 2752 983 2822 increpans,
1009 2753 1139 2807 ntrlli
1169 2752 1361 2817 iratus,
1392 2752 1524 2807 nulli
1551 2753 1841 2818 molestus,
1873 2753 2000 2806 nulli
2031 2753 2125 2806 ad-

545 2857 756 2907 versus,
788 2844 993 2898 rntllum
1025 2845 1248 2900 verbum
1277 2844 1508 2916 alicujus
1550 2844 1946 2899 lamentatiouis
1971 2843 2124 2897 abeo

545 2933 882 3000 audiebatur,
918 2935 1009 2988 sed
1057 2935 1196 2989 bona
1223 2935 1401 2990 omnia
1432 2950 1552 3004 qua:
1595 2943 1718 2988 tunc
1760 2935 1952 3003 potuit,
1991 2950 2124 3003 pne-

546 3025 793 3081 sentibus
818 3037 872 3082 et
919 3026 1235 3083 absentibus
1284 3027 1433 3083 fecit.
1477 3024 1688 3081 Nemini
1736 3024 2122 3094 indulgentiam

549 3118 788 3186 negavit,
818 3118 991 3188 gratia
1040 3133 1153 3173 sua:
1180 3116 1568 3172 benedictionis
1604 3131 1793 3170 omnes
1843 3116 2126 3184 consigna-

544 3207 645 3259 vit.
680 3207 974 3262 l'rtedictus
1005 3223 1135 3262 vero
1163 3208 1479 3263 Richwinus
1521 3221 1723 3269 comes,
1772 3221 1939 3275 nepos
1986 3204 2124 3273 ejus,

548 3296 728 3350 athuc
753 3299 817 3351 de
846 3297 1008 3366 regali
1056 3298 1328 3352 locutione
1361 3312 1467 3352 non
1501 3297 1890 3352 revertebatur.
1924 3296 1998 3348 De
2022 3311 2128 3365 quo

550 3384 822 3439 interdum
847 3386 1058 3440 dicebat
1082 3404 1096 3439 :
1130 3403 1148 3436 ι
1170 3385 1212 3440 0
1243 3385 1541 3448 llichvvine,
1573 3385 1778 3439 utinam
1807 3400 1892 3438 me
1920 3384 2129 3438 vivente

552 3478 768 3533 venires
795 3488 852 3534 ut
881 3488 932 3533 te
952 3478 1219 3534 viderem!
1245 3498 1262 3530 r
1298 3478 1376 3533 Eo
1399 3492 1542 3532 anno
1569 3476 1887 3532 solemnitas
1913 3486 2129 3546 aposto-

553 3568 726 3623 lorum
755 3569 898 3624 Pctri
926 3578 981 3623 et
1012 3569 1157 3624 Pauli
1184 3568 1461 3624 Dominica
1487 3568 1575 3624 die
1601 3568 1903 3631 eveniebat,
1937 3569 2001 3622 de
2027 3582 2130 3638 qua

550 3659 771 3724 optimis
802 3661 1064 3724 moribus,
1109 3659 1249 3715 sicut
1276 3659 1522 3730 pranlixi,
1560 3664 1930 3728 exspectabat,
1963 3660 2133 3714 detrec

555 3754 672 3807 dies
700 3753 900 3821 quintae
928 3753 1074 3806 feriae
1105 3752 1519 3821 pertransisset;
1551 3752 1606 3806 in
1646 3752 1731 3806 illa
1760 3761 1946 3817 nocte,
1975 3761 2134 3806 antea

555 3861 717 3915 quam
750 3859 947 3898 aurora
997 3853 1165 3898 sextte
1210 3841 1361 3898 feria:
1400 3843 1537 3898 bene
1566 3843 1816 3913 cognosci
1847 3842 2132 3912 potrrisset,

556 3950 776 4006 asperso
806 3935 989 3989 cinere
1019 3934 1072 3988 in
1104 3933 1322 3988 modum
1351 3934 1550 3998 crucis,
1595 3942 1649 3986 et
1687 3949 1825 4001 aqua
1857 3931 2135 3985 benedicta

558 4040 801 4095 aspersa,
831 4039 889 4078 se
934 4023 1130 4093 deponi
1162 4023 1322 4088 fecit,
1351 4032 1402 4077 et
1438 4023 1519 4078 sic
1556 4020 1771 4092 iacebat
1812 4034 1981 4090 usque
2010 4020 2136 4074 dum

560 4131 757 4171 aurora
794 4124 1044 4171 cunctam
1075 4112 1412 4169 latitudinem
1441 4114 1590 4168 orbis
1615 4112 1959 4168 illurninarct.
1989 4111 2140 4167 Tunc

558 4207 878 4263 llichwinus
928 4206 995 4261 de
1036 4205 1236 4274 palatio
1282 4204 1496 4259 rediens
1535 4203 1787 4269 intravit,
1825 4212 1880 4258 et
1919 4202 2142 4270 legatio-

562 4317 685 4355 nem
741 4298 1079 4368 imperatoris
1116 4311 1181 4352 eo
1224 4296 1476 4350 audiente
1519 4294 1780 4353 recitavit.
1814 4293 1892 4347 Eo
1935 4293 2144 4349 scilicet

564 4393 681 4447 viso
725 4391 1101 4460 legationequc
1138 4387 1343 4451 audita,
1387 4385 1575 4440 oculos
1620 4386 1803 4440 levans
1846 4386 2140 4439 secundum

565 4500 718 4538 suanr
748 4481 1159 4552 possibilitatem
1195 4479 1398 4549 gratias
1437 4478 1631 4548 agebat
1659 4477 1767 4533 Deo
1790 4475 2141 4546 omnipotenti

566 4577 681 4645 qui,
709 4573 1006 4629 secundum
1048 4571 1193 4627 dicta
1228 4569 1398 4625 David
1447 4568 1721 4639 pr0phetze
1752 4585 1764 4622 :
1808 4566 2140 4622 Volnntntam

567 4665 852 4718 timentium
879 4679 932 4717 se
957 4662 1133 4732 faciet,
1165 4673 1272 4716 etc.
1297 4657 1469 4729 (Psal.
1501 4660 1703 4726 chtv.)
1730 4659 2011 4713 ltichwiao
2042 4674 2142 4711 au-

573 4769 675 4814 tem
717 4766 971 4820 exeunte,
1004 4756 1185 4809 statim
1230 4752 1419 4810 eadem
1466 4753 1601 4808 hora
1641 4752 1852 4807 clericis
1899 4751 2140 4807 litaniam
2178 4744 2181 4751 ’

571 4850 761 4904 devote
788 4847 1110 4902 canentibus
1135 4846 1369 4900 animam
1403 4844 1511 4900 Deo
1555 4845 1970 4907 commendans,
2002 4859 2144 4899 anno

572 4937 958 5019 incarnationis
985 4936 1192 4992 Domini
1235 4936 1402 4991 nostri
1430 4934 1557 4991 Jesu
1585 4934 1784 4991 Christi
1811 4934 1934 5000 975,
1965 4936 2143 4989 {etatis

572 5046 801 5094 anxur,
856 5027 1213 5083 ordinationis
1253 5035 1433 5082 autem
1473 5043 1535 5091 ι,
1575 5034 1766 5096 quarto
1796 5025 1884 5080 die
1920 5024 2069 5090 Julii,
2094 5040 2146 5078 rv

575 5120 708 5174 Non.
740 5120 979 5191 ejusdem
1004 5117 1226 5181 mensis,
1250 5116 1337 5171 die
1361 5114 1603 5175 Veneris,
1637 5113 1778 5169 felici
1803 5114 1948 5167 obitu
1995 5115 2145 5182 quasi

578 5225 764 5236 ..ιιι-...η
793 5210 940 5236 ...μιιῆ
966 5215 1246 5236 ηηιιηιιηιηα
1286 5205 1555 5236 ηις-ηοοιιΙΛ
1577 5204 1816 5236 ηΛ-ηιι-ιιοῖο
1845 5216 2121 5236 nepa-nul“.-

2219 1906 2655 1987 festine‘venircs
2697 1933 2752 1981 et
2781 1930 3027 1979 sanctum
3059 1930 3254 1988 corpus
3305 1913 3417 1968 Deo
3447 1906 3749 1965 commenda-

2219 2042 2324 2084 res.
2341 2047 2359 2081 ι
2377 2026 2495 2093 Quo
2524 2021 2732 2083 audito,
2758 2024 2982 2074 sanctus
3009 2013 3293 2083 episcopus
3322 2019 3515 2077 magna
3535 2000 3747 2057 mmstitia

2217 2089 2419 2190 ceptus.
2440 2123 2553 2180 est;
2598 2114 2651 2168 in
2683 2111 2875 2165 eadem
2901 2116 3059 2161 nocte
3086 2100 3324 2159 diluculo
3353 2095 3602 2159 surrexit,
3629 2100 3673 2146 et
3697 2089 3750 2143 ad

2216 2211 2515 2279 Augustam
2557 2217 2780 2274 pergere
2836 2197 3022 2267 cmpit.
3074 2195 3129 2250 lu
3157 2194 3356 2248 itinere
3386 2203 3514 2244 vero
3549 2200 3654 2240 cum
3677 2199 3734 2237 co

2220 2274 2493 2371 gnovisset
2515 2296 2657 2367 quod
2684 2294 2751 2348 ad
2779 2304 3078 2359 congruum
3101 2295 3313 2355 tempus
3355 2280 3483 2336 illuc
3509 2274 3747 2348 pervenire

2220 2367 2325 2449 non
2344 2390 2559 2449 valeret,
2578 2385 2760 2457 prtemi
2777 2397 2855 2438 asa
2875 2380 3061 2434 eode'n
3077 2377 3274 2447 legata,
3295 2370 3561 2427 nuntTavit
3579 2367 3744 2421 atlvcn-

2222 2495 2332 2540 trrrn
2368 2480 2504 2550 ejus.
2559 2476 2778 2533 luteriru
2820 2488 2948 2527 vero
2994 2467 3283 2539 corpusin
3331 2461 3555 2519 ecclesia
3591 2465 3749 2512 sarrtse

2222 2548 2410 2630 Mariae
2428 2590 2456 2626 a
2483 2566 2902 2641 congregatione
2920 2563 3004 2617 die
3020 2566 3288 2628 noctuque.
3303 2569 3429 2611 cum
3458 2548 3743 2607 orationibus

2223 2675 2279 2721 et
2310 2665 2594 2719 missarum
2624 2652 3099 2713 celebrationibus,
3130 2657 3290 2704 caute
3319 2656 3375 2701 et
3396 2646 3579 2700 devote
3600 2648 3743 2696 custo-

2224 2758 2474 2814 diebatur
2505 2767 2674 2822 usque
2697 2752 2751 2806 in
2779 2749 2919 2803 diem
2950 2743 3307 2801 Dominicam.
3346 2741 3441 2795 Die
3462 2753 3582 2793 vero
3603 2732 3745 2787 Doni-

2226 2850 2345 2904 nica
2360 2856 2481 2916 pust
2499 2844 2725 2915 primatu
2752 2839 2969 2894 missam
3002 2850 3099 2906 pro
3111 2831 3227 2902 ejus
3250 2829 3741 2885 anirnacelebrataru.

2225 2945 2551 3008 congregato
2586 2933 2731 2987 clero
2762 2939 2816 2984 et
2854 2924 3351 2981 sanctimonialium
3384 2918 3741 2991 congregatione

2228 3027 2416 3081 adveni
2437 3035 2563 3089 ante,
2594 3029 2646 3075 et
2686 3032 2876 3090 magna
2917 3018 2983 3070 de
3003 3015 3296 3086 prov'nciis
3347 3010 3660 3067 multitudine
3678 3021 3749 3074 pu-

2229 3119 2359 3189 puli,
2417 3113 2719 3187 presbyteri
2767 3112 3075 3166 levaverunt
3114 3123 3335 3177 co'pns,
3359 3115 3413 3159 et
3440 3104 3504 3158 ad
3545 3102 3742 3157 Smctam

2232 3208 2416 3263 Afram
2440 3207 2528 3261 ubi
2558 3213 2714 3259 antea
2748 3200 3051 3271 sepulcrum
3075 3196 3192 3263 ejus
3214 3204 3570 3267 prmparatum
3592 3191 3741 3246 fuerat.

2229 3306 2445 3368 portare
2473 3304 2770 3365 cmperunt.
2799 3292 3041 3359 Curaque
3093 3289 3343 3341 venirent
3379 3286 3443 3339 al
3491 3282 3658 3339 collem
3682 3278 3746 3347 qui

2230 3387 2429 3441 dicitur
2456 3383 2729 3439 Pereleich
2776 3380 2895 3453 [44].,
2951 3376 3239 3448 Perelich].
3292 3371 3744 3444 pmfatusnunténs

2232 3474 2401 3537 venit,
2453 3481 2506 3527 et
2547 3474 2837 3527 adventura
2884 3466 3188 3538 Wulfgangi
3231 3464 3471 3535 episcopi
3507 3457 3742 3518 nuntiavit.

2232 3566 2311 3621 llli
2343 3579 2521 3619 autem
2562 3563 2916 3633 perducentes
2955 3574 3150 3629 corpus
3189 3558 3240 3612 in
3282 3554 3562 3611 ecclesiam
3589 3557 3745 3605 sancta:

2232 3656 2396 3720 Afrae,
2426 3665 2481 3711 et
2508 3656 2635 3709 item
2665 3656 2884 3708 missam
2916 3648 3270 3706 sacrificalem
3316 3662 3440 3701 cum
3466 3642 3599 3699 ornni
3623 3639 3744 3693 devo-

2239 3748 2381 3802 tione
2408 3762 2502 3816 pro
2530 3744 2714 3815 requie
2737 3740 2855 3811 eius
2884 3742 3076 3797 anim-.1:
3106 3739 3532 3795 celebraverunt.
3571 3732 3744 3803 Episco-

2236 3853 2337 3908 pus
2355 3852 2482 3891 vero
2512 3850 2632 3890 cum
2663 3834 2839 3888 adhuc
2885 3848 2988 3887 non
3037 3831 3266 3897 veniret,
3316 3839 3374 3885 et
3411 3824 3745 3884 boradieinun

2240 3928 2503 3989 tardaret,
2582 3925 2688 3981 nisi
2739 3934 2949 3994 tempus
3008 3922 3394 3979 celebrationis
3452 3915 3631 3991 publici
3682 3909 3748 3964 Dei

2241 4019 2524 4076 ministerii
2556 4019 2888 4080 immineret,
2948 4024 3001 4071 et
3047 4017 3150 4071 hoc
3177 4031 3299 4071 cum
3332 4012 3476 4069 omni
3522 4006 3750 4066 devotione

2243 4128 2273 4167 a
2341 4108 2759 4181 congregatione
2832 4108 3153 4163 clericorum
3216 4103 3577 4176 perﬁceretur,
3638 4093 3747 4149 venit

2243 4202 2500 4275 praefatus
2540 4205 2848 4269 cpiscopus,
2889 4198 2979 4267 qui
3038 4211 3159 4251 cum
3190 4194 3485 4251 honoriﬁce
3523 4192 3748 4252 susceptus

2244 4294 2454 4358 fuisset,
2481 4302 2534 4347 et
2563 4290 2795 4346 orationi
2833 4290 2992 4343 linear
3018 4286 3386 4356 imposuisset,
3426 4278 3684 4337 salutatisa
3705 4283 3748 4324 se

2246 4384 2505 4440 fratribus
2524 4383 2691 4438 dixit:
2714 4401 2731 4433 ι
2751 4380 2887 4448 Quid
2910 4380 3063 4434 vobis
3093 4377 3304 4432 videtur
3325 4391 3393 4430 an
3417 4372 3564 4430 hodie
3581 4376 3746 4422 sacrum

2248 4490 2446 4547 corpus
2470 4474 2930 4531 commendamus,
2960 4469 3045 4526 vel
3073 4469 3140 4525 ad
3169 4468 3397 4523 alterum
3418 4466 3548 4521 diem
3579 4468 3745 4547 profta:

2248 4541 2545 4622 stinemus?
2566 4583 2582 4616 r
2611 4562 2706 4619 Cui
2732 4561 2929 4617 fratres
2968 4560 3376 4630 respondentes,
3398 4556 3648 4609 dixerunt:
3673 4541 3746 4595 «Si

2251 4670 2352 4713 tuze
2394 4655 2663 4711 sanctitati
2702 4653 2898 4724 placet,
2949 4652 3103 4706 nobis
3141 4652 3338 4705 bonum
3365 4647 3565 4701 videtur
3587 4643 3620 4695 si
3653 4652 3743 4689 orn-

2250 4750 2426 4814 nibus,
2461 4748 2551 4818 qui
2582 4762 2725 4800 nunc
2753 4744 2839 4799 hic
2872 4743 2923 4797 in
2955 4742 3240 4812 prtesentia
3268 4748 3411 4804 sunt,
3458 4728 3745 4789 ειιιιιιιιιιὶιιειιτ

2249 4850 2308 4895 ut
2349 4852 2506 4893 tuane
2562 4852 2795 4907 congrua
2851 4835 2983 4890 hora
3039 4833 3141 4889 huc
3192 4831 3255 4885 ad
3288 4822 3620 4885 commendati
3640 4828 3742 4907 arent

2249 4932 2389 4987 sacri
2436 4929 2681 5000 corporis
2714 4926 3057 4989 conveniant,
3091 4933 3145 4979 et
3182 4939 3209 4976 a
3239 4933 3290 4976 te
3324 4916 3561 4976 salutrris
3599 4906 3744 4967 hostiae

2252 5038 2448 5078 munus
2474 5022 2625 5075 nobis
2675 5017 3105 5075 sacriﬁcantibus
3130 5030 3228 5085 pro
3259 5012 3437 5082 requie
3464 5007 3567 5074 ejus
3595 5000 3744 5055 auium

2252 5113 2361 5168 Deo
2396 5110 2678 5173 offeratur,
2721 5108 2846 5178 quia
2891 5121 3127 5176 congrua
3169 5106 3298 5158 hora
3327 5097 3576 5173 prmterita
3599 5088 3743 5178 cslgf"

2254 5212 2307 5236 ιη
2353 5218 2409 5236 ηρ
2448 5216 2636 5236 ηισηνονι
2693 5173 3018 5236 Ιιι-εάιιιιὶηιξ
3051 5207 3251 5236 contire,
3296 5212 3314 5236 ι
3348 5188 3535 5236 Οιιίὺηε
3571 5173 3743 5235 auditis,
