3972 5428
221 370 241 425 I
254 359 359 424 03':

1796 351 1966 412 v‘I'I'A.

3360 338 3502 429 tos:

228 478 578 540 sacerdotalis
613 485 891 549 paratura,
920 489 1026 545 qua
1067 473 1287 530 indutus
1312 479 1451 532 crat,
1480 467 1587 523 cito
1615 484 1644 522 a
1670 476 1811 521 terra
1845 472 1889 527 Α
1917 463 2100 520 omnia
2132 477 2296 533 supra
2329 461 2550 520 modum
2584 476 2770 526 cnara,
2811 472 2866 518 et
2896 460 3118 520 herbam
3149 461 3389 536 undique
3445 464 3501 519 in

225 580 712 630 consumtnaretur.
745 583 871 639 quia
919 566 1035 636 ipse
1096 566 1275 619 adhuc
1318 565 1507 619 vivens
1552 560 1806 631 praecepit

228 681 298 721 ne
324 663 622 719 tabulatum
682 659 885 730 lignum
934 657 1148 728 corpori
1199 653 1318 723 ejus
1361 654 1806 724 supposuissent,

227 759 324 813 sed
376 771 525 827 pura:
584 764 742 807 teme
796 752 1161 819 imponerent,
1211 756 1268 803 et
1318 746 1495 816 ligneo
1553 742 1809 813 operculo

228 850 609 919 cooperirent:
646 844 738 915 qui
795 843 1091 898 secundum
1136 840 1254 909 ejus
1284 839 1603 910 petitionem
1642 837 1808 891 cami-

229 942 347 997 sale
396 938 610 1008 corpori
661 950 821 991 sacro
875 933 1373 989 circumdederunt.
1434 929 1592 984 Mane
1626 936 1809 982 autem

227 1031 398 1092 facto,
442 1044 634 1100 magna
698 1026 1039 1081 multitudine
1112 1022 1292 1094 populi
1366 1020 1707 1083 adveniente,
1757 1027 1811 1072 et

229 1121 457 1176 clericis‘
484 1115 1100 1184 sanctimonialibusque
1156 1113 1350 1166 ibidem
1381 1111 1492 1165 Deo
1521 1108 1812 1166 militanti-

228 1214 334 1268 bus
360 1209 727 1281 congregatis,
779 1207 871 1261 sed
897 1206 1041 1261 etde
1068 1203 1368 1275 provinciis
1399 1200 1604 1266 multis,
1638 1200 1813 1256 sacris

226 1302 421 1358 otliciis
473 1300 751 1356 utentibus
810 1297 1104 1367 adjunctis,
1155 1294 1408 1357 antistes,
1454 1292 1668 1348 cunctis
1714 1304 1815 1360 pro

227 1393 353 1462 ejus
399 1391 578 1446 anima
621 1387 1079 1452 sacriﬁcantibus,
1117 1400 1310 1455 magna
1342 1382 1668 1438 contritione
1687 1395 1812 1435 cor-

228 1488 321 1541 dis
357 1494 414 1541 et
457 1482 835 1540 bumiliatione
872 1470 1166 1535 salutarem
1193 1475 1391 1532 obtulit
1418 1475 1650 1531 hostiam
1680 1473 1810 1537 Deo,

228 1558 456 1649 insuper
494 1578 658 1632 etiam
727 1572 939 1646 publica
988 1572 1153 1626 missa
1211 1568 1449 1639 expleta,
1513 1579 1705 1621 omnes
1758 1563 1813 1617 in

227 1683 524 1724 commune
578 1666 761 1721 sobrio
802 1672 859 1717 et
888 1671 1049 1718 cauto
1095 1673 1350 1715 sermone
1407 1654 1712 1714 admonuit,
1757 1662 1817 1708 ut

229 1776 334 1832 pro
394 1759 482 1814 illa
534 1766 720 1813 sancta
795 1755 975 1808 anima
1033 1752 1224 1806 intima
1287 1747 1588 1804 intentione
1637 1744 1817 1800 cordis

1910 556 2225 613 defensione
2283 570 2525 620 manere,
2564 563 2620 609 et
2675 555 2796 610 ideo
2852 555 3176 627 semetipsos
3222 565 3278 610 ct
3313 570 3501 611 eorum

1910 648 2149 704 caballos
2169 647 2309 703 nulla
2338 648 2724 703 commoditate
2738 662 2899 718 posse
2923 647 3240 722 sustentari.
3253 645 3368 701 Non
3383 656 3506 718 post

1912 739 2110 794 multos
2140 739 2258 795 dies
2283 738 2581 808 imperator
2603 747 2789 794 noster
2812 739 2925 793 vult
2959 739 3138 811 regale
3175 737 3504 809 colloquium

1913 830 2113 885 habere
2152 828 2221 884 ad
2255 828 2431 884 locum
2478 829 2570 899 qtti
2604 830 2804 885 dicitur
2834 830 3131 895 Erinsteiu,
3167 830 3293 885 illuc
3342 828 3504 884 facile

1911 921 2140 990 potestis
2173 921 2271 984 ire,
2313 921 2435 976 ideo
2462 922 2797 976 revertimini
2828 938 2992 988 nunc,
3028 933 3082 979 et
3109 922 3326 994 quando
3352 937 3507 977 meus

1913 1018 2096 1065 certus
2123 1011 2344 1065 nuntius
2377 1011 2528 1065 vobis
2555 1012 2829 1080 praedicta:
2859 1012 3151 1068 locutionis
3180 1014 3320 1069 diem
3365 1029 3507 1067 nun-

1920 1106 2155 1169 tiaturus
2198 1107 2512 1172 advenerit,
2565 1107 2693 1161 illuc
2741 1107 2927 1161 venire
2976 1122 3045 1162 ne
3091 1108 3375 1174 dubitetis;
3433 1106 3505 1162 iui

1913 1198 2060 1253 enim
2086 1213 2172 1254 me
2186 1198 2473 1254 invenietis
2487 1198 2700 1253 ﬁrmum
2723 1199 2877 1254 vobis
2894 1197 3009 1253 fore
3026 1197 3350 1269 adjutorent,
3365 1208 3419 1252 et
3447 1194 3505 1252 in

1914 1290 2181 1348 electione
2205 1290 2497 1362 episc0pali
2535 1290 2654 1346 sine
2690 1290 3043 1360 ambiguitate
3072 1303 3158 1343 me
3196 1287 3383 1343 sciatis
3412 1303 3507 1343 voc

1916 1380 2001 1435 bis
2042 1380 2383 1435 coneordari.
2424 1378 2522 1435 llis
2560 1378 2742 1435 verbis
2779 1378 3001 1445 auditis,
3038 1392 3165 1433 vera
3199 1392 3322 1433 esse
3361 1376 3510 1432 (esti-

1917 1482 2152 1535 mantes,
2180 1479 2237 1526 et
2259 1471 2503 1527 consiliis
2530 1470 2647 1542 ejus
2675 1462 3104 1532 consentientes,
3130 1469 3334 1524 reversi
3353 1476 3503 1523 sunt.

1917 1557 2033 1614 Non
2065 1570 2183 1630 post
2207 1559 2432 1614 multum
2462 1576 2591 1615 vero
2616 1558 2876 1631 temporis
2905 1558 3308 1627 nuntiusducis
3339 1558 3509 1624 venit,

1916 1660 1973 1707 et
2000 1652 2185 1720 regale
2214 1651 2543 1722 colloquium
2572 1652 2627 1707 in
2659 1652 2923 1723 praedicto
2952 1651 3071 1708 loco
3112 1666 3340 1707 manere
3370 1651 3513 1706 indi-

1920 1743 2085 1807 cavit,
2115 1758 2318 1812 eosque
2345 1743 2471 1797 illuc
2494 1744 2680 1798 venire
2709 1742 3011 1799 admonuit.
3042 1740 3145 1809 Qui
3174 1741 3359 1796 statim
3387 1740 3513 1795 aliis

228 1854 430 1907 devote
472 1857 784 1912 exorarent,
817 1855 874 1900 ut
910 1847 982 1900 ab
1031 1844 1180 1899 omni
1212 1840 1449 1896 -vinculo
1496 1838 1817 1893 delictorum
1854 1832 1894 1891 ll
1926 1833 2187 1891 fratribus
2212 1850 2395 1891 secum
2424 1837 2679 1906 sumptis,
2731 1835 2800 1892 ad
2846 1835 3134 1908 praefatum
3174 1841 3354 1892 locum
3387 1850 3512 1907 per-

229 1942 505 2006 absoluta,
548 1943 659 1996 Deo
709 1940 971 2003 donante,
1021 1934 1247 2006 perenni
1295 1932 1494 2004 gaudio
1536 1931 1589 1984 in
1646 1942 1823 1984 terum

229 2050 362 2087 eum
402 2032 608 2088 sanctis
645 2041 702 2086 et
749 2029 941 2085 electis
984 2027 1076 2082 Dei
1106 2024 1307 2097 perfrui
1336 2031 1658 2079 mereretur.
1690 2019 1828 2077 Ora-

233 2127 386 2179 tione
435 2133 613 2179 autem
672 2122 968 2179 secundum
1027 2120 1252 2175 verbum
1300 2118 1419 2189 ejus
1474 2116 1544 2170 ab
1573 2114 1827 2169 omnibus

229 2228 476 2289 peracta,
555 2215 845 2288 episcopus
900 2227 1098 2282 corpus
1149 2210 1421 2282 sepelivit,
1472 2215 1529 2262 et
1585 2205 1823 2260 animam

230 2308 594 2378 omnipotenti
644 2306 754 2360 Deo
799 2302 1151 2360 tlevotissime
1199 2316 1324 2355 cum
1369 2298 1628 2369 lacrymis
1676 2312 1827 2352 com-

233 2401 535 2458 mendavit.
561 2397 792 2455 Ministri
814 2404 1017 2460 autem,
1042 2395 1183 2451 sicut
1203 2393 1519 2464 prtedictnm
1538 2399 1644 2456 est,
1666 2403 1828 2459 oper-

230 2494 360 2550 culo
420 2493 599 2565 ligneo
655 2505 855 2561 corpus
913 2494 1334 2559 coopernerunt,
1395 2492 1453 2539 et
1509 2497 1675 2553 super
1725 2483 1828 2537 hoc

231 2584 500 2656 gradibus
523 2582 717 2639 murali
746 2580 985 2651 sepulcri
1009 2580 1235 2634 densum
1259 2576 1495 2647 ligneum
1521 2573 1824 2628 tabulatum

230 2682 729 2747 superposuerunt.
790 2673 843 2727 iu
903 2670 1193 2741 superﬁcie
1246 2676 1428 2722 autem
1491 2675 1651 2720 terra:
1700 2678 1824 2718 cum

179 2801 184 2806 -
240 2765 514 2836 lapidibus
542 2762 850 2832 conjunctis
878 2761 1109 2816 ﬁrmiter
1149 2759 1478 2813 clauserunt.
1512 2754 1604 2810 llis
1631 2756 1705 2808 ita
1734 2769 1829 2821 pe-

237 2860 436 2923 ractis,
459 2858 745 2928 episcopos
762 2856 827 2910 ad
851 2855 1146 2925 Augustam
1167 2866 1330 2907 causa
1355 2849 1623 2903 orationis
1641 2860 1826 2917 perre-

238 2952 341 3006 xit.
389 2947 738 3004 Orationibus
787 2944 1160 3015 multipliciter
1202 2940 1620 3000 conisummatis,
1648 2953 1680 2991 a
1711 2935 1826 2989 fra-

239 3039 417 3094 tribus
441 3053 539 3108 per
582 3038 909 3092 cbaritatem
947 3042 1189 3105 rogatus,
1221 3042 1537 3103 paraturam
1586 3028 1828 3083 missati-

239 3144 386 3191 cam,
405 3145 526 3198 quae
554 3127 654 3182 fuit
677 3128 849 3182 sancti
877 3126 1145 3192 Udalrici,
1171 3138 1402 3195 quantm
1438 3122 1713 3192 opulentia
1738 3120 1827 3175 ille

1927 1942 2057 1997 gere
2107 1926 2525 1983 festinaverunt.
2576 1928 2822 2000 Cumque
2869 1929 3398 2000 appropinquassent
3441 1927 3514 1981 ad

1928 2017 2105 2073 locum
2128 2019 2220 2089 qui
2244 2019 2310 2073 ad
2332 2019 2563 2074 Balueos
2587 2020 2917 2087 nominatur,
2940 2021 3160 2091 quidam
3190 2019 3411 2075 nuntius
3433 2018 3518 2073 eis

1925 2116 2119 2171 obvius
2144 2115 2312 2170 dixit:
2343 2114 2639 2170 «Ilcnricus
2667 2114 2808 2170 ﬁlius
2836 2114 3132 2170 Purcbardi
3164 2127 3324 2184 quem
3347 2115 3516 2183 impc-

1928 2214 2079 2260 rator
2109 2204 2231 2259 cuin
2276 2206 2391 2259 suis
2450 2205 2723 2273 ﬁdelibus,
2779 2215 2835 2261 et
2883 2206 2990 2261 dux
3042 2204 3388 2262 Purcbardus
3445 2205 3515 2259 ad

1926 2296 2227 2367 Augustam
2252 2296 2554 2351 antistitem
2581 2313 2703 2354 csse
2724 2299 3110 2362 decreverunt,
3135 2314 3277 2354 nunc
3299 2297 3408 2353 cito
3429 2312 3517 2351 oe-

1927 2396 2111 2440 curret
2138 2386 2312 2440 vobis.
2349 2405 2368 2438 ι
2399 2386 2509 2442 llac
2532 2388 2740 2444 ratione
2762 2389 3292 2455 audita,coutristati
3316 2387 3517 2443 fratres

1929 2489 1995 2529 co
2021 2475 2166 2544 quod
2196 2474 2261 2530 de
2294 2476 2552 2545 praedicta
2581 2476 2850 2533 electione
2876 2479 3116 2548 episcopi
3151 2479 3354 2548 privari
3408 2479 3512 2534 de-

1928 2565 2194 2631 lmernnt,
2227 2566 2368 2621 ultra
2400 2582 2507 2623 non
2546 2578 2674 2624 sunt
2721 2570 3021 2640 progressi,
3051 2571 3144 2626 sed
3173 2579 3517 2627 revertentes

1930 2658 1982 2711 in
2011 2658 2135 2714 loco
2164 2657 2472 2729 opportuno
2504 2670 2984 2731 exspectaverunt,
3017 2679 3190 2733 usque
3218 2664 3347 2718 dttm
3371 2679 3511 2734 prae-

1931 2755 2101 2809 fatunt
2134 2753 2449 2809 lleinricum
2484 2754 2608 2809 inde
2639 2754 3053 2811 comitarentur.
3083 2757 3161 2811 Eo
3187 2757 3376 2811 statim
3405 2758 3515 2823 die,

1928 2860 2051 2900 cum
2097 2843 2163 2899 ad
2199 2852 2382 2898 castra
2411 2844 2662 2900 venirent
2706 2844 2908 2902 milites
2953 2846 3045 2917 qui
3096 2847 3164 2902 de
3192 2849 3332 2901 duce
3379 2846 3517 2902 l‘ur-

1928 2938 2133 2993 chardo
2159 2952 2282 2991 cttm
2315 2936 2570 2993 lleinrico
2595 2948 2884 3005 venerunt,
2924 2939 3210 3009 adjunctus
3233 2942 3332 2996 sibi
3358 2941 3519 2997 cleri-

1933 3044 2029 3084 cos
2072 3043 2267 3099 rogare
2305 3040 2616 3100 cmpcrunt,
2662 3038 2722 3085 ut
2763 3029 3080 3086 Il.inricu:n
3139 3033 3191 3087 in
3230 3048 3520 3090 commune

1932 3121 2249 3191 episcopmn
2260 3136 2382 3177 esse
2404 3123 2824 3193 comprobarent
2841 3124 2894 3178 in
2916 3126 3108 3180 eodem
3139 3125 3277 3180 loco.
3314 3126 3408 3192 Qui
3436 3126 3520 3182 in-

239 3187 439 3275 vii-ens
456 3219 1026 3289 abundabat,propter
1040 3216 1156 3285 ejus
1177 3187 1524 3272 sanctitatem
1552 3212 1822 3282 suscepit:
1855 3187 1899 3245 (ἶ
1931 3215 2121 3271 ducias
2153 3215 2446 3286 petierunt,
2478 3229 2650 3285 usque
2691 3216 2744 3270 in
2773 3218 3044 3272 communi
3091 3218 3348 3288 capitulo,
3373 3219 3519 3274 domi

242 3321 297 3364 et
326 3311 647 3373 honoriﬁce,
703 3310 845 3364 sicut
874 3308 1078 3379 optime
1123 3308 1316 3378 dignus
1366 3313 1507 3372 erat,
1548 3304 1826 3367 dimissus,

247 3402 358 3455 lleo
395 3401 595 3456 comite
631 3402 695 3453 ad
726 3401 939 3472 propria
982 3414 1230 3454 reversus
1261 3408 1363 3454 est.

320 3492 550 3547 XXVIII.
608 3501 726 3561 post
780 3492 987 3547 obitum
1046 3491 1218 3544 sancti
1280 3489 1518 3544 Utlalrici
1569 3488 1828 3559 episcopi,

249 3585 533 3639 Ileinricus
552 3583 1003 3637 ﬁliusPnrchartli
1022 3586 1238 3637 comitis
1263 3597 1547 3636 successor
1568 3582 1686 3649 ejus
1706 3580 1834 3635 ell'e-

252 3688 374 3728 etus
424 3685 530 3739 est,
559 3691 662 3727 non
712 3674 934 3743 provile
983 3675 1034 3726 in
1061 3672 1200 3726 ovile
1227 3673 1407 3725 ovium
1436 3673 1708 3734 intrando,
1740 3672 1833 3725 sed

253 3765 470 3820 aliunde
494 3763 854 3826 ascendendo,
870 3764 993 3833 quia
1012 3761 1329 3817 Purebartlo
1355 3764 1490 3816 duce
1505 3762 1837 3815 Alamanno-

252 3871 406 3922 rum,
439 3856 529 3926 qui
571 3855 732 3909 ﬁliam
773 3862 1078 3910 matertera:
1124 3852 1240 3920 ejus
1272 3852 1459 3907 habuit
1496 3868 1750 3916 uxorem,
1784 3862 1839 3907 ct

265 3949 388 4002 aliis
410 3947 674 4018 plurimis,
699 3947 791 4001 sed
821 3955 874 4000 et
896 3946 1216 4016 quibusdam
1241 3944 1521 4006 militibus,
1554 3946 1644 4014 qui
1676 3947 1743 3998 ab
1777 3962 1841 4000 ro

258 4039 517 4095 beneﬁcia
541 4055 634 4094 sua
661 4038 845 4109 angen‘
877 4047 1055 4093 astuta
1080 4045 1195 4091 arte
1218 4036 1525 4106 cupiebant,
1551 4034 1841 4091 consilian-

254 4131 420 4195 tibus,
448 4129 628 4197 subtili
658 4129 823 4200 coepit
852 4125 1080 4183 consilio
1122 4128 1396 4182 aestimare
1434 4130 1671 4196 qualiter
1710 4142 1842 4196 prse-

253 4221 457 4277 dietum
487 4220 661 4274 locum
693 4221 796 4275 sibi
836 4220 1101 4292 potuisset
1146 4235 1440 4290 usurpare;
1478 4221 1729 4291 quamvis
1780 4221 1833 4274 in

254 4315 372 4386 ejus
397 4314 680 4370 scientiam
721 4315 1023 4378 devcniret,
1063 4314 1204 4383 quod
1248 4312 1631 4368 Wcrinbarius
1671 4315 1841 4369 abbas

256 4403 311 4457 in
334 4404 565 4472 quadam
587 4403 841 4459 invisibili
872 4394 1181 4458 carnalibus
1204 4404 1377 4458 oculis
1398 4403 1838 4475 congregatione,

1932 3305 2115 3359 cuncti
2151 3303 2348 3360 fratres
2375 3304 2427 3361 in
2453 3321 2619 3360 unum
2648 3320 2709 3362 se
2737 3307 3128 3364 coadunarent.
3153 3311 3393 3380 cumque
3420 3310 3523 3366 mi-

1933 3395 2056 3452 lites
2078 3395 2180 3451 boc
2212 3395 2539 3460 refutarent,
2566 3406 2621 3450 et
2650 3395 2806 3465 longa
2838 3396 2983 3452 inter
3002 3412 3062 3453 se
3096 3397 3366 3454 locutione
3394 3414 3524 3455 cou-

1933 3488 2239 3553 tenderent,
2257 3489 2458 3542 reversi
2482 3490 2550 3542 ad
2578 3489 2914 3557 lleinricutn,
2931 3494 3391 3563 cutnquibusclam
3417 3497 3525 3551 cle-

1938 3578 2057 3632 ricis
2087 3578 2365 3647 elegerunt
2387 3593 2511 3633 eum
2536 3595 2700 3649 super
2721 3595 2780 3636 se
2802 3597 2922 3637 esse
2935 3584 3246 3655 episcopum
3265 3603 3279 3651 ;
3301 3588 3523 3654 quidam

1938 3683 2067 3721 vero
2094 3683 2217 3722 eum
2249 3683 2355 3723 non
2383 3669 2666 3739 eligentes,
2700 3673 2767 3727 ad
2812 3673 3112 3744 Augustam
3161 3687 3526 3745 pervenerunt

1939 3761 2006 3815 ad
2034 3771 2262 3817 caeteros
2296 3761 2515 3817 fratres.
2543 3763 2789 3834 Cumque
2814 3766 2881 3819 ad
2922 3768 3223 3837 Augustam
3274 3772 3526 3838 perveni—

1941 3859 2060 3904 rent
2079 3851 2159 3905 sic
2170 3860 2386 3922 sequest
2396 3852 2496 3906 rati
2514 3852 2569 3907 in
2587 3853 2852 3910 electione
2865 3855 3000 3924 ejus,
3022 3858 3166 3912 venit
3190 3862 3409 3928 quidam
3436 3876 3527 3916 co-
3555 3877 3558 3880 ’

1944 3957 2080 4007 mes,
2100 3943 2461 4000 Wolvcradus
2483 3947 2722 4009 nomine,
2737 3964 2859 4002 cum
2877 3949 2999 4004 aliis
3013 3951 3336 4020 quibusdam
3359 3954 3529 4007 homi-

1944 4031 2103 4087 nibus
2142 4034 2297 4103 quasi
2331 4034 2659 4105 legationem
2704 4038 2773 4093 ab
2813 4040 3139 4109 imperatore
3193 4040 3420 4096 ferendo
3461 4042 3528 4095 ad

1944 4123 2445 4192 congregationem,
2463 4125 2653 4182 dicens
2676 4140 2728 4181 τι
2750 4127 3050 4199 Imperator
3073 4131 3423 4186 demandavit
3437 4148 3531 4188 vo-

1947 4217 2029 4272 bis
2043 4219 2272 4289 gratiam
2300 4231 2356 4276 et
2381 4221 2810 4280 misericordiam
2829 4234 2883 4282 et
2898 4228 3078 4282 omnia
3094 4229 3258 4296 bona,
3273 4238 3325 4286 et
3348 4241 3537 4302 postu-

1946 4307 2077 4364 lavit
2111 4321 2168 4366 ut
2196 4312 2356 4368 istum
2400 4314 2679 4372 dominum
2704 4317 3043 4386 lleinrienm,
3082 4339 3242 4395 quem
3290 4325 3381 4380 ille
3406 4340 3530 4381 cum

1945 4400 2059 4456 suis
2091 4402 2337 4461 ﬁdelibus
2363 4407 2605 4464 decrevit
2626 4409 2679 4464 in
2711 4411 2813 4466 isto
2844 4414 2963 4468 loco
2992 4429 3110 4470 esse
3135 4425 3430 4486 pastorem,
3472 4426 3532 4473 ut

255 4494 348 4547 ubi
387 4502 607 4549 sanctus
662 4493 943 4550 Udalricus
975 4495 1027 4547 in
1058 4495 1258 4548 cxstasi
1292 4495 1489 4550 mentis
1529 4493 1838 4562 adjunctus,
1944 4501 1999 4545 et
2033 4507 2126 4550 vos
2154 4496 2225 4550 ob
2252 4513 2493 4554 antorem
2520 4500 2602 4554 sui
2630 4504 2929 4560 antistitem
2975 4508 3128 4562 vobis
3156 4509 3357 4582 eligere
3392 4528 3530 4566 una-

256 4584 463 4638 audivit
495 4603 508 4638 :
546 4584 603 4639 Si
632 4584 736 4639 duo
764 4584 884 4640 aliis
903 4586 1317 4647 concordareut,
1346 4585 1416 4639 ab
1444 4586 1591 4639 omni
1610 4585 1695 4639 illa
1710 4601 1841 4639 con-

258 4677 569 4747 gregatione
590 4678 656 4732 ad
680 4677 782 4732 hoc
811 4676 1172 4732 ministerium
1205 4677 1392 4733 fuisset
1422 4677 1743 4740 destinatus,
1784 4688 1844 4734 ut

257 4770 377 4839 ejus
433 4786 713 4826 successor
777 4769 1102 4836 cﬂlceretur,
1162 4771 1323 4827 sicuti
1386 4781 1543 4827 antea
1594 4774 1839 4843 prtedixi.

257 4860 490 4926 Quidam
519 4860 720 4926 clerici,
762 4864 1025 4917 advocato
1057 4871 1111 4917 et
1156 4862 1278 4918 aliis
1306 4862 1629 4933 quibusdam
1659 4864 1843 4920 militi-

260 4951 362 5003 bus
415 4950 479 5004 de
507 4953 695 5005 eodem
745 4953 1060 5022 episcopatu
1102 4967 1285 5007 secum
1323 4954 1732 5020 comitantibus,
1772 4958 1837 5010 ad

264 5045 469 5092 curtcm
509 5038 854 5108 imperatoris
901 5040 1153 5096 baculum
1205 5043 1566 5112 episcopalem
1617 5043 1842 5102 ferendo

260 5139 368 5185 iter
423 5145 584 5202 agere
625 5142 927 5202 cmpernnt.
985 5131 1230 5203 Cumque
1280 5135 1348 5188 ad
1396 5134 1839 5192 Wormaceusem

261 5220 530 5274 civitatem
556 5222 623 5276 ad
647 5236 1033 5276 monastermm
1070 5223 1244 5277 sancti
1301 5223 1518 5293 Cyriaci
1567 5227 1835 5291 venirent.

260 5310 584 5369 invenerunt
614 5314 684 5367 ibi
715 5313 1083 5369 Purehardom
1117 5315 1308 5369 ducem
1350 5332 1475 5374 cmn
1529 5334 1699 5374 uxore
1744 5338 1841 5376 sua

264 5401 319 5428 :n
373 5404 679 5428 ...Ιῖηηιζιηιη
728 5420 786 5428 ι...
844 5414 1047 5428 ..-μαι-...ι
1124 5406 1362 5428 l‘--.__.-_-..
1462 5413 1474 5428 ο
1541 5413 1554 5424 ο
1619 5412 1650 5428 ιο

263 5404 319 5428 :n
373 5404 679 5428 ...κη-..Σιηιη
728 5420 786 5428 ι...

1950 4585 2169 4641 nintiter
2183 4603 2287 4642 non
2306 4593 2568 4648 reuuatis.
2596 4614 2616 4647 ι
2635 4595 2856 4667 chatio
2877 4612 3056 4655 autem
3074 4603 3187 4658 bare
3203 4604 3529 4663 fraudulentl

1947 4677 2175 4733 consilio
2203 4683 2505 4753 composita
2531 4697 2670 4741 erat.
2696 4690 2792 4745 Cui
2823 4694 3214 4762 respondentes
3240 4696 3527 4754 dixerunt:

1953 4787 1970 4819 ι
1994 4769 2187 4828 Veniat
2216 4774 2307 4832 ille
2337 4792 2459 4831 cum
2488 4780 2643 4836 vobis
2672 4782 2739 4836 ad
2761 4783 3054 4854 capitulum
3079 4794 3324 4840 nostrum
3346 4786 3410 4841 ad
3433 4804 3531 4840 au-

1949 4864 2202 4923 diendum
2228 4882 2489 4938 respousa
2516 4879 2722 4926 nostra.
2744 4890 2762 4925 ι
2786 4873 3033 4946 Cumque
3055 4876 3143 4929 vix
3169 4877 3535 4933 obtinuiss:-nt

1955 4970 2013 5014 nt
2046 4960 2098 5014 in
2129 4958 2429 5029 capitulum
2460 4960 2749 5030 intrarent,
2772 4963 3020 5037 legebant
3047 4967 3312 5026 lectiones
3374 4986 3535 5025 cano-

1953 5053 2178 5110 nicasde
2188 5056 2451 5109 electione
2466 5057 2789 5116 antistitum.
2807 5060 3069 5118 Prmfatus
3086 5061 3396 5133 Ileinricus,
3413 5082 3535 5121 rum

1953 5148 2192 5201 audiSset
2220 5147 2628 5204 deiectionibus
2673 5150 2724 5205 in
2764 5153 3047 5224 pr.rsentia
3100 5157 3343 5214 recitatis
3395 5159 3539 5228 qttol

1957 5242 2008 5295 iu
2063 5248 2333 5312 potestate
2380 5251 2524 5298 esset
2576 5249 2963 5301 cauonicornm
3024 5261 3150 5301 cum
3211 5251 3412 5324 eligere
3457 5248 3543 5304 γει

1958 5328 2370 5393 refutare,cum
2417 5333 2573 5388 venia
2629 5334 2905 5392 humiliter
2954 5337 3250 5405 postulavit
3305 5352 3363 5397 ut
3417 5354 3543 5395 cum
