3972 5428
477 340 624 430 toan

1476 363 1535 423 s.
1579 364 1903 424 UDALRlCl
1951 345 2349 425 Αυιιϋετεικι
2402 366 2729 426 EPISCOPI.

3565 362 3687 426 £056
3732 374 3737 377 '

479 484 979 539 tlecreverunteum
1004 460 1125 540 esse
1154 472 1483 557 episcopum.
1524 486 1649 543 llaec
1687 470 1816 542 vero
1853 487 2042 541 electio
2070 483 2312 542 Atatem
2338 485 2389 537 in
2420 486 2753 541 obsidionem
2782 483 2917 554 ejus.
2961 488 3202 556 Cumque
3246 476 3521 544 obsidione
3553 491 3678 546 ﬁnita

477 587 602 628 eum
626 570 682 627 in
696 571 923 627 ecclesia
946 572 1204 630 militibus
1222 585 1277 630 et
1298 575 1512 631 familite
1532 586 1657 633 nota
1676 572 1811 634 facta
1837 576 2044 643 fuisset,

477 663 795 720 sonantibus
860 664 1137 731 campanis
1182 665 1248 721 ab
1303 668 1556 721 omnibus
1606 667 2043 722 confirmabat'tr.

479 755 631 811 Tunc
653 754 871 810 demum
890 752 1152 825 prtcfatus
1178 756 1487 823 Ileinrieus,
1512 759 1805 828 assumptis
1829 758 2042 827 quibus-

477 846 600 901 dam
655 847 951 912 canonicis,
1021 850 1262 917 perrexit
1308 849 1376 905 ad
1427 850 1831 919 imperatorem,
1890 859 1943 903 et
1994 851 2045 904 in

474 937 757 1006 prmsentia
808 936 924 1004 ejus
980 938 1207 995 aliorum
1266 942 1573 998 testimonio
1629 944 1917 997 roboratus
1981 943 2047 996 de

473 1026 733 1081 electione
762 1026 877 1095 ejus
906 1028 1192 1094 nuntiavit,
1221 1030 1497 1088 humiliter
1532 1030 1778 1101 ﬂagitans
1808 1043 1863 1086 ut
1889 1047 1915 1085 a
1942 1032 2047 1086 celo

475 1115 712 1171 situzline
744 1116 859 1185 ejus
890 1117 1187 1188 imperialis
1225 1122 1504 1188 potestatis
1541 1123 1874 1193 pontiﬁcium
1910 1138 2048 1192 prte—

474 1209 806 1263 nominatum
833 1210 883 1265 ei
912 1212 1320 1267 concederetur.
1371 1214 1674 1285 Imperator
1718 1226 1896 1271 autem
1929 1217 2046 1284 ejus

472 1297 836 1368 petitioni-non
862 1301 1212 1365 contradixit,
1242 1316 1415 1372 neque
1429 1306 1683 1361 continuo
1709 1305 2042 1376 adimplevit,

471 1387 567 1442 sed
606 1388 857 1456 promisit
894 1399 953 1443 ιιι
1001 1401 1124 1459 post
1162 1392 1400 1464 quinque
1439 1394 1553 1450 dies
1595 1395 1649 1450 in
1703 1396 2045 1452 solemnitate

471 1478 645 1534 sancti
686 1478 916 1535 Mauritii
972 1477 1090 1549 ejus
1141 1483 1386 1553 petitioni
1431 1498 1709 1540 assensum
1755 1486 2039 1556 praeberet,

472 1568 606 1623 sicut
653 1579 707 1624 et
740 1568 890 1624 fecit.
920 1569 1113 1626 Postea
1163 1588 1289 1629 vero
1322 1583 1528 1631 statuto
1577 1584 1816 1646 tempore
1844 1576 1910 1631 ad
1935 1577 2046 1631 Ma-

471 1645 710 1729 guntiam
761 1662 927 1728 venit,
961 1672 1010 1718 et
1040 1679 1068 1716 a
1100 1662 1376 1736 Rudperto
1398 1645 1807 1738 archiepiscopo
1840 1678 1895 1723 et
1930 1670 2044 1723 suis

470 1752 823 1824 suffraganeis
844 1757 1280 1815 benedictionem
1307 1761 1665 1832 episcopalem
1691 1763 1918 1833 accepit.
1945 1764 2041 1819 llis

468 1860 597 1900 vero
629 1821 958 1915 temporibus
979 1849 1105 1906 Otto
1128 1821 1532 1919 (llius‘Luitolfi,
1558 1853 1651 1907 filii
1695 1821 1907 1909 Ottonis
1940 1854 2039 1909 im-
2075 1821 2111 1879 ῃ

468 1937 874 2004 peratoris.dnx
903 1939 1001 1996 fuit
1022 1940 1535 2008 Alamannorumet
1563 1944 1869 2011 Ileinricus,
1900 1947 2039 2002 hlius
2084 1968 2087 1971 ·

467 2026 706 2085 Ileiurici
740 2030 924 2089 fratris
951 2034 1192 2105 ejusdem
1221 2036 1584 2106 imperatoris,
1607 2038 1711 2092 dux
1743 2038 2037 2095 Bauvario-
2084 2053 2089 2059 '

467 2136 586 2177 r-tm
609 2132 761 2179 erat:
787 2125 899 2194 qui,
925 2126 1168 2195 quamvis
1195 2143 1258 2182 ex
1281 2128 1459 2182 vicina
1482 2130 1879 2199 propinquitate
1906 2131 2037 2184 cha-

466 2215 627 2270 ritate
671 2214 947 2285 conjuncti
980 2218 1093 2274 fore
1149 2218 1481 2284 debuissent,
1521 2236 1586 2275 ex
1640 2222 2039 2278 machinatione

465 2305 611 2360 male
639 2302 915 2362 suadentis
941 2307 1153 2364 Satanae
1176 2309 1402 2363 invidias
1424 2319 1477 2366 et
1511 2310 1876 2366 dissensiones
1898 2313 2039 2367 inter

466 2410 526 2450 se
555 2412 809 2454 exercere
858 2406 1158 2468 cmperunt.
1189 2400 1477 2456 Ileinricus
1529 2402 1714 2471 itaque
1758 2404 2040 2474 episcopus

464 2487 742 2556 :rqttivoco
771 2503 870 2543 suo
897 2490 1016 2545 duci
1043 2491 1222 2561 aptior
1252 2492 1449 2546 mansit
1475 2492 1526 2547 in
1565 2495 1834 2553 omnibus.
1874 2504 1927 2551 et
1956 2497 2037 2565 ip.

465 2578 579 2635 sius
622 2581 864 2636 consiliis
911 2582 1032 2652 plus
1075 2583 1422 2638 consentiens
1461 2599 1622 2653 quam
1674 2585 1857 2641 Ottoni
1889 2587 2032 2648 duci.

463 2671 712 2739 quamvis
740 2671 929 2726 civitas
951 2673 1186 2744 Augusta
1222 2672 1277 2728 in
1303 2688 1400 2728 suo
1426 2675 1620 2727 ducatu
1648 2674 1749 2729 sita
1771 2684 2034 2730 maneret.

464 2758 571 2814 Pro
593 2760 694 2816 hac
725 2775 853 2817 vero
877 2776 936 2817 re
975 2761 1100 2819 Otto
1133 2763 1238 2817 dux
1290 2771 1477 2817 contra
1521 2777 1644 2817 eum
1698 2764 1870 2822 iratus
1917 2779 2037 2820 esse

464 2848 650 2918 erepit,
678 2858 732 2904 et
761 2866 882 2905 cum
930 2851 1174 2908 fidelibus
1205 2852 1318 2907 suis
1340 2851 1612 2907 consiliari
1643 2861 1703 2907 ut
1736 2853 1808 2918 ei,
1842 2853 1893 2908 in
1916 2854 2037 2922 qui-

462 2939 780 3011 huscunque
810 2942 1096 3013 potuisset,
1151 2941 1563 3007 adversaretur;
1603 2946 1746 3014 quod
1773 2955 1827 3000 et
1886 2944 2032 2999 fecit.

464 3025 689 3099 Insuper
751 3030 1034 3099 cpiscopus
1079 3032 1399 3101 quibusdam
1454 3033 1712 3089 militibus
1753 3035 2036 3105 nepotibus

462 3124 633 3176 sancti
659 3121 897 3192 episcopi
927 3122 1180 3187 Udalrici,
1205 3121 1523 3189 Manegoldo
1551 3133 1605 3179 et
1635 3126 1919 3196 IIulpaldo,
1941 3142 2035 3180 vo-

2146 584 2202 629 et
2245 577 2482 631 carinula
2520 577 2789 647 mitigata,
2858 577 3152 648 imperator
3178 578 3240 633 ad
3282 577 3563 635 Saxoniara
3611 599 3682 639 re-

2147 674 2470 732 verteretur,
2502 676 2685 736 postea
2717 675 2919 721 statuto
2969 675 3206 738 tempore
3242 668 3521 724 IIeiuriccs
3559 670 3681 729 illius

2148 755 2416 823 Ileinrici,
2438 768 2491 811 et
2525 758 2834 827 aequivoeus
2853 756 2967 827 ejus
3000 759 3139 814 ﬁlius
3162 757 3415 815 Perhtolli
3458 761 3517 815 ad
3544 762 3687 817 collo-

2147 846 2330 911 quium
2360 848 2701 916 imperatoris
2737 859 2911 904 vocati
2946 858 3095 913 sunt,
3138 865 3258 904 cum
3306 850 3498 918 quibus
3541 852 3682 906 etiam

2147 935 2429 992 IIeiuricus
2452 939 2736 1009 episcopus
2764 940 2828 992 ad
2852 939 3229 1010 imperatorem
3254 954 3316 994 se
3355 940 3422 992 ad
3443 956 3683 995 excusan-

2104 1036 2107 1041 ‘
2146 1028 2270 1080 dum
2302 1028 2368 1081 de
2390 1028 2645 1097 praedicto
2700 1037 2849 1083 reatu
2877 1030 3041 1092 venit,
3085 1043 3143 1084 ut
3188 1031 3470 1085 restitutus
3515 1032 3679 1101 gratia:

2146 1114 2261 1181 ejus
2291 1115 2358 1170 ad
2392 1118 2606 1186 propria
2656 1119 2833 1173 redire
2886 1130 3207 1174 mereretur.
3254 1120 3481 1175 Peracto
3520 1118 3678 1191 itaque

2100 1217 2106 1225 '
2146 1203 2430 1273 colloquio,
2459 1205 2744 1261 IIeinricus
2775 1216 2830 1261 et
2871 1208 3179 1278 tequivocus
3203 1207 3323 1278 ejus
3368 1210 3421 1264 in
3465 1210 3682 1266 exsilium

2145 1295 2296 1349 missi
2310 1295 2927 1353 sunt.Heioricusautem
2942 1300 3223 1369 episcopus
3234 1299 3300 1354 ad
3313 1301 3595 1356 Vurdinam
3607 1301 3681 1356 ubi

2145 1395 2367 1440 sanctus
2410 1387 2700 1456 requiescit
2731 1387 3033 1460 Luitgerus,
3079 1391 3257 1473 abbati
3304 1392 3373 1444 ad
3403 1394 3685 1447 custodien-

2144 1478 2269 1533 dum
2299 1480 2832 1535 commcndatusest.
2857 1480 3097 1551 Cumque
3122 1483 3194 1536 ibi
3222 1482 3288 1538 de
3310 1482 3511 1538 Pascha
3536 1500 3685 1554 usque

2096 1596 2100 1601 ~
2144 1580 2263 1640 post
2283 1572 2622 1626 nativitatem
2645 1573 2816 1628 sancti
2842 1571 3064 1627 Joannis
3090 1573 3346 1644 Baptista:
3369 1589 3487 1628 cum
3515 1591 3681 1645 magna

2096 1672 2103 1691 τ
2144 1661 2352 1716 cautela
2398 1663 2800 1727 custodiretur,
2845 1661 3043 1718 factum
3083 1673 3168 1718 est
3216 1664 3496 1733 imperiale
3539 1665 3684 1720 collo-

2144 1750 2326 1817 quium
2371 1750 2425 1805 in
2451 1751 2648 1821 oppido
2674 1751 2815 1820 quod
2849 1751 3048 1806 dicitur
3072 1752 3426 1808 'I‘rulmanna.
3466 1752 3587 1808 Illuc
3612 1768 3689 1807 re.

2142 1850 2340 1898 nerunt
2383 1843 2489 1899 duo
2531 1843 2826 1916 presbyteri
2861 1842 3169 1899 Gerhardus
3212 1854 3267 1899 et
3313 1847 3597 1900 Anamotus
3629 1845 3684 1901 de

2140 1933 2401 2005 Augusta,
2430 1942 2506 2000 et,
2529 1949 2650 1989 cum
2674 1935 2978 1989 interventu
3002 1933 3215 1989 Ottonis
3243 1935 3396 1990 ducis
3423 1942 3475 1990 et
3500 1935 3683 2004 cpisco-

2140 2039 2329 2094 porum
2362 2024 2433 2078 ibi
2462 2024 2822 2087 inventorum,
2854 2022 3288 2093 supplicaverunt
3316 2038 3425 2079 non
3452 2023 3609 2078 solum
3629 2024 3686 2079 de

2090 2140 2095 2146 -
2141 2114 2469 2184 semetipsis,
2503 2113 2598 2167 sed
2626 2113 2692 2169 de
2720 2113 2974 2168 omnibus
2999 2112 3209 2168 clericis
3234 2122 3291 2167 et
3332 2112 3486 2167 laicis
3520 2113 3568 2166 in
3607 2127 3687 2166 eo-

2143 2206 2263 2260 dem
2329 2206 2639 2274 cpiscopatn
2706 2202 3114 2267 habitantibus,
3163 2219 3234 2257 ne
3278 2201 3373 2256 diu
3424 2202 3684 2273 episcopali

2141 2297 2385 2352 custodia
2430 2297 2794 2367 privarentur.
2862 2295 3161 2366 Imperator
3222 2302 3406 2350 autem
3467 2295 3684 2363 petitioni

2084 2410 2092 2425 ν
2140 2388 2352 2445 Ottonis
2377 2388 2530 2444 ducis
2558 2397 2613 2443 et
2636 2388 2864 2443 aliorum
2901 2403 3121 2442 suorum
3170 2386 3411 2443 ﬁdelium
3463 2396 3682 2457 praelato-

2141 2495 2368 2551 rumque
2392 2480 2712 2536 clericorum
2742 2478 3101 2541 satisfaciens,
3126 2479 3442 2550 episcopum
3470 2479 3532 2533 de
3550 2494 3675 2533 exst-

2084 2600 2089 2605 ε
2142 2568 2214 2623 lio
2242 2569 2420 2624 reduci
2444 2568 2715 2639 praecepit.
2743 2577 2798 2622 et
2822 2568 2873 2622 iu
2896 2569 3176 2640 praesentia
3205 2584 3326 2633 sua,
3356 2569 3544 2623 iterato
3569 2567 3678 2621 tide-

2140 2658 2309 2714 litatis
2336 2674 2445 2714 sum
2473 2667 2833 2721 sacramento,
2877 2673 2999 2712 cum
3036 2659 3207 2729 gratia
3242 2674 3341 2713 sua
3390 2658 3456 2713 ad
3492 2659 3674 2727 episco-

2141 2759 2324 2822 patum
2379 2765 2534 2805 suum
2591 2750 2769 2804 redire
2822 2751 3107 2804 concessit.
3174 2749 3477 2805 Restitutus
3522 2759 3674 2802 autent

2140 2841 2194 2894 in
2244 2854 2401 2895 suum
2456 2839 2630 2894 locum
2687 2839 2971 2908 episcopus
3025 2846 3257 2894 tractare
3300 2838 3358 2893 in
3402 2838 3573 2892 animo
3596 2853 3675 2891 suo

2139 2931 2304 3000 erepit
2330 2945 2428 3001 pro
2474 2931 2669 2999 quibus
2698 2930 2937 2986 rentibus
2975 2930 3024 2985 ei
3081 2938 3187 2984 la'n
3213 2930 3429 2986 diversa
3477 2932 3670 2983 adversa

2140 3024 2219 3077 sic.
2246 3022 2556 3092 frequenter
2581 3023 2940 3085 accidissent,
2985 3022 3077 3092 qui
3110 3038 3138 3076 a
3166 3023 3300 3077 duce
3335 3021 3674 3090 multipliciter

2139 3114 2259 3184 plus
2302 3128 2463 3183 quant
2513 3123 2883 3168 antecessores
2911 3113 2992 3167 sui
3042 3110 3442 3181 injuriabatnr;
3493 3120 3545 3167 et
3573 3111 3680 3181 quia

462 3207 560 3263 Init
592 3211 852 3267 beneﬁcia
882 3214 1215 3274 abstrahere.
1251 3226 1473 3285 propter
1512 3195 1868 3287 quorumdam
1896 3233 2030 3273 con-

2137 3205 2406 3275 principes
2450 3205 2678 3260 militum
2712 3204 2971 3260 beneficia
3015 3219 3111 3259 sua
3154 3212 3339 3258 contra
3369 3204 3673 3259 voluntatem

463 3301 607 3368 silia,
631 3303 749 3358 sine
780 3303 991 3359 illorum
1029 3313 1200 3360 reatu.
1234 3307 1337 3375 Ipsi
1365 3316 1571 3373 autem,
1621 3309 1744 3378 quia
1776 3310 2029 3378 episcopo

463 3402 652 3446 sancto
690 3392 942 3449 Udalrico
969 3396 1145 3451 adlmc
1172 3397 1385 3452 vivente
1415 3398 1483 3451 ab
1507 3413 1572 3450 co
1598 3399 1747 3452 missi
1785 3415 1925 3468 s:epe
1974 3400 2027 3454 in

463 3480 668 3535 auxilio
694 3480 1038 3551 imperatoris
1072 3500 1193 3539 cum
1227 3485 1381 3541 herili
1428 3486 1770 3542 multitudine
1800 3490 2028 3544 militum

462 3582 749 3636 venerunt,
775 3582 829 3628 et
860 3574 913 3628 in
942 3575 1057 3645 ejus
1078 3576 1301 3631 servitio
1324 3576 1649 3637 voluntatem
1678 3576 1795 3646 ejus
1815 3586 2031 3634 strenue

463 3661 517 3716 in
548 3665 796 3720 omnibus
817 3665 1193 3730 adimulentes,
1220 3669 1403 3723 tandiu
1427 3679 1842 3739 permanserunt
1863 3684 2031 3737 usque

461 3769 584 3810 cum
610 3756 754 3812 illius
785 3760 958 3828 gratia
989 3761 1299 3816 muneribus
1327 3762 1578 3829 honorati
1614 3762 1791 3818 red're
1818 3763 2027 3818 dimissi
2076 3799 2080 3803 -

462 3853 608 3899 sunt.
664 3846 865 3917 Regina
889 3851 1051 3904 etiam
1091 3852 1444 3920 profitebatur
1481 3867 1673 3908 eorum
1694 3868 1754 3909 se
1774 3869 2033 3925 essepro-
2072 3866 2078 3877 ‘

460 3933 756 4005 pinquam;
807 3939 927 3995 ideo
959 3941 1214 3998 beneficia
1267 3952 1487 4012 accepta
1523 3945 1775 4014 episcopo
1808 3955 2051 3999 contra-

463 4027 709 4084 dixerunt
763 4040 828 4087 et.
861 4033 916 4085 in
969 4048 1155 4088 eorum
1211 4044 1495 4103 potestate,
1550 4049 1617 4090 eo
1663 4035 1894 4100 nolente,
1950 4043 2031 4090 te-

458 4135 715 4181 nuerunt.
743 4124 1034 4192 Episcopus
1060 4123 1243 4192 itaque
1263 4125 1349 4178 his
1374 4133 1430 4179 et
1456 4124 1579 4180 aliis
1607 4125 1793 4179 multis
1839 4127 2031 4183 adver-

459 4215 536 4270 sis
558 4214 830 4287 fatigattts,
871 4213 1045 4272 tristis
1103 4211 1328 4270 eﬂ‘ectus
1357 4222 1461 4268 est.
1492 4213 1734 4281 Quodam
1787 4224 2028 4285 tempore

461 4304 1052 4383 cumirperator‘Otto
1077 4314 1294 4374 gentem
1332 4304 1649 4361 Sclavorum
1700 4321 1824 4360 cum
1875 4321 2028 4360 exer-

461 4396 569 4449 citu
598 4394 852 4448 invadere
891 4392 1166 4461 voluisset,
1205 4403 1261 4449 et
1296 4393 1441 4458 Otto,
1472 4395 1563 4463 qui
1608 4404 1735 4450 tunc
1779 4397 1883 4451 dux
1913 4406 2031 4451 erat
2070 4440 2075 4443 .

458 4487 879 4541 Alamannorum
907 4495 960 4540 et
984 4485 1392 4551 Bauvariorum,
1417 4486 1672 4542 IIeiurico
1691 4487 1957 4556 deposito,
1976 4489 2025 4542 ia

2080 3326 2088 3339 -
2131 3295 2247 3362 ejus
2277 3296 2475 3352 habere
2517 3298 2932 3365 praesumebant,
2960 3307 3014 3352 et
3045 3297 3354 3353 electissimi
3385 3298 3455 3354 de
3480 3305 3673 3368 paterna

2131 3399 2228 3440 sua
2257 3384 2454 3440 familia
2486 3387 2884 3441 ministratores
2915 3389 3127 3443 diverso
3163 3390 3321 3444 modo
3365 3400 3585 3459 repente
3604 3387 3667 3441 in-

2130 3475 2412 3538 terierant,
2443 3482 2701 3531 secreto‘a
2724 3473 3080 3549 familiaribus
3101 3478 3308 3533 clericis
3330 3476 3669 3546 interrogavit.

2129 3567 2174 3623 si
2219 3575 2441 3623 sanctus
2481 3565 2760 3622 Udalricus
2786 3567 2850 3622 de
2869 3566 3224 3623 Werenhario
3250 3567 3449 3625 abbate
3474 3568 3669 3624 diceret.

2130 3662 2189 3709 ut
2216 3670 2495 3712 successor
2513 3655 2629 3726 ejus
2650 3655 2762 3711 ﬁeri
2789 3656 3029 3723 deberet,
3050 3658 3206 3712 sicuti
3236 3659 3283 3713 ei
3313 3667 3470 3715 antea
3499 3659 3674 3714 dictum

2131 3756 2234 3800 est.
2258 3744 2501 3814 Cumque
2527 3747 2580 3799 in
2611 3746 2837 3803 veritate
2851 3761 3034 3802 verum
3045 3763 3163 3803 esse
3179 3750 3534 3818 cognovisset,
3552 3746 3669 3817 qaol

2129 3844 2287 3891 antea
2315 3838 2534 3893 credere
2554 3837 2741 3900 noluit,
2772 3838 2987 3908 expavit
3014 3851 3072 3893 se
3098 3838 3464 3902 vehementer,
3487 3836 3570 3893 sed
3592 3851 3679 3906 pu-

2128 3928 2267 3983 blice
2298 3942 2401 3984 non
2443 3926 2832 3995 manifestavit;
2884 3943 2981 3999 pro
3022 3944 3087 3983 eo
3130 3930 3247 3999 plus
3292 3930 3524 3998 expavit,
3562 3927 3668 3997 quia

2130 4030 2256 4075 tttnc
2278 4018 2588 4089 frequenter
2622 4020 2770 4089 signa
2815 4035 3001 4091 magna
3029 4029 3086 4074 et
3115 4020 3377 4074 mirabilia
3420 4021 3483 4074 azl
3516 4016 3669 4086 sepul-

2128 4127 2277 4167 crum
2292 4112 2460 4167 sancti
2483 4107 2983 4180 Udalriciepiscopi,
2998 4111 3106 4165 Deo
3116 4112 3459 4172 concedente,
3477 4110 3666 4164 fiebant.

2131 4203 2279 4258 Tunc
2308 4203 2521 4257 domum
2556 4202 2609 4256 in
2637 4201 2854 4256 meliora
2888 4202 3252 4272 multipliciter
3282 4210 3535 4263 mutatus,
3559 4211 3662 4251 cum

2128 4296 2237 4350 Deo
2266 4310 2324 4350 se
2356 4294 2640 4364 pacificare
2659 4304 2883 4349 conatus
2905 4303 3005 4355 est,
3033 4302 3085 4349 et
3112 4294 3387 4347 matricem
3412 4289 3666 4347 ecclesiam

2129 4401 2266 4441 novo
2294 4392 2435 4440 tecto
2477 4384 2753 4452 cooperire
2776 4384 3047 4453 prrreepit,
3095 4393 3149 4438 et.
3187 4397 3347 4451 super
3375 4381 3550 4437 Licum
3579 4376 3660 4430 llu-

2127 4478 2272 4531 vium
2303 4477 2368 4530 ad
2401 4475 2651 4535 Sanctam
2694 4473 2878 4528 Afram
2910 4483 3124 4543 pontem
3161 4471 3477 4541 composuit.
3515 4468 3589 4531 Et,
3617 4473 3665 4517 ut

458 4576 779 4645 adjutorium
831 4574 949 4643 ejus
979 4577 1163 4633 venire
1206 4592 1326 4632 cum
1370 4577 1683 4635 Alamannis
1719 4550 1774 4633 et
1815 4550 2024 4634 Noricis
2060 4550 2308 4623 Ιλιιιιιιιις
2334 4584 2398 4622 ex
2429 4566 2626 4622 familia
2660 4567 2726 4620 de
2752 4574 2909 4635 ponte
2955 4565 3218 4619 teloueum
3250 4572 3344 4616 aut
3376 4561 3531 4615 ullam
3557 4556 3659 4610 re-l-

455 4675 677 4729 raratus
699 4675 864 4728 esset.
885 4666 982 4721 Ilci
1008 4667 1276 4736 tricusque
1294 4667 1579 4737 episcopus
1606 4668 1684 4721 ire
1706 4683 1764 4722 se
1783 4685 1904 4722 cum
1931 4669 2022 4724 illo
2064 4696 2073 4711 ι

458 4759 817 4828 promitteret,
869 4759 1204 4826 exspectavit
1240 4774 1362 4814 cum
1393 4759 1812 4819 suis-militibus
1844 4763 2025 4816 donec
2062 4792 2067 4799 ›

459 4847 735 4904 recederet
759 4849 1051 4913 exercitus,
1093 4856 1168 4910 et,
1194 4848 1335 4903 sicut
1380 4860 1538 4905 antea
1567 4851 1835 4905 consiliati
1860 4858 2024 4914 ‘sunt,

455 4936 737 5005 occupavit
766 4950 887 4989 eum
911 4935 1166 4990 militibus
1194 4938 1305 4991 suis
1327 4937 1579 4992 civitates
1604 4954 1739 5007 quas
1757 4940 1949 5007 potuit,
1972 4948 2028 4993 et
2058 4998 2061 5001 λ

456 5026 649 5095 ipsein
688 5024 1054 5097 Nuwingburg
1105 5027 1345 5103 intravit.
1394 5027 1656 5084 Ilenricus
1693 5040 1895 5097 autem,
1929 5031 2020 5100 qui

457 5124 613 5169 antea
645 5115 749 5169 dux
781 5115 899 5180 fuit,
929 5115 1197 5171 l‘azonam
1243 5118 1516 5173 civitatem
1571 5121 1811 5184 intravit,
1840 5136 1902 5175 ea
1938 5139 2023 5176 ra-

2130 4659 2444 4714 bibitionem
2467 4657 2756 4725 acciperet,
2797 4654 3071 4724 praecepit,
3099 4653 3190 4707 sed
3221 4652 3273 4705 in
3294 4650 3659 4718 elecmosynam

2127 4750 2242 4818 eius
2266 4751 2571 4819 quicunque
2614 4747 2907 4801 voluissent
2939 4746 3053 4800 sine
3082 4742 3500 4798 contrad’ctione
3522 4749 3570 4792 et
3587 4751 3662 4789 oc-

2128 4842 2412 4910 cupatioue
2434 4847 2730 4909 pergerent.
2756 4836 2947 4891 Postea
2980 4846 3157 4889 autem
3184 4836 3405 4887 Romam
3434 4841 3484 4886 et
3504 4828 3661 4882 limina

2127 4940 2434 4985 sanctorum
2464 4928 2821 4997 apostolorum
2844 4926 2985 4981 Petri
3007 4937 3060 4979 et
3084 4924 3228 4979 Pauli
3254 4938 3350 4995 pro
3377 4918 3658 4976 remissione

2128 5021 2444 5077 delictorum
2496 5033 2716 5072 suorum
2751 5017 3007 5071 visitavit.
3056 5016 3122 5070 Et
3160 5026 3314 5069 antea
3354 5027 3508 5084 q-iam
3552 5007 3658 5061 illnc

2126 5126 2350 5182 pergere
2404 5109 2677 5178 «cpisset,
2723 5109 3101 5178 proprietatem
3158 5122 3318 5176 quam
3366 5112 3512 5175 pater
3549 5108 3658 5151 suus

3466 5200 3503 5212 ,ο
3529 5196 3663 5212 -n-m
