3972 5428
233 348 365 414 1057

1770 351 1946 406 VITA.

3335 347 3474 402 £038

225 467 463 533 Augusta
495 463 712 518 civitate
742 466 925 532 situm,
961 477 1015 520 et
1056 483 1215 538 super
1247 484 1464 540 capsam
1493 467 1803 522 deauratam
1835 472 1877 521 Α
1912 465 2003 525 ita.
2029 463 2169 517 sicut
2200 462 2442 532 printlixi,
2467 463 2715 532 expletis,
2748 463 2972 516 Romam
3003 462 3315 531 perrexitet
3343 466 3480 518 votis

230 555 596 623 lapidibusque
627 557 844 612 inclusis
871 559 1204 624 decoratum,
1228 577 1350 614 cum
1384 562 1611 616 ecclesia
1632 571 1687 614 et
1713 571 1794 614 to-

231 646 299 698 tis
326 644 590 708 rediticiis,
618 661 738 699 cum
777 648 940 713 agris,
961 637 1156 718 pratis,
1184 651 1414 720 pascuis,
1455 651 1798 715 molendinis,

227 736 382 805 aquis
404 753 772 807 aquarumque
803 741 1136 808 decursibus,
1166 743 1268 798 viis
1286 754 1338 798 et
1362 743 1541 808 inviis,
1564 743 1799 798 eivitati-
1829 772 1834 778 ~

226 827 345 890 bus,
374 827 558 898 sylvis,
593 830 760 882 tonsis
804 839 858 884 et
897 831 1147 895 intonsis,
1176 834 1414 902 qmcsitis
1439 835 1688 888 etatlhuc
1722 834 1801 888 in-

230 916 526 984 quirendis,
555 927 608 971 et
635 932 756 971 cum
797 917 998 974 fatiiilia
1025 929 1080 974 et
1107 937 1227 976 eum
1255 922 1504 976 omnibus
1543 923 1609 976 ad
1648 937 1801 976 eam-

227 1009 348 1060 dem
376 1009 756 1078 proprietatem
787 1008 911 1077 jure
941 1013 1355 1080 pertinentibus,
1397 1013 1498 1068 nisi
1533 1030 1601 1068 xx
1631 1014 1802 1076 hubas

227 1108 381 1151 extra
425 1099 762 1154 traditionem
813 1102 1041 1168 dimisit;
1099 1114 1155 1158 et
1200 1119 1297 1160 eas
1333 1104 1579 1160 servituti
1627 1105 1801 1159 sancti

230 1187 406 1260 Magni
435 1191 501 1244 ad
531 1191 737 1246 Fauces
763 1181 1034 1260 decrevit;
1085 1198 1466 1268 canonicisque
1507 1197 1798 1266 placitavit,

229 1287 288 1330 ut
313 1287 628 1348 potestatem
659 1281 942 1346 haberent,
976 1285 1019 1339 si
1054 1285 1269 1351 vellent,
1291 1287 1506 1341 easdem
1532 1288 1704 1341 bulas
1734 1301 1802 1339 xx

230 1383 355 1421 eum
388 1384 422 1421 ι
452 1370 502 1422 in
535 1371 634 1425 ista
666 1374 936 1442 provincia
967 1376 1019 1428 in
1053 1375 1193 1430 bono
1216 1377 1330 1432 loco
1357 1379 1474 1432 sitis
1501 1377 1656 1431 hubis
1677 1392 1806 1431 cou-

226 1461 488 1525 cambire,
505 1461 556 1516 iu
580 1479 794 1518 manum
808 1464 1136 1522 Werinharii
1163 1470 1429 1534 advocati,
1446 1479 1499 1522 et
1515 1470 1566 1523 iu
1587 1484 1802 1523 manuni

223 1549 490 1605 Cerhardi
520 1555 822 1622 praepositi,
852 1571 948 1625 pro
977 1559 1214 1612 remedio
1244 1560 1437 1613 anima:
1462 1575 1594 1624 suae,
1625 1568 1679 1613 et
1708 1574 1804 1628 pa-

227 1641 330 1693 tris
377 1643 667 1711 matrisque
722 1661 832 1700 sua:
868 1655 924 1700 et
964 1656 1267 1703 materterie
1303 1666 1414 1704 suae
1459 1659 1808 1704 cancrorum-

226 1746 337 1798 que
370 1733 786 1802 propinquorum
840 1747 894 1790 et
949 1748 1232 1809 parentum
1280 1755 1519 1802 suorum,
1575 1741 1626 1792 in
1685 1755 1802 1793 eam

1905 556 2016 608 suis
2043 555 2276 624 peractis
2309 569 2471 609 sanus
2504 555 2569 608 ail
2616 555 2830 624 propria
2857 554 3024 608 venit.
3073 553 3259 607 Adhuc
3301 564 3478 608 autem

1907 648 2050 700 intus
2090 663 2280 716 magna
2315 646 2561 714 angustia
2597 645 2791 700 mentis
2817 645 3068 714 angebat,
3113 659 3209 713 pro
3245 659 3310 697 eo
3341 644 3482 713 quod

1905 753 1935 790 a
1976 737 2112 790 duce
2158 737 2377 799 Ottoue,
2419 736 2663 802 quamvis
2703 737 2942 790 exterius
2985 735 3247 804 pacitieati
3276 745 3480 798 essent,

1905 827 2023 895 plus
2053 827 2345 896 cogebatur
2381 839 2542 893 quam
2582 835 2956 879 antecessores
2997 824 3077 878 sui
3117 824 3164 877 ei
3207 823 3481 877 servitium

1905 920 2080 973 facere
2106 918 2172 972 de
2205 919 2365 971 rebus
2388 915 2605 970 Sancta)
2632 915 2840 979 Mariae;
2880 924 2934 968 et
2970 930 3068 984 pro
3096 929 3160 968 eo
3196 914 3337 982 quod
3365 913 3487 982 qni-

1905 1011 2027 1065 dam
2063 1009 2260 1062 milites
2293 1005 2554 1062 beneﬁcia
2588 1005 2953 1062 ecclesiastica
2982 1007 3047 1059 ad
3079 1005 3220 1058 illius
3251 1013 3484 1072 potesta-

1907 1100 2154 1168 temjure
2181 1099 2504 1168 pertinentia
2529 1107 2716 1152 contra
2743 1096 2858 1164 ejus
2887 1098 3216 1150 voluntatem
3246 1097 3486 1166 posside-

1905 1192 2054 1246 bant.
2087 1190 2225 1256 Quia
2256 1189 2346 1243 ille
2375 1204 2443 1242 ex
2474 1189 2746 1243 nobilibus
2775 1188 3087 1256 parentibus
3125 1198 3276 1241 ortus
3307 1196 3408 1248 est,
3435 1196 3485 1238 ct

1905 1283 2274 1354 grammaticae
2325 1281 2462 1335 artis
2525 1280 2860 1350 aliorumque
2918 1279 3175 1332 librorum
3236 1295 3485 1348 magnam

1899 1374 2186 1432 scientiam
2203 1375 2453 1439 habebat,
2470 1373 2728 1444 suavique
2749 1373 3017 1440 colloquio
3037 1383 3090 1426 et
3112 1374 3246 1427 liene
3266 1382 3490 1427 sonante

1903 1467 2117 1537 loquela
2158 1467 2310 1520 valde
2335 1481 2572 1536 congrue
2600 1467 2954 1529 exuberabat,
2980 1467 3031 1519 in
3059 1466 3264 1520 sanctis
3290 1465 3493 1520 solem-

1905 1558 2187 1621 nitatibus,
2223 1557 2276 1611 in
2312 1557 2400 1612 Dei
2416 1557 2638 1612 servitio
2666 1567 2720 1613 et
2749 1573 2801 1611 in
2821 1557 3201 1626 praedicatione
3217 1557 3493 1611 studiosus

1906 1647 2026 1702 fuit.
2047 1647 2210 1702 llerili
2242 1649 2465 1703 servitio
2481 1649 2546 1703 ad
2573 1665 2813 1704 mensam
2848 1664 2997 1702 suam
3014 1649 3343 1712 utebatur,et
3368 1664 3490 1704 enm

1907 1753 1973 1792 eo
2002 1740 2344 1793 manentibus
2372 1739 2579 1807 copiam
2611 1738 2962 1793 manducaudi
2990 1749 3150 1807 atque
3174 1738 3390 1793 bibendi
3413 1738 3492 1791 hi-

223 1819 653 1887 plaeitationem,
684 1833 741 1877 ut
776 1823 826 1877 in
852 1823 974 1891 jure
1009 1836 1064 1881 et
1111 1838 1377 1897 potestate
1421 1829 1805 1883 canonicorum
1840 1832 1882 1890 Β
1911 1828 2009 1883 lari
2046 1828 2193 1882 vultu
2221 1837 2277 1883 et
2303 1829 2512 1898 placida
2547 1837 2726 1884 mente
2751 1829 3016 1898 porrexit.
3046 1827 3284 1882 Familia:
3310 1837 3491 1881 autem

225 1925 278 1975 pi
298 1910 613 1978 rpetualiter
640 1913 690 1967 in
730 1915 999 1970 oblatione
1026 1928 1358 1986 permaneat,
1385 1925 1530 1976 salvo
1553 1924 1604 1976 iu
1631 1920 1804 1974 omni-

222 2001 330 2052 bus
370 2015 555 2055 eorum
592 2005 905 2072 quotidiana
931 2007 1228 2076 stipendio;
1253 2017 1309 2064 et
1347 2018 1404 2063 ut
1434 2009 1556 2078 ipsi,
1594 2026 1692 2081 pro
1718 2025 1806 2065 re-

221 2089 353 2156 quie
386 2087 500 2157 ejus
546 2091 762 2160 animm,
789 2096 943 2149 annis
986 2097 1211 2166 singulis
1235 2108 1358 2153 ante
1380 2101 1806 2156 anniversarium

225 2179 374 2232 diem
407 2181 471 2234 ad
500 2182 684 2237 horam
707 2187 1065 2254 vespertinam
1099 2189 1562 2260 vigiliamplenam
1589 2192 1656 2245 de
1678 2208 1808 2248 voce

228 2270 535 2338 celebrent,
585 2283 638 2328 et
678 2275 732 2328 in
781 2279 1150 2335 anniversario
1190 2281 1278 2336 die
1319 2283 1513 2338 iterum
1575 2285 1808 2354 vigiliam

228 2362 510 2430 expleant,
540 2375 596 2419 et
626 2367 896 2424 celebrata
928 2373 1091 2426 missa
1125 2373 1335 2439 altaris,
1361 2375 1551 2430 hostire
1571 2376 1811 2430 "oblatio-

223 2467 353 2506 nem
395 2469 582 2508 omnes
629 2455 682 2510 in
729 2472 1014 2514 commune
1053 2462 1161 2517 Deo
1200 2462 1458 2529 oti'erant,
1505 2473 1558 2519 et
1593 2465 1812 2534 insuper

225 2535 450 2597 centum
481 2560 744 2615 pauperes
782 2547 1066 2606 sufficienti
1107 2553 1373 2623 stipendio
1409 2557 1600 2610 edendi
1637 2563 1692 2609 et
1730 2555 1810 2608 bi-

223 2631 339 2687 bcn
353 2634 386 2686 1i
417 2646 731 2704 praestruit.
759 2646 810 2694 et
833 2654 897 2694 ex
926 2640 1006 2696 eis
1026 2641 1304 2697 duodecim
1340 2645 1586 2703 vestiant.
1620 2646 1670 2698 in
1702 2660 1809 2700 uno

224 2739 372 2778 anno
406 2717 571 2781 laneis
597 2730 952 2796 vestimentis,
989 2742 1043 2786 ct
1077 2734 1128 2786 in
1163 2714 1334 2790 altero
1364 2751 1504 2790 :illllO
1535 2735 1703 2788 laevis
1733 2736 1803 2788 iu-

223 2814 415 2877 duaut,
447 2825 496 2870 et
520 2817 719 2888 caligas
741 2820 1212 2893 ealccamentaque
1236 2826 1525 2894 praebeant.
1553 2826 1606 2877 Si
1630 2837 1807 2878 autem

223 2906 426 2974 aliquis
453 2922 733 2983 successor
763 2909 882 2982 [al.,
916 2927 1086 2978 meus,
1115 2925 1161 2968 et
1188 2916 1264 2968 sic
1300 2915 1500 2986 postea]
1526 2917 1639 2984 ejus
1666 2915 1807 2968 anti—

225 3006 342 3050 stes
368 2998 504 3052 hanc
528 2997 924 3067 plaeitationein
949 3003 1248 3073 irrumpere
1271 3007 1574 3068 tentaverit,
1603 3015 1654 3059 et
1676 3021 1809 3073 prie-

227 3089 431 3142 dictam
473 3092 853 3160 prOprietatem
898 3095 1173 3155 canonicis
1214 3096 1506 3150 auferendo
1554 3100 1607 3149 in
1655 3111 1807 3150 suam

1907 1920 2026 1991 plus
2053 1920 2202 1988 justo
2231 1921 2422 1975 srevior
2449 1921 2676 1985 exstitit,
2715 1935 2904 1976 eorum
2930 1921 3019 1990 jus
3057 1920 3290 1974 tollendo
3311 1963 3326 1985 ,
3359 1929 3413 1975 et
3439 1921 3491 1974 iu

1907 2012 2230 2082 quibusdam
2263 2012 2394 2066 locis
2441 2027 2636 2068 novum
2672 2026 2890 2067 censum
2926 2012 3179 2065 creando.
3223 2010 3372 2065 Tune
3400 2011 3494 2064 tle-

1908 2121 2054 2160 mum
2080 2105 2437 2174 cognoscebat
2463 2105 2605 2172 quod
2643 2101 2917 2172 praelibata
2959 2103 3205 2165 adversa,
3249 2101 3351 2156 nisi
3383 2101 3494 2155 Deo

1907 2178 2196 2264 at'ljnvattte
2251 2203 2308 2248 et
2344 2191 2641 2262 imperialis
2697 2191 3036 2247 celsitudinis
3074 2191 3246 2261 gratia
3284 2190 3492 2246 machi-

1909 2291 2092 2348 nante,
2130 2298 2389 2352 superare
2416 2299 2523 2336 non
2553 2282 2746 2352 potuit,
2779 2289 2835 2335 et
2859 2291 2972 2335 toto
3001 2282 3121 2336 nisu
3147 2281 3371 2336 servitio
3402 2281 3496 2334 im-

1908 2372 2174 2441 peratoris
2210 2387 2270 2428 se
2311 2373 2587 2428 innectere
2621 2372 2846 2436 studuit,
2883 2380 2940 2425 ut
2976 2371 3338 2440 acquisitione
3377 2371 3494 2441 ejus

1909 2461 2096 2530 gratiae
2125 2477 2313 2516 omnes
2354 2462 2772 2516 contrarietates
2803 2461 2850 2516 ei
2882 2461 2951 2516 ab
2977 2460 3098 2526 aliis
3123 2461 3359 2530 undique
3390 2462 3493 2516 im-

1911 2551 2196 2613 minentes,
2224 2567 2344 2604 cum
2373 2551 2492 2621 ejus
2525 2551 2810 2619 praesentia
2836 2535 2894 2604 et
2920 2564 3040 2604 cum
3077 2552 3193 2622 ejus
3214 2551 3496 2619 praeceptis

1912 2641 2311 2710 mitigarentur.
2347 2639 2473 2697 Ideo
2515 2643 2678 2712 igitur
2723 2642 2920 2712 saepius
2962 2657 3089 2696 cum'
3125 2642 3496 2713 imperialibus

1911 2730 2222 2784 muneribus
2250 2745 2373 2784 eum
2400 2731 2657 2797 visitavit,
2687 2742 2742 2787 et
2774 2734 2972 2788 drudes
3013 2730 3136 2804 [al.,
3162 2740 3370 2802 grates,
3394 2734 3494 2800 aL,

1909 2818 2412 2892 eunsiliarioslsuos
2434 2821 2589 2876 donis
2610 2822 2861 2890 congruis
2887 2821 2986 2876 sibi
3015 2822 3355 2892 complacare
3379 2833 3494 2877 sat-

1910 2913 2134 2986 agebat,
2168 2922 2224 2966 et
2252 2912 2472 2981 insuper
2499 2912 2714 2966 hostilia
2749 2912 2942 2966 itinera
2978 2927 3100 2967 cum
3130 2928 3193 2967 eo
3215 2915 3492 2984 pergebat,

1915 3004 2092 3057 taliter
2117 3003 2257 3068 sicut
2283 3004 2332 3057 ei
2363 3005 2569 3073 optime
2595 3003 2898 3060 mstimabat
2931 3003 3165 3072 placere.
3193 3007 3350 3059 Anno
3390 3005 3494 3058 ita-

1912 3111 2017 3164 que
2050 3095 2258 3150 Domini
2290 3096 2458 3150 nostri
2491 3095 2617 3149 .lesu
2654 3093 2851 3149 Christi
2893 3095 3019 3159 985,
3052 3094 3345 3165 imperator
3371 3110 3492 3148 cum

225 3178 517 3232 utilitatem
560 3179 740 3250 aliquo
780 3183 937 3238 modo
978 3183 1481 3255 redigere‘couatus
1522 3184 1701 3249 fuerit,
1755 3177 1881 3239 etC
1913 3184 2150 3260 exercitu
2173 3183 2475 3238 Calabriam
2498 3185 2830 3253 provinciam
2854 3184 3014 3249 adiit;
3045 3184 3168 3238 illuc
3191 3185 3353 3238 etiam
3378 3185 3492 3252 cpi-

231 3268 312 3322 ita
345 3270 550 3325 ratione
573 3272 620 3326 ei
646 3283 920 3344 comperta
948 3276 1130 3329 statim
1164 3291 1267 3330 non
1298 3277 1615 3340 restituerit,
1641 3275 1809 3329 hatre-

228 3363 331 3414 (les
369 3364 484 3431 ejus
534 3363 758 3434 legitimi
791 3365 1013 3421 liberam
1064 3367 1296 3423 habeant
1326 3377 1646 3438 potestatem
1699 3377 1808 3422 tres

226 3466 432 3520 penere
462 3468 623 3522 super
648 3455 821 3510 altare
853 3458 1121 3521 denarios,
1162 3469 1217 3513 et
1238 3461 1480 3514 eamdem
1513 3459 1808 3527 proprieta-

225 3556 338 3595 tem
369 3542 488 3595 inde
520 3544 783 3598 redimere
815 3555 868 3599 et
898 3546 949 3598 in
974 3547 1061 3614 jus
1089 3548 1363 3616 proprimn
1393 3548 1666 3616 possidere
1688 3562 1805 3601 om—

227 3631 394 3684 nibus
431 3631 482 3684 in
516 3632 751 3688 futurum
779 3637 1228 3704 generationibus.

305 3719 494 3775 Actum
522 3724 782 3794 Augusta,
815 3727 866 3779 in
906 3727 1131 3781 ecclesia
1164 3739 1367 3785 saneta:
1399 3731 1490 3786 Dei
1520 3732 1810 3791 Genitricis

226 3809 414 3864 Mariie
443 3822 568 3868 ante
595 3815 782 3880 altare,
811 3819 1062 3887 episcopo
1095 3818 1343 3895 lleiurico
1365 3833 1728 3892 perpetrante,
1755 3830 1807 3883 in

225 3904 516 3970 praesentia
571 3907 983 3969 canonicorum.
1027 3924 1209 3964 coram
1268 3909 1572 3980 frequentia
1628 3918 1806 3985 populi

225 4002 286 4046 et
310 4007 490 4047 coram
520 3996 746 4051 testibus
775 3999 1095 4054 sulmotatis.

305 4081 526 4151 Signum
564 4085 684 4140 Etih
722 4088 814 4158 qui
852 4089 989 4144 hanc
1030 4093 1370 4150 traditionem
1409 4095 1551 4151 fecit.
1578 4099 1808 4169 Signum

224 4170 518 4226 Adalbero.
570 4173 791 4246 Signum
829 4176 1016 4248 Jagob.
1049 4182 1106 4236 S.
1135 4182 1498 4240 Marahuurat.
1534 4188 1590 4242 S.
1624 4189 1810 4245 Wille-

230 4261 402 4315 lialm.
437 4263 492 4318 S.
523 4263 783 4322 lluuurid.
819 4267 877 4323 S.
911 4270 1200 4341 Eugilmar.
1232 4273 1289 4329 S.
1322 4277 1525 4331 Wezzi.
1560 4279 1618 4334 S.
1649 4280 1808 4348 Pilgi-

227 4348 360 4402 rim.
392 4349 448 4403 S.
478 4351 819 4411 Guudachar.
839 4356 894 4412 S.
920 4359 1126 4416 Cadolt.
1151 4363 1240 4418 lsti
1263 4365 1328 4419 de
1352 4368 1626 4435 provincia
1652 4369 1810 4426 Nori-

226 4453 421 4492 Corum
458 4445 473 4508 (
498 4441 566 4495 6‘2
584 4446 624 4510 ).

1909 3289 2104 3342 scopus
2141 3272 2427 3329 lleiuricus
2468 3288 2590 3328 cum
2618 3289 2683 3329 eo
2713 3274 2960 3344 pervenit
2993 3293 3011 3330 ς
3040 3289 3270 3344 cumque
3305 3275 3373 3327 ibi
3401 3290 3497 3344 pu-

1909 3380 2012 3436 gna
2044 3379 2166 3419 cum
2207 3362 2526 3419 Sarraceuis
2556 3375 2828 3435 ageretur,
2859 3365 3108 3434 plurimis
3134 3365 3202 3419 ibi
3241 3380 3308 3419 ex
3344 3379 3495 3418 uua.

1910 3471 2016 3524 que
2043 3465 2199 3525 parte
2228 3457 2444 3520 occisis,
2483 3457 2585 3510 heu
2621 3457 2799 3511 dolor!
2831 3457 2947 3512 sive
2975 3467 3185 3526 captus,
3208 3457 3323 3512 sive
3353 3457 3496 3511 oeci-

1908 3560 2022 3608 sus,
2055 3545 2219 3598 etiam
2259 3544 2331 3598 ibi
2369 3547 2649 3599 remansit.
2691 3546 2864 3614 Supra
2905 3546 3124 3599 modum
3163 3553 3246 3599 est
3287 3545 3492 3599 lamen-

1909 3634 2128 3686 tandum
2165 3633 2395 3701 perditio
2421 3633 2560 3702 ejus,
2582 3635 2707 3702 quia
2735 3635 2882 3689 locus
2912 3635 3030 3703 ejus
3054 3651 3082 3687 a
3121 3635 3334 3689 clericis
3356 3636 3492 3699 suis,

1909 3733 1963 3778 et
1991 3726 2301 3795 propinquis
2321 3735 2374 3779 ct
2398 3727 2708 3793 eognatiset
2732 3726 2924 3780 amicis
2950 3726 3184 3780 inveniri
3215 3737 3268 3780 et
3286 3726 3490 3780 visitari

1910 3831 2014 3868 non
2047 3825 2242 3885 potest.
2276 3815 2644 3870 Periculosum
2673 3825 2757 3870 est
2786 3816 2938 3871 valde
2977 3818 3252 3872 decretum
3279 3817 3368 3870 Dei
3398 3832 3496 3885 per

1910 3923 2038 3962 suos
2082 3918 2302 3964 sanctos
2370 3909 2663 3964 revelatum
2713 3901 3028 3980 supergredi
3086 3918 3142 3965 et
3185 3909 3494 3979 prophetias

1909 4015 2187 4070 spernere,
2223 3990 2434 4057 dicente
2463 4000 2743 4071 Scriptura
2777 4019 2790 4055 :
2827 4002 3084 4071 Spiritum
3122 4001 3280 4054 nolite
3301 4001 3495 4055 exstin-

1909 4109 2081 4164 guere,
2107 4093 2403 4162 prop/relies
2417 4092 2574 4146 nolite
2593 4109 2834 4161 spernere
2861 4093 2912 4163 (1
2939 4092 3116 4146 Thess.
3142 4093 3216 4162 v).
3243 4090 3494 4146 Werren-

1911 4185 2095 4240 harius
2128 4194 2305 4239 autem
2343 4193 2527 4256 postea
2564 4187 2633 4240 ab
2674 4186 3000 4256 imperatore
3044 4187 3408 4252 interrogatus
3443 4184 3492 4239 si

1909 4278 2274 4346 episcopatum
2295 4279 2547 4347 accipere
2581 4277 2760 4342 vellet,
2789 4277 2928 4332 sicut
2959 4285 3177 4332 sanctus
3210 4274 3494 4332 Udalricus

1909 4379 2066 4424 antea
2096 4369 2356 4435 decrevit,
2384 4370 2616 4439 quicum
2648 4368 2822 4423 adhuc
2848 4377 2995 4424 esset
3015 4383 3179 4422 sanus
3202 4376 3256 4422 et
3286 4366 3495 4425 incolu-

1911 4461 2030 4522 mis,
2068 4459 2340 4528 respondit
2371 4474 2429 4514 se
2463 4459 2602 4513 ultra
2631 4459 2776 4513 hunc
2807 4459 3175 4526 episcopatum
3210 4474 3316 4511 non
3353 4458 3491 4512 velle

307 4527 394 4584 Isti
442 4542 620 4586 autem
671 4535 737 4590 de
779 4539 1054 4606 provincia
1100 4543 1540 4601 Alamannorum.
1583 4549 1802 4620 Signum
1834 4533 1881 4591 D
1909 4527 2172 4620 accipere.
2202 4551 2330 4604 Post
2370 4551 2851 4606 contradictionem
2899 4559 3077 4602 autem
3117 4548 3486 4616 episcopatus,

229 4615 572 4677 \‘l’erenhere
618 4624 907 4681 advocatus
962 4631 1051 4698 qui
1107 4632 1245 4688 hanc
1299 4615 1846 4695 traditionemvcum-

231 4723 399 4797 tiranii
439 4708 701 4768 Gerbardi
741 4720 1008 4788 praepositi
1057 4724 1282 4790 accepit.
1328 4724 1388 4778 S.
1427 4725 1712 4797 llistipold.
1744 4729 1805 4785 S.

227 4794 520 4853 σου-δοιά.
563 4801 618 4855 s.
667 4803 956 4876 Reginhar.
1011 4807 1068 4862 s.
1127 4810 1372 4882 Suidger.
1421 4814 1477 4868 s.
1516 4794 1701 4872 Aribo.
1743 4819 1804 4874 s.

229 4885 409 4940 Vroll‘.
443 4891 594 4946 Anno
623 4893 1004 4955 incarnationis
1035 4899 1246 4956 Domini
1282 4886 1452 4960 nostri
1492 4906 1616 4963 Jcsu
1653 4907 1802 4964 Chri-

229 4979 306 5033 sti
339 4986 742 5052 uengeutesimo
766 4991 1115 5060 octogesimo,
1153 4994 1446 5052 indictione
1477 5015 1594 5066 vm,
1623 5015 1672 5055 tv
1703 5001 1810 5057 No-

230 5071 565 5141 nasOctob.,
591 5089 644 5132 et
664 5095 734 5132 xx
765 5079 907 5152 (63)
937 5083 1022 5138 die
1051 5086 1218 5139 Jovis.
1248 5087 1360 5158 Ego
1383 5088 1548 5159 igitur
1569 5090 1806 5146 Cerhar-

230 5161 340 5215 dus
368 5162 611 5236 indignus
645 5166 924 5237 presbyter
965 5174 1146 5252 notavi
1181 5175 1322 5230 diem
1363 5187 1417 5231 et
1449 5194 1671 5233 annum.
1709 5178 1808 5236 llis

251 5345 273 5368 ‘
440 5293 454 5347 j
493 5282 646 5368 Aliud
673 5287 962 5368 exemplar.
987 5288 1102 5342 haec
1135 5292 1596 5368 noniinahabeti
1629 5295 1804 5360 Etich,

1920 4650 1962 4695 rt
1983 4658 2012 4694 a
2043 4642 2302 4694 ministris
2323 4639 2438 4709 ejus
2460 4640 2718 4709 comperi,
2739 4639 2926 4709 paucis
2956 4638 3104 4697 horis
3125 4636 3480 4706 interpositis,

1900 4733 2170 4790 snﬁrmari
2192 4734 2358 4802 carpit
2385 4746 2444 4786 et
2459 4733 2525 4785 ad
2546 4731 2781 4801 [.uggam
2797 4732 2959 4785 vitam
2992 4727 3192 4792 liuivit,
3220 4736 3273 4780 et
3294 4740 3491 4794 corpus

1906 4824 2020 4891 ejus
2036 4830 2301 4891 portatum
2314 4830 2575 4890 estusque
2596 4821 2661 4874 ad
2675 4831 2920 4875 sanctum
2943 4818 3316 4880 Dominum,et
3328 4817 3492 4871 bono-

1908 4909 2055 4963 ritice
2076 4917 2159 4963 est
2184 4905 2610 4976 sepultum.0tto
2631 4916 2810 4960 autem
2839 4906 2946 4960 dux
2971 4903 3136 4958 etiam
3159 4903 3228 4971 ad
3251 4901 3488 4971 Luggam

1907 4999 2192 5055 defunctus
2220 5009 2305 5054 est
2325 5039 2340 5065 ,
2362 5009 2416 5052 et
2449 5015 2479 5052 a
2511 4999 2624 5054 suis
2659 5013 2821 5066 super
2848 5003 3103 5052 montana
3137 5003 3404 5063 portatus,
3432 5000 3502 5074 et,

1906 5108 2076 5162 usque
2096 5092 2162 5146 ad
2175 5089 2596 5162 Asehaﬂ‘enburg
2610 5089 2920 5161 perductus,
2936 5102 3059 5144 eum
3074 5102 3267 5154 magno
3287 5088 3494 5141 honore

1905 5194 1961 5250 et
1984 5182 2148 5236 nimia
2175 5181 2561 5237 lamentatione
2582 5180 2652 5234 ibi
2677 5187 2834 5234 teme
2851 5176 3268 5236 commendatus
3291 5186 3393 5234 est.

1915 5297 2164 5366 Suidger,
2199 5297 2384 5360 Arebo,
2427 5294 2593 5367 Vrolf,
2628 5293 2751 5368 Dies
2779 5303 2835 5348 et
2859 5303 3038 5368 anuus
3064 5303 3170 5341 non
3205 5288 3494 5368 cstas.ch
