3972 5428
563 355 696 411 1039

1583 365 1640 424 s.
1685 367 2002 431 unitate:
2040 358 2446 433 atansum
2485 370 2811 436 EPISCOPI.

3633 378 3740 438 1060

1318 537 2046 653 MIRACULA
2131 538 2250 651 S.
2348 538 3061 653 UDALRICI.

541 793 544 797 η
621 757 662 813 ι.
705 755 831 811 Post
872 756 1393 810 commendationem
1432 756 1651 827 pretiosi
1704 755 1943 812 thesauri
1989 757 2130 811 sacri
2162 761 2209 820 Α
2236 754 2427 811 collem
2463 754 2553 824 qui
2599 753 2798 809 dicitur
2823 754 3087 809 Perileicb
3115 756 3344 821 veniret,
3371 774 3400 810 a
3428 757 3567 814 febre
3589 765 3750 821 acriter

551 848 795 917 corporis
827 846 1081 910 Udalrici,
1108 847 1364 916 tapetium
1394 847 1641 916 sepulcro
1671 848 2133 917 superponebatur

536 948 604 997 et
633 939 905 993 assiduum
939 937 1117 991 lumen
1145 938 1443 1008 appositum
1474 938 1591 992 sine
1622 938 2020 992 intermissione
2045 951 2133 991 ar-

550 1030 731 1084 debat.
774 1028 1001 1096 Quidam
1047 1037 1224 1082 autem
1272 1027 1554 1084 Custodum
1593 1029 1870 1082 ardentem
1913 1042 2130 1082 cereum

550 1118 764 1175 incaute
776 1119 1016 1188 posuitju
1028 1128 1113 1172 xta
1129 1117 1465 1187 Sepulcrum;
1491 1132 1597 1188 quo
1620 1117 1925 1181 recedente,
1942 1131 2131 1171 cereus

548 1213 747 1267 cecidit
781 1217 832 1264 in
870 1219 1235 1264 transversmn
1283 1226 1445 1275 super
1505 1211 1740 1278 apetium
1781 1209 2045 1278 sepulcri,
2077 1217 2155 1276 et.

549 1301 751 1357 ardens
774 1300 1074 1370 permansit
1098 1301 1268 1353 donec
1292 1299 1375 1353 illa
1406 1315 1530 1370 pars
1556 1298 1696 1354 cerei
1716 1314 1836 1368 qua:
1860 1314 2022 1368 super
2047 1307 2129 1352 ta-

550 1391 755 1459 petium
780 1390 995 1461 jacebat
1037 1391 1105 1445 ab
1134 1390 1255 1459 igne
1300 1391 1754 1452 consumebatur;
1799 1397 1854 1443 et
1883 1403 2005 1441 cum
2035 1403 2131 1442 an-

549 1479 734 1534 teriori
761 1487 917 1549 parte
954 1481 1134 1549 tapetii
1168 1495 1289 1550 quae
1319 1480 1567 1550 sepulcro
1593 1479 1868 1535 eminebat
1897 1479 2130 1550 conjun-

520 1580 667 1633 .ctus
691 1572 929 1637 arderet,
952 1583 1006 1627 et
1025 1571 1298 1628 ﬂammam
1321 1586 1535 1627 sursum
1563 1588 1658 1643 per
1678 1573 1936 1644 tapetium
1966 1572 2128 1626 emit-

548 1672 709 1728 teret,
760 1675 944 1719 custos
994 1665 1232 1727 advenit,
1286 1673 1342 1720 et
1391 1666 1492 1720 hoc
1547 1666 1734 1721 videns
1780 1663 2131 1719 tremefactus

545 1755 841 1824 obstupuit,
872 1756 1088 1826 etquod
1113 1756 1287 1811 adhuc
1317 1756 1629 1812 remanebat
1653 1757 1718 1810 de
1743 1770 1902 1810 eereo
1934 1755 2130 1809 timens

545 1846 787 1906 abstulit.
833 1847 1201 1918 tapetiumque
1241 1849 1472 1903 sollicite
1511 1849 1745 1919 inspexit
1787 1850 1830 1903 si
1879 1849 1948 1904 ab
2004 1847 2129 1917 igne

542 1936 746 2006 aliquid
771 1937 1073 2003 l;cderetnr,
1109 1940 1394 2010 vestigium
1435 1941 1574 2012 ignis
1604 1941 1670 1996 de
1704 1941 1943 1996 minimis
1974 1942 2128 1999 micis

542 2027 717 2082 cereis
758 2028 990 2093 invenit,
1019 2046 1184 2084 unum
1212 2046 1345 2086 vero
1376 2031 1543 2101 pilum
1588 2033 1640 2086 in
1678 2031 1960 2101 superficie
1988 2040 2042 2087 et
2070 2032 2123 2085 in

2235 842 2445 917 fatigari
2469 846 2653 915 erepit.
2684 843 2833 900 Tunc
2859 846 3211 915 praesentiens
3236 860 3332 917 pro
3355 864 3457 916 quo
3485 863 3618 905 reatu
3637 853 3751 908 inﬁr-

2234 938 2409 991 mitati
2439 937 2851 998 concederetur,
2885 952 3163 1006 regressus
3187 938 3254 991 ad
3285 938 3595 1007 sepulcrum,
3624 943 3750 998 bacu-

2233 1026 2342 1080 lum
2367 1025 2606 1080 restituit
2627 1025 2681 1079 in
2709 1025 2888 1080 locum
2918 1027 3004 1080 ubi
3032 1042 3155 1081 eum
3187 1028 3304 1081 tulit
3322 1068 3339 1091 ,
3365 1038 3630 1098 votumque
3653 1031 3751 1089 fecit

2234 1124 2293 1169 ut
2336 1114 2475 1169 ultra
2524 1114 2729 1169 nullum
2761 1114 2886 1170 inde
2924 1113 3141 1172 auferre
3167 1127 3529 1187 praesumeret,
3566 1128 3751 1191 votoque

2230 1213 2453 1276 peracto
2472 1220 2503 1258 a
2531 1203 2681 1260 febre
2712 1205 2971 1261 dimissus
2995 1216 3100 1262 est.

2302 1293 2389 1347 iV.
2406 1293 2482 1349 De
2502 1294 2919 1365 congregatione
2941 1295 3154 1351 Sancta:
3174 1297 3320 1352 Afra:
3342 1299 3604 1371 presbyter
3622 1317 3747 1367 anns,

2230 1384 2464 1455 Adelger
2500 1387 2837 1454 nominatus,
2873 1387 2997 1442 tulit
3034 1388 3101 1442 de
3129 1389 3377 1458 sepulcro
3407 1390 3534 1445 duos
3568 1393 3751 1450 barellos

2229 1477 2503 1546 speciosos
2515 1480 2580 1531 ad
2606 1478 2983 1544 videndum,et
3001 1479 3218 1552 aptosin
3244 1485 3488 1538 manibus
3511 1485 3569 1539 ad
3580 1496 3751 1554 portans

2230 1566 2375 1629 dum,
2405 1576 2460 1621 et
2485 1568 2567 1622 sui
2597 1568 2921 1624 obliviscens
2948 1572 3178 1639 portavit
3199 1588 3296 1628 eos
3316 1573 3370 1626 in
3391 1573 3593 1628 domum
3612 1591 3748 1634 suam.

2232 1657 2413 1727 ibique
2440 1674 2562 1712 cum
2590 1660 2840 1725 sedisset,
2887 1662 3086 1717 invasit
3109 1678 3231 1719 eum
3262 1664 3511 1719 oscitatio
3533 1664 3691 1719 crebra
3712 1672 3751 1720 et

2231 1749 2542 1819 obripilatio
2570 1752 2711 1807 cutis
2746 1753 3003 1818 maxima,
3051 1763 3106 1809 et
3139 1756 3321 1809 omnia
3371 1755 3595 1810 membra
3634 1756 3751 1809 taedio

2228 1853 2491 1913 occupata
2524 1854 2668 1909 sunt,
2704 1846 2776 1901 ita
2808 1855 2868 1901 ut
2893 1848 3148 1903 virtutem
3196 1850 3449 1914 sedendi,
3483 1867 3639 1920 neque
3666 1867 3750 1905 ani-

2228 1935 2467 1999 bulandi,
2503 1952 2602 1992 nec
2625 1937 2816 1993 saltem
2836 1937 3051 2007 jacendi
3081 1950 3204 2011 apte
3244 1957 3353 1996 non
3404 1942 3639 2012 potuisset
3679 1942 3749 1995 ba-

2228 2027 2379 2083 bere.
2405 2029 2504 2095 Qui
2536 2030 2678 2083 intra
2705 2030 3052 2101 semetipsum
3093 2033 3370 2087 asstimare
3396 2029 3550 2103 ccepit
3573 2049 3653 2102 pro
3673 2049 3748 2102 qua

544 2109 720 2173 latere
743 2119 971 2188 sepulcri
1001 2121 1054 2173 in
1092 2123 1290 2188 tapetio
1319 2133 1567 2176 exustum
1606 2124 1850 2176 invenire
1884 2139 1997 2191 non
2029 2140 2118 2185 po-
2152 2124 2195 2182 B
2223 2132 2281 2172 re
2310 2129 2418 2173 tam
2455 2119 2630 2174 subita
2658 2120 2930 2176 solutione
2976 2122 3344 2177 membrorum
3381 2133 3688 2194 gravaretur;
3711 2133 3751 2176 et

542 2211 670 2264 tuit.
708 2210 820 2265 lloc
862 2211 1177 2268 miraculum
1218 2227 1341 2270 cum
1371 2214 1629 2284 magistro
1655 2229 1754 2271 suo
1786 2224 1840 2269 et
1871 2214 2130 2271 fratribus

545 2302 841 2365 nuntiaret,
872 2310 927 2357 et
964 2304 1245 2376 vestigium
1288 2307 1429 2361 cerei
1464 2315 1813 2371 monstraret,
1859 2316 1915 2363 ct
1950 2317 2128 2362 tamen

547 2395 805 2464 tapetinm
843 2394 1063 2450 illaesum
1094 2396 1440 2463 ostenderet,
1469 2399 1827 2455 admiratione
1852 2408 1902 2455 et
1936 2400 2129 2471 gaudio

546 2485 735 2555 repleti
767 2486 930 2541 Deum
960 2502 1147 2544 omnes
1167 2488 1673 2560 glorificaveruntet
1690 2499 1939 2547 sanctum
1964 2487 2129 2545 Udal-

546 2576 741 2630 ricum.
1498 2602 1503 2607 ι

621 2664 686 2720 ll.
727 2665 985 2733 Quamvis
1019 2670 1192 2725 adhuc
1226 2670 1425 2725 nullum
1457 2670 1585 2725 inibi
1611 2679 1794 2741 aperte
1821 2670 1935 2725 fieri
1965 2670 2129 2726 mira-

545 2756 729 2811 culum
755 2760 1174 2830 comperiretur,
1204 2761 1488 2832 utriusque
1510 2778 1671 2817 sexus
1699 2761 1915 2817 familia:
1949 2761 2129 2816 multi-

546 2851 679 2906 tudo
718 2850 921 2923 jugiter
956 2854 1266 2924 pavimento
1301 2865 1605 2924 prostrata,
1648 2855 1900 2925 positioni
1955 2855 2125 2909 sancti

544 2943 791 3013 corporis
812 2943 1095 3013 adjuncta,
1134 2945 1474 3000 necessitatis
1511 2961 1622 3000 sine
1655 2946 1909 3016 suffragia
1940 2960 2127 3014 preca-

548 3033 730 3100 batur,
751 3034 1266 3104 deprehendensqne
1294 3035 1341 3090 ci
1373 3034 1537 3089 multa
1563 3036 1860 3104 omnigena:
1889 3049 2126 3096 commo-

547 3123 733 3177 ditatis
778 3122 979 3177 auxilia
1034 3122 1155 3179 inde
1206 3124 1445 3190 evenire,
1497 3123 1833 3193 frequentius
1876 3125 2124 3179 eumdem

548 3213 715 3282 etrapit
742 3214 960 3269 visitare
985 3214 1180 3270 locum.
1211 3215 1393 3284 itaque
1419 3232 1538 3270 cum
1571 3218 1637 3271 ab
1665 3216 1977 3271 assiduitate
2001 3216 2127 3273 visi-

548 3307 802 3371 tantitnn,
832 3306 1057 3363 Domino
1079 3308 1430 3371 concedente,
1462 3307 1705 3376 plurimis
1734 3308 1821 3362 ille
1847 3322 2124 3362 commen-

547 3398 772 3451 daretur
793 3397 970 3462 locus,
1000 3399 1144 3453 venit
1176 3399 1394 3467 quidam
1427 3398 1587 3452 bomo
1619 3399 1687 3453 de
1717 3397 1990 3468 provincia
2020 3397 2122 3451 No-

2229 2227 2458 2282 surgcns
2482 2213 2629 2267 venit
2657 2213 2723 2267 ad
2749 2212 3080 2268 Wicfredum
3104 2214 3479 2283 praepositum,
3508 2222 3559 2267 et
3587 2213 3749 2268 nuntia.

2226 2303 2303 2355 vit
2334 2302 2405 2357 illi
2438 2312 2688 2357 eventum
2718 2303 2814 2357 rei.
2840 2302 2935 2359 Cui
2982 2303 3072 2359 ille
3100 2304 3274 2358 dixit:
3305 2322 3326 2355 ε
3364 2301 3441 2357 Tu
3466 2320 3525 2357 uc
3546 2303 3657 2358 istos
3677 2304 3750 2357 ba-

2227 2393 2392 2448 eellos
2403 2382 2468 2446 de
2480 2401 2670 2446 sancto
2689 2393 2938 2462 sepulcro
2952 2392 3118 2447 tulisti
3132 2392 3157 2445 ?
3173 2412 3189 2443 ι
3207 2391 3311 2459 Qui
3335 2392 3496 2446 dixit:
3520 2412 3535 2443 ι
3552 2392 3614 2445 lta
3627 2390 3705 2445 feci
3730 2410 3744 2442 ι

2232 2502 2250 2533 ε
2273 2484 2510 2550 Festina,
2541 2484 2713 2554 inquit
2738 2479 2852 2548 ille,
2871 2498 3133 2554 reponere
3163 2500 3257 2540 eos
3290 2482 3346 2539 in
3371 2483 3539 2539 locmn
3567 2499 3743 2538 suum.»

2136 2624 2141 2629 .
2227 2574 2338 2630 lloc
2361 2589 2483 2631 cum
2516 2573 2715 2630 factum
2736 2573 2946 2640 fuisset,
2971 2575 3116 2628 omni
3151 2574 3578 2629 incommoditate
3601 2590 3744 2643 corpo-

2228 2665 2304 2720 ris
2334 2664 2511 2734 fugata
2534 2705 2549 2731 ,
2576 2666 2858 2736 presbyter
2885 2663 3170 2720 confestim
3203 2665 3429 2721 sanitati
3456 2665 3663 2736 pristina:
3682 2678 3742 2718 rc-

2225 2758 2448 2813 Stitntus
2469 2765 2571 2813 est.

2302 2850 2360 2905 V.
2400 2848 2718 2921 Quicunque
2743 2851 2905 2906 etiam
2940 2850 3007 2905 de
3043 2849 3390 2905 multitudine
3426 2848 3555 2921 vulgi
3594 2847 3646 2903 de
3670 2862 3739 2916 ap-

2225 2938 2450 3008 portatis
2474 2939 2676 2994 baculis
2700 2940 2752 2994 in
2783 2955 2974 2994 manus
3002 2955 3126 2994 suas
3152 2944 3509 3008 acceperunt,
3551 2944 3601 2991 ut
3635 2938 3738 2989 inter

2225 3046 2377 3086 sacra
2411 3031 2669 3101 mysreria
2713 3046 2771 3087 se
2794 3047 2958 3101 super
2983 3045 3078 3086 eos
3119 3026 3465 3093 inclinarent,
3496 3040 3545 3085 et
3582 3028 3739 3082 facilius

2227 3121 2387 3175 finem
2420 3121 2664 3192 mysterii
2689 3130 3090 3191 exSpectarcnt,
3118 3122 3405 3191 repentina
3432 3119 3672 3175 invasioue
3691 3115 3739 3171 fe-

2225 3213 2338 3268 bris
2365 3214 2607 3283 quassati
2658 3222 2804 3279 sunt,
2834 3221 3218 3282 compertaque
3242 3226 3408 3267 causa
3438 3222 3662 3276 eventus,
3684 3223 3740 3262 re

2216 3302 2380 3373 jectis
2401 3304 2611 3360 baculis
2637 3305 2829 3359 eadem
2854 3305 2984 3359 liora
3015 3304 3225 3359 liberati
3252 3311 3402 3359 sunt.

2297 3396 2379 3450 Vl.
2411 3396 2506 3454 liis
2551 3397 2768 3452 casibus
2817 3396 3143 3468 divulgatis.
3205 3405 3261 3451 et
3326 3396 3380 3450 in
3431 3394 3646 3450 notitiam
3673 3407 3741 3445 un~

547 3488 820 3552 ricorum,
866 3482 1084 3543 nomine
1123 3487 1534 3559 Reginwalecli,
1578 3490 1666 3559 qui
1727 3491 1935 3560 integro
1983 3505 2123 3545 anno
2151 3478 2196 3538 C
2226 3485 2386 3554 dique
2429 3486 2669 3541 omnium
2716 3487 3002 3551 deductis,
3071 3486 3249 3541 nullus
3301 3487 3637 3555 praesumebat
3682 3478 3741 3534 vel

546 3571 698 3627 fenre
724 3573 980 3645 fatigatus
1017 3574 1082 3627 ad
1107 3576 1329 3629 nimiam
1357 3575 1724 3630 infirmitatem
1748 3576 2029 3642 deductus,
2055 3575 2122 3629 ad

546 3662 881 3718 Wicfrcdum
913 3664 1261 3734 praepositum
1292 3663 1533 3733 ejusdem
1565 3665 1665 3721 loci
1696 3666 1854 3726 venit.
1890 3666 2123 3720 interro-

544 3769 680 3820 gans
701 3771 825 3810 eum
848 3756 892 3810 si
914 3744 1141 3826 aliquod
1173 3757 1509 3812 lilierationis
1538 3771 1649 3813 sua!
1675 3758 2121 3812 medicamentum

544 3848 592 3899 ei
633 3847 870 3901 indicare
892 3848 1177 3917 potuisset.
1209 3847 1307 3915 Qui
1330 3850 1678 3919 respondens,
1708 3849 1844 3903 dixit
1877 3868 1889 3902 :
1928 3869 1945 3900 ι
1980 3849 2124 3904 Vade

543 3944 601 3990 et
633 3936 858 4005 nequire
889 3937 982 3991 tibi
1008 3937 1281 4002 baculum,
1315 3947 1367 3992 et
1393 3946 1546 4007 porta
1576 3952 1696 3993 eum
1728 3937 1794 4005 ad
1816 3936 2120 4006 sepulcrum

543 4026 745 4081 detniui
775 4026 879 4081 mei
905 4028 1078 4082 sancti
1105 4026 1341 4083 Udalrici
1370 4043 1470 4098 pro
1498 4028 1762 4098 sospitate
1802 4043 1917 4081 sua.
1956 4047 1975 4080 ι
2016 4027 2118 4093 Qui

542 4118 827 4173 ambulans
868 4118 991 4173 inde
1020 4119 1259 4174 concidit
1296 4120 1397 4174 sibi
1449 4120 1697 4175 baculum
1739 4120 1806 4172 de
1851 4118 1997 4185 ligno
2035 4119 2117 4172 bio

541 4206 816 4273 dullaneo,
844 4218 901 4263 et
929 4210 1167 4279 portavit
1192 4225 1316 4264 eum
1346 4211 1412 4264 ad
1440 4210 1720 4280 praefatum
1748 4211 2115 4281 praepositum.

541 4297 643 4363 Qui
669 4298 951 4353 ambulans
977 4315 1098 4353 cum
1129 4314 1195 4354 eo
1222 4301 1377 4356 duxit
1408 4315 1530 4355 eum
1560 4302 1627 4356 ad
1657 4312 1901 4357 sanctum
1948 4302 2122 4371 sepul-

540 4404 725 4451 crum,
754 4399 811 4445 et
850 4391 1169 4443 monstravit
1193 4391 1241 4445 ei
1278 4392 1527 4446 baculum
1550 4407 1750 4461 ponere
1780 4407 1942 4462 super
1967 4393 2115 4449 illud.

539 4478 799 4533 Oratione
825 4480 991 4534 etiam
1021 4479 1340 4535 clericorum
1365 4481 1555 4546 fretus,
1583 4491 1638 4537 et
1657 4482 1899 4536 doctrina
1930 4497 2117 4538 eorum

541 4568 597 4623 in
629 4568 733 4624 fide
780 4569 1135 4634 confortatus,
1171 4572 1358 4625 eadem
1408 4573 1539 4628 liora
1592 4587 1623 4627 a
1672 4571 1822 4629 febre
1860 4572 2119 4630 liberatus

538 4660 756 4715 sanitati
782 4661 1069 4717 manifeste
1105 4661 1346 4717 redditus
1375 4672 1478 4719 est.

607 4749 809 4805 Eodem
858 4767 985 4807 vero
1040 4760 1282 4820 tempore
1322 4752 1374 4806 iu
1421 4753 1541 4809 istis
1589 4753 1897 4823 regionibus
1941 4752 2118 4809 incre-

2228 3576 2510 3630 minimum
2564 3575 2826 3631 bacellum
2865 3576 2983 3631 sine
3028 3575 3247 3632 licentia
3302 3576 3427 3631 inde
3474 3575 3679 3636 auferre;
3703 3579 3743 3624 et

2226 3665 2345 3718 ideo
2393 3673 2541 3720 tanta
2588 3664 2876 3720 multitudo
2922 3664 3239 3720 bacnlorum
3294 3666 3568 3728 excrevit,
3613 3659 3740 3716 utia-

2224 3754 2325 3808 cile
2364 3754 2692 3810 dinumerari
2756 3770 2863 3808 non
2921 3754 3220 3824 potuisset,
3264 3771 3364 3809 nec
3413 3755 3523 3809 sine
3570 3751 3742 3822 impedi-

2222 3852 2406 3897 mento
2455 3843 2508 3897 in
2562 3843 2771 3914 angulis
2811 3844 3052 3899 ecclesiae
3101 3844 3380 3900 collocari.
3408 3845 3548 3900 Unde
3586 3843 3738 3897 factum

2219 3943 2306 3990 est
2350 3942 2410 3988 ut
2461 3947 2623 4005 super
2651 3936 2831 3992 trabes
2887 3933 3128 4004 ejusdem
3169 3936 3434 4000 ecclesiaa,
3481 3935 3561 3990 ubi
3606 3929 3741 4001 sepub

2220 4040 2373 4080 crum
2410 4024 2572 4078 situm
2618 4032 2722 4088 est,
2769 4036 3115 4094 ponerentur.
3172 4025 3513 4081 Mansionarii
3564 4025 3738 4092 itaque.

2220 4115 2568 4186 prarcipiente
2599 4130 2787 4170 eorum
2812 4116 3091 4186 magistro,
3141 4116 3451 4188 frequenter
3476 4132 3560 4173 eos
3590 4116 3646 4169 ad
3681 4110 3739 4165 fu-

2219 4223 2343 4260 cum
2399 4216 2649 4277 portant,
2691 4216 2745 4261 et
2798 4207 2879 4262 eis
2931 4207 3244 4264 ardentibus
3307 4225 3484 4265 ceram
3529 4207 3587 4262 ad
3634 4208 3736 4259 mol-

2218 4298 2385 4352 litiem
2457 4296 2710 4367 redigunt
2774 4299 2844 4352 ad
2913 4298 3166 4355 candelas
3238 4297 3640 4371 multiplicandas
3688 4291 3736 4344 ad

2218 4389 2495 4444 servitium
2556 4388 2671 4443 Dei.
2714 4387 2889 4458 Super
2943 4390 3124 4445 trabes
3172 4400 3349 4445 tamen
3400 4388 3600 4460 plurimi
3631 4396 3737 4438 scm-

2218 4495 2314 4550 pcr
2349 4479 2722 4545 remanebunt,
2780 4489 2836 4535 et
2891 4481 2946 4536 bi
3000 4482 3091 4552 qui
3138 4496 3232 4537 eos
3283 4482 3619 4552 conspiciunt,
3654 4487 3735 4528 non

2218 4579 2410 4640 putant
2464 4585 2752 4626 numerum
2807 4587 2994 4627 eorum
3040 4573 3093 4626 in
3147 4573 3325 4643 aliquo
3354 4565 3737 4628 minorari.Sus-

2196 4660 2484 4715 ‘tentacula
2539 4675 2726 4717 eorum
2780 4662 2905 4730 qui,
2953 4662 3125 4732 gratia
3165 4660 3258 4717 Dei
3304 4662 3626 4719 concedente,
3664 4667 3736 4723 per

2219 4751 2410 4804 merita
2436 4751 2608 4805 sancti
2649 4750 2886 4805 Udalrici
2934 4767 2963 4804 a
3015 4752 3245 4807 diversis
3290 4748 3656 4806 inﬁrmitatibus
3681 4739 3735 4795 ibi

538 4842 718 4896 tlibilis
772 4844 1057 4899 multitudo
1103 4846 1423 4918 populorum
1476 4847 1718 4903 febribus
1770 4847 2112 4917 fatigabatur.
2142 4826 2195 4884 Ῑ)
2221 4851 2346 4894 sum
2377 4840 2610 4906 liberali.
2645 4840 2870 4911 plurima
2900 4842 3164 4909 pendent.
3191 4850 3247 4895 et
3275 4840 3493 4895 aliorum
3524 4830 3735 4900 πηαιοείεε

537 4935 643 5000 Qui
668 4950 791 4988 cum
840 4937 1086 4991 audirent
1128 4938 1413 5007 pra-fatum
1446 4938 1720 4993 hominem
1764 4938 1831 4994 ad
1873 4948 2121 4995 Sanctum

2222 4933 2518 4985 secundum
2561 4931 2802 4985 membra
2856 4931 3068 4987 diversa
3122 4931 3499 4987 infirmantium
3540 4926 3733 4998 figurate
