3972 5428
258 405 392 470 deﬁt

1714 399 2086 458 MIRACL'LA.

3373 410 3514 469 £063

262 519 479 575 lucerna
508 534 612 573 neu
652 519 905 587 producis
934 519 999 575 ad
1032 529 1334 591 sepulcrum
1378 525 1553 598 sancti
1589 523 1819 581 Udalriei

1932 517 2261 572 vulneratam
2305 517 2588 574 lamentari
2623 520 2817 591 cmpit,
2860 520 3034 591 pistor
3080 530 3260 576 autem
3302 521 3356 576 in
3405 521 3510 579 fide

264 624 361 677 pro
388 608 619 662 sanitate
647 610 780 664 sua?
806 631 824 662 ι
853 610 981 679 Qua:
1002 613 1375 686 expergefacta
1404 616 1670 672 somnium
1697 631 1834 670 nun-

264 696 415 752 tiavit
440 697 560 753 lilia:
593 714 723 762 sum,
746 711 797 755 et
830 711 884 755 ut
909 702 1139 759 celerius
1168 706 1340 775 potuit
1375 722 1495 761 eam
1542 707 1667 761 illuc
1710 722 1831 761 cum

262 787 483 842 candela
518 789 805 859 perduxit,
835 802 886 847 et
910 793 1150 861 perfecta
1179 797 1409 851 sanitate
1436 807 1682 867 recepta,
1713 813 1832 853 eam

260 874 384 930 inde
408 877 581 932 betam
611 880 676 933 ad
699 883 971 951 propriam
993 885 1388 954 possessionem
1417 889 1642 942 revexit.

333 962 461 1019 Vill.
505 967 580 1022 De
628 970 817 1024 eodem
871 986 998 1026 vero
1052 989 1188 1045 pago
1223 972 1289 1028 de
1336 975 1590 1046 oppidulo
1634 974 1836 1045 Ioniu-

258 1070 405 1124 gevvc
432 1072 654 1123 vocato,
682 1062 900 1130 quidam
937 1063 1098 1118 homo
1144 1066 1231 1119 cui
1278 1082 1438 1122 aures
1473 1067 1668 1123 clausa:
1706 1077 1834 1124 sunt

258 1156 318 1201 ut
347 1148 475 1203 nihil
495 1150 684 1207 audize
707 1154 991 1223 patuisset,
1021 1164 1075 1210 et
1099 1156 1277 1229 lingtia
1301 1158 1482 1229 ligata,
1505 1161 1579 1215 ita
1609 1170 1666 1215 ut
1692 1177 1832 1217 nun-

256 1250 417 1305 quam
449 1238 612 1293 ullum
665 1242 885 1295 verbum
933 1245 1175 1311 proferre
1210 1249 1494 1317 potuisset,
1541 1251 1607 1304 a;l
1656 1252 1835 1322 sepul-

256 1340 408 1378 crum
435 1330 605 1381 saneti
630 1328 860 1385 Ulalrici
883 1347 913 1386 a
935 1330 1194 1389 fratribus
1218 1338 1330 1391 suis
1352 1338 1612 1394 deluctus
1635 1354 1713 1395 est
1736 1381 1752 1405 ,
1780 1352 1835 1396 et

258 1411 329 1464 ibi
364 1424 661 1482 p:ostratus
688 1418 774 1473 diu
811 1417 979 1489 jacuit
1016 1422 1280 1493 lacrymas
1317 1426 1619 1495 fundendo;
1651 1430 1832 1486 eleva-

256 1511 346 1556 tus
374 1513 550 1557 autem
575 1522 603 1557 a
634 1504 892 1564 fratribus
918 1526 1017 1579 per
1044 1513 1236 1568 altaria
1262 1517 1522 1573 deductus
1545 1530 1647 1575 est.
1672 1520 1835 1576 Cum-

252 1605 363 1659 que
415 1594 692 1650 ambulare
735 1599 1020 1668 cmpisset,
1052 1611 1105 1658 et
1136 1606 1441 1673 perveniret
1475 1619 1602 1664 ante
1659 1611 1833 1667 altare

256 1682 432 1737 sancti
467 1683 686 1753 Donati,
714 1690 855 1758 quod
878 1701 959 1745 est
985 1692 1147 1747 situm
1176 1695 1243 1749 ad
1281 1698 1666 1755 occidentalem
1709 1718 1834 1773 par-

250 1776 658 1844 temecclesiaa.
686 1783 892 1839 audivit
928 1786 1161 1841 sonitum
1204 1791 1514 1847 canentium
1562 1794 1615 1848 in
1664 1795 1831 1852 choro

1933 607 2268 664 confortatus
2289 624 2452 664 sanus
2476 612 2720 666 recessit.

2003 697 2094 752 Xl.
2130 697 2284 752 Alius
2315 706 2493 751 autem
2521 713 2589 753 ex
2632 697 2857 763 familia,
2896 698 3115 755 nomine
3168 700 3511 757 Adelhardus

1936 786 2061 860 [al.,
2090 787 2478 860 Adalhardus],
2502 805 2621 845 cum
2646 789 2714 846 de
2733 791 2974 861 Augusta
3005 793 3224 849 civitate
3252 794 3317 847 ad
3355 810 3507 848 suam

1934 880 2268 935 mansionem
2286 895 2405 948 quae
2430 888 2513 935 est
2537 880 2642 935 sita
2664 880 2718 934 in
2732 882 2928 951 oppido
2941 883 3185 953 Eitiugeu
3212 883 3508 949 nouitiuato,

1934 984 2155 1040 pergere
2173 970 2447 1036 voluisset,
2464 980 2589 1026 ante
2605 979 2818 1041 portam
2839 973 3075 1030 civitatis
3093 975 3312 1043 quidam
3346 975 3510 1030 honw

1933 1074 2055 1116 eum
2075 1076 2196 1116 cura
2222 1062 2344 1117 aliis
2370 1062 2558 1118 bibere
2585 1063 2815 1133 rogavit.
2830 1061 3073 1134 Cumque
3099 1066 3282 1135 bibere
3310 1067 3512 1135 coepis-

1934 1162 2070 1212 sent,
2104 1152 2324 1220 quidam
2376 1151 2450 1206 ibi
2510 1153 2842 1207 manentimn
2873 1169 2971 1224 pro
3021 1155 3290 1211 cbaritate
3334 1157 3509 1212 sancti

1939 1237 2170 1292 Udalriei
2194 1239 2483 1310 postulavit
2507 1256 2600 1297 eos
2620 1253 2805 1312 potum
2827 1244 3093 1315 accipere.
3117 1244 3381 1301 Praefatus
3406 1264 3506 1302 au-

1938 1339 2044 1384 tem
2070 1332 2409 1387 Adelhardus
2434 1332 2709 1387 sordidum
2731 1334 2951 1388 verbum
2982 1352 3048 1391 ex
3071 1352 3167 1403 ore
3194 1352 3291 1391 suo
3305 1337 3508 1405 emisit,

1934 1421 2248 1491 etpoculum
2266 1431 2464 1494 rogatae
2478 1424 2758 1479 charitatis
2779 1427 3025 1495 accipere
3052 1429 3248 1483 renuit.
3269 1428 3512 1500 Cumque

1938 1512 2213 1581 paululum
2237 1514 2358 1568 inde
2382 1516 2678 1578 recederet,
2707 1515 2759 1569 in
2776 1516 2999 1587 planitie
3015 1521 3113 1574 via:
3133 1536 3273 1591 equo
3295 1536 3393 1576 suo
3420 1536 3512 1577 ca-

1934 1604 2094 1660 dente
2116 1620 2241 1661 crus
2264 1604 2381 1674 ejus
2420 1605 2648 1675 fractum
2679 1616 2785 1675 est,
2816 1617 2871 1663 et
2898 1608 2968 1664 ita
3002 1611 3068 1663 ad
3110 1628 3263 1668 suam
3291 1614 3511 1669 domum

1934 1712 2062 1751 cum
2089 1696 2272 1752 labore
2284 1697 2544 1753 deductus
2563 1697 2722 1768 longo
2737 1709 2978 1771 tempore
2990 1701 3177 1757 debilis
3191 1705 3508 1773 permansit.

1932 1785 2128 1843 Postea
2152 1802 2280 1842 vero
2297 1795 2475 1842 votum
2493 1788 2559 1843 ad
2573 1787 2878 1857 sepulcrum
2892 1793 3064 1845 sancti
3082 1791 3313 1847 Udalrici
3338 1793 3508 1857 vovit,

247 1862 596 1933 clericorum,
637 1879 694 1924 et
732 1871 944 1928 infirma
998 1875 1173 1931 adhuc
1225 1893 1358 1934 voce
1391 1880 1529 1936 dixit
1576 1881 1838 1940 fratribus
1866 1886 1912 1946 Β
1939 1887 2015 1945 et,
2036 1878 2417 1945 Deodonante,
2436 1879 2654 1935 sanitati
2673 1889 2756 1935 est
2778 1882 3079 1946 restitutus,
3094 1892 3148 1936 et
3168 1882 3360 1938 deinde
3380 1885 3511 1939 cha-

248 1956 369 2009 suis
395 1974 407 2010 :
440 1975 458 2008 ι
480 1959 616 2014 Ecce
639 1963 798 2017 audio
820 1973 873 2018 et
894 1965 1035 2036 loqui
1056 1982 1326 2036 possum.»
1354 1971 1599 2037 Quicum
1616 1986 1837 2045 peracto

251 2047 349 2100 Dei
385 2048 686 2106 ministerio
718 2054 830 2109 hate
855 2055 1067 2112 clericis
1093 2061 1500 2129 auunutiarcut,
1530 2073 1585 2119 et
1623 2065 1722 2135 ipsi
1749 2082 1838 2143 ve-

250 2139 458 2194 raciter
478 2141 592 2198 lucc
621 2144 699 2200 ita
727 2161 849 2203 esse
876 2164 1287 2219 cognoscerent,
1310 2171 1605 2228 campanas
1638 2140 1835 2216 sonare

246 2228 530 2297 fecerunt,
562 2243 616 2288 et
646 2234 746 2304 ipsi
783 2237 837 2290 in
873 2253 1158 2295 commune
1185 2243 1353 2299 Deum
1398 2246 1621 2302 laudare
1660 2263 1837 2320 caepe-

250 2329 409 2386 rnnt,
438 2321 853 2396 laudatioueque
895 2329 1043 2384 tinita
1076 2347 1198 2387 cum
1228 2334 1464 2402 perfecta
1516 2337 1726 2407 loquela
1777 2350 1834 2395 et

246 2407 464 2480 integro
492 2413 675 2468 auditu
712 2416 938 2473 donatus
965 2421 1220 2489 prief'atus
1247 2411 1501 2481 infirmus
1519 2428 1668 2482 abire
1707 2444 1831 2500 pro—

246 2501 472 2553 meruit.

322 2588 411 2643 lx.
433 2590 510 2645 Ex
530 2591 731 2650 familia
754 2597 991 2671 episc0pi
1014 2601 1250 2658 lleinrici
1270 2604 1562 2661 similarius
1581 2608 1825 2676 quidam,

244 2676 541 2740 Lnitnotus
572 2686 899 2756 nominatus,
934 2701 1080 2748 reatu
1110 2695 1328 2766 preprio
1358 2698 1588 2767 gratiam
1609 2699 1824 2757 domini

245 2769 334 2823 sui
364 2774 616 2839 perdidit,
645 2791 743 2845 pro
771 2794 835 2834 eo
862 2783 1002 2852 quod
1029 2783 1173 2838 farra
1201 2802 1297 2856 per
1318 2787 1433 2842 loca
1461 2790 1697 2861 episcopi
1725 2790 1824 2847 sibi

244 2864 625 2921 commendata
664 2884 859 2940 magna
915 2872 1187 2930 incantcla
1240 2877 1541 2949 dissipavit.
1574 2882 1824 2948 Quicum

244 2963 277 3003 a
310 2950 574 3009 ministris
609 2958 846 3029 episcopi
882 2962 1228 3020 vehementer
1282 2970 1502 3023 territus
1533 2973 1824 3026 maximum

247 3039 841 3116 timorem_incideret,
901 3051 967 3105 ad
1017 3054 1323 3122 sepulcrum
1369 3059 1541 3112 sancti
1592 3058 1822 3116 Udalrici

245 3144 346 3197 pro
386 3130 704 3191 liberatione
741 3137 1074 3197 imminentis
1108 3146 1367 3216 angustiae
1404 3148 1559 3203 nudis
1601 3151 1824 3220 pedibus

1938 1970 2151 2025 ritatem
2192 1985 2354 2040 quam
2385 1981 2541 2026 antea
2569 1973 2772 2042 sprevit
2797 1972 2950 2039 alios
2976 1972 3285 2042 frequenter
3326 1974 3511 2032 bibere

1935 2061 2246 2130 postulavit.

2006 2149 2118 2204 XII.
2164 2150 2222 2205 Iu
2252 2152 2471 2220 prmf'ata
2530 2151 2653 2206 villa
2697 2153 2910 2224 Eitiuga
2957 2152 3188 2224 quadam
3240 2155 3328 2210 die
3383 2170 3507 2211 cum

1936 2242 2087 2296 multi
2114 2258 2179 2299 ex
2208 2244 2410 2298 familia
2461 2245 2619 2298 simul
2661 2245 2726 2300 ad
2748 2246 3038 2302 bibendum
3082 2247 3135 2302 iu
3187 2264 3346 2303 uumn
3374 2264 3508 2303 cou-

1933 2334 2135 2402 gregati
2162 2333 2411 2400 fuissent,
2453 2335 2552 2390 fuit
2582 2337 2720 2391 inter
2741 2352 2836 2392 eos
2872 2354 3033 2403 unus,
3058 2339 3271 2394 nomine
3297 2339 3504 2396 Walte-

1934 2423 2072 2487 tieb,
2094 2424 2386 2495 discipulus
2417 2426 2701 2492 Wiefredi,
2734 2430 3003 2499 praepositi
3033 2430 3100 2483 de
3128 2430 3327 2484 Sancta
3351 2430 3500 2496 Afra,

1931 2513 2045 2580 qu',
2076 2529 2196 2568 cum
2220 2517 2430 2570 audiret
2455 2517 2524 2571 iii
2569 2519 2842 2587 postulare
2882 2520 3052 2574 sancti
3089 2520 3322 2591 episcopi
3355 2521 3510 2577 Uda!-

1932 2604 2027 2656 r-ci
2066 2606 2412 2675 cbaritatem,
2448 2611 2674 2680 profano
2710 2628 2806 2668 ore
2837 2613 2990 2683 quasi
3021 2614 3342 2671 iusauieudo
3370 2615 3507 2671 stul-

1930 2695 2135 2753 tissime
2192 2700 2404 2759 locutus
2445 2713 2530 2759 est
2562 2721 2577 2759 :
2614 2725 2632 2757 ι
2660 2705 2800 2773 Quid
2847 2707 2978 2761 mihi
3011 2708 3228 2775 prodest
3262 2708 3506 2765 ‘charitas

1929 2787 2073 2845 illius
2111 2791 2346 2863 episcopi
2373 2832 2390 2859 ,
2446 2795 2570 2864 quia
2616 2796 2702 2850 ille
2747 2797 2896 2867 signa
2934 2797 3112 2853 facere
3166 2813 3270 2854 non
3329 2808 3504 2869 potest

1931 2880 2215 2949 plusquam
2245 2899 2382 2939 unus
2413 2886 2604 2940 cauis?
2631 2907 2650 2938 ι
2686 2887 2779 2941 Illo
2822 2888 2986 2943 verbo
3023 2889 3252 2955 emisso,
3286 2889 3502 2944 diabolo

1928 2985 2216 3026 concessus
2248 2972 2509 3043 loquelam
2541 2976 2775 3037 hominis
2815 2978 3018 3042 amisit,
3059 2988 3117 3033 et
3158 2994 3307 3034 more
3350 2980 3501 3034 canis

1927 3057 2154 3114 furendo
2181 3077 2373 3118 sonare
2401 3064 2587 3134 cmpit,
2617 3075 2670 3119 et
2713 3066 3014 3135 ganniendo
3042 3077 3204 3136 atque
3232 3067 3500 3133 latraudo,

1930 3162 2096 3215 parvo
2157 3159 2396 3222 tempore
2442 3153 2677 3219 cvaluto,
2714 3155 2847 3211 heu!
2890 3156 3270 3214 miserabiliter
3334 3158 3499 3213 vitam

246 3235 295 3272 as
315 3224 507 3287 cessit,
536 3234 591 3281 et
621 3227 692 3283 ibi
720 3229 809 3284 diu
857 3247 977 3286 cum
1032 3232 1287 3308 lacrymis
1333 3239 1656 3311 adjutorium
1699 3244 1816 3315 ejus
1845 3235 1888 3295 C
1923 3239 2119 3295 finivit.

248 3313 555 3379 postulavit.
582 3317 710 3373 Inde
736 3329 915 3376 autem
939 3339 1061 3379 cum
1087 3340 1468 3392 reverteretur.
1495 3333 1683 3401 paucis
1704 3313 1818 3391 die-

245 3398 347 3456 bus
403 3403 768 3476 iuterpositis,
812 3411 1021 3468 facilius
1077 3434 1236 3486 quam
1290 3422 1510 3477 credere
1541 3425 1821 3493 potuiset,

246 3494 475 3558 gratiam
505 3499 587 3553 sui
622 3501 822 3557 domini
854 3508 1073 3575 recepit.
1106 3509 1308 3566 Deinde
1336 3513 1388 3566 in
1419 3516 1680 3570 auxilium
1708 3517 1823 3585 ej'ts

249 3579 482 3638 flriniter
510 3587 708 3655 ubique
752 3592 1059 3659 confidens,
1109 3597 1161 3651 in
1213 3602 1545 3657 recreatione
1587 3619 1681 3658 sua
1728 3622 1824 3674 pio

248 3682 434 3725 amore
461 3670 577 3739 ejus
603 3675 912 3748 frequent-cr
937 3682 1174 3749 Libebat,
1203 3695 1257 3741 et
1282 3687 1414 3745 alios
1434 3689 1620 3749 bibere
1639 3670 1825 3760 postn-

246 3760 362 3815 lare
393 3766 688 3820 consuevit.

318 3848 387 3904 X.
420 3851 563 3907 Idem
598 3855 881 3912 Luitnotus
910 3862 1142 3930 quadam
1173 3864 1261 3920 die
1291 3865 1356 3920 ad
1393 3867 1610 3926 domum
1656 3872 1825 3929 Raso-

246 3942 334 3996 nis
363 3941 484 4015 [a!.,
518 3945 795 4022 Rasouis],
818 3953 906 4020 qui
942 3964 1065 4012 tunc
1095 3968 1287 4026 potens
1315 3961 1558 4019 minister
1586 3969 1821 4039 episcopi

249 4031 369 4098 fuit,
401 4036 453 4089 in
482 4038 678 4109 oppido
705 4039 973 4115 Pobiugga
1012 4049 1184 4114 venit,
1206 4060 1262 4105 et
1293 4052 1365 4108 ibi
1404 4068 1526 4109 cum
1663 4031 1823 4128 prau-

245 4124 395 4179 dium
423 4130 672 4198 sumpsit.
704 4132 805 4201 Qui
855 4151 978 4191 cum
1022 4151 1297 4198 saturatos
1330 4145 1479 4201 abire
1531 4124 1821 4217 voluisset,

248 4215 504 4283 pra-fatus
532 4219 675 4276 Ilazo
708 4224 932 4293 cogebat
953 4242 1076 4282 eum
1101 4230 1219 4298 plus
1239 4234 1303 4286 ad
1326 4234 1639 4293 bibendum.
1661 4215 1823 4309 Cujus

250 4306 492 4372 petitioni
520 4310 607 4366 ille
632 4317 1004 4375 contradicere
1027 4336 1132 4376 non
1158 4323 1410 4390 audebat,
1435 4327 1528 4382 sed
1560 4344 1656 4385 vas
1680 4306 1822 4400 quod

246 4394 322 4450 illi
370 4402 745 4474 porrigebatur
780 4412 1008 4481 accepit.
1054 4413 1281 4470 dicendo
1313 4431 1327 4470 ε
1364 4417 1561 4474 «Istam
1593 4394 1819 4479 siceram

249 4487 433 4545 bibere
458 4508 558 4562 pro
583 4495 846 4553 charitate
871 4502 1043 4556 sancti
1074 4501 1307 4560 Udalrici
1326 4548 1341 4572 ,
1372 4522 1469 4576 per
1491 4510 1643 4579 cujus
1671 4511 1819 4580 adju-

1997 3329 2213 3388 XllLln
2243 3334 2460 3392 civitate
2497 3337 2736 3410 Augusta
2783 3340 3001 3411 quidam
3046 3341 3199 3399 faber
3221 3342 3500 3401 llerevuus

1926 3431 2169 3489 voratus,
2228 3424 2388 3497 longo
2451 3437 2691 3499 tempore
2729 3446 2922 3501 magna
2976 3431 3287 3488 inﬁrmitate
3337 3434 3500 3488 totius

1925 3515 2170 3581 corporis
2199 3516 2467 3580 detentus.
2518 3520 2588 3574 ita
2621 3531 2678 3575 ut
2716 3523 2991 3578 ambulare
3015 3539 3122 3580 non
3171 3532 3352 3594 posset
3397 3526 3501 3581 nisi

1925 3601 2047 3657 aliis
2065 3604 2462 3674 adjuvantibus,
2490 3621 2543 3665 ct
2570 3611 2840 3666 interdum
2856 3629 2975 3668 cum
3002 3615 3209 3689 duobus
3229 3626 3500 3670 sustenta-

1925 3692 2061 3747 culis
2081 3705 2444 3761 sustentatas,
2476 3715 2639 3769 prope
2670 3709 2974 3758 terrateuus
3021 3705 3279 3761 inclinato
3315 3708 3495 3775 capite

1923 3782 1989 3833 ad
2014 3786 2317 3839 necessaria
2347 3789 2588 3857 corporis
2615 3789 2702 3843 vix
2720 3793 2981 3859 pervenit.
2997 3793 3096 3861 Qui
3120 3809 3239 3850 cum
3254 3798 3496 3855 audisset

1924 3873 2123 3930 multos
2155 3875 2395 3934 infirmos
2414 3881 2481 3934 ad
2505 3880 2806 3950 sepulcrum
2841 3893 3087 3940 sanctum
3114 3902 3254 3957 saepe
3285 3889 3490 3954 sanari,

1924 3968 2088 4038 caepit
2115 3968 2239 4025 illuc
2264 3971 2403 4026 ultra
2450 3973 2590 4029 vires
2617 3990 2826 4043 repere,
2861 3986 2916 4029 et
2958 3993 3114 4033 mane
3150 3979 3382 4035 d.lueulo
3423 3983 3491 4037 de

1924 4057 2202 4114 mansione
2225 4075 2321 4114 sua
2355 4061 2522 4126 exire,
2541 4073 2598 4118 et.
2619 4063 2745 4119 illuc
2774 4074 2900 4120 ante
2921 4065 3107 4120 horam
3135 4067 3239 4123 diei
3276 4070 3490 4126 tertiam

1925 4147 2011 4200 vix
2037 4152 2338 4217 pervenire.
2368 4151 2607 4223 Cumque
2629 4155 2728 4211 hoc
2758 4155 3069 4228 frequenter
3101 4160 3492 4233 fecisset,quo-

1922 4238 2307 4313 damtempore
2342 4244 2396 4298 in
2441 4243 2883 4317 Quadragesima,
2935 4251 3022 4305 die
3070 4251 3309 4307 Veneris.
3367 4269 3490 4309 cum

1921 4327 1986 4380 ad
2011 4339 2242 4397 portam,
2270 4332 2355 4387 cui
2385 4334 2587 4403 capella
2617 4337 2790 4393 sancti
2822 4336 3095 4395 Michaelis
3120 4350 3202 4395 cst
3230 4357 3489 4412 superpo-

1920 4418 2045 4484 sita,
2079 4423 2301 4489 veniret,
2334 4425 2471 4487 ultra
2496 4428 2710 4482 modum
2736 4428 2904 4485 lassus
2923 4441 2976 4486 et
2999 4432 3263 4488 universis
3287 4434 3489 4491 viribus

1920 4511 2205 4571 destitutus
2242 4519 2505 4583 subsistit,
2534 4519 2719 4575 dicens
2756 4539 2771 4574 :
2807 4541 2824 4574 ι
2856 4523 3079 4579 Domine
3115 4524 3278 4588 Deus,
3330 4528 3491 4583 Pater

247 4579 443 4634 luvium
482 4583 548 4640 de
584 4589 831 4643 maximis
865 4594 1127 4662 angustiis
1157 4595 1414 4653 liberatus
1449 4615 1588 4666 sum,
1621 4604 1760 4660 volo.
1792 4624 1810 4656 ι
1848 4572 1893 4627 ί)
1919 4603 2280 4673 omnipotens,
2330 4623 2657 4678 cognoscere
2691 4610 2916 4679 dignare
2943 4623 3141 4682 quanta
3175 4616 3488 4673 infirmitate

247 4670 490 4743 Cumque
523 4679 771 4745 poculum
804 4683 1089 4747 hausisset,
1116 4698 1169 4740 ct
1193 4704 1287 4743 vas
1308 4704 1430 4744 cum
1459 4708 1622 4748 manu
1657 4695 1817 4749 deor-

245 4778 363 4816 sum
393 4777 643 4831 verteret,
676 4771 848 4827 dixit:
887 4792 905 4826 ι
932 4774 1066 4830 Cum
1109 4777 1209 4832 ista
1248 4781 1515 4838 cbaritate
1547 4785 1812 4855 signatus,

244 4862 429 4911 Certus
465 4874 583 4913 sum
613 4862 738 4929 quia
790 4864 986 4921 nullius
1017 4867 1360 4926 adversitatis
1394 4875 1633 4942 pravitas
1679 4878 1811 4933 mihi

246 4947 406 5001 Lodie
461 4952 658 5018 poterit
715 4969 937 5020 nocere,
993 4958 1084 5012 sed
1137 4975 1308 5030 neque
1366 4963 1576 5029 gladius
1612 4982 1810 5038 corpus

244 5051 423 5092 metum
449 5041 748 5097 vulnerare.
774 5064 793 5097 ι
812 5046 907 5101 Cui
928 5047 1079 5104 Razo
1104 5051 1265 5106 dixit:
1300 5072 1317 5103 ι
1342 5055 1415 5109 Da
1438 5057 1808 5130 mihidigitum

246 5138 418 5197 tuum,
448 5143 503 5187 ut
531 5134 741 5188 videam
768 5136 813 5190 si
845 5140 1088 5195 cultellus
1121 5159 1270 5198 meus
1309 5154 1458 5201 tuum
1492 5151 1660 5217 possit
1690 5154 1810 5208 vui--

246 5233 442 5275 uerare
473 5224 832 5280 membrum.)
869 5228 968 5296 Qui
990 5229 1171 5284 statim
1204 5247 1395 5303 magna
1440 5237 1544 5293 fide
1585 5238 1810 5308 digitum

246 5321 400 5362 suum
428 5312 476 5365 ei
510 5312 837 5366 porrigebat.
870 5317 984 5366 Inse
1010 5327 1189 5366 autem
1218 5326 1555 5366 anni-nimum
1583 5314 1705 5366 ρίηέ
1729 5335 1779 5366 .t:

1919 4710 2063 4750 nunc
2094 4697 2253 4751 istum
2278 4699 2385 4754 adii
2420 4702 2620 4766 locum,
2647 4711 2702 4757 et
2733 4718 2829 4772 per
2855 4707 3044 4758 merita
3066 4709 3236 4761 sancti
3267 4708 3485 4764 confes-

1913 4787 2051 4841 soris
2070 4788 2143 4865 tui
2167 4788 2669 4848 Udalricimiserere
2695 4795 2849 4859 mei,»
2867 4806 2921 4850 et
2938 4795 3324 4866 aliquantulum
3349 4815 3485 4868 pau-

1910 4891 1938 4929 s
1956 4887 2059 4932 ntus
2087 4862 2247 4947 repsit
2275 4896 2442 4949 usque
2471 4882 2537 4935 ad
2558 4885 2884 4951 sepulcrum.
2904 4885 3079 4941 Finita
3104 4888 3173 4943 ibi
3213 4899 3481 4952 oratione.

1912 4969 2037 5021 dum
2062 4971 2298 5038 acceptis
2317 4973 2697 5029 sustentaculis
2720 4974 3009 5044 adjuvaute
3029 4979 3226 5035 comite
3250 4996 3349 5036 suo
3370 4996 3481 5035 sur-

1915 5075 2042 5128 gere
2066 5061 2340 5130 voluisset,
2364 5081 2527 5121 unum
2552 5069 2976 5125 sustentaculum
3000 5069 3053 5123 in
3075 5082 3384 5141 pavimento
3406 5074 3485 5127 la-

1917 5166 2069 5219 psunt
2091 5160 2192 5215 est,
2218 5163 2272 5208 et
2293 5154 2479 5225 ipscad
2498 5168 2699 5212 terram
2727 5160 2922 5216 iterum
2951 5160 3192 5229 deiectus
3218 5175 3322 5229 est,
3347 5174 3401 5219 et
3432 5165 3486 5217 iu

1918 5238 2215 5306 dejectione
2240 5258 2411 5313 genua
2442 5245 2558 5315 ejus
2586 5253 2736 5303 retro
2785 5250 2837 5304 in
2866 5251 3244 5306 contractione
3293 5269 3491 5313 nervo-

1923 5346 2037 5366 nun
2071 5346 2219 5366 nune-rs
2247 5333 2532 5366 Γησιηιη-...η

2575 5338 2891 5366 Μη,¹Α.ι.....ςι
2944 5341 3177 5366 ΑΑνιΞΟ-ο...
