3972 5428
474 376 645 469 nisi

1436 408 1536 483 Hs.
1581 410 1907 474 UDALRtCl
1944 392 2341 473 Ancosrm
2382 414 2706 489 sptscoet.

3571 392 3711 475 lost

465 533 649 590 statim
681 530 753 586 ibi
777 534 994 601 accepta
1024 544 1207 597 cruce,
1246 530 1458 587 clericis
1487 507 1803 600 ceterisque
1832 532 2039 586 civilius
2069 539 2113 592 Α
2144 528 2324 583 studio
2370 531 2609 585 discendi
2661 544 2804 600 stupe
2860 530 2999 585 inter
3043 530 3316 589 scholarcs
3366 538 3679 592 morabatur
3707 581 3726 604 ,

466 639 588 679 cum
620 639 685 681 eo
714 622 1117 690 comitantibus,
1135 613 1257 676 'siue
1286 620 1476 675 baculo
1503 631 1752 690 potenter
1798 622 1865 675 ad
1884 619 2043 695 ‘Sauo

370 766 382 780 ,
467 724 610 783 ctam
638 700 862 770 Mariam
902 713 955 768 in
984 714 1280 784 Augustam
1325 714 1594 768 civitatem
1629 714 2043 783 perambulavit,

470 806 653 877 ibique
697 805 790 861 Dei
827 804 1076 860 laudibus
1129 804 1183 858 in
1230 818 1516 859 commune
1555 803 1812 872 peractis,
1854 804 2043 858 eadem

470 898 602 953 hora
634 897 698 951 ad
730 894 1197 957 SanctamAl'ram
1221 908 1439 950 crucem
1470 893 1735 962 portando
1762 908 2041 964 regressus

467 997 571 1044 est.

538 1078 674 1135 XIV.
706 1077 1155 1147 Nativusquidam
1184 1094 1385 1147 pauper
1400 1076 1672 1146 deoppido
1694 1076 2050 1145 quoddicitur

470 1168 762 1239 Messlinga
790 1168 910 1240 [al.,
936 1165 1249 1238 Mcssinga],
1277 1166 1596 1221 lliltibaldus
1625 1165 1861 1229 nomine,
1891 1163 2049 1219 caeci-

472 1248 583 1317 tate
612 1260 892 1331 perculsus
921 1268 1024 1323 est,
1071 1269 1126 1313 et
1175 1260 1225 1313 in
1272 1258 1361 1312 illa
1396 1256 1639 1313 etc-citate
1696 1256 1830 1310 duos
1879 1270 2048 1308 annos

471 1351 789 1422 perduravit
824 1368 837 1404 :
876 1350 1034 1404 tettio
1062 1359 1237 1403 autem
1268 1364 1433 1411 anno,
1464 1347 1682 1416 quidam
1714 1346 1959 1401 homines
1984 1346 2049 1400 de

469 1443 661 1496 eodem
684 1454 821 1511 pago
848 1454 1067 1510 pergere
1089 1436 1446 1493 decreverunt
1468 1438 1533 1490 ad
1559 1437 1856 1507 Augustam
1917 1435 2044 1489 civi-

473 1541 636 1587 tatem
658 1547 818 1587 causa
843 1531 1134 1596 orationis;
1160 1530 1251 1600 qui
1281 1530 1606 1584 invenerunt
1629 1544 1749 1582 eum
1779 1527 1830 1581 in
1860 1528 2050 1580 eodem

471 1620 665 1676 itinere
690 1621 964 1675 cumducc
994 1635 1094 1674 suo
1120 1619 1320 1673 victum
1354 1631 1451 1688 per
1477 1618 1668 1688 oppida
1698 1626 2047 1686 quwrentem,

468 1721 524 1765 et
546 1694 865 1768 dixeruntei
898 1730 910 1765 :
941 1730 959 1762 ε
994 1711 1162 1780 Perge
1189 1711 1469 1767 nobiscum
1491 1709 1557 1764 ad
1582 1711 1878 1780 Augustam
1914 1707 2048 1763 civi-

471 1813 636 1861 tatem
666 1813 722 1859 et
754 1805 821 1860 ad
865 1803 1173 1874 sepulcrum
1201 1802 1373 1859 sancti
1421 1801 1681 1867 Udalrici,
1715 1800 1940 1855 forsitan
1977 1799 2049 1854 ibi

2150 639 2273 678 cunt
2303 623 2369 677 ad
2395 624 2724 694 propinquos
2771 639 2900 678 suos
2948 635 3333 690 reverteretur,
3380 639 3567 685 tuutos
3599 631 3732 685 eﬂ'e-

2149 721 2269 768 ctus
2296 722 2380 769 est
2408 732 2421 768 :
2454 729 2685 784 cumque
2710 714 2778 769 ab
2801 715 2883 770 eis
2912 716 2977 770 ad
3008 716 3313 786 sepulcrum
3354 730 3603 774 sanctum
3636 727 3722 777 de-

2151 802 2348 857 ductus
2398 801 2611 868 fuisset,
2677 805 2891 859 emissis
2954 806 3020 860 de
3080 820 3175 861 ore
3233 822 3332 861 suo
3380 809 3584 866 duobm
3637 817 3740 869 tle-

2152 891 2323 945 uariis
2361 907 2527 961 super
2553 892 2879 962 sepulcrum,
2909 894 3178 967 loquelam
3205 912 3367 967 quam
3398 902 3604 969 amisit,
3645 918 3737 957 re-

2149 983 2315 1052 cepit.

2226 1071 2409 1127 XVlll.
2452 1073 2639 1129 Canens
2668 1077 2888 1146 quidam
2918 1092 3040 1132 cum
3067 1077 3221 1133 valde
3252 1082 3479 1146 parvulo
3506 1082 3742 1139 ductore

2151 1162 2217 1215 ad
2250 1173 2501 1217 sanctum
2528 1164 2702 1219 locutu
2734 1165 2948 1220 hiemali
2977 1176 3216 1238 tempore
3246 1171 3452 1224 studuit
3467 1187 3694 1241 pergere
3722 1191 3737 1225 :

2151 1251 2241 1317 qui
2285 1267 2407 1305 cum
2449 1251 2785 1307 Smutturam
2819 1253 3037 1310 ﬂuvium
3070 1260 3557 1329 transgr'ederctur,
3584 1272 3639 1314 et
3667 1262 3743 1315 ad

2151 1339 2368 1409 longum
2388 1341 2615 1396 rivulum
2636 1343 2701 1398 de
2721 1343 2996 1401 fonticulis
3009 1358 3390 1418 congregatum
3405 1366 3568 1419 super
3590 1352 3741 1407 viam

2152 1430 2532 1485 decurrentem
2579 1433 2802 1498 veniret,
2834 1435 3024 1489 ductor
3058 1437 3173 1507 ejus
3200 1438 3250 1492 ei
3289 1441 3550 1494 auxilium
3596 1457 3742 1510 prm-

2160 1522 2292 1577 bere
2322 1539 2427 1577 non
2461 1525 2653 1592 potuit,
2703 1528 2795 1580 sed
2846 1526 2911 1581 de
2962 1528 3163 1600 frigore
3205 1539 3260 1585 et
3293 1531 3610 1588 lassitudine
3639 1536 3741 1591 de-

2150 1612 2306 1669 lectis
2359 1615 2562 1671 viribus
2617 1619 2834 1672 cecidit.
2879 1620 3065 1675 Caecus
3109 1631 3314 1691 autem,
3367 1625 3596 1681 doctore
3640 1643 3742 1682 ca-

2152 1704 2337 1770 dente,
2389 1721 2582 1776 ntagna
2626 1723 2756 1763 cura
2787 1718 2840 1763 et
2868 1711 3090 1765 tristitia
3125 1728 3225 1783 per
3251 1713 3540 1770 decursum
3578 1717 3743 1772 rivuli

2151 1808 2274 1865 eum
2310 1796 2500 1852 baculo
2529 1798 2763 1868 undique
2794 1800 3061 1871 palpando
3091 1802 3408 1868 ambulavit,
3448 1816 3507 1861 ct
3538 1822 3746 1877 magna

458 1894 901 1957 misericordiam
929 1892 1188 1963 consequi
1216 1890 2049 1963 poteris.rQuibusilleres;ou-
2084 1904 2126 1962 Β
2154 1899 2289 1940 voce
2343 1886 2628 1943 clamando
2675 1890 2741 1944 ad
2803 1900 3047 1946 sanctam
3104 1892 3326 1948 Mariam
3388 1907 3444 1951 et
3492 1912 3745 1954 sanctam

468 1987 550 2041 dit
578 2004 591 2041 :
625 1986 936 2058 «Stipendia
962 1985 1092 2040 mihi
1117 1994 1171 2040 et
1194 1985 1404 2041 ductori
1427 2000 1569 2050 meo,
1589 1994 1644 2040 et
1662 1982 1963 2040 oblationes
1985 1981 2053 2036 ad

471 2078 560 2132 illa
593 2088 782 2135 sancta
832 2078 949 2134 loca
996 2077 1345 2134 deferendum
1378 2094 1482 2134 non
1529 2077 1722 2133 habeo.
1761 2095 1779 2130 ι
1818 2075 1920 2142 Qui
1972 2090 2056 2131 re-

462 2171 813 2239 spondentes,
848 2170 1101 2225 dixerunt
1131 2188 1145 2224 :
1180 2190 1198 2222 ‹
1233 2168 1287 2224 Si
1315 2170 1594 2225 nobiscum
1624 2169 1771 2235 ieris,
1794 2176 2053 2238 quantum

469 2260 1129 2327 possumus'auxiliatores
1160 2260 1235 2315 tui
1260 2276 1466 2315 sumus.
1496 2280 1515 2313 ι
1547 2259 1786 2326 Quorum
1821 2274 2053 2313 causen-

473 2355 614 2408 tiens
643 2351 988 2407 suasionibus
1015 2367 1138 2405 cum
1174 2350 1254 2406 eis
1294 2351 1530 2422 perrexit
1561 2351 1628 2405 ad
1658 2351 1973 2423 Augustam,
2001 2358 2058 2404 et.

469 2445 658 2498 eadem
675 2452 831 2498 nocte
849 2441 1001 2510 juxta
1025 2453 1271 2497 sanctum
1294 2442 1597 2513 sepulcrum
1622 2441 1754 2498 foris
1771 2441 2053 2498 ecclesiam

473 2534 615 2588 diem
640 2533 976 2603 exspectavit
1008 2532 1459 2588 l‘uturum.‘Mane
1508 2542 1687 2587 autem
1715 2533 1875 2595 facto,
1918 2531 2054 2587 infra

464 2624 756 2680 ecclesiam
794 2626 860 2679 ad
890 2624 1194 2693 sepulcrum
1230 2626 1490 2680 deductus
1524 2625 1718 2680 devote
1769 2625 1966 2689 oravit,
2000 2634 2056 2679 et

469 2723 631 2769 antea
661 2716 917 2770 amissum
945 2714 1123 2771 lumen
1153 2716 1457 2780 oculorum,
1482 2716 1653 2786 gratia
1684 2717 1772 2772 Dei
1798 2718 2049 2779 donante,

473 2805 699 2873 recepit,
740 2804 1024 2874 levataque
1054 2820 1235 2868 cruce,
1288 2808 1582 2861 comitante
1610 2822 1731 2860 cttm
1762 2821 1827 2860 eo
1859 2823 2054 2878 magna

468 2894 820 2952 nzultitudine
850 2894 1050 2967 populi,
1110 2896 1175 2951 ad
1208 2895 1463 2951 Sanctam
1497 2896 1720 2949 Mariam
1781 2899 2054 2966 pervenit.

471 2982 783 3065 ct'qualiter
827 2989 897 3044 sit
926 2989 1281 3054 illutniuatus,
1329 2988 1539 3044 civibus
1580 2986 1691 3042 suis
1720 2988 1769 3042 ei
1810 2988 2055 3042 testimo-

474 3079 625 3134 nium
656 3076 909 3137 dantibns
938 3080 1202 3135 recitavit.

547 3159 664 3227 XV.
699 3169 941 3239 Quodam
961 3174 978 3241 (
997 3170 1068 3226 64
1091 3172 1109 3243 )
1131 3182 1371 3241 tempore
1393 3186 1513 3226 cum
1530 3166 2055 3242 sanctus‘episcopus

2156 1975 2367 2041 Afram,
2401 1989 2455 2033 et
2486 1980 2552 2034 ad
2599 1990 2847 2036 sanctum
2887 1999 3102 2038 servum
3144 1986 3234 2040 Dei
3274 1988 3608 2055 Udalricum,
3642 1994 3745 2045 az!-

2151 2065 2413 2135 jutorium
2458 2078 2514 2123 et
2560 2071 2986 2128 misericordiam
3029 2075 3132 2129 sibi
3165 2077 3280 2132 dari
3311 2078 3516 2133 intenta
3558 2095 3751 2141 mente

2131 2156 2442 2230 'l'lagitavit.
2494 2159 2739 2233 Cumque
2779 2152 2858 2219 sie
2898 2165 3163 2237 palpatqu
3206 2180 3256 2223 et
3288 2162 3575 2227 clamando
3607 2191 3748 2243 pene

2157 2263 2335 2320 usque
2361 2252 2427 2305 ad
2461 2251 2627 2333 linem
2666 2255 2821 2309 rivuli
2867 2258 3195 2326 perveniret,
3230 2259 3322 2315 Dei
3354 2261 3595 2317 donante
3630 2265 3746 2319 cleo

2158 2343 2384 2405 utentia,
2408 2343 2587 2399 subito
2624 2346 2823 2415 apertis
2868 2347 3039 2404 oculis
3073 2350 3249 2406 lumen
3293 2355 3525 2422 aspexit,
3558 2365 3615 2409 et
3649 2372 3742 2410 re-

2159 2434 2409 2505 grediens
2445 2436 2725 2491 duetorem
2776 2453 2933 2493 suum
2973 2440 3188 2505 levavit,
3233 2454 3288 2497 et
3315 2460 3482 2514 usque
3514 2447 3582 2501 ad
3617 2462 3745 2501 san-

2158 2535 2304 2581 ctnm
2328 2528 2653 2597 sepulcrum,
2668 2530 3091 2600 omnipotentem
3118 2534 3283 2588 Deum
3303 2545 3355 2588 et
3377 2547 3597 2591 sanctos
3616 2553 3745 2592 suos

2160 2615 2450 2682 laudando,
2473 2621 2724 2688 portavit.
2745 2621 2924 2690 ibique
2947 2608 3232 2679 manifeste
3252 2625 3464 2681 clericis
3484 2638 3541 2682 et
3560 2630 3741 2683 omni.

2155 2708 2256 2762 bus
2289 2709 2645 2777 prtesentibus
2668 2726 2788 2779 qua:
2814 2712 2863 2766 ei
2892 2713 2943 2766 itt
2975 2715 3058 2768 via
3091 2715 3424 2782 acciderant,
3466 2720 3739 2773 recitavit.

2228 2798 2371 2854 XIX.
2408 2799 2533 2854 Fuit
2561 2808 2807 2871 quantam
2851 2814 3101 2860 matrona
3146 2806 3197 2861 in
3247 2806 3585 2864 Francorum
3616 2828 3741 2879 pno-

2159 2889 2337 2945 vincia
2379 2893 2643 2961 praedives
2681 2903 2735 2949 ct
2768 2894 2982 2960 nobilis,
3024 2911 3144 2965 quae
3187 2907 3404 2968 arrepta
3450 2914 3482 2953 a
3530 2900 3743 2955 diabolo

2160 2982 2325 3037 nimie
2371 2982 2685 3051 laborabat;
2717 2987 2782 3039 ad
2817 2984 2971 3055 cujus
2999 2990 3333 3058 creption‘em
3363 2991 3609 3061 quinque
3633 2993 3745 3061 epi-

2162 3072 2315 3141 scopi
2343 3088 2464 3127 cum
2499 3075 2621 3128 aliis
2646 3074 2893 3143 plurimis
2924 3089 3312 3134 convenerunt.
3341 3078 3443 3145 Qui
3477 3096 3605 3134 cum
3633 3080 3745 3134 dia-

2160 3156 2341 3214 bolum
2381 3163 2723 3219 orationibus
2765 3174 2822 3219 et
2864 3166 3326 3237 conjurationibus
3371 3179 3743 3227 arctareutut

478 3257 545 3312 ad
572 3262 838 3332 synodum
868 3260 1082 3318 Ottonis
1108 3262 1451 3331 imperatoris
1480 3262 1531 3315 iu
1561 3260 1894 3332 lnglunheim
1925 3277 2054 3314 eon-
2084 3251 2127 3313 C
2158 3249 2442 3305 Obsessum
2502 3267 2701 3320 οοΓΡυδ
2743 3254 3071 3322 inmineret.
3121 3255 3363 3312 ειειηιδηε
3406 3268 3462 3313 ει
3507 3258 3742 3326 elidat“.

477 3360 754 3420 gregatam
786 3360 1049 3422 pergeret,
1087 3351 1304 3419 quidam
1333 3366 1538 3421 pauper
1567 3351 1633 3404 de
1675 3350 1871 3420 oppido
1898 3349 2061 3405 Allel-

480 3440 726 3505 lrt'bazclt,
742 3440 981 3511 Rudpret
1003 3441 1078 3514 [ut
1109 3482 1122 3506 ,
1144 3440 1459 3514 Rutpertus]
1484 3454 1723 3507 vocatus,
1740 3443 1893 3512 juxta
1918 3458 2061 3496 vtam

478 3530 529 3583 ei
551 3529 874 3598 conjunctus
897 3540 999 3597 est,
1033 3530 1124 3584 ilia
1152 3547 1247 3584 sua
1274 3531 1339 3587 de
1368 3543 1556 3587 ventre
1581 3532 1830 3603 prolapsa
1860 3532 1913 3587 in
1943 3533 2063 3588 loco

480 3619 722 3674 umbilici
771 3629 997 3692 portans
1044 3622 1094 3676 in
1135 3622 1256 3677 sinu
1307 3637 1456 3677 suo:
1502 3638 1735 3693 cumque
1761 3639 1822 3677 ea
1874 3634 2063 3694 aperto

483 3713 604 3777 sinu
650 3696 909 3783 episcopo
958 3714 1303 3778 ostenderet,
1366 3714 1621 3785 praecepit
1678 3715 1726 3771 ei
1781 3716 2060 3769 denarium

478 3801 596 3868 dari
623 3811 681 3856 et
709 3802 846 3856 dixit
872 3801 1013 3855 illim
1036 3803 1089 3856 in
1116 3819 1249 3874 pace
1280 3803 1370 3857 Dei
1396 3818 1608 3871 perge.»
1628 3803 1731 3869 Qui
1758 3820 1864 3858 non
1897 3803 2063 3857 multo

482 3903 601 3965 post
633 3901 897 3964 tempore,
947 3895 1217 3949 meliorari
1267 3895 1333 3950 de
1365 3895 1452 3949 die
1503 3896 1555 3949 in
1593 3897 1733 3949 diem
1786 3895 1969 3964 carpit,
2007 3903 2062 3948 et

482 3996 672 4043 sanato
703 3999 891 4044 ventre
934 4000 1001 4043 oe
1032 3988 1287 4059 praedicta
1320 3988 1633 4042 inﬁrmitate
1667 3987 1926 4042 liberatus
1954 3997 2057 4043 est.

483 4060 675 4133 Postea
707 4088 889 4133 autem
934 4079 1073 4133 idem
1106 4079 1219 4149 ipse
1264 4078 1487 4134 clamlus
1530 4077 1708 4134 factos
1739 4088 1842 4142 est,
1882 4077 1955 4133 ita
2004 4089 2062 4132 ut

482 4169 585 4223 nisi
622 4169 891 4224 scamellis
922 4179 1257 4225 sustentatus
1276 4169 1553 4224 ambulare
1582 4171 1869 4241 potuisset,
1912 4171 2059 4225 utili-

481 4269 594 4316 tate
630 4262 792 4316 etiam
825 4263 1028 4317 dextrae
1075 4278 1263 4317 manus
1315 4262 1367 4318 in
1400 4262 1741 4317 lineamentis
1778 4268 1919 4317 totus
1947 4264 2059 4334 pri-

484 4357 641 4404 vatus
664 4358 769 4404 est.
811 4350 923 4404 llac
961 4350 1278 4405 inﬁrmitate
1324 4368 1446 4406 cum
1481 4362 1714 4422 quatuor
1754 4352 1911 4406 annis
1964 4355 2061 4407 de-

484 4446 665 4493 tentus
694 4439 1003 4505 mansisset,
1043 4440 1371 4495 desideravit
1407 4443 1593 4496 venire
1646 4442 1712 4497 ad
1755 4442 2060 4512 sepulcrum

482 4529 654 4583 sancti
688 4529 948 4596 Udalrici,
987 4542 1040 4587 et
1069 4533 1407 4601 comparavit
1445 4522 1625 4589 ceram
1659 4550 1820 4604 quam
1874 4550 2059 4589 secum

2163 3341 2302 3394 dixit
2328 3356 2342 3394 :
2380 3360 2397 3392 ι
2428 3340 2540 3397 Nisi
2582 3343 2783 3413 aliquid
2813 3347 2878 3400 de
2911 3347 3072 3402 rebus
3101 3349 3341 3431 episcppi
3378 3349 3619 3405 L‘dalrici
3648 3353 3748 3405 huc

2165 3434 2393 3497 venerit,
2421 3444 2642 3503 pr0ptcr
2669 3444 2907 3489 vestrum
2935 3448 3261 3509 pra-ceptum
3291 3455 3613 3510 possessum
3653 3458 3747 3495 vas

2165 3534 2272 3573 non
2297 3521 2530 3577 dimitto.
2564 3543 2583 3576 ι
2627 3522 2870 3595 Cumque
2894 3526 3089 3581 iterum
3119 3538 3278 3598 atque
3318 3531 3515 3585 itcrttm
3557 3534 3744 3591 eadem

2165 3625 2420 3680 responsa
2456 3613 2699 3680 iteraret,
2728 3616 3001 3671 aestimare
3030 3629 3311 3688 cmperuut
3334 3631 3394 3673 ut
3437 3622 3650 3692 legatos
3676 3626 3745 3677 ad

2161 3702 2463 3773 Augustam
2492 3705 2768 3760 mitterent
2802 3748 2817 3772 ,
2848 3718 2906 3763 ut
2939 3708 3140 3779 aliquid
3176 3711 3525 3780 acquirercut
3555 3714 3627 3767 de
3658 3729 3746 3767 re-

2162 3794 2266 3847 bus
2305 3792 2561 3863 episcopi.
2594 3795 2813 3851 lntcrim
2857 3813 2987 3852 vero
3022 3816 3143 3852 eum
3187 3800 3301 3853 iure
3346 3801 3489 3856 nter
3513 3819 3573 3856 se
3600 3804 3747 3856 arbi-

2165 3893 2457 3951 trarentur,
2487 3885 2739 3942 clamavit
2768 3889 3011 3945 diabolus
3039 3907 3134 3960 per
3165 3908 3228 3949 os
3257 3905 3519 3949 matrona:
3550 3914 3564 3949 :
3604 3916 3624 3947 ι
3660 3895 3747 3952 Va!

2162 3974 2325 4030 mihi!
2363 3992 2442 4033 va:
2473 3978 2635 4034 mihi!
2671 3980 2761 4035 hic
2793 3980 2847 4036 in
2880 3983 3157 4039 vicinitate
3188 3995 3272 4039 est
3292 3988 3581 4057 presbyter
3608 4004 3748 4044 unus

2162 4065 2254 4134 qui
2304 4065 2468 4131 habet
2518 4068 2795 4125 humerale
2843 4073 2981 4142 quod
3018 4072 3119 4128 fuit
3148 4075 3353 4144 pnnl‘ati
3397 4079 3686 4151 episcopi:
3724 4100 3743 4132 ι

2160 4157 2410 4224 quamvis
2457 4173 2562 4213 non
2613 4172 2828 4229 sponte,
2882 4163 2976 4218 sed
3006 4163 3115 4219 Deo
3158 4165 3406 4236 jubcute,
3441 4171 3748 4225 nominavit

2164 4252 2539 4323 presbyterum
2582 4265 2636 4309 et
2664 4254 2840 4311 locum
2888 4258 2976 4331 ubi
3022 4259 3305 4315 habitavit.
3358 4263 3611 4333 Cumque
3656 4280 3745 4319 ac.

2166 4346 2398 4401 ccrsitus
2433 4347 2717 4419 presbyter
2736 4364 2859 4403 cum
2887 4349 3151 4405 humerali
3192 4353 3423 4420 veniret,
3452 4364 3745 4424 antequam

2165 4436 2380 4491 domum
2414 4437 2659 4504 intraret,
2680 4439 2888 4495 daemon
2916 4442 3048 4497 dixit
3068 4462 3080 4496 :
3100 4461 3119 4495 ι
3140 4441 3261 4499 νει
3286 4447 3398 4499 vae!
3422 4460 3569 4502 nunc
3600 4447 3747 4502 venit

2165 4524 2443 4581 lmmerale
2472 4528 2731 4600 episcopi.
2762 4548 2781 4581 ι
2810 4529 2904 4586 His
2930 4531 3089 4588 dictis
3116 4533 3401 4590 clamando
3428 4547 3484 4591 et
3511 4536 3745 4592 dolendo

484 4617 551 4671 ad
574 4617 883 4689 sepulcmm
912 4619 1177 4687 deferret;
1196 4600 1508 4693 comparata
1532 4600 1708 4679 autem
1732 4638 1856 4678 cera
1885 4624 2060 4679 virtus
2096 4600 2141 4660 θ
2169 4630 2366 4685 corpus
2416 4625 2680 4671 matrona:
2724 4618 2879 4675 valde
2923 4620 3205 4693 fatigatum
3238 4625 3478 4695 reliquit.
3507 4626 3741 4683 Interro-

482 4710 530 4764 ei
581 4710 633 4764 in
683 4713 1067 4777 sustentaculis
1112 4712 1452 4782 bacnlortun,
1486 4717 1724 4771 dimissis
1752 4716 2022 4772 seamellis

416 4836 426 4868 δ
484 4802 796 4858 ambulandi
830 4820 1086 4861 concessa
1133 4816 1233 4862 cst.
1285 4808 1413 4863 Illuc
1457 4820 1635 4865 autem
1700 4810 1882 4863 taliter
1933 4826 2057 4863 cum

422 4880 431 4950 ί
482 4896 811 4965 perveniret,
836 4914 1027 4954 manus
1064 4900 1181 4970 ejus
1226 4908 1282 4955 et
1312 4916 1483 4972 genua
1534 4901 1752 4957 sanitati
1806 4901 2058 4957 restituta

482 4988 664 5042 munia
696 5004 791 5042 sua
821 5001 1162 5060 receperunt,
1196 4992 1268 5044 ita
1311 5001 1369 5045 ut
1395 4992 1535 5045 idem
1581 4993 1743 5046 homo
1781 4976 1901 5047 sine
1938 5007 2057 5048 sus-

424 5072 429 5079 ’
485 5076 770 5130 tentaculis
796 5088 1011 5133 erectus
1049 5080 1301 5147 gradiens
1325 5080 1665 5150 tripudiando
1689 5083 1909 5136 rediret.

559 5168 702 5223 XVI.
749 5171 825 5226 De
856 5185 1021 5236 regite
1052 5172 1216 5226 etiam
1252 5170 1489 5226 Lotbarii
1521 5173 1738 5236 quidam
1773 5172 2055 5229 Lutericns

2168 4715 2326 4777 gatus
2374 4717 2552 4762 autem
2596 4708 2884 4782 presbyter
2931 4713 3071 4769 unde
3110 4715 3158 4769 ei
3204 4715 3485 4771 humerale
3512 4719 3740 4783 veniret,

2164 4798 2497 4866 respondens
2537 4797 2673 4852 dixit
2714 4816 2727 4851 :
2763 4817 2780 4850 ι
2814 4799 3109 4873 Episcopus
3126 4804 3425 4879 aliquando
3468 4808 3538 4862 ad
3567 4808 3743 4879 regale

2166 4887 2494 4958 colloquium
2538 4892 2831 4960 pergendo,
2875 4895 2944 4948 ad
2984 4906 3224 4951 nostram
3254 4898 3540 4955 ecclesiam
3574 4900 3738 4964 venit,

2160 4989 2213 5035 et
2246 4995 2345 5034 nos
2380 4979 2481 5034 sibi
2525 4981 2745 5035 missam
2790 4992 3012 5039 cantare
3048 4982 3293 5056 rogavit,
3344 5004 3576 5060 cumque
3621 4989 3735 5043 alba

2165 5085 2265 5125 nos
2303 5069 2450 5124 indui
2497 5069 2613 5124 sine
2658 5070 2922 5127 humerali
2961 5072 3094 5129 velle
3126 5076 3353 5144 videret,
3386 5078 3562 5133 dixit:
3598 5099 3616 5131 ι
3639 5077 3731 5134 Ubi

2169 5183 2186 5215 ι
2216 5172 2301 5217 est
2339 5171 2577 5217 vestrum
2599 5163 2876 5220 humerale
2904 5166 2929 5219 ἲ
2955 5184 2976 5219 ι
3018 5165 3113 5223 Coi
3144 5185 3244 5230 ego
3265 5168 3531 5230 Iresnoudi
3560 5185 3578 5225 :
3623 5168 3732 5225 Non
