3972 5428
827 345 953 360 καλιν-

189 369 331 435 I068

1622 370 1999 434 νημαι-ω.

3300 365 3440 427 ωσι

177 490 387 548 utentis
424 501 493 544 ao
536 482 845 558 iepnlcrum
898 484 1071 542 aucti
1120 476 1353 541 Udalrici
1401 496 1499 552 per
1539 484 1759 537 nuntios
1787 494 1831 546 Α
1861 489 1914 533 et
1950 477 2096 567 fecit.
2127 476 2386 567 Cumque
2428 475 2886 567 appropinquaret
2921 478 3179 567 Augusta:
3210 483 3443 567 civitati.

178 585 374 651 misit;
416 583 615 653 quibus
636 582 799 636 etiam
826 578 1082 649 prreccpit
1106 587 1160 632 ut
1192 576 1266 633 ibi
1293 574 1607 631 nuntiarent
1634 590 1770 644 qua-

182 675 337 742 liter,
386 675 618 730 Domino
647 671 997 735 concedente,
1020 684 1119 737 per
1146 668 1262 739 ejus
1288 668 1483 723 merita
1512 678 1596 721 est
1624 667 1763 721 libe-

179 775 326 821 rata.
373 764 679 819 Wicl'redus
701 761 941 831 ejusdem
976 759 1081 814 loci
1113 758 1452 829 prtepositus,
1482 758 1573 827 qui
1600 758 1765 812 etiam

175 858 243 912 et‘
264 863 457 910 custos
478 852 720 907 ecclesia:
742 866 809 906 eo
831 859 1073 920 tempore
1098 849 1319 914 mansit,
1351 849 1420 905 de
1446 849 1595 905 l'r0co
1619 848 1763 917 ejus-

171 944 301 999 dem
351 951 617 997 matrona!
660 938 1003 995 dalmaticam
1042 938 1160 992 ﬁeri
1208 936 1360 1001 fecit,
1404 945 1459 992 et
1502 936 1608 990 alia
1649 933 1766 1003 ejus

179 1036 537 1099 vestimenta,
564 1034 707 1088 sicut
746 1045 1042 1103 congruum
1080 1029 1201 1093 fuit,
1230 1029 1299 1084 ad
1345 1030 1438 1084 Det
1482 1028 1762 1085 servitium

183 1125 513 1195 composuit,
572 1132 631 1177 ut
676 1124 782 1177 hoc
826 1123 1038 1191 sigoqu
1084 1121 1472 1178 misericordiae
1512 1120 1608 1176 Dei
1654 1118 1765 1175 Ire-

182 1217 450 1287 qnentius
474 1216 707 1286 posteris
728 1215 781 1269 in
805 1214 1179 1269 recordatione
1200 1221 1463 1269 maneret.

230 1305 376 1360 XX.
419 1305 478 1361 In
502 1306 721 1376 regione
748 1303 1087 1368 Sclavorum,
1120 1303 1260 1358 ﬁlius
1289 1302 1600 1359 Wolezlavvi
1626 1299 1755 1374 [σιν.

176 1395 473 1469 Woleslai]
514 1397 668 1452 ducis
713 1397 766 1451 in
808 1395 1168 1450 valetudinem
1209 1382 1432 1458 inecdit',
1467 1402 1523 1448 et
1553 1394 1759 1448 instan-

169 1499 281 1544 tam
306 1490 683 1545 inﬁrmitatem
707 1489 970 1544 deductus
989 1496 1092 1553 est,
1116 1495 1177 1540 ut
1194 1495 1347 1555 pater
1371 1484 1490 1553 ejus
1510 1493 1565 1540 et
1587 1495 1760 1540 mater

173 1583 475 1653 castor-ique
517 1592 814 1653 praesentes
852 1581 1013 1635 amici
1058 1589 1380 1649 praesentem
1426 1586 1590 1633 vitam
1632 1592 1757 1632 eum

178 1673 418 1728 ulterius
461 1673 674 1729 habere
708 1686 866 1743 posse
910 1672 1285 1741 desperarent.
1330 1669 1573 1738 Cumque
1606 1676 1761 1738 pater

168 1762 223 1815 in
250 1762 343 1815 his
367 1761 639 1832 angustiis
668 1771 1001 1826 versaretur,
1032 1759 1345 1815 admonitus
1372 1767 1459 1813 est
1486 1759 1553 1813 de
1579 1768 1753 1812 matre

1866 575 1924 622 et
1948 564 2232 622 ecclcsiam
2278 572 2477 620 sanctae
2525 565 2669 620 Afra:
2706 565 2841 623 bene
2872 566 3115 639 aspicere
3146 564 3441 640 potuisset.

1865 662 2108 718 clamans
2130 670 2183 715 et
2212 660 2451 716 fremens
2490 661 2688 717 cecidit
2738 661 2791 717 in
2838 673 3063 733 terram,
3106 674 3161 722 et
3187 665 3331 724 facta
3362 675 3449 728 est

1865 753 2025 823 quasi
2071 761 2302 807 mortua.
2348 751 2613 808 Praefatus
2659 763 2840 810 autem
2883 755 3085 813 Durinc
3122 773 3246 814 cum
3274 758 3445 816 comi-

1865 842 2104 898 tantibus
2136 841 2239 898 sibi
2272 842 2478 896 studuit
2502 843 2681 898 levare
2702 860 2855 905 eam;
2887 846 3062 903 levata
3090 858 3295 917 autem,
3322 851 3446 908 red.

1864 934 1980 988 (lito
2001 949 2185 1000 sensu,
2211 949 2241 988 a
2268 934 2533 990 dtetuonio
2559 944 2636 990 est
2664 935 2907 991 liberata.

1938 1021 2125 1081 Χχιιι.
2179 1023 2621 1095 Eleemosynaria
2669 1032 2913 1096 quaedam
2970 1029 3262 1086 Abrahami
3324 1031 3444 1090 Fri-

1865 1113 2136 1183 singeusis
2177 1115 2416 1185 episcopi
2470 1115 2740 1182 civitatis,
2788 1116 2857 1173 de
2899 1119 3025 1174 villa
3071 1137 3193 1191 qua:
3239 1121 3447 1179 dicitur

1863 1208 2115 1273 Camera,
2146 1207 2235 1261 cui
2266 1206 2484 1260 maxilla
2515 1209 2721 1278 pectori
2764 1207 2865 1262 fuit
2892 1209 3114 1276 inserta,
3144 1219 3201 1267 et
3232 1213 3445 1283 loquela

1866 1301 1920 1356 iu
1962 1310 2075 1357 toto
2104 1312 2317 1372 negata,
2347 1301 2432 1356 cui
2458 1303 2624 1356 etiam
2657 1318 2851 1359 manus
2893 1304 3134 1359 brachiis
3170 1305 3443 1375 replicata:

1867 1400 1927 1447 et
1985 1391 2369 1462 conglutinata:
2422 1400 2613 1457 erant,
2675 1402 2732 1447 ut
2786 1396 2971 1463 ﬁgura:
3017 1395 3304 1464 digitorum
3352 1396 3445 1451 vix

1861 1479 2116 1552 cognosci
2141 1481 2480 1551 potuissent,
2520 1497 2643 1535 cum
2667 1481 2873 1537 veniret
2899 1483 2967 1539 ad
2998 1493 3242 1540 sanctum
3269 1486 3447 1556 sepul-

1860 1586 2033 1633 crum,
2066 1580 2124 1627 et
2146 1571 2271 1627 inde
2300 1572 2625 1627 revertendo
2654 1587 2815 1644 super
2846 1584 3067 1644 pontem
3112 1575 3238 1651 Lici_
3262 1575 3409 1631 ﬂuuii
3434 1579 3465 1619 ι’

1860 1661 1945 1715 nis
1988 1661 2309 1729 ambularet,
2351 1663 2570 1733 quidam
2620 1665 2780 1719 homo
2836 1664 2887 1720 ei
2938 1665 3129 1721 obvius
3181 1667 3329 1722 venit
3386 1676 3445 1725 et

1860 1751 2212 1824 interrogavit
2245 1768 2364 1809 eam
2390 1755 2532 1811 unde
2558 1764 2842 1827 pergeret;
2870 1757 2955 1811 cui
2990 1757 3081 1811 illa
3117 1759 3444 1833 respondere

163 1852 322 1920 pueri
352 1859 409 1906 et
438 1852 505 1907 de
528 1853 651 1906 aliis
676 1853 872 1921 quibus
903 1860 1097 1906 notum
1128 1849 1229 1904 fuit
1255 1865 1418 1919 quam
1453 1848 1763 1919 multipliei-
1793 1840 1835 1896 ὓ
1864 1858 1972 1899 non
2001 1845 2199 1914 potuit,
2239 1848 2335 1902 sed
2359 1848 2606 1903 vertebat
2632 1864 2690 1903 se
2723 1848 3029 1904 inclinando
3056 1850 3123 1905 ad
3152 1851 3440 1907 ecclesiam

172 1954 257 1996 ter
286 1942 445 1997 multi
498 1959 597 2014 per
647 1943 841 1999 merita
891 1943 1067 1997 sancti
1122 1941 1362 1997 Udalrici
1412 1940 1479 1996 de
1528 1940 1759 1997 diversis

168 2036 443 2103 angustiis
472 2035 683 2090 liberati
722 2044 933 2100 essent;
980 2034 1236 2089 continuo
1266 2042 1446 2088 votum
1484 2032 1662 2098 vovit,
1708 2033 1755 2088 si

167 2124 309 2180 ﬁlius
330 2123 451 2193 ejus
487 2125 555 2179 ad
590 2125 758 2179 vitam
789 2124 1010 2182 rediret.
1042 2132 1102 2177 ut
1131 2122 1313 2179 missis
1347 2122 1539 2194 legatis
1573 2119 1754 2192 sepul-

163 2228 323 2268 crum
370 2213 544 2269 sancti
598 2212 834 2269 Udalrici
888 2228 1012 2268 cum
1068 2210 1436 2268 oblationibus
1487 2211 1753 2267 visitaret.

163 2303 373 2359 Eodem
423 2320 553 2360 vero
580 2306 669 2361 die
713 2305 860 2360 ﬁlius
903 2303 1059 2360 ducis
1109 2319 1404 2359 conversus
1453 2306 1521 2359 ad
1566 2306 1753 2370 vitam,

162 2396 600 2450 consolationem
656 2395 800 2466 patri
848 2411 955 2450 non
1021 2394 1306 2450 minimam
1373 2393 1592 2450 obtulit.
1652 2394 1754 2462 Qui

162 2499 503 2554 cognoscens
529 2484 959 2539 misericordiam
990 2479 1083 2538 Dei
1124 2484 1177 2539 in
1211 2483 1344 2549 ﬁlio,
1385 2485 1607 2540 nuntios
1643 2495 1747 2539 sta-

167 2576 263 2627 tim
310 2576 531 2631 mittere
554 2586 612 2630 et
639 2584 826 2630 votum
858 2574 974 2642 ejus
1004 2575 1232 2645 implere
1258 2576 1485 2630 studuit.
1526 2576 1628 2644 Qui
1664 2592 1754 2631 ve-

163 2664 389 2719 nientes
421 2667 489 2720 ad
521 2665 828 2736 sepulcrum
856 2665 1170 2722 obtulerunt
1192 2681 1227 2720 v
1256 2665 1422 2722 libras
1454 2666 1665 2736 argenti
1696 2674 1754 2723 et

165 2769 372 2810 aureos
414 2756 864 2827 quamplurimas,
923 2766 979 2812 et
1023 2761 1092 2813 de
1134 2773 1264 2813 cera
1309 2767 1570 2828 quantum
1613 2775 1754 2814 unus

167 2841 332 2900 fortis
376 2846 680 2900 saumarius
723 2856 943 2915 portare
972 2846 1177 2916 potuit;
1207 2855 1384 2901 mater
1404 2848 1568 2902 etiam
1596 2848 1750 2917 pueri

160 2932 415 2988 seorsum
442 2950 740 2991 aureorum
781 2936 1129 2991 denariorum
1175 2937 1372 2994 bonam
1412 2946 1621 3007 partem
1653 2954 1752 3009 pro

164 3022 281 3079 ﬁlio
322 3026 494 3081 misit.
537 3025 720 3097 Legati
773 3026 937 3082 etiam
977 3026 1150 3081 altare
1180 3026 1393 3083 Sanctae
1424 3028 1605 3083 Maria:
1626 3045 1748 3084 cum

163 3129 304 3171 auro
328 3126 384 3171 et
410 3118 532 3173 aliis
562 3118 952 3186 oblationibus,
990 3119 1131 3173 sicut
1157 3120 1237 3174 eis
1269 3128 1597 3190 prmceptum
1641 3130 1745 3186 est,

1867 1941 2071 1988 sanctae
2107 1934 2274 2001 Arne,
2301 1946 2363 1990 ut
2389 1938 2439 1992 ei
2469 1946 2797 1994 monstraret
2823 1940 2966 1995 unde
2988 1952 3282 2012 pergeret:
3314 1960 3437 1998 cum

1862 2034 2046 2080 autem
2079 2041 2140 2083 se
2172 2027 2240 2081 ad
2281 2027 2424 2083 illam
2466 2039 2723 2096 verteret,
2755 2033 2973 2087 maxilla
2996 2035 3062 2089 de
3083 2044 3301 2103 pectore
3329 2038 3440 2091 sol-

1859 2115 2109 2182 vebatur,
2160 2126 2216 2172 et
2257 2118 2471 2191 loquela
2512 2122 2562 2177 ei
2602 2121 2668 2177 ad
2707 2124 3142 2195 respondendum
3181 2143 3438 2185 concessa

1856 2216 1962 2264 est.

1928 2295 2117 2354 XXIV.
2141 2297 2368 2366 Quidam
2393 2315 2566 2357 ca‘cus
2589 2316 2710 2357 cum
2737 2304 3047 2373 perveniret
3069 2320 3192 2361 cum
3212 2306 3440 2363 ductore

1857 2402 1957 2444 suo
1982 2389 2048 2443 ad
2077 2387 2298 2445 ﬂuvium
2325 2392 2416 2461 qui
2441 2392 2639 2447 dicitur
2675 2392 2903 2463 Vindex,
2935 2396 3288 2469 interrogavit
3312 2414 3437 2453 eum

1857 2478 1901 2532 si
1928 2479 2106 2533 adhuc
2135 2479 2320 2534 videre
2343 2482 2609 2551 potuisset
2654 2484 2928 2539 civitatem
2955 2494 3009 2541 et
3026 2487 3435 2544 monasterium.

1854 2564 2100 2637 Cumque
2139 2569 2352 2624 audiret
2375 2570 2427 2624 in
2471 2571 2719 2642 proximo
2758 2573 2925 2629 fuisse
2950 2584 3193 2630 sanctum
3235 2577 3434 2644 locum,

1856 2659 2172 2717 abstrahere
2200 2662 2300 2718 sibi
2316 2661 2445 2719 fecit
2470 2663 2673 2735 caligas
2694 2673 2747 2720 et
2777 2672 3163 2735 calceamenta,
3186 2677 3245 2723 ut
3275 2671 3438 2725 nudiu

1855 2749 1981 2805 illuc
2004 2753 2315 2823 perveniret
2358 2753 2610 2824 pedibus;
2645 2754 2836 2810 ductor
2872 2766 3051 2811 autem
3079 2757 3221 2829 ejus,
3266 2756 3443 2831 raptis

1852 2841 2235 2900 calceamentis
2260 2854 2315 2900 et
2352 2846 2472 2902 aliis
2502 2844 2662 2903 rebus
2690 2847 2835 2919 ejus,
2868 2848 3066 2905 furtive
3096 2852 3322 2907 recessit
3366 2852 3438 2906 ab

1852 2948 1952 3001 eo,
1980 2935 2070 3005 qui
2100 2937 2374 2992 :estimans
2418 2946 2479 2992 ut
2524 2953 2623 3008 pro
2653 2939 2833 3009 aliqua
2884 2941 3226 2997 necessitatis
3268 2957 3432 2997 causa

1850 3025 2104 3096 oppidum
2133 3025 2287 3096 juxta
2325 3029 2487 3082 situm
2530 3028 2777 3096 intraret,
2811 3037 2866 3099 et
2892 3031 3074 3085 statim
3102 3030 3203 3097 sibi
3237 3047 3289 3088 tu
3334 3022 3433 3086 ad-

1848 3115 2112 3188 jutorium
2161 3119 2375 3174 rediret.
2414 3117 2656 3191 Cumque
2700 3118 2791 3174 diu
2816 3129 3181 3191 exspectaret,
3226 3121 3434 3180 vocil‘e-

163 3206 362 3264 devote
384 3208 769 3276 visitavemnt,
794 3185 1051 3265 similiter
1075 3220 1128 3264 et
1156 3185 1326 3267 altare
1354 3210 1565 3267 Sanctae
1584 3211 1745 3277 Afraz,
1778 3185 1821 3246 Ο
1861 3209 2034 3265 rando
2051 3223 2173 3264 eum
2198 3210 2477 3266 nominare
2499 3210 2662 3282 carpit
2683 3220 2743 3265 ut
2780 3212 3007 3267 veniret.
3037 3211 3254 3267 Interim
3267 3198 3433 3268 etiam

162 3304 222 3350 et
260 3308 627 3354 narraveruut
666 3315 766 3370 pro
802 3315 908 3370 qua
935 3315 997 3355 re
1024 3300 1175 3357 missi
1204 3309 1352 3368 sunt,
1382 3302 1628 3360 dicentes
1643 3319 1748 3359 an-

166 3397 388 3459 tequam
430 3392 531 3461 ipsi
575 3393 793 3448 exirent
824 3395 890 3449 de
917 3409 1016 3449 sua
1044 3395 1345 3463 provincia,
1368 3404 1428 3450 ut
1451 3395 1622 3452 ﬁlium
1649 3396 1749 3453 do-

174 3480 312 3532 mini
340 3481 422 3533 sni
453 3482 821 3536 an.bulantem
846 3491 902 3537 et
932 3498 1121 3538 sanum
1149 3484 1502 3541 dimitterent.

239 3567 383 3621 XXI.
451 3569 579 3624 Alio
619 3586 835 3639 quoque
891 3583 1133 3641 tempore
1175 3574 1393 3642 quidam
1439 3573 1548 3629 dux
1600 3573 1748 3630 Van-

168 3659 425 3711 dalornm
456 3657 604 3728 (65)
657 3658 879 3716 Hisiclto
903 3678 1025 3716 cum
1055 3662 1253 3732 sagitta
1278 3663 1515 3718 toxicata
1552 3664 1604 3718 in
1630 3665 1750 3719 bra-

163 3749 298 3804 chio
340 3748 655 3804 vulneratus
693 3759 802 3807 est.
850 3752 1105 3819 Quicum
1139 3755 1368 3809 sentiret
1392 3770 1511 3811 sese
1539 3771 1749 3812 veneno

164 3837 369 3892 nociva
412 3852 534 3894 esse
580 3853 929 3908 percussum,
976 3846 1029 3895 et
1081 3841 1186 3895 sibi
1234 3842 1518 3899 imminere
1558 3845 1748 3901 mortis

166 3929 457 3984 interitum
491 3931 681 3986 eadem
716 3931 846 3986 liora
888 3939 1126 4001 putaret,
1178 3947 1299 3988 cum
1338 3949 1531 4004 magna
1561 3936 1667 3991 lide
1695 3944 1749 3997 et

166 4020 479 4073 cmrstantia
524 4028 709 4075 votum
757 4022 944 4086 vovit,
1000 4031 1061 4078 ut
1102 4022 1386 4079 brachium
1431 4034 1746 4096 argenteum

165 4125 293 4164 cum
314 4126 499 4178 manu,
522 4113 845 4181 quantocius
862 4114 1148 4184 potuisset,
1171 4115 1237 4169 ad
1259 4124 1504 4171 sanctum
1530 4112 1747 4174 Udalri-i

165 4215 297 4254 eum
341 4204 559 4258 mittere
596 4219 700 4257 non
735 4203 998 4259 diﬁ‘erret.
1036 4205 1138 4272 Qui
1170 4207 1352 4261 statim
1394 4217 1519 4279 post
1555 4221 1743 4266 votum

167 4294 443 4349 relevatus
466 4311 495 4349 a
525 4296 765 4365 periculo
792 4298 861 4352 ad
892 4296 1112 4353 domum
1138 4311 1291 4352 suam
1321 4300 1503 4366 rediit,
1531 4310 1589 4356 et
1614 4301 1745 4356 bra-

166 4384 350 4438 chium
386 4385 682 4440 secundum
712 4401 869 4462 suum
899 4399 1082 4441 votum
1110 4402 1436 4459 componere
1466 4393 1737 4462 praecepit.

1851 3300 2103 3371 quaesivit
2148 3301 2410 3356 tabernas
2457 3310 2511 3356 et
2538 3301 2930 3368 calceamenta.
2963 3311 3019 3359 et
3058 3320 3165 3359 non
3206 3303 3430 3359 invenit.

1858 3391 2012 3447 Tunc
2033 3395 2306 3463 persensit
2348 3408 2378 3446 a
2408 3393 2634 3449 ductore
2656 3409 2753 3449 suo
2797 3409 2855 3450 se
2887 3410 3009 3451 esse
3034 3392 3430 3466 despoliatum;

1859 3481 2042 3538 ﬂendo
2068 3491 2123 3537 et
2151 3483 2356 3537 orando
2380 3481 2614 3538 clamare
2641 3482 2804 3553 coepit
2833 3484 2899 3539 ad
2921 3492 3165 3539 sanctam
3204 3483 3286 3538 Ma
3298 3484 3433 3539 riam

1813 3584 2099 3628 \matrem‘
2137 3573 2370 3639 Domini,
2393 3583 2448 3627 et
2491 3574 2560 3627 ad
2612 3583 2855 3629 sanctam
2885 3574 3091 3639 Arcam,
3125 3584 3180 3630 et
3208 3575 3274 3630 ad
3303 3591 3435 3631 san-

1847 3673 1995 3720 ctum
2024 3664 2359 3726 Udalricum,
2385 3672 2443 3718 ut
2475 3665 2579 3718 sibi
2607 3664 2822 3733 aliquod
2873 3665 3259 3721 consolationis
3305 3680 3434 3738 sup-

1848 3754 2180 3823 plementum
2203 3754 2464 3807 eveniret.
2508 3752 2566 3807 lu
2593 3753 2697 3807 hac
2722 3768 2847 3807 cum
2875 3755 3101 3824 prolixae
3127 3754 3433 3812 aﬁiictionis

1848 3847 2198 3903 tribulatione
2249 3846 2557 3913 laboraret,
2611 3846 2788 3903 subito
2845 3850 3088 3920 ignotum
3150 3854 3430 3929 conspexit

1845 3940 2017 3997 oculis
2046 3940 2249 4005 lumen,
2274 3949 2327 3996 et
2354 3942 2535 3996 statim
2570 3940 2844 3996 crucicula
2874 3942 2940 3997 de
2971 3943 3265 4000 viminibus
3288 3946 3430 4002 facta

1843 4033 2094 4088 eumdem
2125 4031 2402 4088 denotavit
2450 4031 2652 4097 locum,
2678 4042 2736 4087 et
2781 4040 2909 4088 tunc
2958 4032 3112 4089 ltetus
3159 4025 3429 4092 destinata

1844 4122 2084 4176 visitavit
2106 4120 2243 4186 loca,
2271 4122 2473 4191 gratias
2494 4122 2848 4193 omnipotenti
2878 4123 2987 4180 Deo
3006 4132 3063 4179 et
3083 4126 3287 4183 sanctis
3313 4126 3429 4195 ejus

1845 4228 2010 4285 agens
2043 4227 2141 4283 pro
2180 4211 2524 4283 perceptione
2552 4211 2802 4279 luminis;
2838 4213 2985 4269 cives
3012 4223 3193 4270 autem
3233 4217 3299 4270 de
3322 4216 3427 4273 Ilo-

1842 4307 2109 4364 varchusa
2137 4307 2189 4361 in
2210 4296 2402 4363 eodem
2432 4305 2551 4363 loco
2580 4307 2669 4364 ubi
2712 4308 3038 4365 cruciculam
3068 4318 3423 4368 monstratam

1845 4399 2190 4463 invenerunt,
2216 4396 2474 4467 majorem
2519 4413 2736 4455 crucem
2768 4415 2866 4471 pro
2908 4401 3066 4473 signo
3106 4414 3423 4473 posuerunt.

165 4475 413 4546 Cumque
465 4476 605 4531 labri
655 4456 937 4531 brachium
986 4456 1258 4535 fabricare
1304 4456 1593 4552 cuspis—sent
1618 4456 1659 4547 ,-
1687 4492 1742 4538 et
1769 4522 1819 4581 υ
1914 4487 2084 4543 XXV.
2145 4456 2389 4556 Quodam
2432 4496 2672 4559 tempore
2724 4456 2845 4545 cum
2899 4456 3130 4561 populus
3179 4505 3425 4549 curreret

166 4580 387 4624 manum
420 4571 473 4623 in
503 4584 570 4624 eo
603 4568 887 4638 ﬁngerent,
916 4570 1021 4624 dux
1050 4572 1306 4627 continuo
1333 4573 1400 4630 de
1434 4574 1735 4631 imminenti

165 4657 408 4724 periculo
445 4658 706 4714 liberatus
728 4660 1001 4725 surrexit,
1045 4660 1211 4716 Deum
1240 4661 1465 4716 laudans
1491 4664 1578 4732 qui
1610 4679 1733 4719 eum

166 4758 265 4814 per
295 4748 487 4803 merita
524 4749 605 4802 sui
653 4749 828 4804 sancti
872 4750 1107 4820 episcopi
1152 4751 1219 4805 de
1260 4752 1450 4808 mortis
1496 4754 1735 4823 periculo

168 4833 437 4903 liberavit,
484 4847 669 4892 votum
717 4854 874 4894 suum
923 4841 1245 4909 perﬁciens,
1295 4842 1555 4900 mittendo
1603 4845 1732 4900 bra-

165 4923 343 4979 Chium
362 4940 488 4981 eum
524 4941 686 4982 manu
716 4929 785 4983 ad
807 4929 907 5006 viri
937 4929 1109 4984 sancti
1134 4929 1461 4999 sepulcrum.
1504 4972 1511 4984 .

234 5016 399 5071 XXII.
437 5017 694 5083 Quadam
732 5020 928 5075 mulier
962 5021 1031 5076 de
1068 5021 1310 5077 Curieusi
1339 5022 1516 5089 Retia,
1545 5025 1731 5082 relicto

166 5104 386 5173 proprio
420 5106 642 5173 marito,
663 5110 876 5165 cuidam
898 5111 1016 5166 viro
1036 5110 1105 5167 de
1130 5127 1264 5183 pago
1295 5113 1598 5187 Albegcvve,
1624 5118 1731 5172 Du-

167 5194 280 5234 Ιιίηρ
328 5205 545 5234 νηρειιην
585 5200 640 5234 δη
677 5203 1079 5234 κιηιυῖινιῆηῖηηι
1125 5202 1301 5234 :nnnln
1356 5216 1431 5234 An.
1487 5207 1729 5234 Ρηη.κ..-

1844 4578 2076 4651 undique
2120 4579 2188 4633 ad
2238 4578 2535 4647 Augustam
2567 4579 2621 4633 in
2662 4580 2843 4649 vigilia
2890 4582 3189 4637 nativitatis
3221 4595 3424 4641 sancta:

1842 4669 2043 4733 Mariae,
2078 4679 2139 4724 ut
2168 4679 2412 4725 sanctum
2436 4669 2577 4724 diem
2608 4669 2680 4724 ibi
2714 4669 3029 4726 solemniter
3050 4671 3427 4740 celebrarent,

1839 4762 2083 4832 quaadam
2111 4761 2307 4817 mulier
2337 4761 2478 4816 inter
2517 4760 2652 4816 alios
2677 4777 2799 4817 eum
2828 4762 3052 4832 puerulo
3079 4778 3175 4819 suo
3195 4776 3420 4835 parvum

1841 4852 2048 4905 studuit
2069 4860 2121 4906 et
2150 4851 2278 4906 illuc
2300 4850 2508 4918 venire,
2534 4861 2592 4905 ut
2616 4850 2764 4906 illum
2801 4853 2867 4907 ad
2919 4854 3221 4923 sepulcrum
3245 4860 3415 4914 sancti

1842 4938 2077 4995 Udalrici
2103 4955 2227 4994 cum
2246 4940 2610 4996 oblationibus
2639 4940 2712 4997 ibi
2742 4944 3181 5014 prmponderaret
3204 4963 3300 5017 pro
3322 4964 3418 5003 sua

1836 5030 2119 5100 sospitate.
2148 5028 2392 5101 Cumque
2419 5045 2583 5101 super
2617 5042 2840 5102 pontem
2888 5031 3127 5089 Vindicis
3156 5050 3418 5108 carpento

1835 5122 2231 5192 superpositum
2262 5122 2547 5192 puerulum
2577 5138 2698 5178 cum
2744 5124 2863 5181 aliis
2889 5124 3050 5179 rebus
3091 5126 3294 5182 dueere
3323 5145 3419 5181 vo-

1844 5212 2028 5234 ‘--3---I
2088 5225 2182 5234 -..Α
2214 5211 2569 5234 ξημ-.-..18ι-δι-
2601 5218 2773 5234 ..ρ-ιιν
2846 5222 3089 5234 Αδ-..---ο-
3143 5213 3183 5234 Ξμ
3213 5216 3267 5234 ξπ·
3320 5232 3327 5233 κ
3349 5225 3359 5234 ι

2088 5225 2182 5234 -..Α
2215 5220 2569 5234 in“-.--IZ--H-
2601 5220 2773 5234 _-_n',
2846 5229 2962 5234 Α»-..
