3972 5428
545 362 705 424 ἸὺὖἽ
1567 358 1647 420 '5.
1687 360 2008 423 UDALMCI
2040 363 2134 421 ’.λυ

2234 356 2445 423 ῈΤΆΧῙ
2486 359 2811 426 EPISCOPI.
3670 362 3813 420 {008

542 484 681 541 *tur,
712 472 889 547 papnli
918 471 973 529 in
1000 481 1228 544 utraque
1247 479 1399 543 parte
1425 471 1660 527 ﬂuminis
1688 474 1741 528 iu
1775 473 1887 543 ripa
1919 471 2138 527 festina-
2164 477 2211 535 Α
2239 480 2449 544 gustatu
2462 470 2731 528 civitatem
2756 483 2919 526 causa
2948 467 3547 542 orationis,quemdam
3560 466 3805 526 claudunt

504 610 505 613 η
536 575 764 621 :verunt
794 566 847 619 in
887 563 1212 633 adjutorium
1260 564 1502 619 infantis.
1521 576 1531 583 "
1554 562 1655 631 Qui
1712 578 1835 618 cum
1864 578 1893 616 a
1923 562 2140 617 nemine
2240 562 2716 633 eleemosynarium
2743 561 3262 633 prrecepiticomitari
3290 575 3510 627 secum;
3538 561 3693 632 cujus
3720 576 3809 617 ca-

540 642 756 711 "eorum
805 652 1049 722 adjuvari
1099 652 1392 723 potuisset,
1437 649 1657 706 ﬂumine
1714 650 2026 705 submersus
2069 649 2139 703 ab
2238 652 2438 709 ballum
2469 652 2952 708 duobusministris
2983 651 3811 721 suisrcomtnendavitmtpedes

567 745 738 800 oculis
764 744 1004 799 onmium
1049 741 1438 798 occultabatur.
1470 740 1643 795 Mater
1680 748 1855 795 autem
1884 739 1954 794 ab
1979 751 2138 792 amne
2237 743 2372 812 ejus,
2397 742 2555 799 sicuti
2604 757 2721 798 mos
2778 753 2861 799 est
2901 744 3265 815 pergentibus,
3329 742 3477 798 ferro
3505 730 3805 797 munirent.

536 834 619 889 ivi
652 835 905 899 abducta,
936 840 990 889 et
1035 842 1295 902 quantum
1339 829 1595 901 possibile
1638 828 1740 883 fuit
1771 826 2137 883 consolatione
2237 836 2338 903 Qui
2370 833 2737 889 fraudulenter
2764 833 2926 903 pedes
2949 832 3138 889 caballi
3165 847 3288 888 cum
3332 831 3504 888 clavis
3546 830 3806 887 γυιηεη.

534 934 809 993 ’κτεοουιεῃ
834 921 1015 977 flendo
1043 931 1103 977 et
1122 921 1467 976 lamentando
1504 917 1826 988 adiutorium
1852 916 2134 973 sanetissi-

2235 934 2451 990 verunt,
2480 940 2546 980 ne
2564 924 2779 980 delator
2799 939 2985 980 eorum
3034 925 3088 979 in
3119 924 3313 980 itinere
3335 932 3555 979 actuum
3586 935 3809 978 suorum

565 1028 668 1068 ma:
725 1012 819 1066 Dei
881 1012 1160 1083 genitricis
1207 1010 1391 1065 Mariae
1436 1008 1700 1079 imprimis
1764 1007 2034 1078 quaesivit,
2082 1013 2138 1062 et

558 1115 750 1175 postea
773 1106 839 1160 ad
874 1104 1177 1175 sepulcrum
1208 1103 1376 1159 sancti
1405 1102 1641 1157 Udalrici
1686 1116 1806 1157 eum
1847 1100 2136 1156 oblationi-

564 1197 668 1251 bus
688 1212 824 1267 quas
862 1206 1016 1251 antea
1047 1210 1144 1266 pro
1189 1196 1451 1264 sospitate
1486 1194 1577 1249 filii
1617 1194 1700 1249 sui
1745 1192 1872 1249 illuc
1923 1192 2136 1249 deferre

538 1289 830 1354 rdecrevit,
871 1297 927 1344 et
979 1303 1072 1343 eas
1116 1302 1214 1358 pro
1257 1287 1447 1358 requie
1500 1288 1693 1341 animae
1749 1286 1960 1358 pueruli
2010 1302 2134 1342 cum

537 1379 704 1431 'hona
739 1378 843 1432 fide
870 1378 1107 1432 donavit.
1159 1376 1418 1447 Sequenti
1466 1392 1594 1432 vero
1622 1384 1778 1431 nocte
1816 1391 1937 1431 cum
1972 1377 2136 1431 triste

564 1483 763 1539 corpus
790 1469 1030 1524 mulieris
1067 1483 1228 1538 sopor
1261 1477 1567 1537 occuparet,
1617 1467 1833 1536 quidam
1866 1465 2018 1521 valde
2036 1480 2133 1520 ve-

565 1548 824 1614 nerabilis
850 1575 1037 1624 senex,
1064 1560 1116 1613 in
1142 1560 1335 1615 vestitu
1357 1560 1668 1629 episcopali,
1694 1560 1944 1628 apparuit
1969 1559 2138 1624 ei,di-

562 1665 719 1706 cens:
740 1668 758 1701 ι
777 1649 1009 1706 Paenitet
1033 1666 1100 1704 ne
1125 1660 1195 1715 te,
1221 1650 1432 1715 mulier,
1458 1651 1611 1704 valde
1635 1650 1926 1704 infantulus
1948 1650 2128 1704 tuus?»

561 1743 691 1809 Quae
712 1742 1023 1812 respondit:
1062 1760 1080 1792 ι
1111 1742 1315 1808 Etiam,
1343 1742 1576 1797 domine.
1602 1761 1620 1794 ι
1648 1742 1744 1796 Cui
1779 1741 1869 1796 ille
1895 1757 1910 1796 :
1942 1760 1962 1793 ι
1981 1741 2134 1795 Mane

2236 1034 2337 1088 pro
2366 1017 2628 1072 fidelitate
2655 1015 2889 1071 domime
2924 1028 3052 1079 suae,
3084 1014 3225 1069 sicut
3248 1013 3437 1069 solitus
3456 1021 3600 1077 erat,
3626 1024 3811 1066 mane-

2234 1116 2340 1163 ret.
2374 1107 2747 1176 Dixeruntque
2771 1104 2997 1163 claudo:
3031 1124 3049 1157 ι
3083 1104 3334 1161 Caballus
3356 1112 3490 1160 tuus
3520 1103 3810 1169 claudicat,

2232 1206 2291 1253 et
2315 1197 2533 1253 ideohie
2551 1206 2603 1252 te
2630 1210 2853 1251 necesse
2877 1205 2960 1251 est
2984 1209 3286 1269 remanere.
3306 1214 3325 1247 ι
3354 1194 3562 1262 Quibus
3585 1192 3814 1249 claudus

2236 1289 2568 1358 respondens
2589 1289 2720 1343 dixit
2745 1287 3061 1354 “Quamvis
3071 1285 3310 1343 caballus
3329 1286 3616 1350 claudicet,
3630 1294 3810 1340 tamen

2236 1394 2341 1433 non
2365 1385 2645 1434 consentio
2686 1378 2776 1433 hic
2806 1391 2893 1431 me
2938 1391 3267 1441 remanere;
3302 1376 3394 1446 qui
3422 1376 3604 1430 omnia
3634 1383 3814 1445 potest

2236 1468 2922 1538 Deusomnipotens,etiam
2946 1482 3034 1522 me
3058 1467 3223 1533 valet,
3248 1466 3501 1523 sicutsibi
3528 1465 3811 1536 placet,ad

2236 1560 2350 1615 loca
2378 1559 2674 1630 perducere
2695 1562 2979 1617 destinata.
2995 1578 3014 1613 ι
3032 1559 3275 1630 Cumque
3302 1575 3424 1615 cum
3447 1558 3570 1615 aliis
3591 1572 3815 1629 pergere

2226 1651 2506 1718 coepisset,
2524 1663 2656 1703 sano
2676 1658 2728 1703 et
2750 1658 2876 1719 apto
2904 1648 3109 1703 caballo
3129 1649 3195 1704 ad
3220 1632 3519 1719 Angustam
3545 1647 3815 1718 pervenit.

2236 1735 2479 1808 Cumque
2508 1737 2580 1792 ibi
2623 1739 2689 1794 ad
2716 1738 3022 1809 sepulcrum
3060 1740 3235 1795 sancti
3280 1738 3520 1795 Udalrici
3563 1739 3813 1793 devotam

563 1830 821 1895 diluculo,
850 1832 1042 1902 inquit,
1073 1834 1208 1886 vade
1248 1835 1315 1887 ad
1343 1831 1661 1898 ﬂuvittm,*et
1683 1832 1771 1885 ubi
1804 1831 1988 1886 ultima
2022 1832 2135 1886 vice
2166 1852 2214 1912 Β
2242 1831 2537 1886 orationem
2582 1832 2945 1904 prolongaret,
2972 1842 3025 1887 et
3054 1833 3209 1887 firma
3255 1832 3358 1887 fide
3406 1846 3508 1901 pro
3556 1832 3815 1901 sospitate

559 1926 617 1978 in
650 1925 809 1980 ainne
830 1922 1124 1987 videretur,
1147 1938 1328 1994 quaere
1360 1937 1483 1978 eum
1513 1923 1566 1978 in
1593 1922 1708 1992 ripa
1736 1921 2139 1977 lluminisinter

490 2026 491 2029 ‘
560 2014 803 2069 frutices.
838 2031 857 2066 ι
899 2012 1029 2080 Qua:
1060 2011 1435 2083 expergefacta
1460 2004 1747 2065 venturum
1767 2024 1899 2066 eras
1926 2012 2014 2069 vix
2049 2027 2143 2067 ex-

536 2104 808 2173 5spectans
828 2116 951 2156 cum
977 2100 1356 2170 adjuvantibus
1382 2101 1484 2156 sibi
1514 2101 1686 2171 ripam
1730 2099 1966 2155 ﬂuminis
1988 2100 2138 2167 adiit,

559 2205 615 2248 et
660 2191 960 2249 secundum
1014 2192 1238 2247 verbum
1295 2191 1471 2247 sancti
1513 2191 1615 2246 viri
1664 2190 1926 2247 infantem
1983 2206 2140 2245 suum

530 2300 751 2341 “sanum
800 2292 856 2340 et
924 2282 1246 2339 incolumem
1322 2283 1549 2337 invenit.
1607 2280 1758 2337 Tunc
1803 2283 1919 2335 la-ta
1971 2282 2140 2336 Deum

533 2377 788 2433 -laudans
821 2377 999 2444 rediit,
1029 2387 1085 2431 et
1122 2390 1234 2431 rem
1282 2384 1488 2448 gestam
1520 2376 1571 2430 iu
1609 2376 1829 2430 civitate
1865 2387 1919 2430 et
1945 2375 2141 2445 ubique

553 2470 835 2526 recitavit.

540 2584 543 2589 ’
587 2588 825 2646 ξ’Χχγι.
866 2590 1106 2658 Quidam
1148 2606 1274 2647 vero
1298 2591 1459 2647 homo
1474 2590 1630 2660 juxta
1663 2591 1984 2657 Danubium,
2015 2606 2139 2646 cum

512 2677 1050 2750 «zcuttctuspopulus
1070 2695 1166 2734 sua
1193 2691 1383 2750 sponte
1427 2667 1730 2734 natalitium
1773 2681 1947 2735 sancti
1980 2678 2139 2735 Uital-

557 2771 656 2826 rici
688 2766 1005 2826 solemniter
1031 2771 1350 2838 celebraret,
1372 2771 1555 2827 fenum
1591 2788 1713 2828 cum
1745 2771 1979 2826 rastellis
2009 2786 2138 2825 con-

560 2860 805 2932 gregavit
830 2860 886 2915 in
912 2861 1177 2927 cumulos,
1211 2861 1352 2916 diem
1387 2870 1635 2915 sanctum
1686 2862 2006 2931 spernendo.
2033 2858 2134 2926 Qui

555 2968 677 3005 eum
702 2951 868 3006 altera
905 2951 992 3005 die
1026 2966 1150 3005 cum
1180 2950 1436 3021 plaustris
1469 2952 1697 3015 veniret,
1736 2963 1793 3004 ιιι
1829 2952 1930 3006 hoc
1973 2951 2025 3004 in
2060 2950 2137 3006 fe-

561 3041 774 3095 narium
799 3057 953 3096 suum
998 3042 1237 3105 duceret,
1282 3041 1519 3095 exterius
1552 3040 1844 3094 formosum
1895 3037 2129 3104 invenit;

522 3170 531 3175 .
557 3147 679 3185 cum
702 3140 880 3187 autetu
906 3132 1106 3187 bibenti
1134 3131 1277 3201 ligno
1306 3132 1532 3187 interius
1586 3139 1849 3201 tangeret,
1885 3138 2052 3185 totum
2077 3130 2129 3184 in

532 3220 765 3277 favillas
795 3222 1135 3276 immutatum
1176 3222 1402 3287 invenit,

554 3323 716 3366 antea
770 3313 1046 3368 celebrare
1095 3313 1286 3380 noluit,
1343 3324 1527 3384 pustea
1573 3328 1684 3381 pra:
1748 3314 1939 3366 timore
2002 3326 2133 3366 con-

534 3404 800 3458 itemucre
838 3418 942 3459 non
966 3404 1214 3458 audebat.

598 3526 837 3583 lXX—Vil.
878 3526 1085 3582 Eodem
1128 3538 1257 3581 vero
1317 3532 1556 3594 tempore
1605 3522 1799 3580 ancilla
1855 3523 2133 3596 cujusdam

557 3629 846 3686 matronae,
867 3619 1094 3676 Gerbire
1126 3617 1260 3691 .{al.,
1288 3617 1573 3690 Gerbirch]
1601 3629 1935 3689 nuncupaue,
1970 3618 2135 3672 telum

557 3727 741 3778 suum,
772 3713 897 3767 dum
929 3711 982 3766 itt
1018 3711 1246 3766 texendo
1276 3709 1562 3775 laboraret,
1596 3711 1808 3765 subitus
1850 3710 2005 3764 dolor
2023 3723 2133 3764 cte-

553 3803 636 3873 pit
664 3802 990 3858 contrahere
1020 3816 1210 3856 manus
1243 3799 1411 3871 ejus;
1441 3800 1584 3869 quod
1628 3815 1749 3865 cum
1795 3798 2136 3853 lamentando

532 3892 684 3949 aliis
700 3893 923 3957 diceret,
938 3892 1329 3961 responderunt
1352 3890 1398 3946 ei
1418 3907 1430 3944 :
1453 3908 1470 3942 ι
1492 3891 1706 3959 Depone
1730 3888 2134 3953 texile-ferrum,

546 3985 680 4055 Quia
711 3999 810 4054 pro
833 3996 990 4048 reatu,
1012 3983 1256 4037 hodierni
1279 3983 1456 4052 operis
1479 3982 1568 4036 hic
1588 3981 1738 4036 labor
1755 3981 1850 4036 tibi
1875 3980 2069 4035 accidit
2085 3997 2132 4044 ς»

548 4090 678 4143 qua:
699 4074 787 4128 vix
810 4075 1057 4130 manibus
1082 4073 1150 4127 de
1182 4074 1327 4128 ferro
1367 4071 1631 4126 absolutis
1663 4071 1860 4126 lectum
1882 4071 2135 4125 intravit.

532 4162 800 4233 Cumque
840 4163 913 4218 ibi
970 4163 1211 4233 requiem
1266 4177 1371 4216 non
1423 4163 1692 4227 haberet,
1759 4177 1868 4231 pra:
1920 4170 2139 4216 contra-

556 4252 739 4308 ctione
766 4267 1049 4316 manuum,
1073 4267 1348 4308 conserva:
1373 4253 1487 4321 ejus
1536 4251 1918 4305 nuntiaverunt
1958 4251 2137 4304 domi-

555 4358 641 4400 na:
673 4357 783 4396 sum
808 4359 820 4395 :
848 4341 934 4395 illa
969 4358 1094 4395 vero
1152 4342 1400 4412 prmcepit
1431 4350 1489 4395 ut
1519 4356 1676 4394 ntane
1703 4339 1935 4395 diluculo
1978 4341 2139 4393 duce-

555 4440 712 4489 retur
723 4446 834 4501 pro
864 4431 1182 4500 liberatione
1211 4445 1309 4485 sua
1337 4430 1740 4501 adsepulcrum
1769 4431 1942 4484 sancti
1970 4428 2134 4486 Udal-

2243 1934 2341 1975 sua
2378 1921 2719 1977 clementiam
2753 1923 2845 1978 Dei
2892 1923 3226 1993 imploraret,
3262 1923 3314 1978 itt
3352 1923 3646 1980 ortesentia
3678 1924 3813 1977 mut-

2244 2020 2420 2067 torum
2450 2016 2669 2070 sanitati
2703 2017 2943 2073 redditus
2989 2025 3090 2072 est.
3145 2015 3257 2072 lioc
3305 2016 3560 2071 videntes
3608 2015 3812 2085 prrfati

2242 2103 2486 2160 homines
2512 2106 2602 2176 qui
2636 2106 2899 2178 impedire
2918 2107 3022 2162 iter
3050 2106 3167 2175 ejus
3189 2107 3240 2161 in
3270 2106 3481 2163 caballo
3505 2106 3811 2167 voluerunt,

2241 2195 2551 2251 ceciderunt
2612 2198 3320 2264 terratenus,cenlitemes
3377 2197 3595 2253 clericis
3657 2207 3814 2251 caete-

2240 2284 2424 2354 risque
2448 2289 2537 2357 qui
2568 2287 2620 2342 in
2654 2289 2938 2360 praesentia
2970 2290 3195 2345 aderant
3227 2289 3421 2345 delicta
3453 2305 3575 2353 sua,
3605 2290 3813 2344 veniant

2240 2376 2593 2445 postulantes,
2628 2380 2770 2449 quod
2797 2379 3192 2435 eumclaudum
3238 2381 3499 2450 impedire
3529 2378 3815 2433 voluerunt

2238 2480 2305 2519 ne
2331 2467 2636 2535 perveniret
2679 2468 2747 2523 ad
2795 2465 2993 2535 locum,
3043 2469 3131 2523 ubi
3172 2469 3446 2523 Dominus
3493 2484 3595 2538 per
3620 2467 3811 2523 merita

2238 2557 2408 2611 sancti
2440 2557 2676 2614 Udalrici
2705 2575 2827 2614 eum
2858 2574 3050 2615 sanare
3094 2560 3344 2630 dignatus
3373 2568 3481 2615 est.
3505 2560 3571 2613 Et
3597 2568 3809 2628 accepta

2236 2647 2555 2717 pmuitentia
2610 2651 2783 2705 secuti
2827 2660 2955 2706 sunt
3003 2650 3254 2705 claudum
3299 2659 3552 2704 sanatum
3593 2663 3806 2704 crucem

2236 2748 2564 2808 portantem,
2596 2750 2824 2810 uterque
2844 2756 3032 2796 saxum
3086 2750 3248 2794 tanta:
3277 2738 3670 2810 magnitudinis
3691 2753 3807 2809 por-

2239 2839 2358 2885 tans
2379 2839 2639 2900 quantum
2667 2830 2843 2886 levare
2882 2831 3079 2900 potuit,
3104 2845 3275 2900 usque
3297 2830 3351 2883 in
3373 2828 3666 2883 ecclesiam
3688 2842 3807 2881 san-

2234 2931 2336 2978 ctae
2369 2921 2462 2978 Dei
2501 2922 2791 2980 Genitricis
2838 2922 3040 2987 Marine,
3071 2937 3191 2991 qua:
3217 2931 3300 2977 est
3326 2920 3430 2974 sita
3478 2919 3534 2973 in
3561 2920 3801 2982 civitate;

2234 3012 2416 3084 ibique
2444 3022 2663 3083 peccata
2684 3025 2782 3069 sua
2815 3012 3253 3068 lamentabantur
3299 3013 3533 3065 multum
3588 3024 3709 3063 eum
3736 3008 3804 3062 la-

2234 3103 2437 3174 crymis
2468 3104 2680 3158 veniam
2703 3101 3057 3173 postulantes.
3082 3101 3324 3170 Cumque
3358 3101 3463 3155 hoc
3501 3100 3713 3169 signum
3755 3099 3802 3151 in

1443 3232 1499 3275 οι
1523 3221 1662 3275 diem
1680 3189 1936 3275 gantiam
1970 3233 2132 3289 quem
2158 3204 2203 3267 ο
2220 3195 2518 3264 .prazsentia
2540 3194 2780 3249 omnium
2807 3194 3088 3250 recitatum
3116 3193 3326 3255 fuisset,
3354 3191 3540 3246 clerici
3557 3189 3629 3244 Te
3650 3189 3799 3244 Dem

2220 3285 2539 3350 Διιιιιιιιιηιιιε,
2571 3293 2625 3340 et
2653 3283 2833 3356 populi
2863 3282 3023 3354 Kyrie
3045 3281 3236 3338 eleisou
3281 3289 3592 3345 cantantes,
3615 3279 3801 3350 gratias

2215 3387 2290 3433 et
2315 3379 2499 3432 laudes
2526 3379 2636 3432 Deo
2671 3375 3007 3432 referebant.
3076 3398 3097 3409 --

2304 3466 2494 3522 XXIX.
2519 3466 2744 3533 Quidam
2775 3466 2936 3521 homo
2964 3465 3201 3536 juvenis,
3231 3463 3514 3536 cujusdam
3554 3462 3697 3517 titius
3722 3474 3802 3516 co-

2215 3561 2396 3622 mitis,
2425 3568 2574 3615 tanta
2606 3559 2921 3614 inlirmitate
2954 3567 3039 3613 est
3074 3558 3345 3619 detentus,
3374 3564 3435 3610 ut
3464 3568 3566 3609 nec
3595 3554 3651 3607 in
3678 3552 3804 3607 tecto

2217 3654 2340 3708 nisi
2371 3654 2440 3708 ab
2487 3652 2610 3708 aliis
2645 3651 3065 3706 adminiculatus
3113 3651 3165 3704 itt
3197 3648 3340 3704 aliud
3371 3648 3447 3704 se
3472 3655 3694 3703 vertere
3719 3659 3803 3715 po-

2238 3746 2428 3802 tuisset
2450 3744 2618 3810 latus,
2638 3759 2745 3799 nec
2772 3740 3145 3798 eibumntulto
3167 3752 3407 3809 tempore
3435 3738 3645 3792 valeret
3672 3735 3801 3790 acci-

2228 3852 2385 3909 pere,
2432 3836 2536 3892 nisi
2582 3835 2770 3906 paucis
2809 3833 3002 3889 oblatis
3055 3830 3467 3887 refocillaretur.
3504 3827 3644 3883 Cum
3684 3838 3804 3880 vero

2234 3927 2459 3982 immani
2490 3926 2673 3980 labore
2697 3925 3029 3995 fatigaretur,
3056 3937 3112 3982 ,a
3153 3919 3399 3975 fidelibus
3428 3918 3545 3972 suis
3586 3917 3641 3970 in
3674 3916 3801 3970 lecto

2238 4018 2305 4073 ad
2331 4016 2637 4088 sepulcrum
2687 4015 2858 4070 sancti
2890 4012 3124 4070 Udalrici
3162 4011 3427 4066 deductus
3453 4017 3561 4070 est,
3584 4005 3803 4061 oblatio-

2228 4108 2399 4162 nibus
2434 4107 2632 4162 oblatis
2674 4103 3100 4176 lacrymabiliter
3135 4101 3204 4156 ibi
3257 4098 3689 4155 misericordiam
3714 4096 3802 4152 de-

2216 4206 2494 4268 precatus
2517 4206 2619 4252 est.
2648 4194 2891 4264 Cumque
2904 4208 3034 4248 eum
3066 4192 3118 4246 in
3140 4190 3284 4246 tecto
3309 4189 3377 4243 ad
3415 4187 3680 4244 Sanctam
3699 4185 3802 4239 Ila-

2220 4293 2373 4348 ‘riam
2409 4299 2629 4360 portare
2658 4290 2971 4358 cmpissent,
3010 4286 3063 4341 in
3092 4284 3377 4340 medietate
3401 4282 3503 4336 vite
3528 4280 3697 4350 cepit
3724 4290 3802 4353 r9-

2217 4395 2366 4450 vgare
2387 4387 2664 4451 portantes
2685 4389 2746 4432 ut
2783 4377 3143 4446 deponeretur
3164 4374 3240 4453 ad
3273 4372 3684 4428 ambulandum.
3706 4366 3801 4434 Qui

2239 4490 2345 4529 non
2372 4474 2658 4529 credentes
2687 4487 2810 4528 eum
2856 4485 3019 4540 posse
3045 4468 3350 4527 ambulare,
3377 4464 3668 4520 noluerunt
3713 4461 3802 4515 de-

546 4522 1494 4635 Alfi,",ltziire__l:is,m_
2164 4544 2211 4603 D
2236 4579 2459 4635 ponere.
2486 4563 2566 4617 Ad
2588 4572 2798 4633 portam
2838 4522 2969 4616 vero
3005 4559 3252 4616 ‘civitatis
3279 4558 3472 4611 iterum
3514 4553 3725 4625 rogavit
3746 4556 3797 4603 ut

557 4616 614 4671 in
637 4616 860 4687 planitie
883 4615 1207 4671 Lecltfeldici
1256 4615 1428 4685 campi
1471 4614 1538 4669 ad
1585 4612 1873 4668 relicienda
1904 4627 2130 4682 corpora

534 4707 956 4777 consedissent,
988 4706 1142 4763 dolor
1174 4708 1338 4778 coepit
1370 4706 1536 4760 minui
1589 4706 1645 4760 in
1687 4704 1936 4759 manibus
1982 4703 2127 4758 labo-

566 4800 773 4873 rantis,
796 4800 871 4857 ita
898 4807 958 4853 ιιι
979 4808 1267 4869 antequam
1301 4800 1368 4853 de
1397 4798 1510 4866 ipso
1536 4797 1654 4852 loco
1681 4804 1983 4866 surgerent,
2009 4794 2128 4849 usui

554 4894 755 4966 prioris
785 4878 1123 4950 rectitudinis
1150 4893 1522 4947 redderentur.
1543 4890 1673 4958 Quae
1700 4899 1826 4943 tunc
1848 4888 1983 4942 hette
2006 4903 2131 4957 per-

558 4992 824 5026 velim-unt
854 4986 922 5026 ml
952 4984 1390 5026 Wilpetinnlmn
1433 4983 1606 5026 lnmtm
1627 5021 1640 5026 -
1673 4989 1728 5026 et
1764 4980 1887 5026 inde.
1914 4981 1966 5026 in
1995 4980 2128 5026 civi-

2230 4655 2615 4725 deponeretur,
2646 4652 2830 4706 dicens
2860 4666 2919 4706 se
2952 4663 3114 4720 posse
3140 4645 3438 4702 ambulare.
3464 4643 3571 4711 Qui
3612 4641 3798 4697 iterum

2231 4761 2279 4801 et
2306 4761 2410 4800 non
2434 4753 2841 4801 consenserunt.
2872 4743 2953 4797 Ad
3003 4740 3203 4812 gradus
3246 4753 3376 4794 vero
3413 4736 3536 4790 atrii
3565 4731 3798 4790 ecclesia

2232 4852 2352 4891 cum
2379 4835 2699 4906 perveniret,
2741 4835 2795 4888 in
2819 4834 3038 4888 nomine
3068 4830 3159 4885 Dei
3181 4825 3596 4897 omnipotentis,
3618 4834 3796 4878 omnes

2231 4924 2286 4979 in
2306 4939 2590 4979 commune
2611 4922 2869 4993 ﬂagitavit
2897 4930 2973 4985 ut,
3000 4917 3244 4989 deposito
3265 4916 3429 4979 lecto,
3460 4927 3585 4968 eum
3617 4910 3799 4967 ambu-
