  <div class='ocr_page' id='page_1' title='image "/cluster/home/n/w/nwhite01/storage/ocr_20150623/135/hvd.32044015471758/543.png"; bbox 0 0 3972 5428; ppageno 0'>
   <div class='ocr_carea' id='block_1_1' title="bbox 458 242 629 338">
    <p class='ocr_par' dir='ltr' id='par_1_1' title="bbox 458 242 629 338">
     <span class='ocr_line' id='line_1_1' title="bbox 458 242 629 338; baseline -0.012 0"><span class='ocrx_word' id='word_1_1' title='bbox 458 282 501 338; x_wconf 63' lang='grc' dir='ltr'>τι</span> <span class='ocrx_word' id='word_1_2' title='bbox 511 242 629 337; x_wconf 69' lang='lat' dir='ltr'><strong>aa}</strong></span> 
     </span>
    </p>
   </div>
   <div class='ocr_carea' id='block_1_2' title="bbox 1482 273 2700 335">
    <p class='ocr_par' dir='ltr' id='par_1_2' title="bbox 1482 273 2700 335">
     <span class='ocr_line' id='line_1_2' title="bbox 1482 273 2700 335; baseline 0 -2"><span class='ocrx_word' id='word_1_3' title='bbox 1482 277 1539 333; x_wconf 73' lang='lat'><strong>8.</strong></span> <span class='ocrx_word' id='word_1_4' title='bbox 1585 273 1901 334; x_wconf 70' lang='lat' dir='ltr'><strong>UDALRlCl</strong></span> <span class='ocrx_word' id='word_1_5' title='bbox 1941 274 2336 335; x_wconf 69' lang='lat' dir='ltr'><strong>AUGUS&#39;FANI</strong></span> <span class='ocrx_word' id='word_1_6' title='bbox 2378 274 2700 333; x_wconf 75' lang='lat' dir='ltr'><strong>El‘iSCOPl.</strong></span> 
     </span>
    </p>
   </div>
   <div class='ocr_carea' id='block_1_3' title="bbox 3593 236 3724 335">
    <p class='ocr_par' dir='ltr' id='par_1_3' title="bbox 3593 236 3724 335">
     <span class='ocr_line' id='line_1_3' title="bbox 3593 236 3724 335; baseline 0.023 -3"><span class='ocrx_word' id='word_1_7' title='bbox 3593 236 3724 335; x_wconf 69' lang='lat' dir='ltr'><strong>tota</strong></span> 
     </span>
    </p>
   </div>
   <div class='ocr_carea' id='block_1_4' title="bbox 480 390 3729 463">
    <p class='ocr_par' dir='ltr' id='par_1_4' title="bbox 480 390 3729 463">
     <span class='ocr_line' id='line_1_4' title="bbox 480 390 3729 463; baseline 0.001 -15"><span class='ocrx_word' id='word_1_8' title='bbox 480 397 613 455; x_wconf 83' lang='lat' dir='ltr'><strong>tari.</strong></span> <span class='ocrx_word' id='word_1_9' title='bbox 644 407 705 461; x_wconf 81' lang='lat' dir='ltr'><strong>ut</strong></span> <span class='ocrx_word' id='word_1_10' title='bbox 741 395 993 450; x_wconf 88' lang='lat' dir='ltr'><strong>latentem</strong></span> <span class='ocrx_word' id='word_1_11' title='bbox 1024 406 1328 448; x_wconf 80' lang='lat' dir='ltr'><strong>sermonem</strong></span> <span class='ocrx_word' id='word_1_12' title='bbox 1353 392 1605 448; x_wconf 88' lang='lat' dir='ltr'><strong>omnibus</strong></span> <span class='ocrx_word' id='word_1_13' title='bbox 1628 390 1993 463; x_wconf 79' lang='lat' dir='ltr'><strong>pastoralibus</strong></span> <span class='ocrx_word' id='word_1_14' title='bbox 2015 391 2236 463; x_wconf 71' lang='lat' dir='ltr'><strong>synodi:</strong></span> <span class='ocrx_word' id='word_1_15' title='bbox 2265 391 2606 450; x_wconf 80' lang='lat' dir='ltr'><strong>celebrandis</strong></span> <span class='ocrx_word' id='word_1_16' title='bbox 2657 394 3023 458; x_wconf 85' lang='lat' dir='ltr'><strong>utilissimum,</strong></span> <span class='ocrx_word' id='word_1_17' title='bbox 3077 409 3108 450; x_wconf 87' lang='lat' dir='ltr'><strong>e</strong></span> <span class='ocrx_word' id='word_1_18' title='bbox 3146 395 3384 451; x_wconf 86' lang='lat' dir='ltr'><strong>tenebris</strong></span> <span class='ocrx_word' id='word_1_19' title='bbox 3412 402 3635 449; x_wconf 84' lang='lat' dir='ltr'><strong>erutum</strong></span> <span class='ocrx_word' id='word_1_20' title='bbox 3678 396 3729 451; x_wconf 77' lang='lat' dir='ltr'><strong>in</strong></span> 
     </span>
    </p>
   </div>
   <div class='ocr_carea' id='block_1_5' title="bbox 458 459 3733 535">
    <p class='ocr_par' dir='ltr' id='par_1_5' title="bbox 458 459 3733 535">
     <span class='ocr_line' id='line_1_5' title="bbox 458 459 3733 535; baseline 0 -16"><span class='ocrx_word' id='word_1_21' title='bbox 458 465 1017 535; x_wconf 74' lang='lat' dir='ltr'><strong>&quot;lucemetnitterem.</strong></span> <span class='ocrx_word' id='word_1_22' title='bbox 1048 463 1201 535; x_wconf 82' lang='lat' dir='ltr'><strong>Quod</strong></span> <span class='ocrx_word' id='word_1_23' title='bbox 1228 463 1612 535; x_wconf 73' lang='lat' dir='ltr'><strong>ecclesiastica:</strong></span> <span class='ocrx_word' id='word_1_24' title='bbox 1633 459 1933 535; x_wconf 68' lang='lat' dir='ltr'><strong>disciplina:</strong></span> <span class='ocrx_word' id='word_1_25' title='bbox 1957 459 2192 535; x_wconf 71' lang='lat' dir='ltr'><strong>faustum</strong></span> <span class='ocrx_word' id='word_1_26' title='bbox 2213 463 2330 535; x_wconf 57' lang='lat' dir='ltr'><strong>sit;</strong></span> <span class='ocrx_word' id='word_1_27' title='bbox 2356 463 2568 532; x_wconf 87' lang='lat' dir='ltr'><strong>eritque</strong></span> <span class='ocrx_word' id='word_1_28' title='bbox 2592 473 2648 516; x_wconf 85' lang='grc' dir='ltr'><strong>ιιι</strong></span> <span class='ocrx_word' id='word_1_29' title='bbox 2676 480 2853 535; x_wconf 85' lang='lat' dir='ltr'><strong>spero,</strong></span> <span class='ocrx_word' id='word_1_30' title='bbox 2885 466 2930 521; x_wconf 91' lang='lat' dir='ltr'><strong>si</strong></span> <span class='ocrx_word' id='word_1_31' title='bbox 2953 467 3043 533; x_wconf 97' lang='lat' dir='ltr'><strong>qui</strong></span> <span class='ocrx_word' id='word_1_32' title='bbox 3077 465 3129 519; x_wconf 92' lang='lat' dir='ltr'><strong>in</strong></span> <span class='ocrx_word' id='word_1_33' title='bbox 3157 476 3361 521; x_wconf 89' lang='lat' dir='ltr'><strong>sortem</strong></span> <span class='ocrx_word' id='word_1_34' title='bbox 3384 481 3452 520; x_wconf 88' lang='lat' dir='ltr'><strong>ac</strong></span> <span class='ocrx_word' id='word_1_35' title='bbox 3484 464 3733 519; x_wconf 84' lang='lat' dir='ltr'><strong>ministe-</strong></span> 
     </span>
    </p>
   </div>
   <div class='ocr_carea' id='block_1_6' title="bbox 484 531 3732 603">
    <p class='ocr_par' dir='ltr' id='par_1_6' title="bbox 484 531 3732 603">
     <span class='ocr_line' id='line_1_6' title="bbox 484 531 3732 603; baseline 0 -15"><span class='ocrx_word' id='word_1_36' title='bbox 484 535 624 590; x_wconf 83' lang='lat' dir='ltr'><strong>rium</strong></span> <span class='ocrx_word' id='word_1_37' title='bbox 649 533 862 589; x_wconf 82' lang='lat' dir='ltr'><strong>Domini</strong></span> <span class='ocrx_word' id='word_1_38' title='bbox 890 534 1125 603; x_wconf 82' lang='lat' dir='ltr'><strong>cooptati</strong></span> <span class='ocrx_word' id='word_1_39' title='bbox 1159 543 1304 596; x_wconf 87' lang='lat' dir='ltr'><strong>sunt,</strong></span> <span class='ocrx_word' id='word_1_40' title='bbox 1342 534 1456 588; x_wconf 69' lang='lat' dir='ltr'><strong>banc</strong></span> <span class='ocrx_word' id='word_1_41' title='bbox 1487 544 1594 587; x_wconf 87' lang='lat' dir='ltr'><strong>tam</strong></span> <span class='ocrx_word' id='word_1_42' title='bbox 1617 531 1876 603; x_wconf 75' lang='lat' dir='ltr'><strong>salutaria</strong></span> <span class='ocrx_word' id='word_1_43' title='bbox 1903 531 2191 603; x_wconf 85' lang='lat' dir='ltr'><strong>monitain</strong></span> <span class='ocrx_word' id='word_1_44' title='bbox 2213 532 2432 603; x_wconf 81' lang='lat' dir='ltr'><strong>intimas</strong></span> <span class='ocrx_word' id='word_1_45' title='bbox 2460 531 2721 591; x_wconf 76' lang='lat' dir='ltr'><strong>medullas</strong></span> <span class='ocrx_word' id='word_1_46' title='bbox 2747 531 3138 599; x_wconf 80' lang='lat' dir='ltr'><strong>demittant,ut</strong></span> <span class='ocrx_word' id='word_1_47' title='bbox 3159 535 3227 589; x_wconf 86' lang='lat' dir='ltr'><strong>ad</strong></span> <span class='ocrx_word' id='word_1_48' title='bbox 3255 551 3447 590; x_wconf 82' lang='lat' dir='ltr'><strong>eorum</strong></span> <span class='ocrx_word' id='word_1_49' title='bbox 3478 537 3732 601; x_wconf 64' lang='lat' dir='ltr'><strong>prmscrio</strong></span> 
     </span>
    </p>
   </div>
   <div class='ocr_carea' id='block_1_7' title="bbox 475 600 3734 676">
    <p class='ocr_par' dir='ltr' id='par_1_7' title="bbox 475 600 3734 676">
     <span class='ocr_line' id='line_1_7' title="bbox 475 600 3734 676; baseline 0.001 -19"><span class='ocrx_word' id='word_1_50' title='bbox 475 613 655 676; x_wconf 78' lang='lat' dir='ltr'><strong>ptum,</strong></span> <span class='ocrx_word' id='word_1_51' title='bbox 686 606 873 676; x_wconf 81' lang='lat' dir='ltr'><strong>vitam,</strong></span> <span class='ocrx_word' id='word_1_52' title='bbox 902 600 1105 676; x_wconf 64' lang='lat' dir='ltr'><strong>meres,</strong></span> <span class='ocrx_word' id='word_1_53' title='bbox 1135 604 1457 676; x_wconf 7' lang='lat' dir='ltr'><strong>etgagctiones</strong></span> <span class='ocrx_word' id='word_1_54' title='bbox 1479 606 1605 676; x_wconf 76' lang='lat' dir='ltr'><strong>suas</strong></span> <span class='ocrx_word' id='word_1_55' title='bbox 1632 600 1975 676; x_wconf 76' lang='lat' dir='ltr'><strong>conformare</strong></span> <span class='ocrx_word' id='word_1_56' title='bbox 1994 602 2278 676; x_wconf 72' lang='lat' dir='ltr'><strong>suadeant.</strong></span> <span class='ocrx_word' id='word_1_57' title='bbox 2306 601 2439 676; x_wconf 82' lang='lat' dir='ltr'><strong>Cum</strong></span> <span class='ocrx_word' id='word_1_58' title='bbox 2473 603 2737 676; x_wconf 66' lang='lat' dir='ltr'><strong>incertum</strong></span> <span class='ocrx_word' id='word_1_59' title='bbox 2763 606 2834 662; x_wconf 88' lang='lat' dir='ltr'><strong>sit</strong></span> <span class='ocrx_word' id='word_1_60' title='bbox 2853 614 3018 676; x_wconf 79' lang='lat' dir='ltr'><strong>quoto</strong></span> <span class='ocrx_word' id='word_1_61' title='bbox 3045 621 3184 659; x_wconf 86' lang='lat' dir='ltr'><strong>anno</strong></span> <span class='ocrx_word' id='word_1_62' title='bbox 3206 605 3274 660; x_wconf 87' lang='lat' dir='ltr'><strong>ab</strong></span> <span class='ocrx_word' id='word_1_63' title='bbox 3302 600 3562 662; x_wconf 72' lang='lat' dir='ltr'><strong>UdalriCo</strong></span> <span class='ocrx_word' id='word_1_64' title='bbox 3584 606 3734 660; x_wconf 73' lang='lat' dir='ltr'><strong>ltabi~</strong></span> 
     </span>
    </p>
   </div>
   <div class='ocr_carea' id='block_1_8' title="bbox 448 668 2817 744">
    <p class='ocr_par' dir='ltr' id='par_1_8' title="bbox 448 668 2817 744">
     <span class='ocr_line' id='line_1_8' title="bbox 448 668 2817 744; baseline -0 -16"><span class='ocrx_word' id='word_1_65' title='bbox 448 668 569 731; x_wconf 45' lang='lat' dir='ltr'><strong>t“tus</strong></span> <span class='ocrx_word' id='word_1_66' title='bbox 592 668 782 740; x_wconf 70' lang='lat' dir='ltr'><strong>fuerit,</strong></span> <span class='ocrx_word' id='word_1_67' title='bbox 817 672 1100 744; x_wconf 68' lang='lat' dir='ltr'><strong>pratiixum</strong></span> <span class='ocrx_word' id='word_1_68' title='bbox 1126 673 1290 729; x_wconf 82' lang='lat' dir='ltr'><strong>initio</strong></span> <span class='ocrx_word' id='word_1_69' title='bbox 1313 672 1499 740; x_wconf 89' lang='lat' dir='ltr'><strong>scripti</strong></span> <span class='ocrx_word' id='word_1_70' title='bbox 1528 672 1649 726; x_wconf 82' lang='lat' dir='ltr'><strong>libri</strong></span> <span class='ocrx_word' id='word_1_71' title='bbox 1674 684 1875 726; x_wconf 86' lang='lat' dir='ltr'><strong>annum</strong></span> <span class='ocrx_word' id='word_1_72' title='bbox 1907 669 2249 726; x_wconf 85' lang='lat' dir='ltr'><strong>retinendum</strong></span> <span class='ocrx_word' id='word_1_73' title='bbox 2276 686 2398 726; x_wconf 89' lang='lat' dir='ltr'><strong>esse</strong></span> <span class='ocrx_word' id='word_1_74' title='bbox 2422 668 2676 740; x_wconf 78' lang='lat' dir='ltr'><strong>iudicavi.</strong></span> <span class='ocrx_word' id='word_1_75' title='bbox 2816 674 2817 677; x_wconf 68' lang='grc'><em>“</em></span> 
     </span>
    </p>
   </div>
   <div class='ocr_carea' id='block_1_9' title="bbox 523 848 3734 946">
    <p class='ocr_par' dir='ltr' id='par_1_9' title="bbox 523 848 3734 946">
     <span class='ocr_line' id='line_1_9' title="bbox 523 848 3734 946; baseline -0 -17"><span class='ocrx_word' id='word_1_76' title='bbox 523 868 767 929; x_wconf 68' lang='lat' dir='ltr'><strong>‘Fratres</strong></span> <span class='ocrx_word' id='word_1_77' title='bbox 807 870 1110 946; x_wconf 80' lang='lat' dir='ltr'><strong>presbyteri</strong></span> <span class='ocrx_word' id='word_1_78' title='bbox 1147 878 1203 927; x_wconf 84' lang='lat' dir='ltr'><strong>et</strong></span> <span class='ocrx_word' id='word_1_79' title='bbox 1234 870 1543 929; x_wconf 86' lang='lat' dir='ltr'><strong>sacerdotes</strong></span> <span class='ocrx_word' id='word_1_80' title='bbox 1575 868 1818 935; x_wconf 87' lang='lat' dir='ltr'><strong>Domini,</strong></span> <span class='ocrx_word' id='word_1_81' title='bbox 1853 881 2055 939; x_wconf 90' lang='lat' dir='ltr'><strong>coope-</strong></span> <span class='ocrx_word' id='word_1_82' title='bbox 2088 848 2132 910; x_wconf 71' lang='grc' dir='ltr'><strong>Α</strong></span> <span class='ocrx_word' id='word_1_83' title='bbox 2160 866 2371 939; x_wconf 85' lang='lat' dir='ltr'><strong>signum</strong></span> <span class='ocrx_word' id='word_1_84' title='bbox 2397 866 2434 940; x_wconf 71' lang='grc' dir='ltr'><strong>-Ῐ-</strong></span> <span class='ocrx_word' id='word_1_85' title='bbox 2459 878 2601 937; x_wconf 84' lang='lat' dir='ltr'><strong>recte</strong></span> <span class='ocrx_word' id='word_1_86' title='bbox 2625 868 2803 926; x_wconf 70' lang='lat' dir='ltr'><strong>facere</strong></span> <span class='ocrx_word' id='word_1_87' title='bbox 2826 870 3038 929; x_wconf 76' lang='lat' dir='ltr'><strong>stuletc</strong></span> <span class='ocrx_word' id='word_1_88' title='bbox 3065 891 3078 929; x_wconf 88' lang='lat'><strong>:</strong></span> <span class='ocrx_word' id='word_1_89' title='bbox 3108 888 3211 929; x_wconf 91' lang='lat' dir='ltr'><strong>non</strong></span> <span class='ocrx_word' id='word_1_90' title='bbox 3242 874 3385 930; x_wconf 89' lang='lat' dir='ltr'><strong>enim</strong></span> <span class='ocrx_word' id='word_1_91' title='bbox 3410 873 3570 931; x_wconf 86' lang='lat' dir='ltr'><strong>aliter</strong></span> <span class='ocrx_word' id='word_1_92' title='bbox 3591 875 3734 946; x_wconf 60' lang='lat' dir='ltr'><strong>quid.</strong></span> 
     </span>
    </p>
   </div>
   <div class='ocr_carea' id='block_1_10' title="bbox 470 959 2058 1030">
    <p class='ocr_par' dir='ltr' id='par_1_10' title="bbox 470 959 2058 1030">
     <span class='ocr_line' id='line_1_10' title="bbox 470 959 2058 1030; baseline -0.004 -11"><span class='ocrx_word' id='word_1_93' title='bbox 470 972 685 1019; x_wconf 90' lang='lat' dir='ltr'><strong>ratores</strong></span> <span class='ocrx_word' id='word_1_94' title='bbox 721 963 892 1019; x_wconf 83' lang='lat' dir='ltr'><strong>nostri</strong></span> <span class='ocrx_word' id='word_1_95' title='bbox 925 961 1132 1018; x_wconf 89' lang='lat' dir='ltr'><strong>ordinis</strong></span> <span class='ocrx_word' id='word_1_96' title='bbox 1172 963 1323 1018; x_wconf 80' lang='lat' dir='ltr'><strong>estis.</strong></span> <span class='ocrx_word' id='word_1_97' title='bbox 1360 959 1470 1017; x_wconf 90' lang='lat' dir='ltr'><strong>Nos</strong></span> <span class='ocrx_word' id='word_1_98' title='bbox 1510 961 1725 1030; x_wconf 82' lang='lat' dir='ltr'><strong>quidem</strong></span> <span class='ocrx_word' id='word_1_99' title='bbox 1752 1000 1765 1023; x_wconf 89' lang='lat'><strong>,</strong></span> <span class='ocrx_word' id='word_1_100' title='bbox 1807 959 2058 1029; x_wconf 78' lang='lat' dir='ltr'><strong>quamvis</strong></span> 
     </span>
    </p>
   </div>
   <div class='ocr_carea' id='block_1_11' title="bbox 471 1049 2058 1124">
    <p class='ocr_par' dir='ltr' id='par_1_11' title="bbox 471 1049 2058 1124">
     <span class='ocr_line' id='line_1_11' title="bbox 471 1049 2058 1124; baseline -0.001 -17"><span class='ocrx_word' id='word_1_101' title='bbox 471 1052 712 1124; x_wconf 79' lang='lat' dir='ltr'><strong>indigni,</strong></span> <span class='ocrx_word' id='word_1_102' title='bbox 738 1052 914 1109; x_wconf 91' lang='lat' dir='ltr'><strong>locum</strong></span> <span class='ocrx_word' id='word_1_103' title='bbox 945 1053 1126 1107; x_wconf 84' lang='lat' dir='ltr'><strong>Aaron</strong></span> <span class='ocrx_word' id='word_1_104' title='bbox 1170 1061 1444 1115; x_wconf 89' lang='lat' dir='ltr'><strong>tenemus,</strong></span> <span class='ocrx_word' id='word_1_105' title='bbox 1479 1066 1573 1106; x_wconf 87' lang='lat' dir='ltr'><strong>vos</strong></span> <span class='ocrx_word' id='word_1_106' title='bbox 1609 1049 1786 1106; x_wconf 87' lang='lat' dir='ltr'><strong>locum</strong></span> <span class='ocrx_word' id='word_1_107' title='bbox 1816 1050 2058 1105; x_wconf 74' lang='lat' dir='ltr'><strong>Eleazari</strong></span> 
     </span>
    </p>
   </div>
   <div class='ocr_carea' id='block_1_12' title="bbox 474 1141 2059 1213">
    <p class='ocr_par' dir='ltr' id='par_1_12' title="bbox 474 1141 2059 1213">
     <span class='ocr_line' id='line_1_12' title="bbox 474 1141 2059 1213; baseline -0.003 -13"><span class='ocrx_word' id='word_1_108' title='bbox 474 1153 530 1200; x_wconf 85' lang='lat' dir='ltr'><strong>et</strong></span> <span class='ocrx_word' id='word_1_109' title='bbox 556 1143 865 1199; x_wconf 89' lang='lat' dir='ltr'><strong>ltbamaris.</strong></span> <span class='ocrx_word' id='word_1_110' title='bbox 896 1142 1005 1199; x_wconf 85' lang='lat' dir='ltr'><strong>Nos</strong></span> <span class='ocrx_word' id='word_1_111' title='bbox 1036 1143 1153 1198; x_wconf 84' lang='lat' dir='ltr'><strong>vice</strong></span> <span class='ocrx_word' id='word_1_112' title='bbox 1175 1143 1457 1197; x_wconf 86' lang='lat' dir='ltr'><strong>duodecim</strong></span> <span class='ocrx_word' id='word_1_113' title='bbox 1488 1143 1852 1212; x_wconf 70' lang='lat' dir='ltr'><strong>apostolorum</strong></span> <span class='ocrx_word' id='word_1_114' title='bbox 1884 1141 2059 1213; x_wconf 68' lang='lat' dir='ltr'><strong>{turgi-</strong></span> 
     </span>
    </p>
   </div>
   <div class='ocr_carea' id='block_1_13' title="bbox 459 1233 2054 1305">
    <p class='ocr_par' dir='ltr' id='par_1_13' title="bbox 459 1233 2054 1305">
     <span class='ocr_line' id='line_1_13' title="bbox 459 1233 2054 1305; baseline 0.001 -16"><span class='ocrx_word' id='word_1_115' title='bbox 459 1244 620 1301; x_wconf 27' lang='lat' dir='ltr'><strong>tt‘nur,</strong></span> <span class='ocrx_word' id='word_1_116' title='bbox 644 1250 742 1290; x_wconf 88' lang='lat' dir='ltr'><strong>vos</strong></span> <span class='ocrx_word' id='word_1_117' title='bbox 772 1234 838 1289; x_wconf 91' lang='lat' dir='ltr'><strong>ad</strong></span> <span class='ocrx_word' id='word_1_118' title='bbox 864 1233 1093 1289; x_wconf 81' lang='lat' dir='ltr'><strong>formam</strong></span> <span class='ocrx_word' id='word_1_119' title='bbox 1123 1234 1461 1305; x_wconf 78' lang='lat' dir='ltr'><strong>septuaginta</strong></span> <span class='ocrx_word' id='word_1_120' title='bbox 1492 1234 1876 1305; x_wconf 84' lang='lat' dir='ltr'><strong>discipulorum</strong></span> <span class='ocrx_word' id='word_1_121' title='bbox 1903 1234 2054 1290; x_wconf 90' lang='lat' dir='ltr'><strong>estis.</strong></span> 
     </span>
    </p>
   </div>
   <div class='ocr_carea' id='block_1_14' title="bbox 461 1323 2056 1395">
    <p class='ocr_par' dir='ltr' id='par_1_14' title="bbox 461 1323 2056 1395">
     <span class='ocr_line' id='line_1_14' title="bbox 461 1323 2056 1395; baseline -0.002 -16"><span class='ocrx_word' id='word_1_122' title='bbox 461 1323 590 1380; x_wconf 64' lang='lat' dir='ltr'><strong>‘Nos</strong></span> <span class='ocrx_word' id='word_1_123' title='bbox 623 1332 872 1395; x_wconf 84' lang='lat' dir='ltr'><strong>pastores</strong></span> <span class='ocrx_word' id='word_1_124' title='bbox 899 1325 1062 1379; x_wconf 90' lang='lat' dir='ltr'><strong>vestri</strong></span> <span class='ocrx_word' id='word_1_125' title='bbox 1098 1340 1313 1390; x_wconf 89' lang='lat' dir='ltr'><strong>sumus,</strong></span> <span class='ocrx_word' id='word_1_126' title='bbox 1346 1340 1440 1381; x_wconf 88' lang='lat' dir='ltr'><strong>vos</strong></span> <span class='ocrx_word' id='word_1_127' title='bbox 1474 1333 1721 1394; x_wconf 88' lang='lat' dir='ltr'><strong>pastores</strong></span> <span class='ocrx_word' id='word_1_128' title='bbox 1751 1324 2056 1377; x_wconf 88' lang='lat' dir='ltr'><strong>animarum</strong></span> 
     </span>
    </p>
   </div>
   <div class='ocr_carea' id='block_1_15' title="bbox 449 1413 2056 1473">
    <p class='ocr_par' dir='ltr' id='par_1_15' title="bbox 449 1413 2056 1473">
     <span class='ocr_line' id='line_1_15' title="bbox 449 1413 2056 1473; baseline -0.001 -4"><span class='ocrx_word' id='word_1_129' title='bbox 449 1414 628 1473; x_wconf 62' lang='lat' dir='ltr'><strong>&#39;vais</strong></span> <span class='ocrx_word' id='word_1_130' title='bbox 657 1416 1092 1473; x_wconf 88' lang='lat' dir='ltr'><strong>commissarum.</strong></span> <span class='ocrx_word' id='word_1_131' title='bbox 1136 1413 1244 1472; x_wconf 85' lang='lat' dir='ltr'><strong>Nos</strong></span> <span class='ocrx_word' id='word_1_132' title='bbox 1286 1417 1352 1472; x_wconf 88' lang='lat' dir='ltr'><strong>de</strong></span> <span class='ocrx_word' id='word_1_133' title='bbox 1388 1415 1542 1472; x_wconf 92' lang='lat' dir='ltr'><strong>vobis</strong></span> <span class='ocrx_word' id='word_1_134' title='bbox 1581 1417 1844 1470; x_wconf 87' lang='lat' dir='ltr'><strong>rationem</strong></span> <span class='ocrx_word' id='word_1_135' title='bbox 1879 1413 2056 1470; x_wconf 84' lang='lat' dir='ltr'><strong>reddi-</strong></span> 
     </span>
    </p>
   </div>
   <div class='ocr_carea' id='block_1_16' title="bbox 466 1508 2057 1582">
    <p class='ocr_par' dir='ltr' id='par_1_16' title="bbox 466 1508 2057 1582">
     <span class='ocr_line' id='line_1_16' title="bbox 466 1508 2057 1582; baseline -0.002 -16"><span class='ocrx_word' id='word_1_136' title='bbox 466 1511 584 1567; x_wconf 81' lang='lat' dir='ltr'><strong>turi</strong></span> <span class='ocrx_word' id='word_1_137' title='bbox 609 1526 795 1565; x_wconf 89' lang='lat' dir='ltr'><strong>sumus</strong></span> <span class='ocrx_word' id='word_1_138' title='bbox 816 1525 1029 1566; x_wconf 85' lang='lat' dir='ltr'><strong>summo</strong></span> <span class='ocrx_word' id='word_1_139' title='bbox 1052 1510 1258 1582; x_wconf 86' lang='lat' dir='ltr'><strong>pastori</strong></span> <span class='ocrx_word' id='word_1_140' title='bbox 1290 1510 1518 1565; x_wconf 88' lang='lat' dir='ltr'><strong>Domino</strong></span> <span class='ocrx_word' id='word_1_141' title='bbox 1543 1508 1669 1565; x_wconf 82' lang='lat' dir='ltr'><strong>Jesu</strong></span> <span class='ocrx_word' id='word_1_142' title='bbox 1695 1508 1933 1574; x_wconf 76' lang='lat' dir='ltr'><strong>Christo,</strong></span> <span class='ocrx_word' id='word_1_143' title='bbox 1961 1521 2057 1563; x_wconf 88' lang='lat' dir='ltr'><strong>vos</strong></span> 
     </span>
    </p>
   </div>
   <div class='ocr_carea' id='block_1_17' title="bbox 453 1594 2079 1673">
    <p class='ocr_par' dir='ltr' id='par_1_17' title="bbox 453 1594 2079 1673">
     <span class='ocr_line' id='line_1_17' title="bbox 453 1594 2079 1673; baseline -0.004 -14"><span class='ocrx_word' id='word_1_144' title='bbox 453 1603 542 1659; x_wconf 70' lang='lat' dir='ltr'><strong>de</strong></span> <span class='ocrx_word' id='word_1_145' title='bbox 577 1600 825 1673; x_wconf 84' lang='lat' dir='ltr'><strong>plebibus</strong></span> <span class='ocrx_word' id='word_1_146' title='bbox 870 1594 1020 1657; x_wconf 84' lang='lat' dir='ltr'><strong>vobis</strong></span> <span class='ocrx_word' id='word_1_147' title='bbox 1050 1600 1374 1657; x_wconf 87' lang='lat' dir='ltr'><strong>commissis.</strong></span> <span class='ocrx_word' id='word_1_148' title='bbox 1405 1600 1474 1656; x_wconf 90' lang='lat' dir='ltr'><strong>Et</strong></span> <span class='ocrx_word' id='word_1_149' title='bbox 1520 1601 1640 1655; x_wconf 90' lang='lat' dir='ltr'><strong>ideo</strong></span> <span class='ocrx_word' id='word_1_150' title='bbox 1662 1640 1677 1666; x_wconf 94' lang='lat'><strong>,</strong></span> <span class='ocrx_word' id='word_1_151' title='bbox 1705 1596 2010 1656; x_wconf 86' lang='lat' dir='ltr'><strong>cbarissimi</strong></span> <span class='ocrx_word' id='word_1_152' title='bbox 2035 1638 2079 1673; x_wconf 42' lang='grc' dir='ltr'><strong>,ο</strong></span> 
     </span>
    </p>
   </div>
   <div class='ocr_carea' id='block_1_18' title="bbox 470 1680 2056 1764">
    <p class='ocr_par' dir='ltr' id='par_1_18' title="bbox 470 1680 2056 1764">
     <span class='ocr_line' id='line_1_18' title="bbox 470 1680 2056 1764; baseline -0.001 -16"><span class='ocrx_word' id='word_1_153' title='bbox 470 1690 652 1751; x_wconf 80' lang='lat' dir='ltr'><strong>videte</strong></span> <span class='ocrx_word' id='word_1_154' title='bbox 686 1688 988 1764; x_wconf 89' lang='lat' dir='ltr'><strong>periculum</strong></span> <span class='ocrx_word' id='word_1_155' title='bbox 1016 1704 1277 1752; x_wconf 80' lang='lat' dir='ltr'><strong>vestrum.</strong></span> <span class='ocrx_word' id='word_1_156' title='bbox 1313 1695 1678 1753; x_wconf 83' lang='lat' dir='ltr'><strong>Admonemus</strong></span> <span class='ocrx_word' id='word_1_157' title='bbox 1707 1702 1760 1748; x_wconf 89' lang='lat' dir='ltr'><strong>et</strong></span> <span class='ocrx_word' id='word_1_158' title='bbox 1802 1680 2056 1748; x_wconf 57' lang='lat' dir='ltr'><strong>obsecra?-</strong></span> 
     </span>
    </p>
   </div>
   <div class='ocr_carea' id='block_1_19' title="bbox 472 1772 2057 1853">
    <p class='ocr_par' dir='ltr' id='par_1_19' title="bbox 472 1772 2057 1853">
     <span class='ocr_line' id='line_1_19' title="bbox 472 1772 2057 1853; baseline -0.001 -14"><span class='ocrx_word' id='word_1_159' title='bbox 472 1798 596 1839; x_wconf 87' lang='lat' dir='ltr'><strong>mtts</strong></span> <span class='ocrx_word' id='word_1_160' title='bbox 632 1772 1027 1839; x_wconf 80' lang='lat' dir='ltr'><strong>fraternitatem</strong></span> <span class='ocrx_word' id='word_1_161' title='bbox 1066 1782 1339 1853; x_wconf 81' lang='lat' dir='ltr'><strong>vestram,</strong></span> <span class='ocrx_word' id='word_1_162' title='bbox 1372 1792 1433 1838; x_wconf 91' lang='lat' dir='ltr'><strong>ut</strong></span> <span class='ocrx_word' id='word_1_163' title='bbox 1471 1785 1538 1839; x_wconf 91' lang='lat' dir='ltr'><strong>de</strong></span> <span class='ocrx_word' id='word_1_164' title='bbox 1577 1781 1850 1839; x_wconf 88' lang='lat' dir='ltr'><strong>communi</strong></span> <span class='ocrx_word' id='word_1_165' title='bbox 1882 1781 2057 1837; x_wconf 88' lang='lat' dir='ltr'><strong>salute</strong></span> 
     </span>
    </p>
   </div>
   <div class='ocr_carea' id='block_1_20' title="bbox 460 1866 2054 1948">
    <p class='ocr_par' dir='ltr' id='par_1_20' title="bbox 460 1866 2054 1948">
     <span class='ocr_line' id='line_1_20' title="bbox 460 1866 2054 1948; baseline 0.001 -21"><span class='ocrx_word' id='word_1_166' title='bbox 460 1866 653 1948; x_wconf 66' lang='lat' dir='ltr'><strong>vestra</strong></span> <span class='ocrx_word' id='word_1_167' title='bbox 694 1874 999 1946; x_wconf 82' lang='lat' dir='ltr'><strong>cogitantes</strong></span> <span class='ocrx_word' id='word_1_168' title='bbox 1025 1876 1318 1941; x_wconf 86' lang='lat' dir='ltr'><strong>attentius,</strong></span> <span class='ocrx_word' id='word_1_169' title='bbox 1364 1875 1594 1931; x_wconf 86' lang='lat' dir='ltr'><strong>audiatis</strong></span> <span class='ocrx_word' id='word_1_170' title='bbox 1633 1873 2054 1929; x_wconf 89' lang='lat' dir='ltr'><strong>admonitionem</strong></span> 
     </span>
    </p>
   </div>
   <div class='ocr_carea' id='block_1_21' title="bbox 446 1965 2053 2039">
    <p class='ocr_par' dir='ltr' id='par_1_21' title="bbox 446 1965 2053 2039">
     <span class='ocr_line' id='line_1_21' title="bbox 446 1965 2053 2039; baseline -0.001 -19"><span class='ocrx_word' id='word_1_171' title='bbox 446 1977 748 2033; x_wconf 62' lang='lat' dir='ltr'><strong>nostram;</strong></span> <span class='ocrx_word' id='word_1_172' title='bbox 781 1975 837 2022; x_wconf 92' lang='lat' dir='ltr'><strong>et</strong></span> <span class='ocrx_word' id='word_1_173' title='bbox 871 1982 991 2039; x_wconf 74' lang='lat' dir='ltr'><strong>qua:</strong></span> <span class='ocrx_word' id='word_1_174' title='bbox 1020 1968 1172 2023; x_wconf 89' lang='lat' dir='ltr'><strong>vobis</strong></span> <span class='ocrx_word' id='word_1_175' title='bbox 1199 1965 1557 2039; x_wconf 81' lang='lat' dir='ltr'><strong>suggerimus,</strong></span> <span class='ocrx_word' id='word_1_176' title='bbox 1598 1965 1872 2021; x_wconf 79' lang='lat' dir='ltr'><strong>memoria:</strong></span> <span class='ocrx_word' id='word_1_177' title='bbox 1907 1978 2053 2020; x_wconf 87' lang='lat' dir='ltr'><strong>com-</strong></span> 
     </span>
    </p>
   </div>
   <div class='ocr_carea' id='block_1_22' title="bbox 471 2047 1839 2128">
    <p class='ocr_par' dir='ltr' id='par_1_22' title="bbox 471 2047 1839 2128">
     <span class='ocr_line' id='line_1_22' title="bbox 471 2047 1839 2128; baseline -0.001 -17"><span class='ocrx_word' id='word_1_178' title='bbox 471 2047 770 2122; x_wconf 86' lang='lat' dir='ltr'><strong>ntendetis,</strong></span> <span class='ocrx_word' id='word_1_179' title='bbox 798 2066 852 2112; x_wconf 92' lang='lat' dir='ltr'><strong>et</strong></span> <span class='ocrx_word' id='word_1_180' title='bbox 874 2073 1037 2128; x_wconf 87' lang='lat' dir='ltr'><strong>opere</strong></span> <span class='ocrx_word' id='word_1_181' title='bbox 1066 2049 1323 2115; x_wconf 79' lang='lat' dir='ltr'><strong>exercere</strong></span> <span class='ocrx_word' id='word_1_182' title='bbox 1348 2057 1629 2113; x_wconf 83' lang='lat' dir='ltr'><strong>studentis.</strong></span> <span class='ocrx_word' id='word_1_183' title='bbox 1836 2116 1839 2117; x_wconf 23' lang='grc' dir='ltr'><em>ν</em></span> 
     </span>
    </p>
   </div>
   <div class='ocr_carea' id='block_1_23' title="bbox 540 2146 2046 2217">
    <p class='ocr_par' dir='ltr' id='par_1_23' title="bbox 540 2146 2046 2217">
     <span class='ocr_line' id='line_1_23' title="bbox 540 2146 2046 2217; baseline -0.002 -15"><span class='ocrx_word' id='word_1_184' title='bbox 540 2149 596 2202; x_wconf 90' lang='lat' dir='ltr'><strong>In</strong></span> <span class='ocrx_word' id='word_1_185' title='bbox 623 2147 811 2217; x_wconf 87' lang='lat' dir='ltr'><strong>primis</strong></span> <span class='ocrx_word' id='word_1_186' title='bbox 837 2147 1191 2203; x_wconf 87' lang='lat' dir='ltr'><strong>admonemus</strong></span> <span class='ocrx_word' id='word_1_187' title='bbox 1212 2155 1273 2201; x_wconf 91' lang='lat' dir='ltr'><strong>ut</strong></span> <span class='ocrx_word' id='word_1_188' title='bbox 1300 2148 1404 2202; x_wconf 85' lang='lat' dir='ltr'><strong>vita</strong></span> <span class='ocrx_word' id='word_1_189' title='bbox 1429 2156 1482 2201; x_wconf 89' lang='lat' dir='ltr'><strong>et</strong></span> <span class='ocrx_word' id='word_1_190' title='bbox 1508 2146 1849 2202; x_wconf 84' lang='lat' dir='ltr'><strong>conversatio</strong></span> <span class='ocrx_word' id='word_1_191' title='bbox 1871 2154 2046 2201; x_wconf 81' lang='lat' dir='ltr'><strong>vestra</strong></span> 
     </span>
    </p>
   </div>
   <div class='ocr_carea' id='block_1_24' title="bbox 470 2234 2050 2306">
    <p class='ocr_par' dir='ltr' id='par_1_24' title="bbox 470 2234 2050 2306">
     <span class='ocr_line' id='line_1_24' title="bbox 470 2234 2050 2306; baseline 0.001 -17"><span class='ocrx_word' id='word_1_192' title='bbox 470 2236 969 2306; x_wconf 87' lang='lat' dir='ltr'><strong>irreprchensibilis</strong></span> <span class='ocrx_word' id='word_1_193' title='bbox 998 2237 1088 2302; x_wconf 90' lang='lat' dir='ltr'><strong>sit,</strong></span> <span class='ocrx_word' id='word_1_194' title='bbox 1120 2234 1327 2293; x_wconf 85' lang='lat' dir='ltr'><strong>scilicet</strong></span> <span class='ocrx_word' id='word_1_195' title='bbox 1352 2245 1411 2292; x_wconf 89' lang='lat' dir='ltr'><strong>ut</strong></span> <span class='ocrx_word' id='word_1_196' title='bbox 1437 2238 1569 2292; x_wconf 82' lang='lat' dir='ltr'><strong>cella</strong></span> <span class='ocrx_word' id='word_1_197' title='bbox 1594 2246 1773 2292; x_wconf 88' lang='lat' dir='ltr'><strong>vestra</strong></span> <span class='ocrx_word' id='word_1_198' title='bbox 1801 2238 1871 2291; x_wconf 87' lang='lat' dir='ltr'><strong>sit</strong></span> <span class='ocrx_word' id='word_1_199' title='bbox 1894 2235 2050 2306; x_wconf 77' lang='lat' dir='ltr'><strong>juxta</strong></span> 
     </span>
    </p>
   </div>
   <div class='ocr_carea' id='block_1_25' title="bbox 450 2327 2051 2393">
    <p class='ocr_par' dir='ltr' id='par_1_25' title="bbox 450 2327 2051 2393">
     <span class='ocr_line' id='line_1_25' title="bbox 450 2327 2051 2393; baseline 0.003 -13"><span class='ocrx_word' id='word_1_200' title='bbox 450 2327 794 2393; x_wconf 60' lang='lat' dir='ltr'><strong>«ecclesiam,</strong></span> <span class='ocrx_word' id='word_1_201' title='bbox 841 2330 903 2382; x_wconf 84' lang='lat' dir='ltr'><strong>et</strong></span> <span class='ocrx_word' id='word_1_202' title='bbox 944 2327 997 2382; x_wconf 86' lang='lat' dir='ltr'><strong>in</strong></span> <span class='ocrx_word' id='word_1_203' title='bbox 1042 2342 1104 2381; x_wconf 87' lang='lat' dir='ltr'><strong>ea</strong></span> <span class='ocrx_word' id='word_1_204' title='bbox 1152 2328 1380 2384; x_wconf 76' lang='lat' dir='ltr'><strong>l’cmiuas</strong></span> <span class='ocrx_word' id='word_1_205' title='bbox 1424 2341 1530 2383; x_wconf 88' lang='lat' dir='ltr'><strong>non</strong></span> <span class='ocrx_word' id='word_1_206' title='bbox 1577 2329 1842 2384; x_wconf 80' lang='lat' dir='ltr'><strong>habeatis.</strong></span> <span class='ocrx_word' id='word_1_207' title='bbox 1891 2327 2051 2385; x_wconf 84' lang='lat' dir='ltr'><strong>Omni</strong></span> 
     </span>
    </p>
   </div>
   <div class='ocr_carea' id='block_1_26' title="bbox 460 2418 2053 2492">
    <p class='ocr_par' dir='ltr' id='par_1_26' title="bbox 460 2418 2053 2492">
     <span class='ocr_line' id='line_1_26' title="bbox 460 2418 2053 2492; baseline 0.001 -17"><span class='ocrx_word' id='word_1_208' title='bbox 460 2430 630 2476; x_wconf 73' lang='lat' dir='ltr'><strong>nocte</strong></span> <span class='ocrx_word' id='word_1_209' title='bbox 668 2419 734 2476; x_wconf 89' lang='lat' dir='ltr'><strong>ad</strong></span> <span class='ocrx_word' id='word_1_210' title='bbox 777 2429 1042 2476; x_wconf 87' lang='lat' dir='ltr'><strong>nocturna</strong></span> <span class='ocrx_word' id='word_1_211' title='bbox 1081 2418 1303 2492; x_wconf 82' lang='lat' dir='ltr'><strong>surgite.</strong></span> <span class='ocrx_word' id='word_1_212' title='bbox 1341 2420 1571 2476; x_wconf 84' lang='lat' dir='ltr'><strong>Cursum</strong></span> <span class='ocrx_word' id='word_1_213' title='bbox 1607 2429 1844 2475; x_wconf 87' lang='lat' dir='ltr'><strong>vestrum</strong></span> <span class='ocrx_word' id='word_1_214' title='bbox 1887 2421 2053 2476; x_wconf 85' lang='lat' dir='ltr'><strong>certis</strong></span> 
     </span>
    </p>
   </div>
   <div class='ocr_carea' id='block_1_27' title="bbox 450 2508 2053 2582">
    <p class='ocr_par' dir='ltr' id='par_1_27' title="bbox 450 2508 2053 2582">
     <span class='ocr_line' id='line_1_27' title="bbox 450 2508 2053 2582; baseline 0.001 -14"><span class='ocrx_word' id='word_1_215' title='bbox 450 2513 622 2569; x_wconf 73' lang='lat' dir='ltr'><strong>iboris</strong></span> <span class='ocrx_word' id='word_1_216' title='bbox 666 2513 971 2569; x_wconf 90' lang='lat' dir='ltr'><strong>deeantate.</strong></span> <span class='ocrx_word' id='word_1_217' title='bbox 1025 2511 1309 2567; x_wconf 79' lang='lat' dir='ltr'><strong>Missurum</strong></span> <span class='ocrx_word' id='word_1_218' title='bbox 1362 2512 1754 2569; x_wconf 89' lang='lat' dir='ltr'><strong>celebrationes</strong></span> <span class='ocrx_word' id='word_1_219' title='bbox 1800 2508 2053 2582; x_wconf 80' lang='lat' dir='ltr'><strong>religiose</strong></span> 
     </span>
    </p>
   </div>
   <div class='ocr_carea' id='block_1_28' title="bbox 462 2607 2053 2680">
    <p class='ocr_par' dir='ltr' id='par_1_28' title="bbox 462 2607 2053 2680">
     <span class='ocr_line' id='line_1_28' title="bbox 462 2607 2053 2680; baseline -0.001 -16"><span class='ocrx_word' id='word_1_220' title='bbox 462 2609 732 2679; x_wconf 72' lang='lat' dir='ltr'><strong>peragite.</strong></span> <span class='ocrx_word' id='word_1_221' title='bbox 764 2608 970 2679; x_wconf 82' lang='lat' dir='ltr'><strong>Corpus</strong></span> <span class='ocrx_word' id='word_1_222' title='bbox 999 2616 1053 2665; x_wconf 90' lang='lat' dir='ltr'><strong>et</strong></span> <span class='ocrx_word' id='word_1_223' title='bbox 1074 2607 1395 2680; x_wconf 85' lang='lat' dir='ltr'><strong>sanguinem</strong></span> <span class='ocrx_word' id='word_1_224' title='bbox 1432 2623 1553 2663; x_wconf 88' lang='lat' dir='ltr'><strong>eum</strong></span> <span class='ocrx_word' id='word_1_225' title='bbox 1586 2608 1780 2663; x_wconf 89' lang='lat' dir='ltr'><strong>timore</strong></span> <span class='ocrx_word' id='word_1_226' title='bbox 1806 2617 1861 2663; x_wconf 87' lang='lat' dir='ltr'><strong>et</strong></span> <span class='ocrx_word' id='word_1_227' title='bbox 1899 2620 2053 2663; x_wconf 86' lang='lat' dir='ltr'><strong>reve-</strong></span> 
     </span>
    </p>
   </div>
   <div class='ocr_carea' id='block_1_29' title="bbox 475 2690 2052 2770">
    <p class='ocr_par' dir='ltr' id='par_1_29' title="bbox 475 2690 2052 2770">
     <span class='ocr_line' id='line_1_29' title="bbox 475 2690 2052 2770; baseline 0 -17"><span class='ocrx_word' id='word_1_228' title='bbox 475 2701 654 2755; x_wconf 81' lang='lat' dir='ltr'><strong>rentia</strong></span> <span class='ocrx_word' id='word_1_229' title='bbox 687 2700 904 2755; x_wconf 87' lang='lat' dir='ltr'><strong>sumite.</strong></span> <span class='ocrx_word' id='word_1_230' title='bbox 935 2700 1073 2754; x_wconf 70' lang='lat' dir='ltr'><strong>Vasa</strong></span> <span class='ocrx_word' id='word_1_231' title='bbox 1101 2704 1287 2753; x_wconf 86' lang='lat' dir='ltr'><strong>sancta</strong></span> <span class='ocrx_word' id='word_1_232' title='bbox 1318 2699 1551 2770; x_wconf 87' lang='lat' dir='ltr'><strong>propriis</strong></span> <span class='ocrx_word' id='word_1_233' title='bbox 1580 2699 1824 2753; x_wconf 84' lang='lat' dir='ltr'><strong>mauilms</strong></span> <span class='ocrx_word' id='word_1_234' title='bbox 1852 2690 2052 2753; x_wconf 81' lang='lat' dir='ltr'><strong>abluite</strong></span> 
     </span>
    </p>
   </div>
   <div class='ocr_carea' id='block_1_30' title="bbox 445 2788 2046 2862">
    <p class='ocr_par' dir='ltr' id='par_1_30' title="bbox 445 2788 2046 2862">
     <span class='ocr_line' id='line_1_30' title="bbox 445 2788 2046 2862; baseline -0.001 -19"><span class='ocrx_word' id='word_1_235' title='bbox 445 2799 525 2845; x_wconf 61' lang='lat' dir='ltr'><strong>ret</strong></span> <span class='ocrx_word' id='word_1_236' title='bbox 569 2788 880 2862; x_wconf 83' lang='lat' dir='ltr'><strong>abstergitc.</strong></span> <span class='ocrx_word' id='word_1_237' title='bbox 921 2788 1109 2845; x_wconf 78' lang='lat' dir='ltr'><strong>Nullus</strong></span> <span class='ocrx_word' id='word_1_238' title='bbox 1151 2796 1334 2845; x_wconf 84' lang='lat' dir='ltr'><strong>cantet</strong></span> <span class='ocrx_word' id='word_1_239' title='bbox 1373 2790 1629 2853; x_wconf 89' lang='lat' dir='ltr'><strong>missam,</strong></span> <span class='ocrx_word' id='word_1_240' title='bbox 1678 2788 1776 2844; x_wconf 87' lang='lat' dir='ltr'><strong>nisi</strong></span> <span class='ocrx_word' id='word_1_241' title='bbox 1811 2788 2046 2859; x_wconf 79' lang='lat' dir='ltr'><strong>jejunus.</strong></span> 
     </span>
    </p>
   </div>
   <div class='ocr_carea' id='block_1_31' title="bbox 455 2873 2052 2956">
    <p class='ocr_par' dir='ltr' id='par_1_31' title="bbox 455 2873 2052 2956">
     <span class='ocr_line' id='line_1_31' title="bbox 455 2873 2052 2956; baseline -0.001 -18"><span class='ocrx_word' id='word_1_242' title='bbox 455 2873 660 2939; x_wconf 72' lang='lat' dir='ltr'><strong>&quot;Nullus</strong></span> <span class='ocrx_word' id='word_1_243' title='bbox 682 2892 903 2948; x_wconf 85' lang='lat' dir='ltr'><strong>cantet,</strong></span> <span class='ocrx_word' id='word_1_244' title='bbox 946 2883 1037 2956; x_wconf 90' lang='lat' dir='ltr'><strong>qui</strong></span> <span class='ocrx_word' id='word_1_245' title='bbox 1069 2898 1173 2939; x_wconf 91' lang='lat' dir='ltr'><strong>non</strong></span> <span class='ocrx_word' id='word_1_246' title='bbox 1220 2882 1603 2938; x_wconf 88' lang='lat' dir='ltr'><strong>communicet.</strong></span> <span class='ocrx_word' id='word_1_247' title='bbox 1645 2881 1835 2936; x_wconf 89' lang='lat' dir='ltr'><strong>Nullus</strong></span> <span class='ocrx_word' id='word_1_248' title='bbox 1868 2888 2052 2937; x_wconf 89' lang='lat' dir='ltr'><strong>cantet</strong></span> 
     </span>
    </p>
   </div>
   <div class='ocr_carea' id='block_1_32' title="bbox 468 2970 2051 3050">
    <p class='ocr_par' dir='ltr' id='par_1_32' title="bbox 468 2970 2051 3050">
     <span class='ocr_line' id='line_1_32' title="bbox 468 2970 2051 3050; baseline -0.002 -19"><span class='ocrx_word' id='word_1_249' title='bbox 468 2974 596 3050; x_wconf 77' lang='lat' dir='ltr'><strong>sine</strong></span> <span class='ocrx_word' id='word_1_250' title='bbox 624 2974 859 3043; x_wconf 90' lang='lat' dir='ltr'><strong>amictu,</strong></span> <span class='ocrx_word' id='word_1_251' title='bbox 891 2973 1042 3041; x_wconf 89' lang='lat' dir='ltr'><strong>alba,</strong></span> <span class='ocrx_word' id='word_1_252' title='bbox 1089 2973 1257 3040; x_wconf 88' lang='lat' dir='ltr'><strong>stola,</strong></span> <span class='ocrx_word' id='word_1_253' title='bbox 1298 2973 1512 3039; x_wconf 87' lang='lat' dir='ltr'><strong>l‘anone,</strong></span> <span class='ocrx_word' id='word_1_254' title='bbox 1558 2972 1793 3044; x_wconf 90' lang='lat' dir='ltr'><strong>planeta.</strong></span> <span class='ocrx_word' id='word_1_255' title='bbox 1828 2970 1894 3028; x_wconf 80' lang='lat' dir='ltr'><strong>Et</strong></span> <span class='ocrx_word' id='word_1_256' title='bbox 1935 2974 2051 3028; x_wconf 79' lang='lat' dir='ltr'><strong>haec</strong></span> 
     </span>
    </p>
   </div>
   <div class='ocr_carea' id='block_1_33' title="bbox 456 3050 2045 3137">
    <p class='ocr_par' dir='ltr' id='par_1_33' title="bbox 456 3050 2045 3137">
     <span class='ocr_line' id='line_1_33' title="bbox 456 3050 2045 3137; baseline 0 -18"><span class='ocrx_word' id='word_1_257' title='bbox 456 3064 788 3119; x_wconf 66' lang='lat' dir='ltr'><strong>vestimenta</strong></span> <span class='ocrx_word' id='word_1_258' title='bbox 819 3050 986 3120; x_wconf 87' lang='lat' dir='ltr'><strong>nitida</strong></span> <span class='ocrx_word' id='word_1_259' title='bbox 1028 3065 1168 3129; x_wconf 90' lang='lat' dir='ltr'><strong>sint,</strong></span> <span class='ocrx_word' id='word_1_260' title='bbox 1201 3065 1356 3137; x_wconf 20' lang='lat' dir='ltr'><strong>ethad</strong></span> <span class='ocrx_word' id='word_1_261' title='bbox 1388 3066 1564 3121; x_wconf 90' lang='lat' dir='ltr'><strong>nullos</strong></span> <span class='ocrx_word' id='word_1_262' title='bbox 1601 3066 1734 3121; x_wconf 89' lang='lat' dir='ltr'><strong>alios</strong></span> <span class='ocrx_word' id='word_1_263' title='bbox 1763 3082 1890 3122; x_wconf 83' lang='lat' dir='ltr'><strong>usus</strong></span> <span class='ocrx_word' id='word_1_264' title='bbox 1919 3068 2045 3121; x_wconf 90' lang='lat' dir='ltr'><strong>siut.</strong></span> 
     </span>
    </p>
   </div>
   <div class='ocr_carea' id='block_1_34' title="bbox 453 3143 2050 3229">
    <p class='ocr_par' dir='ltr' id='par_1_34' title="bbox 453 3143 2050 3229">
     <span class='ocr_line' id='line_1_34' title="bbox 453 3143 2050 3229; baseline 0.005 -24"><span class='ocrx_word' id='word_1_265' title='bbox 453 3143 667 3209; x_wconf 81' lang='lat' dir='ltr'><strong>.Nuilus</strong></span> <span class='ocrx_word' id='word_1_266' title='bbox 691 3169 814 3209; x_wconf 89' lang='lat' dir='ltr'><strong>cum</strong></span> <span class='ocrx_word' id='word_1_267' title='bbox 847 3154 988 3220; x_wconf 89' lang='lat' dir='ltr'><strong>alba,</strong></span> <span class='ocrx_word' id='word_1_268' title='bbox 1020 3171 1124 3224; x_wconf 90' lang='lat' dir='ltr'><strong>qua</strong></span> <span class='ocrx_word' id='word_1_269' title='bbox 1145 3155 1202 3209; x_wconf 86' lang='lat' dir='ltr'><strong>in</strong></span> <span class='ocrx_word' id='word_1_270' title='bbox 1237 3148 1365 3210; x_wconf 81' lang='lat' dir='ltr'><strong>sues</strong></span> <span class='ocrx_word' id='word_1_271' title='bbox 1389 3146 1518 3212; x_wconf 87' lang='lat' dir='ltr'><strong>usus</strong></span> <span class='ocrx_word' id='word_1_272' title='bbox 1547 3158 1734 3222; x_wconf 86' lang='lat' dir='ltr'><strong>utitur,</strong></span> <span class='ocrx_word' id='word_1_273' title='bbox 1762 3165 2050 3229; x_wconf 71' lang='lat' dir='ltr'><strong>prmsumai</strong></span> 
     </span>
    </p>
   </div>
   <div class='ocr_carea' id='block_1_35' title="bbox 453 3243 2050 3302">
    <p class='ocr_par' dir='ltr' id='par_1_35' title="bbox 453 3243 2050 3302">
     <span class='ocr_line' id='line_1_35' title="bbox 453 3243 2050 3302; baseline 0.003 -5"><span class='ocrx_word' id='word_1_274' title='bbox 453 3246 692 3298; x_wconf 22' lang='lat' dir='ltr'><strong>emissam</strong></span> <span class='ocrx_word' id='word_1_275' title='bbox 723 3254 966 3299; x_wconf 85' lang='lat' dir='ltr'><strong>cantare.</strong></span> <span class='ocrx_word' id='word_1_276' title='bbox 996 3243 1147 3297; x_wconf 83' lang='lat' dir='ltr'><strong>Nulla</strong></span> <span class='ocrx_word' id='word_1_277' title='bbox 1183 3243 1381 3299; x_wconf 76' lang='lat' dir='ltr'><strong>femina</strong></span> <span class='ocrx_word' id='word_1_278' title='bbox 1413 3247 1478 3301; x_wconf 89' lang='lat' dir='ltr'><strong>ad</strong></span> <span class='ocrx_word' id='word_1_279' title='bbox 1513 3247 1683 3302; x_wconf 90' lang='lat' dir='ltr'><strong>altare</strong></span> <span class='ocrx_word' id='word_1_280' title='bbox 1722 3247 1931 3301; x_wconf 84' lang='lat' dir='ltr'><strong>Domini</strong></span> <span class='ocrx_word' id='word_1_281' title='bbox 1961 3263 2050 3302; x_wconf 86' lang='lat' dir='ltr'><strong>ac-</strong></span> 
     </span>
    </p>
   </div>
   <div class='ocr_carea' id='block_1_36' title="bbox 470 3318 2051 3405">
    <p class='ocr_par' dir='ltr' id='par_1_36' title="bbox 470 3318 2051 3405">
     <span class='ocr_line' id='line_1_36' title="bbox 470 3318 2051 3405; baseline 0.002 -17"><span class='ocrx_word' id='word_1_282' title='bbox 470 3322 627 3389; x_wconf 83' lang='lat' dir='ltr'><strong>cedat</strong></span> <span class='ocrx_word' id='word_1_283' title='bbox 649 3373 664 3398; x_wconf 96' lang='lat'><strong>,</strong></span> <span class='ocrx_word' id='word_1_284' title='bbox 701 3348 803 3389; x_wconf 84' lang='lat' dir='ltr'><strong>nec</strong></span> <span class='ocrx_word' id='word_1_285' title='bbox 830 3333 1059 3388; x_wconf 85' lang='lat' dir='ltr'><strong>calicem</strong></span> <span class='ocrx_word' id='word_1_286' title='bbox 1087 3318 1296 3387; x_wconf 73' lang='lat' dir='ltr'><strong>Domini</strong></span> <span class='ocrx_word' id='word_1_287' title='bbox 1331 3343 1530 3403; x_wconf 77' lang='lat' dir='ltr'><strong>tangat.</strong></span> <span class='ocrx_word' id='word_1_288' title='bbox 1562 3335 1855 3405; x_wconf 86' lang='lat' dir='ltr'><strong>Corporale</strong></span> <span class='ocrx_word' id='word_1_289' title='bbox 1896 3353 2051 3390; x_wconf 89' lang='lat' dir='ltr'><strong>mun-</strong></span> 
     </span>
    </p>
   </div>
   <div class='ocr_carea' id='block_1_37' title="bbox 473 3423 2049 3494">
    <p class='ocr_par' dir='ltr' id='par_1_37' title="bbox 473 3423 2049 3494">
     <span class='ocr_line' id='line_1_37' title="bbox 473 3423 2049 3494; baseline 0.001 -13"><span class='ocrx_word' id='word_1_290' title='bbox 473 3426 757 3481; x_wconf 87' lang='lat' dir='ltr'><strong>dissimum</strong></span> <span class='ocrx_word' id='word_1_291' title='bbox 797 3424 897 3489; x_wconf 88' lang='lat' dir='ltr'><strong>sit,</strong></span> <span class='ocrx_word' id='word_1_292' title='bbox 929 3423 1099 3480; x_wconf 85' lang='lat' dir='ltr'><strong>altare</strong></span> <span class='ocrx_word' id='word_1_293' title='bbox 1138 3437 1451 3494; x_wconf 86' lang='lat' dir='ltr'><strong>coopertum</strong></span> <span class='ocrx_word' id='word_1_294' title='bbox 1487 3427 1555 3483; x_wconf 81' lang='lat' dir='ltr'><strong>de</strong></span> <span class='ocrx_word' id='word_1_295' title='bbox 1593 3429 1806 3485; x_wconf 83' lang='lat' dir='ltr'><strong>tumulis</strong></span> <span class='ocrx_word' id='word_1_296' title='bbox 1851 3430 2049 3485; x_wconf 81' lang='lat' dir='ltr'><strong>linteis.</strong></span> 
     </span>
    </p>
   </div>
   <div class='ocr_carea' id='block_1_38' title="bbox 2159 952 3734 1031">
    <p class='ocr_par' dir='ltr' id='par_1_38' title="bbox 2159 952 3734 1031">
     <span class='ocr_line' id='line_1_38' title="bbox 2159 952 3734 1031; baseline 0.008 -22"><span class='ocrx_word' id='word_1_297' title='bbox 2159 971 2321 1026; x_wconf 86' lang='lat' dir='ltr'><strong>quam</strong></span> <span class='ocrx_word' id='word_1_298' title='bbox 2360 961 2585 1028; x_wconf 83' lang='lat' dir='ltr'><strong>potestis</strong></span> <span class='ocrx_word' id='word_1_299' title='bbox 2614 952 2955 1019; x_wconf 81' lang='lat' dir='ltr'><strong>benedicere.</strong></span> <span class='ocrx_word' id='word_1_300' title='bbox 2994 962 3238 1018; x_wconf 84' lang='lat' dir='ltr'><strong>inﬁrmos</strong></span> <span class='ocrx_word' id='word_1_301' title='bbox 3262 966 3480 1021; x_wconf 78' lang='lat' dir='ltr'><strong>visitate</strong></span> <span class='ocrx_word' id='word_1_302' title='bbox 3504 1007 3522 1031; x_wconf 94' lang='lat'><strong>,</strong></span> <span class='ocrx_word' id='word_1_303' title='bbox 3562 976 3618 1021; x_wconf 81' lang='lat' dir='ltr'><strong>et</strong></span> <span class='ocrx_word' id='word_1_304' title='bbox 3646 980 3734 1021; x_wconf 66' lang='lat' dir='ltr'><strong>etv</strong></span> 
     </span>
    </p>
   </div>
   <div class='ocr_carea' id='block_1_39' title="bbox 2162 1039 3736 1129">
    <p class='ocr_par' dir='ltr' id='par_1_39' title="bbox 2162 1039 3736 1129">
     <span class='ocr_line' id='line_1_39' title="bbox 2162 1039 3736 1129; baseline 0.006 -25"><span class='ocrx_word' id='word_1_305' title='bbox 2162 1049 2526 1113; x_wconf 84' lang='lat' dir='ltr'><strong>reconciliate,</strong></span> <span class='ocrx_word' id='word_1_306' title='bbox 2557 1048 2784 1119; x_wconf 74' lang='lat' dir='ltr'><strong>etjuxta</strong></span> <span class='ocrx_word' id='word_1_307' title='bbox 2818 1054 3114 1123; x_wconf 86' lang='lat' dir='ltr'><strong>apostolum</strong></span> <span class='ocrx_word' id='word_1_308' title='bbox 3144 1054 3286 1129; x_wconf 76' lang='grc' dir='ltr'><em>(Ιατ.</em></span> <span class='ocrx_word' id='word_1_309' title='bbox 3316 1061 3368 1125; x_wconf 86' lang='lat' dir='ltr'><strong>v)</strong></span> <span class='ocrx_word' id='word_1_310' title='bbox 3399 1058 3521 1111; x_wconf 88' lang='lat' dir='ltr'><strong>oleo</strong></span> <span class='ocrx_word' id='word_1_311' title='bbox 3548 1039 3736 1113; x_wconf 84' lang='lat' dir='ltr'><strong>sancto</strong></span> 
     </span>
    </p>
   </div>
   <div class='ocr_carea' id='block_1_40' title="bbox 2158 1132 3735 1211">
    <p class='ocr_par' dir='ltr' id='par_1_40' title="bbox 2158 1132 3735 1211">
     <span class='ocr_line' id='line_1_40' title="bbox 2158 1132 3735 1211; baseline 0.004 -15"><span class='ocrx_word' id='word_1_312' title='bbox 2158 1140 2401 1211; x_wconf 82' lang='lat' dir='ltr'><strong>inungitc</strong></span> <span class='ocrx_word' id='word_1_313' title='bbox 2423 1182 2438 1207; x_wconf 92' lang='lat'><strong>,</strong></span> <span class='ocrx_word' id='word_1_314' title='bbox 2469 1153 2523 1197; x_wconf 90' lang='lat' dir='ltr'><strong>et</strong></span> <span class='ocrx_word' id='word_1_315' title='bbox 2552 1143 2765 1211; x_wconf 85' lang='lat' dir='ltr'><strong>propria</strong></span> <span class='ocrx_word' id='word_1_316' title='bbox 2812 1159 2968 1199; x_wconf 89' lang='lat' dir='ltr'><strong>manu</strong></span> <span class='ocrx_word' id='word_1_317' title='bbox 2994 1132 3429 1202; x_wconf 75' lang='lat' dir='ltr'><strong>conminuit-ate.</strong></span> <span class='ocrx_word' id='word_1_318' title='bbox 3465 1148 3531 1202; x_wconf 80' lang='lat' dir='ltr'><strong>Et</strong></span> <span class='ocrx_word' id='word_1_319' title='bbox 3559 1147 3735 1202; x_wconf 83' lang='lat' dir='ltr'><strong>nullus</strong></span> 
     </span>
    </p>
   </div>
   <div class='ocr_carea' id='block_1_41' title="bbox 2157 1233 3734 1301">
    <p class='ocr_par' dir='ltr' id='par_1_41' title="bbox 2157 1233 3734 1301">
     <span class='ocr_line' id='line_1_41' title="bbox 2157 1233 3734 1301; baseline 0.007 -18"><span class='ocrx_word' id='word_1_320' title='bbox 2157 1242 2450 1301; x_wconf 71' lang='lat' dir='ltr'><strong>praesumat</strong></span> <span class='ocrx_word' id='word_1_321' title='bbox 2484 1233 2699 1287; x_wconf 75' lang='lat' dir='ltr'><strong>tradere</strong></span> <span class='ocrx_word' id='word_1_322' title='bbox 2735 1236 3171 1291; x_wconf 88' lang='lat' dir='ltr'><strong>communionem</strong></span> <span class='ocrx_word' id='word_1_323' title='bbox 3210 1235 3347 1292; x_wconf 88' lang='lat' dir='ltr'><strong>laico</strong></span> <span class='ocrx_word' id='word_1_324' title='bbox 3388 1247 3483 1292; x_wconf 79' lang='lat' dir='ltr'><strong>aut</strong></span> <span class='ocrx_word' id='word_1_325' title='bbox 3526 1237 3734 1294; x_wconf 73' lang='lat' dir='ltr'><strong>femina:</strong></span> 
     </span>
    </p>
   </div>
   <div class='ocr_carea' id='block_1_42' title="bbox 2158 1322 2866 1399">
    <p class='ocr_par' dir='ltr' id='par_1_42' title="bbox 2158 1322 2866 1399">
     <span class='ocr_line' id='line_1_42' title="bbox 2158 1322 2866 1399; baseline 0.006 -23"><span class='ocrx_word' id='word_1_326' title='bbox 2158 1323 2225 1377; x_wconf 86' lang='lat' dir='ltr'><strong>ad</strong></span> <span class='ocrx_word' id='word_1_327' title='bbox 2255 1322 2598 1379; x_wconf 82' lang='lat' dir='ltr'><strong>deferendam</strong></span> <span class='ocrx_word' id='word_1_328' title='bbox 2631 1325 2866 1399; x_wconf 76' lang='lat' dir='ltr'><strong>infirmo.</strong></span> 
     </span>
    </p>
   </div>
   <div class='ocr_carea' id='block_1_43' title="bbox 2226 1408 3734 1486">
    <p class='ocr_par' dir='ltr' id='par_1_43' title="bbox 2226 1408 3734 1486">
     <span class='ocr_line' id='line_1_43' title="bbox 2226 1408 3734 1486; baseline 0.007 -22"><span class='ocrx_word' id='word_1_329' title='bbox 2226 1408 2417 1467; x_wconf 88' lang='lat' dir='ltr'><strong>Nullus</strong></span> <span class='ocrx_word' id='word_1_330' title='bbox 2456 1420 2696 1469; x_wconf 83' lang='lat' dir='ltr'><strong>vestrum</strong></span> <span class='ocrx_word' id='word_1_331' title='bbox 2740 1430 2837 1485; x_wconf 89' lang='lat' dir='ltr'><strong>pro</strong></span> <span class='ocrx_word' id='word_1_332' title='bbox 2878 1415 3217 1486; x_wconf 86' lang='lat' dir='ltr'><strong>baptizandis</strong></span> <span class='ocrx_word' id='word_1_333' title='bbox 3267 1417 3600 1486; x_wconf 75' lang='lat' dir='ltr'><strong>infantibus,</strong></span> <span class='ocrx_word' id='word_1_334' title='bbox 3643 1428 3734 1474; x_wconf 86' lang='lat' dir='ltr'><strong>aut</strong></span> 
     </span>
    </p>
   </div>
   <div class='ocr_carea' id='block_1_44' title="bbox 2159 1492 3733 1585">
    <p class='ocr_par' dir='ltr' id='par_1_44' title="bbox 2159 1492 3733 1585">
     <span class='ocr_line' id='line_1_44' title="bbox 2159 1492 3733 1585; baseline 0.008 -28"><span class='ocrx_word' id='word_1_335' title='bbox 2159 1502 2389 1577; x_wconf 80' lang='lat' dir='ltr'><strong>inﬁrmis</strong></span> <span class='ocrx_word' id='word_1_336' title='bbox 2441 1507 2895 1576; x_wconf 85' lang='lat' dir='ltr'><strong>reconciliandis,</strong></span> <span class='ocrx_word' id='word_1_337' title='bbox 2944 1518 3036 1565; x_wconf 89' lang='lat' dir='ltr'><strong>aut</strong></span> <span class='ocrx_word' id='word_1_338' title='bbox 3088 1492 3317 1567; x_wconf 77' lang='lat' dir='ltr'><strong>mortuis</strong></span> <span class='ocrx_word' id='word_1_339' title='bbox 3367 1514 3733 1585; x_wconf 83' lang='lat' dir='ltr'><strong>sepeliendis,</strong></span> 
     </span>
    </p>
   </div>
   <div class='ocr_carea' id='block_1_45' title="bbox 2154 1588 3736 1675">
    <p class='ocr_par' dir='ltr' id='par_1_45' title="bbox 2154 1588 3736 1675">
     <span class='ocr_line' id='line_1_45' title="bbox 2154 1588 3736 1675; baseline 0.008 -30"><span class='ocrx_word' id='word_1_340' title='bbox 2154 1596 2435 1666; x_wconf 72' lang='lat' dir='ltr'><strong>praemium</strong></span> <span class='ocrx_word' id='word_1_341' title='bbox 2466 1596 2550 1651; x_wconf 87' lang='lat' dir='ltr'><strong>vel</strong></span> <span class='ocrx_word' id='word_1_342' title='bbox 2577 1613 2770 1653; x_wconf 85' lang='lat' dir='ltr'><strong>llilltttls</strong></span> <span class='ocrx_word' id='word_1_343' title='bbox 2795 1601 2992 1669; x_wconf 76' lang='lat' dir='ltr'><strong>exigat.</strong></span> <span class='ocrx_word' id='word_1_344' title='bbox 3026 1599 3217 1663; x_wconf 78' lang='lat' dir='ltr'><strong>Videte</strong></span> <span class='ocrx_word' id='word_1_345' title='bbox 3253 1619 3317 1656; x_wconf 89' lang='lat' dir='ltr'><strong>ne</strong></span> <span class='ocrx_word' id='word_1_346' title='bbox 3342 1588 3440 1673; x_wconf 83' lang='lat' dir='ltr'><strong>per</strong></span> <span class='ocrx_word' id='word_1_347' title='bbox 3465 1596 3736 1675; x_wconf 79' lang='lat' dir='ltr'><strong>negligen-</strong></span> 
     </span>
    </p>
   </div>
   <div class='ocr_carea' id='block_1_46' title="bbox 2159 1685 3733 1765">
    <p class='ocr_par' dir='ltr' id='par_1_46' title="bbox 2159 1685 3733 1765">
     <span class='ocr_line' id='line_1_46' title="bbox 2159 1685 3733 1765; baseline 0.008 -26"><span class='ocrx_word' id='word_1_348' title='bbox 2159 1685 2286 1739; x_wconf 85' lang='lat' dir='ltr'><strong>tiam</strong></span> <span class='ocrx_word' id='word_1_349' title='bbox 2320 1692 2553 1741; x_wconf 85' lang='lat' dir='ltr'><strong>vestram</strong></span> <span class='ocrx_word' id='word_1_350' title='bbox 2597 1685 2735 1744; x_wconf 91' lang='lat' dir='ltr'><strong>ullus</strong></span> <span class='ocrx_word' id='word_1_351' title='bbox 2773 1686 2950 1747; x_wconf 76' lang='lat' dir='ltr'><strong>infans</strong></span> <span class='ocrx_word' id='word_1_352' title='bbox 2992 1692 3111 1747; x_wconf 86' lang='lat' dir='ltr'><strong>sine</strong></span> <span class='ocrx_word' id='word_1_353' title='bbox 3145 1693 3410 1765; x_wconf 86' lang='lat' dir='ltr'><strong>baptismo</strong></span> <span class='ocrx_word' id='word_1_354' title='bbox 3454 1696 3733 1751; x_wconf 83' lang='lat' dir='ltr'><strong>moriatur.</strong></span> 
     </span>
    </p>
   </div>
   <div class='ocr_carea' id='block_1_47' title="bbox 2154 1772 3738 1856">
    <p class='ocr_par' dir='ltr' id='par_1_47' title="bbox 2154 1772 3738 1856">
     <span class='ocr_line' id='line_1_47' title="bbox 2154 1772 3738 1856; baseline 0.007 -27"><span class='ocrx_word' id='word_1_355' title='bbox 2154 1772 2342 1830; x_wconf 83' lang='lat' dir='ltr'><strong>Nullus</strong></span> <span class='ocrx_word' id='word_1_356' title='bbox 2381 1784 2620 1831; x_wconf 85' lang='lat' dir='ltr'><strong>vestrum</strong></span> <span class='ocrx_word' id='word_1_357' title='bbox 2656 1779 2728 1834; x_wconf 86' lang='lat' dir='ltr'><strong>sit</strong></span> <span class='ocrx_word' id='word_1_358' title='bbox 2754 1778 2997 1835; x_wconf 87' lang='lat' dir='ltr'><strong>ebriosus</strong></span> <span class='ocrx_word' id='word_1_359' title='bbox 3033 1791 3088 1836; x_wconf 88' lang='lat' dir='ltr'><strong>et</strong></span> <span class='ocrx_word' id='word_1_360' title='bbox 3125 1780 3423 1852; x_wconf 76' lang='lat' dir='ltr'><strong>litigiosus,</strong></span> <span class='ocrx_word' id='word_1_361' title='bbox 3456 1783 3586 1856; x_wconf 88' lang='lat' dir='ltr'><strong>quia</strong></span> <span class='ocrx_word' id='word_1_362' title='bbox 3628 1800 3738 1839; x_wconf 75' lang='lat' dir='ltr'><strong>sero</strong></span> 
     </span>
    </p>
   </div>
   <div class='ocr_carea' id='block_1_48' title="bbox 2154 1864 3735 1943">
    <p class='ocr_par' dir='ltr' id='par_1_48' title="bbox 2154 1864 3735 1943">
     <span class='ocr_line' id='line_1_48' title="bbox 2154 1864 3735 1943; baseline 0.006 -24"><span class='ocrx_word' id='word_1_363' title='bbox 2154 1880 2279 1920; x_wconf 88' lang='lat' dir='ltr'><strong>vum</strong></span> <span class='ocrx_word' id='word_1_364' title='bbox 2327 1864 2539 1921; x_wconf 87' lang='lat' dir='ltr'><strong>Domini</strong></span> <span class='ocrx_word' id='word_1_365' title='bbox 2581 1882 2687 1923; x_wconf 90' lang='lat' dir='ltr'><strong>non</strong></span> <span class='ocrx_word' id='word_1_366' title='bbox 2732 1879 2943 1943; x_wconf 81' lang='lat' dir='ltr'><strong>oportet</strong></span> <span class='ocrx_word' id='word_1_367' title='bbox 2983 1870 3213 1941; x_wconf 84' lang='lat' dir='ltr'><strong>litigare.</strong></span> <span class='ocrx_word' id='word_1_368' title='bbox 3262 1870 3451 1927; x_wconf 88' lang='lat' dir='ltr'><strong>Nullus</strong></span> <span class='ocrx_word' id='word_1_369' title='bbox 3494 1885 3735 1928; x_wconf 84' lang='lat' dir='ltr'><strong>vestrum</strong></span> 
     </span>
    </p>
   </div>
   <div class='ocr_carea' id='block_1_49' title="bbox 2154 1956 3740 2032">
    <p class='ocr_par' dir='ltr' id='par_1_49' title="bbox 2154 1956 3740 2032">
     <span class='ocr_line' id='line_1_49' title="bbox 2154 1956 3740 2032; baseline 0.004 -21"><span class='ocrx_word' id='word_1_370' title='bbox 2154 1972 2302 2012; x_wconf 87' lang='lat' dir='ltr'><strong>arma</strong></span> <span class='ocrx_word' id='word_1_371' title='bbox 2342 1956 2481 2012; x_wconf 82' lang='lat' dir='ltr'><strong>ferat</strong></span> <span class='ocrx_word' id='word_1_372' title='bbox 2513 1957 2567 2011; x_wconf 89' lang='lat' dir='ltr'><strong>in</strong></span> <span class='ocrx_word' id='word_1_373' title='bbox 2611 1959 2908 2026; x_wconf 88' lang='lat' dir='ltr'><strong>seditione,</strong></span> <span class='ocrx_word' id='word_1_374' title='bbox 2954 1962 3079 2032; x_wconf 88' lang='lat' dir='ltr'><strong>quia</strong></span> <span class='ocrx_word' id='word_1_375' title='bbox 3126 1979 3275 2017; x_wconf 89' lang='lat' dir='ltr'><strong>arma</strong></span> <span class='ocrx_word' id='word_1_376' title='bbox 3313 1972 3495 2018; x_wconf 83' lang='lat' dir='ltr'><strong>vestra</strong></span> <span class='ocrx_word' id='word_1_377' title='bbox 3545 1964 3740 2018; x_wconf 79' lang='lat' dir='ltr'><strong>debent</strong></span> 
     </span>
    </p>
   </div>
   <div class='ocr_carea' id='block_1_50' title="bbox 2153 2048 3736 2127">
    <p class='ocr_par' dir='ltr' id='par_1_50' title="bbox 2153 2048 3736 2127">
     <span class='ocr_line' id='line_1_50' title="bbox 2153 2048 3736 2127; baseline 0.005 -24"><span class='ocrx_word' id='word_1_378' title='bbox 2153 2063 2274 2104; x_wconf 89' lang='lat' dir='ltr'><strong>esse</strong></span> <span class='ocrx_word' id='word_1_379' title='bbox 2299 2048 2623 2121; x_wconf 88' lang='lat' dir='ltr'><strong>spiritualia.</strong></span> <span class='ocrx_word' id='word_1_380' title='bbox 2652 2050 2838 2108; x_wconf 84' lang='lat' dir='ltr'><strong>Nullus</strong></span> <span class='ocrx_word' id='word_1_381' title='bbox 2864 2067 3056 2108; x_wconf 87' lang='lat' dir='ltr'><strong>canum</strong></span> <span class='ocrx_word' id='word_1_382' title='bbox 3079 2064 3172 2109; x_wconf 90' lang='lat' dir='ltr'><strong>aut</strong></span> <span class='ocrx_word' id='word_1_383' title='bbox 3200 2054 3379 2110; x_wconf 90' lang='lat' dir='ltr'><strong>avium</strong></span> <span class='ocrx_word' id='word_1_384' title='bbox 3398 2054 3546 2127; x_wconf 81' lang='lat' dir='ltr'><strong>jocis</strong></span> <span class='ocrx_word' id='word_1_385' title='bbox 3572 2056 3736 2111; x_wconf 83' lang='lat' dir='ltr'><strong>inser-</strong></span> 
     </span>
    </p>
   </div>
   <div class='ocr_carea' id='block_1_51' title="bbox 2154 2138 3203 2193">
    <p class='ocr_par' dir='ltr' id='par_1_51' title="bbox 2154 2138 3203 2193">
     <span class='ocr_line' id='line_1_51' title="bbox 2154 2138 3203 2193; baseline 0 -1"><span class='ocrx_word' id='word_1_386' title='bbox 2154 2138 2284 2193; x_wconf 75' lang='lat' dir='ltr'><strong>viat.</strong></span> <span class='ocrx_word' id='word_1_387' title='bbox 3198 2140 3203 2145; x_wconf 84' lang='grc'><em>’</em></span> 
     </span>
    </p>
   </div>
   <div class='ocr_carea' id='block_1_52' title="bbox 2225 2222 3732 2306">
    <p class='ocr_par' dir='ltr' id='par_1_52' title="bbox 2225 2222 3732 2306">
     <span class='ocr_line' id='line_1_52' title="bbox 2225 2222 3732 2306; baseline 0.003 -21"><span class='ocrx_word' id='word_1_388' title='bbox 2225 2228 2411 2286; x_wconf 83' lang='lat' dir='ltr'><strong>Nullus</strong></span> <span class='ocrx_word' id='word_1_389' title='bbox 2446 2230 2499 2285; x_wconf 88' lang='lat' dir='ltr'><strong>in</strong></span> <span class='ocrx_word' id='word_1_390' title='bbox 2540 2229 2784 2287; x_wconf 83' lang='lat' dir='ltr'><strong>tabernis</strong></span> <span class='ocrx_word' id='word_1_391' title='bbox 2827 2232 2995 2288; x_wconf 86' lang='lat' dir='ltr'><strong>bibat.</strong></span> <span class='ocrx_word' id='word_1_392' title='bbox 3034 2222 3417 2306; x_wconf 81' lang='lat' dir='ltr'><strong>Unusquisque</strong></span> <span class='ocrx_word' id='word_1_393' title='bbox 3451 2245 3732 2301; x_wconf 81' lang='lat' dir='ltr'><strong>vestrum,</strong></span> 
     </span>
    </p>
   </div>
   <div class='ocr_carea' id='block_1_53' title="bbox 2153 2324 3732 2399">
    <p class='ocr_par' dir='ltr' id='par_1_53' title="bbox 2153 2324 3732 2399">
     <span class='ocr_line' id='line_1_53' title="bbox 2153 2324 3732 2399; baseline 0.004 -26"><span class='ocrx_word' id='word_1_394' title='bbox 2153 2331 2412 2393; x_wconf 88' lang='lat' dir='ltr'><strong>quantum</strong></span> <span class='ocrx_word' id='word_1_395' title='bbox 2444 2324 2604 2393; x_wconf 90' lang='lat' dir='ltr'><strong>sapit,</strong></span> <span class='ocrx_word' id='word_1_396' title='bbox 2630 2324 2773 2393; x_wconf 77' lang='lat' dir='ltr'><strong>plebi</strong></span> <span class='ocrx_word' id='word_1_397' title='bbox 2803 2340 2914 2380; x_wconf 71' lang='lat' dir='ltr'><strong>sua:</strong></span> <span class='ocrx_word' id='word_1_398' title='bbox 2938 2327 3004 2380; x_wconf 89' lang='lat' dir='ltr'><strong>de</strong></span> <span class='ocrx_word' id='word_1_399' title='bbox 3026 2327 3321 2399; x_wconf 77' lang='lat' dir='ltr'><strong>Evangelia</strong></span> <span class='ocrx_word' id='word_1_400' title='bbox 3344 2327 3732 2395; x_wconf 72' lang='lat' dir='ltr'><strong>vel&#39;Apostoio,</strong></span> 
     </span>
    </p>
   </div>
   <div class='ocr_carea' id='block_1_54' title="bbox 2153 2411 3731 2482">
    <p class='ocr_par' dir='ltr' id='par_1_54' title="bbox 2153 2411 3731 2482">
     <span class='ocr_line' id='line_1_54' title="bbox 2153 2411 3731 2482; baseline 0.003 -17"><span class='ocrx_word' id='word_1_401' title='bbox 2153 2413 2238 2466; x_wconf 89' lang='lat' dir='ltr'><strong>die</strong></span> <span class='ocrx_word' id='word_1_402' title='bbox 2268 2411 2575 2478; x_wconf 88' lang='lat' dir='ltr'><strong>Dotuiuico,</strong></span> <span class='ocrx_word' id='word_1_403' title='bbox 2610 2413 2692 2468; x_wconf 85' lang='lat' dir='ltr'><strong>vel</strong></span> <span class='ocrx_word' id='word_1_404' title='bbox 2725 2413 2878 2469; x_wconf 78' lang='lat' dir='ltr'><strong>festis</strong></span> <span class='ocrx_word' id='word_1_405' title='bbox 2909 2414 3127 2480; x_wconf 89' lang='lat' dir='ltr'><strong>diebus,</strong></span> <span class='ocrx_word' id='word_1_406' title='bbox 3158 2417 3465 2471; x_wconf 90' lang='lat' dir='ltr'><strong>auuuntiet.</strong></span> <span class='ocrx_word' id='word_1_407' title='bbox 3501 2416 3731 2482; x_wconf 61' lang='lat' dir='ltr'><strong>Verbum</strong></span> 
     </span>
    </p>
   </div>
   <div class='ocr_carea' id='block_1_55' title="bbox 2153 2502 3734 2577">
    <p class='ocr_par' dir='ltr' id='par_1_55' title="bbox 2153 2502 3734 2577">
     <span class='ocr_line' id='line_1_55' title="bbox 2153 2502 3734 2577; baseline 0 -19"><span class='ocrx_word' id='word_1_408' title='bbox 2153 2502 2362 2560; x_wconf 88' lang='lat' dir='ltr'><strong>Domini</strong></span> <span class='ocrx_word' id='word_1_409' title='bbox 2394 2504 2599 2560; x_wconf 86' lang='lat' dir='ltr'><strong>debetis</strong></span> <span class='ocrx_word' id='word_1_410' title='bbox 2627 2503 2941 2576; x_wconf 73' lang='lat' dir='ltr'><strong>praedicare.</strong></span> <span class='ocrx_word' id='word_1_411' title='bbox 2980 2506 3176 2561; x_wconf 89' lang='lat' dir='ltr'><strong>Curam</strong></span> <span class='ocrx_word' id='word_1_412' title='bbox 3203 2506 3499 2577; x_wconf 83' lang='lat' dir='ltr'><strong>pauperum</strong></span> <span class='ocrx_word' id='word_1_413' title='bbox 3523 2546 3540 2571; x_wconf 86' lang='lat'><strong>,</strong></span> <span class='ocrx_word' id='word_1_414' title='bbox 3582 2520 3734 2574; x_wconf 58' lang='lat' dir='ltr'><strong>pere.</strong></span> 
     </span>
    </p>
   </div>
   <div class='ocr_carea' id='block_1_56' title="bbox 2152 2595 3729 2668">
    <p class='ocr_par' dir='ltr' id='par_1_56' title="bbox 2152 2595 3729 2668">
     <span class='ocr_line' id='line_1_56' title="bbox 2152 2595 3729 2668; baseline 0.001 -20"><span class='ocrx_word' id='word_1_415' title='bbox 2152 2595 2427 2665; x_wconf 78' lang='lat' dir='ltr'><strong>grinorum</strong></span> <span class='ocrx_word' id='word_1_416' title='bbox 2462 2604 2517 2650; x_wconf 90' lang='lat' dir='ltr'><strong>et</strong></span> <span class='ocrx_word' id='word_1_417' title='bbox 2546 2597 2911 2666; x_wconf 87' lang='lat' dir='ltr'><strong>orphanorum</strong></span> <span class='ocrx_word' id='word_1_418' title='bbox 2959 2598 3179 2664; x_wconf 90' lang='lat' dir='ltr'><strong>habete,</strong></span> <span class='ocrx_word' id='word_1_419' title='bbox 3221 2614 3315 2653; x_wconf 87' lang='lat' dir='ltr'><strong>cos</strong></span> <span class='ocrx_word' id='word_1_420' title='bbox 3339 2599 3406 2652; x_wconf 92' lang='lat' dir='ltr'><strong>ad</strong></span> <span class='ocrx_word' id='word_1_421' title='bbox 3452 2598 3729 2668; x_wconf 79' lang='lat' dir='ltr'><strong>prandiola</strong></span> 
     </span>
    </p>
   </div>
   <div class='ocr_carea' id='block_1_57' title="bbox 2154 2676 3732 2759">
    <p class='ocr_par' dir='ltr' id='par_1_57' title="bbox 2154 2676 3732 2759">
     <span class='ocr_line' id='line_1_57' title="bbox 2154 2676 3732 2759; baseline 0.003 -19"><span class='ocrx_word' id='word_1_422' title='bbox 2154 2695 2332 2740; x_wconf 81' lang='lat' dir='ltr'><strong>veStra</strong></span> <span class='ocrx_word' id='word_1_423' title='bbox 2375 2676 2615 2740; x_wconf 82' lang='lat' dir='ltr'><strong>invitato.</strong></span> <span class='ocrx_word' id='word_1_424' title='bbox 2662 2686 2845 2743; x_wconf 81' lang='lat' dir='ltr'><strong>Estote</strong></span> <span class='ocrx_word' id='word_1_425' title='bbox 2890 2689 3219 2759; x_wconf 86' lang='lat' dir='ltr'><strong>hospitales,</strong></span> <span class='ocrx_word' id='word_1_426' title='bbox 3270 2698 3330 2743; x_wconf 91' lang='lat' dir='ltr'><strong>ut</strong></span> <span class='ocrx_word' id='word_1_427' title='bbox 3372 2688 3460 2743; x_wconf 87' lang='lat' dir='ltr'><strong>alii</strong></span> <span class='ocrx_word' id='word_1_428' title='bbox 3509 2704 3543 2742; x_wconf 90' lang='lat' dir='ltr'><strong>a</strong></span> <span class='ocrx_word' id='word_1_429' title='bbox 3583 2688 3732 2744; x_wconf 73' lang='lat' dir='ltr'><strong>vobis</strong></span> 
     </span>
    </p>
   </div>
   <div class='ocr_carea' id='block_1_58' title="bbox 2151 2774 2949 2844">
    <p class='ocr_par' dir='ltr' id='par_1_58' title="bbox 2151 2774 2949 2844">
     <span class='ocr_line' id='line_1_58' title="bbox 2151 2774 2949 2844; baseline 0 -14"><span class='ocrx_word' id='word_1_430' title='bbox 2151 2775 2454 2844; x_wconf 76' lang='lat' dir='ltr'><strong>exemplum</strong></span> <span class='ocrx_word' id='word_1_431' title='bbox 2485 2774 2679 2830; x_wconf 84' lang='lat' dir='ltr'><strong>bonum</strong></span> <span class='ocrx_word' id='word_1_432' title='bbox 2712 2786 2949 2831; x_wconf 88' lang='lat' dir='ltr'><strong>sumant.</strong></span> 
     </span>
    </p>
   </div>
   <div class='ocr_carea' id='block_1_59' title="bbox 2221 2866 3731 2939">
    <p class='ocr_par' dir='ltr' id='par_1_59' title="bbox 2221 2866 3731 2939">
     <span class='ocr_line' id='line_1_59' title="bbox 2221 2866 3731 2939; baseline 0.002 -19"><span class='ocrx_word' id='word_1_433' title='bbox 2221 2866 2380 2920; x_wconf 88' lang='lat' dir='ltr'><strong>Omni</strong></span> <span class='ocrx_word' id='word_1_434' title='bbox 2419 2866 2505 2920; x_wconf 84' lang='lat' dir='ltr'><strong>die</strong></span> <span class='ocrx_word' id='word_1_435' title='bbox 2536 2866 2811 2923; x_wconf 83' lang='lat' dir='ltr'><strong>Dominica</strong></span> <span class='ocrx_word' id='word_1_436' title='bbox 2846 2877 2973 2923; x_wconf 90' lang='lat' dir='ltr'><strong>ante</strong></span> <span class='ocrx_word' id='word_1_437' title='bbox 3013 2868 3231 2924; x_wconf 86' lang='lat' dir='ltr'><strong>missam</strong></span> <span class='ocrx_word' id='word_1_438' title='bbox 3274 2883 3469 2939; x_wconf 87' lang='lat' dir='ltr'><strong>aquam</strong></span> <span class='ocrx_word' id='word_1_439' title='bbox 3513 2869 3731 2923; x_wconf 79' lang='lat' dir='ltr'><strong>benedi-</strong></span> 
     </span>
    </p>
   </div>
   <div class='ocr_carea' id='block_1_60' title="bbox 2153 2957 3730 3032">
    <p class='ocr_par' dir='ltr' id='par_1_60' title="bbox 2153 2957 3730 3032">
     <span class='ocr_line' id='line_1_60' title="bbox 2153 2957 3730 3032; baseline 0.003 -18"><span class='ocrx_word' id='word_1_440' title='bbox 2153 2967 2292 3014; x_wconf 83' lang='lat' dir='ltr'><strong>ctam</strong></span> <span class='ocrx_word' id='word_1_441' title='bbox 2339 2957 2533 3024; x_wconf 81' lang='lat' dir='ltr'><strong>facile,</strong></span> <span class='ocrx_word' id='word_1_442' title='bbox 2570 2960 2713 3015; x_wconf 89' lang='lat' dir='ltr'><strong>unde</strong></span> <span class='ocrx_word' id='word_1_443' title='bbox 2758 2961 2985 3031; x_wconf 84' lang='lat' dir='ltr'><strong>papulas</strong></span> <span class='ocrx_word' id='word_1_444' title='bbox 3020 2974 3337 3032; x_wconf 79' lang='lat' dir='ltr'><strong>aspergatur</strong></span> <span class='ocrx_word' id='word_1_445' title='bbox 3374 2981 3387 3018; x_wconf 90' lang='lat'><strong>:</strong></span> <span class='ocrx_word' id='word_1_446' title='bbox 3428 2972 3481 3017; x_wconf 90' lang='lat' dir='ltr'><strong>et</strong></span> <span class='ocrx_word' id='word_1_447' title='bbox 3516 2965 3585 3018; x_wconf 88' lang='lat' dir='ltr'><strong>ad</strong></span> <span class='ocrx_word' id='word_1_448' title='bbox 3633 2965 3730 3019; x_wconf 81' lang='lat' dir='ltr'><strong>hoc</strong></span> 
     </span>
    </p>
   </div>
   <div class='ocr_carea' id='block_1_61' title="bbox 2152 3049 3729 3114">
    <p class='ocr_par' dir='ltr' id='par_1_61' title="bbox 2152 3049 3729 3114">
     <span class='ocr_line' id='line_1_61' title="bbox 2152 3049 3729 3114; baseline 0.003 -11"><span class='ocrx_word' id='word_1_449' title='bbox 2152 3049 2321 3103; x_wconf 89' lang='lat' dir='ltr'><strong>solum</strong></span> <span class='ocrx_word' id='word_1_450' title='bbox 2350 3063 2446 3104; x_wconf 91' lang='lat' dir='ltr'><strong>vas</strong></span> <span class='ocrx_word' id='word_1_451' title='bbox 2476 3050 2688 3104; x_wconf 86' lang='lat' dir='ltr'><strong>habete.</strong></span> <span class='ocrx_word' id='word_1_452' title='bbox 2725 3050 2890 3104; x_wconf 75' lang='lat' dir='ltr'><strong>Sacra</strong></span> <span class='ocrx_word' id='word_1_453' title='bbox 2922 3065 3079 3114; x_wconf 86' lang='lat' dir='ltr'><strong>vasa,</strong></span> <span class='ocrx_word' id='word_1_454' title='bbox 3109 3062 3164 3105; x_wconf 86' lang='lat' dir='ltr'><strong>et</strong></span> <span class='ocrx_word' id='word_1_455' title='bbox 3198 3052 3519 3108; x_wconf 80' lang='lat' dir='ltr'><strong>vestimenta</strong></span> <span class='ocrx_word' id='word_1_456' title='bbox 3550 3069 3729 3108; x_wconf 83' lang='lat' dir='ltr'><strong>sacer-</strong></span> 
     </span>
    </p>
   </div>
   <div class='ocr_carea' id='block_1_62' title="bbox 2151 3128 3728 3214">
    <p class='ocr_par' dir='ltr' id='par_1_62' title="bbox 2151 3128 3728 3214">
     <span class='ocr_line' id='line_1_62' title="bbox 2151 3128 3728 3214; baseline 0.003 -18"><span class='ocrx_word' id='word_1_457' title='bbox 2151 3141 2375 3205; x_wconf 82' lang='lat' dir='ltr'><strong>dotalia,</strong></span> <span class='ocrx_word' id='word_1_458' title='bbox 2408 3141 2574 3195; x_wconf 90' lang='lat' dir='ltr'><strong>nolite</strong></span> <span class='ocrx_word' id='word_1_459' title='bbox 2604 3142 2655 3195; x_wconf 89' lang='lat' dir='ltr'><strong>in</strong></span> <span class='ocrx_word' id='word_1_460' title='bbox 2687 3142 2908 3213; x_wconf 87' lang='lat' dir='ltr'><strong>pignore</strong></span> <span class='ocrx_word' id='word_1_461' title='bbox 2933 3143 3069 3199; x_wconf 82' lang='lat' dir='ltr'><strong>dare</strong></span> <span class='ocrx_word' id='word_1_462' title='bbox 3087 3146 3406 3214; x_wconf 84' lang='lat' dir='ltr'><strong>negotiatori</strong></span> <span class='ocrx_word' id='word_1_463' title='bbox 3431 3156 3529 3200; x_wconf 78' lang='lat' dir='ltr'><strong>aut</strong></span> <span class='ocrx_word' id='word_1_464' title='bbox 3561 3128 3728 3200; x_wconf 36' lang='lat' dir='ltr'><strong>taliet?-</strong></span> 
     </span>
    </p>
   </div>
   <div class='ocr_carea' id='block_1_63' title="bbox 2152 3228 3731 3304">
    <p class='ocr_par' dir='ltr' id='par_1_63' title="bbox 2152 3228 3731 3304">
     <span class='ocr_line' id='line_1_63' title="bbox 2152 3228 3731 3304; baseline 0.001 -18"><span class='ocrx_word' id='word_1_465' title='bbox 2152 3233 2322 3286; x_wconf 87' lang='lat' dir='ltr'><strong>nario.</strong></span> <span class='ocrx_word' id='word_1_466' title='bbox 2364 3228 2552 3285; x_wconf 86' lang='lat' dir='ltr'><strong>Nullus</strong></span> <span class='ocrx_word' id='word_1_467' title='bbox 2590 3243 2822 3284; x_wconf 82' lang='lat' dir='ltr'><strong>vestrum</strong></span> <span class='ocrx_word' id='word_1_468' title='bbox 2863 3247 3053 3287; x_wconf 88' lang='lat' dir='ltr'><strong>usuras</strong></span> <span class='ocrx_word' id='word_1_469' title='bbox 3094 3233 3307 3304; x_wconf 80' lang='lat' dir='ltr'><strong>exigat,</strong></span> <span class='ocrx_word' id='word_1_470' title='bbox 3345 3243 3402 3289; x_wconf 88' lang='lat' dir='ltr'><strong>et</strong></span> <span class='ocrx_word' id='word_1_471' title='bbox 3433 3237 3731 3291; x_wconf 84' lang='lat' dir='ltr'><strong>conductor</strong></span> 
     </span>
    </p>
   </div>
   <div class='ocr_carea' id='block_1_64' title="bbox 2151 3320 3728 3398">
    <p class='ocr_par' dir='ltr' id='par_1_64' title="bbox 2151 3320 3728 3398">
     <span class='ocr_line' id='line_1_64' title="bbox 2151 3320 3728 3398; baseline 0.001 -19"><span class='ocrx_word' id='word_1_472' title='bbox 2151 3325 2231 3379; x_wconf 88' lang='lat' dir='ltr'><strong>sui</strong></span> <span class='ocrx_word' id='word_1_473' title='bbox 2260 3323 2460 3379; x_wconf 79' lang='lat' dir='ltr'><strong>fenoris</strong></span> <span class='ocrx_word' id='word_1_474' title='bbox 2482 3322 2701 3379; x_wconf 76' lang='lat' dir='ltr'><strong>existat.</strong></span> <span class='ocrx_word' id='word_1_475' title='bbox 2726 3320 2833 3378; x_wconf 82' lang='lat' dir='ltr'><strong>Res</strong></span> <span class='ocrx_word' id='word_1_476' title='bbox 2860 3328 2914 3379; x_wconf 86' lang='lat' dir='ltr'><strong>et</strong></span> <span class='ocrx_word' id='word_1_477' title='bbox 2943 3321 3246 3389; x_wconf 82' lang='lat' dir='ltr'><strong>facultates,</strong></span> <span class='ocrx_word' id='word_1_478' title='bbox 3278 3342 3414 3397; x_wconf 83' lang='lat' dir='ltr'><strong>quas</strong></span> <span class='ocrx_word' id='word_1_479' title='bbox 3441 3337 3567 3398; x_wconf 80' lang='lat' dir='ltr'><strong>post</strong></span> <span class='ocrx_word' id='word_1_480' title='bbox 3592 3328 3728 3382; x_wconf 89' lang='lat' dir='ltr'><strong>diem</strong></span> 
     </span>
    </p>
   </div>
   <div class='ocr_carea' id='block_1_65' title="bbox 2150 3413 3727 3484">
    <p class='ocr_par' dir='ltr' id='par_1_65' title="bbox 2150 3413 3727 3484">
     <span class='ocr_line' id='line_1_65' title="bbox 2150 3413 3727 3484; baseline 0.001 -17"><span class='ocrx_word' id='word_1_481' title='bbox 2150 3413 2509 3467; x_wconf 88' lang='lat' dir='ltr'><strong>ordinationis</strong></span> <span class='ocrx_word' id='word_1_482' title='bbox 2537 3422 2727 3483; x_wconf 73' lang='lat' dir='ltr'><strong>vestra:</strong></span> <span class='ocrx_word' id='word_1_483' title='bbox 2761 3415 3076 3484; x_wconf 87' lang='lat' dir='ltr'><strong>acquiritis,</strong></span> <span class='ocrx_word' id='word_1_484' title='bbox 3122 3416 3306 3470; x_wconf 84' lang='lat' dir='ltr'><strong>sciatis</strong></span> <span class='ocrx_word' id='word_1_485' title='bbox 3349 3416 3416 3469; x_wconf 90' lang='lat' dir='ltr'><strong>ad</strong></span> <span class='ocrx_word' id='word_1_486' title='bbox 3445 3416 3727 3470; x_wconf 75' lang='lat' dir='ltr'><strong>ecclesiam</strong></span> 
     </span>
    </p>
   </div>
   <div class='ocr_carea' id='block_1_66' title="bbox 450 3501 3733 3592">
    <p class='ocr_par' dir='ltr' id='par_1_66' title="bbox 450 3501 3733 3592">
     <span class='ocr_line' id='line_1_66' title="bbox 450 3501 3733 3592; baseline 0.002 -40"><span class='ocrx_word' id='word_1_487' title='bbox 450 3517 647 3591; x_wconf 48' lang='lat' dir='ltr'><strong>super</strong></span> <span class='ocrx_word' id='word_1_488' title='bbox 683 3518 854 3576; x_wconf 56' lang='lat' dir='ltr'><strong>mare</strong></span> <span class='ocrx_word' id='word_1_489' title='bbox 884 3518 1016 3573; x_wconf 52' lang='lat' dir='ltr'><strong>nihil</strong></span> <span class='ocrx_word' id='word_1_490' title='bbox 1048 3528 1293 3589; x_wconf 59' lang='lat' dir='ltr'><strong>nmmum</strong></span> <span class='ocrx_word' id='word_1_491' title='bbox 1336 3520 1438 3576; x_wconf 63' lang='lat' dir='ltr'><strong>ms;</strong></span> <span class='ocrx_word' id='word_1_492' title='bbox 1476 3536 1652 3591; x_wconf 54' lang='lat' dir='ltr'><strong>capsa,</strong></span> <span class='ocrx_word' id='word_1_493' title='bbox 1691 3529 1746 3577; x_wconf 64' lang='grc' dir='ltr'>ει</span> <span class='ocrx_word' id='word_1_494' title='bbox 1784 3522 2052 3592; x_wconf 43' lang='lat' dir='ltr'><strong>reliqum,</strong></span> <span class='ocrx_word' id='word_1_495' title='bbox 2079 3518 2126 3581; x_wconf 71' lang='grc' dir='ltr'>ο</span> <span class='ocrx_word' id='word_1_496' title='bbox 2157 3504 2447 3575; x_wconf 78' lang='lat' dir='ltr'><strong>pertinere.</strong></span> <span class='ocrx_word' id='word_1_497' title='bbox 2487 3501 2683 3579; x_wconf 8' lang='lat' dir='ltr'><strong>Nullus;</strong></span> <span class='ocrx_word' id='word_1_498' title='bbox 2716 3503 2832 3559; x_wconf 87' lang='lat' dir='ltr'><strong>sine</strong></span> <span class='ocrx_word' id='word_1_499' title='bbox 2869 3504 3093 3559; x_wconf 87' lang='lat' dir='ltr'><strong>scientia</strong></span> <span class='ocrx_word' id='word_1_500' title='bbox 3136 3515 3192 3560; x_wconf 92' lang='lat' dir='ltr'><strong>ct</strong></span> <span class='ocrx_word' id='word_1_501' title='bbox 3233 3521 3505 3571; x_wconf 85' lang='lat' dir='ltr'><strong>consensu</strong></span> <span class='ocrx_word' id='word_1_502' title='bbox 3549 3515 3733 3560; x_wconf 86' lang='lat' dir='ltr'><strong>nostro</strong></span> 
     </span>
    </p>
   </div>
   <div class='ocr_carea' id='block_1_67' title="bbox 473 3608 2049 3681">
    <p class='ocr_par' dir='ltr' id='par_1_67' title="bbox 473 3608 2049 3681">
     <span class='ocr_line' id='line_1_67' title="bbox 473 3608 2049 3681; baseline 0.003 -19"><span class='ocrx_word' id='word_1_503' title='bbox 473 3617 569 3664; x_wconf 90' lang='lat' dir='ltr'><strong>aut</strong></span> <span class='ocrx_word' id='word_1_504' title='bbox 598 3608 737 3664; x_wconf 78' lang='lat' dir='ltr'><strong>forte</strong></span> <span class='ocrx_word' id='word_1_505' title='bbox 759 3617 992 3678; x_wconf 89' lang='lat' dir='ltr'><strong>quatuor</strong></span> <span class='ocrx_word' id='word_1_506' title='bbox 1023 3608 1335 3679; x_wconf 79' lang='lat' dir='ltr'><strong>Evangelia,</strong></span> <span class='ocrx_word' id='word_1_507' title='bbox 1366 3618 1419 3664; x_wconf 87' lang='lat' dir='ltr'><strong>et</strong></span> <span class='ocrx_word' id='word_1_508' title='bbox 1448 3611 1647 3666; x_wconf 82' lang='lat' dir='ltr'><strong>buxida</strong></span> <span class='ocrx_word' id='word_1_509' title='bbox 1676 3628 1796 3666; x_wconf 90' lang='lat' dir='ltr'><strong>cum</strong></span> <span class='ocrx_word' id='word_1_510' title='bbox 1823 3628 2049 3681; x_wconf 86' lang='lat' dir='ltr'><strong>corpore</strong></span> 
     </span>
    </p>
   </div>
   <div class='ocr_carea' id='block_1_68' title="bbox 462 3697 2050 3765">
    <p class='ocr_par' dir='ltr' id='par_1_68' title="bbox 462 3697 2050 3765">
     <span class='ocr_line' id='line_1_68' title="bbox 462 3697 2050 3765; baseline 0.003 -11"><span class='ocrx_word' id='word_1_511' title='bbox 462 3700 683 3756; x_wconf 75' lang='lat' dir='ltr'><strong>Domini</strong></span> <span class='ocrx_word' id='word_1_512' title='bbox 726 3697 794 3754; x_wconf 87' lang='lat' dir='ltr'><strong>ad</strong></span> <span class='ocrx_word' id='word_1_513' title='bbox 836 3698 1116 3765; x_wconf 67' lang='lat' dir='ltr'><strong>inﬁrmos;</strong></span> <span class='ocrx_word' id='word_1_514' title='bbox 1155 3709 1350 3755; x_wconf 67' lang='lat' dir='ltr'><strong>caetera</strong></span> <span class='ocrx_word' id='word_1_515' title='bbox 1389 3700 1442 3755; x_wconf 92' lang='lat' dir='ltr'><strong>in</strong></span> <span class='ocrx_word' id='word_1_516' title='bbox 1484 3702 1651 3757; x_wconf 89' lang='lat' dir='ltr'><strong>nitido</strong></span> <span class='ocrx_word' id='word_1_517' title='bbox 1697 3703 1815 3758; x_wconf 88' lang='lat' dir='ltr'><strong>loco</strong></span> <span class='ocrx_word' id='word_1_518' title='bbox 1858 3719 2050 3758; x_wconf 86' lang='lat' dir='ltr'><strong>recon-</strong></span> 
     </span>
    </p>
   </div>
   <div class='ocr_carea' id='block_1_69' title="bbox 468 3792 1775 3850">
    <p class='ocr_par' dir='ltr' id='par_1_69' title="bbox 468 3792 1775 3850">
     <span class='ocr_line' id='line_1_69' title="bbox 468 3792 1775 3850; baseline 0.002 -5"><span class='ocrx_word' id='word_1_519' title='bbox 468 3792 684 3845; x_wconf 81' lang='lat' dir='ltr'><strong>dantur.</strong></span> <span class='ocrx_word' id='word_1_520' title='bbox 1537 3847 1539 3850; x_wconf 28' lang='lat'><strong>,</strong></span> <span class='ocrx_word' id='word_1_521' title='bbox 1734 3844 1735 3847; x_wconf 44' lang='grc' dir='ltr'><strong>η</strong></span> <span class='ocrx_word' id='word_1_522' title='bbox 1774 3844 1775 3847; x_wconf 44' lang='grc' dir='ltr'><strong>η</strong></span> 
     </span>
    </p>
   </div>
   <div class='ocr_carea' id='block_1_70' title="bbox 539 3866 2045 3951">
    <p class='ocr_par' dir='ltr' id='par_1_70' title="bbox 539 3866 2045 3951">
     <span class='ocr_line' id='line_1_70' title="bbox 539 3866 2045 3951; baseline 0 -17"><span class='ocrx_word' id='word_1_523' title='bbox 539 3879 758 3936; x_wconf 69' lang='lat' dir='ltr'><strong>Missale</strong></span> <span class='ocrx_word' id='word_1_524' title='bbox 803 3879 1137 3949; x_wconf 86' lang='lat' dir='ltr'><strong>plenarium,</strong></span> <span class='ocrx_word' id='word_1_525' title='bbox 1177 3866 1574 3935; x_wconf 86' lang='lat' dir='ltr'><strong>Lectionarium</strong></span> <span class='ocrx_word' id='word_1_526' title='bbox 1616 3888 1672 3933; x_wconf 89' lang='lat' dir='ltr'><strong>et</strong></span> <span class='ocrx_word' id='word_1_527' title='bbox 1710 3879 2045 3951; x_wconf 15' lang='lat' dir='ltr'><strong>Antiphonae-</strong></span> 
     </span>
    </p>
   </div>
   <div class='ocr_carea' id='block_1_71' title="bbox 472 3970 2051 4043">
    <p class='ocr_par' dir='ltr' id='par_1_71' title="bbox 472 3970 2051 4043">
     <span class='ocr_line' id='line_1_71' title="bbox 472 3970 2051 4043; baseline 0.001 -18"><span class='ocrx_word' id='word_1_528' title='bbox 472 3973 612 4027; x_wconf 88' lang='lat' dir='ltr'><strong>rium</strong></span> <span class='ocrx_word' id='word_1_529' title='bbox 642 3986 977 4043; x_wconf 72' lang='lat' dir='ltr'><strong>ttnaqumque</strong></span> <span class='ocrx_word' id='word_1_530' title='bbox 1005 3971 1236 4026; x_wconf 88' lang='lat' dir='ltr'><strong>ecclesia</strong></span> <span class='ocrx_word' id='word_1_531' title='bbox 1278 3972 1493 4026; x_wconf 88' lang='lat' dir='ltr'><strong>habeat.</strong></span> <span class='ocrx_word' id='word_1_532' title='bbox 1522 3970 1698 4026; x_wconf 86' lang='lat' dir='ltr'><strong>Locus</strong></span> <span class='ocrx_word' id='word_1_533' title='bbox 1735 3971 1784 4025; x_wconf 86' lang='lat' dir='ltr'><strong>in</strong></span> <span class='ocrx_word' id='word_1_534' title='bbox 1811 3974 2051 4027; x_wconf 76' lang='lat' dir='ltr'><strong>sacrario</strong></span> 
     </span>
    </p>
   </div>
   <div class='ocr_carea' id='block_1_72' title="bbox 465 4058 2047 4130">
    <p class='ocr_par' dir='ltr' id='par_1_72' title="bbox 465 4058 2047 4130">
     <span class='ocr_line' id='line_1_72' title="bbox 465 4058 2047 4130; baseline 0.001 -15"><span class='ocrx_word' id='word_1_535' title='bbox 465 4070 563 4115; x_wconf 77' lang='lat' dir='ltr'><strong>aut</strong></span> <span class='ocrx_word' id='word_1_536' title='bbox 603 4058 760 4126; x_wconf 78' lang='lat' dir='ltr'><strong>juxta</strong></span> <span class='ocrx_word' id='word_1_537' title='bbox 802 4061 977 4116; x_wconf 87' lang='lat' dir='ltr'><strong>altare</strong></span> <span class='ocrx_word' id='word_1_538' title='bbox 1014 4060 1086 4115; x_wconf 87' lang='lat' dir='ltr'><strong>sit</strong></span> <span class='ocrx_word' id='word_1_539' title='bbox 1129 4069 1497 4130; x_wconf 67' lang='lat' dir='ltr'><strong>praeparatus,</strong></span> <span class='ocrx_word' id='word_1_540' title='bbox 1540 4061 1629 4114; x_wconf 85' lang='lat' dir='ltr'><strong>ubi</strong></span> <span class='ocrx_word' id='word_1_541' title='bbox 1672 4076 1807 4129; x_wconf 81' lang='lat' dir='ltr'><strong>aqua</strong></span> <span class='ocrx_word' id='word_1_542' title='bbox 1850 4061 2047 4116; x_wconf 72' lang='lat' dir='ltr'><strong>eil’aadi</strong></span> 
     </span>
    </p>
   </div>
   <div class='ocr_carea' id='block_1_73' title="bbox 466 4150 2048 4220">
    <p class='ocr_par' dir='ltr' id='par_1_73' title="bbox 466 4150 2048 4220">
     <span class='ocr_line' id='line_1_73' title="bbox 466 4150 2048 4220; baseline 0.003 -15"><span class='ocrx_word' id='word_1_543' title='bbox 466 4152 641 4220; x_wconf 76' lang='lat' dir='ltr'><strong>possit</strong></span> <span class='ocrx_word' id='word_1_544' title='bbox 671 4150 891 4220; x_wconf 78' lang='lat' dir='ltr'><strong>quando</strong></span> <span class='ocrx_word' id='word_1_545' title='bbox 917 4165 1072 4206; x_wconf 87' lang='lat' dir='ltr'><strong>sacra</strong></span> <span class='ocrx_word' id='word_1_546' title='bbox 1109 4165 1239 4205; x_wconf 82' lang='lat' dir='ltr'><strong>vasa</strong></span> <span class='ocrx_word' id='word_1_547' title='bbox 1266 4150 1575 4212; x_wconf 84' lang='lat' dir='ltr'><strong>abluuntur,</strong></span> <span class='ocrx_word' id='word_1_548' title='bbox 1610 4162 1664 4206; x_wconf 89' lang='lat' dir='ltr'><strong>et</strong></span> <span class='ocrx_word' id='word_1_549' title='bbox 1692 4152 1763 4206; x_wconf 91' lang='lat' dir='ltr'><strong>ibi</strong></span> <span class='ocrx_word' id='word_1_550' title='bbox 1801 4166 1893 4207; x_wconf 88' lang='lat' dir='ltr'><strong>vas</strong></span> <span class='ocrx_word' id='word_1_551' title='bbox 1922 4152 2048 4210; x_wconf 73' lang='lat' dir='ltr'><strong>niti?-</strong></span> 
     </span>
    </p>
   </div>
   <div class='ocr_carea' id='block_1_74' title="bbox 470 4241 2053 4311">
    <p class='ocr_par' dir='ltr' id='par_1_74' title="bbox 470 4241 2053 4311">
     <span class='ocr_line' id='line_1_74' title="bbox 470 4241 2053 4311; baseline -0.002 -12"><span class='ocrx_word' id='word_1_552' title='bbox 470 4241 598 4299; x_wconf 79' lang='lat' dir='ltr'><strong>dutn</strong></span> <span class='ocrx_word' id='word_1_553' title='bbox 640 4244 763 4296; x_wconf 86' lang='lat' dir='ltr'><strong>cum</strong></span> <span class='ocrx_word' id='word_1_554' title='bbox 790 4254 929 4311; x_wconf 86' lang='lat' dir='ltr'><strong>aqua</strong></span> <span class='ocrx_word' id='word_1_555' title='bbox 966 4241 1302 4310; x_wconf 85' lang='lat' dir='ltr'><strong>dependeat,</strong></span> <span class='ocrx_word' id='word_1_556' title='bbox 1345 4241 1526 4309; x_wconf 86' lang='lat' dir='ltr'><strong>ibique</strong></span> <span class='ocrx_word' id='word_1_557' title='bbox 1567 4242 1818 4297; x_wconf 72' lang='lat' dir='ltr'><strong>sacerdos</strong></span> <span class='ocrx_word' id='word_1_558' title='bbox 1861 4255 2053 4296; x_wconf 86' lang='lat' dir='ltr'><strong>manus</strong></span> 
     </span>
    </p>
   </div>
   <div class='ocr_carea' id='block_1_75' title="bbox 470 4331 2052 4404">
    <p class='ocr_par' dir='ltr' id='par_1_75' title="bbox 470 4331 2052 4404">
     <span class='ocr_line' id='line_1_75' title="bbox 470 4331 2052 4404; baseline 0.001 -18"><span class='ocrx_word' id='word_1_559' title='bbox 470 4332 616 4388; x_wconf 84' lang='lat' dir='ltr'><strong>lavet</strong></span> <span class='ocrx_word' id='word_1_560' title='bbox 658 4342 780 4404; x_wconf 89' lang='lat' dir='ltr'><strong>post</strong></span> <span class='ocrx_word' id='word_1_561' title='bbox 820 4333 1276 4388; x_wconf 83' lang='lat' dir='ltr'><strong>communionem.</strong></span> <span class='ocrx_word' id='word_1_562' title='bbox 1330 4331 1587 4389; x_wconf 79' lang='lat' dir='ltr'><strong>Ecclesiae</strong></span> <span class='ocrx_word' id='word_1_563' title='bbox 1631 4333 1740 4387; x_wconf 79' lang='lat' dir='ltr'><strong>sint</strong></span> <span class='ocrx_word' id='word_1_564' title='bbox 1786 4343 2052 4401; x_wconf 69' lang='lat' dir='ltr'><strong>coopetla‘.</strong></span> 
     </span>
    </p>
   </div>
   <div class='ocr_carea' id='block_1_76' title="bbox 471 4420 2055 4491">
    <p class='ocr_par' dir='ltr' id='par_1_76' title="bbox 471 4420 2055 4491">
     <span class='ocr_line' id='line_1_76' title="bbox 471 4420 2055 4491; baseline -0.001 -13"><span class='ocrx_word' id='word_1_565' title='bbox 471 4423 612 4478; x_wconf 83' lang='lat' dir='ltr'><strong>bene</strong></span> <span class='ocrx_word' id='word_1_566' title='bbox 637 4430 690 4476; x_wconf 91' lang='lat' dir='ltr'><strong>et</strong></span> <span class='ocrx_word' id='word_1_567' title='bbox 709 4429 1022 4485; x_wconf 57' lang='lat' dir='ltr'><strong>camerata,</strong></span> <span class='ocrx_word' id='word_1_568' title='bbox 1046 4430 1103 4476; x_wconf 86' lang='lat' dir='ltr'><strong>et</strong></span> <span class='ocrx_word' id='word_1_569' title='bbox 1129 4422 1325 4475; x_wconf 88' lang='lat' dir='ltr'><strong>atrium</strong></span> <span class='ocrx_word' id='word_1_570' title='bbox 1353 4422 1422 4475; x_wconf 84' lang='lat' dir='ltr'><strong>sit</strong></span> <span class='ocrx_word' id='word_1_571' title='bbox 1450 4436 1591 4491; x_wconf 73' lang='lat' dir='ltr'><strong>saepe</strong></span> <span class='ocrx_word' id='word_1_572' title='bbox 1614 4422 1898 4476; x_wconf 79' lang='lat' dir='ltr'><strong>nntuitum.</strong></span> <span class='ocrx_word' id='word_1_573' title='bbox 1926 4420 2055 4476; x_wconf 85' lang='lat' dir='ltr'><strong>Nul-</strong></span> 
     </span>
    </p>
   </div>
   <div class='ocr_carea' id='block_1_77' title="bbox 470 4509 2053 4582">
    <p class='ocr_par' dir='ltr' id='par_1_77' title="bbox 470 4509 2053 4582">
     <span class='ocr_line' id='line_1_77' title="bbox 470 4509 2053 4582; baseline -0.002 -16"><span class='ocrx_word' id='word_1_574' title='bbox 470 4509 559 4567; x_wconf 81' lang='lat' dir='ltr'><strong>lus</strong></span> <span class='ocrx_word' id='word_1_575' title='bbox 583 4517 738 4567; x_wconf 82' lang='lat' dir='ltr'><strong>extra</strong></span> <span class='ocrx_word' id='word_1_576' title='bbox 774 4509 1058 4567; x_wconf 83' lang='lat' dir='ltr'><strong>ecclesiam</strong></span> <span class='ocrx_word' id='word_1_577' title='bbox 1104 4526 1202 4582; x_wconf 88' lang='lat' dir='ltr'><strong>per</strong></span> <span class='ocrx_word' id='word_1_578' title='bbox 1227 4511 1416 4564; x_wconf 86' lang='lat' dir='ltr'><strong>domos</strong></span> <span class='ocrx_word' id='word_1_579' title='bbox 1444 4519 1536 4565; x_wconf 85' lang='lat' dir='ltr'><strong>aut</strong></span> <span class='ocrx_word' id='word_1_580' title='bbox 1568 4511 1620 4564; x_wconf 91' lang='lat' dir='ltr'><strong>in</strong></span> <span class='ocrx_word' id='word_1_581' title='bbox 1667 4512 1798 4565; x_wconf 89' lang='lat' dir='ltr'><strong>locis</strong></span> <span class='ocrx_word' id='word_1_582' title='bbox 1827 4527 1932 4565; x_wconf 90' lang='lat' dir='ltr'><strong>non</strong></span> <span class='ocrx_word' id='word_1_583' title='bbox 1962 4526 2053 4565; x_wconf 84' lang='lat' dir='ltr'><strong>ca-</strong></span> 
     </span>
    </p>
   </div>
   <div class='ocr_carea' id='block_1_78' title="bbox 475 4600 2050 4672">
    <p class='ocr_par' dir='ltr' id='par_1_78' title="bbox 475 4600 2050 4672">
     <span class='ocr_line' id='line_1_78' title="bbox 475 4600 2050 4672; baseline -0.003 -13"><span class='ocrx_word' id='word_1_584' title='bbox 475 4602 700 4660; x_wconf 80' lang='lat' dir='ltr'><strong>meratis</strong></span> <span class='ocrx_word' id='word_1_585' title='bbox 742 4602 962 4659; x_wconf 88' lang='lat' dir='ltr'><strong>missam</strong></span> <span class='ocrx_word' id='word_1_586' title='bbox 1008 4611 1209 4659; x_wconf 89' lang='lat' dir='ltr'><strong>cantet.</strong></span> <span class='ocrx_word' id='word_1_587' title='bbox 1247 4600 1437 4659; x_wconf 86' lang='lat' dir='ltr'><strong>Onmis</strong></span> <span class='ocrx_word' id='word_1_588' title='bbox 1480 4603 1763 4672; x_wconf 17' lang='lat' dir='ltr'><strong>presbyter,</strong></span> <span class='ocrx_word' id='word_1_589' title='bbox 1795 4603 2050 4660; x_wconf 81' lang='lat' dir='ltr'><strong>clericum</strong></span> 
     </span>
    </p>
   </div>
   <div class='ocr_carea' id='block_1_79' title="bbox 470 4693 2048 4764">
    <p class='ocr_par' dir='ltr' id='par_1_79' title="bbox 470 4693 2048 4764">
     <span class='ocr_line' id='line_1_79' title="bbox 470 4693 2048 4764; baseline -0.002 -13"><span class='ocrx_word' id='word_1_590' title='bbox 470 4696 670 4752; x_wconf 78' lang='lat' dir='ltr'><strong>habeat</strong></span> <span class='ocrx_word' id='word_1_591' title='bbox 705 4704 797 4750; x_wconf 86' lang='lat' dir='ltr'><strong>aut</strong></span> <span class='ocrx_word' id='word_1_592' title='bbox 832 4693 1165 4759; x_wconf 88' lang='lat' dir='ltr'><strong>scholarem,</strong></span> <span class='ocrx_word' id='word_1_593' title='bbox 1196 4695 1287 4764; x_wconf 89' lang='lat' dir='ltr'><strong>qui</strong></span> <span class='ocrx_word' id='word_1_594' title='bbox 1316 4694 1602 4762; x_wconf 84' lang='lat' dir='ltr'><strong>epistolam</strong></span> <span class='ocrx_word' id='word_1_595' title='bbox 1637 4695 1719 4749; x_wconf 85' lang='lat' dir='ltr'><strong>vel</strong></span> <span class='ocrx_word' id='word_1_596' title='bbox 1762 4693 2048 4749; x_wconf 87' lang='lat' dir='ltr'><strong>lectionem</strong></span> 
     </span>
    </p>
   </div>
   <div class='ocr_carea' id='block_1_80' title="bbox 469 4783 2050 4854">
    <p class='ocr_par' dir='ltr' id='par_1_80' title="bbox 469 4783 2050 4854">
     <span class='ocr_line' id='line_1_80' title="bbox 469 4783 2050 4854; baseline -0.001 -15"><span class='ocrx_word' id='word_1_597' title='bbox 469 4783 635 4853; x_wconf 68' lang='lat' dir='ltr'><strong>legat,</strong></span> <span class='ocrx_word' id='word_1_598' title='bbox 662 4791 718 4838; x_wconf 90' lang='lat' dir='ltr'><strong>et</strong></span> <span class='ocrx_word' id='word_1_599' title='bbox 740 4784 805 4839; x_wconf 92' lang='lat' dir='ltr'><strong>ad</strong></span> <span class='ocrx_word' id='word_1_600' title='bbox 834 4786 1056 4839; x_wconf 87' lang='lat' dir='ltr'><strong>missam</strong></span> <span class='ocrx_word' id='word_1_601' title='bbox 1080 4785 1422 4853; x_wconf 81' lang='lat' dir='ltr'><strong>respondeat,</strong></span> <span class='ocrx_word' id='word_1_602' title='bbox 1449 4793 1502 4839; x_wconf 89' lang='lat' dir='ltr'><strong>et</strong></span> <span class='ocrx_word' id='word_1_603' title='bbox 1528 4799 1650 4838; x_wconf 82' lang='lat' dir='ltr'><strong>eum</strong></span> <span class='ocrx_word' id='word_1_604' title='bbox 1677 4798 1784 4854; x_wconf 89' lang='lat' dir='ltr'><strong>quo</strong></span> <span class='ocrx_word' id='word_1_605' title='bbox 1811 4784 2050 4854; x_wconf 83' lang='lat' dir='ltr'><strong>psalmos</strong></span> 
     </span>
    </p>
   </div>
   <div class='ocr_carea' id='block_1_81' title="bbox 470 4870 1535 4945">
    <p class='ocr_par' dir='ltr' id='par_1_81' title="bbox 470 4870 1535 4945">
     <span class='ocr_line' id='line_1_81' title="bbox 470 4870 1535 4945; baseline -0.001 -16"><span class='ocrx_word' id='word_1_606' title='bbox 470 4881 674 4933; x_wconf 84' lang='lat' dir='ltr'><strong>cantet.</strong></span> <span class='ocrx_word' id='word_1_607' title='bbox 707 4870 892 4930; x_wconf 90' lang='lat' dir='ltr'><strong>Nullus</strong></span> <span class='ocrx_word' id='word_1_608' title='bbox 918 4874 1063 4930; x_wconf 87' lang='lat' dir='ltr'><strong>solus</strong></span> <span class='ocrx_word' id='word_1_609' title='bbox 1091 4874 1308 4945; x_wconf 90' lang='lat' dir='ltr'><strong>missam</strong></span> <span class='ocrx_word' id='word_1_610' title='bbox 1335 4881 1535 4930; x_wconf 88' lang='lat' dir='ltr'><strong>cantet.</strong></span> 
     </span>
    </p>
   </div>
   <div class='ocr_carea' id='block_1_82' title="bbox 545 4963 2045 5034">
    <p class='ocr_par' dir='ltr' id='par_1_82' title="bbox 545 4963 2045 5034">
     <span class='ocr_line' id='line_1_82' title="bbox 545 4963 2045 5034; baseline 0.002 -16"><span class='ocrx_word' id='word_1_611' title='bbox 545 4963 733 5019; x_wconf 85' lang='lat' dir='ltr'><strong>Nullus</strong></span> <span class='ocrx_word' id='word_1_612' title='bbox 763 4980 884 5019; x_wconf 90' lang='lat' dir='ltr'><strong>cum</strong></span> <span class='ocrx_word' id='word_1_613' title='bbox 916 4965 1201 5030; x_wconf 87' lang='lat' dir='ltr'><strong>caleariis,</strong></span> <span class='ocrx_word' id='word_1_614' title='bbox 1245 4980 1381 5034; x_wconf 89' lang='lat' dir='ltr'><strong>quos</strong></span> <span class='ocrx_word' id='word_1_615' title='bbox 1418 4979 1677 5034; x_wconf 85' lang='lat' dir='ltr'><strong>sporones</strong></span> <span class='ocrx_word' id='word_1_616' title='bbox 1715 4965 1917 5020; x_wconf 85' lang='lat' dir='ltr'><strong>rustice</strong></span> <span class='ocrx_word' id='word_1_617' title='bbox 1950 4980 2045 5021; x_wconf 84' lang='lat' dir='ltr'><strong>vo-</strong></span> 
     </span>
    </p>
   </div>
   <div class='ocr_carea' id='block_1_83' title="bbox 2151 3596 3732 3673">
    <p class='ocr_par' dir='ltr' id='par_1_83' title="bbox 2151 3596 3732 3673">
     <span class='ocr_line' id='line_1_83' title="bbox 2151 3596 3732 3673; baseline 0.003 -24"><span class='ocrx_word' id='word_1_618' title='bbox 2151 3596 2430 3651; x_wconf 81' lang='lat' dir='ltr'><strong>ccelcsiam</strong></span> <span class='ocrx_word' id='word_1_619' title='bbox 2477 3600 2741 3669; x_wconf 84' lang='lat' dir='ltr'><strong>acquirat.</strong></span> <span class='ocrx_word' id='word_1_620' title='bbox 2787 3598 2972 3656; x_wconf 92' lang='lat' dir='ltr'><strong>Nullus</strong></span> <span class='ocrx_word' id='word_1_621' title='bbox 3013 3617 3109 3670; x_wconf 89' lang='lat' dir='ltr'><strong>per</strong></span> <span class='ocrx_word' id='word_1_622' title='bbox 3145 3611 3464 3673; x_wconf 71' lang='lat' dir='ltr'><strong>poteszatem</strong></span> <span class='ocrx_word' id='word_1_623' title='bbox 3505 3603 3732 3658; x_wconf 67' lang='lat' dir='ltr'><strong>secula-</strong></span> 
     </span>
    </p>
   </div>
   <div class='ocr_carea' id='block_1_84' title="bbox 2153 3689 3731 3764">
    <p class='ocr_par' dir='ltr' id='par_1_84' title="bbox 2153 3689 3731 3764">
     <span class='ocr_line' id='line_1_84' title="bbox 2153 3689 3731 3764; baseline 0.003 -21"><span class='ocrx_word' id='word_1_624' title='bbox 2153 3689 2289 3743; x_wconf 90' lang='lat' dir='ltr'><strong>rinm</strong></span> <span class='ocrx_word' id='word_1_625' title='bbox 2319 3689 2600 3745; x_wconf 85' lang='lat' dir='ltr'><strong>ecclesiam</strong></span> <span class='ocrx_word' id='word_1_626' title='bbox 2637 3690 2901 3747; x_wconf 89' lang='lat' dir='ltr'><strong>obtineat.</strong></span> <span class='ocrx_word' id='word_1_627' title='bbox 2935 3690 3124 3747; x_wconf 82' lang='lat' dir='ltr'><strong>Nullus</strong></span> <span class='ocrx_word' id='word_1_628' title='bbox 3157 3693 3448 3749; x_wconf 89' lang='lat' dir='ltr'><strong>ecclesiam</strong></span> <span class='ocrx_word' id='word_1_629' title='bbox 3473 3694 3541 3748; x_wconf 91' lang='lat' dir='ltr'><strong>ad</strong></span> <span class='ocrx_word' id='word_1_630' title='bbox 3569 3707 3731 3764; x_wconf 86' lang='lat' dir='ltr'><strong>quam</strong></span> 
     </span>
    </p>
   </div>
   <div class='ocr_carea' id='block_1_85' title="bbox 2152 3779 3731 3856">
    <p class='ocr_par' dir='ltr' id='par_1_85' title="bbox 2152 3779 3731 3856">
     <span class='ocr_line' id='line_1_85' title="bbox 2152 3779 3731 3856; baseline 0.003 -23"><span class='ocrx_word' id='word_1_631' title='bbox 2152 3779 2392 3834; x_wconf 73' lang='lat' dir='ltr'><strong>tTtulatns</strong></span> <span class='ocrx_word' id='word_1_632' title='bbox 2430 3790 2513 3834; x_wconf 87' lang='lat' dir='ltr'><strong>est</strong></span> <span class='ocrx_word' id='word_1_633' title='bbox 2550 3782 2845 3852; x_wconf 79' lang='lat' dir='ltr'><strong>relinquat,</strong></span> <span class='ocrx_word' id='word_1_634' title='bbox 2884 3794 2939 3838; x_wconf 90' lang='lat' dir='ltr'><strong>et</strong></span> <span class='ocrx_word' id='word_1_635' title='bbox 2979 3786 3045 3839; x_wconf 90' lang='lat' dir='ltr'><strong>ad</strong></span> <span class='ocrx_word' id='word_1_636' title='bbox 3087 3785 3246 3840; x_wconf 89' lang='lat' dir='ltr'><strong>aliam</strong></span> <span class='ocrx_word' id='word_1_637' title='bbox 3279 3798 3526 3856; x_wconf 75' lang='lat' dir='ltr'><strong>qtuesrus</strong></span> <span class='ocrx_word' id='word_1_638' title='bbox 3567 3798 3731 3841; x_wconf 84' lang='lat' dir='ltr'><strong>causa</strong></span> 
     </span>
    </p>
   </div>
   <div class='ocr_carea' id='block_1_86' title="bbox 2153 3868 3733 3948">
    <p class='ocr_par' dir='ltr' id='par_1_86' title="bbox 2153 3868 3733 3948">
     <span class='ocr_line' id='line_1_86' title="bbox 2153 3868 3733 3948; baseline 0.005 -23"><span class='ocrx_word' id='word_1_639' title='bbox 2153 3868 2365 3938; x_wconf 71' lang='lat' dir='ltr'><strong>ungi-ct.</strong></span> <span class='ocrx_word' id='word_1_640' title='bbox 2398 3872 2585 3927; x_wconf 87' lang='lat' dir='ltr'><strong>Nullus</strong></span> <span class='ocrx_word' id='word_1_641' title='bbox 2616 3873 2796 3944; x_wconf 84' lang='lat' dir='ltr'><strong>plures</strong></span> <span class='ocrx_word' id='word_1_642' title='bbox 2825 3876 3080 3931; x_wconf 80' lang='lat' dir='ltr'><strong>ecclesias</strong></span> <span class='ocrx_word' id='word_1_643' title='bbox 3109 3887 3292 3933; x_wconf 81' lang='lat' dir='ltr'><strong>teneat</strong></span> <span class='ocrx_word' id='word_1_644' title='bbox 3318 3879 3437 3933; x_wconf 84' lang='lat' dir='ltr'><strong>sine</strong></span> <span class='ocrx_word' id='word_1_645' title='bbox 3460 3880 3733 3948; x_wconf 85' lang='lat' dir='ltr'><strong>adjutorio</strong></span> 
     </span>
    </p>
   </div>
   <div class='ocr_carea' id='block_1_87' title="bbox 2153 3959 3731 4033">
    <p class='ocr_par' dir='ltr' id='par_1_87' title="bbox 2153 3959 3731 4033">
     <span class='ocr_line' id='line_1_87' title="bbox 2153 3959 3731 4033; baseline 0.007 -21"><span class='ocrx_word' id='word_1_646' title='bbox 2153 3959 2378 4014; x_wconf 79' lang='lat' dir='ltr'><strong>aliorum</strong></span> <span class='ocrx_word' id='word_1_647' title='bbox 2410 3962 2869 4033; x_wconf 78' lang='lat' dir='ltr'><strong>presbyterorum.</strong></span> <span class='ocrx_word' id='word_1_648' title='bbox 2908 3964 3224 4021; x_wconf 86' lang='lat' dir='ltr'><strong>Nullateaus</strong></span> <span class='ocrx_word' id='word_1_649' title='bbox 3250 3983 3353 4021; x_wconf 87' lang='lat' dir='ltr'><strong>una</strong></span> <span class='ocrx_word' id='word_1_650' title='bbox 3385 3967 3618 4023; x_wconf 84' lang='lat' dir='ltr'><strong>ecclesia</strong></span> <span class='ocrx_word' id='word_1_651' title='bbox 3648 3970 3731 4023; x_wconf 77' lang='lat' dir='ltr'><strong>in-</strong></span> 
     </span>
    </p>
   </div>
   <div class='ocr_carea' id='block_1_88' title="bbox 2155 4044 3732 4131">
    <p class='ocr_par' dir='ltr' id='par_1_88' title="bbox 2155 4044 3732 4131">
     <span class='ocr_line' id='line_1_88' title="bbox 2155 4044 3732 4131; baseline 0.005 -23"><span class='ocrx_word' id='word_1_652' title='bbox 2155 4064 2235 4108; x_wconf 87' lang='lat' dir='ltr'><strong>ter</strong></span> <span class='ocrx_word' id='word_1_653' title='bbox 2265 4054 2445 4122; x_wconf 82' lang='lat' dir='ltr'><strong>plures</strong></span> <span class='ocrx_word' id='word_1_654' title='bbox 2475 4056 2763 4111; x_wconf 83' lang='lat' dir='ltr'><strong>dividatur.</strong></span> <span class='ocrx_word' id='word_1_655' title='bbox 2806 4057 2995 4115; x_wconf 83' lang='lat' dir='ltr'><strong>anius</strong></span> <span class='ocrx_word' id='word_1_656' title='bbox 3031 4060 3255 4114; x_wconf 87' lang='lat' dir='ltr'><strong>alterius</strong></span> <span class='ocrx_word' id='word_1_657' title='bbox 3299 4044 3732 4131; x_wconf 65' lang='lat' dir='ltr'><strong>parat-hianttni.</strong></span> 
     </span>
    </p>
   </div>
   <div class='ocr_carea' id='block_1_89' title="bbox 2154 4146 3732 4220">
    <p class='ocr_par' dir='ltr' id='par_1_89' title="bbox 2154 4146 3732 4220">
     <span class='ocr_line' id='line_1_89' title="bbox 2154 4146 3732 4220; baseline 0.005 -21"><span class='ocrx_word' id='word_1_658' title='bbox 2154 4146 2256 4200; x_wconf 86' lang='lat' dir='ltr'><strong>nisi</strong></span> <span class='ocrx_word' id='word_1_659' title='bbox 2292 4148 2342 4201; x_wconf 92' lang='lat' dir='ltr'><strong>in</strong></span> <span class='ocrx_word' id='word_1_660' title='bbox 2382 4147 2607 4213; x_wconf 83' lang='lat' dir='ltr'><strong>itinere,</strong></span> <span class='ocrx_word' id='word_1_661' title='bbox 2648 4157 2853 4204; x_wconf 87' lang='lat' dir='ltr'><strong>etcum</strong></span> <span class='ocrx_word' id='word_1_662' title='bbox 2884 4151 3138 4220; x_wconf 85' lang='lat' dir='ltr'><strong>placitum</strong></span> <span class='ocrx_word' id='word_1_663' title='bbox 3180 4151 3344 4208; x_wconf 75' lang='lat' dir='ltr'><strong>fuerit</strong></span> <span class='ocrx_word' id='word_1_664' title='bbox 3366 4193 3381 4216; x_wconf 94' lang='lat'><strong>,</strong></span> <span class='ocrx_word' id='word_1_665' title='bbox 3410 4153 3478 4208; x_wconf 84' lang='lat' dir='ltr'><strong>ad</strong></span> <span class='ocrx_word' id='word_1_666' title='bbox 3506 4154 3732 4210; x_wconf 74' lang='lat' dir='ltr'><strong>missam</strong></span> 
     </span>
    </p>
   </div>
   <div class='ocr_carea' id='block_1_90' title="bbox 2153 4237 3727 4314">
    <p class='ocr_par' dir='ltr' id='par_1_90' title="bbox 2153 4237 3727 4314">
     <span class='ocr_line' id='line_1_90' title="bbox 2153 4237 3727 4314; baseline 0.006 -23"><span class='ocrx_word' id='word_1_667' title='bbox 2153 4239 2400 4307; x_wconf 80' lang='lat' dir='ltr'><strong>recipiat.</strong></span> <span class='ocrx_word' id='word_1_668' title='bbox 2435 4237 2620 4294; x_wconf 84' lang='lat' dir='ltr'><strong>Nullus</strong></span> <span class='ocrx_word' id='word_1_669' title='bbox 2661 4241 2712 4295; x_wconf 90' lang='lat' dir='ltr'><strong>in</strong></span> <span class='ocrx_word' id='word_1_670' title='bbox 2738 4241 2961 4298; x_wconf 83' lang='lat' dir='ltr'><strong>alterius</strong></span> <span class='ocrx_word' id='word_1_671' title='bbox 2989 4245 3243 4314; x_wconf 74' lang='lat' dir='ltr'><strong>parocbia</strong></span> <span class='ocrx_word' id='word_1_672' title='bbox 3270 4245 3494 4300; x_wconf 87' lang='lat' dir='ltr'><strong>missam</strong></span> <span class='ocrx_word' id='word_1_673' title='bbox 3522 4256 3727 4301; x_wconf 80' lang='lat' dir='ltr'><strong>cantet.</strong></span> 
     </span>
    </p>
   </div>
   <div class='ocr_carea' id='block_1_91' title="bbox 2153 4329 3733 4400">
    <p class='ocr_par' dir='ltr' id='par_1_91' title="bbox 2153 4329 3733 4400">
     <span class='ocr_line' id='line_1_91' title="bbox 2153 4329 3733 4400; baseline 0.005 -18"><span class='ocrx_word' id='word_1_674' title='bbox 2153 4329 2338 4386; x_wconf 81' lang='lat' dir='ltr'><strong>Nullus</strong></span> <span class='ocrx_word' id='word_1_675' title='bbox 2383 4333 2730 4400; x_wconf 73' lang='lat' dir='ltr'><strong>pmuitcnlem</strong></span> <span class='ocrx_word' id='word_1_676' title='bbox 2779 4333 2966 4390; x_wconf 86' lang='lat' dir='ltr'><strong>invitet</strong></span> <span class='ocrx_word' id='word_1_677' title='bbox 3003 4351 3220 4389; x_wconf 88' lang='lat' dir='ltr'><strong>carnem</strong></span> <span class='ocrx_word' id='word_1_678' title='bbox 3263 4336 3638 4398; x_wconf 80' lang='lat' dir='ltr'><strong>manducare.</strong></span> <span class='ocrx_word' id='word_1_679' title='bbox 3677 4342 3733 4390; x_wconf 77' lang='lat' dir='ltr'><strong>et</strong></span> 
     </span>
    </p>
   </div>
   <div class='ocr_carea' id='block_1_92' title="bbox 2150 4419 3731 4495">
    <p class='ocr_par' dir='ltr' id='par_1_92' title="bbox 2150 4419 3731 4495">
     <span class='ocr_line' id='line_1_92' title="bbox 2150 4419 3731 4495; baseline 0.002 -21"><span class='ocrx_word' id='word_1_680' title='bbox 2150 4419 2338 4476; x_wconf 85' lang='lat' dir='ltr'><strong>bibere</strong></span> <span class='ocrx_word' id='word_1_681' title='bbox 2371 4423 2583 4488; x_wconf 82' lang='lat' dir='ltr'><strong>vinum,</strong></span> <span class='ocrx_word' id='word_1_682' title='bbox 2615 4424 2713 4478; x_wconf 90' lang='lat' dir='ltr'><strong>nisi</strong></span> <span class='ocrx_word' id='word_1_683' title='bbox 2744 4439 2841 4493; x_wconf 89' lang='lat' dir='ltr'><strong>pro</strong></span> <span class='ocrx_word' id='word_1_684' title='bbox 2868 4438 2932 4480; x_wconf 87' lang='lat' dir='ltr'><strong>eo</strong></span> <span class='ocrx_word' id='word_1_685' title='bbox 2957 4425 3023 4479; x_wconf 91' lang='lat' dir='ltr'><strong>ad</strong></span> <span class='ocrx_word' id='word_1_686' title='bbox 3066 4440 3304 4494; x_wconf 74' lang='lat' dir='ltr'><strong>pnesens</strong></span> <span class='ocrx_word' id='word_1_687' title='bbox 3328 4425 3731 4495; x_wconf 75' lang='lat' dir='ltr'><strong>cleeuwsyuam</strong></span> 
     </span>
    </p>
   </div>
   <div class='ocr_carea' id='block_1_93' title="bbox 2153 4510 3731 4585">
    <p class='ocr_par' dir='ltr' id='par_1_93' title="bbox 2153 4510 3731 4585">
     <span class='ocr_line' id='line_1_93' title="bbox 2153 4510 3731 4585; baseline 0.003 -22"><span class='ocrx_word' id='word_1_688' title='bbox 2153 4510 2362 4566; x_wconf 81' lang='lat' dir='ltr'><strong>fecerit.</strong></span> <span class='ocrx_word' id='word_1_689' title='bbox 2409 4512 2597 4569; x_wconf 83' lang='lat' dir='ltr'><strong>Nullus</strong></span> <span class='ocrx_word' id='word_1_690' title='bbox 2636 4525 2930 4583; x_wconf 64' lang='lat' dir='ltr'><strong>praesumat</strong></span> <span class='ocrx_word' id='word_1_691' title='bbox 2963 4515 3265 4585; x_wconf 80' lang='lat' dir='ltr'><strong>baptizare,</strong></span> <span class='ocrx_word' id='word_1_692' title='bbox 3308 4515 3410 4571; x_wconf 88' lang='lat' dir='ltr'><strong>nisi</strong></span> <span class='ocrx_word' id='word_1_693' title='bbox 3457 4517 3509 4570; x_wconf 86' lang='lat' dir='ltr'><strong>in</strong></span> <span class='ocrx_word' id='word_1_694' title='bbox 3548 4516 3731 4585; x_wconf 73' lang='lat' dir='ltr'><strong>vigilia</strong></span> 
     </span>
    </p>
   </div>
   <div class='ocr_carea' id='block_1_94' title="bbox 2151 4597 3729 4672">
    <p class='ocr_par' dir='ltr' id='par_1_94' title="bbox 2151 4597 3729 4672">
     <span class='ocr_line' id='line_1_94' title="bbox 2151 4597 3729 4672; baseline 0.003 -22"><span class='ocrx_word' id='word_1_695' title='bbox 2151 4597 2375 4663; x_wconf 69' lang='lat' dir='ltr'><strong>Pascha:</strong></span> <span class='ocrx_word' id='word_1_696' title='bbox 2401 4609 2454 4653; x_wconf 92' lang='lat' dir='ltr'><strong>ct</strong></span> <span class='ocrx_word' id='word_1_697' title='bbox 2476 4599 2840 4667; x_wconf 88' lang='lat' dir='ltr'><strong>Pentecoslcs,</strong></span> <span class='ocrx_word' id='word_1_698' title='bbox 2874 4602 2977 4657; x_wconf 89' lang='lat' dir='ltr'><strong>nisi</strong></span> <span class='ocrx_word' id='word_1_699' title='bbox 3008 4613 3227 4672; x_wconf 87' lang='lat' dir='ltr'><strong>propter</strong></span> <span class='ocrx_word' id='word_1_700' title='bbox 3252 4602 3550 4672; x_wconf 82' lang='lat' dir='ltr'><strong>periculum</strong></span> <span class='ocrx_word' id='word_1_701' title='bbox 3580 4617 3729 4658; x_wconf 84' lang='lat' dir='ltr'><strong>mor-</strong></span> 
     </span>
    </p>
   </div>
   <div class='ocr_carea' id='block_1_95' title="bbox 2154 4690 3729 4764">
    <p class='ocr_par' dir='ltr' id='par_1_95' title="bbox 2154 4690 3729 4764">
     <span class='ocr_line' id='line_1_95' title="bbox 2154 4690 3729 4764; baseline 0.003 -20"><span class='ocrx_word' id='word_1_702' title='bbox 2154 4690 2244 4745; x_wconf 90' lang='lat' dir='ltr'><strong>tis.</strong></span> <span class='ocrx_word' id='word_1_703' title='bbox 2277 4690 2656 4762; x_wconf 83' lang='lat' dir='ltr'><strong>Uuusquisque</strong></span> <span class='ocrx_word' id='word_1_704' title='bbox 2682 4692 2858 4749; x_wconf 81' lang='lat' dir='ltr'><strong>fontes</strong></span> <span class='ocrx_word' id='word_1_705' title='bbox 2883 4694 3094 4758; x_wconf 87' lang='lat' dir='ltr'><strong>habeat,</strong></span> <span class='ocrx_word' id='word_1_706' title='bbox 3116 4694 3237 4749; x_wconf 87' lang='lat' dir='ltr'><strong>etsi</strong></span> <span class='ocrx_word' id='word_1_707' title='bbox 3258 4709 3364 4748; x_wconf 90' lang='lat' dir='ltr'><strong>non</strong></span> <span class='ocrx_word' id='word_1_708' title='bbox 3388 4702 3567 4764; x_wconf 89' lang='lat' dir='ltr'><strong>potest</strong></span> <span class='ocrx_word' id='word_1_709' title='bbox 3592 4693 3729 4763; x_wconf 77' lang='lat' dir='ltr'><strong>lapi-</strong></span> 
     </span>
    </p>
   </div>
   <div class='ocr_carea' id='block_1_96' title="bbox 2152 4780 3732 4853">
    <p class='ocr_par' dir='ltr' id='par_1_96' title="bbox 2152 4780 3732 4853">
     <span class='ocr_line' id='line_1_96' title="bbox 2152 4780 3732 4853; baseline 0.002 -19"><span class='ocrx_word' id='word_1_710' title='bbox 2152 4780 2303 4845; x_wconf 89' lang='lat' dir='ltr'><strong>deos,</strong></span> <span class='ocrx_word' id='word_1_711' title='bbox 2340 4780 2537 4835; x_wconf 87' lang='lat' dir='ltr'><strong>habeat</strong></span> <span class='ocrx_word' id='word_1_712' title='bbox 2567 4781 2711 4839; x_wconf 88' lang='lat' dir='ltr'><strong>aliud</strong></span> <span class='ocrx_word' id='word_1_713' title='bbox 2741 4798 2837 4839; x_wconf 79' lang='lat' dir='ltr'><strong>vas</strong></span> <span class='ocrx_word' id='word_1_714' title='bbox 2861 4785 2937 4837; x_wconf 74' lang='lat' dir='ltr'><strong>ad</strong></span> <span class='ocrx_word' id='word_1_715' title='bbox 2964 4784 3066 4839; x_wconf 82' lang='lat' dir='ltr'><strong>hoc</strong></span> <span class='ocrx_word' id='word_1_716' title='bbox 3092 4792 3455 4853; x_wconf 64' lang='lat' dir='ltr'><strong>praeparatum</strong></span> <span class='ocrx_word' id='word_1_717' title='bbox 3477 4824 3493 4848; x_wconf 91' lang='lat'><strong>,</strong></span> <span class='ocrx_word' id='word_1_718' title='bbox 3530 4784 3585 4838; x_wconf 91' lang='lat' dir='ltr'><strong>in</strong></span> <span class='ocrx_word' id='word_1_719' title='bbox 3617 4796 3732 4851; x_wconf 86' lang='lat' dir='ltr'><strong>quo</strong></span> 
     </span>
    </p>
   </div>
   <div class='ocr_carea' id='block_1_97' title="bbox 2071 4847 3733 4947">
    <p class='ocr_par' dir='ltr' id='par_1_97' title="bbox 2071 4847 3733 4947">
     <span class='ocr_line' id='line_1_97' title="bbox 2071 4847 3733 4947; baseline -0.001 -19"><span class='ocrx_word' id='word_1_720' title='bbox 2071 4847 2128 4910; x_wconf 77' lang='lat' dir='ltr'><strong><em>D</em></strong></span> <span class='ocrx_word' id='word_1_721' title='bbox 2155 4873 2287 4928; x_wconf 90' lang='lat' dir='ltr'><strong>nihil</strong></span> <span class='ocrx_word' id='word_1_722' title='bbox 2308 4872 2449 4929; x_wconf 89' lang='lat' dir='ltr'><strong>aliud</strong></span> <span class='ocrx_word' id='word_1_723' title='bbox 2475 4873 2588 4929; x_wconf 81' lang='lat' dir='ltr'><strong>ﬂat.</strong></span> <span class='ocrx_word' id='word_1_724' title='bbox 2616 4875 2802 4930; x_wconf 75' lang='lat' dir='ltr'><strong>Videte</strong></span> <span class='ocrx_word' id='word_1_725' title='bbox 2825 4847 3143 4930; x_wconf 81' lang='lat' dir='ltr'><strong>utoumibus</strong></span> <span class='ocrx_word' id='word_1_726' title='bbox 3165 4847 3513 4947; x_wconf 81' lang='lat' dir='ltr'><strong>parochianis</strong></span> <span class='ocrx_word' id='word_1_727' title='bbox 3532 4847 3733 4929; x_wconf 78' lang='lat' dir='ltr'><strong>vestris</strong></span> 
     </span>
    </p>
   </div>
   <div class='ocr_carea' id='block_1_98' title="bbox 2151 4962 3733 5034">
    <p class='ocr_par' dir='ltr' id='par_1_98' title="bbox 2151 4962 3733 5034">
     <span class='ocr_line' id='line_1_98' title="bbox 2151 4962 3733 5034; baseline 0 -16"><span class='ocrx_word' id='word_1_728' title='bbox 2151 4963 2461 5034; x_wconf 86' lang='lat' dir='ltr'><strong>Symbolum</strong></span> <span class='ocrx_word' id='word_1_729' title='bbox 2492 4974 2546 5021; x_wconf 88' lang='lat' dir='ltr'><strong>et</strong></span> <span class='ocrx_word' id='word_1_730' title='bbox 2585 4964 2895 5021; x_wconf 87' lang='lat' dir='ltr'><strong>Orationem</strong></span> <span class='ocrx_word' id='word_1_731' title='bbox 2931 4963 3265 5022; x_wconf 86' lang='lat' dir='ltr'><strong>Dominicam</strong></span> <span class='ocrx_word' id='word_1_732' title='bbox 3297 4966 3599 5021; x_wconf 83' lang='lat' dir='ltr'><strong>iusiuuctis.</strong></span> <span class='ocrx_word' id='word_1_733' title='bbox 3632 4962 3733 5019; x_wconf 67' lang='grc' dir='ltr'><strong>,1ο-</strong></span> 
     </span>
    </p>
   </div>
   <div class='ocr_carea' id='block_1_99' title="bbox 468 5053 3731 5127">
    <p class='ocr_par' dir='ltr' id='par_1_99' title="bbox 468 5053 3731 5127">
     <span class='ocr_line' id='line_1_99' title="bbox 468 5053 3731 5127; baseline 0 -17"><span class='ocrx_word' id='word_1_734' title='bbox 468 5066 691 5121; x_wconf 72' lang='lat' dir='ltr'><strong>eamus,</strong></span> <span class='ocrx_word' id='word_1_735' title='bbox 721 5064 777 5111; x_wconf 87' lang='lat' dir='ltr'><strong>et</strong></span> <span class='ocrx_word' id='word_1_736' title='bbox 803 5056 1036 5111; x_wconf 84' lang='lat' dir='ltr'><strong>cultellis</strong></span> <span class='ocrx_word' id='word_1_737' title='bbox 1069 5057 1406 5110; x_wconf 72' lang='lat' dir='ltr'><strong>extrinsecus</strong></span> <span class='ocrx_word' id='word_1_738' title='bbox 1434 5055 1887 5125; x_wconf 84' lang='lat' dir='ltr'><strong>dependentibus,</strong></span> <span class='ocrx_word' id='word_1_739' title='bbox 1920 5056 2050 5111; x_wconf 83' lang='lat' dir='ltr'><strong>mis-</strong></span> <span class='ocrx_word' id='word_1_740' title='bbox 2142 5053 2356 5123; x_wconf 89' lang='lat' dir='ltr'><strong>junium</strong></span> <span class='ocrx_word' id='word_1_741' title='bbox 2383 5054 2622 5121; x_wconf 83' lang='lat' dir='ltr'><strong>Quatuor</strong></span> <span class='ocrx_word' id='word_1_742' title='bbox 2643 5056 2993 5126; x_wconf 83' lang='lat' dir='ltr'><strong>Temporum.</strong></span> <span class='ocrx_word' id='word_1_743' title='bbox 3019 5064 3073 5111; x_wconf 89' lang='lat' dir='ltr'><strong>et</strong></span> <span class='ocrx_word' id='word_1_744' title='bbox 3099 5055 3484 5127; x_wconf 77' lang='lat' dir='ltr'><strong>Rogatiunnm,</strong></span> <span class='ocrx_word' id='word_1_745' title='bbox 3503 5069 3559 5111; x_wconf 88' lang='lat' dir='ltr'><strong>et</strong></span> <span class='ocrx_word' id='word_1_746' title='bbox 3582 5054 3731 5111; x_wconf 74' lang='lat' dir='ltr'><strong>Lita-</strong></span> 
     </span>
    </p>
   </div>
   <div class='ocr_carea' id='block_1_100' title="bbox 471 5145 2044 5220">
    <p class='ocr_par' dir='ltr' id='par_1_100' title="bbox 471 5145 2044 5220">
     <span class='ocr_line' id='line_1_100' title="bbox 471 5145 2044 5220; baseline -0.001 -18"><span class='ocrx_word' id='word_1_747' title='bbox 471 5159 588 5202; x_wconf 82' lang='lat' dir='ltr'><strong>sam</strong></span> <span class='ocrx_word' id='word_1_748' title='bbox 630 5156 843 5213; x_wconf 85' lang='lat' dir='ltr'><strong>cantet,</strong></span> <span class='ocrx_word' id='word_1_749' title='bbox 887 5147 1013 5220; x_wconf 86' lang='lat' dir='ltr'><strong>quia</strong></span> <span class='ocrx_word' id='word_1_750' title='bbox 1058 5146 1312 5203; x_wconf 87' lang='lat' dir='ltr'><strong>indecens</strong></span> <span class='ocrx_word' id='word_1_751' title='bbox 1350 5153 1434 5202; x_wconf 87' lang='lat' dir='ltr'><strong>est</strong></span> <span class='ocrx_word' id='word_1_752' title='bbox 1473 5156 1528 5202; x_wconf 93' lang='lat' dir='ltr'><strong>ct</strong></span> <span class='ocrx_word' id='word_1_753' title='bbox 1566 5155 1758 5203; x_wconf 85' lang='lat' dir='ltr'><strong>contra</strong></span> <span class='ocrx_word' id='word_1_754' title='bbox 1808 5145 2044 5219; x_wconf 81' lang='lat' dir='ltr'><strong>regulam</strong></span> 
     </span>
    </p>
   </div>
   <div class='ocr_carea' id='block_1_101' title="bbox 473 5237 1025 5309">
    <p class='ocr_par' dir='ltr' id='par_1_101' title="bbox 473 5237 1025 5309">
     <span class='ocr_line' id='line_1_101' title="bbox 473 5237 1025 5309; baseline 0.007 -20"><span class='ocrx_word' id='word_1_755' title='bbox 473 5237 893 5309; x_wconf 71' lang='lat' dir='ltr'><strong>ecclesiasticam</strong></span> <span class='ocrx_word' id='word_1_756' title='bbox 918 5245 1025 5293; x_wconf 86' lang='lat' dir='ltr'><strong>est.</strong></span> 
     </span>
    </p>
   </div>
   <div class='ocr_carea' id='block_1_102' title="bbox 2149 5145 3730 5216">
    <p class='ocr_par' dir='ltr' id='par_1_102' title="bbox 2149 5145 3730 5216">
     <span class='ocr_line' id='line_1_102' title="bbox 2149 5145 3730 5216; baseline 0 -15"><span class='ocrx_word' id='word_1_757' title='bbox 2149 5146 2253 5201; x_wconf 78' lang='lat' dir='ltr'><strong>nite</strong></span> <span class='ocrx_word' id='word_1_758' title='bbox 2282 5145 2532 5216; x_wconf 82' lang='lat' dir='ltr'><strong>majoris,</strong></span> <span class='ocrx_word' id='word_1_759' title='bbox 2564 5145 2806 5215; x_wconf 87' lang='lat' dir='ltr'><strong>plebibus</strong></span> <span class='ocrx_word' id='word_1_760' title='bbox 2840 5147 3038 5201; x_wconf 84' lang='lat' dir='ltr'><strong>vestris</strong></span> <span class='ocrx_word' id='word_1_761' title='bbox 3071 5147 3398 5202; x_wconf 85' lang='lat' dir='ltr'><strong>omnimodis</strong></span> <span class='ocrx_word' id='word_1_762' title='bbox 3431 5148 3730 5201; x_wconf 33' lang='lat' dir='ltr'><strong>observans</strong></span> 
     </span>
    </p>
   </div>
   <div class='ocr_carea' id='block_1_103' title="bbox 2148 5236 3730 5310">
    <p class='ocr_par' dir='ltr' id='par_1_103' title="bbox 2148 5236 3730 5310">
     <span class='ocr_line' id='line_1_103' title="bbox 2148 5236 3730 5310; baseline 0.001 -17"><span class='ocrx_word' id='word_1_763' title='bbox 2148 5238 2273 5293; x_wconf 89' lang='lat' dir='ltr'><strong>dum</strong></span> <span class='ocrx_word' id='word_1_764' title='bbox 2297 5237 2567 5293; x_wconf 88' lang='lat' dir='ltr'><strong>insinuate</strong></span> <span class='ocrx_word' id='word_1_765' title='bbox 2592 5257 2604 5293; x_wconf 89' lang='lat'><strong>:</strong></span> <span class='ocrx_word' id='word_1_766' title='bbox 2621 5236 2751 5293; x_wconf 81' lang='lat' dir='ltr'><strong>feria</strong></span> <span class='ocrx_word' id='word_1_767' title='bbox 2765 5248 2956 5309; x_wconf 89' lang='lat' dir='ltr'><strong>quarta</strong></span> <span class='ocrx_word' id='word_1_768' title='bbox 2981 5246 3105 5294; x_wconf 89' lang='lat' dir='ltr'><strong>ante</strong></span> <span class='ocrx_word' id='word_1_769' title='bbox 3120 5238 3596 5308; x_wconf 81' lang='lat' dir='ltr'><strong>Quadragesimam</strong></span> <span class='ocrx_word' id='word_1_770' title='bbox 3610 5237 3730 5310; x_wconf 84' lang='lat' dir='ltr'><strong>ple-</strong></span> 
     </span>
    </p>
   </div>
   <div class='ocr_carea' id='block_1_104' title="bbox 541 5326 3728 5401">
    <p class='ocr_par' dir='ltr' id='par_1_104' title="bbox 541 5326 3728 5401">
     <span class='ocr_line' id='line_1_104' title="bbox 541 5326 3728 5401; baseline 0 -18"><span class='ocrx_word' id='word_1_771' title='bbox 541 5326 775 5383; x_wconf 86' lang='lat' dir='ltr'><strong>Calicem</strong></span> <span class='ocrx_word' id='word_1_772' title='bbox 818 5338 873 5385; x_wconf 88' lang='lat' dir='ltr'><strong>et</strong></span> <span class='ocrx_word' id='word_1_773' title='bbox 913 5328 1149 5385; x_wconf 88' lang='lat' dir='ltr'><strong>oblatam</strong></span> <span class='ocrx_word' id='word_1_774' title='bbox 1194 5336 1343 5384; x_wconf 88' lang='lat' dir='ltr'><strong>recta</strong></span> <span class='ocrx_word' id='word_1_775' title='bbox 1376 5341 1540 5383; x_wconf 89' lang='lat' dir='ltr'><strong>cruce</strong></span> <span class='ocrx_word' id='word_1_776' title='bbox 1575 5326 1785 5398; x_wconf 77' lang='lat' dir='ltr'><strong>signate</strong></span> <span class='ocrx_word' id='word_1_777' title='bbox 1810 5366 1826 5393; x_wconf 93' lang='lat'><strong>,</strong></span> <span class='ocrx_word' id='word_1_778' title='bbox 1868 5326 1922 5383; x_wconf 91' lang='lat' dir='ltr'><strong>id</strong></span> <span class='ocrx_word' id='word_1_779' title='bbox 1961 5337 2045 5384; x_wconf 86' lang='lat' dir='ltr'><strong>est</strong></span> <span class='ocrx_word' id='word_1_780' title='bbox 2146 5329 2273 5386; x_wconf 87' lang='lat' dir='ltr'><strong>bem</strong></span> <span class='ocrx_word' id='word_1_781' title='bbox 2295 5327 2361 5384; x_wconf 90' lang='lat' dir='ltr'><strong>ad</strong></span> <span class='ocrx_word' id='word_1_782' title='bbox 2381 5328 2768 5385; x_wconf 82' lang='lat' dir='ltr'><strong>confessionem</strong></span> <span class='ocrx_word' id='word_1_783' title='bbox 2792 5330 3033 5395; x_wconf 87' lang='lat' dir='ltr'><strong>invitate,</strong></span> <span class='ocrx_word' id='word_1_784' title='bbox 3059 5338 3114 5386; x_wconf 93' lang='lat' dir='ltr'><strong>et</strong></span> <span class='ocrx_word' id='word_1_785' title='bbox 3135 5330 3206 5395; x_wconf 88' lang='lat' dir='ltr'><strong>ei,</strong></span> <span class='ocrx_word' id='word_1_786' title='bbox 3226 5328 3384 5398; x_wconf 74' lang='lat' dir='ltr'><strong>juxta</strong></span> <span class='ocrx_word' id='word_1_787' title='bbox 3406 5330 3728 5401; x_wconf 87' lang='lat' dir='ltr'><strong>qualitatem</strong></span> 
     </span>
    </p>
   </div>
  </div>
