3972 5428
194 252 328 316 N73

1645 265 1774 320 CBA
1787 257 1917 322 RTA
1931 308 1944 320 .

3297 271 3451 328 107V

195 377 246 426 et
275 366 621 427 Pentecoste.
649 383 838 426 omnes
871 371 1053 426 fideles
1083 374 1149 428 ad
1177 377 1606 432 communionem
1637 393 1762 433 cor-
1791 387 1832 438 Α
1864 383 2116 449 populum
2157 381 2258 436 sibi
2301 384 2643 438 commissum
2679 381 2868 439 sedulo
2908 383 3166 449 instruat;
3212 383 3256 439 si
3287 399 3391 439 non
3416 426 3436 450 ,

193 458 340 528 poris
357 465 414 513 et
440 459 720 528 sanguinis
744 459 953 516 Domini
979 463 1239 519 accedere
1265 466 1567 522 admonete.
1590 465 1770 523 Certis

197 547 526 616 temporibus
554 547 867 621 conjugatus
897 551 966 607 ab
991 553 1248 609 uxoribus
1272 556 1542 613 abstinere
1569 560 1770 614 exhor-

197 637 408 693 tamini.
437 637 691 709 Eulogias
726 649 846 710 post
885 643 1104 700 missam
1136 645 1188 700 in
1225 647 1410 702 diebus
1441 648 1593 704 festis
1625 649 1766 718 plebi

197 729 435 790 tribuite.
455 729 645 788 Nullus
669 732 922 789 induatur
948 737 1283 793 vestimentis
1311 738 1608 796 laiealibus.
1637 740 1766 795 Nul-

195 819 276 877 lus
305 836 437 887 rem,
467 830 566 880 aut
591 825 1012 892 possessionem,
1041 837 1134 882 aut
1157 830 1478 900 mancipium
1501 832 1763 899 ecclesias,

195 915 467 980 vendere,
507 923 602 972 aut
640 925 976 974 commutare
1000 959 1016 984 ,
1065 928 1158 974 aut
1199 935 1518 992 quocunque
1554 923 1766 995 ingenio

193 1002 433 1058 alienare
462 1017 772 1072 praesumat.

263 1093 416 1148 Diem
459 1095 784 1150 dominicum
813 1137 830 1163 ,
877 1105 932 1153 et
977 1097 1111 1154 alias
1155 1099 1473 1169 festivitates
1500 1143 1514 1168 ,
1567 1103 1767 1172 absque

191 1194 357 1249 opere
381 1181 560 1235 servili
587 1198 617 1237 a
644 1198 867 1254 vespera
899 1201 1066 1256 usque
1093 1187 1161 1242 ad
1195 1204 1474 1258 vesperam
1505 1191 1765 1246 celebrari

193 1270 404 1326 docete.
435 1270 642 1327 Cantus
665 1283 721 1326 et
742 1276 941 1330 cboros
971 1277 1254 1332 mulierum
1288 1280 1338 1332 in
1365 1280 1506 1334 atrio
1530 1281 1768 1336 ecclesiae

193 1361 500 1429 prohibete.
548 1361 802 1418 Carmina
836 1365 1130 1431 diabolica,
1163 1364 1283 1436 qua:
1321 1384 1485 1438 super
1527 1382 1768 1426 mortuos

138 1490 141 1492 -
193 1452 484 1506 nocturnis
523 1452 674 1508 boris
716 1454 906 1526 vulgus
948 1456 1128 1512 facere
1167 1457 1341 1526 solet,
1388 1469 1442 1514 ct
1481 1461 1768 1518 ercbinnns

191 1553 330 1608 quos
369 1551 653 1608 exercent,
691 1545 790 1599 sub
818 1548 1210 1603 contestatione
1256 1549 1347 1606 Dei
1385 1551 1768 1622 omnipotentis

193 1639 395 1686 vetate.
430 1633 566 1688 Cum
611 1639 1092 1694 excommunicatis
1136 1641 1302 1696 nolite
1348 1645 1765 1700 conuuunicare.

1867 471 2055 524 saltem
2083 480 2294 537 teneat,
2325 472 2405 528 vel
2433 472 2638 528 credat.
2681 472 2968 529 Orationes
2993 487 3207 544 quoque
3241 475 3436 530 missa-

1867 575 1985 615 rum
2014 571 2068 615 et
2093 563 2367 618 Canonem
2398 563 2533 618 bene
2563 562 2822 635 intelligat
2847 602 2863 630 ,
2900 573 2954 621 et
2990 565 3034 620 si
3064 579 3203 629 non,
3245 563 3438 619 saltem

1865 653 2182 708 memoriter
2208 669 2275 708 ac-
2297 654 2553 710 distincte
2577 656 2752 709 valeat
2777 654 3037 726 proferre.
3063 655 3356 725 Epistolam
3381 664 3436 710 et
3458 689 3461 694 -

1866 744 2214 816 Evangelium
2256 745 2394 801 bene
2421 746 2598 816 legere
2626 748 2824 816 possit,
2854 757 2908 801 et
2945 747 3150 801 utinam
3194 746 3261 800 ad
3295 746 3462 802 title--

1866 848 1984 889 ram
2029 833 2146 902 ejus
2192 848 2406 890 sensum
2455 843 2636 906 posset
2681 837 3046 892 manifestare.
3100 835 3456 892 Psalmorum-

1867 925 2030 979 verba
2061 932 2115 980 et
2137 925 2512 980 distinctiones
2541 924 2863 994 regulariter
2883 940 2946 980 ex
2976 927 3137 980 corde
3160 940 3279 981 cum
3306 940 3438 980 can-

1867 1015 1990 1069 ticis
2012 1016 2505 1070 consuetudinariis
2539 1017 2890 1086 pronuntiare
2915 1017 3069 1070 sciat.
3095 1017 3435 1079 Sermonem,

1867 1111 1925 1156 ut
1951 1118 2112 1172 supra
2152 1104 2420 1169 diximus,
2455 1104 2735 1160 Athanasii
2765 1105 3002 1175 episcopi
3035 1105 3099 1159 de
3127 1103 3232 1160 ﬁde
3261 1104 3438 1159 Triui-

1867 1195 2010 1257 tatis,
2045 1194 2197 1262 cujus
2231 1196 2437 1250 initium
2469 1204 2571 1259 est,
2605 1193 2928 1266 Quicumque
2953 1195 3094 1260 vult,
3125 1197 3438 1252 memoriter

1870 1290 2067 1337 teneat.
2109 1283 2452 1338 Exercisums
2489 1291 2542 1338 et
2579 1284 2853 1358 orationes
2889 1283 2957 1338 ad
2994 1283 3436 1340 catecliumenum

1869 1370 2174 1426 faciendum
2201 1411 2218 1437 ,
2267 1374 2334 1427 ad
2376 1371 2577 1427 fontem
2624 1387 2838 1441 quoque
2881 1373 3305 1444 consecrandum
3332 1363 3438 1438 ,‘ét

1870 1462 2105 1531 reliquas
2128 1476 2317 1532 preces
2351 1475 2511 1531 super
2539 1461 2833 1516 masculum
2861 1470 2917 1516 et
2952 1460 3230 1525 feminam,
3260 1461 3440 1531 plura~

1870 1550 1992 1607 liter
2019 1567 2081 1606 ac
2111 1551 2459 1621 singulariter
2491 1551 2740 1607 distincte
2773 1550 3014 1621 proferre
3047 1552 3240 1606 valeat.
3279 1550 3441 1610 Simi-

1873 1641 1996 1698 liter
2021 1644 2347 1714 baptizandi,
2375 1643 2441 1698 ad
2473 1642 2890 1698 succurrendum
2918 1642 3164 1707 intirmis,
3192 1642 3457 1698 ordinem-

191 1721 384 1779 Nullus
415 1723 521 1779 illis
550 1735 839 1794 [insumat
867 1728 1085 1784 missam
1114 1738 1368 1794 cantare,
1396 1733 1490 1788 sed
1525 1741 1580 1787 et
1602 1733 1767 1802 plebi-
1805 1709 1848 1768 Β
1875 1709 2105 1802 quoque
2132 1733 2511 1793 reconciliandi
2537 1773 2551 1797 ,
2593 1733 2745 1804 juxta
2789 1733 3006 1787 modum
3042 1733 3142 1788 sibi
3181 1733 3442 1788 canonica

192 1811 296 1868 bus
321 1814 472 1868 vobis
500 1814 602 1869 boc
627 1817 962 1872 annuntiate.
991 1818 1072 1872 Ad
1096 1820 1308 1888 nuptias
1332 1822 1509 1877 nullus
1536 1832 1773 1879 vestrum

191 1916 308 1960 cat.
335 1904 600 1963 Omnibus
629 1911 949 1966 annuutiate
976 1919 1033 1966 ut
1067 1912 1245 1968 nullus
1271 1930 1491 1970 uxorem
1519 1916 1772 1986 accipiat,

193 2000 298 2054 nisi
338 2000 550 2070 publice
587 2002 874 2060 celebratis
914 2007 1133 2074 nuptiis.
1182 2007 1412 2076 Raptum
1452 2009 1774 2064 omnimodis

195 2092 509 2160 pzohibete.
547 2101 600 2149 et
632 2102 689 2148 ut
719 2095 892 2150 nullus
931 2096 997 2149 ad
1045 2098 1346 2166 proximam
1378 2099 1653 2169 sanguinis
1690 2100 1774 2154 sui

195 2183 450 2251 accedat,
493 2194 545 2238 et
575 2194 635 2240 ut
672 2185 894 2244 alterius
935 2203 1184 2258 sponsam
1223 2189 1399 2244 nullus
1430 2190 1610 2245 ducat.
1641 2191 1773 2246 Poro

195 2289 239 2328 c.
266 2276 379 2330 rios
404 2286 453 2330 et
483 2277 616 2331 alios
643 2287 888 2347 pastores
913 2280 995 2335 vel
1029 2281 1304 2336 Dominica
1338 2281 1405 2334 ad
1436 2281 1654 2336 missam
1683 2297 1774 2338 ve-

197 2364 320 2418 nire
347 2365 529 2420 facile.
563 2365 765 2422 Patrini
801 2369 978 2424 filiolis
1000 2371 1112 2426 suis
1137 2370 1454 2442 Symbolum
1479 2380 1534 2427 et
1560 2371 1776 2428 Oratio-

198 2472 328 2512 nem
366 2457 700 2515 Dominiram
749 2461 1052 2528 insinuent,
1102 2472 1194 2518 aut
1241 2464 1504 2520 insinuari
1556 2465 1771 2520 faciant.

198 2545 452 2602 Cbrisma
494 2563 706 2620 semper
733 2551 833 2606 sub
861 2567 996 2608 cera.
1019 2553 1090 2607 sit
1117 2552 1292 2624 sigillo
1319 2551 1478 2624 [forte
1514 2554 1613 2609 sub
1654 2569 1774 2608 sera

199 2639 297 2702 sit,
329 2637 382 2692 et
410 2639 641 2711 sigillo],
680 2650 897 2712 propter
923 2644 1182 2712 quosdam
1217 2644 1478 2699 inlidcles.
1520 2643 1594 2700 De
1622 2645 1778 2699 mini-

198 2730 373 2788 Sterio
396 2731 558 2786 etiam
581 2733 734 2787 vobis
756 2735 1042 2789 commisso
1069 2751 1162 2790 vos
1187 2736 1479 2791 admouere
1503 2751 1775 2797 curamus.

201 2829 263 2873 ut
295 2821 666 2889 unusquisque
699 2830 974 2888 vestrum,
1013 2824 1056 2877 si
1091 2823 1205 2878 ﬁeri
1248 2833 1451 2894 potest,
1490 2824 1781 2892 expositio-

199 2924 332 2964 nem
361 2908 596 2980 Symboli
625 2919 680 2966 et
707 2911 981 2966 Orationis
1005 2912 1319 2977 Dominicm,
1351 2912 1506 2980 juxta
1532 2913 1778 2968 traditio-

1874 1833 2169 1889 servatum,
2195 1834 2356 1894 atque
2383 1825 2612 1894 ungendi
2642 1824 2907 1887 inﬁrmos,
2935 1824 3206 1878 orationes
3228 1838 3442 1893 quoque

1874 1915 2046 1970 eidem
2079 1915 2389 1971 necessitati
2425 1924 2792 1986 competentes
2818 1915 2954 1970 bene
2983 1915 3173 1969 saltem
3201 1915 3336 1970 sciat
3367 1915 3442 1970 le-

1875 2019 2021 2074 gere.
2055 2004 2316 2059 Similiter
2344 2003 2586 2059 ordinem
2611 2013 2666 2058 et
2691 2017 2878 2074 preces
2905 2004 2958 2057 in
2985 2003 3253 2072 exsequiis
3279 2018 3439 2070 agon.

1876 2093 1958 2146 dis
2001 2090 2394 2146 defunctorum.
2445 2090 2706 2146 Similiter
2751 2090 3081 2145 exorcismos
3122 2098 3178 2145 et
3225 2089 3445 2144 benedi.

1877 2182 2085 2238 ctiones
2118 2182 2249 2238 salis
2295 2192 2348 2238 ct
2403 2198 2556 2252 aqua:
2605 2182 2918 2236 memoriter
2965 2190 3162 2236 teneat.
3217 2181 3466 2252 Cautum

1877 2281 2198 2328 nocturnum
2222 2282 2385 2342 atque
2409 2272 2658 2326 diurnum
2684 2272 2916 2326 noverit.

1946 2362 2265 2433 Computum
2291 2364 2551 2417 minorem
2571 2401 2586 2428 ,
2620 2361 2670 2416 id
2692 2370 2775 2416 est
2799 2370 3036 2431 epactas,
3061 2370 3451 2416 concurrentes

1879 2456 2171 2528 regulares,
2207 2455 2492 2510 terminum
2523 2452 2832 2526 pasclialem
2851 2491 2866 2519 ,
2895 2462 2948 2508 et
2973 2453 3207 2525 reliquos
3237 2453 3444 2522 sapiat,

1877 2548 1922 2602 si
1959 2556 2042 2602 est
2080 2546 2351 2618 possibile.
2391 2543 2826 2615 Martyrologium
2856 2550 2911 2597 et
2951 2538 3323 2596 Peenitentiale
3355 2541 3448 2594 ba-

1877 2639 2023 2704 beat,
2045 2649 2101 2694 et
2131 2648 2345 2694 ezetera.
2377 2636 2631 2692 Volumus
2657 2644 2835 2690 autem
2853 2675 2869 2700 ,
2899 2627 3090 2688 fratres
3117 2630 3447 2700 cbarissimi,

1879 2740 2145 2800 quatenus
2182 2745 2301 2799 qua:
2338 2737 2520 2783 nostra
2563 2725 2878 2796 percepistis
2922 2722 3237 2796 traditione,
3279 2736 3449 2791 quan-

1883 2831 1992 2876 tum
2024 2821 2255 2875 bumana
2285 2819 2482 2890 patitur
2511 2816 2813 2880 tntirmitas,
2840 2813 2998 2870 bonis
3031 2812 3292 2869 studeatis
3320 2826 3454 2884 ope-

1882 2909 2030 2964 ribus
2083 2909 2421 2979 adimplere,
2474 2913 2766 2978 prmstante
2815 2901 3041 2959 Domino
3089 2910 3272 2956 nostro
3318 2899 3445 2956 Je:u

200 3012 330 3052 nem
359 2998 782 3054 ortbodoxorum
808 3016 973 3070 penes
996 3016 1054 3056 se
1080 3003 1310 3073 scriptas
1336 3004 1548 3066 habeat,
1578 3011 1630 3056 et
1660 3016 1778 3056 eam
1808 3037 1852 3100 Ο
1883 3002 2129 3066 Christo,
2171 3000 2260 3068 qui
2300 3015 2420 3054 cum
2460 2997 2617 3051 Patre
2657 3002 2713 3050 et
2738 2993 2974 3100 'Spiritu‘
3005 2990 3353 3100 sancto‘viv’it
3397 2997 3452 3066 et

201 3085 440 3158 pleuitcr
478 3089 744 3162 intelligat
782 3108 795 3146 :
831 3101 884 3147 et
928 3091 1074 3157 inde,
1112 3095 1155 3147 si
1199 3093 1346 3148 novit
1377 3133 1390 3156 ,
1439 3092 1779 3163 prtedieando

201 3291 881 3318 Μ

1884 3101 2071 3164 regnat
2099 3091 2238 3147 Deus
2266 3106 2361 3160 per
2387 3089 2567 3144 omnia
2593 3085 2786 3144 saecula
2816 3081 3152 3140 saeculorum.
3183 3079 3370 3137 Amen.

889 3285 3412 3318 ww

1209 3452 1780 3565 CHARTA
1863 3449 2527 3565 UDALRICI

1475 3665 1779 3723 EPISCOPI
1815 3663 2212 3722 AUGUSTA‘NI

648 3888 650 3890 ,
691 3822 828 3899 Qua
862 3805 1336 3901 Catiipidonensi
1374 3819 1760 3881 monasterio
1810 3814 2076 3894 eligendi
2104 3814 2345 3876 abbatis
2382 3813 2722 3876 libertatem
2751 3816 3056 3908 restituit.

293 4140 562 4197 Omnibus
612 4152 762 4206 spem
818 4138 942 4192 vitae
988 4137 1338 4207 gerentibus,
1398 4144 1452 4190 et
1503 4135 1680 4190 adhuc
1737 4135 1790 4188 in

211 4243 498 4306 posterum
529 4230 878 4286 nascentibus
903 4240 1092 4283 notum
1131 4229 1202 4284 sit
1229 4229 1370 4297 quod
1398 4228 1571 4298 primo
1595 4225 1792 4283 Ottone

1893 4130 2252 4186 exterioribus
2295 4130 2453 4184 rebus
2481 4129 2773 4199 prudenter
2800 4126 3163 4192 eouversanti,
3196 4136 3252 4182 et
3282 4127 3461 4198 dignis

1885 4219 2104 4274 meritis
2138 4219 2252 4276 suis
2279 4219 2474 4274 bonam
2503 4218 2702 4273 famam
2751 4219 2806 4273 in
2851 4218 3116 4290 contiguis
3140 4218 3382 4287 partibus
3406 4228 3463 4273 et

212 4323 586 4397 principatum
613 4321 759 4391 regni
785 4319 1503 4389 procurante,sanctissim:e
1519 4318 1791 4372 memoria:
1824 4338 1869 4397 υ
1897 4313 1950 4367 in
1980 4313 2118 4382 regis
2142 4311 2717 4380 foribuspromcreuti,
2741 4311 2941 4380 placuit
2967 4318 3026 4364 ut
3049 4309 3266 4378 aliquod
3287 4323 3465 4397 reme.

216 4414 538 4477 Udalricus,
562 4411 916 4482 Augustensis
958 4411 1198 4464 civitatis
1243 4411 1546 4480 episcopus,
1576 4409 1792 4479 Campi-

215 4505 483 4562 donensis
511 4504 826 4559 monasterii
856 4502 994 4557 ovile
1023 4503 1089 4556 de
1125 4517 1286 4555 manu
1320 4501 1558 4571 prmdicti
1596 4501 1796 4572 princi-

215 4599 310 4669 pis
337 4596 594 4667 suscepit,
623 4605 677 4652 et
707 4597 774 4650 ad
797 4596 992 4665 ipsum,
1025 4610 1130 4648 non
1182 4594 1426 4648 avaritia:
1453 4593 1538 4648 vel
1568 4593 1797 4649 austeri-

218 4687 359 4744 tatis
385 4701 572 4753 causa,
603 4688 698 4742 sed
736 4699 834 4756 pro
855 4685 1101 4755 augendo
1129 4692 1327 4738 sanctae
1352 4683 1532 4737 Maria:
1553 4682 1794 4746 servitio,

217 4792 451 4856 paterna
476 4781 782 4853 provisione
803 4779 1123 4850 procuravit.
1141 4777 1242 4832 Per
1259 4776 1307 4831 id
1333 4785 1564 4847 tempus,
1589 4776 1798 4830 duobus

218 4873 420 4931 electis
451 4872 708 4926 fratribus
737 4871 789 4924 in
839 4871 1028 4924 eodem
1075 4868 1402 4924 monasterio
1447 4867 1798 4922 militantibus

220 4966 314 5019 vir
365 4961 693 5018 venerabilis
746 4960 827 5015 sui
879 4959 1082 5014 laboris
1133 4959 1342 5027 pondus
1390 4957 1796 5022 commendans,

225 5055 453 5126 Moysen
485 5054 767 5125 legiferum
799 5060 977 5105 vatem
1004 5050 1246 5104 imitatus
1268 5050 1475 5118 est,qui
1501 5048 1798 5117 frequentia

223 5145 410 5215 populi
442 5144 716 5216 fatigatus,
749 5141 927 5196 Aaron
957 5149 1010 5195 et
1040 5138 1151 5193 ilur
1174 5139 1439 5208 adjutorio
1470 5139 1796 5194 sublevatus.

223 5237 283 5290 lu
316 5235 501 5290 eadem
534 5236 650 5290 vice
677 5240 897 5288 sanctus
937 5229 1220 5287 Udalricus
1257 5245 1441 5297 unum,
1477 5244 1670 5284 nomen
1697 5229 1796 5284 ba-

222 5327 447 5381 beutem
478 5324 775 5388 Liutericb,
802 5325 942 5379 infra
963 5323 1260 5378 claustrum
1284 5319 1537 5376 fratribus
1553 5321 1663 5374 Deo
1685 5336 1800 5376 ser-

1895 4401 2045 4455 dium
2092 4415 2203 4454 sua:
2244 4400 2438 4454 animae
2468 4409 2814 4469 praepararet,
2841 4408 2894 4453 et
2938 4405 2998 4452 ut
3032 4399 3085 4452 in
3132 4398 3336 4452 honore
3364 4396 3462 4450 Dei

1896 4490 2174 4546 basilicam
2225 4490 2552 4544 fundotenus
2592 4498 2955 4552 construeret,
3001 4501 3162 4556 quam
3194 4497 3252 4540 ut
3283 4495 3463 4540 ment-5

1896 4579 2184 4649 disposuit,
2217 4578 2310 4632 Dei
2343 4577 2612 4648 adjutorio
2645 4585 2702 4631 et
2749 4577 2936 4647 optimi
2975 4575 3208 4644 episcopi
3241 4575 3466 4630 consilio

1897 4670 2079 4740 operis
2119 4667 2426 4738 expletione
2477 4667 2829 4736 perpetravit,
2851 4675 2907 4720 et
2938 4665 3076 4719 hanc
3107 4662 3275 4731 ipsam
3296 4662 3469 4719 ecclee-

1901 4765 2036 4820 siam
2089 4761 2145 4816 in
2184 4762 2450 4832 pomeerio
2488 4760 2716 4813 fratrum
2767 4755 3062 4813 honoriﬁce
3097 4763 3464 4810 constructam

1901 4855 2012 4910 Deo
2041 4855 2236 4924 dignus
2273 4851 2560 4921 Vodalricg
2601 4849 2889 4920 episcopus
2930 4847 2984 4901 in
3023 4847 3227 4902 honore
3272 4854 3470 4903 sancta

1899 4945 2112 5010 Crucis,
2144 4951 2199 4996 et
2221 4941 2394 4996 sancti
2429 4937 2672 4994 Herasmi
2702 4949 2760 4993 et
2796 4936 2966 4994 sancti
3011 4935 3214 4990 Nicolai
3262 4933 3475 4990 confes-

1902 5036 2042 5093 soris
2070 5051 2143 5090 vtt
2172 5033 2300 5089 ldus
2330 5031 2452 5087 blaii
2484 5029 2778 5091 dedicavit,
2819 5037 2876 5082 et
2900 5040 3083 5082 coram
3130 5023 3476 5078 multitudine

1908 5128 2042 5186 clert
2071 5136 2127 5181 et
2153 5124 2334 5196 populi
2356 5119 2648 5193 episcopali
2675 5117 2946 5176 sententia
2971 5114 3230 5178 decrevit,
3259 5124 3317 5172 ut
3339 5127 3479 5168 unus

1903 5241 1972 5282 ex
1995 5222 2274 5286 fratribus,
2303 5220 2395 5290 qui
2421 5221 2474 5274 in
2507 5215 2739 5287 regulari
2768 5217 2896 5276 vita,
2927 5222 3135 5266 morum
3157 5208 3477 5266 excellentia

1905 5316 2099 5386 dignus
2125 5311 2337 5373 fuisset,
2361 5310 2606 5366 eamdem
2653 5305 2950 5362 ecclesiam.
2982 5298 3301 5368 quotidiano
3326 5297 3481 5353 obsev

2431 5409 2478 5428 ,ιο
2533 5395 2778 5428 ηιιηίῖιιῖιι
2825 5394 2906 5428 οιιί
2952 5390 3196 5428 νὶιΙρΙὶροΙ
3241 5389 3478 5428 nnicnnni

1912 5406 2030 5428 ---:A
2063 5403 2365 5428 nnAn:.'A-nl
