3972 5428
231 350 365 432 ιοπῖ

228 559 598 616 imbuendum.

371 651 553 718 Quare
582 653 936 715 fremuerunt.

297 745 354 799 3.
393 746 493 814 Qui
528 748 669 803 inter
696 755 942 823 egregios
982 759 1247 828 regularis
1293 763 1589 833 disciplina:
1633 765 1800 832 magi-

226 844 373 890 stros
403 837 744 897 dulcissimos
777 845 998 900 lheoria‘.
1021 853 1274 918 carpebat
1305 855 1544 922 quotidie
1570 855 1797 911 fructus.

406 926 634 983 Domine
653 933 784 1002 qttid
811 936 1174 1006 multiplicati.

299 1013 353 1068 ι.
395 1017 563 1086 lbitur
588 1038 756 1077 sacra:
785 1025 1142 1085 institutionis
1187 1048 1375 1087 norma
1421 1045 1638 1089 sanctus
1666 1034 1797 1089 ado-

226 1105 441 1164 lescens
492 1114 806 1184 perductus,
852 1119 906 1174 in
951 1121 1268 1177 cathedram
1316 1125 1678 1194 pontiﬁcalem
1717 1132 1801 1181 est

219 1200 566 1260 sublimatus.

439 1293 571 1349 Cum
593 1298 921 1359 invocarem.

295 1382 348 1437 5.
392 1382 508 1440 Vox
536 1385 697 1444 heato
727 1391 805 1446 sic
831 1394 907 1448 ait
935 1393 986 1448 in
1013 1395 1129 1450 visu
1163 1410 1178 1450 :
1204 1395 1516 1455 Wodalrice
1550 1400 1798 1471 episcope

218 1475 371 1532 scias
395 1487 444 1531 te
473 1479 632 1535 hodie
655 1482 897 1552 hOSpites
925 1497 1302 1558 suscepturum
1334 1505 1472 1545 esse.

442 1568 617 1624 Verba
644 1587 784 1628 mea.

295 1657 351 1712 6.
388 1658 534 1712 Inter
555 1671 751 1716 cmtera
783 1665 1163 1722 miraculorum
1188 1669 1420 1740 insignia
1442 1672 1524 1725 vir
1559 1670 1650 1726 Dei
1675 1687 1800 1742 per-

217 1761 368 1815 saepe
393 1747 599 1804 cmlesti
627 1755 824 1807 meruit
848 1756 1047 1823 perfrui
1089 1759 1311 1819 visione.

437 1839 663 1896 Domine
696 1843 952 1901 Dominus
974 1858 1176 1902 noster.

219 1927 618 1998 (Responsoria
665 1933 690 1986 Ι
731 1941 971 1992 nocturni
1020 1944 1182 2012 tria.)
1231 1944 1296 2012 (ti)
1349 1945 1433 2016 Ι.)
1488 1946 1792 2002 Beatissimi

293 2022 564 2088 pontificis
598 2025 893 2083 Wodalrici
945 2033 1087 2086 diem
1129 2037 1429 2090 natalitiutn
1475 2039 1795 2104 recolentes,

293 2111 385 2179 qui
419 2114 562 2168 hunc
595 2118 760 2171 tantis
786 2136 1072 2178 coruscare
1106 2125 1234 2180 fecit
1277 2127 1564 2182 virtutibus
1587 2132 1615 2161 ⁴⁵
1637 2127 1797 2184 Chri-

294 2213 435 2258 stum
464 2209 746 2278 condignis
767 2226 1091 2268 veneremur
1114 2215 1377 2272 laudibus.
1413 2217 1632 2287 (ἲ.)οιιί
1660 2220 1797 2273 inter

289 2302 486 2348 Caetera
515 2296 842 2365 dignationis
867 2316 976 2354 sua:
1001 2302 1261 2358 beneficia
1303 2305 1460 2374 hujus
1489 2306 1672 2362 Sancti
1695 2324 1794 2364 uo-

292 2383 379 2438 bis
405 2386 625 2442 donavit
663 2392 980 2458 patrocinia.
1022 2395 1316 2449 Christum.

217 2475 282 2546 (ei
306 2477 388 2550 2.)
420 2477 557 2534 Puer
597 2482 687 2536 Dei
721 2483 938 2538 inclitus
967 2484 1304 2540 Wodalricus
1342 2487 1483 2542 infra
1513 2489 1794 2544 duodecim

295 2573 526 2628 mtatula:
554 2589 665 2626 sua:
691 2575 1149 2632 hebdomadarum
1175 2581 1442 2635 curricula
1471 2584 1500 2616 “
1521 2600 1585 2638 ex
1619 2585 1795 2639 divina

295 2664 663 2719 admonitione
694 2682 722 2719 a
767 2677 1012 2722 materno
1041 2673 1294 2738 suspendi
1320 2672 1504 2740 jussus
1525 2683 1604 2728 cst
1637 2673 1792 2727 lacte.

293 2754 394 2824 (γ.)
453 2753 524 2810 Ut
581 2755 754 2810 solido
803 2757 925 2810 cibo
972 2758 1310 2814 confortatus
1357 2762 1594 2817 caelestis
1647 2765 1795 2818 verbi

294 2842 636 2911 dispensator
665 2843 1111 2914 prmﬁgnraret‘ur
1137 2849 1406 2919 egregius.
1462 2851 1536 2905 Ex
1592 2852 1793 2905 divina.

217 2935 282 3006 (ἢ
309 2935 391 3005 5.)
437 2935 570 2990 Cum
615 2945 893 2991 transacto
937 2938 1176 3002 infantiae
1227 2942 1455 2994 termino
1497 2943 1607 3012 jam
1644 2944 1797 2999 bona:

293 3025 488 3081 indolis
517 3043 652 3098 puer
679 3030 964 3095 existeret,
995 3030 1050 3084 in
1102 3032 1275 3087 sancti
1325 3032 1462 3087 Galli
1489 3035 1796 3090 creuehium

291 3128 375 3174 cst
401 3122 810 3176 commendatus
852 3123 880 3188 ἦ
911 3123 1081 3177 sacris
1113 3122 1418 3178 litterarum
1476 3125 1667 3180 studiis
1697 3126 1795 3180 im-

292 3213 566 3268 buendus.
622 3214 723 3284 (ᾖ.)
785 3213 888 3270 Ubi
940 3214 1233 3269 multorum
1290 3215 1501 3272 futurus
1540 3189 1868 3287 magisterC

290 3305 401 3360 Deo
425 3304 642 3361 favente
671 3305 868 3376 sategit
893 3307 1207 3376 prudenter.
1237 3306 1442 3363 Sacris.

288 3399 344 3455 7.
384 3398 732 3468 (Antiphone
780 3397 844 3452 Il
898 3402 1198 3469 nocturni.)
1257 3401 1490 3456 Sanctus
1541 3402 1794 3458 sacerdos

213 3486 346 3544 dum
377 3487 559 3542 divina
602 3489 874 3556 quondam
921 3489 1220 3543 celebraret
1260 3493 1539 3559 mysteria.
1571 3492 1792 3546 dextera

213 3577 316 3635 Dei
347 3591 584 3647 superna
614 3577 903 3632 visibiliter
938 3580 1188 3648 apparuit
1235 3596 1394 3648 supra
1426 3591 1787 3636 sacrosancta.

431 3668 657 3722 Domine
686 3668 808 3737 quis
839 3668 1118 3722 habitabit.

289 3756 342 3812 8.
384 3752 626 3822 Quadam
651 3765 829 3819 nocte,
861 3756 912 3809 in
938 3756 1053 3809 visu
1076 3758 1124 3810 ei
1154 3766 1338 3812 sancta
1364 3758 1490 3812 Afra
1519 3761 1788 3828 apparuit,

215 3855 271 3902 et
298 3848 474 3918 locum
503 3847 876 3903 collocationis
905 3848 1111 3918 proprii
1144 3848 1225 3902 sui
1268 3851 1510 3919 corporis
1538 3850 1588 3904 in
1621 3852 1791 3906 eccle-

214 3931 295 3999 sia
323 3931 740 4000 demonstravit.
904 3935 906 3937 ’

428 4033 653 4088 Domine
685 4034 735 4088 in
764 4033 960 4087 virtute
989 4042 1097 4087 tua.

282 4125 338 4181 9.
379 4123 638 4179 Sanctum
686 4123 1086 4193 Agaunensium
1119 4122 1314 4189 locum,
1365 4122 1555 4178 orandi
1587 4123 1784 4194 gratia,

211 4215 401 4282 adivit,
457 4215 549 4272 ubi
601 4214 956 4270 Thebreorum
1011 4222 1314 4284 martyrum
1366 4213 1621 4283 reliquias
1681 4217 1828 4271 Deo.

211 4309 448 4362 donante
476 4306 783 4376 acquisivit.

432 4396 647 4452 Domini
671 4407 752 4453 est
781 4407 945 4452 terra.

1475 373 1794 430 orrtcusu
1835 375 1891 430 s.
1937 361 2267 444 coactum.

229 466 402 520 sancti
451 465 586 522 Galfi
635 473 966 540 caenobinm,
1023 481 1194 534 sacris
1247 480 1552 538 litterarum
1605 487 1798 541 studiis
1829 495 1875 553 Α

1977 503 2062 548 tus
2085 509 2167 551 est
2195 499 2383 555 infula.
2419 502 2520 576 (ν.)
2545 505 2642 563 llic
2665 507 2758 563 Dei
2785 510 2959 580 gratia
2985 527 3044 567 se
3083 521 3497 585 praeveniente,“

1975 603 2036 642 ac
2073 590 2236 644 totius
2264 593 2590 662 plebisamto
2618 600 2670 654 in
2703 618 2866 658 unum
2889 620 3267 667 concurrente.
3303 613 3358 668 lu
3389 615 3494 669 ci»

1973 680 2158 736 vitate.

1903 771 1956 841 (ἡ
1982 773 2058 844 5.)
2081 777 2367 836 Orationes
2391 791 2494 838 tute
2522 795 2577 840 et
2597 787 2974 861 eleemosynte.
3007 792 3328 854 Wodalrice.
3357 795 3465 851 Deo

1973 882 2099 926 sunt
2122 885 2374 944 acceptze,
2390 892 2479 946 qut
2503 878 2642 934 binis
2665 888 3100 943 antecessoribus
3123 890 3227 943 tuis
3248 899 3299 944 te
3315 906 3480 944 com-

1972 968 2270 1035 meudavit,
2299 972 2315 992 '
2343 981 2401 1026 ut
2430 972 2525 1026 tibi
2557 988 2716 1029 sacra
2749 980 3006 1048 mysteria
3059 981 3467 1036 celebranti‘as-

1971 1059 2185 1122 sistant,
2216 1071 2274 1116 et
2322 1078 2384 1118 ea
2416 1074 2596 1121 tecum
2642 1067 2982 1127 benedicant.
3014 1074 3115 1144 (ᾖ.)
3154 1074 3466 1130 Wodalrtce

1969 1157 2240 1226 episcope,
2266 1159 2407 1214 scias
2432 1169 2482 1216 te
2499 1162 2657 1218 hodie
2670 1163 2908 1234 hospites
2929 1179 3301 1236 suscepturum
3324 1182 3462 1222 esse.

1973 1252 2041 1308 Ut
2067 1257 2180 1311 tibi.

1903 1350 1958 1419 (ἡ
1992 1351 2069 1422 ti.)
2111 1353 2204 1406 Vi'r
2231 1352 2339 1407 Deo
2382 1354 2570 1423 plenus
2620 1354 2746 1408 dum
2781 1355 3014 1412 hostiam
3044 1353 3336 1408 salutarem
3365 1354 3468 1406 im-

1973 1443 2221 1507 molaret,
2269 1445 2385 1514 ipso
2432 1461 2495 1499 ex
2553 1463 2700 1501 more
2751 1449 2959 1517 signum
3037 1446 3216 1500 crucis
3251 1440 3468 1514 agente,

1969 1534 2192 1589 dextera
2228 1536 2320 1590 Dei
2352 1548 2541 1591 sancta
2573 1537 2859 1593 visibiliter
2899 1537 3166 1607 apparuit,
3189 1541 3208 1558 '
3233 1551 3352 1606 qua:
3378 1551 3466 1591 sa-v

1967 1640 2252 1681 crosancta
2282 1629 2546 1682 Dominici
2596 1630 2925 1684 sacramenti
2966 1630 3222 1700 mysteria
3255 1629 3468 1686 cmlitus

1970 1721 2328 1774 consecravit.
2379 1722 2481 1791 (in)
2519 1721 2653 1775 Vere
2682 1722 2806 1777 felix
2832 1732 2888 1776 et
2927 1732 3170 1787 sanctus,
3197 1723 3308 1782 cui.
3332 1709 3468 1777 horl

1970 1811 2147 1864 sancti
2174 1812 2450 1878 sacrificii,
2476 1817 2695 1868 dextera
2727 1814 2820 1870 Dei
2846 1816 3092 1884 apparuit
3118 1816 3442 1870 ministrant!
3472 1849 3484 1886 ρ
3521 1804 3526 1810 ί

1957 1905 2089 1972 Qum
2111 1917 2477 1961 sacrosancta.

1965 2000 2093 2068 (Ant
2164 2003 2233 2054 ad
2284 2000 2545 2070 Cantica.)
2583 2002 2774 2072 Surge,
2814 2003 3138 2066 Wodalrice,
3171 2011 3224 2057 et
3277 2017 3471 2058 secun-

1897 2090 2023 2145 dum
2079 2110 2256 2148 meum
2314 2109 2620 2148 sermonem
2674 2096 2725 2148 in
2776 2095 3002 2150 ecclesia
3037 2094 3193 2150 hodie
3225 2095 3475 2150 divinum

1896 2187 2259 2242 ministerium
2286 2186 2480 2241 festina
2515 2188 2762 2258 implere.
3099 2255 3104 2259 _

1898 2278 2266 2349 (Responsoria
2294 2279 2395 2333 tria
2428 2278 2521 2332 III
2565 2281 2849 2350 nocturni.)
2897 2281 2951 2351 (ἢ
2985 2282 3059 2352 7.)
3089 2281 3315 2348 Quidam
3345 2297 3468 2336 ver.

1969 2370 2052 2423 his
2090 2371 2190 2424 viri
2244 2372 2336 2425 Dei
2372 2387 2477 2426 non
2517 2373 2814 2428 obaudiens
2849 2389 3067 2428 sensum
3103 2391 3224 2431 cum
3259 2375 3378 2430 visu
3411 2386 3470 2430 et

1967 2461 2150 2514 auditu
2185 2462 2443 2530 perdidit,
2479 2463 2572 2516 sed
2607 2479 2732 2517 mox
2766 2463 2832 2517 ad
2872 2465 3043 2532 ipsum
3080 2466 3388 2534 perductus,
3435 2466 3480 2500 Ψ

1967 2553 2208 2620 pristinae
2246 2553 2460 2606 sanitati
2499 2562 2578 2607 est
2617 2553 2918 2607 restitutus.
2958 2554 3055 2623 (Ῡ.)
3090 2554 3257 2623 Cujus
3293 2555 3468 2610 tribu—

1969 2641 2261 2696 lationihus
2295 2658 2417 2697 cum
2472 2644 2788 2699 mitissimus
2839 2644 3132 2699 condolens
3182 2644 3465 2716 indulgen-

1971 2733 2102 2786 tiam
2135 2743 2190 2786 et
2220 2733 2643 2790 benedictionem
2677 2735 2925 2789 donaret.
2956 2734 3231 2792 Pristime.

1901 2824 1956 2894 (ti)
1985 2827 2062 2893 8.)
2099 2825 2539 2880 Sanctimonialis
2575 2826 2768 2880 femina
2791 2867 2804 2889 ,
2845 2835 2902 2880 ut
2937 2841 3034 2896 per
3071 2827 3242 2883 sancti
3290 2828 3470 2899 ponti-

1970 2914 2090 2968 ficis
2129 2916 2430 2969 orationem
2469 2923 2550 2970 cst
2588 2926 2810 2980 sanata,
2854 2932 2977 2971 mox
3014 2919 3279 2972 currendo
3326 2934 3465 2989 prae.

1968 3008 2134 3062 cessit
2168 3023 2291 3061 eum
2323 3008 2610 3062 "laudans
2665 3016 2722 3062 et
2777 3009 3103 3065 benedicens
3155 3011 3465 3067 Dominum.

1969 3101 2070 3170 (7.)
2120 3100 2352 3155 Pedibus
2405 3099 2522 3168 ejus
2559 3101 2836 3168 provoluta
2879 3103 3174 3172 gratiarum
3224 3105 3473 3162 actiones

1970 3193 2084 3262 egit
2113 3193 2326 3247 devota.
2359 3192 2630 3248 Laudatis.

1881 3283 1971 3352 (ἢ.
2006 3285 2038 3338 9
2064 3283 2081 3353 )
2114 3282 2311 3339 Sancte
2335 3283 2428 3340 Dei
2459 3284 2781 3352 Woldarice,
2809 3286 3068 3344 virtutum
3093 3289 3264 3360 gratia
3289 3290 3466 3362 plene‘

1969 3394 2093 3449 spes
2139 3380 2458 3433 miserorum
2483 3419 2497 3445 ,
2541 3381 2708 3436 decus
2746 3382 3096 3436 ecclesiarum
3122 3423 3137 3448 ,
3178 3384 3209 3417 “
3249 3383 3469 3439 intende"

1967 3484 2156 3539 preces
2209 3469 2387 3538 populi
2427 3470 2810 3540 supplicantis,
2863 3480 2923 3525 ut
2961 3471 3216 3542 impetres
3256 3473 3466 3527 veniam

1966 3573 2064 3625 pro
2101 3557 2332 3610 delictis.
2376 3559 2475 3626 (ᾗ.)
2519 3560 2653 3612 Ecce
2694 3559 2820 3627 quia
2869 3573 3034 3626 super
3081 3574 3247 3628 pauca
3294 3561 3470 3640 fidelis

1963 3649 2251 3710 exstitisti,
2279 3663 2440 3716 super
2469 3649 2633 3704 multa
2659 3651 2987 3705 constitutus
3014 3651 3065 3705 in
3093 3651 3344 3722 gaudium
3370 3652 3468 3717 Dei

1967 3740 2043 3792 tui
2078 3739 2335 3793 introisti.
2370 3739 2613 3795 Intende.

1968 3853 2014 3904 l.
2041 3850 2376 3921 (Anthr/tants
2399 3854 2466 3907 ad
2492 3852 2695 3910 Laudes
2718 3865 2762 3909 et
2794 3855 2995 3927 horas.)
3026 3856 3284 3913 Dominus
3309 3856 3484 3915 Iesus

1891 3941 2136 3996 Christus
2176 3943 2242 3999 dc
2281 3947 2420 4000 caelo
2460 3949 2881 4002 misericorditer
2918 3950 2968 4002 iu
3008 3958 3205 4004 terram
3241 3965 3466 4021 prospe-

1891 4033 2004 4100 xit,
2040 4037 2255 4104 quando
2287 4047 2531 4092 sanctum
2569 4037 2946 4095 Vnodalricutn
2987 4040 3263 4097 catholicae
3292 4042 3468 4097 eccle-

1890 4125 1984 4181 sia:
2019 4126 2322 4196 pontificem
2351 4126 2463 4181 fieri
2495 4128 2806 4182 destinavit.

1966 4217 2023 4272 2.
2054 4215 2242 4271 Cultor
2272 4216 2365 4271 Dei
2398 4218 2646 4287 egregius
2673 4219 2739 4272 ad
2770 4217 2980 4274 culmen
3010 4219 3356 4289 pontificatus
3387 4222 3468 4277 di-

1893 4309 2016 4362 vina
2046 4307 2310 4382 electione
2340 4317 2641 4376 promotus,
2670 4309 3086 4366 calestisverbi
3112 4313 3322 4367 semina
3349 4315 3472 4370 ubi-

1889 4413 1994 4468 que
2019 4401 2304 4468 spargebat
2330 4414 2423 4468 per
2451 4398 2688 4453 fidelium
2716 4402 2897 4456 corda.

285 4489 374 4545 10.
417 4490 564 4556 Quas
594 4507 716 4546 cum
750 4505 962 4544 summo
990 4491 1200 4545 honore
1239 4490 1536 4562 Augustam
1584 4493 1780 4554 attulit,
1820 4529 1866 4588 Β
1963 4493 2017 4546 '5.
2063 4489 2230 4560 Hujus
2259 4489 2589 4545 sanctissimi
2622 4492 2722 4546 viri
2753 4493 3009 4548 salutaria
3041 4497 3290 4566 dogmata
3323 4498 3462 4554 divl-

209 4596 277 4637 ac
303 4582 356 4637 in
385 4582 628 4636 oratorio
654 4583 746 4637 Dei
770 4580 1064 4637 Gcnitricis
1084 4596 1206 4636 eum
1232 4582 1447 4654 hymnis
1471 4590 1525 4637 et
1545 4583 1782 4652 psalmo-

207 4671 314 4728 diis
347 4671 598 4742 religiose
625 4671 925 4726 collocavit.

419 4762 762 4819 Benedicam.

281 4853 371 4911 ll.
414 4855 515 4910 Per
559 4856 757 4919 oleum,
802 4857 949 4926 quod
994 4866 1215 4913 sanctus
1263 4857 1514 4914 Pontifex
1542 4857 1594 4912 iu
1618 4857 1822 4937 Coena

209 4949 420 5004 Domini
451 4949 811 5011 consecravit,
856 4949 1085 5017 plurima
1128 4952 1476 5022 curationum
1520 4949 1782 5005 beneficia

209 5037 428 5106 aegrotis
449 5037 648 5090 Christi
683 5037 854 5106 gratia
886 5037 1238 5092 condonavit.

420 5125 497 5181 Te
521 5126 696 5181 decet.

279 5218 344 5246 ,ο
395 5218 691 5246 ρΛΙΑΙι-ΑΙῙΑ
716 5217 1000 5246 πεπαθυίῃ-ρης
1025 5217 1302 5246 ΑΛΙΛι-ὶιιζῖα
1365 5219 1647 5246 -..ΑιιιλΑ-ις
1677 5221 1744 5246 IL-

793 5233 874 5246 non
886 5233 1000 5246 muni
1025 5217 1302 5246 AAIAn-\-.::a

1894 4600 2086 4638 norum
2139 4584 2414 4650 signorum
2455 4597 2668 4652 semper
2700 4585 2911 4642 ccclitus
2946 4589 3307 4644 comitabatur
3349 4590 3464 4644 em-

1888 4673 2064 4726 cat'ia.

1964 4767 2011 4820 4.
2055 4766 2252 4821 Sancta
2301 4767 2431 4822 Afra
2484 4777 2723 4841 martyre
2767 4771 2884 4825 viro
2933 4771 3024 4827 Dei
3068 4775 3340 4844 quondam
3382 4777 3462 4832 vi-

1891 4859 2042 4912 sione
2071 4859 2322 4912 ducatum
2355 4858 2650 4929 prtebente,
2685 4875 3040 4932 supernorum
3071 4863 3268 4919 civium
3297 4868 3459 4924 ewtni

1894 4948 2123 5006 feliciter
2154 4951 2360 5003 meruit
2384 4949 2663 5004 associari.

1960 5040 2012 5094 5.
2064 5040 2119 5093 In
2157 5039 2316 5108 hujus
2357 5041 2494 5094 sacri
2533 5051 2833 5096 conventus
2870 5040 3048 5096 medio
3091 5044 3463 5113 apostolorum

1887 5133 2191 5206 principem
2223 5135 2356 5186 vidit
2393 5148 2514 5186 cunt
2559 5133 2681 5187 aliis
2752 5149 2888 5205 quos
2925 5132 3009 5186 vel
3043 5133 3171 5189 olim
3208 5137 3261 5191 in
3301 5151 3464 5190 carne
