3972 5428
515 357 656 417 1079

1760 360 2124 420 BENEDICTI
2165 363 2226 422 Vl
2265 363 2464 422 ΡΑΡᾹΕ

3648 367 3789 426 1080

517 487 642 529 cum
669 485 735 528 ex
758 469 1032 542 ergastulo
1057 471 1238 528 carnis
1267 471 1334 526 ad
1361 471 1562 526 aethera
1590 482 1736 529 esset
1761 475 2095 542 sublevatus,
2126 495 2172 553 Α
2203 480 2410 535 sanctis
2455 479 2562 534 tuis
2593 480 2914 535 mirabilem
2945 473 3288 552 praedicare,
3336 481 3497 552 cujus
3565 461 3790 552 gratuiti

517 573 671 620 tanta
718 562 785 620 de
831 563 1070 618 exanimi
1117 576 1236 632 ejus
1287 578 1516 634 corpore
1566 565 1874 620 suavissimi
1911 567 2098 624 odoris

450 643 479 670 ’⁵
517 655 760 710 manavit
786 653 1106 724 fragrantia,
1151 665 1210 709 ut
1259 663 1579 711 cunctorum
1620 657 1690 710 ibi
1728 658 2095 716 assistentium

517 745 871 817 perfunderet
907 762 1068 802 nares
1097 758 1150 802 et
1181 757 1425 818 pectora.
1463 747 1522 802 ln
1557 748 1714 818 cuius
1749 753 2098 810 veneratione

517 837 764 893 dicamus
791 858 804 894 :
842 838 1027 896 Gloria
1058 841 1150 896 tibi
1183 841 1433 896 Domine.

555 929 844 998 .(Collecta
879 933 947 988 ad
987 932 1254 1004 Missam.)
1297 935 1438 990 Deus
1467 935 1558 1004 qui
1585 933 1864 990 hodiernae
1891 933 2096 990 festivi-

515 1026 645 1082 tatis
692 1027 834 1081 diem
879 1027 1021 1084 beati
1071 1025 1366 1083 Wodalrici
1425 1025 1754 1086 confessoris
1805 1028 1882 1082 tui
1933 1037 2096 1099 atque

513 1119 786 1190 pontilicis
826 1119 1056 1176 transitu
1097 1119 1388 1198 gloriosum
1427 1121 1640 1176 fecisti:
1679 1121 1916 1176 concede
1965 1137 2087 1192 pro-

515 1213 681 1282 pitius
729 1213 808 1269 sic
864 1214 997 1268 tanti
1051 1213 1264 1285 patroni
1295 1221 1459 1284 atque
1494 1213 1736 1270 doctoris
1777 1216 1970 1272 merita
2003 1231 2095 1271 vc-

513 1307 697 1362 ncrari
733 1307 790 1364 in
829 1306 1022 1373 terris,
1059 1316 1118 1362 ut
1155 1306 1326 1380 ipsius
1363 1307 1508 1378 apud
1545 1317 1597 1363 te
1631 1309 1934 1379 patrocinia
1970 1325 2098 1366 scn-

515 1399 716 1456 tiamus
747 1401 803 1456 in
831 1401 1006 1457 ccelis.
1035 1401 1159 1458 Per.

587 1492 864 1564 (Sacram)
888 1494 1104 1561 Munus,
1125 1495 1370 1562 Domine,
1393 1507 1588 1552 nostra:
1616 1496 1917 1554 devotionis
1939 1510 2096 1554 sacro

459 1619 464 1624 -
515 1583 671 1638 altari
706 1584 1126 1655 superpositum,
1157 1586 1246 1656 pia
1273 1587 1418 1642 Leati
1449 1586 1746 1642 Wodalrici
1777 1587 2096 1658 supplicatio

518 1675 608 1730 tibi
645 1675 870 1732 Domino
898 1678 1008 1734 Deo
1035 1688 1221 1734 nostro
1252 1679 1446 1734 reddat
1471 1687 1788 1750 acceptum,
1817 1691 1872 1736 et
1897 1679 1965 1735 ad
1995 1681 2096 1735 hoc

513 1769 919 1838 percipiendum
942 1771 1192 1841 puriﬁcet
1213 1773 1378 1828 corda
1403 1773 1646 1828 omnium
1677 1782 1942 1830 nostrum.
1971 1775 2094 1830 Per.

2200 587 2415 644 semper
2441 583 2524 628 est
2553 574 2825 640 muneris,
2855 574 3122 644 quidquid
3163 575 3218 629 in
3247 591 3435 629 eorum
3481 573 3566 630 vel
3609 575 3792 632 verbis

2200 676 2358 720 sonat
2411 667 2694 734 mirabile,
2753 667 2838 720 vel
2891 667 3187 721 virtutibus
3239 675 3496 722 coruscat
3551 667 3790 738 insigne.

2199 755 2356 812 Unde
2389 771 2458 811 ex
2491 771 2678 811 eorum
2711 756 2944 827 collegio
2971 757 3116 811 beati
3163 755 3456 812 Woldarici
3507 755 3796 812 confesso-

2201 848 2274 903 ris
2307 849 2380 902 tui
2409 857 2572 917 atque
2603 847 2878 916 pontiﬁcis
2905 847 3164 902 solemnia
3194 847 3566 910 celebrantes,
3597 850 3793 902 eadem

2197 948 2546 994 sacrosancta
2571 938 2692 994 Filii
2720 938 2794 992 tui
2833 937 3044 994 Domini
3071 938 3240 992 nostri
3261 936 3388 993 Iesu
3414 939 3624 994 Christi
3656 940 3796 995 dex-

2199 1041 2313 1087 tera
2355 1032 2590 1102 petimus
2651 1031 2706 1087 in
2751 1042 3014 1086 :cternum
3049 1030 3392 1101 consignari,
3425 1045 3549 1101 quze
3587 1030 3794 1103 singu-

2201 1121 2372 1178 larem
2421 1122 2814 1192 redemptionis
2843 1129 3040 1175 nostrae
3068 1121 3326 1182 hostiam,
3349 1120 3466 1190 ipso
3493 1120 3794 1175 sacerdote

2201 1227 2359 1268 sacro
2388 1213 2546 1268 altari
2589 1213 2901 1278 assistente,
2928 1212 3215 1268 visibiliter
3257 1210 3477 1266 voluisti
3511 1211 3796 1266 benedici.

2199 1305 2304 1360 Per
2359 1306 2609 1362 eumdem
2652 1305 2930 1360 Christum
2985 1303 3276 1360 Dominum
3331 1311 3634 1358 nostrum:
3697 1317 3796 1376 per

2195 1411 2358 1468 quem
2389 1396 2730 1466 majestatem
2749 1399 2910 1450 tuam
2943 1395 3191 1452 laudant.
3433 1399 3438 1404 ‘

2270 1487 2770 1564 (Ροειεοηιπιιηιὶο.)
2813 1487 3128 1546 Caelestium
3165 1495 3638 1547 sacramentorum
3669 1501 3796 1558 par-

2202 1586 2391 1654 ticipes
2411 1581 2611 1648 ell'ccti,
2635 1597 2964 1652 quaesumus,
2993 1581 3220 1636 Domine
3257 1581 3399 1634 Deus
3443 1588 3678 1634 noster:
3714 1589 3793 1647 ut,

2199 1675 2597 1731 interveniente
2623 1674 2782 1730 beato
2815 1673 3126 1729 Wodalrico
3155 1671 3474 1728 confessore
3505 1679 3602 1726 tuo
3627 1681 3796 1742 atque

2200 1765 2488 1837 pontiﬁce,
2520 1773 2576 1820 et
2613 1773 2960 1836 peccatorum
3001 1771 3311 1818 nostrorum
3345 1761 3794 1834 indulgentiam,

587 1857 921 1930 (l’ra’falio.)
959 1861 1196 1930 Equum
1233 1871 1288 1918 et
1323 1863 1580 1919 salutare.
1634 1864 1712 1920 Te
1765 1865 1986 1934 quidem
2041 1865 2094 1919 in
2130 1860 2172 1919 Β
2202 1870 2256 1916 et
2284 1861 2447 1914 vitam
2480 1859 2738 1928 consequi
2773 1871 3084 1913 mereamur
3112 1863 3394 1912 aeternam.
3429 1853 3562 1911 Per.

1178 1982 3773 2011 m—

1663 2085 1833 2128 ΔΝΝΟ
1871 2084 2099 2130 οοδιῑκι
2130 2083 2553 2130 θεοαειξχιγ.

790 2204 2121 2460 BENEnlc'tjt

2200 2207 2374 2458 ξ
2449 2205 2696 2371 vr
2828 2198 3526 2370 PAPA.
3619 2251 3624 2254 —

1533 2511 1974 2594 ΝΟΤΙΤΙΔ
2033 2515 2614 2594 HISTORICA.

1323 2622 1520 2695 (ΜΔΝει
1549 2626 1906 2682 Conciliorum
1930 2631 2250 2698 generalia»:
2276 2641 2406 2684 tum.
2434 2629 2572 2692 XIX,
2607 2629 2710 2684 col.
2738 2629 2853 2696 57.)

2325 2725 2388 2736 -σ

535 2823 544 2830 .
577 2779 922 2846 Benedictus,
952 2781 1130 2852 patria
1182 2780 1478 2848 Romanus,
1533 2781 1674 2838 ﬁlius
1717 2783 2087 2852 llildebrandi,
2119 2777 2162 2836 Ο
2197 2797 2250 2841 et
2281 2786 2397 2840 dies
2421 2784 2641 2854 aliquot.
2682 2781 2876 2838 Sedem
2916 2781 3265 2852 apostolicam
3317 2783 3587 2850 sacrilega
3641 2780 3786 2837 canis

508 2880 632 2943 post
657 2873 862 2930 obitum
894 2873 1036 2933 Doni
1086 2874 1413 2944 subrogatus
1449 2885 1532 2934 est
1559 2876 1610 2930 in
1639 2877 1818 2933 locum
1843 2877 1961 2946 ejus
1993 2895 2092 2934 xm

507 2963 630 3021 Kal.
664 2963 942 3034 Decemb.,
971 2982 1114 3021 anno
1133 2965 1516 3037 Redemptoris
1535 2967 1662 3024 972.
1690 2967 1858 3039 llujus
1883 2977 2092 3038 tempo-

509 3056 662 3109 ribus
688 3053 815 3112 Otto
847 3071 1076 3128 magnus
1110 3055 1430 3128 imperator,
1482 3057 1766 3114 funeribus
1819 3061 2009 3114 matris
2040 3069 2095 3116 et

511 3145 746 3202 Wilelmi
777 3145 1074 3218 Moguntini
1120 3149 1358 3219 episcOpi
1391 3150 1708 3219 praemissis,
1744 3161 1990 3206 mortuus
2012 3161 2096 3206 est

510 3239 562 3292 lu
616 3237 875 3304 Saxonis,
906 3254 1048 3294 anno
1093 3240 1306 3310 imperii
1347 3239 1430 3295 sui
1484 3241 1824 3298 duodecimo.
1877 3242 2096 3298 Adelais

512 3329 698 3384 relicta
741 3333 936 3402 conjux
987 3331 1224 3387 animam
1270 3332 1508 3390 defuncti
1549 3333 1762 3390 Ottonis
1798 3336 1978 3389 mariti
2011 3336 2093 3390 sui

509 3431 792 3491 prosecuta
823 3423 924 3476 l‘uit
961 3423 1027 3478 iis
1057 3423 1270 3492 pietatis
1299 3423 1509 3488 oﬁiciis,
1543 3440 1662 3494 qua:
1687 3441 1716 3480 a
1761 3425 2094 3482 Witicbindo

512 3514 563 3566 in
591 3512 695 3568 ﬁne
745 3512 870 3568 libri
926 3530 987 3570 ut
1036 3515 1438 3570 describuntur.
1491 3515 1620 3572 Post
1671 3516 1875 3572 obitum
1925 3517 2095 3588 patris

509 3605 633 3660 Otto
661 3605 930 3660 secundus
961 3604 1112 3662 solus
1143 3605 1412 3674 imperare
1435 3607 1622 3675 coepit,
1653 3606 1744 3676 qui
1777 3622 1900 3661 cum
1941 3615 2094 3676 patre

509 3702 722 3748 sextum
761 3709 962 3748 annum
1003 3695 1216 3765 imperii
1242 3698 1324 3751 sui
1370 3696 1740 3752 inchoaverat.
1775 3695 2092 3752 Benedictus

511 3801 540 3837 a
573 3783 849 3840 Bonifacio
877 3785 1162 3842 Francone
1191 3787 1462 3853 Romano,
1495 3788 1718 3844 Feruitii
1752 3789 1882 3853 lilio,
1918 3789 2094 3844 cardi-

511 3874 634 3954 nale
669 3877 922 3943 diacono,
963 3879 1082 3933 viro
1121 3878 1528 3944 scelestissimo,
1572 3890 1766 3949 captus
1795 3890 1848 3935 et
1881 3882 1935 3936 iu
1971 3867 2120 3936 car--

511 3983 692 4045 cerem
729 3969 1004 4036 detrusus,
1042 3971 1412 4044 strangulatus
1454 3981 1540 4029 cst
1588 3975 1658 4028 ab
1688 3973 1900 4038 eodem,
1950 3989 2091 4028 anno

509 4057 710 4123 Christi
736 4059 861 4126 974,
891 4077 1012 4116 cum
1043 4063 1274 4123 sedisset
1302 4079 1502 4120 annum
1534 4080 1722 4130 unum,
1747 4081 1960 4124 menses
1983 4073 2091 4120 tres

2197 2877 2386 2948 Optimi
2411 2875 2685 2948 pontiﬁcis
2715 2881 2998 2929 vacantem
3030 2871 3324 2942 sacrilegus
3363 2870 3640 2926 homicida
3679 2869 3784 2926 Bo-

2198 2968 2448 3033 nifacius,
2477 2967 2570 3037 qui
2613 2964 2875 3036 septimus
2901 2965 3018 3034 ejus
3057 2963 3290 3018 nominis
3333 2963 3610 3033 reperitur
3657 2961 3782 3015 alibi

2198 3071 2558 3133 tmncupatus,
2596 3059 2856 3114 violenter
2879 3057 3095 3123 invasit,
3122 3071 3350 3126 eamque
3379 3073 3586 3111 annqu
3615 3070 3778 3108 unum

2195 3163 2250 3208 et
2273 3168 2514 3207 mensem
2549 3151 2738 3205 tenuit.
2772 3149 2924 3205 llunc
2952 3165 3072 3218 ego,
3113 3147 3449 3217 antiquiores
3489 3145 3780 3216 scriptores

2197 3244 2463 3308 imitatus,
2492 3247 2634 3297 inter
2673 3257 2826 3296 veros
2857 3251 2910 3297 ct
2957 3241 3226 3312 legitimos
3269 3239 3562 3308 pontiﬁces
3593 3251 3779 3293 nume-

2197 3337 2423 3390 randum
2452 3350 2558 3389 non
2586 3350 2706 3390 esse
2729 3333 2990 3402 judicavi,
3023 3333 3164 3403 quod
3192 3333 3374 3387 sedem
3420 3331 3780 3402 apostolicam

2197 3428 2423 3496 turpiter
2447 3429 2741 3496 ingressus,
2775 3428 2984 3498 turpius
3004 3425 3322 3480 deseruerit.
3347 3423 3485 3477 Nam
3509 3441 3635 3479 cum
3663 3431 3782 3492 post

2195 3516 2361 3571 multa
2376 3516 2478 3570 alia
2499 3517 2701 3571 scelera
2718 3527 2772 3571 et
2795 3515 2994 3586 ﬂagitia
3019 3517 3179 3569 homo
3200 3514 3439 3568 nefarius
3467 3509 3780 3568 Vaticanam

2193 3607 2475 3664 basilicam
2510 3608 2762 3662 omnibus
2787 3608 3119 3662 ornamentis
3149 3607 3260 3660 suis
3284 3603 3783 3675 exspuliassct,Be-

2193 3700 2438 3753 nedictus
2466 3699 2860 3764 Albericortun,
2889 3699 2957 3753 de
2999 3713 3229 3768 quorum
3259 3697 3464 3750 familia
3507 3706 3648 3768 erat,
3681 3709 3782 3764 ope

2192 3800 2244 3844 et
2283 3791 2483 3845 auxilio
2519 3790 2722 3856 fretus,
2765 3807 2890 3846 eum
2940 3805 3112 3860 usque
3165 3777 3302 3844 adeo
3339 3789 3664 3860 exagitavit,
3703 3797 3780 3850 ιιι,

2191 3881 2362 3935 llnina
2429 3881 3190 3950 relicta,Conslantinupolim
3251 3879 3404 3934 abire
3471 3889 3776 3951 cogeretur.

2192 3973 2417 4040 Quando
2459 3985 2512 4027 et
2541 3991 2645 4044 qua
2693 3975 2978 4028 occasione
3031 3971 3258 4028 Ruinam
3309 3971 3555 4037 redierit,
3609 3971 3776 4027 dicam

2193 4065 2332 4120 inira
2356 4064 2407 4120 in
2431 4067 2541 4120 vita
2567 4065 2789 4121 Joannis
2821 4063 2959 4120 XIV.

1509 4268 1954 4390 NOTITIA
2004 4307 2741 4394 DIPLOMATICA.

1395 4441 1606 4515 (lane,
1647 4443 1870 4516 Hegesia
1891 4443 2200 4515 pontiﬁcum
2231 4445 2610 4511 Romanorum,
2643 4445 2796 4518 551.)

523 4585 534 4592 ’
577 4579 618 4649 1-
643 4578 918 4653 Benedicti
955 4581 1024 4638 Vl
1054 4581 1209 4637 bulla:
1240 4591 1367 4636 sunt
1408 4583 1682 4652 scriptam:
1705 4597 1802 4653 per
1837 4597 2059 4639 manum

651 4651 912 4725 §tephnni
939 4654 1132 4706 notarii
1168 4655 1450 4725 regionarii
1477 4651 1814 4710 et’scrini‘arii
1841 4672 1886 4708 ε.
1912 4655 2023 4708 sed.
2077 4665 2246 4724 apost.
2279 4655 2357 4725 (2,
2388 4654 2442 4722 ὀ,
2477 4679 2554 4723 υ,.

579 4791 622 4845 D
651 4720 916 4776 Benedicti
937 4724 1201 4780 στι-ἱππίαήὶ
1227 4720 1279 4782 '5.
1314 4739 1531 4780 summa:
1556 4737 1602 4782 et
1631 4737 1800 4797 apost.
1827 4726 1936 4780 sed.
1972 4727 2071 4796 (ᾗ).

626 4801 726 4844 atze
754 4808 806 4845 ι).
850 4808 922 4845 m.

626 4801 726 4844 atze
754 4808 806 4860 p.
850 4808 922 4846 m.

651 4861 896 4940 [Tizlonis
915 4865 1142 4940 episcOpi
1170 4863 1624 4940 glutinat/record
1650 4884 1695 4921 ε.
1723 4867 1832 4921 sed.
1863 4876 2033 4940 etpost.
2070 4866 2167 4940 (2).

651 4931 875 5006 {cunnis
907 4932 1012 5006 Deo
1041 4931 1291 5006 annibilis
1318 4936 1602 5006 primicerii
1624 4954 1670 4991 δ.
1699 4955 1786 5006 ap.
1809 4931 1920 4992 sed.
1951 4939 2054 5004 (5).
2078 4931 2088 4940 ’
2112 4977 2116 4980 -

651 4999 875 5078 {ominis
895 5003 1120 5078 episwpi
1147 5014 1194 5058 et
1223 4999 1601 5078 bibliolltccarii
1621 5025 1666 5060 ι.
1691 4999 1811 5078 sed.
1826 4999 1992 5078 (ipost.
2017 4999 2123 5078 ’(4).

525 5069 1202 5150 ἰητις-’ριιεξῃι,ξιξξὶυιξθῐιςξιάιιιιί
1225 5073 1282 5150 in
1315 5073 1490 5128 locum
1522 5074 1746 5130 Joannis
1773 5069 1908 5140 Xlll,
1945 5069 2040 5131 alii
2065 5069 2118 5132 in
2153 5079 2427 5150 Benedicti
2467 5077 2553 5142 Vl,
2589 5079 2935 5150 subrogatum
2963 5093 3102 5142 esse,
3137 5077 3375 5150 DONUM
3420 5081 3562 5150 (seu'
3599 5079 3762 5136 DORL

511 5135 995 5226 ῌϋιιξιθοῆψει).
1019 5142 1182 5226 eximi
1206 5145 1558 5226 de’paparum
1587 5151 1729 5226 serie
1759 5135 2027 5226 operuere,
2059 5149 2299 5226 perfecte
2325 5135 3248 5226 demonstravirw.“Qicsebrccht,
3283 5135 3628 5226 Jalnrlnucher
3659 5135 3764 5204 ﬁdes
