3972 5428
457 361 597 419 «οδε

1822 351 2185 411 θεκευιιῖτι
2224 353 2290 412 γι
2330 353 2531 413 ΡᾹΡΔ

3597 357 3729 416 ms

455 474 815 546 prazsentibus
852 470 1061 527 scilicet
1102 476 1158 524 et
1189 448 1749 538 futuris,lperpetuam
1784 465 2039 551 salutem.
2070 488 2120 549 Α
2145 464 2308 521 alieni
2362 475 2538 533 erunt,
2583 467 2787 521 dicente
2826 465 3099 527 Domino:
3140 468 3245 537 Qui
3272 484 3358 525 sos
3405 470 3735 539 spernit,me

526 562 689 632 Quia,
708 563 831 619 licet
855 561 1079 630 indigni,
1099 558 1295 615 divinae
1318 566 1501 613 tamen
1520 556 1849 629 dignationis
1870 557 2041 628 gratia

455 659 799 728 disponente,
833 655 973 712 beati
1003 654 1146 710 Petri
1177 653 1546 725 apostolorum
1568 651 1833 722 principis
1858 665 2044 706 sacra-

458 749 723 804 tissimam
772 750 988 813 sedem,
1019 745 1433 814 universafeque
1469 744 1525 800 itt
1560 752 1672 798 toto
1708 743 1840 798 orbe
1881 741 2045 812 inagi-

455 841 683 895 sterium
724 839 1083 910 suscepimus.
1115 850 1339 892 necesse
1366 843 1454 891 est
1484 833 1727 889 omnium
1766 832 2042 889 Ecclesia-

458 951 611 1000 rum,
656 943 716 991 ut
760 933 1226 1001 diligentissimam
1279 928 1697 987 sollicitudinem
1744 927 1818 982 ita
1863 925 2044 981 conti-

457 1037 653 1083 nenter
733 1026 1075 1089 habeamus,
1139 1038 1210 1078 ne
1283 1036 1472 1078 earum
1524 1020 1651 1091 jura
1722 1018 2046 1073 auctoritate

454 1119 696 1187 ejusdem
721 1118 1091 1188 apostolorum
1126 1114 1425 1186 principis.
1453 1121 1887 1181 caeterorumque
1923 1124 2046 1166 suc-

457 1226 734 1268 cessorum
786 1210 906 1280 ejus
950 1206 1338 1263 venerabilium
1389 1204 1612 1259 Patrum
1659 1200 2047 1259 inviolabiliter

459 1312 686 1369 statuta,
717 1311 773 1357 et
799 1299 1141 1362 confirmata,
1175 1306 1362 1353 nostro
1389 1296 1702 1350 minuantur
1726 1310 1791 1348 ac
1820 1302 2048 1363 pereant

463 1406 735 1463 tempore;
767 1391 861 1446 sed
886 1394 1064 1461 potius
1088 1390 1439 1445 corroborata
1467 1388 1721 1441 decenter
1749 1393 2049 1455 augeantur

462 1494 627 1553 atque
665 1484 969 1554 proficiant.
1013 1481 1138 1536 ideo
1168 1490 1405 1534 vestram
1449 1491 1611 1533 nosse
1649 1476 1897 1531 volumus
1922 1490 2052 1530 san-

461 1579 707 1635 ctitatem
736 1576 901 1646 quod,
929 1574 1267 1629 Theoderico
1290 1570 1645 1626 dilCCliSSlﬂlﬂ
1667 1569 1836 1623 fratre
1861 1576 2048 1622 nostro

461 1669 812 1726 Trevcrcnsis
866 1665 1122 1722 Ecclesia:
1171 1664 1581 1734 archiepiscopo
1634 1660 1863 1715 Romam
1917 1659 2042 1714 diri-

460 1773 619 1837 gente
651 1760 990 1834 legatur-ium,
1022 1758 1090 1813 ad
1120 1753 1832 1824 sanctorumapostolorum
1858 1752 2047 1806 limina

2145 559 2342 628 spernit
2375 556 2524 629 (Luc.
2556 574 2612 625 χ,
2645 558 2755 627 16).
2801 558 2950 615 inter
2991 560 3105 617 hare
3132 575 3346 631 quoque
3377 561 3591 626 omnia,
3614 576 3738 632 qua:

2147 650 2217 706 ad
2272 651 2642 722 supradictam
2692 652 3084 709 Treverensem
3131 652 3424 710 Ecclesiam
3481 654 3627 710 intra
3682 663 3737 709 et

2145 753 2303 801 extra
2339 745 2618 801 civitatem
2650 746 2926 817 pertinere
2954 746 3226 810 videntur,
3264 746 3316 800 id
3356 756 3440 802 est
3463 746 3741 803 Ecclesias

2145 851 2269 893 cum
2310 837 2579 893 universis
2627 839 2790 893 rebus
2840 838 2942 894 sibi
2983 839 3361 903 attinentibus,
3402 854 3501 895 seu
3551 854 3744 896 truona-

2146 930 2313 985 steria
2367 938 2474 984 tam
2524 930 2918 986 monachorum
2965 946 3126 1000 quam
3159 932 3464 1002 virginum,
3502 948 3631 1000 qua:
3672 948 3745 990 ex

2147 1024 2454 1093 prmeeptis,
2505 1023 2621 1078 sive
2657 1023 2876 1093 scriptis
2920 1038 3138 1095 regum,
3179 1039 3274 1079 seu
3325 1025 3741 1095 imperatorum.

2148 1111 2263 1168 sive
2298 1111 2614 1168 earumdem
2647 1113 2993 1169 fundatorum
3027 1115 3350 1191 auctoritate
3373 1116 3441 1171 ad
3485 1129 3550 1173 se
3576 1119 3749 1188 perti-

2148 1213 2279 1260 nent
2325 1213 2381 1260 et
2427 1205 2700 1275 pertinere
2745 1206 2967 1270 debent.
3001 1215 3057 1262 ct
3099 1207 3362 1278 quidquid
3388 1211 3619 1266 omnino
3655 1210 3751 1267 illa

2150 1295 2265 1366 ipsa
2296 1295 2540 1352 Ecclesia
2572 1298 2804 1368 ubique,
2834 1308 2890 1352 et
2917 1314 3136 1370 quoque
3166 1300 3362 1355 merito
3405 1304 3656 1372 possidet
3692 1310 3750 1358 ct

2148 1387 2425 1459 possidere
2469 1389 2630 1444 debet
2674 1390 3003 1461 generaliter
3044 1399 3099 1446 ct
3135 1393 3450 1462 specialiter
3486 1394 3739 1450 concedi-

2150 1494 2301 1545 mus,
2334 1478 2804 1553 reformamusque
2838 1483 3064 1552 prmf‘ato
3109 1482 3447 1540 Theoderico
3490 1485 3653 1543 fratri
3694 1495 3751 1544 et

2151 1572 2474 1643 coepiscopo
2500 1583 2709 1640 nostro,
2742 1574 2964 1645 suisque
3007 1577 3416 1632 successoribus
3454 1580 3524 1633 ad
3554 1594 3753 1650 perpe-

2153 1672 2300 1719 tuam
2353 1673 2558 1720 sancta:
2608 1665 2961 1722 Treverensis
3006 1666 3266 1723 Ecclesiae
3314 1669 3753 1726 dominationum

2142 1746 2315 1827 latque
2343 1757 2627 1822 ditionem,
2658 1773 2756 1829 per
2799 1758 2960 1830 hujus
3008 1754 3209 1815 nostra:
3251 1762 3568 1832 apostolicae
3605 1765 3753 1819 selis

460 1857 787 1919 audivimus,
831 1854 973 1907 sicut
1019 1852 1184 1905 etiam
1236 1849 1445 1920 pridem
1499 1845 1805 1910 audiendo,
1855 1844 1963 1899 imo
1994 1852 2051 1898 et
2083 1840 2124 1898 Β
2155 1849 2535 1920 praeceptionis
2577 1852 2802 1916 seriem,
2841 1851 2944 1906 hac
2974 1851 3226 1920 prmsenti
3271 1867 3288 1906 ι
3334 1854 3665 1920 indictione,
3701 1865 3755 1911 ct

459 1951 688 2023 legendo
709 1955 1048 2017 compertum
1100 1941 1412 2005 habuimus,
1441 1939 1688 1995 eamdem
1732 1938 1905 2007 ipsam
1940 1951 2051 2006 pra:

460 2044 673 2102 czeteris
733 2039 1029 2096 Galliarum
1100 2036 1358 2091 Ecclesiis
1429 2032 1713 2088 catholicae
1776 2030 2050 2100 religionis

459 2137 765 2200 exordium,
789 2143 846 2188 et
867 2130 1189 2187 Christiana:
1212 2127 1485 2197 religionis
1511 2123 1901 2193 catholiczeque
1929 2120 2050 2177 fidei

459 2231 768 2288 rudimenta
801 2227 972 2295 prima
1002 2223 1309 2295 percepisse
1343 2236 1439 2292 per
1466 2229 1777 2275 sanctorum
1809 2217 2052 2272 virorum

461 2322 739 2386 Eucharii,
770 2318 1004 2382 Valerii,
1029 2315 1278 2373 Materni.
1311 2322 1365 2368 et
1408 2320 1727 2367 cancrorum
1776 2309 2052 2377 evangeli-

461 2431 583 2471 cam
610 2412 938 2475 doctrinam,
974 2423 1111 2480 quos
1137 2417 1380 2476 tempore
1407 2419 1506 2457 suo
1533 2401 1823 2473 praedictus
1852 2400 2054 2454 beatis-

461 2508 632 2565 simus
683 2505 875 2560 Petrus
914 2500 1189 2571 apostolus
1229 2496 1504 2552 ordiuavit
1543 2503 1598 2550 et
1628 2492 1917 2556 instruxit,
1955 2507 2054 2547 nec

461 2615 569 2656 non
608 2598 736 2653 illuc
779 2596 846 2650 ad
876 2590 1282 2665 praedicandum
1310 2587 1527 2642 direxit.
1563 2584 1717 2641 Unde
1764 2584 1930 2637 totius
1965 2596 2055 2636 or-

464 2694 607 2752 dinis
634 2703 834 2748 nostra:
874 2687 1021 2743 sedis
1050 2682 1358 2755 apostolicae
1400 2678 1680 2743 consultu,
1710 2677 2055 2750 gratuitoque

466 2801 691 2844 assensu
727 2782 850 2853 jura
898 2778 1323 2851 privilegiorum,
1354 2787 1473 2844 qum
1504 2787 1534 2825 a
1575 2780 1761 2827 sancta
1809 2768 2051 2822 Romana

467 2871 641 2935 matre
673 2874 909 2932 Ecclesia
946 2868 1184 2942 prsef‘atis
1214 2866 1438 2930 sanctis,
1486 2876 1783 2932 eorumque
1833 2857 2055 2928 reliquis

465 2969 898 3032 successoribus,
949 2966 1000 3021 id
1046 2971 1129 3019 est
1174 2960 1403 3032 Agritio,
1438 2955 1753 3018 Maximino,
1805 2951 2052 3013 Paulino,

466 3065 695 3131 Severo,
729 3059 977 3119 almificis
1022 3067 1081 3113 et
1126 3052 1440 3125 apostolicis
1485 3048 1632 3113 viris,
1681 3063 1711 3100 a
1761 3042 2056 3115 primordio

464 3174 637 3228 usque
667 3171 809 3211 nunc
838 3150 1147 3209 authentico
1175 3161 1433 3202 concessa
1464 3151 1608 3203 sunt.
1634 3154 1861 3212 qumque
1888 3136 2054 3191 etiam

465 3249 637 3320 ipsius
672 3245 908 3305 civitatis
935 3241 1167 3304 excidio,
1198 3237 1446 3293 inccndio
1473 3234 1720 3304 aliquove
1765 3245 1895 3285 casu
1928 3243 2057 3293 ctut-

466 3353 680 3412 sumpta
735 3339 1132 3409 approbantur,
1181 3331 1353 3386 cidem
1415 3323 1738 3382 Treverensi
1803 3320 2061 3377 Ecclesia:

465 3433 840 3505 praedictoque
885 3426 1041 3480 fratri
1085 3431 1271 3477 nostro
1299 3418 1659 3481 Theoderico,
1700 3422 1755 3468 ct
1793 3427 1890 3483 per
1932 3425 2058 3466 eum

472 3524 688 3581 cunctis
729 3516 1137 3577 successoribus
1186 3512 1300 3567 suis
1352 3508 1775 3572 reconfirmare,
1808 3518 2059 3558 recorro-

468 3618 668 3674 borare
706 3622 761 3669 et
799 3610 946 3667 omni
988 3608 1148 3662 modo
1177 3604 1465 3659 restituere
1513 3601 1732 3670 dignum
1782 3595 2058 3663 duximus,

470 3711 848 3772 decernentes,
878 3712 1010 3767 ctc.,
1032 3709 1091 3754 ut
1117 3695 1466 3752 Trevcrensis
1492 3690 1689 3765 pracsul
1720 3698 1841 3761 post
1870 3704 2061 3759 quern-

468 3802 601 3857 libet
643 3797 979 3856 ordinarium
1029 3793 1263 3864 legatum
1295 3788 1606 3860 apostolicae
1658 3783 1803 3840 sedis
1844 3782 1896 3836 in
1934 3781 2062 3837 Gal-

470 3893 621 3958 liam,
652 3888 1074 3948 Germaniamve
1098 3882 1449 3947 destinatum,
1483 3879 1716 3952 primum
1754 3877 1897 3931 inter
1924 3873 2063 3932 alios

472 3985 758 4056 pontifices
803 3983 980 4037 locum
1026 3977 1289 4033 obtineat.
1337 3972 1405 4030 Et
1449 3973 1496 4028 si
1552 3971 1749 4026 missus
1799 3968 2062 4025 Retnante

473 4075 731 4131 Ecclesia:
758 4070 1012 4137 defuerit,
1039 4068 1290 4124 similiter
1334 4073 1456 4137 post
1502 4063 1919 4134 imperatorem,
1942 4060 2063 4133 _sive

473 4183 657 4241 regem
704 4166 951 4230 sedendi,
998 4162 1324 4220 sententiam
1364 4156 1652 4222 ediccndi,
1697 4165 1752 4211 et
1804 4153 2063 4227 synodale

470 4261 736 4333 judicium
768 4258 1029 4316 canonice
1079 4251 1455 4327 promulgandi
1506 4249 1797 4322 primatum
1843 4245 2058 4315 haheat,

374 4362 381 4367 ’
474 4363 663 4426 utpote
691 4353 744 4408 in
775 4351 883 4406 illis
908 4346 1151 4420 partibus
1179 4345 1414 4400 vicarius
1445 4352 1642 4398 nostra:
1670 4340 1815 4396 sedis
1848 4348 2065 4410 aposto-

474 4446 594 4502 lica:
626 4443 823 4499 merito
853 4440 1201 4497 constitutus.
1233 4436 1416 4506 Neque
1445 4435 1589 4490 enim
1630 4433 1850 4504 dignum
1892 4440 1978 4486 est
2007 4440 2067 4487 ut

2154 1955 2325 2011 usque
2356 1942 2409 1996 in
2443 1941 2606 1997 tinem
2655 1943 2838 1998 szcculi
2888 1943 3195 2000 valituram.
3227 1944 3430 2000 Contra
3481 1961 3654 2016 quam
3703 1948 3750 2003 si

2154 2033 2278 2104 quis
2305 2049 2467 2105 agere
2513 2035 2952 2104 prarsumpserit.
2992 2045 3046 2092 et
3071 2036 3212 2107 quod
3231 2037 3377 2108 juste
3402 2047 3459 2093 et
3484 2041 3755 2095 canonice

2153 2142 2183 2180 a
2216 2127 2369 2181 nobis
2396 2128 2671 2182 decretum
2702 2137 2786 2182 est
2815 2127 2868 2182 in
2896 2127 3079 2199 aliquo
3112 2127 3407 2198 infringere
3432 2132 3754 2198 letttaverif,

2154 2219 2292 2276 sciat
2341 2234 2400 2275 se
2460 2235 2526 2275 ex
2564 2219 2995 2291 Omnipotentis,
3042 2229 3099 2276 et
3145 2223 3385 2291 prced3cti
3446 2222 3753 2280 beatisimi

2157 2310 2526 2382 apostolorum
2587 2311 2847 2382 principis
2895 2312 3245 2382 omniumque
3289 2322 3637 2377 sanctormn,
3691 2329 3755 2372 ae

2157 2403 2354 2457 deinde
2380 2411 2560 2457 nostra
2592 2403 2915 2457 auctoritate
2942 2404 3307 2458 damnandum
3333 2415 3390 2458 ct
3424 2405 3749 2461 anathema-

2158 2494 2453 2560 tizandum,
2503 2509 2627 2549 cum
2674 2494 2927 2549 omnibus
2976 2494 3156 2565 impiis
3197 2496 3418 2550 mternis
3466 2495 3752 2566 suppliciis

2157 2587 2544 2657 deputandum.
2602 2585 2703 2653 Qui
2757 2599 2886 2639 vero
2933 2585 3036 2641 hoc
3090 2585 3434 2656 privilegium
3494 2597 3747 2642 nostrum

2156 2676 2449 2732 observare
2493 2676 2730 2732 fideliter
2766 2677 3051 2741 statuerit,
3093 2676 3488 2734 benedictionis
3518 2681 3751 2750 gratiam

2157 2777 2211 2825 ct
2254 2770 2644 2826 misericordiae
2688 2770 3075 2840 plenitudinem
3107 2771 3158 2825 in
3194 2771 3509 2828 ctelestibus
3557 2776 3752 2829 castris

2159 2864 2302 2919 inter
2331 2864 2625 2919 clectormn
2678 2879 2964 2919 numerum
2994 2863 3288 2922 efﬁcaciter
3315 2881 3346 2921 a
3374 2867 3615 2925 Domino
3645 2869 3751 2924 Dee

2158 2955 2414 3025 consequi
2448 2963 2740 3010 mereatur.
2955 3010 2958 3013 .

2233 3046 2511 3118 Scriptum
2548 3044 2644 3118 per
2686 3050 2906 3101 manum
2935 3044 3198 3117 Stephani
3226 3047 3449 3115 notarii,
3480 3049 3752 3105 scriniarii

2161 3147 2363 3193 sanctae
2410 3139 2555 3194 sedis
2598 3136 2927 3208 apostolica,
2977 3137 3030 3191 in
3077 3152 3265 3193 mense
3306 3135 3576 3196 Januario
3614 3140 3749 3197 indi-

2160 3232 2341 3287 ctione
2375 3248 2413 3286 ι.
2755 3234 2759 3239 ’

2231 3324 2363 3378 Data
2393 3338 2445 3377 vr
2472 3321 2591 3377 Kal.
2619 3319 2904 3377 Februarii
2947 3338 3049 3395 per
3095 3337 3313 3378 manum
3355 3321 3612 3379 Widonis
3644 3324 3751 3394 epio

2159 3417 2307 3487 scopi
2334 3426 2388 3472 et
2409 3415 2807 3471 bibliothecarii
2834 3426 3035 3471 sancta:
3064 3415 3209 3471 sedis
3230 3414 3565 3485 apostolicae.
3590 3429 3747 3479 anno,

2159 3507 2273 3563 Deo
2304 3504 2557 3576 propitio,
2584 3503 2931 3574 pontificatus
2977 3502 3160 3560 domui
3199 3502 3482 3558 Benedicti
3524 3504 3749 3558 sanctis-

2160 3597 2283 3652 simi
2332 3596 2638 3665 summique
2690 3595 2984 3666 pontificis,
3021 3605 3077 3651 et
3128 3593 3454 3649 universalis
3497 3593 3565 3650 Vl
3605 3610 3753 3667 papa

2162 3689 2356 3760 primo,
2401 3688 2614 3758 imperii
2665 3697 2849 3744 autem
2897 3687 3078 3745 domui
3122 3686 3339 3746 Ottonis
3385 3684 3613 3758 majoris
3656 3702 3750 3752 sn,

2164 3781 2392 3837 tninoris
2423 3790 2601 3836 autem
2633 3795 2706 3836 rt.

2923 3914 3005 3971 Ill.

2162 4030 2478 4105 Benedictus
2522 4072 2536 4087 .
2579 4072 2594 4087 .
2639 4073 2653 4087 .
2695 4030 2922 4105 .-φ-[Ἣ]
2946 4047 3101 4105 papa
3142 4029 3302 4105 Petro
3344 4030 3752 4105 reverentissimo

2233 4104 2409 4158 abbati
2438 4102 2743 4160 monasterii
2771 4102 2955 4157 Sancti
2976 4102 3243 4158 Benedicti
3274 4113 3322 4157 et
3356 4105 3571 4159 Sancta?
3594 4103 3755 4159 Scito-

2234 4174 2454 4240 lasticte,
2491 4174 2768 4245 con/irruat
2799 4175 2974 4245 angnia
3003 4174 3137 4245 bona
3156 4213 3172 4237 ,
3202 4176 3342 4227 inter
3380 4190 3502 4245 quia
3541 4174 3752 4227 domum

2236 4254 2284 4301 et
2334 4240 2605 4300 ecclesiam
2649 4243 2834 4300 Sancti
2858 4241 2974 4314 _l’ifi
3017 4240 3201 4299 Romae
3241 4246 3297 4297 in
3340 4240 3550 4314 regiam
3579 4259 3678 4306 vn,
3706 4253 3753 4296 et

2238 4316 2610 4387 monasterium
2640 4314 2826 4370 Sancti
2841 4312 3099 4387 Erasmi,’
3127 4327 3172 4369 et
3206 4312 3583 4369 monasterium
3614 4314 3750 4368 San-

2237 4396 2444 4441 ctorum
2484 4385 2779 4457 C_osma:_et
2829 4384 3274 4457 Dantinpiouum
3334 4387 3472 4439 casis
3517 4396 3567 4439 et
3610 4393 3753 4439 cum

2235 4457 2462 4537 positum
2493 4455 2671 4537 Roma:
2692 4453 2855 4537 juste
2888 4453 3284 4537 vian§.,l.gqm_,
3310 4471 3430 4537 cum
3460 4466 3611 4510 certe
3641 4470 3751 4534 me:

477 4538 623 4593 illius
653 4534 909 4591 Ecclesia:
953 4530 1151 4604 praesul
1195 4529 1376 4600 aliquo
1419 4537 1662 4599 tempore
1710 4524 1923 4581 caeteris
1955 4540 2065 4581 non
2088 4543 2142 4607 ο
2230 4524 2341 4607 ξε)νὲ
2370 4527 2658 4607 ι’ςιεεριεεὲη
2690 4524 2833 4596 infra
2861 4524 3207 4607 schqtiritifis't
3239 4527 3294 4580 in
3339 4526 3563 4607 honore.
3585 4525 3750 4607 sancti

481 4629 742 4686 habeatur
770 4627 1045 4700 prmlatus,
1075 4622 1228 4693 cujus
1260 4624 1436 4679 honor
1463 4622 1517 4676 in
1549 4621 1653 4676 illis
1677 4620 1922 4692 partibus
1964 4620 2068 4675 sub

480 4724 599 4794 ipso
644 4721 1009 4793 apostolorum
1058 4719 1302 4789 principe
1329 4715 1539 4772 exstitit
1584 4714 1912 4786 primitivus.
1938 4713 2064 4769 Pari

480 4830 718 4887 namque
767 4813 927 4869 modo
970 4811 1276 4875 sancimus,
1309 4824 1501 4865 omnes
1547 4808 1600 4863 in
1648 4806 1922 4879 parochiis
1947 4796 2075 4879 ejus.

483 4910 762 4980 degentes,
791 4907 904 4961 sive
937 4905 1334 4961 ordinationem
1364 4915 1419 4959 et
1458 4902 1853 4973 promotioucm
1881 4902 2066 4972 cujus-

484 5000 614 5056 libet.
662 4997 1019 5053 ecclesiastici
1071 4997 1272 5069 gradus
1313 5012 1344 5049 a
1394 4993 1651 5066 pontifice
1697 4994 1865 5065 ipsius
1894 4992 2069 5065 perci-

482 5092 734 5163 picntes,
765 5090 938 5147 eidem
989 5088 1087 5159 ipsi
1140 5087 1353 5142 matrici
1399 5086 1658 5142 Ecclesia:
1706 5087 2069 5159 episcopoque

2238 4586 2510 4652 Benedicti
2569 4606 2615 4650 ct
2668 4586 2865 4650 sancta:
2917 4586 3305 4666 Sc'ltdiasticte,
3347 4596 3503 4666 quod
3532 4595 3637 4666 {ait
3687 4593 3751 4666 ds

2237 4667 2446 4723 Joanne
2480 4668 2766 4737 presbitcro
2815 4666 2947 4721 duce
2994 4665 3194 4737 castelli
3221 4664 3553 4737 Albanensis,
3581 4665 3751 4737 posita

2236 4739 2418 4866 φοῐζιω
2463 4734 2672 4808 regione
2725 4737 2899 4804 tertia,
2929 4737 2985 4790 in
3030 4735 3145 4791 loco
3191 4737 3285 4808 qui
3330 4734 3526 4790 dicitur
3572 4735 3749 4790 Masso

2279 4828 2307 4866 ιι
2336 4825 2480 4864 ιαηα.

2783 4898 2960 4970 (Auno
2993 4897 3143 4967 975.)

2474 4991 2811 5063 [Μυιυιτοιι.
2840 4990 3015 5060 Antia.
3050 4987 3181 5044 Ital.
3211 4986 3274 5053 Ὺ,
3300 4988 3452 5060 775.]

2243 5123 2260 5141 .
2302 5121 2320 5140 .
2364 5121 2379 5137 .
2421 5082 2692 5154 Scriptum
2742 5096 2838 5151 per
2888 5095 3106 5136 manum
3159 5079 3436 5136 Benedicti
3481 5076 3744 5134 scriniaril

3190 5174 3251 5194 ιε-
3312 5186 3495 5194 -,-..--
3528 5170 3716 5194 λ’-.-ὼμ
