3972 5428
472 317 491 324 ⁸
520 355 652 437 1°37
1764 354 2123 414 BENEDICTI

2165 359 2226 414 vt
2268 353 2470 414 pars:
3604 305 3731 443 im

518 476 734 543 tuisque
776 468 1186 528 successoribus
1229 467 1282 523 in
1331 479 1645 540 perpetuum
1688 485 1851 540 supra
1891 470 2094 528 dictum
2126 477 2172 535 Α
2204 461 2416 546 tuisque
2443 474 2852 530 successoribus
2875 473 3162 533 ecclesiam
3193 483 3400 532 sancta:
3435 475 3613 537 Crucis
3636 497 3734 544 cum

520 566 930 635 monasterium,
959 577 1084 618 cum
1110 559 1363 616 omnibus
1402 560 1516 615 suis
1559 558 1876 623 adiacentiis
1902 571 1957 616 et
1982 577 2103 633 per-

520 658 785 723 tinentiis,
809 671 934 712 cum
964 652 1162 709 finibus
1192 652 1549 723 terminisque
1578 652 1710 707 suis.
1745 652 1808 707 Et
1839 652 1960 708 ideo
1998 653 2105 708 tuis

518 754 621 823 piis
660 748 947 804 desideriis
978 747 1242 811 faventes.
1288 757 1474 801 nostra
1521 745 1815 813 apostolica
1862 746 2104 800 auctori-

523 851 634 898 tate
673 839 1019 896 decernimus
1060 836 1128 891 ad
1160 838 1337 906 ipsum
1375 834 1659 906 prmfatum
1698 834 1755 889 S.
1792 835 1934 889 Petri
1979 850 2108 905 apo-

521 931 643 987 stoli
696 930 1088 985 monasterium
1139 942 1263 983 cum
1336 926 1588 981 omnibus
1636 927 1751 982 suis
1808 927 2001 982 amudo
2052 934 2108 982 ct

522 1040 696 1095 usque
729 1024 782 1078 itt
818 1022 981 1077 linem
1027 1019 1211 1076 steculi
1249 1018 1350 1074 sub
1375 1018 1677 1088 patrocinio
1704 1030 1757 1073 et
1790 1017 2107 1074 defensioue

521 1129 725 1175 sancta:
753 1116 1010 1171 Romamn
1039 1126 1095 1168 et
1121 1112 1431 1182 apostolica:
1470 1113 1662 1165 matris
1696 1109 1950 1165 Ecclesim
1980 1125 2108 1179 per-

524 1213 688 1284 petitn
723 1209 1170 1282 permanendum,
1200 1215 1254 1261 ct
1282 1208 1381 1262 sub
1404 1206 1631 1260 tuitione
1663 1215 1863 1260 sancta:
1887 1214 2107 1269 nostrae,

523 1305 611 1359 c..i
650 1305 759 1358 Deo
789 1310 1010 1357 auclore
1042 1300 1397 1364 deservinnts,
1430 1298 1686 1353 Ecclesiae
1729 1297 2105 1358 constitutum,

525 1396 726 1451 nullius
764 1394 991 1450 alterius
1024 1392 1133 1464 juri
1160 1400 1214 1446 et
1240 1391 1432 1445 dilioui
1466 1389 1837 1455 submittatur,
1878 1388 1979 1443 nisi
2010 1387 2110 1443 sub

527 1500 617 1544 tua
656 1499 980 1560 tuorumque
1010 1502 1389 1543 successorum
1417 1486 1469 1540 in
1496 1467 1840 1556 perpetuum.

599 1581 1002 1639 Conlirntamtts
1047 1598 1283 1652 namque
1316 1582 1412 1636 tibi
1455 1580 1671 1651 tuisque
1701 1578 2114 1635 sitct‘cssoribus

526 1675 846 1744 praedictum
886 1674 1277 1730 monasterium
1323 1688 1445 1727 cum
1476 1673 1592 1727 suis
1636 1672 1884 1727 terminis
1918 1678 1969 1725 et
2019 1669 2115 1723 ad-

520 1767 796 1838 jacentiis,
854 1778 910 1822 et
945 1782 1068 1823 eum
1116 1767 1371 1822 omnibus
1413 1780 1534 1839 qua:
1582 1764 1808 1819 inferius
1838 1761 2114 1819 continen-

532 1871 637 1925 tur,
688 1861 741 1916 id
788 1868 888 1922 est,
925 1861 992 1915 ab
1042 1860 1155 1930 ipsa
1215 1858 1371 1913 tneda
1417 1873 1537 1928 quze
1579 1869 1661 1913 est
1708 1855 1850 1911 infra
1899 1864 2115 1927 portum

528 1952 762 2009 Fraxani
807 1964 862 2007 et
908 1953 1026 2023 ipso
1078 1968 1201 2007 raso
1252 1966 1422 2022 usque
1468 1951 1520 2005 itt
1581 1951 1756 2005 locum
1816 1963 1977 2017 quem
2032 1945 2118 2001 tli-

530 2054 662 2100 cunt
698 2044 833 2100 Tres
879 2044 1099 2108 fratres,
1131 2061 1161 2098 a
1204 2054 1356 2115 parte
1387 2043 1641 2099 videlicet
1685 2040 1916 2097 orientis
1944 2056 2118 2109 usque

536 2138 589 2193 itt
626 2138 861 2193 medium
898 2153 1082 2201 mare;
1116 2146 1279 2206 atque
1311 2136 1434 2191 inde
1461 2135 1609 2189 vadit
1634 2134 1701 2188 ad
1728 2134 1902 2204 ipsum
1939 2131 2117 2187 locum

535 2247 695 2300 quem
737 2241 929 2285 vocant
961 2230 1216 2283 Muliutttn
1249 2229 1315 2284 de
1352 2228 1636 2293 Balasclto,
1672 2228 1903 2295 indeque
1933 2242 2120 2298 perve-

537 2324 616 2375 ttit
661 2323 727 2376 ad
788 2323 959 2390 ipsam
1014 2319 1292 2385 Tamarit,
1341 2328 1397 2375 et
1440 2318 1563 2373 inde
1608 2319 1784 2390 pergit
1842 2330 2013 2385 usque
2054 2314 2121 2370 ad
2168 2368 2171 2369 ν

537 2413 710 2483 ipsam
740 2411 1081 2474 Petraiitatn.
1127 2420 1183 2465 et
1231 2425 1442 2466 serram
1475 2423 1647 2481 usque
1684 2408 1737 2462 in
1769 2408 1883 2478 ipso
1919 2405 2122 2461 FitOt-io

539 2511 608 2563 de
654 2517 836 2562 monte
865 2504 1130 2561 Pittinello
1187 2514 1242 2559 ct
1281 2503 1430 2558 vadit
1470 2500 1814 2558 ascendendo
1861 2514 2032 2571 usque
2069 2499 2121 2554 itt

544 2601 857 2655 firmitatem
890 2600 1059 2669 ipsius
1093 2607 1316 2665 montis,
1350 2606 1512 2667 atque
1539 2594 1919 2651 descendendo
1948 2599 2127 2664 pergtt

542 2710 640 2765 per
695 2695 866 2765 ipsam
934 2693 1303 2761 viam'usque
1369 2690 1423 2744 itt
1483 2689 1660 2743 locum
1714 2702 1874 2756 quem
1930 2692 2129 2739 vocant

544 2787 855 2851 SOI'bCI‘t'iO,
887 2795 941 2841 et
989 2782 1368 2839 descendendo
1412 2781 1660 2854 pervenit
1701 2780 1754 2834 in
1792 2779 1963 2847 ipsam
2005 2776 2128 2830 Citt-

544 2896 660 2937 sam
698 2891 754 2936 et
784 2880 851 2934 ad
895 2881 1068 2950 ipsutn
1115 2876 1352 2932 casalem
1397 2876 1463 2932 de
1513 2874 1789 2930 Friulano.
1835 2872 1962 2927 inde
2004 2884 2131 2924 vero

548 2973 796 3028 ascendit
829 2987 924 3041 per
945 2970 1058 3039 jam
1091 2971 1292 3027 dictam
1325 2970 1465 3023 viam
1501 2968 1569 3023 ad
1596 2968 1769 3037 ipsum
1800 2965 2034 3021 casalem
2066 2965 2131 3019 tle

550 3062 854 3129 Salvatore,
887 3072 944 3117 et
983 3061 1049 3116 atl
1081 3062 1257 3132 ipsum
1303 3061 1501 3114 collum
1548 3056 1824 3113 Trederici
1865 3057 1932 3111 de
1961 3053 2132 3109 Vinea

552 3153 757 3220 Vitula,
794 3164 849 3210 ct
885 3153 1132 3225 pervenit
1177 3168 1349 3222 usque
1382 3152 1436 3206 iu
1481 3151 1852 3207 summitatem
1898 3148 2131 3212 montis,

551 3245 643 3314 qui
698 3245 899 3300 ibidem
947 3253 1052 3299 est.
1093 3242 1221 3297 Inde
1253 3257 1380 3297 vero
1422 3242 1571 3296 vadit
1597 3255 1695 3311 per
1725 3241 1896 3311 ipsam
1928 3252 2136 3291 serram

554 3360 727 3414 usque
778 3344 829 3397 itt
860 3342 1060 3397 collum
1109 3341 1176 3395 de
1222 3339 1646 3401 llermencardo,
1681 3344 1739 3390 et
1777 3333 2022 3404 pervenit
2071 3331 2138 3387 ad

556 3436 763 3491 fontem
793 3433 908 3488 sive
938 3432 1007 3486 ad
1057 3429 1257 3486 collum
1283 3428 1349 3483 de
1378 3428 1637 3488 Filmera,
1674 3434 1729 3481 et
1761 3423 1884 3479 inde
1915 3422 1986 3475 ad
2030 3419 2140 3476 col-

556 3527 666 3581 ittm
706 3524 764 3581 S.
797 3521 1046 3587 Genesii;
1077 3522 1263 3590 sicque
1308 3517 1654 3574 ascendendo
1685 3524 1740 3570 ct
1765 3512 2141 3570 descendendo

557 3619 709 3673 vadit
752 3632 850 3689 per
880 3614 1253 3671 summitatem
1290 3611 1356 3666 de
1400 3611 1514 3682 ipsa
1544 3623 1695 3664 serra
1742 3621 1904 3675 quam
1945 3611 2144 3658 vocant

558 3711 760 3775 Calmi,
807 3719 865 3763 et
917 3706 1165 3779 pervenit
1219 3704 1411 3759 subtus
1463 3703 1638 3772 ipsum
1688 3709 1930 3756 castrum
1981 3710 2142 3767 quem

560 3809 759 3856 vocant
785 3798 956 3852 Pinna
996 3796 1159 3867 Nigra
1194 3810 1366 3864 usque
1398 3793 1451 3846 itt
1481 3791 1628 3862 ipsas
1658 3792 1845 3844 vineas
1867 3803 1986 3858 qua:
2019 3794 2145 3842 sunt

564 3893 631 3946 de
668 3888 910 3944 Pulalro.
963 3885 1026 3940 Et
1066 3884 1212 3940 vadit
1241 3885 1431 3937 subter
1478 3882 1650 3950 ipsam
1681 3880 1871 3933 silvam
1917 3892 2036 3946 qua:
2063 3884 2148 3929 est

568 3982 635 4037 ad
667 3979 949 4035 meridiem
979 3977 1174 4032 subtus
1197 3984 1438 4029 castrum
1464 3970 1727 4028 Vit-uaria:
1758 3984 1929 4039 usque
1956 3967 2147 4022 subtus

567 4075 739 4144 ipsam
774 4071 995 4124 rochatn
1028 4083 1193 4137 quatn
1224 4066 1411 4120 dicunt
1459 4062 1683 4127 Fitorio,
1717 4069 1772 4116 et
1798 4058 2046 4114 ascendit
2081 4056 2148 4110 ad

568 4166 763 4221 vallem
789 4163 857 4219 de
884 4160 1242 4223 Fulcimania,
1277 4167 1442 4226 atque
1473 4155 1719 4227 pervenit
1746 4152 1939 4208 subtus
1974 4148 2149 4206 fontes

571 4258 639 4314 de
681 4254 897 4311 Bevotis
949 4254 1003 4308 in
1036 4251 1225 4306 vallem
1276 4250 1342 4304 de
1381 4247 1638 4301 Frinone.
1676 4243 1806 4297 lntle
1846 4257 1972 4294 vero
2006 4237 2151 4291 vadit

573 4369 670 4424 per
709 4352 856 4421 ipsas
888 4349 1084 4402 rochas
1128 4357 1300 4413 usque
1351 4342 1404 4396 itt
1444 4350 1682 4395 montem
1721 4337 1786 4392 de
1829 4332 2054 4397 infesta,
2098 4338 2154 4385 et

576 4443 857 4503 descendit
893 4456 923 4495 a
953 4447 1107 4510 parte
1134 4435 1445 4493 Occidentis
1471 4448 1566 4505 per
1600 4432 1769 4501 ipsam
1802 4430 1940 4481 viam
1983 4423 2155 4495 publi-

2207 567 2435 622 deciutis
2470 576 2524 622 et
2563 566 2937 637 primitiis,‘et
2966 568 3022 624 S.
3050 567 3276 625 Joannis
3306 585 3427 626 cum
3470 571 3673 632 det-imis
3694 590 3740 635 et

2208 658 2460 729 primitiis
2502 666 2557 714 et
2605 658 2992 731 oblationibus,
3037 669 3199 731 atque
3226 661 3479 718 alodihus
3518 666 3581 719 ad
3624 666 3739 738 ipsas

2210 746 2481 806 Ecclesias
2512 751 2928 819 pertinentibus.
2966 759 3021 807 et
3049 752 3337 808 ecclesiam
3378 752 3432 808 S.
3473 753 3674 812 Baudilii
3699 761 3741 815 iu

2208 836 2347 894 valle
2373 839 2698 905 'l‘abellaria,
2740 850 2795 896 et
2822 841 3109 897 ecclesiam
3154 842 3212 900 S.
3265 844 3526 915 Stephani
3553 863 3656 919 qua:
3678 861 3741 910 est

2211 930 2265 987 iu
2295 932 2433 988 valle
2478 932 2866 998 Stibiradellos,
2896 944 2949 989 et
2975 935 3265 992 ecclesiam
3312 936 3371 990 S.
3402 936 3745 1002 Fructuosi.et

2210 1026 2498 1082 ecclesiam
2550 1027 2609 1082 Β.
2650 1028 2910 1083 Vincetttii
2962 1044 3085 1100 quae
3122 1039 3205 1086 est
3255 1030 3313 1084 itt
3357 1029 3495 1085 valle
3528 1012 3744 1091 Lanciani

2212 1130 2333 1171 cum
2374 1118 2597 1173 decimis
2624 1130 2678 1174 et
2707 1121 2964 1189 primitiis
2999 1123 3134 1188 suis,
3166 1133 3223 1178 et
3256 1120 3540 1177 ecclesiam
3576 1122 3630 1177 S.
3658 1108 3747 1180 Cc-

2214 1208 2373 1274 ttesii,
2402 1219 2455 1265 et
2485 1212 2770 1267 ecclesiam
2816 1211 2874 1268 S.
2911 1213 3058 1269 Petri
3098 1230 3222 1268 ctttn
3261 1215 3381 1284 ipso
3413 1224 3583 1269 castro
3619 1215 3748 1270 Mira-

2215 1298 2336 1361 lias,
2362 1311 2417 1356 et
2448 1318 2620 1372 ipsum
2651 1313 2889 1358 castrum
2922 1305 3180 1361 V'irdariae
3202 1320 3332 1361 cum
3362 1305 3478 1375 ipso
3508 1305 3749 1363 castellaro

2212 1400 2268 1448 et
2320 1409 2443 1449 cum
2508 1410 2623 1466 IPSO
2679 1397 2882 1452 Fitut‘iu
2929 1408 2983 1453 et
3035 1415 3158 1454 cum
3204 1398 3381 1454 Pinna
3428 1397 3610 1471 Nigra,
3649 1415 3748 1455 cum

2214 1489 2468 1544 omnibus
2499 1492 2701 1552 rochts.
2731 1492 2890 1547 tetris
2915 1501 2965 1547 et
3005 1491 3193 1562 sylvis,
3219 1507 3346 1562 qua:
3389 1491 3522 1547 ittfra
3559 1493 3644 1549 hos
3667 1501 3750 1548 ler-

2217 1594 2391 1634 mmos
2441 1591 2592 1643 sunt,
2642 1592 2871 1651 excepto
2916 1582 3089 1654 ipsam
3121 1583 3318 1637 silvam
3363 1583 3430 1637 de
3460 1594 3634 1638 sancto
3664 1583 3751 1637 Ro-

2216 1688 2398 1738 mano,
2429 1687 2568 1728 sicut
2603 1684 2820 1729 resonat
2843 1676 2895 1729 in
2932 1679 3121 1732 charta
3149 1690 3318 1745 quam
3350 1675 3587 1731 fecerunt
3612 1673 3754 1730 Gaius.

2218 1764 2403 1820 fredus
2426 1781 2608 1823 comes
2637 1775 2692 1822 et
2729 1766 3015 1838 episcopus
3056 1767 3352 1825 Suniarius
3377 1769 3447 1823 ad
3465 1772 3572 1839 jam
3591 1769 3753 1824 dictum

2217 1858 2563 1923 εοιξιιοιιὶιιιιι.Δ

2290 1949 2419 2006 ltcnt
2447 1952 2834 2010 conﬁrmamus
2861 1952 2929 2008 ad
2960 1954 3135 2025 ipsum
3163 1951 3479 2011 coenobium
3523 1950 3573 2005 in
3603 1964 3753 2021 perpe-

2221 2048 2371 2097 tuuut
2425 2051 2680 2114 stagnum
2731 2044 2798 2099 de
2838 2043 3135 2100 Castilione
3182 2059 3311 2099 cum
3369 2045 3483 2112 ipso
3521 2044 3669 2112 gradu
3704 2040 3753 2096 do

2221 2149 2376 2190 mare
2420 2144 2475 2189 et
2506 2151 2629 2191 cum
2668 2137 2800 2206 ipsis
2836 2137 3055 2202 insulis,
3091 2138 3231 2193 sicut
3262 2144 3483 2191 resonat
3522 2150 3570 2190 ιιι
3597 2146 3753 2204 puere-

2222 2234 2314 2298 pto
2346 2226 2604 2283 Ludovici
2651 2228 2814 2301 regis,
2853 2229 2968 2285 sive
3017 2230 3072 2283 itt
3122 2230 3317 2283 charta
3355 2241 3513 2300 quam
3559 2226 3753 2280 iecerutu

2223 2318 2569 2375 Gauzfredus
2591 2336 2777 2377 comes
2807 2329 2862 2376 et
2893 2319 3183 2376 Suniarius
3204 2319 3494 2390 episc0pus
3517 2319 3579 2372 ad
3602 2329 3752 2370 mona-

2225 2414 2453 2470 sterium
2479 2413 2592 2484 jam
2639 2416 2867 2479 dictum,
2895 2424 2949 2470 et
2971 2423 3239 2484 quantum
3285 2413 3449 2470 habet
3478 2412 3635 2481 ipsum
3668 2421 3754 2462 Inoo

2227 2506 2527 2561 nasterium
2586 2506 2640 2560 in
2707 2505 2833 2561 villa
2899 2504 3229 2561 Castellione
3296 2511 3355 2557 et
3407 2502 3459 2557 itt
3516 2500 3623 2554 villa
3672 2496 3750 2562 ρει-

2229 2599 2398 2654 latioli
2465 2614 2628 2668 quem
2698 2606 2898 2655 vocant
2969 2598 3295 2653 Furtiauum
3361 2591 3665 2664 superiorem
3710 2595 3751 2641 et

2230 2692 2623 2748 Furtianellum
2678 2691 2969 2754 minorem,
3005 2697 3061 2745 et
3107 2688 3354 2743 villarem
3398 2684 3622 2741 lhlesiutli
3659 2693 3750 2735 cum

2232 2787 2367 2857 ipsis
2419 2786 2626 2857 stagnis
2672 2793 2724 2840 et
2784 2783 3128 2855 piscatoriis,
3203 2789 3256 2836 et
3307 2778 3490 2835 omnia
3536 2788 3637 2845 qua:
3676 2771 3749 2827 Ιιιο

2232 2882 2325 2935 bet
2376 2879 2431 2933 in
2496 2877 2730 2932 termino
2794 2875 2862 2931 de
2927 2875 3043 2945 ipso
3098 2872 3237 2927 Paro
3298 2879 3357 2926 et
3412 2867 3543 2923 villae
3585 2860 3750 2919 Saocari

2233 2982 2290 3026 et
2323 2970 2461 3024 villa:
2497 2984 2648 3024 nova:
2685 2977 2741 3025 et
2766 2967 2955 3022 villare
2986 2964 3267 3036 Staguiolo
3300 2978 3425 3018 cum
3453 2959 3574 3031 ipsis
3595 2953 3753 3025 stagnis

2234 3075 2291 3122 et
2314 3066 2427 3122 suis
2456 3061 2845 3124 villaruncttlis,
2877 3071 2931 3115 et
2965 3070 3227 3131 quantum
3267 3058 3437 3113 habet
3469 3055 3519 3109 in
3550 3051 3657 3105 vilia
3679 3048 3749 3102 Pe-

2166 3178 2208 3239 ρ
2240 3158 2426 3221 tralta,
2442 3165 2498 3212 et
2520 3156 2572 3210 itt
2596 3153 2719 3209 villa
2741 3151 3002 3216 Oleastri,
3023 3161 3079 3206 et
3107 3148 3161 3204 in
3188 3147 3321 3203 villa
3348 3147 3408 3202 S.
3428 3141 3695 3202 Clementis,
3711 3144 3751 3191 et

2240 3249 2294 3304 itt
2337 3248 2525 3302 villare
2564 3243 2850 3308 Dodoliini,
2883 3251 2940 3296 et
2979 3240 3032 3295 in
3072 3238 3336 3294 comitatu
3380 3233 3687 3305 lmpuritano,
3714 3229 3752 3277 el

2240 3350 2500 3411 quaututn
2530 3338 2695 3393 habet
2726 3335 2779 3389 in
2813 3334 2938 3388 villa
2971 3331 3256 3394 Militiam,
3279 3344 3443 3400 quem
3469 3329 3638 3380 vocant
3655 3318 3753 3411 Sino

2241 3406 2386 3489 etum
2414 3432 2654 3492 Petrum,
2681 3436 2734 3484 et
2760 3426 2816 3482 in
2845 3425 2974 3480 vilia
2997 3422 3342 3477 Armentaria
3369 3433 3487 3474 cum
3513 3428 3613 3486 Ipsa
3627 3406 3752 3465 καθ’

2243 3521 2323 3583 sia
2357 3524 2415 3581 S.
2447 3521 2683 3579 Martini.
2717 3532 2773 3575 et
2804 3520 2857 3573 itt
2896 3516 3019 3572 villa
3065 3513 3338 3578 Mucroni.
3379 3518 3436 3565 et
3465 3510 3515 3563 itt
3555 3504 3656 3559 vilia
3680 3497 3754 3553 Cu-

2245 3617 2439 3680 lumbi,
2468 3624 2523 3669 et
2552 3615 2604 3668 in
2634 3610 2760 3666 villa
2786 3608 3066 3664 Chaniano
3095 3620 3218 3661 cum
3244 3600 3472 3659 ecclesia
3500 3597 3552 3655 S.
3574 3587 3753 3650 Martini.

2245 3722 2301 3768 et
2330 3714 2385 3765 itt
2413 3709 2536 3764 villa
2573 3707 2871 3770 Sttntrana,
2907 3701 3039 3758 etin
3071 3701 3195 3756 villa
3220 3696 3503 3759 Dalmalia,‘
3525 3699 3574 3749 et
3597 3690 3641 3744 in
3664 3683 3756 3738 villa

2247 3801 2563 3864 Torrieella.
2600 3812 2655 3854 et
2686 3801 2740 3854 in
2767 3797 2893 3854 villa
2932 3792 3193 3851 Rinbeuri
3224 3791 3444 3846 mortui.
3475 3785 3536 3840 Et
3561 3784 3607 3837 itt

2251 3904 2364 3950 tatu
2392 3863 2795 3954 Bisuldunensi,
2821 3897 3086 3959 quantum
3115 3883 3277 3939 habet
3301 3883 3358 3936 itt
3383 3878 3501 3935 villa
3524 3871 3680 3931 Lertio
3698 3863 3755 3921 vel

2251 3989 2304 4043 in
2336 3985 2694 4048 molendinos,
2722 3981 2807 4037 vel
2839 3982 2891 4035 in
2913 3978 3168 4049 Tapiolas
3191 3989 3331 4046 quas
3351 3977 3532 4029 vocant
3551 3961 3757 4036 Figaﬁas.

2251 4078 2320 4135 Et
2363 4077 2417 4132 in
2454 4076 2714 4132 comitatu
2744 4069 3108 4134 Germtdensi,
3143 4068 3580 4138 ipsutnmansum
3605 4054 3757 4138 quiest

2254 4167 2394 4226 iulra
2443 4180 2628 4222 muros
2674 4163 2918 4234 ejusdem
2960 4136 3219 4222 civitatis,
3264 4166 3320 4212 et
3363 4153 3533 4210 villam
3569 4136 3756 4234 Palatioli

2253 4274 2377 4314 cum
2411 4256 2647 4313 Ecclesia
2671 4254 2730 4309 S.
2757 4252 2999 4317 Ceuesii,
3030 4260 3085 4305 et
3104 4249 3392 4306 ecclesiam
3422 4251 3602 4300 sancta:
3621 4231 3756 4290 Maria!

2258 4352 2310 4406 in
2333 4348 2589 4411 Blanalas.
2611 4355 2664 4401 et
2685 4344 2980 4400 Ecclesium
3006 4340 3181 4396 sancti
3208 4338 3431 4404 Juliani,
3454 4344 3501 4390 et
3525 4325 3757 4411 Eccicsiaut

2256 4442 2431 4498 sancti
2460 4439 2712 4508 Gaugiui,
2741 4446 2796 4492 et
2821 4437 3001 4491 villam
3024 4431 3237 4504 Felgari
3261 4447 3383 4487 eum
3408 4423 3610 4484 ecclesia
3626 4409 3757 4508 sancti

2149 1828 2188 1886 Β

579 4555 698 4595 cam
723 4551 896 4606 usque
922 4535 973 4589 in
1024 4532 1244 4587 rochant
1269 4529 1585 4593 Ventosam,
1613 4534 1668 4579 et
1699 4525 1752 4577 itt
1784 4522 1959 4593 ipsum
1988 4532 2157 4586 usque
2190 4528 2235 4587 ι)
2263 4532 2539 4606 Cypriani,
2568 4540 2624 4586 ει
2655 4528 2949 4585 Ecclesia,“
2992 4502 3196 4581 saucias,
3222 4523 3408 4587 ιυειπ,
3445 4532 3554 4575 cum
3588 4502 3759 4606 decimis

581 4633 758 4687 locum
789 4627 880 4698 qui
927 4633 1153 4681 vocatur
1177 4623 1244 4678 de
1277 4620 1418 4675 valle
1460 4617 1696 4687 Bttdiga;
1740 4622 1796 4670 et
1824 4609 2067 4667 ascendit
2095 4608 2161 4662 ad

2265 4595 2630 4694 ei'printitiis
2672 4631 2728 4675 et
2769 4618 3133 4673 oblationibus
3183 4613 3252 4670 ad
3298 4612 3505 4669 easdem
3554 4595 3758 4694 Ecclesias

584 4722 758 4791 ipsam
780 4732 1023 4781 crucem,
1071 4714 1257 4784 sicque
1285 4709 1563 4767 descendit
1612 4721 1783 4775 usque
1816 4704 1871 4758 in
1915 4702 2058 4756 viam
2098 4698 2130 4753 d

2265 4685 2682 4788 periiuentihtts,
2711 4721 2765 4769 et
2806 4714 2978 4781 ipsum
3018 4712 3205 4781 pinum
3235 4708 3328 4779 qui
3366 4703 3464 4759 fuit
3494 4699 3554 4754 de
3582 4685 3758 4791 Bardi».

582 4790 837 4884 iantdicta
870 4823 1032 4865 cruce
1074 4821 1170 4877 per
1196 4806 1366 4876 ipsam
1411 4802 1607 4856 vallem
1636 4812 1807 4868 usque
1831 4797 1884 4850 in
1926 4792 2074 4863 reigo
2098 4790 2166 4845 de

587 4906 814 4975 Bttdiga.
859 4903 989 4958 Inde
1032 4900 1310 4957 descendit
1341 4900 1396 4953 in
1441 4895 1640 4963 collum
1681 4896 1747 4948 de
1787 4888 2066 4950 Tcrrario,
2114 4892 2168 4939 et

588 4997 839 5072 pervenit
876 4996 931 5050 in
981 4993 1348 5049 summitatem
1399 4988 1600 5045 montis
1626 5001 1787 5057 quem
1818 4986 2004 5039 dicunt
2057 4979 2168 5034 Ro-

595 5090 690 5118 nLo.
724 5087 943 5118 ‘lnnnnn
1008 5085 1213 5118 Πιὶῖιηξα
1248 5099 1275 5118 η
1316 5090 1473 5118 “orla
1509 5079 1662 5118 ρῖνοῖἱ
1705 5074 2082 5118 ιιρυφιὶιιρηιῖο

2264 4782 2320 4865 et
2354 4809 2566 4864 alaudia
2615 4805 2964 4862 Soecoronio.
3011 4804 3078 4858 Et
3126 4802 3181 4857 in
3232 4800 3483 4858 comitatu
3532 4782 3757 4846 Barchino'

2270 4900 2444 4962 nensi.
2477 4906 2532 4954 et
2581 4898 2633 4952 in
2678 4896 2942 4960 Vallensi,
2982 4893 3037 4948 in
3076 4899 3259 4947 monte
3289 4887 3486 4960 Signia.
3508 4889 3556 4936 et
3586 4877 3628 4931 in
3659 4864 3757 4923 ""8

2269 4991 2538 5055 Jordaria,
2559 4997 2820 5059 quantum
2853 4985 3049 5041 ibidem
3081 4982 3260 5038 habet.
3294 4980 3358 5034 Et
3380 4978 3429 5032 in
3451 4971 3558 5028 villa
3574 4963 3756 5059 lima?»

2270 5092 2319 5118 nl
2358 5081 2409 5118 in
2445 5046 2622 5118 Ani-ilics
2672 5090 2723 5118 nr
2754 5079 2809 5118 in
2843 5074 3119 5118 Terminin
3147 5073 3215 5118 de
3242 5065 3481 5118 Olerdtlia
3510 5062 3555 5116 in
3574 5046 3755 5110 Ρϐητίάα
