3972 5428
234 289 373 392 tces

1383 287 1741 350 Ei’lSTOL.£
1784 284 1871 338 ΕΤ
1912 281 2314 338 Pal‘t'lLEGlA.

3364 265 3497 320 tam

234 396 410 481 ἀπίω
451 422 507 478 in
541 419 670 478 villa
701 419 888 476 Atzela
920 417 1201 475 ecclesiam
1236 412 1293 469 S.
1331 411 1472 468 l’etri
1511 419 1563 465 et
1600 409 1814 463 Sancta:

1928 400 2425 453 miseriem'tlissimo
2460 396 2685 451 Domino
2723 394 2832 448 Deo
2872 406 2941 445 uo
2973 401 3058 444 trn
3084 386 3341 455 consequi
3389 400 3499 437 me-

230 515 506 570 Columbae
545 527 667 570 cum
716 511 945 568 decimis
994 521 1048 564 ct
1096 507 1372 580 primitiis,
1422 514 1478 561 ct
1524 500 1809 557 alantlibus

229 603 700 675 oblationibusque
741 604 808 661 ad
838 616 958 658 eam
998 598 1416 671 pertinentibuz,
1456 604 1507 651 et
1545 605 1808 665 quantum

229 694 393 751 habet
436 694 493 749 in
538 692 663 749 villa
708 692 832 759 Exi,
877 692 1061 746 villam
1095 690 1360 746 \‘illellam
1410 690 1461 744 in
1511 685 1811 743 Continenti

228 798 354 840 cum
394 783 714 839 torminibus
754 782 885 838 suis.
918 781 985 837 Et
1039 782 1095 836 in
1150 782 1411 835 comitatu
1453 776 1809 834 Funilicteusi

229 871 516 927 ecclesiam
550 869 607 926 S.
640 872 869 926 Andreae
898 870 951 924 in
976 870 1114 925 valle
1140 869 1438 933 Poziliano,
1473 877 1528 922 et
1550 878 1811 937 quantum

228 962 428 1018 ibidem
476 960 659 1016 habet.
710 961 780 1015 Et
817 960 972 1032 juxta
1024 976 1207 1014 muros
1253 958 1518 1014 Narbonte
1565 971 1811 1012 mansum

233 1069 422 1123 unum.
476 1052 543 1108 Et
594 1052 650 1107 in
699 1054 961 1109 comitatu
1008 1050 1398 1107 Rossilionensi
1433 1049 1718 1105 ecclesiam
1751 1047 1811 1103 S.

229 1142 537 1205 Salvatoris
564 1159 690 1198 cutn
712 1144 899 1207 villare
927 1143 1154 1213 ﬁlliatti,
1186 1154 1240 1198 et
1271 1142 1451 1196 villam
1482 1142 1732 1210 Lupiani,
1760 1149 1816 1195 ct

226 1226 516 1290 ecclesiam
559 1245 765 1291 sanctae
800 1233 1072 1291 Columbae
1103 1251 1225 1289 cum
1259 1234 1484 1288 decimis
1527 1243 1579 1287 et
1622 1231 1811 1302 primi-

230 1327 343 1391 tiis.
382 1336 440 1382 et
466 1326 647 1382 villam
674 1325 1032 1395 Coajunctam
1071 1340 1194 1381 cum
1235 1325 1346 1380 suis
1378 1324 1718 1387 molendinis,
1759 1329 1815 1377 et

226 1415 413 1470 villam
446 1415 725 1471 Pollestt‘is
744 1431 867 1471 cum
894 1416 1132 1471 Ecclesia
1166 1416 1223 1471 S.
1256 1415 1495 1479 Martini,
1527 1431 1648 1469 cum
1673 1414 1815 1469 deci-

226 1507 335 1562 mis
363 1517 419 1562 et
448 1509 702 1576 primitiis
734 1516 901 1577 atque
924 1507 1229 1571 alaudibus,
1258 1518 1314 1562 et
1344 1507 1525 1561 villam
1550 1507 1814 1561 Torrilias

224 1612 352 1652 cum
371 1597 601 1652 ecclesia
630 1596 692 1652 S.
721 1597 886 1663 Petri,
918 1614 1040 1654 cum
1068 1599 1324 1669 primitiis
1353 1608 1407 1653 et
1426 1599 1810 1653 oblationibus.

226 1689 298 1745 Et
330 1690 383 1744 iu
403 1691 664 1744 comitatu
689 1689 838 1746 Valle
870 1691 1058 1760 Asperi
1081 1691 1326 1745 alaudetn
1352 1690 1420 1745 de
1441 1691 1740 1760 Cautpellos
1761 1697 1816 1745 et

225 1780 298 1836 de
320 1780 461 1834 valle
482 1780 674 1844 Cresa,
696 1790 754 1836 et
779 1782 961 1835 villam
985 1782 1051 1836 de
1080 1781 1197 1835 rivo
1226 1780 1464 1852 Nugario
1488 1796 1612 1835 cum
1640 1780 1813 1836 eccle-
1844 1758 1890 1818 Β

226 1874 309 1929 sia
342 1873 399 1928 S.
431 1874 710 1930 Michaelis
736 1891 856 1929 cum
891 1875 1116 1930 decimis
1140 1883 1195 1930 et
1226 1874 1497 1945 primitiis.

298 1966 552 2023 Decimas
580 1976 635 2022 et
671 1967 940 2038 primitias
974 1976 1029 2021 et
1059 1967 1367 2022 oblationes
1406 1967 1471 2020 de
1500 1965 1614 2037 jam
1658 1964 1818 2020 dictis

223 2058 497 2123 ecclesiis,
541 2067 596 2114 et
636 2058 1026 2113 monasterium
1067 2057 1461 2128 supradictum,
1507 2066 1563 2111 et
1611 2056 1727 2111 loca
1762 2064 1818 2108 ct

226 2152 406 2206 alodia
448 2167 573 2206 cum
611 2152 863 2206 omnibus
903 2151 1121 2215 lluibus,
1156 2150 1441 2215 limitibus,
1487 2151 1733 2205 terminis
1763 2158 1819 2205 et

224 2244 569 2315 adjacentiis.
594 2255 856 2315 quantum
880 2245 1041 2299 hodie
1058 2246 1230 2314 ipsum
1261 2244 1650 2299 monasterium
1676 2241 1814 2297 infra

226 2336 333 2390 hos
368 2337 661 2391 comitatus
680 2335 929 2405 superius
950 2336 1186 2404 scriptos
1218 2335 1398 2397 habet,
1428 2343 1483 2388 ct
1519 2333 1819 2389 auxiliante

228 2423 346 2479 Deo
375 2424 747 2494 aequis-iturus
793 2425 922 2489 erit,
966 2424 1106 2495 juris
1149 2434 1353 2479 sauctte
1399 2424 1680 2487 “ornante,
1730 2423 1816 2478 cui

226 2517 345 2574 Deo
383 2527 605 2572 auctore
632 2518 992 2581 deservimus,
1031 2518 1309 2582 Ecclesite,
1352 2534 1381 2572 a
1427 2518 1679 2588 prteseuti
1728 2530 1818 2572 se-

227 2608 409 2663 cunda
436 2607 727 2663 indictione
749 2608 923 2678 ipsum
954 2610 1341 2662 tttonaslcrium
1373 2609 1552 2671 villas.
1582 2617 1637 2664 ct
1669 2609 1819 2664 alan-

227 2698 351 2762 des,
383 2708 438 2752 et
466 2698 748 2763 ecclesias,
787 2715 911 2753 cum
937 2700 1191 2754 omnibus
1218 2713 1408 2754 eorum
1443 2700 1812 2770 pertinentiis,

229 2799 294 2843 ut
316 2804 479 2859 supra
512 2788 730 2857 legitur,
761 2788 814 2843 iu
860 2801 1177 2861 perpetuum
1217 2806 1314 2860 per
1360 2790 1519 2860 hujus
1554 2790 1817 2859 privilegii

229 2881 430 2936 seriem
472 2881 780 2937 stabilimus
822 2881 920 2935 tibi
962 2882 1180 2953 tuisque
1230 2881 1642 2937 successoribus
1682 2881 1820 2936 deti-

227 2971 495 3034 lantiunt,
521 2979 576 3025 et
600 2986 723 3025 cum
752 2970 845 3025 Dei
877 2971 1070 3026 timore
1100 2972 1393 3042 regendum
1418 2980 1473 3025 et
1501 2972 1819 3041 dispensan-

1913 498 2098 543 reatur
2125 489 2177 543 in
2205 488 2397 543 sazcula
2430 486 2775 541 stcculorum.
2802 481 2993 536 Amen.

1988 577 2264 650 Scriptum
2298 555 2407 649 per‘
2429 594 2646 633 manum
2678 573 2939 643 Stephani
2973 570 3167 626 notarii
3203 565 3496 637 regionarii

1912 676 1966 724 et
2012 669 2287 725 scriniarii
2336 674 2536 723 nostrze
2577 667 2888 739 apostolica:
2927 664 3117 718 matris
3152 660 3409 715 Ecclesia:
3442 660 3494 714 iu

1917 774 2103 815 mense
2128 760 2327 830 Aprilis
2349 771 2404 814 et
2430 759 2725 814 indictione
2753 756 3013 812 secunda.
3041 753 3186 808 Bene
3211 751 3406 807 valete.

2608 871 2811 941 Vt(tt

1911 969 2231 1027 Benedictus
2269 984 2404 1041 papa
2451 965 2528 1041 Y1
2568 964 2871 1041 ntqtmsterﬁ
2909 962 2968 1041 S‘.
3013 960 3240 1017 Ca’cilt'a:
3278 958 3498 1016 Montis-

2301 1033 2489 1094 sérrnti
2523 1037 2604 1101 pri
2612 1036 2793 1105 vilegin
2828 1033 3124 1102 conﬁrmat.
3395 1066 3401 1071 -

2522 1150 2703 1221 (Anno
2739 1147 2887 1214 972.)

2182 1246 2340 1319 [Dom
2377 1242 2651 1306 Bouousr,
2689 1238 2924 1306 Recueil,
2954 1238 3043 1302 IX,
3080 1236 3231 1310 251.]

1986 1338 2332 1394 aneotcrus
2360 1333 2671 1402 episcopus,
2700 1344 2889 1384 servus
2928 1344 3209 1383 servorum
3245 1326 3356 1387 Dei,
3384 1326 3503 1383 Ca:-

1917 1444 2072 1484 saato
2120 1427 2300 1481 abbati
2363 1421 2687 1478 venerabilis
2737 1420 2972 1475 cmuoleii
3030 1417 3242 1473 Sauctte
3292 1416 3504 1473 Cccilia:

1917 1517 2337 1581 Montisserrati,
2369 1524 2424 1570 et
2451 1524 2660 1568 cunctae
2714 1522 2818 1567 tua:
2856 1511 3258 1581 congregationi
3294 1525 3506 1565 surccs-

1918 1613 2235 1680 soribusque
2287 1609 2391 1664 tuis
2425 1615 2738 1677 perpetuam
2781 1603 2833 1656 in
2878 1602 3105 1656 Domino
3143 1602 3393 1655 salutem.

1991 1703 2253 1771 Quoniam
2287 1699 2630 1755 concedenda
2664 1705 2790 1751 sunt
2818 1711 2938 1765 quae
2965 1693 3374 1748 rationabilihus
3415 1694 3507 1749 dc-

1919 1794 2131 1850 sideriis
2156 1793 2429 1862 pertinere
2455 1797 2774 1851 noscuntur,
2804 1798 2986 1841 nostra
3010 1785 3300 1855 apostolica
3325 1796 3508 1839 aucto-

1918 1886 2072 1953 lilfzs,
2105 1886 2170 1938 ad
2207 1884 2564 1937 roborandam
2601 1881 2741 1949 piam
2777 1880 3010 1933 ﬁdelium
3042 1878 3401 1938 devotionem.
3450 1879 3505 1934 in

1918 1978 2242 2050 prtestantlis
2268 1974 2562 2046 privilegiis
2592 1973 2751 2027 debet
2776 1972 2999 2025 minimc:
3029 1971 3311 2041 almcgari.
3345 1969 3509 2038 Igitur

1918 2068 2237 2123 excellentia
2263 2075 2349 2120 tua
2375 2074 2429 2118 et
2453 2062 2735 2117 laudabilis
2759 2061 3119 2117 mansuetudo
3163 2060 3455 2130 postulavit
3476 2074 3508 2115 a

1920 2161 2078 2216 nobis
2123 2170 2396 2230 quatenus
2420 2155 2713 2226 apostolica
2746 2155 3073 2208 auctoritate
3097 2168 3191 2222 per
3212 2155 3312 2207 huc
3344 2152 3510 2223 privi-

1920 2252 2117 2325 legium
2144 2250 2578 2305 coneedercmus
2617 2255 2671 2300 ct
2693 2244 3138 2299 conlirmarcmus
3176 2243 3268 2297 tibi
3299 2242 3512 2313 tuis-quo

1920 2346 2337 2407 successvtribus
2388 2346 2439 2398 in
2469 2352 2790 2414 perpetumu
2824 2340 3193 2409 supradictum
3234 2345 3508 2392 monaste-

1922 2442 2083 2504 rium,
2114 2454 2238 2493 cum
2262 2435 2515 2491 omnibus
2557 2432 2876 2504 adjacentiis
2909 2440 2963 2484 et
2988 2430 3354 2496 pertinentiis,
3383 2444 3508 2483 cum

1924 2530 2121 2585 ﬁnibus
2150 2527 2505 2593 terminisque
2531 2524 2664 2578 suis.
2696 2523 2762 2576 Et
2815 2522 2937 2575 ideo
2967 2521 3069 2575 tuis
3098 2521 3201 2591 piis
3226 2519 3511 2573 desideriis

1922 2620 2192 2683 faventes,
2228 2626 2409 2672 nostra
2462 2615 2755 2684 apostolica
2807 2613 3129 2667 auctoritate
3171 2613 3514 2668 deeern'mus

1922 2716 1988 2769 ad
2022 2716 2196 2783 ipsum
2230 2708 2515 2781 prtefatunt
2572 2706 2786 2761 Sanctae
2837 2705 3051 2760 Ceciliae
3100 2705 3510 2770 monasterium,

1922 2822 2044 2862 cum
2082 2805 2195 2859 suis
2226 2801 2474 2857 terminis
2530 2808 2581 2854 et
2628 2799 2962 2869 adjacentiis,
3000 2805 3053 2850 et
3086 2812 3208 2851 cum
3260 2795 3515 2851 omnibus

1920 2912 2041 2968 qua!
2096 2892 2321 2949 inferius
2372 2892 2737 2946 continentur.
2768 2888 2867 2967 lla
2922 2904 3054 2943 sane
3084 2894 3145 2941 ut
3185 2886 3362 2940 nullus
3392 2901 3509 2946 rex,

1921 2986 2392 3055 arcltiepiscOpus,
2439 2982 2748 3052 episcopus,
2808 2994 3014 3043 comes,
3068 2977 3153 3032 vel
3207 2977 3511 3031 vieeeomcs

228 3060 383 3125 dum,
419 3061 493 3116 ita
524 3061 780 3117 utmtllus
816 3079 1051 3132 unquam
1095 3077 1304 3134 regum,
1333 3064 1512 3118 nullus
1535 3065 1813 3134 episcopo-

1928 3092 2017 3131 scu
2047 3076 2228 3145 aliqua
2263 3089 2455 3143 magna
2485 3085 2758 3141 parvaque
2785 3082 3015 3138 persona
3066 3066 3165 3122 sub
3185 3067 3305 3134 jure
3333 3075 3385 3120 el
3415 3067 3506 3120 doc

231 3166 381 3217 tum,
437 3152 728 3223 nullusque
777 3153 1058 3209 hominum
1119 3154 1172 3208 in
1227 3153 1467 3223 quolibet
1519 3156 1710 3208 ordine
1761 3152 1863 3210 et“

229 3243 541 3298 ministerio
567 3245 913 3308 constitutus,
948 3247 1145 3299 audeat
1188 3245 1416 3300 moleste
1455 3245 1636 3300 causis
1669 3246 1819 3317 ejus-

232 3333 357 3389 dem
386 3336 699 3390 monasterii
729 3336 1062 3398 incumbere.
1092 3345 1145 3390 et
1176 3336 1289 3392 haec
1323 3352 1398 3392 ou
1418 3338 1528 3401 nia,
1563 3349 1622 3390 ut
1654 3352 1819 3406 supra

224 3421 491 3491 jussimus
512 3426 564 3479 itt
593 3435 911 3494 perpetuum
935 3428 1248 3496 persistant,
1273 3437 1576 3482 statuentes
1604 3442 1820 3498 aposto-

234 3513 340 3589 lica
371 3528 599 3567 censura
641 3517 743 3570 sub
775 3516 942 3570 divini
979 3517 1169 3586 judieii
1205 3518 1571 3572 obtestatione
1599 3530 1651 3572 et
1691 3535 1824 3572 ana-

237 3602 499 3668 thematis
527 3601 909 3671 interdictione
936 3616 993 3660 ut
1026 3607 1204 3661 nullus
1237 3623 1474 3676 unquam
1507 3618 1819 3662 nostrorum

237 3706 620 3748 successorum
649 3694 963 3764 pontificum
994 3708 1285 3766 praesumat
1317 3699 1553 3769 aliquam
1586 3701 1693 3754 vim
1728 3709 1823 3755 aut

238 3781 577 3841 invasionem
614 3784 667 3838 in
698 3783 861 3840 rebus
892 3787 1064 3855 ipsius
1100 3791 1417 3844 monasterii
1452 3789 1652 3848 facere.
1694 3791 1825 3849 Post

237 3872 449 3928 obitum
492 3888 621 3931 vero
663 3877 877 3933 abbatis
922 3893 1082 3933 nemo
1127 3880 1198 3934 ibi
1240 3882 1487 3936 abbatem
1528 3885 1824 3941 constituat

241 3963 347 4020 nisi
377 3979 537 4035 quem
561 3982 861 4023 consensus
889 3978 943 4023 ct
966 3971 1273 4025 communis
1302 3972 1550 4027 voluntas
1588 3973 1821 4032 fratrum

237 4069 310 4111 ex
352 4056 465 4126 ipsa
503 4060 925 4130 congregatione
959 4046 1186 4131 elegerit
1226 4063 1522 4118 secundum
1571 4067 1736 4120 Deum
1768 4081 1825 4123 et

243 4144 306 4201 S.
360 4145 637 4205 Benedicti
690 4149 955 4221 regulam,
1011 4152 1326 4221 nullumque
1375 4156 1655 4223 praemium
1709 4158 1824 4214 sive

242 4232 443 4291 donum
473 4253 570 4307 pro
595 4241 1007 4295 consecratione
1031 4240 1173 4296 illius
1197 4241 1393 4313 aliquis
1413 4244 1662 4313 accipere
1691 4262 1824 4302 cou-

244 4327 453 4388 tcntlat.
483 4328 551 4384 Et
569 4331 615 4386 si
641 4348 764 4386 cum
790 4334 964 4397 gratis
983 4334 1268 4405 episcopus
1288 4336 1544 4392 ordinare
1567 4338 1820 4405 noluerit,

1923 3168 2092 3223 minio
2123 3179 2221 3220 suo
2265 3164 2583 3234 prteulictum
2624 3160 3011 3214 monasterium
3044 3158 3257 3212 mittere
3286 3154 3508 3219 audeat,

1922 3267 2105 3312 etnon
2136 3257 2335 3310 habeat
2381 3260 2705 3324 potestatem
2758 3250 2836 3305 \cl
2895 3248 3167 3304 licentiam
3218 3246 3511 3302 inalicuare

1923 3347 2168 3403 eumdem
2194 3345 2394 3409 locum,
2423 3342 2505 3397 vel
2537 3343 2637 3396 sub
2662 3342 2886 3396 alterius
2921 3337 3236 3394 monasterii
3265 3338 3512 3390 domina-

1924 3437 2072 3492 tione
2116 3436 2470 3494 Sultmittere;
2517 3432 2610 3485 sed
2663 3446 2879 3499 semper
2908 3428 3136 3483 liberum
3172 3439 3225 3482 et
3277 3429 3508 3482 solidum

1924 3525 2160 3579 retineas
2195 3533 2299 3576 tua:
2325 3536 2388 3575 ac
2417 3521 2673 3573 Romana:
2701 3518 2944 3572 ecclesia:
2974 3516 3223 3586 potestati
3248 3533 3263 3569 :
3296 3524 3350 3570 et
3396 3515 3514 3570 ttul-

1926 3613 2009 3667 ltts
2030 3613 2368 3673 mortalium,
2394 3626 2516 3679 qua:
2544 3610 2613 3663 ibi
2645 3616 2772 3662 sunt
2815 3607 2974 3661 modo
3006 3606 3085 3660 vel
3128 3615 3310 3667 erunt.
3362 3606 3509 3661 iuva-

1924 3706 2055 3761 dere.
2081 3704 2163 3758 vel
2196 3718 2458 3772 usurpare
2487 3708 2798 3771 prmstttttat,
2830 3707 2922 3752 aut
2945 3698 3141 3753 fratres
3170 3698 3363 3752 ibidem
3397 3709 3488 3753 scr

1926 3799 2133 3853 vientes
2166 3796 2497 3865 inquietare;
2551 3794 2625 3846 ita
2687 3801 2745 3846 ιιι
2800 3791 2978 3845 nullus
3024 3804 3260 3861 unquam
3304 3805 3507 3860 regum,

1924 3889 2104 3944 nullus
2127 3888 2522 3959 episcoporum.
2550 3883 2834 3953 nullusque
2860 3883 3137 3936 ltnminum
3173 3882 3223 3936 itt
3271 3881 3511 3950 quolibet

1924 3982 2116 4036 ordine
2146 3989 2201 4036 et
2228 3976 2530 4033 ministerio
2552 3977 2879 4031 constitutus
2906 3976 3103 4029 audeat
3128 3974 3350 4029 moleste
3377 3990 3511 4029 cau-

1926 4075 2002 4128 sis
2032 4071 2273 4141 ejusdem
2304 4071 2618 4125 monasterii
2645 4068 2978 4131 incumbere,
3003 4084 3100 4121 nec
3129 4066 3372 4121 homines
3395 4065 3511 4119 illo-

1926 4180 2046 4221 rum
2083 4180 2178 4235 per
2202 4164 2362 4217 ullam
2390 4178 2610 4216 causam
2635 4161 2977 4229 distringere.
3013 4160 3077 4214 lit
3123 4161 3293 4228 ipsum
3327 4173 3509 4213 mona-

1927 4257 2176 4320 sterium,
2205 4253 2355 4308 villas
2386 4262 2440 4308 et
2467 4252 2670 4313 alodes,
2703 4249 2941 4304 decimas
2975 4259 3027 4303 et
3060 4248 3349 4319 primitias,
3377 4262 3512 4318 quas

1928 4347 2127 4402 dudum
2174 4346 2362 4401 ltabttit
2413 4353 2467 4399 et
2512 4345 2564 4398 in
2592 4354 2748 4397 antea
2794 4339 3216 4409 acquisierit,et
3252 4338 3513 4393 ecclesias

242 4418 317 4472 ad
351 4420 506 4489 cujus
530 4422 807 4479 dimensim
844 4424 961 4495 ipse
997 4426 1235 4496 pertinet
1262 4427 1432 4491 locus,
1464 4428 1551 4482 vel
1576 4445 1606 4484 ει
1637 4440 1821 4485 nostra
1852 4428 1903 4488 D
1930 4453 2050 4493 cum
2100 4453 2226 4492 omn
2252 4437 2353 4491 bus
2380 4451 2565 4491 cnt‘ttttt
2623 4432 2985 4503 pertinentiis,
3016 4439 3075 4484 ut
3102 4431 3350 4501 superius
3378 4430 3514 4500 legi-

244 4507 495 4568 Bomaua
529 4525 703 4571 matre
746 4516 986 4572 Ecclesia
1018 4518 1102 4573 vel
1151 4536 1183 4573 a
1227 4535 1549 4589 quocunque
1593 4521 1827 4578 voluerit

242 4601 500 4674 episcopo
525 4620 624 4676 per
650 4616 890 4663 nostram
913 4609 1290 4667 auctoritatem
1322 4611 1490 4666 libere
1514 4613 1821 4669 ordinetur.

245 4692 307 4750 Si
336 4697 460 4766 quis
483 4707 688 4763 autent,
710 4702 852 4770 quod
875 4717 981 4756 non
1008 4712 1278 4773 optamus,
1304 4704 1512 4760 nefario
1534 4722 1666 4760 ausu
1690 4722 1826 4776 pne-

244 4787 544 4856 suazpserit
591 4789 727 4854 haec,
777 4806 897 4861 qua:
947 4807 978 4846 a
1033 4792 1188 4847 nobis
1234 4795 1305 4848 ad
1354 4795 1825 4853 honorillrcntiam

246 4874 462 4932 Domini
494 4881 666 4936 nostri
708 4879 837 4936 Jesu
864 4882 1065 4939 Chrisu
1093 4900 1191 4954 pro
1217 4885 1515 4941 stabilitate
1547 4885 1659 4955 jam
1695 4890 1826 4945 dicti

247 4969 570 5025 monasterii
594 4980 796 5026 statuta
822 4984 966 5037 sunt,
1005 4978 1329 5043 transgredi,
1359 4977 1493 5032 sciat
1517 4994 1577 5034 se
1603 4983 1830 5036 anathe-

249 5058 415 5113 matis
443 5060 660 5115 vinculo
698 5062 1033 5129 iuuodatmn,
1064 5076 1266 5122 etcum
1300 5067 1537 5134 diabolo,
1566 5082 1620 5125 et
1651 5074 1829 5128 omni-

250 5145 353 5202 bus
379 5148 558 5219 impiis
581 5153 767 5206 :eterni
805 5155 1038 5211 incendii
1071 5159 1418 5214 attocissimo
1446 5162 1712 5230 supplicio
1738 5165 1832 5219 de-

250 5248 517 5308 putatum.
540 5244 610 5298 At
633 5259 764 5301 vero
783 5248 872 5317 qui
892 5249 980 5319 pio
1002 5249 1198 5303 iutttitu
1220 5261 1407 5307 custos
1432 5263 1488 5308 et
1511 5254 1833 5312 observator

252 5341 441 5384 corum
464 5335 757 5400 exstiterit,
788 5338 1114 5394 omnimodae
1148 5341 1542 5399 benedictionis
1576 5348 1830 5416 gratiam,

1930 4538 2037 4589 tttr,
2072 4527 2123 4580 itt
2154 4534 2472 4596 perpetuum
2506 4538 2603 4593 per
2640 4520 2944 4592 hujusmodi
2997 4519 3264 4589 privilegii
3314 4521 3510 4574 seriem

1929 4618 2235 4673 stabilimus
2283 4617 2376 4671 tibi
2425 4617 2640 4684 tuisque
2684 4612 3089 4667 successoribus
3138 4612 3510 4676 detinendam,

1931 4726 1992 4764 ac
2026 4709 2116 4762 Dei
2149 4723 2272 4763 cum
2328 4716 2563 4763 tremore
2617 4704 2935 4771 regendum,
2978 4710 3032 4755 et
3067 4700 3510 4770 dispensandum.

1930 4798 1994 4855 Et
2047 4799 2160 4853 haec
2215 4800 2421 4859 omnia,
2457 4805 2514 4849 ut
2563 4810 2728 4862 supra
2780 4793 3059 4865 iussimus,
3089 4801 3199 4845 tota
3245 4792 3298 4847 in
3326 4807 3517 4862 perpe-

1934 4899 2082 4946 tuum
2114 4888 2425 4960 persistant.
2458 4886 2777 4944 Statuenles
2817 4882 3113 4955 apostolica
3155 4899 3387 4939 censura
3416 4882 3516 4936 sub

1933 4982 2099 5038 divini
2142 4980 2331 5050 judicii
2383 4976 2756 5033 obtestatione
2801 4987 2859 5033 et
2908 4974 3268 5028 auatbctnatis
3298 4971 3523 5026 interdi-

1934 5078 2216 5137 ctionc,ttt
2264 5072 2440 5127 nullus
2485 5083 2732 5136 unquam
2794 5076 3099 5126 nostrorum
3151 5075 3525 5118 successorum

1933 5164 2246 5236 pontiﬁcum
2294 5169 2587 5233 prtcsumat
2619 5157 2878 5230 aliQttam
2918 5153 3025 5205 vim
3067 5162 3161 5203 aut
3199 5151 3529 5206 iuvasionem

1936 5257 1989 5311 itt
2024 5256 2187 5309 rebus
2210 5254 2379 5325 ipsius
2411 5252 2757 5308 monasterii
2792 5256 2987 5310 facere.
3011 5239 3140 5293 Pus‘.
3172 5244 3375 5296 obitum
3412 5251 3542 5290 vero

1935 5347 2146 5402 abbatis
2172 5362 2333 5401 nemo
2364 5346 2435 5400 ibi
2459 5345 2735 5399 abbatem
2770 5336 3086 5405 constituat,
3113 5332 3215 5387 nisi
3242 5346 3398 5403 quem
3419 5340 3548 5382 con-
