3978 6256
371 308 438 374 15
1684 308 2004 370 JOANNIS
2044 309 2362 370 ΖοΝΑιιιε
3547 308 3614 371 16
3672 388 3687 393 _

367 426 613 481 locorum
645 425 912 497 angustiis
939 430 1302 496 premeretur,
1329 424 1560 479 Romani
1590 427 1703 495 agri
1730 424 1926 494 aliquid

2042 423 2178 492 rcpr
2214 422 2378 474 αὐτόν
2406 439 2417 453 ·
2455 422 2483 474 ὁ
2529 420 2584 474 δὲ
2629 420 2722 474 καὶ
2772 421 2988 492 ἐμυήθη
3033 423 3126 474 καὶ
3178 422 3505 493 ὲευιπτίσθη.
3552 426 3615 477 (οἱ

365 519 471 574 sibi
526 520 946 584 concederetur,
997 527 1319 588 perpetuam
1367 532 1559 588 pacem
1591 526 1649 573 et
1677 518 1806 573 belli
1845 534 1936 572 so-

364 610 617 664 cietatem
668 618 882 679 pactus.
918 609 1128 664 Annuit
1175 609 1519 679 imperatrix,
1568 617 1626 664 et
1667 608 1938 678 quidquid

368 704 513 755 inter
549 701 857 770 regionem,
899 715 1020 770 quae
1051 701 1249 755 Ferrea
1281 699 1507 766 dicitur,
1550 716 1612 756 ac
1642 700 1799 771 prius
1836 702 1938 755 Ro-

364 807 556 847 manos
588 803 644 847 et
670 792 985 862 Bulgaricos
1025 791 1159 846 ﬁnes
1190 789 1587 860 distinguebat,
1635 807 1699 846 ac
1744 791 1939 846 Debel~

365 894 478 938 tum
512 884 820 955 interjacet,
851 885 932 938 eis
971 883 1263 938 concessit.
1312 882 1444 936 Eam
1493 882 1774 953 regionem
1807 881 1935 935 Bul-

361 973 477 1043 gari
512 988 637 1028 cum
686 972 1047 1041 accepissent,
1087 970 1352 1040 Zagoram
1399 970 1766 1039 appellarunt.
1797 968 1937 1022 Hine

362 1080 466 1135 pax
499 1064 553 1119 in
594 1066 889 1119 Occidente
912 1062 1209 1117 constituta
1240 1070 1344 1116 est.
1380 1061 1582 1117 Verum
1622 1060 1675 1113 in
1710 1058 1936 1115 Oriente

363 1173 554 1228 magna
608 1157 712 1210 fuit
754 1157 1173 1210 Manicbzeorum
1201 1153 1520 1219 multitudo,
1557 1152 1653 1223 qui
1701 1160 1757 1206 et
1804 1152 1936 1205 Pau-

360 1249 545 1302 liciani
610 1248 774 1317 vulgo
839 1246 1156 1317 imperitius
1218 1246 1600 1315 appellantur,
1666 1244 1935 1299 vocabulo

359 1355 427 1392 ex
465 1338 635 1392 Paulo
668 1347 724 1391 et
761 1338 969 1392 Joanne
1003 1337 1332 1406 composito,
1362 1337 1455 1406 qni
1493 1337 1601 1390 etsi
1639 1336 1782 1405 apud
1813 1336 1936 1390 illos

364 1431 636 1493 celebres,
655 1429 1039 1485 haeresiarchas
1064 1440 1246 1484 tamen
1270 1437 1326 1483 et
1340 1444 1613 1497 perversa:
1641 1429 1926 1499 Opinionis

357 1531 610 1577 auctores
643 1535 752 1575 non
788 1520 1034 1585 fuerunt,
1085 1519 1181 1575 sed
1211 1520 1332 1591 ejus
1374 1527 1676 1574 sectatores
1718 1529 1774 1574 et
1815 1529 1932 1574 stu-

357 1614 496 1669 diosi
537 1627 702 1683 supra
744 1612 991 1676 modum,
1041 1622 1098 1667 et
1127 1626 1431 1681 praecones.
1459 1611 1569 1666 Eos
1616 1612 1935 1680 imperatrix

356 1719 484 1759 cum
519 1704 575 1758 in
603 1705 789 1757 animo
830 1702 1063 1757 haberet
1097 1702 1164 1756 ab
1200 1701 1399 1756 haeresi
1455 1701 1522 1755 ad
1568 1716 1756 1755 veram
1806 1701 1936 1756 reli-

354 1796 571 1865 gionem
607 1793 913 1857 retrahere,
968 1792 1114 1847 viros
1158 1792 1400 1847 illustres
1444 1791 1636 1854 mittit,
1673 1792 1767 1860 qui
1807 1806 1932 1846 eum

354 1890 634 1953 negotium
675 1884 823 1939 nulla
857 1883 1188 1944 dexteritate
1234 1882 1500 1952 nulloque
1558 1883 1782 1953 ingenio
1839 1882 1936 1937 ad-

356 1978 782 2042 ministrassent,
854 1991 966 2031 non
1000 1976 1166 2030 modo
1214 1974 1436 2030 inanem
1486 1975 1732 2031 laborem
1773 1989 1935 2044 cepe-

354 2078 504 2127 runt,
533 2068 626 2123 sed
654 2076 710 2123 et
737 2069 804 2123 ad
832 2066 1199 2121 defectionem
1224 2066 1487 2135 populum
1512 2080 1754 2134 omnem,
1775 2069 1934 2138 cujus

355 2158 526 2212 multa
568 2157 740 2211 millia
792 2148 1250 2218 numerabantur,
1285 2156 1674 2225 impulerunt:
1709 2166 1771 2210 nt
1804 2172 1930 2211 cum

351 2246 648 2303 lsmaelitis
706 2246 1058 2317 conjunctus,
1111 2257 1168 2301 et
1220 2244 1501 2301 Romanos
1562 2257 1929 2316 oppugnaret,

354 2342 547 2410 eisque
569 2339 770 2394 multas
788 2338 973 2393 clades
991 2338 1236 2393 inferret.
1256 2337 1325 2392 At
1358 2340 1657 2408 imperator
1678 2339 1928 2404 Michael,

353 2446 528 2487 annos
549 2430 799 2501 pueritia:
831 2444 1107 2500 egressus,
1138 2438 1192 2483 et
1220 2431 1330 2500 jam
1358 2429 1705 2495 adolescens,
1738 2431 1930 2500 iniquo

354 2523 567 2578 ferebat
597 2522 781 2576 animo
822 2520 977 2591 regni
1029 2520 1567 2576 administrationem
1602 2537 1724 2577 esse
1758 2537 1929 2591 penes

348 2613 508 2676 alios,
551 2611 827 2680 simulque
876 2610 944 2665 ab
988 2611 1265 2665 avunculo
1309 2610 1510 2675 Barda,
1559 2627 1670 2666 uno
1723 2626 1754 2667 e
1810 2614 1929 2668 suis

351 2703 652 2769 tutoribus,
701 2702 768 2759 ad
814 2702 1174 2773 principatus,
1211 2717 1311 2757 suo
1356 2703 1653 2767 arbitratu,
1700 2704 1925 2774 gerendi

347 2796 707 2867 cupiditatem
770 2794 1127 2850 incitabatur.
1193 2794 1410 2849 Manuel
1477 2809 1611 2850 vero
1682 2793 1921 2864 quodam

349 2896 593 2957 tempore
643 2895 766 2941 orta
810 2901 938 2940 cum
988 2885 1293 2955 Logotheta
1344 2900 1544 2941 cursus
1597 2886 1919 2943 Theoctisto

346 2978 726 3033 controversia
758 2979 937 3048 (erant
986 2985 1043 3032 et
1090 2976 1144 3031 hi
1174 2976 1336 3032 ambo
1375 2985 1591 3032 tutores
1623 2977 1927 3048 imperato-

2042 514 2342 583 Βούλγαροι
2395 514 2451 567 δὲ
2513 513 2588 577 ὡς
2643 514 2738 583 τῆς
2799 515 3035 583 πατρίου
3092 516 3260 584 τιμῆς
3318 518 3411 568 καὶ
3455 516 3613 587 δόξης

2042 608 2406 668 ἀποστάντος,
2459 606 2943 673 κατεξανίστανται
3000 605 3095 658 τοῦ
3137 608 3287 676 σφῶν
3343 611 3613 678 ἀρχηγοῦ,

2039 699 2133 751 καὶ
2194 697 2425 766 ἐζήτουν
2474 698 2639 751 αὑτὸν
2699 699 2931 755 ἀνελεῖν.
3010 698 3066 749 ’0
3126 698 3181 751 δὲ
3243 699 3321 768 τῷ
3379 701 3614 768 σταυροῦ

2042 788 2257 856 σημείῳ
2328 788 2614 859 θαρρήσας
2674 790 3143 860 προπορευομὲνῳ
3215 789 3420 852 αὐτοῦ,
3491 790 3617 859 νικᾷ

2040 877 2165 940 τοὺς
2211 879 2569 939 ἀντιστάντας
2610 878 2759 948 αὑτῴ
2841 878 2937 931 καὶ
2977 877 3120 931 οὓτω
3166 878 3366 940 πάντες
3410 877 3616 930 εἴλοντο

2036 971 2107 1021 τὰ
2157 968 2530 1039 Χριστιανῶν.
2603 967 2738 1023 Εἶτα
2808 968 3264 1039 διεπρεσϐεύσατο
3318 971 3346 1021 ὁ
3408 967 3614 1020 τούτων

2039 1061 2285 1130 ἐξάρχων
2332 1062 2467 1131 πρὸς
2526 1060 2625 1131 τὴν
2680 1060 3021 1130 βασίλισσαν,
3080 1061 3247 1113 αἰτῶν
3298 1062 3402 1130 γῆς
3463 1061 3615 1127 αὐτῷ

2037 1153 2510 1225 παραχωρηθῆναι
2574 1152 2913 1222 Ῥωμαῖκῆς,
2982 1154 3440 1223 στενοχωρεῖσθαι
3506 1154 3613 1223 γὰρ

2036 1245 2097 1296 τὸ
2119 1244 2270 1306 ἔθνος
2293 1244 2481 1308 αὐτοῦ,
2514 1246 2608 1297 καὶ
2632 1243 2835 1304 ἀϊδίους
2857 1243 3090 1303 σπονδὰς
3134 1244 3268 1311 πρὸς
3316 1244 3440 1305 τοὺς
3486 1243 3618 1295 Ῥω·-

2040 1336 2251 1405 μαίους,
2274 1337 2366 1388 καὶ
2383 1336 2680 1405 ὁμαιχμίαν
2697 1335 3182 1404 ἐπαγγελλόμενις.
3222 1335 3327 1386 Καὶ
3352 1335 3383 1403 ἡ
3406 1334 3615 1403 βασιλὶς

2037 1427 2186 1496 αὐτῷ
2234 1428 2334 1497 τὴν
2395 1429 2617 1498 αἰτησιν
2662 1425 3032 1497 ἐξεπλήρωσε,
3094 1426 3189 1478 καί
3243 1426 3293 1478 οἱ
3349 1428 3445 1495 τῆς
3506 1429 3618 1480 ἀπὸ

2035 1519 2134 1588 τῆς
2205 1520 2513 1589 λεγομένης
2570 1520 2802 1591 Σιδηρᾶς
2859 1522 3224 1589 παρεχώρησε
3288 1516 3510 1589 χώραν
3576 1520 3612 1591 ἦ

2034 1610 2103 1663 τὰ
2155 1610 2446 1680 Ῥωμαίων
2485 1610 2578 1663 καὶ
2638 1610 2964 1680 Βουλγάρων
2991 1608 3206 1680 διώριζε
3247 1612 3400 1676 πρὶν,
3447 1612 3615 1678 μέχρι

2035 1700 2134 1767 τῆς
2174 1700 2438 1753 Δεὸελτοῦ
2466 1714 2481 1731 ·
2525 1700 2594 1769 ἢν
2644 1699 2902 1762 λαϐόντες
2950 1700 3000 1752 οἱ
3061 1698 3380 1768 Βούλγαροι,
3417 1698 3616 1766 κεκλή-

2038 1809 2166 1845 κασι
2209 1792 2463 1860 Ζαγοράν
2502 1790 2634 1857 (41).
2673 1789 2989 1844 Κάντεῦθεν
3037 1791 3229 1860 εἰρήνη
3260 1789 3452 1857 γέγονε
3483 1790 3614 1860 περὶ

2034 1883 2105 1938 τὰ
2142 1883 2429 1955 Ἑσπέρια.
2465 1885 2628 1939 Κατὰ
2685 1883 2784 1951 τὴν
2853 1881 3028 1953 Ἓῴαν
3067 1882 3127 1936 δὲ
3185 1881 3248 1933 τὸ
3297 1883 3404 1934 τῶν
3437 1884 3544 1935 Μαι
3568 1898 3615 1934 ι-

2035 1977 2205 2047 χαίων
2234 1976 2437 2047 πλῆθος
2465 1971 2534 2046 ἦν
2585 1975 2743 2039 πολὺ,
2791 1976 2841 2027 οἳ
2889 1977 2982 2028 καὶ
3035 1974 3393 2029 Παυλιχιάνοι
3422 1975 3616 2044 ἀγροι-

2035 2067 2257 2136 κότερον
2289 2066 2442 2135 παρά
2470 2064 2567 2119 τοῦ
2617 2063 2905 2135 δημώδους
2962 2064 3128 2134 ὄχλου
3178 2064 3492 2130 καλοῦνται,
3545 2066 3617 2118 ἐκ

2034 2159 2249 2212 Παύλου
2312 2159 2406 2212 καὶ
2469 2159 2721 2212 Ἰωάννου
2772 2158 2871 2228 τῆς
2927 2157 3177 2225 κλήσεως
3238 2158 3615 2228 συγκειμένης

2032 2250 2218 2314 αὐτοῖς
2250 2266 2265 2282 ο
2299 2248 2377 2303 τὼ
2422 2248 2469 2302 δ’
2514 2249 2675 2321 ἄνδρε
2726 2248 2904 2301 τούτω
2948 2249 3099 2318 παρὰ
3127 2249 3452 2318 Μανιχαίοις
3486 2250 3616 2316 ἐγε-

2031 2342 2230 2413 νέσθην
2288 2340 2598 2414 ὀνομαστὼ,
2662 2344 2710 2396 εἰ
2757 2343 2851 2396 καὶ
2893 2340 2969 2412 μὴ
3025 2342 3199 2411 ἤστην
3251 2342 3612 2412 αίρεσιάρχα,

2032 2436 2125 2489 καὶ
2154 2434 2255 2505 τῆς
2304 2435 2627 2500 κακοδοξίας
2686 2437 3004 2506 γεννήτορε,
3053 2434 3271 2503 ζηλωτὰ
3314 2435 3370 2487 δὲ
3401 2436 3615 2504 ταύτης

2029 2526 2128 2580 καὶ⁹
2162 2525 2479 2580 σπουδαστὰ
2514 2527 2911 2598 διαφερόντως,
2948 2527 3042 2579 καὶ
3085 2528 3322 2597 κήρυκε.
3350 2527 3459 2578 Καὶ
3488 2527 3618 2579 τού-

2028 2634 2153 2682 τους
2201 2618 2384 2671 τοίνυν
2415 2619 2448 2688 ἡ
2484 2617 2699 2689 βασιλὶς
2730 2619 2813 2679 είς
2844 2617 2969 2672 νοῦν
3000 2617 3226 2672 ἐϐάλετο
3273 2621 3616 2686 μεταγαγεῖν

2027 2709 2106 2771 εἰς
2150 2707 2462 2778 ὀρθοδοξίαν
2502 2710 2568 2761 ὲκ
2605 2709 2705 2776 τῆς
2740 2708 3033 2778 αἱρέσεως,
3078 2707 3176 2761 καὶ
3224 2707 3432 2760 στέλλει
3478 2709 3616 2771 τοὺς

2026 2797 2186 2852 τοῦτο
2233 2799 2573 2861 σπεύσοντας
2626 2798 2823 2868 ἄνδρας
2876 2798 2986 2851 τῶν
3033 2799 3498 2868 ὲπιφανεστέρων.
3541 2800 3615 2851 Oi

2026 2891 2081 2944 δὲ
2137 2890 2360 2956 ἀδεξίως
2413 2891 2476 2944 τὸ
2530 2892 2767 2959 πρᾶγμα
2826 2888 2924 2942 καὶ
2994 2889 3183 2959 ἀφυῶς
3223 2889 3618 2960 μεταχειρισάο

2029 2998 2204 3051 μενοι,
2236 2983 2297 3061 οὐ
2328 2984 2490 3051 μόνον
2521 2984 2784 3050 ἀνήνυτον
2815 2979 2998 3032 ἔθεντο
3026 2980 3126 3048 τὴν
3170 2979 3424 3050 σπουδὴν,
3467 2979 3619 3034 ἀλλὰ

345 3068 446 3140 ris)
493 3071 663 3140 regia,
711 3066 768 3122 in
812 3082 921 3138 qua
969 3074 1082 3121 tum
1132 3065 1382 3136 degebat,
1434 3066 1643 3133 relicta,
1694 3068 1751 3122 in
1795 3080 1923 3122 suas

2029 3075 2120 3128 καὶ
2180 3075 2259 3136 είς
2318 3076 2661 3127 ἀποστασίαν
2718 3076 2958 3145 ὁρμῆσαι
3020 3078 3082 3126 τὸ
3137 3074 3295 3140 γένος
3343 3073 3464 3126 ὅλον
3520 3077 3615 3139 είς

344 3161 490 3217 πόσε
540 3160 825 3230 remigret,
876 3167 1042 3228 atque
1093 3157 1221 3213 inde
1273 3158 1478 3228 regiam
1535 3157 1917 3227 frequentans,
1963 3159 1967 3163 ’

344 3268 531 3309 rerum
576 3250 1104 3306 administrationem
1150 3251 1411 3319 capessit.
1466 3251 1543 3304 Ea
1596 3265 1686 3304 res
1734 3250 1924 3304 Bardae

343 3344 614 3416 singulari
645 3341 916 3413 voluptati
938 3341 1064 3407 fuit,
1089 3351 1146 3397 et
1172 3341 1547 3397 Theoctistum
1570 3341 1735 3396 etiam
1760 3355 1914 3395 amo-

343 3450 470 3490 vere
496 3434 729 3489 studuit.
764 3433 900 3488 Nam
933 3447 1059 3487 cum
1089 3431 1240 3502 regni
1281 3431 1584 3501 cupiditate
1630 3430 1911 3502 ﬂagraret,

343 3526 646 3591 metuebat,
671 3540 739 3580 ne
765 3525 836 3579 ab
857 3524 953 3577 illo
981 3522 1364 3593 impediretur.
1396 3523 1721 3594 Imperatori
1748 3537 1922 3593 porro

343 3616 672 3687 paedagogus
722 3621 841 3667 erat
875 3614 1174 3667 homuncio
1213 3613 1339 3666 vilis
1361 3623 1417 3667 et
1465 3613 1771 3682 improbus,
1824 3613 1922 3667 sed

343 3706 679 3763 adolescenti
711 3704 853 3759 adeo
880 3711 1088 3774 gratus,
1135 3712 1196 3757 nt
1225 3718 1350 3759 eum
1387 3702 1690 3757 illustriore
1736 3702 1918 3771 digni-

347 3808 457 3855 tate
525 3805 782 3853 ornatum
835 3795 1022 3857 vellet,
1077 3809 1311 3864 eamque
1360 3809 1474 3848 rem
1524 3809 1556 3847 a
1613 3802 1789 3847 matre
1828 3807 1921 3861 pe-

345 3897 510 3945 teret.
561 3888 762 3944 Verum
811 3882 1165 3939 Theoctistus
1213 3882 1446 3953 negabat
1490 3882 1783 3953 paedagogo
1825 3883 1922 3936 tri-

344 3979 620 4035 buendam
655 3976 1000 4047 dignitatem,
1048 3991 1172 4045 qua:
1226 3976 1373 4030 illius
1413 3968 1783 4030 conditionem
1834 3991 1924 4029 su-

344 4079 585 4144 peraret,
621 4086 689 4125 ne
724 4068 1023 4139 dignitates
1054 4066 1379 4137 indignitate
1420 4068 1800 4122 atlicerentor.
1832 4067 1911 4120 Ex

343 4179 411 4219 eo
443 4162 797 4217 Theoctistus
843 4160 1134 4231 paadagogo
1166 4158 1378 4214 invisus
1419 4158 1546 4225 fuit,
1581 4158 1746 4229 idque
1789 4160 1919 4212 Bar-

344 4257 428 4313 dze
474 4255 630 4326 157
678 4262 1147 4325 peropportunum
1206 4252 1411 4307 accidit
1455 4253 1524 4307 ad
1575 4252 1916 4307 desiderium

344 4362 504 4400 suum
540 4345 971 4412 exsequendum.
1010 4343 1116 4398 Per
1145 4342 1501 4414 paedagogum
1534 4343 1703 4414 igitur
1733 4342 1918 4397 varias

2032 3165 2301 3235 μυριάδας
2351 3165 2555 3228 πολλὰς
2610 3166 3015 3236 ἀριθμούμενον
3052 3163 3364 3218 ἐϐιάσαντο.
3404 3165 3468 3217 Ὃ
3509 3168 3618 3219 καὶ

2026 3259 2137 3318 τοῖς
2194 3256 2252 3320 ἐξ
2317 3256 2539 3326 Ἰσμαὴλ
2592 3256 3055 3324 συμμιγνύμενον,
3111 3256 3250 3308 κατὰ
3317 3255 3617 3325 Ῥωμαίων

2027 3348 2124 3399 σὺν
2164 3348 2347 3408 αὐτοῖς
2394 3350 2779 3415 ἐστρατεύετο,
2807 3348 2903 3398 καὶ
2941 3345 3154 3399 πολλῶν
3205 3346 3378 3398 αἴτιον
3419 3347 3619 3410 αὐτοῖς

2026 3437 2220 3505 γέγονε
2256 3435 2574 3507 συμφορῶν.
2618 3437 2676 3490 '0
2731 3436 2787 3489 δέ
2841 3452 2905 3504 γε
2960 3436 3217 3506 βασιλεὺς
3259 3437 3479 3507 Μιχαὴλ
3513 3440 3622 3493 τὶν

2028 3529 2271 3599 μείρακα
2326 3528 2658 3597 παρελάσας,
2709 3527 2803 3580 καὶ⁸
2842 3527 3146 3589 νεανίσκοις
3192 3528 3316 3597 ἄρτι
3370 3528 3619 3581 καταλε-

2024 3623 2278 3690 γόμενος,
2339 3620 2552 3690 ἦσχαλε
2611 3620 2745 3689 παρ’
2775 3618 2956 3679 ἄλλοις
3010 3619 3107 3685 τὴν
3159 3618 3260 3687 τῆς
3322 3618 3621 3689 βασιλείας

2025 3711 2237 3781 βλέπων
2279 3711 2569 3782 διοίκησιν,
2610 3711 2868 3781 ἠρέθιστο
2904 3710 2961 3763 δὲ
2998 3712 3091 3764 καὶ
3142 3713 3279 3781 πρὸς
3319 3711 3413 3764 τοῦ
3465 3714 3621 3781 πρὸς

2027 3803 2234 3875 μητρὸς
2276 3800 2447 3852 ροείου
2516 3798 2612 3851 τοῦ
2682 3798 2863 3868 Βάρδα
2919 3799 3018 3868 τῆς
3085 3798 3388 3868 αὐταρχίας
3464 3802 3623 3872 πρὸς

2022 3895 2240 3965 ἐρωτα’
2292 3888 2373 3955 εἷς
2423 3890 2469 3944 δ’
2525 3887 2593 3961 ἦν
2637 3890 2733 3942 καὶ
2768 3884 2923 3953 οὗτος
2981 3889 3091 3941 τῶν
3137 3891 3448 3960 ἐπιτρόπων
3508 3894 3620 3946 τοῦ

2024 3986 2270 4058 Μιχαὴλ.
2301 3983 2579 4052 Διαφορᾶς
2620 3981 2679 4034 δέ
2725 3998 2855 4034 ποτε
2908 3981 2984 4050 τῷ
3015 3980 3300 4050 μαγίστρφ
3335 3983 3622 4054 Μινουὴλ

2021 4079 2320 4150 γενομένης
2370 4076 2506 4147 πρὸς
2550 4078 2639 4127 τὸν
2668 4073 2963 4142 λογοθέτην
2990 4072 3083 4126 τοῦ
3126 4073 3327 4144 δρόμου
3376 4074 3622 4128 Θεόκτι-

2022 4186 2147 4224 στον
2210 4169 2327 4239 (καὶ
2380 4166 2548 4236 ἄμφω
2602 4166 2660 4219 δὲ
2712 4165 3092 4233 συνεπιτρόπω
3186 4163 3281 4217 τοῦ
3335 4164 3623 4233 βασιλέως

2021 4255 2437 4325 ἐτυγχανέτην),
2469 4258 2496 4307 ὁ
2523 4255 2781 4325 Μανουὴλ
2822 4254 2933 4307 τῶν
2960 4253 3276 4323 ἀνακτόρων
3323 4255 3622 4326 ὑποχωρεῖ

2023 4341 2113 4416 (ἦν
2142 4345 2251 4416 γὰρ
2287 4346 2403 4398 ἐκεῖ
2438 4344 2822 4414 διαιτώμενος)
2854 4344 2950 4397 καὶ
2983 4344 3060 4407 είς
3096 4344 3188 4396 τὸν
3216 4346 3416 4397 οίκεῖον
3445 4341 3618 4400 οἷκον

344 4446 536 4491 contra
567 4434 943 4489 Theoctistum
971 4435 1277 4489 calumnias
1312 4435 1663 4504 imperatoris
1689 4436 1918 4491 auribus

2029 4440 2363 4509 μεταχωρεῖ,
2399 4437 2653 4492 κάκεῖθεν
2710 4437 2789 4498 είς
2827 4436 2896 4489 τὰ
2951 4432 3202 4503 βασίλεια
3244 4432 3443 4497 ἀπιὼν,
3491 4437 3623 4491 τῶν

346 4526 598 4588 instillat,
659 4526 889 4595 ejusque
943 4524 1259 4580 facilitatem
1322 4525 1379 4578 in
1440 4526 1593 4580 illum
1656 4528 1919 4593 concitat,

345 4619 585 4687 denique
622 4616 740 4688 ejus
783 4615 947 4671 etiam
991 4616 1277 4670 amovendi
1331 4615 1392 4669 ﬁt
1433 4626 1644 4672 auctor.
1691 4618 1749 4671 ld
1793 4634 1924 4673 vero

345 4710 508 4766 aliter
554 4722 712 4778 posse
768 4707 888 4761 ﬁeri
943 4705 1195 4777 negabat,
1248 4722 1412 4777 quam
1457 4707 1505 4762 si
1555 4709 1922 4765 occideretur.

342 4803 479 4859 Nam
510 4816 637 4856 eum
680 4798 953 4853 viventem
992 4799 1062 4853 ab
1094 4799 1442 4868 itnpcratrice
1482 4799 1771 4855 defensum
1829 4801 1920 4866 iri,

342 4903 400 4951 et
426 4897 752 4951 auctoritate
777 4894 1091 4949 valiturum.
1128 4890 1358 4945 Decreta
1390 4891 1495 4946 viri
1522 4892 1690 4954 caede,
1723 4892 1916 4947 obser-

344 4998 505 5043 vatur
544 4988 664 5058 ejus
689 5002 721 5042 c
770 4986 1010 5041 thalamo
1055 4983 1424 5054 imperatricis
1461 4996 1737 5052 egressus.
1780 4983 1916 5039 Nam

344 5083 409 5136 ad
455 5097 576 5137 eam
630 5091 687 5137 et
731 5082 864 5153 quid
902 5089 1108 5144 actum,
1152 5085 1210 5131 et
1245 5074 1379 5145 quid
1429 5073 1700 5146 agendum
1749 5087 1915 5142 esset,

344 5171 635 5228 referebat.
678 5170 993 5244 Egredienti
1044 5181 1341 5240 percussor
1386 5165 1722 5221 immittitur.
1779 5168 1916 5223 Cum

347 5277 529 5322 autem
560 5266 651 5322 ille
682 5266 934 5321 strictum
973 5276 1161 5319 ensem
1209 5268 1401 5315 contra
1456 5275 1513 5315 se
1547 5260 1752 5315 elatum
1800 5276 1918 5314 cer.

345 5372 524 5424 nerei,
552 5374 835 5415 scamnum
864 5356 1056 5418 subiit,
1083 5368 1381 5425 percussor
1431 5367 1619 5407 ensem
1643 5353 1699 5406 in
1730 5363 1920 5408 ventre

343 5454 463 5523 ejus
497 5451 703 5522 deﬁgit,
741 5449 915 5505 Barda
941 5448 1106 5512 etiam
1135 5446 1394 5500 strictum
1421 5458 1611 5499 ensem
1644 5444 1918 5509 vibrante,

343 5554 401 5599 et
426 5560 612 5600 necem
643 5544 694 5599 ei
722 5544 1031 5610 minitante,
1054 5539 1147 5611 qui
1172 5537 1427 5594 morienti
1452 5537 1528 5592 illi
1552 5552 1712 5607 opem
1729 5536 1918 5593 ferret.

2020 4532 2342 4600 διοικήσεων
2391 4532 2589 4600 εἴχετο.
2650 4526 2821 4581 Τοῦτο
2845 4525 2925 4598 τῷ
2956 4524 3136 4597 Βάρδᾳ
3182 4523 3623 4595 θυμηρέστατον

2023 4621 2227 4687 ἔδοξεν,
2257 4618 2743 4675 ἀποσκευάσασθαι
2796 4619 2925 4688 γοῦν
2974 4619 3069 4669 καὶ
3132 4617 3219 4670 τὸν
3273 4617 3623 4672 Θεόκτιστον

2023 4713 2113 4765 διὰ
2165 4711 2402 4780 σπουδῆς
2453 4710 2602 4777 αὐτῴ
2649 4705 2767 4781 ἦν’·
2831 4707 3125 4780 βασιλειῶν
3182 4707 3290 4777 γὰρ
3339 4706 3624 4764 ἐδεδοίκει

2024 4800 2232 4866 τοῦτον,
2278 4803 2352 4865 ὡς
2403 4803 2453 4855 οἱ
2498 4805 2636 4872 πρὸς
2696 4800 2926 4871 τοῦργον
2970 4800 3449 4868 ἀντιστησόμενον.
3518 4801 3570 4852 Τ
3573 4808 3626 4871 φ

2022 4894 2241 4966 βασιλεῖ
2279 4894 2457 4949 τοίνυν
2490 4894 2840 4962 παιδαγωγὸς
2864 4889 2954 4961 ἦν,
2985 4891 3271 4962 ἀνδράριόν
3311 4907 3365 4942 τι
3394 4890 3626 4957 φαῦλον

2023 4988 2116 5039 καὶ
2146 4987 2381 5057 πονηρόν
2411 5004 2423 5017 ’
2457 4985 2516 5038 ὃν
2547 4986 2614 5039 δι’
2647 4988 2889 5054 ἐφέσεως
2932 4979 3077 5052 εῖχεν
3106 4985 3132 5034 ὁ
3160 4982 3410 5052 βασιλεὺς
3434 4982 3632 5046 ἀξιώ-

2028 5096 2158 5148 ματι
2192 5078 2299 5130 τῶν
2327 5079 2726 5149 λαμπροτέρων
2760 5077 2992 5146 τιμῆσαί
3032 5092 3159 5135 τινι,
3217 5074 3311 5126 καὶ
3361 5077 3630 5130 ἐποιεῖτο

2026 5172 2152 5241 περὶ
2204 5171 2394 5223 τούτου
2443 5171 2540 5239 τὴν
2571 5170 2710 5240 πρὸς
2740 5169 2841 5238 τὴν
2883 5169 3096 5236 μητέρα
3146 5165 3233 5228 ἀξί
3259 5181 3391 5216 ισιν.
3432 5163 3503 5216 '0
3562 5169 3632 5220 δὲ

2019 5264 2342 5327 Θεόκτιστος
2394 5264 2469 5333 μὴ
2518 5262 2628 5314 δεῖν
2678 5261 2831 5326 ἔλεγε
2863 5259 3071 5327 μείζονι
3106 5258 3195 5308 τὸν
3242 5256 3628 5325 παιδαγωγὸν

2019 5357 2118 5426 τῆς
2152 5357 2348 5410 ἑαυτοῦ
2406 5356 2793 5418 καταστάσεως
2848 5352 3153 5423 τιμηθῆναι
3189 5353 3342 5421 τιμῇ,
3388 5349 3484 5401 ἵνα
3540 5357 3631 5425 μὴ

2021 5451 2302 5517 ἀτιμοῖντο
2333 5447 2401 5501 τὰ
2452 5446 2758 5517 ἀξιώματα.
2830 5444 3110 5497 Ἐντεῦθεν
3169 5442 3234 5494 δι’
3291 5441 3501 5510 ἔχθρας
3549 5439 3631 5515 ἦν

2022 5541 2100 5610 τῷ
2131 5538 2467 5609 παιδαγωγῷ
2505 5542 2533 5592 ὸ
2577 5539 2924 5601 Θεόκτιστος.
2980 5536 3151 5589 ἰὀὖτο
3196 5535 3373 5586 τοίνυν
3400 5534 3426 5583 ὁ
3463 5533 3634 5606 κάρ..

1529 5656 1729 5718 Variae
1760 5655 2066 5719 lectiones
2110 5666 2170 5718 et
2202 5668 2388 5718 notua.

418 5762 527 5835 (41)
564 5766 854 5836 Ζαγιφάν.
906 5763 1040 5822 Vide
1081 5763 1417 5827 Ccdrennm,
1464 5773 1523 5828 ι).
1563 5756 1689 5824 746,
1716 5765 1772 5813 et
1820 5756 1926 5811 Far

2029 5774 2082 5814 as
2117 5757 2466 5823 Dalmaticas,
2496 5772 2547 5811 0.
2576 5755 2702 5812 310.
