3978 6256
432 459 500 523 93
1716 451 2040 515 JOANNIS
2070 453 2388 515 ZONABE
3612 441 3681 505 2i

427 572 716 629 sollicitus.
765 571 841 626 Eo
876 576 1059 625 autem
1107 567 1186 624 sic
1217 566 1451 632 allecto,
1504 564 1709 620 Bardas
1756 565 2002 621 versabat

2111 565 2316 634 ἀγῶνι,
2350 563 2443 616 καὶ
2479 560 2584 615 τὸν
2606 562 2801 630 μέσον
2829 558 3140 624 εὐώνυμον
3180 553 3680 622 καταστήσασθαι

428 664 632 726 omnitr,
667 677 845 733 eoque
879 660 1252 731 pertrabebat,
1285 675 1395 731 quo
1422 667 1540 715 erat
1579 659 1822 724 libitum,
1850 670 1905 713 et
1937 659 2004 714 ad

427 752 657 810 Caesaris
712 752 986 823 fastigium
1038 758 1282 816 evectus,
1331 749 1541 821 imperii
1579 751 1868 806 invadendi
1910 768 2007 821 op-

429 847 818 917 portunitatem
870 843 1213 914 quaeritabat.
1264 842 1409 897 Nihil
1462 851 1644 905 autem
1682 841 1814 897 fecit
1852 836 2003 908 boni,

429 940 534 993 nisi
559 937 702 1007 quod
725 935 1051 992 eruditionis
1084 934 1449 1002 provehendae
1479 949 1733 1003 magnum
1762 934 2003 989 studium

426 1030 645 1084 habuit.
675 1029 808 1083 Nam
837 1027 1181 1100 phi1030phia
1211 1026 1453 1096 neglecta
1481 1026 1716 1097 jacebat,
1745 1041 1807 1081 ac
1833 1041 2006 1096 prope

428 1121 655 1176 omnino
685 1121 952 1177 exsﬁncta
1001 1126 1141 1183 erat,
1176 1127 1237 1172 ut
1268 1133 1335 1171 ne
1366 1117 1599 1172 scintilla
1632 1116 1854 1187 quidem
1886 1117 2006 1188 ejus

429 1222 744 1284 superesset
774 1229 786 1264 :
824 1212 877 1266 in
909 1226 1070 1265 causa
1116 1211 1295 1264 fuerat
1330 1209 1721 1278 imperatorum
1768 1209 2002 1264 inscitia.

427 1304 535 1360 Sed
584 1305 673 1358 hic
722 1303 921 1371 cuiqUe
985 1300 1283 1371 Jisciplinae
1330 1300 1545 1357 scholas
1595 1301 1901 1365 constituit,
1951 1310 2006 1356 et

426 1397 678 1451 doctores
725 1396 1051 1464 designavit,
1089 1402 1145 1449 et
1186 1393 1417 1464 singulis
1466 1392 1681 1463 publica
1732 1392 2002 1462 stipendia

424 1488 692 1551 decrevit,
736 1494 791 1541 et
839 1485 1097 1541 omnibus
1144 1499 1401 1555 magnum
1432 1491 1488 1538 et
1517 1498 1860 1538 communem
1908 1483 2005 1538 do-

425 1589 630 1633 ctorem
684 1578 928 1648 przefecit
971 1576 1209 1632 Leonem
1257 1575 1664 1646 philosophum,
1711 1575 1868 1645 cujus
1902 1575 2002 1629 do-

425 1666 614 1720 ctrinae
666 1665 867 1736 inclyta
923 1665 1067 1720 fama
1119 1673 1280 1730 erat,
1339 1664 1505 1719 etiam
1558 1663 1627 1717 ab
1678 1664 2003 1733 imperatore

426 1753 731 1823 The0philo
762 1754 1109 1819 honoratum,
1150 1754 1253 1809 hac
1286 1754 1598 1809 occasione.
1633 1752 1768 1809 Cum
1802 1753 2004 1809 multos

425 1844 656 1899 haberet
702 1844 1041 1915 discipulos,
1099 1843 1298 1899 accidit
1325 1851 1385 1897 ut
1410 1857 1602 1898 eorum
1647 1843 1868 1914 quidam
1907 1858 2002 1897 ac-

2110 653 2458 716 σπεύδοντι,
2493 652 2694 716 abtc‘c,
2722 646 2952 719 μάταιε,
2981 642 3116 711 περὶ
3148 646 3512 714 Σαρακηνῶν
3557 650 3681 703 ἐπι-

2109 745 2333 814 δρομῆς
2364 746 2622 815 διαλέγει
2640 759 2775 813 μοι;
2826 738 3078 799 Τοιοῦτος
3100 740 3127 791 0
3151 738 3449 809 θαυμάσιος
3477 743 3678 805 ἐκεῖνος

2108 831 2177 908 ἦν
2215 837 2491 906 βασιλεὺς,
2546 835 2635 889 καὶ
2660 837 2799 889 οὕτω
2821 837 2949 906 περὶ
2980 854 3089 890 των
3119 834 3312 889 κοινῶν
3340 833 3681 904 πραγμάτων

2112 930 2208 984 καλ.
2236 930 2335 998 τῆς
2399 928 2680 1000 βασιλείας
2715 929 3050 1000 ἐφρόντιζεν.
3116 925 3363 982 Ἑκείνου
3410 925 3466 978 δὲ
3493 924 3679 976 τοῦτον

2109 1022 2453 1091 διακειμένου
2489 1022 2579 1075 τὶν
2620 1022 2833 1091 τρόπον,
2866 1024 2892 1075 0
2925 1021 3135 1092 Βάρδας
3162 1019 3385 1091 ἔστρεφε
3408 1017 3474 1070 τὰ
3502 1016 3682 1087 πράγ-

2114 1132 2280 1184 ματα,
2313 1115 2409 1168 καὶ
2433 1109 2535 1185 ἦγε
2589 1113 2656 1167 τὰ
2688 1113 2868 1167 πάντα
2900 1114 3007 1185 ὅπη
3064 1108 3131 1184 ἦν
3183 1110 3333 1180 αὐτῷ
3378 1111 3514 1180 πρὸς
3556 1107 3680 1180 βοῦς

2108 1209 2229 1276 λῆς,
2269 1210 2364 1263 καὶ
2395 1212 2475 1272 είς
2496 1209 2595 1281 τὴν
2648 1208 2740 1261 τοῦ
2790 1208 3069 1275 Καίσαρος
3116 1204 3446 1272 ἀναϐεϐήκει
3489 1200 3677 1273 τιμὴν,

2109 1303 2205 1355 καὶ
2253 1302 2430 1372 ἑαυτῷ
2490 1302 2589 1371 τὴν
2657 1300 2933 1370 βασιλείαν
2985 1299 3206 1366 ἐμνᾶτο,
3243 1298 3339 1351 καὶ
3389 1294 3681 1372 εὐκαιρίαν

2110 1393 2289 1462 ἐζήτει
2323 1371 2593 1459 ἵν’ναύτῆς
2645 1390 2994 1455 ὲπιτεύξοιτο.
3051 1388 3216 1441 Οὐδὲν
3246 1386 3303 1438 δέ
3337 1386 3386 1438 0i
3418 1371 3683 1454 εἴργασὶο

2108 1486 2333 1553 ἀγαθὸν,
2375 1484 2406 1554 ἦ
2442 1484 2502 1537 τὸ
2528 1485 2635 1537 τῶν
2691 1483 2867 1552 λόγων
2900 1481 3156 1552 φροντίδα
3213 1479 3401 1533 θέσθαι
3454 1475 3681 1545 πολλήν.

2127 1577 2398 1648 Ἧμέλητο
2416 1577 2526 1646 γὰρ
2548 1577 2616 1631 τὸ.
2636 1576 2735 1646 τῆς
2761 1574 3098 1645 φιλοσοφίας,
3127 1573 3223 1627 καὶ⁸
3244 1570 3459 1640 ἀπέσϐη
3490 1568 3684 1638 σχεδὸν

2108 1670 2186 1729 εἰς
2208 1668 2269 1722 τὸ
2297 1667 2581 1730 παντελὲς,
2617 1667 2691 1730 ὠς
2722 1667 2845 1737 μηδ’
2896 1665 3142 1735 έναυσμά
3176 1681 3228 1716 τι
3259 1660 3684 1732 περιλειφθῆναι

2108 1760 2298 1830 αὐτῆς.
2324 1758 2497 1813 Τοῦτο
2525 1759 2581 1812 δὲ
2607 1759 2640 1830 ἡ
2671 1757 2780 1811 τῶν
2804 1757 3153 1829 κρατούντων
3175 1756 3433 1826 εῐργαστο
3467 1751 3682 1817 ἀλογία.

2116 1853 2179 1906 Ὀ
2216 1853 2272 1906 δὲ
2313 1852 2407 1905 καὶ
2441 1850 2726 1922 διατριϐὰς
2763 1850 2972 1920 ἑκάστῃ
3032 1847 3277 1918 ἀφώρισε
3326 1844 3432 1899 τῶν
3461 1847 3685 1908 ἐπιστησ

422 1947 614 1990 curate
646 1935 700 1989 in
734 1935 1030 2006 geometria
1071 1934 1343 2000 eruditus,
1379 1934 1509 1989 dum
1542 1935 1596 1988 in
1631 1933 1853 1990 Oriente
1899 1949 1996 2003 pe-

2111 1946 2249 2017 μῶν,
2280 1945 2373 2000 καὶ
2403 1944 2751 2006 διδασκάλους
2787 1941 3186 2013 προύστήσατο,
3206 1939 3299 1991 καὶ
3329 1937 3571 2007 σιτήσεις
3591 1935 3689 2002 δη-

421 2028 773 2099 regrinatur,
824 2042 855 2081 a
932 2026 1221 2083 Saracenis
1300 2037 1530 2097 captus,
1581 2025 1796 2081 cuidam
1857 2026 2002 2082 inter

424 2119 693 2174 barbaros
733 2119 931 2174 illustri
964 2119 1019 2172 in
1053 2119 1380 2173 servitutem
1430 2118 1763 2175 traderetur.
1798 2120 2003 2190 Agare-

424 2226 618 2264 norum
656 2224 824 2279 porro
859 2210 1113 2281 princeps
1160 2210 1494 2266 theoremata
1542 2211 1756 2266 erudita
1796 2222 1851 2267 et
1876 2213 2001 2282 phi-

423 2300 706 2370 losOpbica
763 2301 1011 2356 studiose
1059 2301 1354 2364 audiebat,
1404 2318 1516 2371 pra:
1565 2304 1777 2357 cwteris
1822 2313 2000 2358 tamen

423 2392 770 2457 geometricis
832 2392 1107 2448 methodis
1158 2402 1277 2448 erat
1326 2394 1560 2449 deditus.
1621 2394 1757 2450 Cum
1816 2405 2001 2451 autem

422 2481 623 2551 captivi
672 2481 840 2536 herus
885 2482 1222 2537 auditorium
1275 2482 1669 2552 frequentaret,
1708 2485 2003 2554 aliquando

423 2579 479 2625 et
526 2572 641 2642 ipse
694 2587 819 2627 eum
879 2573 1200 2639 comitatus,
1258 2571 1461 2630 auditis
1514 2574 1854 2641 doctoribus,
1907 2577 1999 2646 qui

424 2665 628 2735 ﬁguras
695 2666 1058 2736 geometricas
1115 2667 1500 2734 deiinearant,
1559 2678 1614 2723 et
1669 2668 2000 2738 triangulum

424 2759 604 2814 omnis
643 2758 829 2824 ﬁgurae
862 2760 1192 2831 principium
1228 2777 1347 2818 esse
1379 2761 1673 2828 docebant,
1700 2777 2003 2832 omnesque

426 2852 626 2922 ﬁguras
657 2868 726 2907 ex
756 2867 823 2907 eo
865 2861 921 2907 et
961 2853 1091 2907 oriri
1114 2894 1128 2918 ,
1164 2862 1220 2908 et
1253 2855 1307 2909 in
1341 2855 1595 2910 eumdem
1649 2855 1850 2909 resolvi
1878 2895 1892 2918 ,
1940 2863 1996 2908 et

424 2945 693 3000 circulum
741 2944 987 3000 omnium
1035 2945 1331 3015 ﬁgurarum
1381 2960 1504 3016 quae
1550 2945 1758 3000 ambitu
1806 2945 2001 3013 aequali

424 3037 836 3103 contineantur,
870 3052 992 3092 esse
1044 3036 1483 3107 capacissimum,
1521 3047 1577 3092 et
1603 3038 1741 3117 .ejus
1786 3037 2005 3108 generis

424 3128 535 3182 alia
562 3144 594 3178 ε»
616 3129 825 3197 rcgavit
862 3128 1169 3193 dominum,
1199 3145 1266 3183 an
1300 3129 1494 3185 liceret
1523 3128 1810 3199 Inagitsros
1838 3129 1907 3184 de
1936 3128 2002 3183 iis

430 3235 553 3290 quae
586 3221 868 3285 docerent,
910 3222 1261 3291 percontari?
1293 3222 1447 3288 Quod
1497 3237 1619 3277 cum
1660 3221 1752 3277 ille
1795 3223 2002 3292 permi-
2031 3261 2071 3317 ο

426 3309 609 3376 sisset,
642 3312 824 3379 petiit,
855 3312 1095 3368 rationes
1135 3328 1328 3369 eorum
1371 3329 1491 3384 quae
1522 3314 1860 3379 docuissent,
1896 3313 2000 3370 sibi

423 3401 714 3458 declarari.
775 3403 977 3458 Verum
1034 3404 1144 3460 illis
1201 3405 1348 3474 quod
1408 3405 1840 3475 responderent,
1892 3421 2002 3461 non

425 3490 780 3557 habentibus,
834 3496 1209 3562 Agarenor-um
1261 3494 1520 3565 princeps
1567 3496 1781 3566 captivo
1821 3511 2004 3552 accer-

423 3582 552 3646 sito,
582 3597 712 3635 num
761 3584 875 3650 ipse
904 3584 957 3639 id
992 3587 1214 3655 posset?
1264 3588 1644 3657 interrogavit,
1681 3605 1916 3660 eumque
1945 3606 2004 3646 se

425 3670 569 3726 scire
600 3670 984 3738 affirmantem,
1021 3675 1219 3729 aﬂ'errc
1248 3677 1301 3730 in
1334 3678 1575 3732 medium
1600 3680 1782 3748 jussit.
1814 3680 2001 3751 Capti-

425 3777 528 3817 vus
577 3761 744 3832 igitur
787 3763 857 3818 ab
902 3765 1063 3819 initio
1112 3766 1352 3822 declarat
1403 3769 1638 3838 singula,
1693 3772 2003 3827 rationibus

425 3852 679 3907 adductis
703 3863 759 3907 et
799 3855 981 3909 «ausis
1028 3856 1310 3925 expositis.
1343 3858 1636 3914 Auditorcs
1671 3861 1858 3916 verbis
1883 3864 2003 3932 ejus

427 3944 741 4008 intellectis,
776 3945 1111 4001 theoremata
1141 3948 1355 4003 acutius
1390 3961 1808 4019 perspexerant.
1841 3954 2000 4021 quasi

425 4033 666 4090 dilatatis
714 4037 987 4105 ingeniis,
1041 4038 1332 4108 virumque
1393 4041 1650 4096 admirati
1699 4053 2000 4114 rogarunt,

429 4126 581 4196 161
615 4142 682 4181 an
710 4128 1214 4200 Constantinopolis
1239 4133 1376 4187 alios
1402 4133 1611 4188 similes
1641 4133 1905 4189 haberet?
1935 4136 2005 4189 At

425 4217 517 4271 ille
544 4234 558 4270 :
585 4215 799 4283 Multos,
859 4218 1068 4288 inquit,
1125 4237 1206 4275 me
1252 4224 1646 4293 praestantiore:
1691 4225 1867 4287 habet,
1914 4226 2005 4279 sed

426 4324 588 4363 unum
640 4314 953 4380 magistrum
1004 4314 1277 4380 omnium,
1317 4317 1489 4370 virum
1538 4318 1595 4370 in
1642 4315 2005 4389 philos0phicia

426 4407 712 4460 rationibus
738 4409 1232 4479 incomparabilem.
1256 4410 1351 4466 llis
1373 4413 1597 4480 auditis,
1625 4414 2002 4484 Agarenorum

427 4496 684 4566 princeps
727 4513 914 4554 amore
962 4501 1107 4556 illius
1140 4503 1386 4573 magistri
1432 4512 1645 4573 captus,
1676 4521 1806 4559 eum
1832 4515 1889 4560 et
1920 4506 2004 4559 vi-

2107 2037 2301 2105 μοσίας
2324 2036 2531 2090 τούτων
2558 2035 2777 2103 ἑκάστῳ
2804 2032 3121 2102 ἀπένειμεν·
3146 2030 3239 2083 ἐπὶ
3268 2029 3402 2082 πᾶσι
3427 2027 3481 2079 δὲ
3507 2026 3684 2097 μέγαν

2103 2130 2198 2184 καλ⁴
2243 2128 2422 2183 κοινὸν
2460 2125 2596 2198 (47⁸)
2640 2123 2961 2178 διδάσκαλον
2994 2119 3365 2190 ἐγκατέστησε
3398 2118 3491 2171 τὸν
3530 2116 3688 2184 φιλό-

2107 2239 2270 2290 σοφον
2302 2221 2530 2284 Λέοντα,
2564 2212 2625 2273 οὗ
2657 2217 2814 2279 κλέος
2851 2216 2944 2269 ἐπὶ
2977 2213 3141 2282 σοφίᾳ
3176 2211 3333 2275 πολὺ,
3385 2209 3445 2273 ὃς
3481 2208 3579 2261 καὶ
3605 2205 3693 2278 τῷ

2108 2313 2315 2383 βασιλεῖ
2338 2312 2579 2383 Θεοφίλῳ
2607 2312 2830 2379 γέγονεν
2863 2308 3082 2378 ἔντιμος
3114 2308 3177 2359 ἐκ
3202 2305 3405 2376 τρόπου
3451 2302 3689 2357 τοιοῦδε.

2106 2405 2327 2460 Πολλῶν
2358 2404 2508 2472 αύτῷ
2564 2401 2836 2471 φοιτητῶν
2870 2400 3063 2464 ὖντων,
3108 2399 3205 2450 ἕνα
3248 2395 3449 2467 συνέϐη
3479 2396 3693 2449 τούτων

2105 2496 2247 2552 κατὰ
2266 2495 2364 2565 τὴν
2417 2493 2592 2565 Ἑῴαν
2625 2493 3054 2561 ἀποδημήσαντα
3087 2492 3199 2553 τοῖς
3227 2489 3571 2557 Σαρακηνοῖς
3597 2502 3694 2554 γε-

2105 2592 2290 2646 νέσθαι
2341 2587 2640 2655 ἁλώσιμον,
2695 2585 2753 2647 ὃς
2807 2584 2873 2635 τὰ
2901 2582 3000 2651 τῆς
3047 2582 3391 2651 γεωμετρίας
3431 2575 3692 2648 μεμύητο

2105 2678 2367 2749 ἀκριϐῶς,
2405 2677 2500 2729 καὶ
2545 2667 2697 2736 οὗτος
2727 2672 2835 2726 τῶν
2867 2671 3013 2741 παρὰ
3070 2672 3183 2731 τοῖς
3228 2668 3522 2739 βαρϐάροις
3554 2669 3688 2720 ὲπιο

2108 2773 2299 2840 σήμων
2328 2769 2437 2822 τινὶ
2495 2765 2772 2820 δουλεύειν
2825 2764 3221 2834 ἀπονενέμητο.
3282 2756 3391 2813 Ἤν
3419 2761 3466 2814 δ’
3492 2762 3520 2813 0
3559 2761 3693 2813 τότε

2105 2864 2211 2917 τῶν
2244 2867 2306 2917 ἐκ
2346 2863 2445 2929 τῆς
2488 2862 2667 2929 ’Ἅγαρ
2698 2855 3053 2929 προεστηκὼς
3102 2855 3427 2923 φιλολογων,
3461 2852 3559 2906 καὶ
3593 2870 3694 2921 φι-

2104 2955 2344 3019 λοσόφων
2378 2953 2752 3022 θεωρημάτων
2803 2947 3079 3018 ἐπιμελῶς
3109 2946 3487 3018 ἀκροώμενος,
3521 2944 3695 2997 πλέον

2104 3045 2161 3098 δὲ
2184 3044 2293 3095 τῶν
2323 3042 2498 3096 ἄλλων
2536 3042 2656 3105 ταῖς
2688 3040 3095 3108 γεωμετρικαῖς
3147 3036 3390 3105 μεθόδοις
3421 3032 3701 3105 προσκεί-

2109 3151 2286 3204 μενος.
2336 3132 2555 3201 Ἐφοίτα
2584 3130 2641 3183 δὲ
2675 3130 2771 3183 καὶ
2798 3130 2825 3182 0
2852 3128 2947 3181 τοῦ
2987 3127 3341 3197 αἰχμαλώτου
3413 3125 3697 3192 δεσπότης

2108 3223 2259 3292 παρὰ
2292 3222 2352 3274 τὸ
2381 3222 2769 3289 ἀκροατήριον,
2828 3218 2923 3272 καί
2956 3234 3089 3270 ποτε
3118 3217 3268 3284 αὐτῷ
3300 3215 3394 3269 καὶ
3414 3215 3442 3266 0
3473 3215 3695 3285 αἰχμάο

2104 3304 2273 3377 λωτος
2325 3313 2533 3374 εἵπετο,
2587 3311 2822 3364 καὶτῶν
2869 3300 3234 3363 διδασκόντων
3287 3307 3549 3368 ἀκούσας.
3596 3304 3698 3360 καὶ

2105 3407 2368 3477 σχήματα
2396 3404 2619 3465 τούτους
2655 3402 2780 3455 ίδὼν
2819 3401 3281 3473 διαχαράττοντας
3309 3399 3703 3469 γεωμετρικὰ,

2104 3499 2284 3567 ἀρχήν
2344 3512 2402 3548 τε
2457 3494 2659 3556 παντὸς
2705 3493 2768 3545 τὸ
2826 3492 3096 3561 τρίγωνον
3131 3486 3275 3542 εἶναι
3331 3487 3702 3548 διδάσκοντας

2106 3591 2403 3661 σχήματος,
2445 3587 2584 3641 ὥστε
2621 3587 2678 3651 ἐξ
2724 3587 2888 3640 αὑτοῦ
2920 3585 3066 3638 διπαν
3091 3586 3276 3652 σχῆμα
3303 3582 3701 3644 συνίστασθαι,

2102 3683 2200 3737 καὶ
2230 3683 2314 3744 εἰς
2362 3681 2497 3733 αὐτὸ
2548 3679 2904 3743 ἀναλύεσθαι,
2947 3678 3041 3731 καὶ
3074 3677 3149 3737 ὡς
3187 3675 3404 3728 πάντων
3434 3674 3462 3725 0
3488 3672 3703 3736 κύκλος

2104 3772 2213 3825 τῶν
2247 3771 2685 3844 ίσοπεριμέτρων
2718 3769 2869 3841 αὐτῷ
2890 3770 2982 3822 καὶ
3017 3767 3353 3836 ἰσοπλεύρων
3379 3765 3497 3818 ἐστὶ
3522 3766 3703 3818 πολυ-

2104 3863 2502 3935 χωρητότερος,
2536 3863 2630 3916 καὶ
2658 3861 2795 3916 ἄλλα
2849 3862 3077 3914 τοιαῦτα
3100 3876 3113 3890 υ
3151 3858 3314 3929 ἤρετο
3361 3857 3454 3909 τὸν
3480 3856 3694 3911 ἑαυτοῦ

2104 3957 2297 4025 κύριον
2333 3957 2361 4009 0
2388 3955 2752 4026 αἰχμάλωτος,
2787 3955 2839 4008 εἰ
2896 3953 3119 4006 πύθοιτο
3182 3949 3293 4004 τῶν
3324 3949 3703 4011 διδασκάλων.

2106 4048 2236 4118 περὶ
2273 4038 2348 4101 ὧν
2383 4046 2737 4100 διδάσκουσι⁶
2781 4046 2875 4098 καὶ
2916 4044 2975 4107 ὃς
3014 4040 3338 4112 ἐπέτρεψεν.
3389 4042 3446 4095 Ὀ
3471 4041 3529 4094 δὲ
3562 4044 3703 4107 τοὺς

2107 4138 2299 4206 λόγους
2323 4137 2433 4191 τῶν
2471 4136 2880 4206 διδασκομένων
2935 4136 3202 4206 ἐζήτησεν
3242 4134 3543 4205 σαφηνίσαι
3594 4139 3705 4192 αὖ·

2105 4228 2255 4291 τούς.
2299 4228 2365 4282 Οἳ
2395 4227 2442 4281 δ’
2471 4227 2714 4299 ἠπόρουν
2750 4228 2886 4297 πρὸς
2917 4225 3099 4288 τοῦτο,
3127 4229 3219 4280 καὶ
3252 4230 3280 4281 0
3306 4227 3554 4297 ἀρχηγὸς
3583 4229 3704 4283 τῶν

2127 4319 2471 4391 Ἀγαρηνῶν,
2508 4319 3023 4391 προσκαλεσάμενος
3066 4320 3157 4374 τὸν
3208 4320 3582 4390 αἰχμάλωτον,
3621 4322 3701 4374 Σὺ

2104 4414 2174 4477 δ’,
2207 4415 2334 4483 ἔφη,
2359 4412 2544 4467 δύναιο
2582 4413 2648 4467 ἂν
2690 4413 2985 4467 ἀποδοῦναι
3010 4414 3135 4474 τοὺς
3168 4413 3360 4481 λόγους
3419 4413 3700 4482 τούτους;

2109 4506 2360 4568 κάκεῖνος
2390 4505 2667 4559 κατέθετο.
2698 4505 2909 4560 Οὐκοῦν
2942 4505 3091 4570 λέξον
3114 4548 3128 4571 ,
3172 4504 3315 4562 εἶπε.
3361 4508 3473 4562 Καὶ
3515 4508 3701 4579 ἀρξά-

425 4587 555 4643 dere
577 4597 634 4643 et
662 4591 852 4646 audire
898 4591 1252 4659 desideravit,
1282 4610 1347 4649 ac
1371 4595 1605 4658 litteras.
1641 4598 1842 4667 quibus
1869 4599 2002 4653 hor-

2111 4615 2269 4667 μενος
2301 4600 2329 4651 0
2360 4596 2702 4667 αἰχμάλωτος
2727 4599 3054 4666 ἐσαφήνιζεν
3077 4598 3334 4663 ἕκαστον,
3369 4602 3463 4654 καὶ
3487 4602 3701 4668 λόγους

427 4680 647 4734 labatur
679 4691 738 4735 ut
763 4682 827 4736 ad
855 4699 915 4739 se
947 4685 1178 4748 veniret,
1231 4702 1498 4756 suamque
1536 4690 1865 4757 sapientiam
1899 4692 2002 4746 sibi

426 4774 876 4839 communicaret,
925 4778 1142 4846 captivo
1183 4780 1487 4834 liberaliter
1528 4790 1582 4835 et
1628 4781 1860 4851 benigne
1896 4792 2004 4837 tra-

426 4874 591 4928 ctato.
629 4868 695 4921 ad
739 4869 890 4924 illum
940 4870 1293 4940 perferendas
1339 4872 1523 4926 tradit.
1555 4873 1625 4926 At
1655 4872 1764 4927 Leo
1798 4873 2005 4930 veritus

427 4974 497 5012 ne
523 4959 577 5011 in
606 4959 812 5016 crimen
853 4962 1097 5028 veniret,
1139 4963 1210 5018 ob
1243 4963 1437 5019 missas
1469 4963 1537 5018 ab
1568 4963 1724 5019 hoste
1766 4966 2000 5032 litteras,

425 5052 713 5120 epistolam
768 5070 967 5112 cursus
1005 5057 1299 5127 logothetze
1347 5061 1533 5124 tradit,
1574 5071 1792 5131 captivo
1832 5061 1997 5116 etiam

424 5144 683 5209 aiducto,
716 5148 808 5215 qui
853 5158 1235 5218 argumentum
1276 5150 1399 5219 ejus
1444 5162 1761 5219 exponeret.
1791 5153 1869 5209 Ex
1899 5153 2003 5207 hoc

427 5236 733 5304 Theophila
781 5239 1040 5301 innotuit.
1072 5249 1127 5294 et
1154 5241 1439 5298 beneﬁciis
1485 5245 1737 5309 affectus,
1786 5247 2003 5314 publice

424 5325 625 5381 docere
663 5329 849 5397 jussus
877 5343 961 5386 est
992 5348 1005 5382 :
1040 5341 1161 5402 post
1189 5335 1353 5388 etiam
1387 5336 1789 5392 Thessalonicae
1823 5339 2002 5408 ponti-

423 5419 510 5473 fex
562 5419 901 5489 designatus.
954 5423 1153 5479 Verum
1210 5425 1515 5496 Theophila
1570 5438 1807 5493 mortuo,
1859 5429 2001 5484 inter

423 5521 651 5568 «πίει-οε
681 5514 1068 5571 Ιοοιιοιιιιοέεοε
1096 5516 1408 5586 pontiﬁces,
1424 5528 1480 5575 et
1503 5520 1619 5591 ipse
1632 5521 1703 5576 ob
1730 5522 1997 5576 honorem

2105 4689 2379 4752 ἀπεδίδου,
2411 4691 2506 4742 καὶ
2538 4689 2637 4752 τὰς
2675 4690 2851 4753 αἰτίας
2908 4692 3187 4761 κατέλεγε.
3220 4694 3330 4746 Καὶ
3363 4695 3414 4746 οἱ
3458 4695 3706 4748 ἀκούον-

2106 4802 2193 4849 τες
2218 4787 2278 4839 ὲν
2302 4786 2516 4857 συνέσει
2545 4785 2654 4840 τῶν
2680 4784 2990 4857 λεγομένων
3013 4788 3278 4856 ἐγίνοντο,
3310 4789 3404 4843 καὶ
3420 4787 3699 4860 ὀξύτερον

2104 4874 2401 4928 ἐπέϐαλλον
2438 4878 2550 4940 τοῖς
2589 4876 2935 4947 θεωρήμασι,
2992 4877 3085 4929 καὶ
3125 4877 3307 4946 σφίσιν
3357 4877 3635 4948 ηὐρύνετο
3660 4884 3699 4953 ἡ

2103 4965 2328 5031 διάνοια,
2371 4967 2461 5019 καὶ
2488 4967 2581 5020 τὸν
2610 4967 2777 5036 ἄνδρα
2827 4966 3163 5037 ἐθαύμαζον,
3220 4968 3453 5038 ἠρώτων
3513 4986 3603 5033 τε,
3648 4974 3702 5025 εἰ

2107 5058 2200 5110 καὶ
2223 5057 2418 5121 ἄλλους
2450 5056 2563 5128 ἔχει
2587 5060 2619 5129 ἡ
2645 5058 3221 5122 Κωνσταντινούπολις
3253 5061 3564 5126 τοιούτους;
3632 5062 3700 5118 '0

2104 5148 2182 5209 δὲ.
2209 5149 2505 5214 Πολλοὺς,
2535 5149 2660 5219 ἔφη,
2692 5151 3000 5216 κρείττους
3025 5150 3173 5217 ἐμοῦ
3228 5150 3529 5217 κέκτηται,
3573 5153 3700 5210 ἕνα

2103 5239 2173 5293 δὲ
2203 5239 2322 5293 τῶν
2350 5241 2633 5295 ἁπάντων
2661 5240 3056 5294 διδάσκαλον-ο
3101 5240 3294 5309 ἄνδρα
3312 5243 3382 5295 ἐν
3407 5243 3532 5309 τοῖς
3569 5246 3701 5312 τῆς

2103 5334 2467 5402 φιλοσοφίας
2509 5335 2711 5401 λόγοις
2762 5333 2938 5387 παντὶ
2992 5332 3432 5401 ἁπαράμιλλον.
3475 5334 3699 5406 Ἔρωτι

2102 5430 2282 5481 τοίνυν
2338 5428 2580 5489 ἀκούσας
2622 5426 2795 5479 ταύτα
2849 5427 2877 5479 0
2919 5426 3029 5479 τῶν
3072 5425 3391 5496 Ἀγαρηνῶν
3439 5428 3702 5496 ἀρχηγὸς

2103 5520 2244 5574 ἑάλω
2270 5518 2364 5572 τοῦ
2424 5517 2747 5571 διδασκάλου
2806 5517 3038 5579 ἐκείνου,
3089 5518 3182 5569 καὶ
3210 5517 3384 5570 ἐλθεῖν
3438 5517 3700 5587 ἱμείρετο

1624 5633 1832 5695 νει-ἰῶ
1893 5633 2201 5695 lectiones
2232 5640 2295 5694 et
2335 5610 2522 5692 notas.

495 5732 627 5801 ΝΤ)
648 5735 873 5797 Κοινόιῆ
915 5733 1052 5787 Infra
1085 5737 1152 5790 (lc
1189 5737 1384 5792 eodem
1423 5737 1642 5792 Leone:
1670 5739 1869 5790 τοῦτον
1899 5734 1995 5791 οὖν

422 5805 447 5852 έσ
491 5803 696 5876 Βᾷρδανς
727 5803 1068 5876 σχολάζοντα,
1104 5806 1376 5876 εὑρηκὼς,
1427 5806 1537 5861 τῶν
1594 5807 1798 5861 λοιπῶν
1842 5807 1987 5862 διδα-

427 5873 639 5926 σκάλων
662 5875 919 5928 ἐπέκεινα
954 5875 1133 5943 ἔταξε.
1175 5873 1436 5934 ἰῖὺΐνετθ
1480 5879 1550 5933 ita
1585 5880 1821 5944 dicatur,
1857 5880 1981 5934 \‘id‘c

2104 5736 2250 5803 apud
2286 5734 2660 5789 continuator.
2699 5733 3048 5803 Theophanis
3078 5734 3176 5787 lib.
3246 5750 3316 5796 tv,
3358 5751 3414 5789 η.
3442 5733 3535 5793 29.
3584 5736 3692 5789 tibi

2102 5807 2270 5858 multa
2307 5806 2376 5857 de
2405 5804 2510 5857 hoc
2541 5804 2740 5865 Leone,
2781 5808 2938 5873 cujus
2968 5819 3134 5871 opera
3183 5805 3333 5859 varia
3372 5804 3700 5861 mathema-

2102 5877 2206 5931 tica
2244 5875 2593 5930 liabcnturin
2630 5873 2767 5932 Bibl.
2813 5874 3119 5930 Colbertca.
