3978 6256
292 322 357 388 ιι
1513 313 1921 377 ANNALIUM
1954 314 2099 374 LIB.
2140 312 2295 372 XVI.

3439 302 3545 370 ιη

291 431 471 487 πάντα
516 431 642 494 τοὺς
679 428 776 497 τῆς
845 423 1173 497 Ἐκκλησίας
1218 422 1403 479 ῐθυνεν
1444 424 1654 487 οἴακας,
1687 428 1716 477 6
1747 423 1953 483 Φώτιος
2004 422 2067 475 τδ
2129 420 2383 491 δεύτερον
2435 418 2590 490 παρὰ
2646 417 2745 473 τοῦ
2800 398 3087 472 Βασιλείου
3148 418 3232 483 είς
3296 420 3390 477 τὸν
3440 422 3541 492 τῆς

290 493 940 595 ἀρχιερωσύνηςλρόνον
996 493 1280 588 ἀνάγεται.
1327 518 1621 589 Ἐπιϐουλὴ
1652 519 1708 571 δὲ
1738 513 2185 584 συσκευαζομὲνη
2246 513 2387 567 κατά
2453 512 2549 566 τοῦ
2580 511 2847 582 βασιλέως
2901 511 3005 564 οὐκ
3037 509 3252 576 ἔλαθεν,
3313 510 3438 564 ὅθεν
3511 515 3542 565 6

294 617 389 686 μὲν
438 614 687 685 ἐξάρχων
718 612 888 682 αὐτῆς
957 610 1242 681 Ῥωμανὺς
1275 611 1306 663 6
1367 610 1688 681 Κουρκούσς
1733 607 1970 677 ἐξεκόπη
2008 607 2077 658 τὰ
2122 604 2370 675 ὄμματα·
2444 608 2494 659 οἱ
2554 606 2611 660 δὲ
2659 604 2835 675 τούτῳ
2881 604 3331 674 συνομοσάμενοι,
3397 607 3545 660 αίκι-

293 710 529 772 σθὲντες,
569 708 663 760 καὶ.
704 705 963 775 καρέντες
996 704 1095 776 τὴν
1129 706 1317 775 τρίχα,
1353 703 1653 774 ὑπερορίαν
1701 702 2186 774 κατεδικάσθησαν.
3416 720 3419 723 ν
3498 724 3503 735 ε

357 800 439 855 Θ¹.
473 799 616 871 Ἤδη
641 798 697 853 δὲ
727 798 821 851 τοῦ
850 797 1014 868 ἔαρος
1039 796 1477 867 ἀναλάμποντος,
1506 794 1867 867 ἐκστρατεύει

2041 797 2130 851 IX.
2161 796 2275 852 Sub
2300 811 2532 852 vernum
2564 806 2781 865 tempus
2811 797 3112 867 imperator
3134 814 3244 854 una
3269 812 3394 854 cum
3429 798 3542 855 tilio

291 893 433 944 κατά
473 892 575 960 τῆς
634 889 857 960 Συρίας,
893 888 991 943 ἐνα
1029 889 1138 942 τῶν
1166 889 1298 942 υἱῶν
1330 889 1422 941 τὸν
1448 890 1866 943 Κωνσταντίνον

1989 889 2329 947 lonstantino
2360 888 2532 960 Syriae
2569 888 2773 944 bellum
2809 890 3003 954 infert,
3041 891 3261 946 castella
3290 892 3543 961 quaedam

291 984 432 1053 ἔχων
496 982 618 1053 μεθ’
677 981 895 1048 ἐαυτοῦ,
948 980 1043 1036 καὶ
1093 974 1208 1033 εἷλε
1237 981 1346 1033 τῶν
1378 981 1657 1052 φρουρίων
1710 979 1863 1034 τινά⁸

293 1077 424 1129 ἐνιοι
455 1075 514 1129 δὲ
548 1075 643 1128 καὶ
673 1074 1113 1146 προσεχώρησαν
1138 1072 1288 1144 αὐτῷ
1312 1074 1401 1127 διὰ
1431 1074 1531 1143 τὴν
1562 1074 1671 1127 τῶν
1689 1073 1867 1127 ἄλλων

302 1169 509 1223 ἅλωσιν
532 1167 923 1229 δειλιάσαντες.
986 1164 1119 1221 Εἶτα
1168 1168 1235 1236 τῇ
1275 1168 1644 1239 Γερμανικείᾳ
1695 1183 1859 1238 προσ·

291 1259 500 1324 ϐάλλει,
532 1261 629 1312 καὶ
682 1259 750 1311 τὰ
802 1260 1107 1329 προάστεια
1138 1259 1378 1330 δηῖώσας
1407 1259 1600 1330 αὐτῆς,
1641 1259 1870 1328 ἀφίκετο

293 1350 431 1422 πρὸς
478 1350 636 1404 πόλιν
689 1348 791 1421 τὴν
847 1351 1108 1414 Ἀδαταν,
1136 1352 1230 1405 καὶ
1274 1351 1481 1421 ταύτην
1536 1350 1868 1419 ἐπολιόρκει.

304 1443 622 1515 Ὀλιγώρως
643 1442 703 1496 δέ
733 1445 869 1516 πρὸς
892 1444 994 1515 τὴν
1027 1444 1349 1514 πολιορκίαν
1375 1445 1739 1515 διακειμένων
1760 1443 1870 1497 τῶν

294 1536 541 1589 πολιτῶν
569 1535 766 1605 αὐτῆς,
821 1535 1002 1607 ἤρετο
1034 1537 1232 1600 αὐτοὺς
1282 1540 1309 1589 6
1336 1536 1614 1599 Bacticis;
1645 1538 1751 1606 ὅτῳ
1776 1552 1874 1588 πε-

290 1627 570 1691 ποιθότες,
625 1628 689 1680 οὐ
763 1627 1173 1700 προσέρχονταί
1229 1630 1301 1695 οἱ,
1365 1630 1467 1700 ἤδη
1515 1629 1618 1699 τῆς
1662 1629 1873 1690 πόλεως

292 1721 692 1791 ἁλισκομένης.
757 1722 869 1775 Καί
924 1739 1010 1785 τις
1065 1723 1178 1777 τῶν
1222 1724 1404 1794 χρόνῳ
1443 1723 1873 1793 προΰεὸηκότων

291 1816 459 1884 φησὶν
504 1814 754 1886 ἀκριϐῶς
811 1815 1014 1869 εἰδέναι
1053 1815 1129 1878 ὡς
1157 1816 1272 1886 Οὐχ
1320 1815 1423 1869 ὑπὸ
1463 1816 1556 1869 σοῦ
1589 1816 1874 1884 πέπρωται

290 1907 390 1978 τὴν
448 1907 611 1962 πόλιν
650 1907 855 1962 ἁλῶναι
897 1908 1038 1973 νυνὶ,
1090 1908 1210 1962 ἀλλ’
1263 1908 1352 1978 ὑφ’
1423 1909 1616 1978 ἐτέρου
1673 1909 1783 1962 τῶν
1815 1909 1875 1973 ἐξ

286 2000 497 2070 ὀσφύος
544 2001 944 2071 καταγομένων
1003 2001 1107 2070 τῆς
1148 2001 1247 2070 σῆς
1300 2000 1713 2055 Κωνσταντίνου
1772 1999 1874 2071 τὴν

292 2091 517 2159 κλῆσιν.
547 2091 656 2144 Τοῦ
685 2091 741 2143 δέ
767 2090 1037 2161 βασιλέως
1068 2091 1159 2144 τὸν
1190 2091 1306 2144 υίδν
1337 2089 1727 2156 ἐπιδείξαντος,
1755 2093 1868 2152 καὶ,

292 2175 465 2245 Οὗτος
519 2182 548 2234 6
576 2182 991 2245 Κωνσταντῐνός
1047 2184 1189 2250 ἐστι,
1243 2184 1539 2253 φήσαντος,
1579 2185 1608 2237 6
1640 2182 1873 2253 γηραιδς

291 2274 528 2339 ἐκεῖνος,
585 2274 698 2344 Οὐχ
749 2267 930 2338 οὗτος,
966 2269 1141 2337 εἶπεν,
1188 2278 1215 2330 6
1248 2276 1656 2338 Kmva‘rawivdg
1702 2277 1872 2337 ἐστιν,

294 2364 391 2434 ὑφ’
433 2360 500 2420 οὗ
546 2367 704 2436 ἡμῶν
737 2368 770 2436 ή
805 2367 962 2430 πόλις
1008 2367 1303 2434 ἁλώσεται,
1336 2368 1526 2439 ἕτερος
1558 2367 1614 2420 δέ
1644 2384 1729 2431 τις
1766 2366 1875 2422 τῶν

296 2458 592 2526 ἀπογόνων
640 2459 753 2511 τῶν
809 2458 942 2513 σῶν.
987 2459 1243 2529 Μηνίσας
1294 2455 1387 2513 οὖν
1453 2460 1545 2513 ἐπὶ
1605 2462 1719 2525 τοῖς
1780 2459 1874 2513 τοῦ

294 2552 619 2623 πρεσϐὑτου
669 2551 1167 2624 προμαντεύμασιν
1217 2553 1246 2605 6
1275 2552 1584 2617 Βασίλειος,
1616 2552 1877 2624 κραταιό-

298 2662 465 2716 τερον
500 2648 567 2716 τῇ
594 2645 888 2717 πολιορκίᾳ
918 2645 1167 2700 ἐπέθετο.
1222 2646 1380 2700 Ἐπεὶ
1408 2645 1465 2698 δὲ
1524 2644 1681 2699 οὐδὲν
1720 2645 1876 2716 ηνυε,

298 2740 399 2793 καὶ
421 2736 593 2808 ψῦχος
628 2737 686 2791 δὲ
720 2739 947 2807 γεγονὸς
979 2737 1170 2791 ἐλύπει
1203 2737 1409 2809 σφόδρα
1450 2736 1510 2790 τὸ
1536 2736 1876 2807 στράτευμα..

296 2831 401 2901 τὴν
451 2827 773 2901 πολιορκίαν
826 2826 1024 2893 λιπὼν,
1082 2829 1350 2883 ἐπανόδου
1390 2829 1696 2899 ἐμέμνητο,
1751 2830 1878 2892 τοὺς

296 2922 696 2994 αἰχμαλώτους
717 2921 1076 2993 ἀναιρεθῆναι
1110 2921 1446 2994 προστάξας,
1478 2920 1567 2973 ἴνα
1594 2920 1670 2990 μὴ
1700 2919 1876 2989 φυλαο

300 3014 409 3082 κῆς
438 3014 694 3080 δέωνται,
727 3014 761 3084 ἡ
784 3031 836 3067 τι
875 3014 1278 3085 νεωτερίσωσιν
1321 3012 1508 3077 ἀδείας
1551 3012 1875 3082 λαϐόμενοι.

304 3108 372 3160 Οἱ
429 3106 475 3158 δ’
526 3108 595 3159 ἐκ
642 3107 862 3177 Ταρσοῦ
911 3104 1009 3160 καὶ
1064 3105 1383 3176 Μελιτηνῆς
1432 3104 1731 3175 ’Λγαρηνοὶ¹
1780 3103 1880 3167 τὰς

314 3197 645 3269 Ῥωμαϊκὰς
666 3198 993 3269 κατέτρεχον
1021 3199 1229 3268 χώρας,
1264 3192 1342 3260 οἷς
1372 3197 1644 3250 ἀντεπιὼν
1666 3198 1694 3250 6
1713 3210 1885 3264 στρα-

306 3291 551 3360 τηλάτης
621 3290 881 3361 ’Δνδρέας
940 3290 1042 3352 τὰς
1085 3289 1266 3360 ὁρμὰς
1313 3289 1498 3342 αὐτῶν
1552 3289 1882 3343 ἀνέκοπτεν.

316 3382 766 3445 Ἐπιστείλαντος
806 3384 863 3438 δέ
902 3383 1055 3453 αὐτῷ
1105 3382 1200 3436 τοῦ
1247 3383 1470 3454 ’Δμηρᾶ
1517 3385 1615 3453 τῆς
1666 3382 1883 3455 Ταρσοῦ

1968 982 2159 1051 capit:
2200 982 2473 1052 quaedam,
2519 980 2724 1052 injecto
2764 995 2834 1041 ex
2865 981 3097 1036 aliorum
3137 983 3543 1054 expugnatione

1970 1081 2205 1142 terrore,
2226 1076 2279 1127 in
2303 1073 2640 1129 deditionem
2662 1073 2882 1142 accipit.
2912 1073 3118 1128 Deinde
3140 1073 3543 1130 Germaniciam

1971 1169 2203 1234 invadit,
2235 1177 2291 1224 et
2322 1167 2602 1223 suburbiis
2642 1167 2909 1230 incensis,
2951 1165 3142 1220 urbem
3172 1166 3403 1221 Adatam
3441 1167 3545 1222 ob-

1970 1261 2134 1318 sidet.
2161 1260 2387 1318 Civibus
2414 1259 2757 1332 negligenter
2786 1274 2853 1313 se
2875 1258 3320 1322 defendentibus,
3346 1260 3548 1317 Basilio

1970 1363 2200 1427 rogante
2227 1371 2334 1424 qua
2371 1370 2430 1409 re
2464 1354 2589 1409 freti
2619 1370 2680 1409 se
2707 1369 2814 1409 non
2848 1355 3135 1417 dederent,
3164 1356 3302 1410 urbe
3321 1357 3548 1429 jamjam

1972 1447 2239 1519 capienda
2259 1491 2274 1514 ,
2306 1446 2528 1518 quidam
2561 1446 2724 1518 169
2751 1457 3026 1517 provectae
3045 1448 3221 1503 :etatis
3252 1448 3416 1503 homo
3449 1451 3548 1527 ait,

1973 1553 2033 1594 se
2062 1546 2214 1594 certo
2245 1538 2387 1592 scire
2418 1553 2528 1592 non
2570 1552 2689 1593 esse
2728 1538 2781 1593 iu
2822 1537 2982 1600 fatis,
3030 1546 3089 1593 ut
3132 1554 3280 1593 nunc
3318 1539 3450 1596 urbs
3481 1540 3553 1597 ab

1974 1628 2096 1699 ipso
2129 1630 2402 1698 capiatur,
2445 1627 2544 1684 sed
2573 1627 2643 1683 ab
2673 1627 2805 1692 alio,
2836 1629 2931 1697 qui
2967 1644 3033 1683 ex
3063 1630 3184 1699 ejus
3219 1629 3426 1684 lumbis
3452 1631 3554 1685 de-

1973 1720 2284 1786 scenderet,
2311 1721 2536 1776 nomine
2563 1720 2946 1776 Constantino.
2980 1719 3117 1776 Cum
3145 1736 3277 1775 vero
3309 1721 3555 1791 impera-

1978 1821 2085 1877 tor,
2136 1804 2248 1866 ﬁlio
2288 1812 2706 1875 demonstrato,
2769 1825 2894 1864 eum
2952 1825 3074 1865 esse
3125 1810 3555 1867 Constantinum

1976 1903 2224 1970 dixisset,
2252 1912 2310 1959 et
2331 1918 2496 1960 senex
2517 1918 2643 1958 eum
2659 1918 2782 1958 esse
2807 1901 3251 1969 Constantinum,
3273 1918 3304 1959 a
3324 1919 3435 1974 quo
3454 1918 3556 1960 sua

1980 1997 2112 2052 urbs
2137 1997 2406 2067 capienda
2435 2003 2604 2060 esset,
2635 2004 2897 2064 negaret,
2932 1995 3028 2050 sed
3062 1995 3230 2050 alium
3258 1997 3556 2066 quemdam

1978 2105 2043 2145 ex
2072 2089 2190 2160 ejus
2220 2088 2478 2159 posteris,
2506 2086 2740 2142 Basilius
2771 2086 2841 2142 ob
2877 2103 2995 2143 eam
3029 2086 3418 2144 divinationem
3447 2087 3558 2144 ira-

1983 2192 2106 2248 tus,
2143 2182 2609 2253 oppugnationem
2654 2181 2840 2236 acrius
2884 2190 3085 2252 urget;
3128 2181 3226 2236 sed
3256 2196 3381 2236 cum
3420 2181 3559 2239 nihil

1983 2275 2298 2343 proliceret,
2345 2289 2409 2330 ac
2456 2275 2631 2345 frigus
2676 2273 2978 2345 exercitum
3015 2272 3332 2337 infestaret,
3377 2274 3562 2331 soluta

1983 2367 2295 2430 obsidione,
2322 2366 2563 2421 reditum
2592 2368 2815 2437 cogitat,
2846 2334 3080 2434 captivis
3111 2364 3343 2419 interﬁci
3364 2365 3559 2435 jussis,

1983 2476 2055 2531 ne
2080 2458 2336 2517 custodia
2361 2474 2500 2529 opus
2527 2468 2695 2525 esset,
2724 2472 2865 2513 neve
2891 2457 3363 2527 Opportunitatem
3388 2457 3559 2522 nacti,

1984 2552 2191 2623 aliquid
2235 2563 2527 2606 novarent.
2564 2551 2705 2607 Cum
2748 2562 2930 2605 autem
2978 2550 3279 2606 Tarsenses
3308 2559 3365 2606 et
3405 2552 3562 2607 Meli-

1985 2647 2148 2703 tena’i
2197 2646 2434 2718 Agareui
2488 2646 2801 2716 provincias
2853 2645 3128 2700 Romanas
3189 2645 3561 2711 incursarent,

1988 2741 2099 2795 dux
2144 2740 2393 2795 Andreas
2434 2755 2627 2795 eorum
2680 2738 3033 2794 insolentiam
3089 2738 3460 2807 reprimebat,
3506 2751 3566 2795 et

1987 2832 2173 2889 missis
2204 2831 2271 2886 ad
2299 2846 2357 2887 se
2384 2830 2456 2886 ab
2486 2833 2685 2886 Amera
2720 2830 3058 2901 blasphemis
3086 2830 3287 2885 litteris
3306 2871 3320 2892 ,
3360 2831 3565 2901 quibus

1989 2925 2302 2988 scribebat,
2338 2924 2382 2979 si
2421 2924 2538 2995 ipse
2568 2923 2721 2978 illum
2758 2923 3081 2988 invasisset,
3114 2923 3251 2977 nihil
3291 2922 3342 2978 ei
3383 2923 3565 2979 Maria:

1990 3017 2163 3073 ﬁlium
2188 3016 2565 3086 profuturum,
2599 3013 2691 3069 illa
2727 3022 2952 3084 accepta
2990 3012 3222 3081 epistola
3253 3022 3309 3068 et
3338 2996 3565 3083 imagini

1989 3110 2087 3169 Dei
2117 3111 2306 3166 Matris
2325 3122 2585 3179 appensa,
2617 3106 2794 3162 dixit:
2824 3106 3075 3171 Domina,
3094 3121 3435 3160 remunerare
3460 3105 3569 3174 [re-

1991 3206 2176 3258 mitum
2210 3202 2431 3257 hominis
2466 3200 2790 3272 arrogantis.
2829 3198 2925 3254 His
2962 3198 3154 3263 dictis,
3187 3206 3377 3253 contra
3414 3196 3562 3251 blas-

1992 3298 2253 3368 phemum
2277 3296 2466 3351 eduxit
2488 3293 2697 3364 copias,
2727 3291 3127 3360 commissaque
3151 3305 3350 3360 pugna,
3375 3289 3566 3344 hostes

1991 3391 2049 3444 in
2083 3390 2265 3459 fugam
2295 3388 2464 3450 versi,
2504 3384 2740 3439 maxima
2769 3398 2835 3439 ex
2868 3391 3024 3452 parte
3055 3381 3293 3444 cadunt,
3334 3379 3567 3449 ipseque
3608 3382 3612 3386 ’

302 3474 585 3539 ὡςούδέν
636 3490 697 3526 σε
738 3472 888 3543 ὁτῆς
941 3472 1161 3544 Μαρίας
1215 3474 1328 3536 υἱὸς
1366 3473 1553 3543 ὀνήσει
1602 3475 1742 3527 κατά
1791 3474 1884 3527 σοῦ

1994 3483 2224 3537 Ameras
2252 3480 2552 3551 iugulatur,
2578 3477 2769 3548 paucis
2804 3475 2928 3546 fuga
2961 3475 3183 3544 elapsis.
3220 3474 3325 3530 Sed
3357 3473 3465 3527 dux
3500 3487 3571 3528 ex

303 3569 557 3630 ἐπιόντος
580 3584 708 3637 μου,
738 3569 969 3631 ἐκεῖνος,
993 3569 1095 3638 τὴν
1119 3565 1443 3637 βλάσφημον
1467 3567 1759 3637 ἐπιστολὴν
1788 3566 1887 3620 λα·

307 3665 446 3728 ϐῶν,
476 3664 691 3727 εἰκόνος
728 3662 831 3731 τῆς
870 3661 1222 3732 Θεομήτορος
1261 3662 1630 3732 ἐξηρτήσατο,
1691 3661 1889 3714 Ἀντα-

302 3758 501 3825 ⁸τῑόδος
517 3755 600 3821 τῷ
618 3756 887 3823 ἀλαζόνι,
914 3757 1110 3825 λέγων,
1149 3751 1198 3811 ὦ
1225 3755 1548 3820 Δέσποινα,
1572 3754 1679 3809 τοῦ
1706 3754 1895 3824 φρυά-

309 3867 539 3923 γματος
600 3849 674 3903 τὰ
722 3849 1018 3919 ἐπίχειρα.
1078 3848 1193 3902 Καὶ
1224 3847 1395 3901 ταῦτα
1448 3846 1640 3913 εἰπὼν,
1696 3844 1893 3919 ἐχώρει

311 3946 459 3999 κατά
486 3942 587 3997 τοῦ
622 3941 1157 4015 βλασφημήσαντος,
1187 3941 1282 3996 καὶ
1324 3941 1503 4012 μάχης
1530 3938 1891 4012 κροτηθείσης

309 4038 621 4109 τρέπονται
678 4038 726 4089 oi
766 4035 1040 4102 πολέμιοι,
1079 4035 1176 4088 καὶ
1226 4035 1441 4102 γίνεται
1487 4033 1696 4085 τούτων
1732 4035 1893 4102 φόνος

314 4131 514 4194 πολὺς,
556 4130 653 4182 καί
684 4128 845 4191 αὐτὸς
875 4128 933 4181 δὲ
968 4127 995 4180 6
1046 4127 1296 4198 Ἀμηρᾶς
1324 4126 1756 4195 ἀποσφάττεται,
1785 4141 1895 4195 με·

311 4221 485 4291 τρίων
520 4220 900 4289 διαφυγόντων
955 4220 1142 4273 τινῶν.
1176 4217 1473 4289 Φθονηθεὶς
1521 4217 1577 4270 δὲ
1604 4219 1630 4271 6
1664 4234 1897 4289 στρατη-

312 4311 492 4382 λάτης
535 4309 874 4380 διεῦἐὸλητο,
929 4311 1006 4374 ὡς
1044 4310 1348 4380 δυνάμενος
1388 4311 1485 4365 καὶ
1541 4309 1643 4381 τὴν
1682 4311 1896 4380 Ταρσὸν

330 4404 542 4468 ἐξελεῖν
564 4404 668 4456 οὐκ
697 4404 956 4473 ἠθέλησε.
988 4404 1078 4455 Διὸ
1102 4405 1415 4473 ἀφαιρεῖται
1450 4403 1548 4475 μὲν
1576 4404 1606 4455 6
1639 4401 1898 4473 βασιλεὺς

322 4499 427 4567 τὴν
468 4497 652 4568 ἀρχὴν
701 4498 815 4567 ἀπ’,
847 4494 1040 4562 αὑτοῦ,
1071 4496 1253 4549 δίδωσι
1292 4497 1347 4549 δὲ
1378 4497 1584 4567 ταύτην
1611 4497 1691 4567 τῷ
1716 4497 1896 4550 Στυπ-

320 4588 560 4661 πειώτῃ,
594 4588 1055 4659 ἐπαγγελλομένῳ
1100 4593 1197 4643 καὶ
1236 4589 1335 4659 τὴν
1369 4587 1583 4657 Ταρσὸν
1628 4588 1902 4658 ἐκπορθῆ-

324 4700 441 4747 σαι,
480 4683 579 4735 καὶ
618 4681 756 4737 ἄλλα
789 4682 961 4735 πλείω
992 4681 1415 4750 κατωρθωκέναι
1449 4681 1853 4751 νεανιευομένῳ
1883 4697 1897 4711 ο

1997 3574 2199 3629 invidia
2219 3574 2452 3638 delatus,
2475 3586 2599 3627 cum
2621 3570 2853 3626 Tarsum
2874 3567 3041 3623 etiam
3061 3581 3258 3637 capere
3276 3564 3568 3637 potuisset,

1994 3668 2241 3725 noluisse
2268 3683 2284 3720 :
2316 3667 2617 3736 imperator
2646 3663 2908 3719 ducatum
2944 3662 3023 3716 illi
3059 3660 3375 3731 ademptum
3406 3658 3573 3729 Stypo

1993 3761 2159 3830 pictae
2202 3758 2401 3822 tradit,
2438 3767 2495 3813 et
2519 3756 2677 3812 Tarsi
2711 3755 2989 3811 excidium
3027 3753 3345 3824 pollicenti,
3379 3760 3437 3806 et
3464 3751 3572 3806 alia

1994 3855 2281 3926 magnifica
2300 3852 2623 3925 iuveniliter
2641 3851 2871 3922 jactanti
2899 3868 2912 3904 :
2940 3849 3033 3919 qui
3059 3848 3196 3904 adeo
3219 3847 3356 3902 nihil
3379 3861 3573 3903 eorum

1996 3964 2120 4020 quae
2157 3947 2531 4019 gloriabatur,
2567 3944 2783 4009 effecit,
2829 3952 2889 3998 ut
2916 3942 3080 3999 etiam
3127 3959 3192 3997 ex
3239 3939 3573 4011 negligentia

1995 4052 2053 4097 et
2094 4039 2499 4096 inconsiderata
2550 4037 3030 4093 castrametatione
3074 4036 3126 4089 in
3173 4035 3381 4088 cladem
3432 4033 3572 4087 inci-

1998 4134 2161 4190 derit.
2202 4134 2336 4189 Nam
2373 4131 2600 4186 Barbari
2638 4140 2817 4186 castra
2860 4130 3011 4199 ejus,
3050 4129 3104 4180 in
3149 4127 3351 4196 quibus
3396 4124 3577 4179 nullas

1998 4230 2085 4299 agi
2130 4227 2393 4285 excubias
2432 4232 2775 4295 cognorant,
2829 4231 2992 4275 noctu
3044 4218 3320 4289 aggressi,
3371 4220 3577 4273 multos

1999 4322 2235 4382 cmdunt,
2263 4319 2358 4374 sed
2381 4318 2565 4386 plures
2586 4331 2614 4370 a
2648 4330 2768 4371 sese
2792 4314 3029 4368 invicem
3049 4311 3240 4366 obtriti
3265 4310 3575 4379 perierunt,

2000 4413 2185 4482 itaque
2222 4414 2538 4481 superiores
2576 4407 2728 4463 l'ucrc
2761 4407 3013 4478 Agareni.
3049 4404 3128 4459 Eo
3163 4418 3345 4456 rerum
3374 4401 3574 4457 Orien—

1999 4507 2193 4563 talium
2239 4515 2422 4569 statu,
2474 4500 2746 4558 Occidens
2795 4499 2953 4568 pejus
2998 4496 3164 4553 etiam
3209 4510 3269 4550 se
3320 4492 3581 4548 habebat.

2002 4598 2137 4652 Nam
2182 4595 2332 4649 Italia
2378 4609 2501 4665 quae
2550 4592 2814 4648 Romanis
2859 4587 3293 4658 imperatoribus
3331 4585 3580 4655 parebat,

2003 4700 2059 4745 et
2085 4689 2323 4744 maxima
2351 4686 2554 4743 Sicilia:
2581 4699 2726 4755 pars,
2759 4683 3054 4752 multaeque
3081 4688 3274 4750 gentes
3305 4679 3446 4742 alim,
3480 4676 3582 4729 sub

325 4776 390 4840 ὃς
427 4777 489 4830 οὐ
536 4777 701 4844 μόνον
736 4776 890 4829 οὐδὲν
927 4770 1001 4829 ὧν
1027 4775 1185 4845 ηὔχει
1222 4774 1607 4845 κατώρθωσεν,
1641 4773 1776 4827 ἀλλά
1806 4772 1884 4827 κα¹

2008 4782 2272 4849 Μίοιιιιοιε
2320 4779 2623 4834 tributaria:
2670 4776 2826 4831 facta:
2866 4785 2996 4828 sunt
3031 4769 3578 4840 Carthaginensibus.

322 4870 712 4940 δυστυχήματι
767 4868 1193 4938 περιπέπτωκεν
1232 4867 1290 4932 ἐξ
1319 4866 1582 4937 ἀμελείας
1638 4868 1733 4920 καὶ
1763 4868 1884 4920 ἀπε·

2009 4874 2469 4943 Carthaginenses
2517 4869 2666 4923 enim
2724 4867 2960 4937 Agareni
2988 4906 3002 4928 ,
3062 4865 3239 4919 classe
3280 4864 3580 4931 instructa,

327 4968 635 5035 ρισκέπτου
673 4960 1020 5033 σκηνώσεως.
1064 4961 1292 5024 Γνόντες
1323 4963 1432 5032 γὰρ
1458 4964 1507 5014 oi
1539 4960 1822 5032 Βάρὸαροι
1844 4962 1905 5010 τὸ

326 5059 542 5112 ἐκείνου
579 5057 949 5129 στρατόπεδον
983 5056 1309 5125 ἀφυλάκτως
1350 5056 1494 5126 ἕχον,
1529 5055 1724 5117 νυκτὸς
1754 5052 1905 5119 αὑτῷ

332 5152 701 5214 ἐπιτίθενται,
735 5152 831 5204 καὶ
893 5149 1183 5220 ἀναιροῦσι
1213 5149 1464 5214 πολλοὺς,
1499 5151 1548 5202 οί
1589 5149 1813 5209 πλείους
1850 5146 1905 5197 δὲ

330 5247 426 5300 ὑπ’
450 5249 702 5320 ἀλλήλων
730 5249 1178 5318 συμπατούμενοι
1193 5247 1588 5318 διεφθείροντο,
1608 5250 1700 5301 καὶ
1725 5245 1902 5308 οὕτως

2007 4967 2307 5034 multisque
2361 4961 2637 5033 oppidulis
2684 4961 2897 5029 captis.
2956 4956 3255 5027 Ragusium
3305 4953 3582 5009 obsident.

2004 5058 2298 5129 Ragnsinis
2339 5073 2435 5124 per
2474 5054 2682 5124 legatos
2719 5052 2921 5106 auxilia
2965 5046 3315 5119 petentibus,
3352 5046 3586 5101 Basilius

2005 5161 2227 5206 centum
2264 5164 2432 5203 naves
2458 5147 2689 5202 bellicas
2719 5143 2971 5199 subsidio
3003 5142 3193 5206 mittit,
3226 5156 3364 5209 quas
3392 5147 3587 5205 contra

2005 5258 2063 5298 se
2103 5244 2183 5296 ire
2219 5240 2460 5312 Agareni
2499 5239 2593 5293 ubi
2633 5246 3042 5308 cognoverunt,
3080 5234 3256 5289 soluta
3297 5231 3585 5288 obsidione

1522 5403 1729 5466 Varia)
1767 5402 2075 5465 lectiones
2111 5408 2171 5462 et
2208 5406 2399 5461 notae.

333 5560 409 5632 τῷ
455 5557 695 5630 βασιλεῖ,
741 5555 799 5607 ἐν
832 5549 911 5617 οἷς
939 5553 1144 5624 ἀρτίως
1173 5553 1320 5606 ἐστὶν
1355 5553 1399 5675 Ἄ
1427 5551 1563 5623 μονὴ
1605 5551 1903 5622 ἡμερησίη,

338 5632 389 5675 ἐν
416 5628 569 5675 αὑτῶ
601 5627 681 5675 τῶ
726 5625 876 5675 τόπω
909 5625 1266 5675 νειοωθείσης
1303 5624 1359 5674 ἐλ
1402 5640 1525 5675 mou.
1555 5627 1611 5675 ἐν
1649 5619 1692 5675 ὧ
1718 5623 1779 5673 τὸ
1804 5622 1903 5675 τῆς

338 5619 392 5687 ἐν
416 5619 569 5700 αἱδτῷ
601 5619 689 5696 τῷ
726 5625 876 5700 τ’ξπίξ)
909 5619 1266 5700 χξὲρωδείσηε
1303 5619 1525 5700 ξλάφθυ)
1550 5619 1633 5700 iv;
1649 5619 1692 5691 ᾧ
1718 5619 1904 5700 iriiri?

374 5705 495 5771 ονῆς
524 5691 1170 5771 θυσιαστήριονῖδρυται,
1195 5691 1391 5771 εὒιρέθη
1421 5693 1669 5771 τράπεζα
1697 5691 1905 5771 πέλξιιᾲ

337 5761 431 5825 ὕπὸ
453 5761 664 5831 ’κίονος
702 5761 1107 5836 βασταζομένη,
1160 5761 1463 5831 γράφουσα
1489 5764 1660 5826 οὕτως
1685 5780 1698 5793 ·
1733 5761 1901 5813 Τοῦτό

662 5864 939 5923 Pyrum.
988 5859 1106 5918 Gn.
1158 5856 1461 5920 CXXXV.

2017 5552 2166 5601 ἐστιν
2222 5549 2283 5600 τὸ
2334 5547 2488 5614 ἅγιον
2544 5542 2930 5614 θυσιαστήριον
2984 5533 3583 5614 τοῠέἀρχιστρατήήγου

2013 5619 2232 5689 Μιχαὴλ
2253 5617 2359 5689 τοῦ,
2377 5605 2972 5689 Ἇνατέλλ.οντοςξ’ὂπερ
3004 5605 3338 5689 ἐνεθρόνισλεν
3429 5605 3497 5670 ἆγ
3524 5620 3599 5667 ος,

2013 5679 2306 5751 ἀπόστολος
2350 5687 2622 5754 Ἀνδρέας.
2670 5684 2805 5740 Vide
2852 5679 3092 5738 noStram
3124 5679 3601 5745 Constantinopoa

2012 5760 2128 5825 lim,
2157 5760 2251 5813 lib.
2291 5774 2362 5821 IV,
2394 5772 2513 5826 pag.
2546 5754 2667 5809 189.

3068 5836 3081 5843 ’
3189 5844 3229 5901 2
