3978 6256
421 321 490 382 55
1754 319 1987 378 JOANN

2117 318 2257 377 ΖΟΝ
2269 319 2309 376 Α
2318 318 2363 375 Β
2372 317 2435 376 [Ε
3603 306 3675 370 56

419 440 667 485 aniantcr
703 433 937 502 excepit.
984 432 1060 493 Eo
1097 431 1295 485 mulier
1341 431 1584 497 quietiam
1638 430 1798 482 vidua
1846 430 1987 483 illius

2099 427 2272 495 μάχου
2317 425 2689 495 ἐκπέπομφεν,
2719 423 2888 495 ἇδδρα
2920 422 3296 491 γενναιότατόν
3321 439 3376 474 τε
3404 420 3541 490 ὁμοῦ
3575 422 3672 473 καὶ

405 508 510 581 laci
553 522 837 590 primaria,
868 531 924 575 et
964 520 1174 590 magnis
1215 520 1413 587 opibus
1456 520 1683 574 amarus
1724 521 1964 587 cognito,

2090 515 2662 587 ’τριτηγικὼτατον,ὃς
2697 516 2788 570 καὶ
2809 516 2982 569 πολλὰ
2995 516 3131 569 κατὰ
3156 516 3261 570 τῶν
3278 515 3370 581 τῆς
3391 515 3552 580 "Ara.
3579 512 3676 566 ὲκι

406 609 684 677 homiucm
722 624 821 679 pro
866 608 1236 663 fatniiiaritate
1274 606 1602 661 accersitum
1647 606 1966 678 interrogat,

2090 612 2236 669 τόνων
2258 612 2521 681 ἐστήσατο
2542 609 2929 680 τρόπαια.”οτε
2949 609 3002 662 δὲ
3014 609 3089 679 τῷ
3100 607 3516 678 Sacriﬁcium;
3535 624 3668 676 προ-

1635 748 1836 808 Varia)
1875 746 2183 814 lectiones
2223 759 2286 813 et
2326 758 2515 813 noue.

408 872 747 939 pra'grandia
771 870 1173 939 iaculabantur,
1208 886 1454 927 concussa
1485 872 1733 937 primum.
1771 886 1889 923 mox
1919 887 1982 925 ex
2082 878 2211 931 toris
2257 876 2384 931 tedis
2425 873 2735 928 vestibulum
2780 883 2965 928 contra
2997 892 3081 927 eos
3124 877 3288 928 aciem
3332 874 3667 926 instruebant

409 950 561 1007 parte
600 942 814 1001 cecidit,
869 943 931 995 ab
972 940 1125 1008 hujus
1159 942 1320 993 turris
1356 940 1554 992 excidio
1594 940 1822 1007 quinque
1868 953 1981 1007 post

410 1009 588 1063 diebus
633 1027 813 1067 murus
848 1009 1260 1080 propugnaculi,
1306 1011 1395 1078 qui
1430 1009 1604 1078 fuerat
1644 1019 1802 1080 antea
1847 1013 1984 1065 turri

410 1080 753 1148 conjunctus,
795 1079 971 1135 eodem
1021 1080 1421 1148 catapultarum
1471 1081 1667 1147 impetu
1714 1079 1980 1140 disruptus

409 1158 484 1220 est
516 1166 533 1203 :
572 1166 673 1218 quo
708 1153 844 1220 facto
877 1167 1096 1219 magnus
1134 1151 1291 1203 timor
1322 1151 1375 1202 in
1417 1149 1739 1202 obsessorum
1774 1152 1979 1204 animos

407 1219 635 1290 injectus
683 1219 779 1274 est.
824 1221 1062 1275 Hostium
1105 1231 1282 1273 tamen
1329 1220 1714 1290 oppressionem
1750 1221 1978 1272 sustine-

410 1288 538 1359 bant
577 1292 770 1359 egregii
808 1291 889 1345 illi
932 1291 1029 1343 viri
1068 1290 1325 1353 valdeque
1367 1292 1569 1343 strenui
1609 1288 1701 1359 sub
1738 1292 1981 1352 auspiciis

407 1358 711 1430 beatissimi
743 1361 886 1415 ducis
921 1361 1165 1430 patricii,
1207 1376 1529 1427 summaque
1572 1358 1726 1427 hujus
1762 1369 1980 1412 conten-

409 1428 541 1498 tioni
585 1428 939 1485 obsecundare
974 1433 1319 1489 conabantur,
1356 1446 1519 1497 supra
1553 1446 1713 1498 quam
1744 1429 1984 1483 oratione

407 1497 665 1565 explicari
698 1503 880 1571 possit.
921 1501 1039 1554 Dies
1071 1499 1283 1568 viginti.
1318 1497 1634 1571 (Otidemque
1669 1507 1863 1571 noctes.
1900 1500 1984 1553 ubi

411 1583 591 1623 murus
622 1567 891 1625 corruerat
923 1582 1106 1624 contra
1132 1567 1223 1623 eos
1252 1571 1340 1639 qui
1373 1567 1574 1623 aditum
1609 1584 1672 1621 ex
1708 1567 1805 1622 illa
1833 1579 1984 1638 parte

409 1640 719 1710 tentabant,
763 1644 963 1710 egregie
1009 1652 1325 1710 strenueque
1371 1640 1781 1710 depugnabant.
1822 1640 1986 1693 animi

408 1707 700 1774 ingenitam
732 1707 1062 1766 nobilitatem
1093 1727 1201 1779 pra:
1224 1707 1279 1765 se
1310 1707 1700 1763 declarabant:
1730 1710 1983 1779 insignem

410 1793 615 1846 quoque
663 1779 870 1836 laudem
914 1798 1022 1837 esse
1057 1778 1312 1834 ducebant
1342 1795 1438 1849 pro
1480 1780 1673 1832 tuenda
1705 1779 1829 1832 urbe
1862 1778 1980 1849 vulj

410 1845 540 1921 nera
571 1858 676 1904 toto
707 1868 921 1921 corpore
941 1853 1200 1920 excipere.
1227 1845 1352 1921 Iani
1380 1865 1499 1902 vero
1536 1850 1582 1902 si
1607 1850 1719 1921 quis
1750 1849 1819 1921 ad
1851 1845 1983 1900 illud

411 1919 555 1989 urbis
598 1919 1022 1989 popugnaculum
1058 1919 1110 1974 se
1153 1920 1487 1981 contulisset,
1524 1919 1661 1987 quod
1703 1919 1982 1989 adversum

410 1987 553 2058 vulgi
595 1987 836 2044 sernzone
875 1993 976 2045 dici
1017 1999 1388 2050 consueverat,
1424 1988 1711 2058 permultos
1748 1989 1816 2041 ibi
1830 1988 1981 2058 viros

411 2056 615 2128 poterat
664 2061 859 2114 intueri
910 2063 1056 2115 miris
1105 2056 1433 2128 diversisque
1470 2059 1634 2111 modis
1686 2056 1978 2111 mutilatos.

410 2125 582 2191 Erant
611 2131 701 2196 qui
731 2133 935 2201 effossos
964 2129 1139 2186 oculos
1174 2125 1446 2201 haberent,
1481 2130 1558 2182 his
1589 2131 1802 2197 quidam
1828 2144 1982 2201 nares

411 2205 631 2268 truncw,
672 2198 907 2255 his’vero
940 2218 1090 2254 aures
1124 2200 1474 2255 cernebantur
1504 2207 1815 2268 amputatio,
1857 2198 1981 2252 aliis

410 2264 706 2346 palpebris,
750 2270 869 2346 aliis
911 2270 1143 2346 maxilla;
1185 2286 1248 2324 ex
1294 2270 1526 2346 telorum
1571 2264 1618 2322 et
1663 2277 1983 2346 sagittarum

409 2336 593 2416 ictibus
611 2343 879 2416 sanguine
910 2340 1269 2416 rubescebant:
1306 2341 1619 2416 quibusdam
1651 2340 1795 2408 frons
1821 2348 1868 2390 et
1881 2354 1985 2416 cor

412 2407 574 2477 etiam
605 2407 774 2477 ipsum
803 2413 966 2465 modis
991 2413 1151 2465 variis
1176 2407 1596 2473 vulnerabatur;
1627 2407 1804 2461 venter
1835 2407 1981 2463 aliis.

413 2473 533 2529 aliis
578 2473 752 2550 pectus
804 2482 1025 2550 acceptis
1072 2481 1367 2536 vulneribus
1417 2481 1666 2550 patebat,
1722 2486 1891 2550 atque
1928 2486 1983 2530 ut

410 2549 718 2622 compendio
753 2547 949 2614 dicam,
992 2569 1093 2622 non
1136 2552 1319 2622 aliqua
1351 2547 1593 2611 tantum,
1630 2551 1722 2622 sed
1750 2547 1892 2622 omni
1922 2564 1985 2600 ea:

411 2628 566 2687 parte
615 2618 951 2675 laborabant.
1007 2620 1190 2676 llostes
1226 2616 1381 2675 enim
1427 2622 1546 2675 totis
1592 2621 1751 2687 copiis
1803 2616 1985 2670 urbem

411 2685 748 2745 obsidebant.
778 2701 1050 2761 erantque
1112 2708 1330 2746 numero
1376 2685 1669 2761 superiores
1716 2689 1847 2741 adeo
1928 2695 1984 2741 ut

411 2767 622 2813 centum
651 2776 712 2814 ea:
744 2760 854 2816 illis
886 2760 1046 2831 (quod
1078 2764 1163 2816 vis:
1193 2763 1491 2831 assequitur
1514 2760 1693 2827 ﬁdem)
1730 2773 1985 2831 cum‘uno

412 2840 441 2877 e
472 2832 665 2884 nostris
706 2827 903 2886 manus
920 2827 1254 2887 consererent
1275 2875 1290 2896 ,
1321 2827 1610 2901 gloriaque
1641 2845 1744 2901 non
1778 2827 1986 2901 vulgari

411 2902 791 2973 antagoztistas
826 2912 1077 2973 augerent
1120 2899 1353 2973 egregiee
1394 2899 1599 2954 virtutis
1659 2900 1806 2973 facta.
1849 2899 1989 2973 peri-

411 2966 561 3033 εαίοὶ
623 2966 1263 3041 Είιαξιίεηιάιίιιεταὲιιηῖ
1324 2973 1557 3025 studium
1626 2966 1985 3041 appellabant,

411 3041 611 3104 quoties
649 3037 709 3096 eo
757 3042 856 3096 loci
895 3047 1239 3107 ventitarem,
1284 3044 1340 3096 in
1379 3057 1480 3110 quo
1521 3040 1728 3107 fortiter
1762 3037 1987 3110 pra'cla-
2015 3088 2057 3110 η

412 3123 572 3183 reque
611 3122 822 3182 agentes
862 3130 1113 3183 magnam
1144 3113 1243 3169 sibi
1276 3128 1338 3165 ex
1380 3107 1638 3183 praetore
1676 3108 1831 3178 gestis
1874 3107 1986 3177 glo-

415 3179 551 3234 riam
591 3179 992 3253 comparabant.
1021 3183 1145 3236 Tum
1186 3199 1305 3237 vero
1335 3179 1658 3252 ﬂagitiorum
1688 3188 1989 3253 nostrorum

415 3266 662 3323 nunierus
708 3250 872 3323 usque
908 3254 1298 3323 adeoqemcrevit
1320 3250 1344 3310 ,’
1376 3250 1432 3304 ut
1473 3253 1769 3323 districtum
1806 3250 1860 3302 in
1895 3263 1989 3301 nos

413 3319 603 3393 divina:
646 3319 860 3378 ultionis
911 3322 1151 3393 gladium
1199 3323 1485 3377 inebriat-ct
1515 3322 1606 3393 die
1645 3321 1820 3393 prima
1873 3327 1988 3387 post

412 3391 716 3447 vicesimam
749 3389 939 3448 mensis
972 3393 1121 3448 Maii.
1147 3393 1360 3459 Quanta
1395 3391 1619 3461 veroab
1650 3407 1712 3444 ea
1746 3389 1863 3461 die,
1886 3404 1989 3457 quo

415 3478 603 3533 murus
624 3466 848 3533 corruit,
878 3465 1060 3519 civitas
1094 3466 1148 3518 in
1177 3466 1403 3518 hostium
1435 3459 1742 3533 potestatem
1774 3459 1989 3513 redacta

415 3541 490 3605 est
512 3533 537 3584 .9
579 3532 794 3605 Modum
826 3545 1136 3605 autemquo
1168 3537 1266 3602 fuit
1302 3532 1607 3604 expugnata
1639 3546 1812 3605 operte
1850 3544 1990 3605 Εἴτε-

416 3601 548 3672 tium
584 3603 684 3672 erit
725 3605 941 3657 dicere:
988 3598 1087 3672 fuit
1137 3598 1274 3657 enim
1317 3598 1552 3657 horroris
1600 3601 1804 3668 plenus.
1847 3598 1992 3672 Cum

417 3671 554 3723 enim
590 3669 684 3724 Dei
710 3688 890 3726 severa
921 3668 1102 3726 in'nos
1134 3675 1523 3728 animadversio
1555 3687 1735 3726 eorum
1765 3671 1854 3738 qui
1883 3668 1992 3737 far-

417 3740 542 3792 titer
568 3742 798 3795 hostibus
830 3743 1138 3796 resistebant
1163 3744 1586 3797 strenuissimum
1614 3755 1866 3810 quemque
1894 3739 1992 3792 huc

417 3816 576 3882 atque
615 3810 744 3863 illuc
769 3812 1122 3882 dissipasset,
1163 3821 1213 3866 et
1253 3811 1507 3882 inclytum
1554 3810 1834 3882 patricium
1874 3825 1993 3882 cum

417 3880 533 3951 ejus
561 3881 1001 3936 commilitonibus
1036 3883 1105 3936 ad
1137 3880 1721 3951 corpora'procuranda
1745 3896 1777 3932 a
1814 3880 1995 3951 mami-

416 3949 512 4005 bus
541 3951 593 4004 in
622 3951 801 4005 domos
822 3953 1063 4020 proprias
1089 3949 1762 4014 avocasset,'Barbarorum
1789 3949 1994 4002 animos

416 4021 725 4092 impulitut
756 4022 826 4075 ad
863 4022 1083 4092 fatalem
1127 4022 1282 4077 illam
1325 4023 1548 4080 turrim,
1599 4021 1992 4092 de_qua_‘.§f{p€-

426 4092 563 4155 rius,
595 4088 911 4162 obsidionem
940 4092 1291 4162 integrarent,
1328 4093 1580 4145 machinis
1614 4090 1737 4162 illis_
1752 4088 1994 4162 adhibitis

429 4178 545 4235 qute
587 4163 656 4216 ad
701 4160 937 4235 lapidum
986 4158 1271 4235 projectum
1322 4166 1651 4235 usuierant.
1697 4158 1819 4235 Tali
1845 4159 1996 4235 enim

428 4227 631 4287 ludicro
658 4227 934 4303 parricida:
972 4233 1052 4287 illi
1071 4227 1261 4288 urbem
1300 4232 1603 4303 invadentes
1629 4246 1741 4285 sese
1771 4227 1997 4303 oblecta-

422 4306 551 4373 bant
581 4320 599 4358 :
631 4298 724 4358 nec
751 4321 880 4357 sane
911 4304 1112 4374 ditﬁcili
1147 4306 1353 4374 negotio
1381 4302 1781 4374 grassabantur,
1812 4298 1997 4367 paucis

418 4369 705 4429 admodum
747 4369 1411 4444 millibusrcustodientibns
1436 4383 1639 4444 partem
1667 4369 1839 4431 illaut,
1873 4384 1996 4444 pro-

2081 946 2150 998 ad
2177 963 2337 999 unum
2371 946 2666 1007 trucidatis,
2698 961 2888 1013 magno
2916 945 3149 1009 impulsu
3178 944 3358 997 valvas
3391 945 3664 1011 aperiunt,

2079 1018 2433 1085 templumque
2465 1016 2687 1085 subeunt
2719 1016 2911 1067 strictis
2949 1015 3160 1068 ensibus
3185 1015 3390 1085 .rcrebro
3426 1013 3664 1065 anhelitu

2077 1083 2250 1150 ignem
2283 1083 2503 1139 naribus
2549 1083 2814 1153 oculisque
2845 1088 3129 1152 spirantes.
3171 1084 3301 1137 Tum
3334 1100 3456 1136 vero
3488 1085 3662 1136 omnis

2077 1166 2207 1209 (etas
2241 1157 2419 1209 eodem
2452 1156 2701 1223 temporis
2726 1164 2983 1208 momento
3015 1156 3067 1208 in
3100 1157 3211 1208 acie
3238 1153 3402 1219 gladii
3435 1156 3658 1223 corruit,

2079 1228 2338 1293 principes
2385 1232 2433 1276 et
2471 1221 2648 1278 omnes
2684 1225 2891 1290 judices
2931 1233 3089 1277 terra:
3126 1224 3287 1293 (quod
3327 1224 3381 1276 in
3424 1221 3660 1276 Psalmis

2079 1313 2269 1350 canere
2294 1293 2544 1357 solemus)
2566 1297 2784 1361 juvenes
2810 1304 2857 1346 et
2886 1296 3132 1363 virgines,
3162 1310 3309 1346 senes
3335 1309 3453 1345 cum
3468 1295 3660 1359 junio-

2080 1367 2251 1430 ribus,
2297 1367 2637 1421 monasticam
2678 1365 2925 1433 professi,
2960 1362 3072 1418 tum
3116 1362 3455 1417 matrimonio
3492 1380 3658 1433 copu-

2082 1436 2209 1496 lati,
2241 1429 2540 1490 sacerdotes
2581 1444 2630 1487 et
2677 1429 2934 1502 populus,
2979 1451 3157 1488 servus
3187 1442 3233 1486 et
3274 1433 3422 1493 liber,
3464 1429 3660 1500 quique

2081 1507 2132 1559 in
2168 1505 2311 1559 lectis
2349 1503 2515 1557 multo
2546 1505 2666 1573 jam
2707 1515 2938 1572 tempore
2967 1503 3657 1573 valetudinariidecumbe-

2081 1577 2228 1629 bant.
2262 1575 2399 1631 Nam
2433 1591 2497 1626 ne
2536 1572 2613 1628 his
2642 1574 2849 1643 quidem
2885 1590 3130 1641 parcere,
3183 1572 3318 1625 Deus
3345 1572 3494 1631 bone,
3532 1576 3658 1625 car-

2083 1645 2260 1711 niﬁces
2283 1644 2363 1699 illi
2388 1645 2679 1699 didicerunt
2703 1661 2719 1698 :
2747 1645 2957 1698 animus
2980 1645 3117 1696 enim
3141 1643 3360 1697 humani
3384 1644 3661 1711 sanguinis

2082 1718 2261 1769 sitiens
2307 1731 2487 1768 eorum
2539 1716 2799 1774 moribus,
2845 1715 2934 1781 qui
2982 1715 3151 1782 primo
3183 1714 3310 1767 irati
3352 1722 3657 1782 occurrunt,

2087 1787 2297 1839 minime
2330 1788 2631 1841 satiantur.
2680 1784 2810 1838 Erat
2855 1781 3016 1850 igitur
3062 1791 3168 1836 tum
3212 1783 3404 1843 videre,
3441 1789 3518 1838 (ut
3558 1781 3659 1847 Su:

2085 1858 2287 1925 phonire
2317 1856 2484 1908 verbis
2515 1857 2658 1917 utar)
2692 1855 2829 1906 diem
2859 1854 3042 1911 illum.
3076 1856 3211 1925 diem
3241 1853 3571 1925 calamitatis
3604 1862 3658 1905 et

2086 1923 2326 1980 miserita.
2352 1927 2490 1978 diem
2517 1926 2769 1994 angustiae
2791 1932 2836 1976 et
2871 1928 3057 1982 ruinre,
3086 1924 3220 1994 diem
3249 1923 3584 1994 tenebrarum
3606 1933 3660 1975 et

2084 1995 2344 2064 caliginis.
2380 1996 2500 2049 Post
2531 1992 2641 2048 hrcc
2667 2002 2846 2048 autem
2879 1994 3025 2061 (quid
3058 1993 3196 2045 enim
3227 1992 3468 2064 pluribus
3498 2008 3660 2064 opor.

2085 2074 2155 2117 tet
2178 2062 2205 2122 ,ί
2231 2065 2441 2129 singula
2481 2081 2661 2117 eorum
2703 2079 3004 2132 percensere
3038 2079 3156 2131 qua'
3197 2062 3466 2130 primariis
3516 2062 3662 2132 urbis

2084 2136 2207 2188 viris
2243 2151 2484 2194 evenere,
2515 2137 2803 2204 pra’sertim
2842 2150 2958 2185 cum
2983 2132 3206 2204 auribus
3237 2133 3393 2204 ipsis,
3430 2146 3507 2204 ine
3533 2131 3662 2204 dunt

2086 2206 2277 2258 animis
2324 2202 2593 2258 horrorem
2636 2204 2941 2258 incutiant?
2976 2203 3205 2271 lnclytas
3249 2202 3535 2269 patricius,
3569 2203 3663 2268 qui

2085 2291 2139 2327 se
2168 2276 2223 2327 in
2260 2291 2432 2329 arcem
2470 2275 2754 2341 quamdam
2792 2282 3088 2340 receperat,
3124 2273 3375 2339 postridie
3408 2287 3512 2323 una
3541 2287 3663 2323 cum

2084 2347 2418 2413 septuaginta
2449 2340 2570 2398 viris
2605 2347 2747 2398 vivus
2775 2344 3001 2413 capitur,
3037 2352 3194 2413 atque
3225 2351 3408 2399 octavo
3444 2340 3515 2413 ab
3536 2341 3664 2392 urbe

2087 2411 2389 2484 expugnata
2414 2414 2517 2473 die,
2543 2414 2758 2481 capitali
2779 2412 3033 2481 supplicio
3063 2411 3334 2484 plectitur:
3365 2411 3515 2473 Quod
3542 2413 3665 2484 qui:

2087 2481 2202 2536 dem
2229 2481 2374 2554 adeo
2418 2485 2617 2539 excelso
2662 2485 2888 2554 fortique
2936 2485 3115 2554 animo
3160 2482 3374 2554 pertulit
3393 2519 3421 2554 ,Α
3440 2489 3493 2531 ut
3518 2481 3663 2554 nihil

2086 2553 2309 2615 humile,
2350 2554 2479 2608 nihil
2511 2572 2607 2608 sua
2638 2551 2936 2607 constantia
2976 2552 3251 2618 indignum
3278 2551 3570 2609 admiserit,
3599 2566 3665 2603 ne

2090 2623 2197 2675 leve
2226 2624 2433 2692 quidem
2467 2624 2718 2678 timidatis
2744 2624 2971 2692 alicujus
2999 2630 3370 2692 argumentum
3398 2630 3666 2692 monstra—-

2087 2690 2247 2753 verit,
2283 2709 2376 2747 nec
2417 2696 2641 2757 mirum,
2671 2690 2891 2763 quando
2913 2700 3070 2763 antea
3109 2691 3257 2744 nullo
3282 2700 3431 2758 pacto
3467 2690 3660 2743 adduci

2087 2765 2254 2832 potuit
2297 2776 2353 2816 ut
2398 2763 2541 2816 urbis
2581 2761 2932 2832 proditionem
2981 2761 3176 2832 salutis
3218 2765 3449 2830 propria:
3493 2776 3662 2832 causa

2088 2831 2321 2900 faceret,
2377 2831 2666 2903 pra’sertim
2717 2850 2835 2887 cum
2889 2831 3179 2901 permultos
3232 2832 3445 2903 haberet
3493 2831 3663 2903 hujus

2088 2898 2290 2956 consilii
2335 2898 2437 2956 non
2486 2905 2789 2971 probatores
2831 2898 3073 2961 tantum.
3110 2918 3296 2971 verum
3332 2901 3375 2954 si
3420 2898 3663 2953 voluisset

2090 2973 2251 3026 etiam
2298 2970 2656 3028 administros.
2694 2973 2796 3030 Ille
2844 2989 2964 3027 vero
3004 2970 3193 3027 maluit
3234 2987 3351 3024 cum
3395 2974 3665 3023 honestate

2091 3052 2313 3096 mortem
2342 3054 2607 3113 oppetere,
2637 3053 2695 3097 ut
2718 3060 2901 3099 eorum
2923 3044 3009 3107 qui
3038 3059 3156 3113 cum
3186 3044 3295 3113 ἕως)
3321 3050 3470 3113 errant
3491 3039 3666 3113 saluti

2084 3110 2427 3184 prospiceret,
2454 3124 2611 3183 atque
2632 3132 2793 3169 unum
2824 3130 2918 3184 pro
2938 3112 3127 3184 multis
3157 3113 3224 3164 ad
3255 3110 3449 3184 Christi
3483 3111 3666 3184 imita-

2092 3180 2286 3235 tionem
2317 3192 2475 3252 caput
2499 3180 2721 3252 objicere
2746 3180 2976 3253 periculo
3008 3188 3331 3251 (quanquam
3359 3180 3451 3232 hoc
3490 3182 3663 3253 horni-

2091 3253 2333 3306 cidarum
2384 3250 2600 3308 animos
2656 3250 2754 3309 ad'
2788 3250 3294 3308 commiserationem
3354 3250 3666 3315 neutiquam

2093 3323 2271 3395 ﬂexit)_
2302 3340 2464 3395 quam
2508 3324 2711 3395 aliquid
2755 3323 3024 3395 nobilitate
3046 3340 3145 3395 sua
3176 3323 3452 3395 indignum
3493 3330 3666 3395 mente

2094 3389 2389 3464 complecti.
2417 3394 2578 3464 Cujus
2596 3389 2775 3449 "animi
2802 3394 3125 3463 magnitudo,
3162 3389 3317 3464 atque
3342 3389 3410 3443 ad
3437 3390 3666 3464 subeun-

2093 3462 2219 3534 dum
2258 3460 2571 3534 supplicium
2616 3464 2868 3519 alacritas
2892 3460 3008 3531 ipsi
3035 3477 3237 3534 quoque
3279 3460 3435 3512 Busa:
3469 3460 3666 3534 Andra:

2093 3531 2508 3603 Chagebis'filio,
2542 3537 2631 3602 qui
2666 3536 2845 3589 mortis
2885 3541 3069 3603 auctor
3094 3532 3213 3603 fuit,
3250 3546 3456 3599 magna:
3492 3533 3666 3603 admi—

2094 3599 2289 3674 rationi
2319 3599 2487 3673 fuere.
2527 3599 2719 3659 Verum
2749 3606 2859 3674 ipse
2885 3605 2953 3657 ad
2986 3599 3110 3654 bene
3147 3601 3395 3669 beateque
3430 3599 3666 3652 morien-

2094 3672 2363 3745 dum/line
2382 3676 2479 3730 sibi
2503 3675 2636 3745 talia
2666 3672 2912 3745 prtesidia
2935 3681 3357 3745 comparaverat,
3390 3678 3667 3745 proptereg

2994 3725 3175 3815 mortis
3223 3725 3667 3815 conteinplatior/e

2095 3820 2446 3883 transegerat,
2486 3817 2678 3884 eisque.
2722 3808 2810 3881 qui
2836 3829 3008 3867 secum
3043 3812 3232 3884 obsessi
3273 3808 3664 3884 erant,_viam,

2094 3898 2211 3950 qua:
2237 3879 2379 3936 ducit
2407 3884 2478 3938 ad
2500 3879 2954 3938 immortalitatem
2988 3883 3198 3950 aptimis
3220 3879 3667 3934 cohortationibus

2094 3962 2615 4007 commonstraverat.
2645 3956 2790 4010 Unde
2811 3970 2904 4021 per
2929 3954 3037 4007 hth
3063 3954 3273 4022 pietatis
3300 3951 3465 4022 ojﬁcia
3498 3964 3663 4022 exces-

2094 4037 2213 4075 sum
2242 4024 2362 4078 vita:
2391 4022 2605 4077 minime
2634 4020 2817 4078 habuit
2856 4020 3268 4092 formidandum.
3302 4020 3497 4084 Quibus
3529 4020 3667 4075 enim

2097 4093 2309 4145 assidua
2336 4093 2674 4148 meditatione
2698 4103 2906 4147 cautum
2933 4102 3027 4154 est,
3055 4108 3117 4144 ne
3145 4093 3469 4158 imparatum
3490 4099 3667 4157 pectus

2095 4163 2320 4215 habeant
2354 4169 2424 4216 ad
2456 4164 2563 4217 hazc
2593 4174 2829 4217 extrema
2860 4162 3159 4220 subeunda,
3205 4161 3343 4214 hisce
3382 4175 3486 4211 non
3524 4158 3664 4223 inju-

2096 4233 2267 4285 cunda
2297 4235 2395 4286 erit
2419 4234 2487 4286 ad
2517 4234 2735 4299 caelum,
2766 4250 2884 4288 cum
2913 4231 3210 4300 contigerit,
3241 4229 3665 4300 transmigratio.

2098 4300 2356 4355 Cancrum
2397 4301 2626 4357 Barbari
2667 4307 2723 4358 in
2767 4303 2887 4357 illos
2926 4299 3085 4355 etiam
3121 4316 3249 4368 quas
3283 4315 3401 4351 cum
3443 4299 3667 4366 patricio

2106 4379 2340 4439 teperant
2382 4375 2555 4440 (erant
2587 4383 2764 4428 autem
2798 4388 2976 4427 ontnes
3013 4373 3065 4424 hi
3100 4370 3381 4440 Syracusis
3414 4369 3671 4422 honestis-

418 4455 601 4513 pterea
628 4443 768 4513 quod
793 4456 1143 4513 opportunum
1172 4443 1308 4498 illud
1333 4440 1605 4514 pugnandi
1632 4452 1835 4509 tempus
1858 4440 1992 4514 cives
2027 4462 2068 4513 ι)
2094 4442 2227 4514 simo
2263 4441 2372 4514 loco
2411 4444 2704 4514 nati),cum
2743 4441 3055 4514 quibusdam
3097 4440 3219 4494 aliis
3256 4440 3475 4514 captivis
3513 4448 3667 4514 extra

419 4511 523 4573 non
557 4511 911 4574 testimabant,
931 4516 1202 4584 securique
1227 4511 1643 4584 propugnatores
1670 4513 1786 4584 alia
1812 4511 1989 4562 omnia

422 4601 582 4651 quam
622 4583 691 4638 ad
726 4581 1126 4653 propugnacula
1172 4581 1235 4636 se
1281 4581 1519 4653 conferre
1573 4581 1984 4653 meditabantur.

422 4657 560 4707 Dum
599 4651 972 4724 igitur/tostas
1014 4656 1071 4706 in
1110 4655 1286 4708 urbem
1335 4652 1537 4724 lapides
1577 4652 1894 4724 horrendum
1934 4651 1988 4703 in

422 4722 637 4778 moduni.
669 4723 1049 4786 coniectarent,
1082 4733 1347 4793 totumque
1374 4722 1518 4777 illius
1549 4722 1803 4777 ambitum
1841 4736 1986 4772 com-

420 4794 644 4862 plerent,
669 4794 814 4847 scala
850 4794 1092 4862 quwdam
1123 4793 1295 4863 lignea
1329 4809 1423 4862 per
1449 4809 1609 4860 quam
1633 4800 1990 4863 propugnato—

419 4867 560 4918 ribus
600 4873 714 4918 erat
742 4864 943 4932 pervia,
974 4862 1304 4929 semidiruta,
1338 4863 1498 4916 turris
1529 4862 1857 4932 eﬂringitur»:
1877 4875 1989 4932 quo

422 4935 560 5001 facta
594 4930 776 4989 rumor
802 4934 983 5001 ingens
1009 4944 1220 4986 exortus
1254 4945 1348 4996 est,
1380 4949 1533 5003 quem
1557 4930 1678 4984 cum
1712 4930 1988 4983 audivisset

418 5006 690 5069 patricius,
721 5006 966 5057 continuo
998 5005 1225 5056 surrexit
1263 5006 1566 5070 impransus
1597 5018 1624 5055 e
1656 5016 1856 5057 mensa,
1894 5016 1988 5069 pro

418 5072 565 5128 scala
595 5074 747 5128 valde
774 5074 1028 5127 sollicitus
1061 5075 1247 5127 animi.
1275 5074 1400 5128 Jam
1438 5090 1554 5127 vero
1577 5070 1802 5125 Barbari
1831 5070 1988 5124 simul

420 5144 572 5197 illaut
598 5147 894 5213 disruptum
925 5159 1228 5213 persensere
1256 5147 1467 5213 (quippe
1491 5160 1611 5197 cum
1638 5156 1795 5210 prope
1820 5143 1989 5213 ipsum

422 5214 658 5284 lapidum
687 5210 935 5283 projectio
972 5210 1464 5282 contigisset)‘muro
1498 5230 1689 5282 magna
1722 5226 1840 5284 cam
1868 5210 1988 5264 ala-

420 5282 609 5338 critate
639 5282 992 5354 propinquant
1021 5298 1037 5335 :
1068 5300 1285 5351 cumque
1323 5286 1529 5337 nonnisi
1559 5298 1751 5352 paucos
1784 5282 1837 5354 in
1870 5291 1987 5354 tur-_

422 5354 495 5408 ris
526 5350 766 5424 praesidio
796 5350 987 5424 positos
1017 5350 1303 5422 conspirati
1335 5362 1520 5410 essent.
1555 5350 1644 5406 hos
1679 5353 1885 5419 fortiter
1922 5350 1988 5403 ibi

423 5434 775 5493 repugnantes
813 5426 1280 5487 contrucidarunt,
1321 5426 1457 5477 inter
1500 5441 1626 5493 quos
1670 5424 1988 5493 etiamnerat

421 5490 603 5548 beatus
642 5495 873 5548 Joannes
907 5497 1191 5565 patricius,
1236 5512 1337 5564 quo
1377 5490 1520 5563 facto
1549 5494 1799 5565 libere__in
1836 5490 1987 5543 illam

422 5568 805 5635 consccmlunt,
852 5561 1015 5635 eaque
1055 5561 1263 5617 demum
1306 5561 1455 5634 potiti
1495 5573 1639 5617 sunt.
1695 5561 1987 5635 "movero

424 5632 659 5704 deinceps
694 5637 746 5687 in
777 5630 985 5689 modum
1020 5637 1251 5704 ﬂuminis
1282 5630 1374 5703 per
1407 5645 1572 5687 totam
1604 5635 1781 5686 urbem
1815 5630 1988 5704 (li/[usi

427 5703 496 5775 in,
520 5702 730 5756 illorum
756 5700 1028 5772 conspecta
1052 5700 1337 5758 volitabant
1371 5706 1459 5775 qui
1486 5705 1555 5755 ad
1590 5700 1986 5775 repugnandum

430 5774 595 5827 adhuc
626 5770 1094 5846 congrrgrib..rntur.
1133 5778 1204 5828 Ac
1239 5770 1463 5845 primum
1499 5776 1558 5827 iis
1589 5774 1675 5843 qui
1704 5772 1770 5824 ad
1800 5770 1985 5825 δεῖνα-

2098 4511 2277 4565 urbem
2309 4510 2576 4573 ductos,et
2606 4516 2662 4567 in
2699 4510 2875 4568 orbem
2908 4514 3183 4581 dispositos
3222 4526 3326 4562 uno
3350 4511 3553 4581 impetu
3580 4510 3669 4581 in-

2098 4582 2293 4653 vadunt
2329 4587 2614 4653 agrestium
2650 4600 2841 4638 canum
2866 4585 2938 4653 in
2978 4578 3201 4653 morem,
3241 4587 3290 4653 et
3339 4578 3428 4631 hos
3463 4578 3670 4644 quidem

2099 4650 2390 4718 lapidibus,
2429 4658 2520 4708 hos
2558 4671 2678 4708 vero
2717 4652 2948 4716 baculis,
2985 4650 3117 4705 alios
3154 4651 3348 4709 hastis,
3393 4665 3525 4715 quas
3558 4663 3669 4713 pra'

2098 4721 2336 4794 manibus
2367 4725 2645 4787 habebant,
2676 4724 2930 4794 quosdam
2953 4722 3114 4794 etiam
3141 4720 3529 4794 quibuscunquc
3551 4732 3670 4794 qua:

2094 4807 2148 4843 se
2173 4793 2388 4861 fortuito
2435 4787 2741 4848 obtulissent
2776 4787 3543 4861 instrumentiscrudelissime
3587 4789 3671 4861 in-

2094 4858 2383 4923 sectantes,
2416 4866 2568 4917 morti
2600 4865 2831 4925 dabant,
2861 4874 2909 4916 et
2953 4863 3121 4915 adhuc
3162 4859 3353 4912 animis
3388 4858 3669 4909 intumuis-

2095 4932 2225 5002 sime
2253 4936 2542 4994 sa'vientes,
2572 4938 2757 4988 horum
2796 4949 3016 5002 corpora
3050 4930 3398 5002 combustionc
3428 4927 3671 5002 absume-

2096 5001 2243 5054 baut.
2297 5003 2401 5057 Nec
2448 5021 2567 5057 vero
2618 5004 2826 5058 silentio
2878 4996 3152 5071 prwteribo
3202 4996 3402 5071 qualia
3435 4996 3667 5071 barbara

2095 5072 2425 5127 crudtlitatis
2473 5074 2713 5143 exempla
2754 5076 2809 5127 in
2851 5066 3091 5127 Nicetam
3141 5066 3483 5143 exercuerit”.
3533 5066 3668 5143 liful

2095 5143 2176 5194 hic
2212 5146 2478 5214 Tarsensis
2517 5137 2740 5214 genere,
2779 5154 2937 5213 atque
2972 5145 3026 5194 in
3069 5157 3123 5193 re
3163 5138 3382 5214 militari
3426 5137 3667 5204 apprime

2096 5213 2365 5275 eruditus,
2426 5224 2473 5266 et
2517 5207 2797 5276 strenuus,
2847 5207 2937 5282 qui
2988 5207 3391 5280 oppugnationis
3434 5215 3666 5282 tempore

2095 5282 2308 5348 impium
2350 5284 2695 5337 Mahamctem
2739 5276 2876 5351 apud
2917 5276 3037 5335 eam
3058 5276 3335 5352 "nationem
3381 5276 3665 5352 propheta-

2097 5344 2213 5403 rum
2236 5355 2702 5407 eminentissimum
2728 5344 2961 5407 hiibitum
2991 5349 3281 5403 maledictis
3309 5344 3665 5413 compluribus

2095 5423 2325 5487 quotidie
2354 5424 2738 5491 proscindebat.
2775 5421 2929 5475 Hunc
2958 5422 3020 5474 ab
3050 5418 3532 5491 interﬁciendorum
3559 5431 3659 5466 nu-

2098 5485 2238 5543 inero
2278 5485 2573 5546 sevocatum
2620 5495 2765 5545 humi
2814 5491 3127 5544 reclinantes
3162 5488 3410 5556 supinum
3456 5485 3661 5554 (tuam,

2102 5559 2257 5623 Deus,
2289 5566 2616 5617 aementiam
2638 5562 2884 5632 imploro)
2908 5563 3115 5613 thorace
3137 5555 3353 5626 pectoris
3386 5556 3454 5608 ad
3472 5555 3660 5632 pubem

2095 5645 2253 5697 osque
2282 5635 2447 5685 virum
2478 5626 2895 5697 decm'ticarunt,
2928 5632 3086 5699 effusa
3120 5645 3238 5682 vero
3266 5644 3357 5696 per
3383 5626 3660 5699 sectionem

2095 5696 2289 5754 viscera
2324 5706 2487 5756 contis
2518 5703 2871 5756 dilaniabant.
2913 5696 2990 5755 Ad
3028 5704 3134 5753 huc
3163 5716 3250 5752 cor
3284 5714 3452 5756 ipsum
3490 5696 3660 5748 mani-

2099 5774 2186 5823 bus
2214 5772 2449 5835 avulsum
2486 5773 2547 5827 ab
2570 5776 2774 5842 homine
2801 5773 2969 5839 adhuc
2996 5772 3229 5827 suirautc
3255 5767 3530 5837 vlttSqttam
3562 5767 3662 5818 im-
