3978 6256
346 318 415 382 51
1658 319 2060 380 ANNALIUM
2098 322 2242 384 LIB.
2286 324 2440 382 XVI.
3534 292 3619 387 58'

344 431 594 501 εῑρηται,
626 427 971 498 ἑξυπηρέτδι,
1006 418 1161 490 οὗτος
1189 428 1218 481 ὁ
1245 427 1499 497 βασιλεὺς
1539 428 1915 497 συγκατῆλθεν

2019 430 2128 485 Cur
2158 431 2597 501 Tlicolihilitzom
2632 433 2935 502 principem
2978 433 3599 503 illustrcmmtimpera‘

343 522 544 592 ἐκεινῳ
558 522 636 584 εἰς
655 519 1081 587 Πελοπόννησον,
1100 520 1189 573 καὶ
1206 521 1286 584 εἰς
1304 520 1500 591 τδνιτοῦ
1524 520 1680 589 ἁγίου
1698 523 1928 573 ἀπεστά-

344 613 440 669 λου
473 614 738 685 Ἀνδρέου
758 614 883 669 ναὸν
903 614 1119 684 εἰσῆλθε
1140 615 1237 669 σὺν
1252 614 1329 686 τῷ
1354 616 1525 686 κυρίῳ
1552 611 1862 669 αὐτοῦ,ἾΙν
1878 615 1923 668 δ’

2034 524 2248 578 toribus
2270 534 2562 594 cognatum
2601 542 2780 594 neque
2810 527 3053 587 ailoquio
3090 542 3267 593 neque
3295 525 3403 578 ulla
3426 524 3602 579 ollieio

2032 616 2291 686 dignatus
2323 626 2496 684 esset,
2517 619 2831 673 ministrum
2858 633 2990 673 vero
3016 619 3135 688 ejus
3163 618 3360 671 atratus
3373 627 3518 671 esset
3545 628 3603 671 ct

1513 753 1712 815 Varia:
1740 753 2049 815 lectiones
2089 761 2152 815 et
2196 763 2387 816 notio.

340 883 575 954 inaniter
597 881 837 936 dentibus
865 884 1180 939 mandebant
1210 887 1459 951 primum,
1496 893 1677 954 postea
1716 885 1784 939 ad
1812 892 1920 936 ter-

346 969 465 1006 rant
494 951 737 1025 allisum,
772 955 1096 1025 petitumque
1133 956 1416 1025 lapidibus,
1452 951 1559 1009 tum
1589 957 1800 1008 demum
1831 971 1921 1008 ex-

338 1024 573 1094 saturati
612 1021 958 1094 reliquerunt.
1009 1021 1204 1078 Verum
1243 1026 1305 1077 de
1340 1027 1419 1079 his
1463 1025 1621 1079 alias.
1659 1025 1771 1094 Ego
1801 1041 1921 1079 vero

341 1094 434 1163 qui
467 1092 590 1161 jam
618 1093 808 1165 iterum
845 1110 964 1147 cum
997 1096 1236 1164 episcOpo
1276 1099 1331 1148 in
1371 1098 1603 1165 gratiam
1638 1092 1922 1165 redieram,

341 1173 505 1234 atque
533 1164 591 1215 in
618 1164 863 1234 episcopii
899 1166 1092 1233 templo
1125 1183 1232 1219 una
1265 1163 1381 1218 eum
1414 1169 1528 1234 ipso
1551 1168 1706 1218 statis
1736 1163 1923 1233 pra‘cio

341 1232 437 1286 bus
476 1236 611 1287 hora
648 1232 803 1286 sexta
852 1232 1068 1301 operam
1116 1236 1337 1299 dabam,
1377 1232 1565 1289 turrim
1602 1253 1634 1287 a
1674 1235 1927 1291 Barbarie

339 1312 702 1373 expugnatam
731 1305 944 1357 auribus
979 1306 1108 1373 cepi,
1141 1322 1260 1357 cum
1292 1307 1360 1358 ad
1389 1306 1548 1371 ﬁnem
1584 1307 1773 1357 cantici
1802 1323 1925 1359 ven-

340 1383 455 1446 tum
484 1382 638 1426 esset.
669 1372 783 1446 Quo
813 1377 999 1446 nuntio
1028 1372 1130 1446 non
1161 1377 1439 1429 mediocris
1467 1378 1566 1446 fuit
1594 1376 1922 1431 audientium

340 1444 540 1513 animis
564 1459 726 1512 pavor
750 1445 991 1511 injectus.
1026 1444 1234 1497 Etenim
1261 1447 1445 1513 quidni
1467 1444 1762 1500 timendum
1792 1458 1924 1502 esset

337 1512 677 1569 incruentas
703 1514 925 1567 hostium
948 1532 1135 1568 manus
1160 1512 1281 1569 mox
1304 1518 1586 1571 certissime
1607 1518 1926 1573 incursuris?

338 1584 581 1655 animum
615 1592 790 1636 tamen
825 1586 1186 1653 quoquomodo
1222 1587 1548 1655 recipientes.
1589 1587 1717 1638 dum
1750 1588 1924 1642 adhuc

337 1654 515 1707 hostes
547 1662 671 1727 ante
702 1663 1032 1727 prospectum
1066 1658 1251 1727 templi
1283 1654 1335 1709 in
1368 1657 1723 1727 deprcedando
1753 1668 1924 1711 essent

335 1725 614 1796 occupati,
644 1725 771 1796 nudi
799 1741 862 1777 ac
912 1725 1191 1779 verecundi
1209 1795 1213 1796 ν
1234 1724 1444 1796 (quippe
1473 1728 1722 1779 detractis
1753 1729 1923 1781 omni-

2016 894 2180 949 runt,
2231 888 2370 938 urbis
2419 886 2621 940 excidio
2672 903 2777 939 una
2822 903 3000 939 omnes
3053 885 3405 941 contrucidati
3452 892 3595 943 sunt.

2020 954 2142 1009 Dies
2201 958 2271 1009 ibi
2321 957 2537 1023 triginta
2588 956 3019 1025 complerimus':
3070 969 3341 1024 propterea
3390 970 3491 1021 quo
3533 954 3602 1007 ad

2022 1026 2388 1094 Syracusanos
2430 1029 2739 1080 munitiones
2776 1026 3094 1079 amoliendas
3139 1028 3191 1079 id
3223 1025 3470 1094 temporis
3503 1037 3596 1075 vo-

2020 1096 2230 1149 luerunt
2285 1105 2668 1165 consumptum.
2738 1095 2841 1149 Per
2890 1099 3030 1149 idem
3074 1099 3305 1164 spatium
3362 1112 3423 1149 ea
3477 1108 3598 1162 qua:

2020 1167 2166 1218 intra
2216 1183 2487 1220 murorum
2545 1169 2805 1219 ambitum
2857 1166 3290 1229 cvntinebantur,
3345 1165 3596 1218 incendiis

2022 1237 2297 1306 absumpta
2329 1244 2469 1289 sunt.
2515 1235 2698 1306 Capta)
2731 1253 2848 1289 vero
2887 1238 3078 1302 pra'da:
3108 1236 3276 1304 spolia
3313 1243 3386 1306 tot
3429 1236 3594 1306 fuere,

2023 1305 2260 1376 tantique
2300 1308 2486 1375 pretii,
2517 1305 3017 1378 utejushsubducta
3054 1308 3191 1358 ratio
3228 1305 3426 1378 millies
3455 1305 3599 1357 mille

2022 1373 2307 1429 nummum
2330 1388 2536 1441 reperta
2569 1373 2675 1433 sit.
2710 1375 2832 1430 Non
2882 1373 3047 1429 multo
3085 1386 3200 1444 post
3240 1378 3339 1428 iter
3391 1373 3601 1426 Panor-

2024 1463 2167 1499 mum
2218 1462 2397 1500 uersus
2445 1449 2712 1516 aggressi.
2756 1449 2893 1514 quod
2943 1463 3034 1500 sex
3070 1451 3276 1501 dierum
3306 1444 3599 1516 intervallo

2022 1517 2366 1585 perfecimus,
2414 1515 2543 1571 vecti
2577 1517 2833 1585 jumentis
2881 1518 3105 1585 ferendis
3148 1515 3387 1569 oneribus
3436 1518 3597 1585 natis.

2024 1582 2369 1639 Abduxerunt
2412 1603 2532 1641 vero
2575 1582 2800 1639 immi:es
2844 1582 3085 1657 efferique
3122 1587 3409 1657 zEthiopes.
3455 1583 3601 1657 Tan-

2021 1657 2140 1708 dem
2196 1658 2399 1710 diurnis
2460 1657 2704 1717 aestibus,
2761 1655 3126 1725 nocturnisque
3176 1656 3462 1727 frigoribus
3514 1655 3602 1709 di-

2021 1727 2215 1789 vexati,
2243 1727 2327 1780 die
2352 1729 2592 1797 septimo.
2615 1743 2736 1781 cum
2768 1728 3002 1797 interdiu
3022 1738 3278 1796 noctuque
3308 1729 3407 1780 iter
3430 1728 3603 1794 facere

336 1792 434 1847 bus
461 1792 588 1867 aliis
614 1794 929 1867 indumentis
953 1806 1148 1857 pra’ter
1175 1792 1277 1849 illa
1294 1792 1409 1867 qm
1434 1812 1496 1849 ex
1520 1799 1658 1849 corio
1685 1797 1919 1865 confecta
1955 1805 1993 1857 Β
2024 1812 2126 1848 non
2182 1796 2363 1865 fuisset
2408 1792 2637 1867 desitum
2659 1837 2673 1859 ,
2728 1813 2769 1848 Cl
2788 1796 3121 1851 lcberrimam
3164 1792 3456 1866 civibusque
3498 1797 3603 1861 fre-

336 1864 822 1932 gestabamus),ad
871 1865 1047 1919 altare
1092 1866 1216 1919 tedis
1267 1864 1514 1919 maxima:
1560 1883 1674 1920 cum
1719 1867 1917 1923 duobus

338 1932 461 1987 aliis
489 1933 695 1987 clericis
728 1934 1067 2003 perfugimus.
1109 1934 1460 1990 Consueverat
1493 1937 1562 1989 ad
1592 1938 1729 1990 hanc
1761 1954 1917 1992 aram

336 2003 673 2077 beatissimus
704 2003 866 2077 Pater
899 2004 1075 2077 Deum,
1096 2007 1291 2060 iratum
1325 2005 1635 2070 conciliare,
1667 2023 1918 2077 Opemque

336 2073 465 2138 ipsis
503 2092 600 2144 pro
640 2075 752 2145 suis
791 2074 915 2143 ﬁliis
947 2076 1261 2144 implorare,
1296 2094 1358 2130 ac
1392 2077 1495 2131 voti
1535 2073 1745 2145 compos
1774 2073 1917 2145 fieri;

338 2159 446 2210 qua
472 2146 527 2197 in
555 2161 612 2197 re
636 2144 786 2198 illum
813 2148 1149 2213 experientiae
1172 2147 1447 2214 mirificum
1469 2147 1754 2215 sa’pissime
1777 2144 1919 2200 com-

339 2216 622 2281 probavit:
661 2227 965 2283 quanquam
1000 2216 1054 2267 id
1088 2219 1334 2280 temporis
1382 2232 1579 2269 arcano
1621 2217 1917 2272 diuinorum

337 2285 660 2349 judiciorum
688 2284 905 2338 consilio
934 2301 1110 2353 preces
1133 2287 1245 2353 ejus
1273 2290 1483 2354 rejectis
1512 2288 1745 2355 fuerant.
1783 2287 1917 2342 Cum

338 2369 462 2420 ergo
512 2357 569 2409 in
619 2357 697 2408 his
747 2372 973 2408 essemus
1020 2357 1268 2421 periculis
1311 2358 1612 2419 constituti,
1664 2356 1804 2410 alter
1850 2360 1915 2413 ab

341 2423 510 2496 altero
541 2427 587 2478 si
624 2426 748 2495 quid
778 2436 1054 2496 peccatum
1081 2435 1231 2492 esset,
1262 2430 1465 2481 veniam
1493 2426 1814 2496 petebamus,
1854 2444 1917 2482 ac

338 2495 565 2547 vicissim
622 2494 969 2548 donabamus.
1031 2494 1134 2549 Deo
1190 2512 1308 2550 vero
1365 2494 1552 2566 gratia!
1600 2498 1914 2561 agebantur.

340 2568 480 2631 quod
528 2567 633 2618 ista
674 2582 767 2618 nos
819 2567 1015 2632 perpeti
1064 2565 1388 2621 decrevisset.
1440 2565 1566 2620 Jam
1619 2581 1742 2619 vero
1788 2570 1915 2623 dum

340 2638 615 2702 episcopus
661 2636 846 2705 angelo
879 2636 1094 2689 tutelari
1123 2654 1277 2690 suam
1319 2636 1608 2690 Ecclesium
1651 2652 1917 2699 commen-

341 2711 515 2769 daret,
568 2714 617 2757 ει
652 2706 844 2759 adsunt
888 2706 1146 2775 extemplo
1192 2709 1363 2761 hostes
1405 2707 1654 2760 districtis
1701 2707 1914 2776 gladiis,

338 2776 706 2847 sanguineque
743 2776 993 2842 perfusis,
1028 2779 1117 2844 qui
1149 2794 1241 2846 per
1275 2786 1436 2830 totam
1468 2777 1632 2830 cedem
1665 2787 1915 2847 vagantes

342 2844 479 2899 alius
522 2844 630 2899 alto
669 2849 1036 2916 deﬂectebant,
1079 2844 1301 2916 quorum
1340 2864 1474 2900 unus
1521 2864 1554 2900 α
1596 2844 1914 2916 circumfusa

342 2916 684 2969 multitudine
711 2919 974 2985 digressus
1006 2934 1217 2971 sacrum
1252 2917 1425 2971 altare
1454 2918 1586 2980 adit,
1623 2918 1792 2981 ibique
1823 2936 1915 2974 nos

340 2986 479 3058 inter
510 2991 769 3058 sedemet
801 3003 948 3039 uram
989 2985 1260 3040 latitantes
1293 2988 1503 3058 offendit
1523 3028 1536 3047 ,
1575 2992 1917 3057 comprehen-

341 3055 553 3123 ditque,
600 3056 733 3109 nihil
777 3066 948 3109 tamen
997 3058 1283 3110 barbarum
1325 3055 1380 3111 in
1430 3076 1521 3112 nos
1562 3067 1636 3110 est
1683 3055 1912 3124 molitus,

2022 1876 2265 1934 quentem
2304 1869 2478 1919 urbem
2522 1866 2877 1919 Panhormum
2911 1867 3131 1935 ingrcssi
3159 1884 3361 1922 sumus.
3393 1867 3599 1919 obviam

2021 1936 2175 2004 factis
2203 1935 2346 1988 nobis
2378 1936 2558 1988 urbem
2586 1936 3014 2004 ingredientibus.
3050 1936 3392 2005 popularibus
3422 1937 3513 2003 qui
3534 1942 3597 1988 ob

2023 2006 2265 2058 laetitiam
2296 2007 2468 2075 effusi,
2510 2007 2732 2073 epinicia
2783 2006 3161 2070 concinebant;
3193 2008 3424 2075 dumque
3453 2022 3595 2073 pra:-

2022 2077 2117 2127 das
2159 2077 2212 2128 in
2254 2078 2433 2130 urbem
2479 2078 2695 2128 victores
2748 2077 3036 2143 importare
3072 2079 3334 2135 viderent.
3380 2075 3597 2129 Pa'anis

2020 2147 2307 2215 faustisque
2336 2144 2803 2199 acclamationibus
2836 2146 3181 2215 excipiebant.
3221 2144 3345 2199 lam
3379 2162 3499 2198 vero
3537 2146 3593 2198 in

2018 2218 2198 2268 urbem
2223 2216 2538 2277 sccedentes,
2576 2224 2688 2267 tum
2720 2216 2928 2267 demum
2957 2219 3306 2285 comperimus
3334 2231 3598 2268 convena-

2021 2300 2153 2356 rum
2189 2302 2251 2339 ac
2292 2288 2482 2340 civium
2527 2285 2925 2356 multitudinem
2963 2284 3125 2356 juxta
3178 2289 3379 2356 famam
3429 2284 3596 2347 illius,

2022 2355 2255 2427 nihilque
2286 2358 2549 2427 imparem
2579 2355 2817 2423 Opinioni
2848 2355 3039 2410 nostra:
3073 2356 3253 2422 fuisse.
3289 2355 3426 2410 Illuc
3456 2358 3597 2410 enim

2020 2427 2317 2498 universum
2352 2427 2743 2480 Saracenorum
2776 2441 2938 2495 genus
2972 2428 3287 2498 confluxisse
3319 2435 3531 2498 putares
3563 2445 3600 2480 ιι

2017 2495 2142 2550 solis
2188 2508 2306 2550 ortu
2360 2505 2407 2549 ct
2461 2512 2681 2556 occasu,
2726 2500 2790 2549 ab
2845 2495 3089 2563 aquilone
3147 2508 3195 2551 et
3244 2498 3409 2560 mari,
3434 2497 3597 2563 juxta

2019 2565 2302 2622 beatissimi
2340 2567 2554 2620 Davidis
2583 2574 2890 2636 consuetum
2922 2566 3165 2636 loquendi
3189 2582 3407 2620 morem.
3448 2565 3597 2620 Unde

2019 2637 2077 2690 in
2108 2647 2262 2695 tanta
2288 2637 2627 2692 incolentium
2662 2635 3260 2708 colluvieicoangustati,
3294 2640 3347 2690 in
3376 2639 3598 2692 circuitu

2019 2708 2153 2760 ardes
2183 2717 2385 2761 struere
2413 2716 2571 2777 atque
2608 2707 2847 2761 habitare
2874 2707 3199 2777 inccrperunt
3231 2708 3360 2761 adeo
3389 2718 3442 2760 ut
3476 2724 3597 2775 pcr-

2019 2782 2213 2832 multas
2244 2780 2545 2843 adjacentes
2573 2778 2722 2829 urbes
2749 2777 3038 2844 posuerint,
3072 2780 3365 2847 primariw,
3398 2779 3443 2830 si
3482 2778 3597 2846 quis

2018 2847 2207 2912 vellet,
2250 2850 2319 2901 ad
2354 2848 2774 2917 ,oppugnana'um
2822 2856 2871 2900 et
2914 2850 3316 2917 repugnandum
3363 2863 3465 2901 non
3494 2849 3600 2900 im-

2018 2934 2193 2987 pares.
2224 2922 2359 2973 Cum
2384 2920 2567 2987 igitur,
2590 2929 2645 2972 ut
2673 2917 2843 2970 dicere
2871 2919 3094 2980 institui,
3125 2920 3597 2989 nequissimaqurbs

2019 2990 2254 3043 omnium
2279 2991 2554 3049 potiretur.
2577 2989 2937 3051 contarchum,
2965 2989 3173 3057 imperii
3200 2987 3388 3042 nomen
3414 2987 3468 3041 id
3497 2999 3596 3053 est,

2018 3061 2102 3111 sui
2135 3060 2360 3112 nominis
2409 3057 2709 3111 celebritate
2754 3058 3059 3128 neutiquam
3107 3060 3324 3128 dignum
3368 3060 3594 3127 putavit,

342 3142 526 3207 nempe
557 3127 668 3210 fleo
700 3143 791 3179 cor
818 3128 979 3210 ipsius
1007 3127 1344 3210 aliquatenus
1377 3128 1749 3210 permulcente,
1786 3132 1917 3183 nihil
1938 3147 1984 3210 ρ
2021 3130 2196 3210 donec
2220 3145 2316 3210 nos
2342 3129 2435 3183 sub
2471 3130 2663 3208 jugum
2697 3129 2944 3210 mitteret.
2986 3127 3128 3210 Quin
3165 3127 3214 3210 et
3242 3146 3298 3183 se
3330 3135 3596 3210 [acturum

341 3198 661 3280 iracundum
677 3200 850 3280 sonuit
877 3206 968 3251 aut
995 3200 1199 3262 minax,
1222 3199 1373 3280 uultu
1394 3200 1463 3252 ad
1483 3210 1739 3252 terrorem
1768 3216 1916 3280 cont-
1943 3198 1984 3210 ’⁸
2022 3201 2288 3280 promittit
2329 3210 2405 3280 et_
2422 3202 2798 3280 comminatur,
2842 3208 2914 3280 ut.
2944 3198 3037 3251 abs
3055 3269 3065 3280 _
3085 3216 3142 3280 se
3180 3201 3359 3280 l_onge_
3374 3199 3593 3269 positos,

341 3270 510 3334 posito
530 3306 545 3328 ,
579 3269 817 3335 quamvis
840 3279 986 3339 esset
1023 3285 1144 3322 ense
1172 3269 1369 3321 nudato
1407 3278 1646 3323 armatus
1665 3309 1680 3332 ,
1715 3271 1803 3339 qui
1827 3270 1914 3339 fu-

342 3339 518 3408 mabat
551 3339 725 3391 adhuc
763 3337 995 3392 calidum
1038 3341 1348 3408 sanguinem
1392 3349 1551 3408 atque
1593 3337 1912 3395 distillab'at.

338 3405 392 3460 Is
423 3410 474 3461 in
510 3409 813 3477 episcOpum
844 3409 1087 3473 intuitus,
1122 3405 1186 3462 ab
1213 3409 1305 3461 illo
1338 3405 1498 3479 quam
1528 3417 1663 3462 recte
1693 3426 1914 3477 percon-

341 3487 482 3549 tatus
516 3488 627 3540 est,
671 3482 915 3545 quisnam
952 3493 1104 3538 esset.
1153 3495 1360 3549 remque
1405 3489 1461 3532 ut
1501 3488 1616 3534 erat
1659 3480 1909 3535 edoctus:

345 3547 605 3611 Ubinam,
656 3550 860 3617 inquit,
900 3558 1023 3602 sunt
1068 3547 1298 3604 ecclesia:
1345 3567 1500 3603 sacra
1565 3549 1736 3602 vasa?
1782 3550 1915 3604 Cum

342 3628 519 3673 autem
570 3621 888 3689 cognovisset
931 3620 995 3672 de
1044 3622 1191 3681 loco,
1241 3620 1411 3673 educit
1454 3636 1482 3673 e
1527 3635 1680 3673 sacro
1724 3621 1915 3688 templo

341 3692 637 3759 episcOpum
655 3693 868 3743 scorsim
895 3690 959 3743 ab
985 3693 1130 3743 omni
1157 3690 1452 3743 turbatione
1477 3700 1633 3759 atque
1661 3692 1912 3753 tumultu,

346 3777 541 3831 nosque
598 3777 715 3813 cum
762 3762 872 3828 ipso
936 3771 1194 3831 tanquam
1238 3776 1401 3829 agnos
1430 3776 1606 3831 suum
1646 3772 1913 3828 pastorem

341 3842 636 3899 sequentes.
688 3833 924 3901 Cumque
967 3833 1021 3884 in
1046 3830 1301 3885 sacellum
1337 3830 1438 3892 ,ubi
1484 3831 1712 3896 reposita
1757 3848 1915 3885 sacra

343 3917 468 3954 vasa
512 3901 924 3970 ass_ervabantur
962 3911 1143 3955 nostro
1180 3904 1338 3953 ductu
1379 3901 1729 3970 pervenisset,
1769 3902 1824 3954 in
1856 3918 1914 3955 eo

343 3987 436 4024 nos
485 3966 716 4025 inclusos
759 3972 989 4034 detinet,
1035 3972 1273 4041 idemque
1316 3966 1513 4040 satagit
1556 3971 1632 4022 uti
1685 3973 1915 4040 majores

342 4050 472 4093 natu
528 4044 773 4095 barbara:
831 4043 1060 4095 nationis
1127 4047 1521 4111 quamprimum
1577 4044 1910 4096 conveniant.

344 4112 459 4181 Quo
491 4112 654 4180 facto,
685 4113 749 4164 de
774 4113 919 4165 nobis
947 4113 1089 4176 apud
1111 4113 1249 4181 ipsos
1276 4113 1638 4164 narrationem
1668 4113 1909 4167 instituit.

343 4180 632 4247 Semnoen,
678 4184 735 4236 id
784 4183 920 4235 enim
969 4180 1193 4235 nominis
1228 4189 1341 4235 tum
1381 4181 1465 4235 illi
1504 4181 1766 4245 inditum,
1802 4190 1914 4235 tum

343 4252 501 4305 claris
558 4265 735 4305 ortum
755 4267 864 4305 esse
919 4253 1224 4322 parentibus
1286 4261 1466 4321 postea
1509 4254 1865 4322 comperimus
1892 4267 1912 4306 :

341 4322 493 4390 cujus
517 4322 757 4377 oratione
786 4321 1026 4387 permoti,
1055 4323 1228 4376 dicam
1256 4322 1464 4383 melius,
1494 4321 1599 4375 Deo
1628 4321 1698 4376 ad
1722 4323 1912 4375 bonum

345 4393 539 4446 exitum
580 4394 761 4447 omnia
808 4395 1149 4461 perducente.
1195 4395 1318 4448 bene
1371 4394 1597 4445 animati
1643 4395 1809 4446 hostes
1858 4397 1911 4445 in

2020 3280 2179 3341 atque
2218 3270 2349 3323 adeo
2386 3269 2548 3339 ipsius
2588 3269 2939 3341 imperatricis
2980 3269 3123 3323 urbis
3162 3271 3397 3341 uirosin
3441 3284 3597 3324 suam

2017 3337 2226 3409 redigat
2275 3337 2673 3409 potestatem...
2700 3337 2819 3409 Vilis
2868 3339 2945 3390 ita
2993 3355 3049 3391 se
3095 3340 3437 3402 habentibus,
3479 3349 3598 3402 post

2018 3408 2156 3463 diem
2205 3408 2445 3479 quintum
2487 3408 2557 3479 ad
2595 3408 2852 3472 maiorem
2900 3409 3142 3479 Amiram
3188 3410 3593 3465 introducimur.

2017 3479 2075 3535 Is
2125 3477 2301 3533 autem
2349 3480 2418 3532 ad
2467 3477 2725 3531 solarium
2772 3478 2992 3547 superbe
3036 3480 3092 3533 in
3140 3479 3271 3534 solio
3318 3480 3593 3533 considens

2016 3550 2169 3603 valde
2192 3550 2290 3601 sibi
2330 3564 2394 3602 ex
2423 3548 2701 3619 tyrannica
2734 3556 2987 3615 potestate
3033 3549 3306 3618 placebat,
3350 3556 3398 3600 et
3438 3553 3596 3619 quasi

2017 3619 2238 3674 mantile
2275 3620 2421 3674 nobis
2443 3659 2457 3678 .
2489 3619 2690 3690 ipsique
2722 3620 2949 3690 medium
2986 3634 3299 3689 suspensum
3332 3621 3596 3690 utrimque

2018 3692 2309 3761 aspectibus
2341 3688 2735 3742 obversabatur.
2780 3688 2985 3761 Sis_tunt
3013 3688 3311 3758 episcopum
3341 3688 3595 3744 ministri:

2017 3758 2129 3814 tum
2158 3760 2249 3813 ille
2291 3776 2383 3826 per
2412 3761 2752 3826 interpretem
2781 3774 2799 3812 .'
2844 3758 3035 3819 Tenes.
3065 3762 3271 3823 inquit,
3306 3769 3595 3814 nostratem

2016 3833 2207 3900 orandi
2238 3830 2495 3900 modum?
2527 3828 2773 3893 Minime,
2802 3830 2970 3899 inquit
2999 3833 3418 3899 sapientissimus
3448 3848 3594 3900 pra:-

2014 3901 2123 3954 sul.
2154 3899 2209 3953 Is
2235 3916 2354 3952 vero
2380 3915 2398 3953 .'
2426 3898 2593 3968 Cujus
2616 3901 2691 3950 rei
2723 3898 2938 3970 gratia?
2966 3900 3257 3969 Respondet
3285 3898 3554 3970 episcopus
3573 3915 3593 3953 :

2017 3971 2170 4036 Quod
2203 3986 2439 4024 summus
2469 3984 2560 4039 ego
2594 3971 2840 4022 sacerdos
2885 3969 3080 4025 Christi
3107 3988 3254 4035 sum,
3296 3971 3595 4039 Christique

2013 4057 2286 4095 servorum
2317 4049 2675 4112 mgstagogus,
2704 4040 2769 4093 de
2803 4056 2906 4109 quo
2936 4043 3202 4112 propheta:
3231 4049 3279 4094 et
3302 4042 3437 4111 justi
3461 4040 3595 4094 olim.

2017 4114 2291 4165 vaticinati
2332 4120 2475 4164 sunt.
2506 4110 2626 4163 Non
2652 4119 2810 4173 sunt,
2851 4110 3465 4179 inquit’Amiras.apud
3504 4128 3594 4166 vos

2015 4198 2194 4237 revera
2216 4183 2504 4252 propheta,
2525 4189 2649 4233 sunt
2669 4195 2790 4252 vero
2813 4182 3024 4252 nomine
3049 4196 3067 4233 :
3097 4197 3199 4233 non
3220 4182 3359 4233 enim
3386 4181 3450 4234 ab
3477 4181 3591 4252 illis

2016 4249 2281 4308 alienatus
2315 4249 2427 4305 esse
2454 4250 2516 4303 ob
2561 4260 2679 4303 tuas
2707 4249 3006 4311 doctrinas,
3051 4265 3216 4319 neque
3249 4265 3281 4301 a
3313 4260 3453 4302 recta
3486 4250 3592 4316 [ide

2016 4325 2310 4390 deﬂexisses
2342 4337 2359 4373 :
2395 4322 2451 4373 in
2485 4320 2704 4372 circuitu
2746 4320 2884 4390 enim
2921 4321 3072 4388 impii
3115 4319 3410 4372 ambulant.
3453 4319 3593 4382 Quid

2016 4387 2154 4445 enim
2184 4393 2492 4460 prophetam
2525 4399 2763 4460 nostrum
2800 4387 3135 4458 blasphemiis
3167 4390 3416 4455 impetitis
3456 4406 3545 4443 vos
3566 4393 3595 4446 Γ

344 4478 438 4541 nos
479 4480 589 4517 esse
629 4458 925 4541 ca’perunt,
967 4463 1247 4541 eodemque
1292 4465 1375 4541 die
1414 4478 1570 4541 sacra
1611 4463 1911 4541 .deptazdati
1938 4484 1989 4541 Β
2021 4458 2236 4541 Μὶιιὶιίιρ
2261 4458 2354 4532 nos
2379 4461 2661 4541 praphetas
2689 4458 3134 4541 blasphemamus.
3160 4460 3371 4541 Excipit
3396 4461 3594 4541 episco-

344 4536 520 4593 (eram
549 4531 726 4586 autem
756 4536 866 4587 ha'c
894 4535 1072 4586 omnia
1097 4531 1315 4603 perfecti
1338 4532 1509 4602 operis
1534 4531 1759 4602 quinque
1786 4531 1910 4603 mil-7

344 4603 415 4655 lia
460 4603 726 4656 librarum
769 4604 1045 4672 ponderis)
1089 4608 1321 4674 captivos
1351 4619 1444 4656 nos
1480 4618 1543 4655 ex
1584 4605 1707 4655 urbe
1740 4602 1914 4670 egredi

343 4674 576 4740 fecerunt
602 4690 619 4725 :
651 4675 853 4732 dolore.
882 4682 936 4726 ut
967 4675 1205 4727 omittam
1236 4685 1445 4735 cwtera,
1476 4676 1760 4726 vehementi
1790 4687 1916 4724 con-

342 4743 525 4814 fectos,
555 4755 710 4812 atque
737 4746 806 4797 ad
832 4746 1093 4807 Amiram,
1126 4748 1214 4814 qui
1240 4748 1292 4799 in
1318 4744 1478 4798 veteri
1519 4747 1724 4813 majore
1756 4741 1916 4795 ecclev

340 4813 421 4866 sia
442 4817 751 4868 consederat
777 4816 1147 4868 traduxerunt.
1181 4816 1279 4869 Hic
1298 4824 1469 4867 autem
1494 4815 1549 4866 in
1576 4830 1682 4866 una
1705 4828 1913 4876 earum,

380 4899 464 4954 nec
507 4885 582 4937 ibi
630 4886 1058 4954 reperiebantur,
1108 4902 1320 4939 camera
1363 4885 1632 4937 conclusos
1677 4885 1913 4953 reliquit.

344 4899 464 5007 qua:
507 4899 580 4937 tot
630 4899 1058 4954 reperiebantur,
1108 4902 1320 4939 camera
1363 4899 1632 4937 conctusos
1677 4899 1913 4953 rcttqutt.

376 4953 464 5006 llic
504 4956 822 5007 omnimodis
847 4956 1194 5008 incommodis
1231 4956 1365 5021 afﬁci
1410 4953 1776 5024 corpusculum
1816 4954 1916 5021 fuit

342 5038 542 5095 necesse
565 5040 583 5075 :
624 5041 749 5077 nam
788 5036 833 5077 et
873 5026 1020 5095 gravi
1062 5026 1221 5079 odore
1264 5026 1404 5078 locus
1445 5027 1669 5092 repletus
1707 5033 1811 5083 est.
1841 5038 1902 5075 eo

342 5094 540 5147 scilicet
595 5098 687 5166 qui
737 5112 802 5149 ex
859 5094 1195 5149 naturalibus
1258 5096 1599 5149 exest-mentis
1660 5096 1915 5166 exoritur,

344 5164 616 5219 vermibus
656 5166 815 5219 etiam
867 5169 956 5235 qui
998 5170 1166 5220 solent
1216 5168 1270 5219 in
1319 5168 1454 5218 diem
1492 5164 1817 5237 ingqcraii
1863 5172 1913 5214 et

342 5246 575 5299 scatere,
623 5252 719 5307 nec
756 5232 1139 5307 non—muribus
1192 5247 1440 5290 consueto
1483 5232 1914 5307 ibi'degentibus,

344 5315 451 5357 tum
496 5305 862 5370 pediculorum
907 5304 1177 5370 examine,
1222 5317 1268 5359 et
1304 5309 1569 5364 cimicum.
1600 5317 1644 5357 et
1684 5304 1916 5373 pulicum

346 5378 721 5444 propemodum
749 5378 1050 5431 exercitibus
1076 5379 1359 5431 inhorruit.
1397 5376 1460 5430 Ut
1496 5392 1614 5429 vero
1645 5390 1747 5427 nox
1773 5378 1917 5444 facta

345 5454 438 5509 cst,
473 5447 699 5500 tenebris
734 5447 907 5500 obruti
945 5464 1123 5499 sunms
1161 5449 1252 5501 sub
1289 5456 1479 5500 tectum
1519 5447 1681 5513 ferme
1723 5445 1919 5498 caden-

347 5517 500 5569 tibus.
543 5516 708 5570 Fumo
748 5517 910 5571 etiam
955 5520 1045 5585 qui
1081 5519 1215 5585 forte
1257 5529 1473 5571 externo
1512 5516 1668 5582 ﬁebat
1708 5517 1919 5584 appleta

349 5588 546 5650 domus,
590 5587 683 5657 qui
723 5596 774 5639 et
815 5591 1213 5657 respirationem
1262 5590 1459 5641 miseris
1506 5585 1828 5648 interclusit,
1863 5594 1919 5657 _et

352 5666 555 5728 mutuos
595 5654 834 5728 aspectus
870 5654 1100 5711 maxima
1138 5654 1209 5710 er
1234 5666 1383 5728 parte
1418 5658 1560 5709 nobis
1601 5659 1815 5709 ademit.
1853 5654 1919 5706 In

348 5726 441 5777 hac
470 5728 580 5795 ipse
607 5726 818 5780 camera
851 5745 967 5781 cum
996 5744 1147 5781 sacro
1182 5726 1435 5789 antistite,
1462 5738 1523 5778 et
1556 5728 1723 5779 altera
1753 5744 1781 5779 a
1817 5728 1922 5778 cle-

350 5798 465 5850 r.cis
495 5798 751 5866 fratrilus
789 5800 1008 5868 conject:
1042 5800 1274 5870 fuimus:
1308 5815 1429 5853 nam
1465 5802 1552 5866 qui
1591 5797 1775 5851 relictui
1814 5796 1919 5865 fue-

2015 4550 2111 4602 pus
2135 4546 2152 4583 :
2186 4530 2473 4602 Propterea
2498 4530 2636 4601 quod
2656 4531 2831 4583 nonin
2854 4531 3131 4602 prophetas
3154 4531 3345 4594 invehi,
3371 4531 3465 4583 sed
3495 4547 3595 4599 pro

2017 4604 2142 4670 ipsis
2174 4601 2315 4672 loqui
2352 4602 2731 4671 magniﬁcaque
2764 4601 2961 4653 sentire
2997 4601 3373 4655 eondidicimus
3401 4616 3420 4653 :
3457 4603 3594 4654 hunc

2019 4688 2138 4726 vero
2169 4674 2257 4743 qui
2301 4675 2442 4742 apud
2471 4687 2572 4743 vos
2602 4673 2793 4725 colitur
2826 4672 3153 4740 ignoramus.
3203 4672 3295 4725 llis
3329 4673 3595 4743 responsis

2018 4741 2309 4807 attonitus,
2340 4741 2605 4812 extemplo
2651 4759 2744 4795 nos
2790 4743 2846 4795 in
2881 4758 3143 4797 carcerem
3184 4744 3386 4796 rctrudi
3417 4741 3595 4811 jubet.

2018 4813 2175 4866 Ducti
2200 4814 2568 4867 incedebamus
2592 4815 2764 4866 media
2791 4813 2933 4865 urbis
2963 4813 3143 4883 platea
3170 4815 3226 4866 in
3252 4813 3593 4882 papularium

2018 4897 2291 4948 conspectu
2318 4900 2336 4937 :
2374 4884 2795 4937 Christianorum
2836 4885 3085 4951 permulti
3118 4885 3592 4953 subsequebantur,

2019 4962 2082 5006 de
2122 4965 2297 5008 nostra
2346 4955 2557 5007 miseria
2598 4970 2704 5007 non
2754 4955 2969 5007 obscure
3006 4954 3302 5020 eiulantes,
3355 4968 3447 5006 nec
3488 4968 3595 5006 non

2019 5025 2303 5077 contraria:
2363 5035 2520 5076 scctte
2572 5025 2807 5078 homines
2866 5025 3136 5087 spectandi
3194 5027 3366 5078 studio
3439 5024 3596 5078 exciti

2020 5111 2110 5148 nos
2161 5096 2625 5164 constipaverant.
2671 5095 3106 5164 inquirebautque
3155 5110 3403 5163 quisnam
3463 5104 3597 5151 esset

2019 5165 2387 5218 celeberrimus
2440 5164 2531 5217 ille
2582 5164 2871 5218 Siciliensis
2938 5168 3375 5235 archiepismpus.
3443 5164 3599 5219 "uno

2021 5237 2307 5305 admodum
2342 5234 2591 5305 populum
2622 5237 2904 5299 evasiinus;
2925 5234 3135 5288 tandem
3152 5238 3203 5289 in
3221 5235 3594 5289 demosterium

2022 5304 2435 5377 [δεσμωτήριονς
2510 5306 2856 5374 conjicimur;
2933 5308 2987 5360 id
3054 5314 3232 5359 autem
3288 5307 3448 5377 locus
3514 5312 3594 5357 est

2021 5374 2248 5445 quatuor
2273 5374 2436 5447 supra
2468 5381 2642 5429 decem
2671 5378 2919 5444 gradibus
2948 5380 3249 5445 depressum
3275 5374 3468 5430 habens
3499 5389 3597 5440 ραν

2022 5450 2335 5516 v_imentum,
2379 5449 2523 5515 adeo,
2552 5456 2609 5499 ut
2656 5447 2735 5500 illi
2780 5447 3021 5500 ostiolum
3061 5462 3156 5516 pro
3182 5449 3408 5514 fenestra
3435 5452 3591 5516 esset.

2024 5514 2273 5570 Tenebrae
2304 5520 2387 5569 hic
2419 5513 2573 5570 mera:
2600 5529 2648 5570 et
2680 5518 2991 5586 palpabiles,
3031 5513 3224 5586 lumine
3261 5521 3469 5586 tantum
3507 5513 3593 5586 lu-

2022 5604 2191 5641 cernte
2234 5589 2314 5641 vel
2360 5588 2587 5640 interdiu
2636 5583 2972 5655 ahquatenus
3023 5585 3367 5655 collustratce.
3412 5583 3598 5637 Neuti-

2023 5672 2183 5722 quam
2213 5660 2264 5711 in
2300 5661 2398 5711 ista
2430 5673 2638 5710 carcere
2669 5653 2945 5725 luciferum
2977 5668 3133 5710 mane
3163 5653 3482 5725 exorientem
3513 5658 3596 5724 fas

2025 5739 2097 5781 est
2122 5732 2373 5798 aspicere.
2407 5744 2497 5780 nec
2523 5729 2703 5781 lunam
2730 5724 2903 5780 radios
2929 5728 3268 5798 emittentem.
3297 5724 3597 5798 Corpuscug

2027 5799 2132 5852 lum
2160 5793 2239 5853 hic
2262 5799 2450 5855 a'stieis
2478 5798 2738 5857 caloribus
2761 5810 3059 5865 percussum
3093 5793 3149 5864 (α
3161 5803 3270 5849 stus
3294 5793 3433 5850 enim
3457 5797 3595 5866 erat)
