3978 6256
441 306 513 369 o7
1741 301 2068 362 IOANNIS
2107 300 2428 362 7.0mm
2922 280 2935 289 “
3617 305 3688 368 es

443 430 760 475 revocatum
812 417 1049 487 benigne
1101 415 1451 470 tractandum
1479 416 1713 470 curavit.
1741 414 2013 469 Caeterum

2123 414 2475 483 ποληθέντος,
2508 416 2534 467 6
2586 412 2841 483 βασιλεὺς
2896 405 3050 474 οὗτος
3100 414 3264 467 αὐτὸν
3315 415 3685 471 ἀνεκαίνιςεν.

442 512 612 581 llagio
670 508 1063 580 Lungobardize
1122 508 1255 571 dux,
1322 508 1464 577 regis
1517 507 1761 561 Francia:
1815 505 2012 572 afﬁnis,

388 644 393 648 .
438 603 628 658 audita
658 602 844 656 Basilii
874 610 1071 666 morte,
1103 600 1352 654 Bouiann
1383 596 1591 653 [ledere
1626 597 1865 663 sublato,
1898 614 2016 653 om-

439 711 566 749 nem
615 695 714 748 sibi
750 693 1089 764 provinciam
1135 692 1452 747 vindicavit.
1489 690 1669 756 Quare
1715 690 2015 759 imperator

442 801 646 841 mensze
696 786 1008 855 praefectum
1061 800 1184 840 cmn
1227 782 1676 839 Occidentalibus
1705 781 2015 853 legionibus

440 885 636 931 contra
661 891 787 930 eum
818 874 990 936 misit.
1034 875 1128 944 qui
1156 875 1343 943 praelia
1375 873 1573 932 victus.
1610 872 1726 928 fere
1753 873 2013 930 omnibus

442 983 582 1037 quos
629 966 955 1030 adduxerat,
991 966 1230 1027 amissis,
1285 964 1409 1034 fuga
1457 979 1598 1034 a‘gre
1646 963 1866 1033 elapsus
1907 973 2012 1019 est.

443 1058 724 1127 Stephano
772 1057 1099 1126 patriarchae
1153 1056 1437 1117 defuncto.
1476 1054 1752 1110 Antonius
1807 1071 2015 1126 cogno-

444 1162 629 1205 mento
676 1150 904 1205 Cauleas
944 1148 1227 1203 successit.
1265 1146 1402 1203 Cum
1431 1146 1651 1218 Bulgari
1678 1163 1811 1218 pace
1849 1147 2011 1214 facta,

441 1260 567 1300 cum
604 1243 863 1297 Romanis
897 1241 1225 1296 commercia
1259 1240 1548 1305 baberent,
1579 1248 1636 1294 et
1684 1241 1879 1295 telonm
1906 1241 2016 1295 ini-

443 1352 548 1406 qua
599 1335 667 1389 ab
698 1334 782 1389 eis
814 1334 1102 1403 vectigalia
1138 1334 1421 1403 exigerent
1450 1350 1463 1386 :
1516 1333 1569 1388 id
1600 1332 1856 1404 Symconi
1893 1333 2016 1389 illo-

443 1443 564 1480 rum
586 1426 822 1496 principi
850 1426 958 1495 jam
982 1424 1189 1478 dudum
1219 1424 1566 1479 occasionem
1591 1425 1852 1494 captanti,
1881 1426 2016 1479 satis

442 1534 621 1572 causae
650 1518 828 1571 visum
862 1516 928 1571 ad
956 1517 1160 1571 bellum
1190 1516 1455 1571 Romanis
1502 1516 1877 1571 inferendum.
1906 1517 2015 1573 Sed

445 1594 723 1664 llomanus
753 1608 1032 1664 exercitus
1061 1617 1254 1663 contra
1291 1624 1416 1663 eum
1444 1610 1667 1672 missus,
1695 1609 2013 1675 succubuit,

443 1704 631 1758 multis
658 1703 835 1765 cmsis,
888 1702 1120 1770 ipsoque
1165 1700 1307 1755 duce
1359 1700 1674 1764 interfecto,
1717 1702 1905 1757 multis
1925 1718 2018 1758 ca-

444 1795 571 1863 ptis,
593 1809 730 1863 quos
750 1792 1006 1863 Symeon,
1031 1790 1178 1845 uasis
1200 1789 1463 1858 praecisis.
1488 1790 1802 1860 Byzantiqu
1833 1791 2016 1845 redire

445 1902 636 1957 passus
662 1895 768 1941 est.
799 1886 872 1939 Ea
900 1885 1146 1939 foeditate
1176 1883 1427 1939 irritatus
1453 1886 1777 1956 imperator,
1805 1886 2017 1941 Turcos

445 1981 639 2033 Istrum
674 1977 1006 2041 accolentes,
1049 1977 1143 2047 qui
1179 1985 1236 2030 et
1265 1975 1467 2045 Ungari
1499 1986 1785 2040 vocantur,
1823 1992 2015 2032 mune-

444 2070 598 2123 ribus
650 2069 888 2136 impulit,
941 2080 1002 2121 ut
1054 2067 1318 2137 Bulgaros
1373 2067 1797 2130 ulciscerentur,
1829 2077 1886 2122 et
1916 2083 2017 2137 pro

444 2161 595 2215 virili
660 2160 983 2229 alﬂigerent.
1015 2159 1134 2228 Ipse
1164 2172 1384 2229 quoque
1408 2168 1555 2214 terra
1591 2159 1842 2228 marique
1864 2175 2017 2214 arma

443 2256 651 2311 inferre
678 2254 888 2309 eisdem
914 2263 1088 2323 parat,
1129 2268 1341 2311 summa
1369 2266 1552 2307 rerum
1589 2253 1822 2321 patricio
1855 2253 2016 2308 Nice-

444 2346 623 2416 pboro
658 2345 874 2406 Phocze,
917 2358 1082 2412 quem
1138 2342 1501 2397 domesticum
1549 2342 1821 2411 legionum
1860 2341 2015 2411 177

443 2438 770 2508 designavit,
804 2434 1080 2490 mandata.
1123 2434 1323 2490 Verum
1367 2443 1495 2488 ante
1528 2433 1755 2496 bellum,
1781 2443 2015 2503 quaesto-

447 2544 561 2583 rem
589 2528 657 2582 de
704 2543 836 2598 pace
879 2528 1117 2597 legatum
1165 2525 1233 2580 ad
1263 2524 1592 2597 Symeonem
1618 2521 2017 2591 mittit.,Qnem

446 2622 726 2685 Barbarus
767 2620 895 2676 dolo
935 2620 1127 2675 adesse
1172 2617 1499 2688 suspicatus,
1552 2618 1606 2671 in
1636 2617 1854 2672 vincula
1883 2631 2019 2672 con-

444 2715 646 2785 jectum
679 2711 930 2774 includit,
964 2721 1019 2766 et
1048 2712 1245 2767 Phoca:
1285 2711 1518 2765 resistit.
1561 2708 1680 2776 Quo
1710 2709 1855 2763 bello
1885 2709 2017 2762 dum

445 2813 769 2873 occupatur,
798 2803 1002 2874 Ungari
1022 2805 1142 2874 ejus
1164 2803 1426 2857 ditionem
1456 2802 1812 2871 populantur.
1838 2800 2021 2867 Quare

447 2895 628 2950 Pltoca
671 2894 895 2959 omisso,
941 2905 1132 2949 contra
1180 2894 1304 2948 illos
1355 2892 1747 2963 proficiscitur,
1795 2901 1853 2947 et
1900 2890 2020 2947 acie

447 2999 799 3056 congressus,
827 2991 1143 3053 superatur,
1194 2982 1385 3037 multis
1409 2982 1657 3051 Bulgaris
1687 2981 2018 3047 interfectis,

2120 506 2259 575 Ἤδη
2291 507 2345 558 δὲ
2384 506 2475 558 καὶ
2521 507 2550 559 ό
2605 504 3020 575 Σανταὸπρηνὸς
3048 505 3212 575 ῆχοη.
3272 508 3364 559 καὶ
3401 507 3479 569 εἰς
3529 509 3597 560 τὰ
3630 509 3689 560 ἐν

2115 600 2236 659 ταῖς
2279 599 2491 666 Πηγαῖς
2542 596 2861 668 ἐφρουρεῖτο
2913 596 3180 668 βασίλεια,
3238 597 3370 651 ἔνθα
3410 598 3635 670 πέμψας
3662 602 3690 653 6

2117 689 2392 760 βασιλεὺς,
2426 690 2521 743 καὶ
2554 689 2794 758 ἀφειδῶς
2829 690 2990 743 αὐτὸν
3020 691 3401 760 αἰκισάμενος,
3435 693 3495 744 ἐν
3534 692 3693 762 ’Λθή-

2114 796 2235 841 ναις
2285 780 2577 848 ὑπερόριον
2627 779 2801 835 ἔθετο.
2859 780 2934 832 Οὐ
2988 779 3122 831 πολὺ
3174 780 3232 832 τὸ
3289 781 3346 832 ὲν
3391 781 3540 850 μέσῳ
3595 782 3694 834 καὶ

2115 868 2339 937 πέμξας
2369 869 2504 934 ἐκεῖ,
2537 868 2659 929 τοὺς
2690 867 2856 921 αὑτοῦ
2886 868 3149 938 ἐξέκοψεν
3170 869 3508 941 ὀφθαλμούς.
3530 871 3695 925 Μετὰ

2114 960 2172 1013 δέ
2194 960 2412 1024 πλείους
2436 962 2717 1024 ἐνιαυτοὺς
2740 960 2840 1031 τῆς
2866 961 3168 1032 ὑπερορίας
3200 979 3258 1015 τε
3284 962 3376 1015 τὸν
3404 961 3692 1035 ἄνθρωπον

2114 1056 2453 1124 ἐπανήγαγε,
2480 1054 2575 1108 καὶ⁵
2621 1054 2878 1124 προνοίας
2911 1052 3162 1123 ἠξίωσεν.
3202 1055 3263 1109 Ὀ
3293 1056 3348 1109 δέ
3378 1055 3695 1128 Λογγιόαρο

2113 1143 2233 1207 δίας
2290 1142 2418 1209 δοὺξ
2471 1144 2670 1212 ’Δγίων
2722 1144 2819 1199 τοῦ
2870 1146 3039 1215 ρηγὸς
3092 1146 3373 1215 Φραγγίας
3403 1147 3695 1217 τυγχάνων

2114 1236 2387 1307 γαμϐρὸς,
2416 1238 2540 1291 ἐπεὶ
2566 1236 2659 1289 τὸν
2688 1237 2925 1292 θάνατον
2962 1237 3059 1291 τοῦ
3097 1237 3384 1293 Βασιλείου
3434 1239 3694 1308 ἐπύθετο,

2113 1328 2216 1392 τὰς
2251 1329 2386 1397 πρὸς
2431 1328 2740 1397 Ῥωμαίους
2805 1328 3086 1398 συνθήκας
3150 1331 3410 1399 ἠθέτησε,
3460 1334 3557 1386 καὶ
3592 1332 3694 1404 τὴν

2115 1421 2301 1490 χώραν
2325 1420 2549 1475 ἅπασαν
2572 1421 2912 1492 ᾠκειώσατο.
2941 1421 3032 1475 Διδ
3062 1423 3155 1477 τὸν
3193 1425 3289 1477 ἐπὶ
3318 1425 3419 1494 τῆς
3466 1425 3698 1495 Τραπέ-

2117 1510 2217 1581 ζης
2245 1510 2491 1580 ἔπεμψεν
2519 1513 2546 1565 6
2579 1511 2833 1583 βασιλεὺς
2870 1513 2990 1566 κατ’
3014 1513 3186 1567 αὐτοῦ
3222 1514 3361 1585 μετά
3390 1515 3499 1569 τῶν
3539 1516 3693 1569 δυτι-

2115 1603 2230 1656 κῶν
2279 1605 2598 1673 ταγμάτων,
2654 1604 2713 1669 ὃς
2771 1606 3050 1677 συμμίξας
3094 1607 3242 1676 αὐτῷ
3280 1607 3487 1679 ἡττήθη
3518 1623 3533 1638 ο
3594 1608 3695 1661 καὶ

2117 1697 2324 1758 πάντας
2353 1696 2540 1765 σχεδὸν
2574 1695 2666 1761 οὓς
2700 1698 2937 1767 ἐπήγετο
2979 1699 3309 1762 ἁπεϐάλετο,
3341 1699 3498 1768 μόλις
3528 1700 3695 1762 αὒτδς

2051 1761 2092 1816 Β
2116 1787 2356 1858 διαδράς.
2390 1761 2503 1840 ιἰ⁹οὗ
2560 1788 2618 1841 δὲ
2673 1761 3018 1860 πατριάρχου
3064 1761 3692 1857 Στεφάνου-ἐκλελοιπόέ

2117 1894 2229 1942 τος,
2259 1879 2544 1944 Ἃντώνιος
2577 1880 2995 1952 προκεχείριοτο
3026 1882 3394 1952 πατριάρχης,
3424 1882 3484 1947 ὃς
3537 1885 3693 1937 Καυ-

2119 1969 2247 2032 λέας
2283 1969 2395 2039 (97)
2428 1970 2736 2040 ὼνόμαστο.
2771 1971 2894 2023 Τῶν
2922 1971 2979 2024 δὲ
3017 1971 3348 2044 Βουλγάρων
3375 1974 3688 2028 ἐνσπόνδων

2116 2061 2308 2127 ὄντων,
2342 2065 2437 2117 καὶ
2464 2063 2742 2134 ἐμπορίας
2787 2066 3138 2134 ποιουμένων
3193 2067 3332 2136 μετὰ
3374 2067 3692 2139 Ῥωμαίων,

2116 2154 2168 2206 οἰ
2196 2156 2306 2213 τοῖς
2338 2154 2719 2224 τελωνήμασιν
2747 2155 3057 2225 ἐφεστῶτες
3103 2157 3266 2211 ἄδικα
3296 2159 3494 2221 αὐτοὺς
3548 2160 3692 2213 εἰσέ-

2119 2260 2362 2313 πραττον
2390 2244 2544 2316 τέλη.
2574 2244 2746 2299 Τοῦτο
2771 2245 2850 2317 τῷ
2873 2246 3054 2301 αὐτῶν
3080 2247 3303 2319 ἄρχοντι
3330 2249 3556 2321 Συμεὼν
3596 2250 3695 2305 λα-

2119 2336 2220 2402 ὀὰς
2245 2334 2499 2408 ζητοῦντι
2533 2336 2625 2391 τοῦ
2655 2338 2800 2392 κατὰ
2833 2339 3130 2411 Ῥωμαίων
3159 2342 3398 2412 πόλεμον
3431 2343 3690 2415 ἄρασθαι,

2119 2430 2200 2491 εἰς
2230 2430 2409 2500 μάχης
2440 2431 2719 2501 πρόφασιν
2748 2431 2973 2503 ἢρκεσε.
3008 2433 3118 2487 Καὶ
3165 2433 3348 2503 μέντοι
3376 2437 3470 2489 καὶ
3497 2437 3691 2507 ῆρατο,

2119 2521 2216 2575 καίΙ
2273 2522 2586 2590 Ῥωμαϊκὸν
2637 2524 2786 2596 αὐτῷ
2840 2524 3310 2597 ἀνθοπλισάμενον
3371 2531 3692 2599 στράτευμα

2119 2612 2342 2682 ἥττητο,
2369 2614 2466 2666 καὶ
2500 2615 2685 2667 πολλοὶ
2719 2616 2820 2684 μὲν
2852 2615 3051 2670 ἔπεσον
3098 2619 3210 2672 τῶν
3255 2619 3568 2690 Ῥωμαίων,
3597 2623 3694 2677 καὶ

2120 2708 2149 2760 6
2185 2708 2564 2779 στρατηλάτης
2618 2709 2816 2773 αὐτός’
2849 2710 3038 2765 πολλοὶ
3084 2712 3132 2767 δ’
3172 2712 3443 2777 ἑάλωσαν,
3476 2709 3552 2769 ὦν
3595 2717 3696 2780 τὰς
3771 2732 3774 2737 ‘

2125 2801 2282 2870 ῥῖνάς
2318 2801 2347 2853 6
2380 2799 2609 2870 Συμεὼν
2664 2801 2938 2871 ἐκτεμὼν,
2978 2804 3299 2860 ἐπανελθεῖν
3320 2807 3506 2877 ἀφῆκε
3552 2808 3695 2878 πρὸς

2120 2890 2182 2942 τὸ
2214 2889 2531 2954 Βυζάντιον.
2557 2892 2783 2957 Τούτοις
2808 2894 3189 2967 περιαλγήσας
3221 2900 3249 2951 ὀ
3285 2898 3560 2969 βασιλεὺς,
3590 2899 3698 2954 δώ-

2125 2996 2240 3051 ροις
2274 2983 2400 3044 τοὺς
2431 2982 2713 3054 Τούρκους
2737 2984 2948 3054 ἔπεισε,
2982 2989 3111 3049 τοὺς
3150 2990 3285 3058 περὶ
3316 2990 3411 3045 τὸν
3456 2992 3690 3062 ¹Ἴστρον,

447 3079 700 3151 pluribus
727 3077 921 3147 captis.
951 3076 1185 3148 Symeon
1219 3076 1335 3146 ipse
1382 3076 1467 3130 vix
1500 3075 1870 3137 Dorostolnm,
1900 3089 2019 3145 quae

2121 3072 2170 3127 οἳ
2207 3075 2298 3127 καὶ
2329 3073 2566 3147 Οὖγγροι
2599 3077 2913 3142 καλοῦνται,
2948 3083 3062 3145 τοῖς
3096 3080 3425 3154 Βουλγάροις
3462 3083 3691 3151 ἐπεξελ-

452 3174 659 3228 Dristra
703 3180 788 3226 est
819 3169 1084 3240 confugit.
1132 3167 1390 3239 Captivos
1434 3168 1694 3239 Bulgaros
1721 3167 2019 3238 imperator

2122 3165 2256 3230 θεῖν,
2292 3168 2387 3220 καὶ
2406 3170 2501 3238 ὅση
2534 3168 2765 3238 δύναμις
2793 3173 3046 3226 κακῶσαι
3080 3175 3300 3239 αὐτοὺς,
3323 3176 3420 3230 καὶ
3440 3178 3607 3242 αὐτὸς
3634 3177 3694 3232 δέ

447 3264 516 3319 ab
546 3264 775 3334 Ungaris
798 3261 952 3326 emit,
985 3260 1053 3315 ad
1081 3275 1242 3331 quem
1278 3258 1515 3332 Symeon
1546 3262 1751 3329 legatos
1780 3258 1849 3313 de
1888 3273 2019 3328 pace

2121 3258 2150 3312 6
2175 3257 2453 3327 βασιλεὺς,
2482 3262 2571 3316 διά
2599 3279 2658 3315 τε
2685 3263 2967 3334 θαλάσσης
3000 3266 3096 3319 καὶ
3124 3265 3218 3321 διὰ
3243 3269 3349 3338 γῆς
3380 3269 3687 3340 ἡτοίμαστο

448 3353 616 3417 misit,
652 3351 809 3421 cujus
848 3350 1035 3406 verbis
1066 3350 1179 3405 Leo
1227 3348 1336 3405 ﬁde
1388 3348 1598 3414 habita,
1632 3348 2019 3418 Chaerosphar-

2123 3349 2262 3403 ὅπλα
2292 3353 2513 3421 κινῆσαι
2541 3353 2684 3406 κατὰ
2713 3353 3060 3425 Βουλγάρων.
3083 3355 3161 3427 τῷ
3198 3358 3473 3430 πατρικίῳ
3503 3360 3694 3431 Νικη-

450 3455 560 3501 tem
603 3444 876 3514 ablegavit
918 3441 985 3496 ad
1020 3456 1208 3513 pacem
1245 3440 1578 3496 faciendam.
1609 3437 1717 3495 Sed
1748 3440 2019 3495 Barbarus

2125 3441 2276 3514 φόρῳ
2310 3443 2384 3513 τῷ
2409 3445 2572 3516 Φωκᾷ
2597 3446 2687 3498 τὸν
2711 3444 2831 3499 κατ’
2853 3446 3036 3499 αὐτῶν
3066 3448 3404 3520 ἀναθέμενος
3434 3451 3695 3523 πόλεμον,

445 3553 515 3593 eo
562 3537 788 3592 detento
834 3542 892 3590 et
940 3535 1150 3598 vincto,
1207 3533 1420 3589 Turcos
1464 3533 1685 3598 invasit,
1739 3533 1917 3603 iisque
1966 3530 2019 3587 in

2124 3538 2447 3608 δομέστικον
2486 3537 2596 3590 τῶν
2622 3538 2829 3609 σχολῶν
2876 3541 3041 3593 αὑτὸν
3073 3542 3540 3614 προϐαλλόμενος,
3581 3546 3698 3615 Πρὸ

448 3629 630 3698 fugam
659 3626 851 3691 versis,
882 3635 938 3681 et
959 3627 1104 3697 agris
1143 3641 1333 3681 eorum
1366 3626 1591 3681 vastatis
1614 3668 1629 3689 ,
1657 3626 1828 3680 Leoni
1889 3624 2019 3680 scri-

2123 3629 2220 3683 τοῦ
2246 3629 2485 3699 πολέμου
2515 3631 2571 3685 δὲ
2595 3631 2684 3685 τὸν
2722 3632 3040 3703 κοιαίστορα
3060 3634 3265 3688 στέλλει
3292 3637 3320 3688 6
3343 3638 3699 3709 αὐτοκράτωρ

454 3719 591 3788 psit,
628 3733 686 3773 se
719 3733 843 3773 cum
869 3732 937 3771 eo
969 3731 1158 3786 pacem
1189 3732 1298 3771 non
1336 3717 1630 3783 facturum,
1652 3718 1756 3772 nisi
1781 3721 2019 3789 captivos

2125 3725 2262 3794 πρὸς
2296 3724 2519 3793 Συμεὼν
2548 3725 2676 3794 περὶ
2707 3727 2930 3799 εἰρήνης
2955 3727 3346 3798 πρεσϐεύοντα.
3391 3731 3449 3783 'O
3478 3731 3536 3784 δέ
3561 3732 3702 3802 Βάρ-

364 3835 370 3841 ο
450 3810 712 3880 Bulgarns
759 3806 1055 3876 receperit,
1107 3820 1248 3876 quos
1299 3821 1424 3861 cum
1470 3807 1787 3878 recepisset,
1841 3817 2019 3864 tamen

2127 3816 2317 3888 ϐάρος,
2348 3817 2486 3888 δόλῳ
2512 3816 2701 3870 τοῦτον
2727 3819 3074 3889 ὑποτοπήσας
3117 3820 3316 3885 ἐλθεῖν,
3347 3822 3701 3894 καθείργνυσι

452 3916 639 3972 pacem
689 3915 799 3954 non
844 3897 994 3953 fecit.
1048 3897 1219 3968 Igitur
1268 3897 1571 3967 imperator
1619 3898 1921 3954 contractis
1965 3898 2019 3953 in

2125 3910 2217 3962 τὸν
2244 3909 2417 3978 ἄνδρα
2468 3910 2563 3962 καὶ
2597 3910 2811 3977 δεσμεῖ,
2861 3911 2957 3964 καὶ
2989 3912 3068 3983 τῷ
3119 3915 3284 3985 Φωκᾷ
3333 3916 3695 3987 ἀντεμάχετο.

455 4010 624 4048 unum
659 3991 920 4046 omnibus
958 4001 1014 4046 et
1058 3990 1435 4045 Orientalibus
1474 3999 1532 4046 et
1578 3990 2019 4048 Occidentalibus

2125 4001 2368 4055 Ἐκείνου
2400 4002 2456 4055 δὲ
2492 4001 2623 4071 περὶ
2651 4002 2840 4055 τοῦτον
2869 4004 3296 4073 ἀσχολουμένου,
3331 4007 3381 4058 οἰ
3414 4005 3695 4077 Οΰγγαροι

457 4086 781 4156 legionibus,
834 4093 1023 4140 contra
1076 4082 1338 4153 Bulgaros
1367 4098 1500 4139 usus
1520 4092 1642 4140 est:
1686 4100 1808 4154 quae
1842 4094 2019 4141 tamen

2126 4091 2225 4163 τὴν
2254 4092 2437 4164 χώραν
2467 4093 2634 4146 αὐτοῦ
2668 4094 2975 4164 ἐληϊσαντο.
3011 4096 3098 4149 Διὸ
3126 4097 3220 4149 τὸν
3261 4099 3455 4152 Φωκᾶν
3499 4099 3694 4167 λιπὼν,

455 4191 580 4231 cum
634 4176 901 4249 Symcone
953 4190 1282 4246 congressae,
1336 4176 1768 4231 succubuerunt.
1819 4177 2019 4234 Deinde

2128 4185 2247 4239 κατ’
2265 4186 2490 4238 ἐκείνων
2508 4184 2822 4256 ἐξώρμησε,
2846 4189 2941 4239 καὶ
2961 4205 3024 4238 συ
3032 4187 3253 4256 μϐπιλὼν
3267 4190 3452 4250 αὐτοῖς
3472 4192 3695 4263 ἥττητο,

454 4282 580 4321 cum
637 4267 693 4321 in
739 4267 885 4338 agris
917 4263 1245 4335 quibusdam
1274 4264 1433 4328 Zoes,
1459 4265 1677 4320 Zautzis
1709 4266 1852 4331 tiliae,
1889 4282 2019 4322 con-

2128 4277 2365 4339 πολλῶνκ
2411 4279 2511 4349 μὲν
2554 4279 2877 4347 σφαγέντων
2931 4279 3282 4351 Βουλγάρων,
3334 4283 3600 4337 πλειόνων
3653 4286 3696 4340 δ’

455 4358 745 4414 suetudine
776 4367 1045 4421 uteretur,
1078 4355 1291 4411 insidiis
1316 4371 1346 4410 a
1388 4357 1717 4427 quibusdam
1748 4368 1835 4414 est
1862 4374 2019 4429 appe-

2130 4370 2386 4437 ἁλόντων,
2425 4370 2589 4425 αὐτοῦ
2622 4371 2681 4425 δέ
2709 4373 2804 4425 τοῦ
2841 4372 3067 4442 Συμεὼν
3100 4374 3254 4444 μόλις
3287 4377 3345 4429 ἐν
3391 4379 3701 4450 Δοροστόλῳ

460 4450 594 4504 titus
621 4467 637 4505 :
663 4464 797 4518 quas
823 4464 947 4503 cum
979 4450 1087 4507 Zoe
1114 4466 1181 4506 ex
1217 4465 1499 4503 murmure
1520 4450 2019 4517 animadvertisset,

2129 4432 2419 4533 φυγόντος,
2454 4463 2614 4516 τοῦτο
2650 4462 2696 4517 δ’
2729 4465 2763 4535 ἡ
2795 4432 3037 4535 Δρίστρα
3065 4432 3202 4521 ἐστί.
3234 4432 3393 4531 ⁷Τοὺς
3422 4432 3479 4520 δ’,
3500 4432 3702 4539 αἰχμαί-

456 4555 522 4595 ac
563 4542 953 4625 imperatorem
995 4540 1362 4594 dormientem
1403 4538 1721 4604 excitasset,
1758 4541 1941 4596 statim
1970 4541 2019 4596 in

2128 4529 2336 4619 λώτους
2364 4554 2709 4627 Βουλγάρους
2795 4529 3049 4626 βασιλεὺς
3098 4557 3249 4627 παρὰ
3278 4529 3386 4613 τῶν
3437 4529 3701 4631 Οὕγγρων

458 4631 660 4700 regiam
692 4646 972 4695 reversus,
1003 4633 1251 4696 evitavit,
1301 4632 1658 4699 eamdemque
1690 4632 1836 4687 Zoen
1865 4633 2019 4703 paulo

2130 4645 2386 4718 ἐπρίατο,
2419 4648 2516 4699 καὶ
2554 4649 2582 4700 6
2612 4645 2838 4716 Συμεὼν
2877 4649 3007 4718 περὶ
3059 4648 3289 4720 εἰρήνης
3326 4648 3561 4706 ἱκέτευε.
3594 4655 3703 4708 Καὶ

459 4732 586 4793 post
618 4722 985 4792 impcratricis
1031 4726 1427 4794 'l‘bephanonis
1454 4726 1694 4789 obitum,
1726 4725 2019 4794 Augustam

2130 4738 2432 4802 πιστεύσας
2455 4738 2570 4801 τοῖς
2600 4738 2781 4803 λόγοις
2803 4738 3019 4792 ἐκείνου
3047 4740 3077 4792 6
3122 4739 3404 4811 βασιλεὺς,
3451 4743 3540 4797 τὸν
3572 4745 3704 4798 Xo:-

457 4818 793 4887 appellavit,
854 4831 912 4875 et
981 4818 1190 4874 dudum
1256 4820 1666 4884 concubinam,
1732 4818 2032 4888 legitimam

458 4924 684 4963 uxorem
716 4910 892 4966 duxit.
920 4911 1122 4966 Verum
1152 4911 1337 4966 brevis
1360 4912 1450 4965 illa
1489 4911 1723 4967 felicitas
1746 4912 1868 4965 fuit.
1895 4911 2030 4965 Nam

459 5016 585 5057 cum
643 5019 845 5057 annum
902 5020 1073 5060 unum
1129 5016 1186 5061 et
1239 5014 1365 5060 octo
1425 5020 1643 5061 menses
1689 5006 1743 5059 in
1798 5003 2032 5074 imperio

462 5092 708 5158 vixisset,
767 5094 925 5148 obiit.
984 5096 1126 5150 Sunt
1177 5107 1234 5152 et
1279 5096 1399 5150 alia:
1453 5095 1667 5151 insidiae
1714 5096 2030 5166 imperatori

462 5189 747 5252 nuntiatae,
780 5206 919 5261 quas
957 5191 1178 5247 Zautzis
1208 5192 1600 5258 consobrinus,
1632 5192 1868 5247 Basilius
1914 5192 2039 5246 Pec-

461 5293 544 5339 tes
588 5286 860 5342 struebat.
931 5286 983 5341 ls
1024 5302 1285 5342 arcanum
1335 5300 1461 5342 cum
1506 5285 1750 5353 Spadone
1803 5284 2038 5340 Samona

460 5376 905 5441 communicavit,
956 5391 1119 5432 uuem
1165 5376 1525 5450 jurejurando
1575 5376 1730 5448 prius
1759 5375 2036 5448 adegerat,

2135 4830 2448 4901 ροσφάκτην
2498 4829 2791 4883 ἀπέστειλε
2840 4832 3077 4895 σπονδὰς
3130 4833 3524 4905 ποιησόμενον,
3575 4836 3633 4890 ὃν
3679 4839 3708 4890 6

2137 4918 2422 4989 Βάρὸαρος
2478 4921 2714 4993 κατέσχε
2752 4939 2810 4976 τε
2849 4925 2944 4978 καὶ
3005 4925 3328 4997 ἐδέσμησεν.
3383 4928 3554 4993 Αὐτὸς
3596 4933 3710 4994 τοῖς

2140 5011 2405 5084 Τούρκοις
2462 5013 2686 5083 ἐπῆλθε,
2722 5018 2815 5069 καὶ
2854 5018 3122 5087 ἐτρέψατὸ
3169 5037 3228 5073 τε
3273 5021 3495 5088 αὐτοὺς,
3522 5023 3616 5075 καὶ
3637 5027 3703 5094 τῇ

2130 5101 2286 5173 χώρᾳ⁴
2316 5102 2466 5171 σφῶν
2501 5104 2831 5176 ἐλυμήνατο.
2882 5103 3017 5160 Εἶτα
3046 5109 3335 5164 ἐπέστειλε
3399 5113 3475 5183 τῷ
3512 5116 3704 5168 Λέοντι

2136 5194 2210 5264 μὴ
2238 5194 2304 5247 ἄν
2331 5212 2459 5247 ποτε
2512 5197 2863 5264 σπείσασθαι,
2917 5201 2966 5253 sl
3021 5202 3097 5271 μὴ
3145 5205 3273 5267 τοὺς
3325 5204 3707 5276 αἰχμαλώτους

2135 5284 2480 5355 Βουλγάρους
2500 5286 2733 5357 λήψοιτο
2770 5291 3033 5362 πρότερον
3057 5308 3072 5322 ·
3121 5297 3214 5349 καὶ
3242 5297 3467 5361 τούτους
3502 5299 3706 5362 λαϐὼν,

2135 5378 2238 5431 οὐκ
2266 5378 2584 5436 ἐσπείσατο.
2625 5380 2684 5436 '0
2716 5382 2846 5450 γοῦν
2878 5383 3132 5454 βασιλεὺς
3178 5391 3291 5454 τοῖς
3327 5392 3572 5462 τάγμασι
3599 5397 3712 5456 τοῖς

1628 5536 1820 5599 νοτία)
1860 5535 2169 5600 lectiones
2212 5545 2274 5601 et
2313 5546 2503 5606 noue.

438 5660 647 5753 ’ρ’
671 5662 989 5753 ’ένξῴγιος
1060 5667 1366 5753 ganeae.
1399 5666 1571 5740 Cujus
1597 5666 1834 5741 elogium
1897 5666 2019 5723 dese

2121 5669 2189 5724 sit
2240 5670 2584 5742 Niccplmrus
2647 5674 3035 5747 Philosopuus,
3092 5676 3302 5733 editum
3363 5679 3714 5750 aLipomano

466 5725 652 5801 surio,
676 5746 733 5791 et
765 5725 1001 5793 Bolando
1032 5738 1094 5793 l2
1123 5738 1286 5795 Febr.
