3978 6256
488 302 559 365 ῗῦ
1785 288 2051 350 JUANNJ

2154 284 2467 345 ZONAILE
2598 335 2605 342 .
3660 277 3728 342 76

486 412 706 483 cognita
759 407 1072 464 litterarum
1129 402 1441 468 sententia,
1504 398 1880 475 Andronicum
1938 410 2051 450 cun

2170 392 2353 446 δοῦναι
2384 393 2575 462 αὑτήν.
2611 388 2814 443 Τοῦτον
2846 389 2912 458 δὴ
2950 390 3040 444 τὸν
3079 388 3376 460 ’Λγαρηνδν
3407 388 3436 441 ὃ
3482 390 3750 460 Σαμωνᾶς

486 503 745 559 inuuibus
782 500 895 554 suis
931 498 987 551 iu
1021 496 1239 550 vincula
1274 492 1604 563 conjiciunt,
1647 492 1699 547 in
1730 489 1934 559 quibus
1967 488 2059 541 ille

486 596 625 651 ubiit
651 613 664 648 :
697 592 920 664 quidam
955 604 1086 644 vero
1118 602 1185 641 ex
1218 585 1347 651 illis,
1375 583 1617 639 careeris
1643 594 1916 635 aerumnas
1948 593 2058 633 non

484 689 760 751 ferentes,
809 682 970 737 [idem
1020 680 1364 750 abjurarunt.
1414 677 1483 729 At
1525 672 1955 736 Constantinus,
2002 679 2058 726 et

485 776 709 847 quidam
756 788 880 827 cum
935 772 1084 840 ipso,
1137 781 1357 823 carcere
1412 763 1619 833 elapsi,
1669 764 1725 816 iu
1786 762 2061 816 Romanos

485 867 723 931 limites,
778 859 1237 935 persequentibus
1288 855 1553 928 Agareuis
1601 854 1818 909 fortiter
1875 850 2062 921 proﬂi-

484 959 649 1031 gatis,
680 964 997 1013 evaserunt.
1029 952 1167 1006 Eum
1202 950 1502 1019 imperator
1530 956 1591 1004 et
1625 943 1874 1001 hilariter
1903 958 2060 997 exce-

486 1055 596 1124 pit,
628 1062 687 1108 et
718 1047 1003 1122 magniﬁce
1035 1044 1297 1109 donavit,
1340 1052 1396 1097 et
1430 1040 1719 1111 exquisitis
1755 1035 2062 1092 honoribus

484 1145 686 1201 affecit.
722 1138 928 1195 Deinde
953 1137 1118 1193 etiam
1142 1136 1194 1189 ei
1218 1134 1355 1189 dixit
1378 1152 1393 1189 :
1418 1133 1497 1188 Ne
1527 1143 1576 1187 te
1604 1132 1828 1203 decipiat
1849 1144 2058 1193 nomen,

484 1237 849 1295 Constantine,
880 1243 1052 1296 tuum,
1077 1247 1168 1285 nec
1193 1228 1422 1301 putaris,
1444 1243 1503 1281 eo
1524 1228 1665 1298 quod
1684 1224 2059 1282 Constantinus

484 1328 736 1382 Romanis
785 1326 1142 1393 imperaturus
1196 1319 1304 1382 sit,
1360 1325 1410 1369 te
1475 1316 1696 1386 imperio
1743 1315 2057 1385 potiturum;

483 1429 622 1473 certo
670 1418 809 1471 enim
855 1416 1021 1481 scito,
1076 1412 1246 1479 ﬁlium
1295 1412 1434 1464 hunc
1479 1424 1684 1471 meum,
1725 1405 1879 1460 illum
1928 1420 2057 1459 esse.

484 1511 635 1577 Quod
665 1510 711 1564 si
743 1519 797 1562 tu
830 1508 1086 1577 Spartam
1118 1512 1264 1556 tuam
1285 1502 1517 1565 ornaris,
1550 1499 1677 1552 bene
1704 1497 1792 1551 tibi
1826 1498 1922 1550 erit
1934 1513 1953 1561 ,-
1977 1495 2060 1549 sin

480 1604 638 1657 rebus
665 1601 809 1655 nouis
836 1596 1097 1653 studueris
1116 1635 1131 1658 ,
1164 1604 1211 1648 et
1249 1593 1584 1665 tyrannide»:
1618 1591 1878 1661 aﬁ'rctaris
1904 1609 1922 1641 :
1951 1586 2062 1640 noli

482 1694 754 1757 dubitare,
784 1692 908 1762 quin
940 1707 1034 1760 per
1072 1691 1208 1741 hanc
1240 1694 1448 1755 portam
1491 1682 1884 1754 (demonstrata
1914 1678 2063 1735 occi-

2166 483 2703 554 μετακαλεσάμενος,
2736 483 2794 536 ὲν
2824 481 3159 553 ἀπορρήτοις
3191 484 3327 554 φησὶ
3376 481 3511 552 πρὸς
3542 484 3707 536 αὐτόν
3728 499 3742 513 ο

2166 573 2344 640 (ιῖδιις
2371 574 2461 628 ὅτι
2510 575 2617 627 τὸν
2663 573 2916 640 ὄλεθρον
2943 572 3054 640 τῆς
3098 574 3319 641 Συρίας
3352 574 3502 641 ὅλης
3542 577 3745 642 φέρεις

2162 668 2233 722 ἐν
2260 665 2386 732 ταῖς
2414 663 2668 734 χερσίνξ
2704 663 2830 717 Ἵνα
2856 661 3009 731 γοῦν
3038 662 3138 716 καὶ
3171 662 3286 731 τὴν
3310 662 3567 731 πατρίδα
3593 681 3751 731 περι-

2160 761 2372 826 σώσῃς
2422 758 2519 812 καὶ
2576 756 2718 822 τοὺς
2772 754 3095 826 ὁμογενεῖς,
3143 755 3251 808 τὸν
3298 758 3487 824 κηρὸν
3533 756 3746 810 τοῦτον

2160 854 2503 921 ἐγχείρισον
2548 848 2626 915 τῷ
2670 846 2879 917 Οἰνζιξρ.
2930 847 3087 901 Οὕτω
3132 848 3241 919 γὰρ
3279 851 3306 901 6
3348 849 3480 917 παρ’
3510 840 3555 916 ᾧ
3589 843 3658 919 ἧν
3715 848 3743 901 6

2182 942 2519 1011 ’Δνδρόνικος
2569 940 2905 1009 ὠνομάζετο.
2956 938 3012 990 '0
3045 937 3100 990 δὲ
3149 939 3446 1009 πεποῐηκεν
3501 938 3578 1002 ὡς
3641 956 3746 992 πα·

2164 1028 2452 1104 ρήγγελτο,
2482 1031 2576 1084 καὶ
2605 1032 2825 1099 γνόντες
2862 1029 2910 1081 οἱ
2935 1029 3037 1097 τῆς
3067 1030 3247 1099 ’Λγαρ
3269 1028 3365 1100 τὴν
3397 1029 3627 1100 δύναμιν
3648 1030 3745 1100 τῆς

2161 1123 2400 1193 γραφῆς,
2433 1123 2528 1174 καὶ
2564 1120 2655 1172 τὸν
2702 1119 3041 1189 Ἀνδρόνικον
3075 1118 3335 1189 δεσμοῦσι
3386 1119 3480 1172 καὶ
3530 1119 3743 1181 πάντας

2160 1210 2285 1273 τοὺς
2344 1208 2441 1260 σὺν
2488 1207 2658 1277 αὐτῷ.
2706 1209 2763 1260 ’0
2822 1208 2920 1275 μὲν
2972 1201 3067 1260 οὖν
3113 1207 3453 1276 Ἀνδρόνικος
3514 1210 3574 1262 ἐν
3628 1210 3745 1271 τοῖς

2159 1298 2383 1369 δεσμοῖς
2426 1299 2518 1351 τὸν
2555 1297 2669 1368 βίον
2700 1298 2988 1354 κατέλυσε.
3025 1298 3185 1363 Τινὲς
3210 1299 3268 1352 δὲ
3298 1299 3406 1352 τῶν
3435 1300 3534 1353 σὺν
3587 1299 3741 1371 αὐτῷ

2159 1389 2260 1462 τὴν
2306 1391 2372 1443 ὲκ
2417 1388 2525 1441 τῶν
2563 1389 2780 1459 δεσμῶν
2829 1390 2902 1460 μὴ
2951 1389 3278 1460 στέργοντες
3316 1391 3589 1455 κάκωσιν,
3641 1392 3742 1462 τὴν

2161 1483 2346 1535 πίστιν
2380 1482 2592 1535 ἑαυτῶν
2619 1481 2989 1552 ἐξωμόσαντο.
3028 1481 3086 1535 ’0
3119 1482 3174 1535 δὲ
3203 1484 3612 1545 Κωνσταντῖνος
3647 1481 3744 1535 καί

2159 1590 2305 1637 τινες
2334 1573 2443 1627 τῶν
2474 1575 2571 1627 σὺν
2605 1574 2754 1644 αὑτῷ
2797 1573 2898 1643 τῆς
2943 1574 3168 1645 εἱρκτῆς
3218 1574 3552 1643 ἐκφυγόντες
3605 1577 3743 1644 πρὸς

2160 1668 2231 1721 τὰ
2293 1667 2583 1734 Ῥωμαίων
2643 1667 2911 1738 ἀπῄεσαν,
2971 1667 3067 1720 καὶ
3120 1668 3247 1730 τοὺς
3301 1666 3741 1728 καταδιώκοντας

482 1781 685 1836 dentali
715 1752 879 1834 Au'rei
912 1752 1136 1832 triclinii
1170 1752 1348 1845 porta)
1381 1752 1540 1844 caput
1573 1784 1719 1826 tuum
1749 1772 1942 1843 absque
1971 1786 2051 1825 re-

2160 1760 2361 1821 αὖτοὺς
2411 1757 2749 1829 ’Δγαρηνοὺς
2782 1758 3047 1826 γενναίως
3081 1756 3438 1829 τρεψάμενοι,
3471 1756 3743 1827 διεσώηη-

484 1875 625 1942 liquo
651 1886 865 1938 corpore
883 1870 950 1923 sit
977 1870 1345 1930 transiturum,
1381 1867 1435 1920 id
1469 1867 1606 1937 quod
1647 1874 1825 1936 postea
1857 1865 2057 1933 factum

483 1974 580 2018 est.
610 1964 746 2018 Cum
777 1961 1029 2015 Samonas
1060 1968 1217 2030 pater
1241 1974 1365 2013 cum
1397 1957 1729 2028 quibusdam
1758 1956 1882 2011 aliis
1908 1955 2060 2011 Meli-

484 2067 667 2112 tenam
702 2053 963 2113 venisset,
997 2050 1113 2105 viso
1147 2050 1355 2104 honore
1382 2060 1436 2103 et
1461 2047 1740 2118 opulentia
1771 2046 1892 2113 ﬁlii,
1930 2061 2055 2102 cum

479 2161 547 2200 eo
585 2145 767 2199 viv‘erc
818 2141 1014 2195 voluit.
1063 2139 1199 2193 Nam
1270 2140 1567 2207 imperator
1615 2154 1712 2194 eos
1758 2137 2056 2193 honoriﬁce

480 2243 803 2305 exceperat,
842 2244 899 2288 et
933 2241 1125 2288 contra
1158 2246 1320 2300 quam
1362 2229 1612 2292 decebat,
1648 2229 1899 2285 homines
1930 2245 2059 2298 pro-

480 2329 639 2382 fanos
682 2328 733 2379 in
801 2325 1049 2394 Magnam
1112 2322 1409 2378 Eeclcsiam
1456 2322 1853 2377 introduxerat.
1888 2322 1993 2378 Sed
2025 2333 2056 2374 a

482 2420 594 2479 tilio
630 2417 943 2488 prohibitus
985 2424 1090 2479 est,
1125 2415 1411 2479 suadente,
1450 2422 1510 2468 ut
1541 2429 1695 2468 suam
1733 2413 2053 2483 religionem

482 2520 869 2575 conservaret,
908 2521 1073 2577 atque
1112 2508 1167 2562 in
1201 2508 1431 2577 patriam
1473 2515 1875 2570 reverteretur,
1907 2505 2055 2575 quod

481 2612 537 2657 et
589 2602 705 2671 ipse
754 2615 852 2669 per
898 2577 1245 2654 occasionem
1300 2596 1547 2652 facturus
1593 2606 1760 2651 esset.
1806 2596 1867 2650 in
1914 2595 2055 2650 festo

480 2686 834 2745 Pentecostes
862 2687 973 2742 Leo
1007 2686 1176 2741 tilium
1209 2702 1370 2741 suum
1402 2688 1706 2752 coronavit,
1735 2697 1792 2741 et
1823 2686 2057 2755 impera-

483 2786 657 2831 torem
691 2774 1006 2846 appellavit.
1040 2773 1308 2830 Czeternm
1342 2774 1567 2831 odiosus
1596 2774 1750 2845 181
1788 2774 2055 2831 Samonas

478 2869 795 2925 eunuchum
833 2866 1149 2921 ministrum
1180 2882 1341 2922 suum
1374 2866 1817 2927 Constantinum,
1855 2882 1923 2923 ex
1953 2868 2055 2923 Pa-

480 2961 770 3032 phlagonia
804 2959 1131 3023 oriundum,
1165 2958 1400 3014 dominae.
1426 2959 1495 3015 ad
1532 2960 1901 3016 ministerium
1939 2971 2054 3017 tra-

2166 1874 2289 1911 σαν.
2332 1856 2430 1908 Ὃν
2483 1855 2512 1906 6
2558 1852 2812 1924 βασιλεὺς
2867 1851 3085 1918 ὲδέξατό
3140 1868 3199 1904 τε
3258 1852 3594 1923 περιχαρῶς,
3647 1853 3743 1905 καὶ

2160 1950 2483 2015 ἐδεξιώσατο
2514 1946 2975 2018 μεγαλοπρεπῶς,
3007 1945 3101 1998 καὶ
3136 1946 3506 2015 διαφερόντως
3542 1945 3741 2014 ἐτίμη-

2162 2060 2253 2095 σεν
2277 2059 2289 2071 ·
2325 2038 2444 2093 εἶτα
2496 2040 2591 2093 καὶ
2622 2037 2757 2109 πρὸς
2794 2038 2954 2090 αὑτὸν
2988 2036 3090 2107 ἔφη
3121 2054 3136 2068 ⁸
3167 2037 3262 2106 Μὴ
3309 2036 3596 2091 ἀπατήσω
3640 2052 3739 2100 σε,

2157 2130 2596 2197 Κωνσταντῖνε,
2626 2130 2690 2183 τὸ
2720 2129 2930 2197 ὄνομα,
2970 2129 3108 2196 μηδ’
3131 2129 3262 2183 οἵου
3287 2128 3395 2197 τῆς
3418 2128 3741 2195 βασιλείας

2157 2224 2383 2295 τυχεῖν,
2424 2225 2505 2291 ὡς
2546 2223 3009 2278 Κωνσταντίνου
3051 2220 3356 2287 Ῥωμαίων
3398 2222 3741 2292 μέλλοντος

2158 2317 2331 2387 ἄρξαι
2360 2335 2371 2345 ·
2411 2317 2535 2370 tum
2583 2316 2691 2385 γὰρ
2732 2312 2988 2383 ἀκριϐῶς
3027 2313 3242 2368 τοῦτον
3272 2309 3423 2367 εἶναι
3470 2313 3578 2366 τὸν
3602 2314 3742 2367 υἱὲν

2157 2409 2263 2462 τὸν
2290 2408 2455 2479 ἐμόν.
2501 2407 2585 2460 Σὺ
2627 2407 2696 2459 δὲ
2732 2408 2785 2460 εἰ
2829 2405 2942 2477 μὲν
2969 2403 3050 2473 ἦν
3074 2406 3294 2473 ἔλαχες
3325 2404 3605 2473 Σπάρταν
3638 2421 3740 2458 κο-

2156 2499 2348 2569 σμεῖς,
2374 2499 2545 2552 ἔσται
2571 2514 2670 2552 σοι
2696 2493 2787 2553 εὖ·
2812 2501 2863 2552 εὶ
2890 2495 2957 2550 δὲ
2982 2498 3379 2566 νεωτερίσεις,
3399 2496 3498 2551 καὶ
3519 2513 3739 2564 τυρανο

2155 2591 2277 2645 νίδι
2301 2590 2726 2659 ἐπιχειρήσεις,
2753 2590 2875 2643 ἔσω
2912 2591 3171 2655 βεϐαίοις
3191 2588 3361 2655 εἰδὼς
3392 2589 3473 2654 ὡς
3496 2587 3596 2642 διὰ
3625 2585 3737 2656 τῆς

2153 2681 2223 2736 δὲ
2265 2680 2373 2750 τῆς
2410 2683 2613 2749 πύλης
2659 2680 2778 2753 (τὴν
2821 2680 2957 2751 πρὸς
2993 2681 3145 2734 δύσιν
3187 2675 3355 2733 οὖσαν
3396 2678 3489 2733 τοῦ
3521 2680 3739 2750 Χρυσο-

2152 2774 2432 2848 τρικλίνου
2456 2774 2636 2843 δείξας
2668 2772 2839 2843 αὐτῷ)
2872 2773 2910 2841 ή
2946 2771 3182 2841 κεφαλή
3214 2787 3331 2827 σου
3366 2772 3474 2826 τοῦ
3511 2770 3735 2826 λοιποῦ

2154 2868 2431 2937 σώματος
2485 2866 2657 2935 χωρὶς
2719 2864 3150 2933 είσαχθήσεται
3177 2880 3191 2895 ·
3240 2864 3272 2918 δ
3321 2863 3420 2923 καὶ
3484 2861 3734 2932 γέγονεν

2156 2959 2435 3026 ὕστερον.
2478 2959 2574 3012 Ἕκ
2606 2959 2663 3010 δὲ
2704 2958 3012 3029 Μελιτηνῆς
3056 2957 3322 3028 ἐλθόντων
3347 2958 3528 3022 τινῶν,
3555 2959 3613 3011 ὲν
3650 2951 3734 3020 οἷς

479 3052 653 3117 didit,
695 3051 789 3122 qui
829 3065 955 3105 cum
1003 3060 1059 3107 et
1095 3051 1429 3121 imperatrici
1473 3063 1529 3107 et
1578 3052 1680 3124 ipsi
1724 3054 2047 3126 imperatori

2155 3045 2223 3120 ἦν
2267 3052 2358 3104 καὶ
2390 3050 2417 3102 6
2464 3049 2555 3103 τοῦ
2614 3050 2848 3120 Σαμωνᾶ
2891 3049 3095 3121 πατὴρ,
3149 3048 3446 3117 ὑπεδέξατο
3508 3048 3733 3115 τούτους

480 3146 783 3216 percharus
813 3152 993 3209 esset,
1030 3144 1293 3215 profanus
1326 3146 1594 3201 Samonas
1622 3147 1826 3203 invidia
1856 3148 2052 3204 stimu-

478 3238 622 3293 latus
665 3237 816 3291 illum
866 3234 1012 3306 apud
1057 3236 1447 3306 imperatorem
1496 3236 1733 3305 detulit,
1785 3240 1941 3309 quasi
1981 3239 2051 3295 ab

478 3329 825 3401 imperatriee
871 3337 1179 3392 amaretur,
1220 3343 1383 3398 quem
1421 3328 1535 3384 Leo
1573 3345 1641 3386 ex
1678 3332 2047 3399 aemulatione,

479 3439 580 3493 pro
611 3421 882 3477 monacho
916 3419 1153 3486 tonderi,
1197 3437 1296 3475 nec
1324 3422 1496 3477 multo
1532 3431 1657 3493 post
1691 3423 1963 3490 revocari,
1996 3432 2051 3479 et

481 3514 785 3569 mouastico
814 3512 1005 3567 habitu
1036 3524 1201 3567 exuto
1221 3552 1236 3578 ,
1271 3513 1488 3568 civilem
1525 3524 1731 3569 vestem
1771 3528 2050 3569 resumere

474 3606 675 3685 jussit,
723 3620 900 3674 eoque
939 3603 1265 3659 familiarius
1304 3606 1467 3659 etiam
1515 3621 1677 3673 quam
1722 3607 1873 3674 prius
1918 3621 2050 3661 usus

482 3709 584 3754 est.
626 3697 682 3752 Id
722 3696 974 3751 Samonze
1011 3696 1416 3751 intolerabilius
1448 3697 1645 3750 visum.
1682 3696 1851 3751 Curat
1885 3698 2051 3768 igitur

478 3805 578 3860 per
616 3801 839 3841 suorum
884 3786 1207 3856 quemdam,
1252 3785 1499 3841 libellum
1534 3786 1798 3842 conviciis
1828 3789 2047 3856 plenum

478 3879 669 3944 scribi,
703 3893 939 3947 eumque
969 3877 1188 3948 abjicit,
1234 3893 1341 3948 qua
1382 3878 1681 3948 imperator
1714 3880 2049 3937 transiturus

479 3979 600 4028 erat
628 3987 641 4025 ε
675 3986 785 4040 quo
817 3969 862 4025 is
894 3970 1119 4024 invento
1150 3982 1206 4024 et
1233 3971 1398 4035 lecto,
1429 3970 1624 4036 doluit,
1658 3982 2047 4043 auctoremque

480 4060 791 4128 requisivit.
832 4057 986 4113 Unus
1028 4057 1193 4127 igitur
1233 4072 1300 4111 ex
1334 4058 1452 4127 ejus
1502 4058 1581 4112 rei
1627 4058 1899 4121 consciis,
1945 4060 2045 4113 Sa-

477 4166 697 4205 monam
730 4150 919 4219 scripti
954 4159 1231 4205 auctorem
1268 4163 1388 4203 esse
1434 4148 1660 4203 indicat.
1692 4147 1826 4205 Cum
1861 4162 2044 4205 autem

475 4243 698 4312 eclipsis
734 4244 878 4296 lunae
910 4252 1024 4293 tum
1057 4239 1279 4305 fuisset,
1318 4239 1616 4310 imperator
1644 4242 2044 4310 metropolitam

477 4332 820 4404 Synadorum
852 4330 920 4385 de
954 4345 1018 4385 ea
1059 4331 1390 4400 qumsiturus
1418 4332 1686 4396 accersit,
1720 4347 1884 4402 quem
1919 4347 2042 4385 cum

2158 3144 2395 3213 ἐντίμως
2430 3144 2457 3195 6
2510 3141 2782 3211 βασιλεὺς,
2818 3144 2908 3195 καὶ
2939 3143 3020 3205 είς
3070 3143 3170 3212 τὴν
3194 3144 3458 3215 Μεγάλην
3498 3143 3733 3215 Ἐκκλη-

2157 3237 2280 3289 σίαν
2329 3237 2405 3306 μὴ
2440 3236 2667 3298 δεόντως
2715 3235 2985 3298 ἀπίστους
3029 3235 3189 3299 ὄντας
3223 3240 3541 3308 εισήγαγεν.
3585 3236 3731 3292 Ἰδὼν

2153 3327 2210 3382 δὲ
2259 3331 2286 3382 6
2340 3328 2433 3382 τοῦ
2483 3327 2720 3397 Σαμωνᾶ
2756 3327 2960 3398 πατὴρ,
3003 3329 3071 3400 ἢν
3127 3325 3275 3399 εἶχεν
3308 3331 3335 3383 6
3392 3331 3505 3394 υίὸς
3558 3329 3729 3385 αὐτοῦ

2154 3420 2316 3491 τιμὴν
2361 3422 2419 3472 ὲν
2449 3422 2559 3483 τοῖς
2609 3419 2926 3489 βασιλείοις,
2962 3422 3054 3474 καὶ
3088 3421 3179 3475 τὸν
3213 3421 3442 3475 πλοῦτον
3472 3422 3532 3476 ὃν
3574 3439 3731 3493 περι-

2152 3511 2353 3576 έκειτο,
2387 3510 2547 3581 ἤθελε
2593 3512 2902 3577 συνδιάγειν
2941 3513 3112 3583 αὐτῷ.
3159 3513 3437 3585 Ἐκωλύθη
3494 3514 3551 3567 δὲ
3597 3515 3728 3584 παρ’

2152 3603 2383 3666 ἐκείνου,
2411 3603 2508 3673 τὴν
2541 3603 2749 3657 οἰκείαν
2780 3604 3079 3672 θρησκείαν
3107 3607 3295 3675 τηρεῖν
3332 3604 3730 3673 συμϐουλεύον-

2150 3710 2262 3761 τος,
2297 3696 2389 3747 καὶ
2419 3696 2499 3757 είς
2528 3697 2626 3764 τὴν
2663 3694 2901 3765 πατρίδα
2936 3694 3279 3752 ἐπανελθεῖν.
3329 3697 3389 3748 Εἰ
3418 3697 3473 3749 δὲ
3504 3697 3597 3749 καὶ
3626 3698 3729 3749 αὖ·

2150 3788 2261 3852 τὸς,
2304 3787 2430 3857 ἔφη,
2472 3788 2616 3857 τύχω
2651 3787 2869 3856 καιροῦ,
2902 3788 3260 3859 ὕπονοστήσω
3311 3790 3447 3860 πρός
3499 3806 3579 3843 σε.
3613 3789 3726 3858 Τῆς

2148 3880 2197 3933 δ’
2225 3880 2419 3950 ἑορτῆς
2470 3879 2546 3949 (9)
2601 3879 2699 3949 τῆς
2748 3880 3135 3951 Πεντηκοστῆς
3187 3881 3474 3952 ἐνστάσης,
3529 3881 3726 3950 ἔστεφε

2148 3972 2241 4025 τὸν
2289 3972 2403 4024 υἱὸν
2433 3969 2598 4024 αὑτοῦ
2629 3971 2658 4023 6
2697 3970 2974 4041 βασιλεὺς,
3007 3973 3101 4026 καὶ
3129 3973 3504 4043 ἀνηγόρευσεν
3559 3974 3723 4027 αὐτὸν

2150 4065 2397 4138 βασιλέα.
2448 4063 2736 4133 Ἐκτομίαν
2789 4063 2836 4116 δ’
2869 4065 3009 4134 ἔχων
3054 4063 3365 4134 θεράποντα
3397 4064 3427 4116 ὁ
3477 4064 3724 4138 μυσαρδς

2147 4154 2440 4225 Σαμωνᾶς,
2475 4154 2882 4206 Κωνσταντῖνον
2912 4153 3340 4224 ὀνομαζόμενον,
3394 4155 3459 4208 ὲκ
3504 4155 3561 4207 δὲ
3608 4157 3722 4209 Πα-

2150 4242 2447 4312 φλαγονίας
2490 4244 2803 4311 γενόμενον,
2840 4244 2907 4312 τῇ
2941 4242 3198 4315 δεσποίνῃ
3251 4244 3440 4297 τοῦτον
3484 4244 3721 4297 δέδωκεν

2149 4337 2227 4397 εἰς
2259 4332 2579 4401 ὑπηρεσίαν.
2634 4332 2793 4385 Ἐπεὶ
2814 4333 2872 4385 δὲ
2906 4335 2997 4386 καὶ
3025 4337 3088 4405 τῇ
3125 4334 3411 4405 βασιλίσσῃ
3448 4337 3540 4388 καὶ
3568 4335 3719 4407 αὑτῷ

467 4424 743 4478 .Samonas
774 4423 1026 4491 privatim
1055 4422 1123 4477 de
1153 4422 1241 4476 illa
1273 4423 1673 4488 sciscitaretur,
1703 4423 1999 4492 respondet
2024 4442 2036 4476 :

2154 4421 2223 4492 τῷ
2281 4420 2567 4493 κρατοῦντι
2616 4421 2736 4475 λίαν
2788 4423 2817 4476 6
2874 4424 3286 4490 Κωνσταντίνος
3316 4428 3579 4497 ᾠκείωτο,
3638 4432 3721 4494 εἰς

484 4514 654 4568 Tuum
692 4515 1037 4583 infortunium
1080 4516 1345 4583 portendit
1379 4517 1480 4570 ista
1522 4516 1663 4571 luna:
1691 4518 1915 4587 affectio.
1953 4517 2049 4571 Sin

477 4607 677 4659 decima
708 4607 862 4658 tertia
892 4604 1021 4658 Julii
1053 4606 1159 4658 dies
1188 4617 1309 4659 ante
1341 4617 1485 4660 tuam
1519 4609 1878 4663 calamitatem
1911 4624 2051 4679 pra:-

478 4698 677 4750 terierit
705 4712 723 4760 ;
753 4705 800 4750 et
836 4705 894 4750 tu
936 4697 1285 4766 iujortuuiuzn
1326 4698 1559 4753 evitabis.
1600 4701 1806 4756 Deinde
1844 4702 1912 4755 ab
1948 4702 2048 4756 im-

476 4799 731 4858 peratore
765 4804 987 4858 quoque
1038 4789 1412 4860 interrogatus
1450 4792 1791 4863 Synadorum
1824 4796 2044 4863 episco-

474 4895 597 4949 pus,
635 4881 952 4949 respondet,
988 4882 1191 4935 malum
1232 4883 1376 4936 istud
1413 4885 1465 4936 in
1503 4900 1630 4938 eum
1667 4885 1758 4954 qui
1799 4884 2042 4939 essetab

476 4972 572 5026 illo
604 4973 912 5042 proximus,
950 4984 1345 5043 grassaturum.
1390 4975 1689 5045 Imperator
1718 4991 1884 5044 porro
1921 4991 2044 5043 per-

474 5079 663 5117 sonam
710 5064 1009 5132 proximam
1055 5067 1425 5127 Alexandrum
1475 5067 1697 5120 fratrem
1732 5068 2038 5136 judicabat,

473 5151 568 5206 sed
604 5151 779 5207 faiso:
816 5167 939 5207 nam
973 5154 1180 5210 homini
1218 5156 1453 5224 pessimo
1490 5156 1711 5210 tandem
1751 5157 1890 5209 male
1915 5172 2039 5211 esse

473 5245 782 5312 oportebat.
821 5244 929 5299 Leo
972 5246 1164 5316 igitur,
1214 5246 1306 5300 ubi
1345 5247 1599 5314 cognovit
1637 5262 1762 5300 eum
1805 5262 1926 5302 esse
1957 5249 2037 5303 fa-

2146 4513 2447 4584 βασκανίαν
2493 4516 2523 4567 6
2562 4512 2791 4585 βεϐηλὸς
2825 4514 3084 4584 ἠρέθιστο
3130 4516 3419 4585 Σαμωνᾶ;,
3450 4519 3545 4571 καὶ
3581 4520 3720 4588 πρὸς

2142 4607 2235 4659 τὸν
2270 4605 2491 4676 βασιλέα
2544 4608 2803 4659 κατεῖπεν
2832 4608 3022 4673 αὐτοῦ,
3053 4608 3125 4671 ὡς
3157 4610 3437 4678 ἐρωμένου
3466 4614 3530 4681 τῇ
3565 4613 3720 4681 βασι-

2140 4695 2324 4767 λίσσῃ.
2355 4696 2747 4767 Ζηλοτυπήσας
2774 4695 2865 4750 οὖν
2891 4697 2919 4749 ό
2947 4698 3098 4752 Λέων
3130 4701 3481 4772 ἁποκαρῆναι
3525 4701 3717 4757 τοῦτον

2143 4790 2445 4861 προσέταξε
2488 4791 2748 4860 μοναχὸν,
2786 4792 2881 4846 καὶ
2940 4793 3058 4862 μετ’
3093 4794 3155 4847 οὐ
3189 4795 3324 4848 πολύ
3359 4798 3719 4851 ἀνακαλεῖται

2139 4883 2350 4948 τοῦτον,
2396 4884 2490 4935 καὶ
2523 4884 2861 4954 ἀποδυθῆναι
2892 4885 3158 4950 κελεύσας
3182 4889 3250 4940 τὰ
3279 4892 3552 4958 μοναχικὰ
3604 4892 3717 4961 ἄμ-

2141 4990 2259 5040 φια,
2290 4973 2382 5026 καὶ
2413 4975 2682 5047 κοσμικὴν
2716 4976 3111 5044 περιϐαλέσθαι
3150 4979 3363 5050 στολὴν,
3418 4980 3624 5051 μᾶλλον
3679 4983 3713 5054 ἦ

2138 5069 2405 5137 πρότερον
2456 5068 2618 5123 αὺτζν
2677 5068 3016 5139 ᾠκειώσατο.
3072 5072 3187 5125 Οὐκ
3235 5075 3440 5128 ἀνεκτὰ
3494 5073 3543 5127 6’
3573 5076 3715 5146 ἦσαν

2137 5157 2310 5211 ταῦτα
2341 5158 2419 5229 τῷ
2454 5161 2710 5232 Σαμωνᾷ.
2745 5162 2948 5231 Γράφει
2971 5163 3151 5215 τοίνυν
3172 5164 3410 5234 λοίδορόν
3439 5183 3491 5218 τι
3523 5184 3716 5239 γραμμ-

2140 5252 2332 5320 μάτιον
2358 5251 2445 5305 διά
2478 5268 2619 5314 τινος
2646 5253 2754 5306 τῶν
2784 5252 2973 5316 αὑτοῦ,
3008 5254 3101 5306 καὶ
3140 5255 3296 5309 τοῦτο
3345 5256 3529 5327 ῥίπτει
3581 5260 3710 5313 ἔνθα

473 5334 609 5388 mosi
643 5334 816 5393 libelli
857 5348 1174 5403 auctorem,
1223 5347 1279 5392 et
1323 5337 1469 5406 regia
1508 5337 1706 5403 exigit,
1753 5348 1809 5392 et
1852 5356 2034 5395 rasum

2154 5363 2161 5394 ι
2195 5342 2452 5414 βασιλεὺς
2475 5343 2845 5399 διελεύσεσθαι
2882 5345 3125 5415 ἔμελλεν,
3156 5348 3291 5418 ὅπερ
3325 5351 3504 5418 εὑρὼν
3566 5354 3711 5405 ἐκεῖ·

1624 5492 1825 5556 Varim
1868 5496 2169 5561 lectiones
2208 5508 2269 5562 et
2302 5513 2489 5562 uotm.

541 5652 771 5743 (φῇς
913 5653 1389 5743 ἑορτῆς-ξηρῷ
1448 5657 1855 5743 Ρνρῑοερειιιιηε
1914 5663 2066 5743 ligno
2100 5664 2225 5734 913,
2253 5668 2363 5722 ind.
2410 5667 2455 5732 ί,
2505 5675 2789 5722 coronatus
2825 5677 2902 5722 est
2956 5668 3298 5725 Constantius
3362 5671 3705 5743 (Constanti~

468 5724 606 5797 nus)
634 5728 765 5797 imp.
787 5724 930 5793 ﬁlius
955 5727 1189 5796 prtedicti
1215 5725 1422 5795 Leonis,
1447 5730 1536 5797 qui
1560 5724 1795 5800 regnavit
1826 5750 1909 5788 an
1927 5735 2016 5790 47.
