3978 6256
437 387 500 450 91
1656 386 1980 448 JOANNIS
2021 387 2343 447 ZONARE
3617 379 3695 448 εδέ

435 509 744 561 contentus,
778 502 938 570 paulo
975 509 1098 572 post
1127 515 1352 556 uxorem
1382 517 1599 571 quoque
1640 517 1790 556 suam
1829 502 2007 555 Theo-

2125 499 2224 567 τῆς
2257 499 2610 568 ἀναρρήσεως
2643 498 2830 567 ἔτυχεν
2853 514 2865 527 ·
2901 497 3001 550 οὐκ
3042 497 3232 566 ἠγάπα
3261 498 3317 552 δὲ
3348 501 3552 565 ταύτης
3585 517 3675 552 τυ-

436 595 624 649 duram
657 594 983 648 diademate
1011 601 1191 648 ornat.
1243 593 1449 646 Deinde
1474 603 1527 646 el
1558 593 1727 649 lilium
1759 594 2010 647 Christo-

438 688 696 756 phorum,
733 689 1031 748 voluntate,
1063 696 1124 740 ut
1150 687 1322 740 videri
1375 687 1609 750 volebat,
1642 687 2006 752 Constantini,

436 779 531 834 sed
581 795 765 832 revera
819 779 990 833 invito
1043 779 1135 832 illo
1182 786 1238 832 ct
1277 788 1649 847 conquerente
1700 780 1844 849 apud
1891 795 2009 843 eos,

433 869 637 938 quibus
691 869 909 928 tidebat.
949 879 1005 924 et
1034 879 1150 923 acta
1204 870 1294 922 illa
1331 869 1714 932 abominante,
1763 872 2011 939 quamvis

434 959 695 1028 refragari
740 975 846 1012 non
878 960 1124 1012 auderet.
1165 959 1386 1014 Insidiis
1419 976 1556 1029 quas
1587 961 1834 1015 Rornano
1863 962 2008 1016 Aua-

431 1051 632 1105 stasius
676 1051 993 1104 sacellarius
1026 1051 1281 1120 princeps
1324 1053 1744 1121 coniurationis,
1780 1069 1880 1124 pro
1911 1055 2008 1109 de-

2117 593 2228 662 χὼν
2259 591 2444 654 αὐτὸς,
2474 591 2611 644 ἀλλὰ
2643 591 2780 660 μετὰ
2813 589 2991 659 βραχὺ
3028 590 3122 642 καὶ
3146 589 3246 658 τὴν
3276 591 3484 642 οἰκείαν
3511 591 3684 658 ὁμευ-

2114 684 2255 735 νέτιν
2290 684 2388 749 τὴν
2419 681 2699 752 Θεοδώραν
2731 684 2960 734 ταινιοίο
2996 677 3118 734 εἶτα
3147 685 3242 734 καὶ
3271 682 3360 734 τὸν
3391 683 3505 734 υίδν
3550 685 3688 752 Χρι-

2121 778 2405 844 στοφὸρον,
2438 773 2760 843 προαιρέσει
2794 773 2892 841 μὲν
2929 771 3008 840 τῷ
3039 773 3217 824 δοκεῖν
3252 771 3342 823 τοῦ
3388 773 3683 824 Κωνσταν-

2110 867 2285 930 τίνου,
2320 868 2386 934 τῇ
2433 865 2478 917 δ’
2528 863 2756 932 ἀληθείᾳ
2815 863 3161 932 βιαζομένου,
3215 863 3579 932 ἁσχάλλοντός
3627 881 3681 914 τε

2111 959 2249 1028 πρὸς
2286 958 2378 1018 οὓς
2435 957 2680 1026 ἐθάρρει,
2738 957 2832 1008 καὶ
2878 957 2934 1006 ὲν
2989 956 3245 1025 συμφορᾷ
3293 955 3579 1023 τιθεμένου
3615 956 3685 1008 τὰ

2113 1052 2481 1120 πραττόμενα,
2518 1051 2594 1119 μὴ
2627 1048 2957 1119 θαρροῦντος
2991 1049 3048 1101 δὲ
3079 1050 3350 1118 ἀντερεῖν.
3423 1049 3682 1102 Ἐπιϐου-

431 1142 685 1196 fensioue
735 1143 922 1210 utique
951 1142 1296 1196 Constantini
1349 1154 1591 1212 pararat,
1625 1145 2003 1214 deprehensis,

2109 1137 2208 1206 λῆς
2246 1137 2301 1189 δὲ
2335 1136 2477 1189 κατὰ
2509 1135 2602 1188 τοῦ
2644 1133 2932 1205 Ῥωμανοῦ
2969 1136 3292 1204 γενομένης,
3321 1131 3387 1206 ἦς
3420 1140 3448 1188 6
3481 1140 3677 1189 σακε).-

430 1235 661 1298 conseii,
696 1235 964 1288 arbitratu
1012 1233 1260 1298 Romani,
1295 1236 1470 1304 puniti
1501 1247 1648 1302 sunt,
1689 1238 2009 1292 sacellarius

432 1333 663 1388 tonsus,
707 1340 881 1392 eaque
945 1325 1194 1380 Romano
1249 1326 1465 1381 occasio
1511 1327 1614 1382 fuit
1661 1329 2006 1384 Constantini

431 1413 572 1467 inl‘ra
599 1429 658 1467 se
699 1414 1038 1479 collocandi,
1086 1432 1210 1469 cum
1239 1416 1286 1470 is
1321 1417 1585 1472 hactenus
1624 1419 1677 1472 in
1707 1420 2009 1489 proclama-

431 1504 675 1558 tionibus
701 1513 756 1558 et
781 1505 1204 1560 salutationibus
1238 1506 1476 1576 priorem
1504 1509 1686 1562 locum
1717 1511 2002 1565 tenuisset.

427 1592 675 1661 Ctunque
703 1593 938 1663 Symeon
966 1597 1270 1649 exercitum
1301 1608 1489 1651 contra
1517 1598 1706 1654 urbem
1735 1602 2003 1660 misisset:

428 1685 707 1741 Romanus
751 1701 970 1756 quoque
1022 1687 1223 1742 milites
1268 1689 1344 1742 illi
1394 1692 1670 1760 Opposuit,
1705 1707 1773 1746 ne
1810 1692 2006 1747 subur-

427 1773 583 1831 bana:
619 1777 969 1832 ammnitates
999 1778 1067 1832 ab
1099 1779 1256 1833 hoste
1295 1791 1660 1840 vastarentur.
1698 1784 1847 1849 Quos
1879 1801 2002 1840 cum

427 1863 642 1934 Bulgari
674 1866 910 1935 aggressi
946 1877 1152 1930 essent,
1188 1870 1342 1924 multi
1373 1872 1538 1927 etiam
1567 1888 1630 1926 ex
1665 1875 2006 1944 principibus

425 1955 767 2020 ceciderunt,
824 1956 1026 2011 milites
1064 1961 1261 2027 partim
1293 1963 1360 2014 ad
1406 1973 1798 2030 praetereuntes
1843 1968 2004 2022 trire-

426 2059 542 2100 mes
588 2046 929 2110 festinantes,
957 2049 1012 2103 in
1049 2066 1200 2105 mare
1245 2054 1480 2124 prolapsi
1509 2070 1537 2108 a
1567 2055 1823 2113 ﬂuctibus
1860 2059 2006 2114 fere-

425 2135 647 2201 bantur,
682 2138 881 2205 partim
912 2138 981 2191 ab
1019 2140 1270 2196 hostibus
1315 2142 1638 2206 interibant,
1670 2147 1869 2216 partim
1897 2149 2005 2204 vivi

425 2229 805 2296 capiebantur.
844 2229 1092 2286 Romano
1139 2233 1384 2287 exercitu
1415 2236 1482 2288 ad
1523 2238 1690 2308 chas
1730 2240 1810 2295 sic
1852 2257 2007 2297 acce-

425 2329 543 2389 pto,
591 2321 806 2390 Bulgari
853 2326 1055 2394 regiam
1106 2326 1252 2381 illius
1285 2327 1390 2382 loci
1437 2343 1776 2397 crcmarunt,
1807 2345 1864 2390 et
1907 2353 2006 2390 cae-

430 2422 547 2467 tera
592 2429 713 2482 quae
741 2415 794 2469 in
822 2431 889 2470 eo
916 2417 1102 2473 littore
1142 2428 1268 2475 sunt
1293 2437 1323 2474 e
1353 2422 1573 2492 regione
1618 2426 1791 2490 urbis,
1838 2428 2008 2483 inter-

419 2505 635 2574 jacente
690 2507 848 2563 freto.
915 2509 1126 2565 Mortua
1191 2512 1420 2568 Romani
1493 2532 1660 2573 uxore
1717 2518 2004 2574 Theodora

424 2597 666 2664 Augusta
734 2596 1084 2667 imperatoris
1133 2600 1518 2664 Christophori
1590 2622 1728 2661 uxor
1801 2609 2006 2679 SOphia

425 2679 684 2757 Augusta:
729 2705 927 2744 nomen
976 2692 1210 2762 accepit.
1247 2694 1317 2748 At
1345 2695 1701 2767 Bulgarorum
1748 2701 2007 2772 princeps

427 2777 687 2849 Symeon,
721 2780 905 2836 denuo
932 2783 1346 2853 Adrianopolim
1383 2788 1637 2843 obsedit:
1670 2805 1848 2860 neque
1873 2808 2006 2848 sane

426 2870 725 2940 quidquam
760 2873 1056 2938 effecisset,
1107 2877 1211 2931 nisi
1257 2878 1402 2934 cives
1437 2890 1745 2937 commeatu
1776 2885 2011 2942 destitu-

427 2971 534 3028 tos,
579 2971 635 3017 et
664 2965 990 3034 semetipsos
1017 2976 1073 3022 et
1115 2969 1308 3023 urbem
1361 2969 1502 3026 hosti
1551 2972 1778 3040 dedere,
1832 2975 2006 3035 fames

425 3053 714 3122 coegisset.
755 3055 910 3110 Tunc
959 3057 1124 3111 etiam
1167 3058 1278 3114 Leo
1313 3059 1684 3130 Tripolitanus
1732 3081 1856 3120 cum
1903 3084 2004 3122 na-

424 3143 637 3198 valibus
686 3145 862 3214 copiis
933 3147 1210 3203 Romanos
1276 3149 1478 3207 invasit

426 3233 684 3289 Romana:
725 3236 872 3290 circa
920 3236 1188 3292 Lemnum
1229 3239 1463 3296 insulam
1496 3244 1578 3300 eis
1613 3245 1828 3301 obviam
1879 3265 2004 3318 pro-

423 3323 602 3391 fectae,
636 3325 916 3395 Agarenos
949 3343 1089 3396 pene
1114 3345 1308 3386 omnes
1355 3333 1699 3400 occiderunt,
1729 3353 2004 3408 navesque

424 3414 826 3484 demerserunt,
875 3412 1141 3489 Tripblita
1178 3439 1320 3493 aegre
1356 3425 1480 3494 fuga
1523 3425 1732 3497 elapso.
1767 3429 2004 3500 Symeon

424 3521 557 3562 vero
607 3509 979 3566 Macedoniam
1007 3523 1064 3568 et
1091 3515 1380 3571 Thraciam
1429 3533 1557 3574 cum
1604 3521 1812 3592 ingenti
1844 3537 2006 3580 εδει-ι

425 3597 538 3651 citu
575 3599 911 3662 devastatus,
957 3605 1022 3657 ad
1071 3607 1264 3660 urbem
1314 3610 1616 3677 profectus,
1669 3628 1839 3683 prope
1884 3614 2008 3670 Bla-

424 3685 662 3743 chernas
698 3692 898 3748 castris
929 3696 1140 3763 positis,
1179 3699 1514 3769 colloquium
1563 3703 1793 3759 Romani
1836 3706 2006 3776 impe-

426 3779 625 3834 ratoris
673 3782 852 3849 petiit,
885 3786 976 3851 qui
1009 3800 1131 3839 cum
1159 3789 1224 3841 ah
1251 3805 1318 3844 eo
1352 3807 1461 3845 non
1495 3793 1844 3858 abhorreret,
1881 3813 2005 3851 cum

424 3871 601 3926 classe
635 3873 701 3928 ad
736 3873 998 3930 Cosmidii
1038 3879 1191 3935 littus
1225 3881 1384 3948 abiit,
1434 3887 1739 3956 eodemque
1770 3889 2008 3959 Symeon

427 3976 554 4016 cum
590 3964 706 4018 suis
748 3966 925 4032 copiis
977 3969 1168 4023 venit:
1205 3973 1368 4042 189
1401 3984 1458 4028 et
1488 3976 1632 4030 inter
1663 3992 1720 4032 se
1749 3979 2008 4035 collocuti

427 4062 578 4108 sunt.
621 4055 727 4110 Sed
769 4060 1021 4126 quamvis
1074 4061 1355 4118 Romanus
1410 4066 1667 4134 Symeoni
1723 4072 2008 4140 magnifica

425 4147 692 4213 dedisset,
733 4151 901 4205 rebus
936 4151 1154 4210 infectis
1201 4156 1598 4224 discesserunt,
1650 4161 1703 4215 id
1733 4162 1879 4231 quod
1912 4179 2010 4233 par

424 4239 732 4309 aquilarum
785 4242 1096 4313 signiﬁcare
1145 4246 1460 4314 videbatur,
1517 4266 1656 4318 quas
1711 4267 1877 4322 supra
1912 4269 2012 4310 eos

428 4331 689 4387 volitasse
739 4332 943 4400 ferunt,
973 4346 1030 4392 et
1068 4353 1194 4392 cum
1244 4341 1508 4411 clangore
1548 4341 1691 4397 inter
1725 4359 1848 4399 sese
1880 4361 2010 4400 con-

425 4439 663 4492 gressas,
709 4427 1007 4496 statimque
1054 4442 1365 4501 segregatas
1397 4449 1541 4495 esse,
1589 4435 1758 4491 altera
1811 4453 2007 4493 versus

428 4514 622 4568 urbem
662 4517 902 4580 volante,
939 4520 1109 4573 altera
1141 4521 1195 4575 in
1239 4522 1527 4577 Thraciam
1578 4531 1858 4582 tendente.
1896 4529 2006 4582 Ro-

430 4619 624 4659 manus
672 4616 940 4674 potestate
992 4610 1206 4679 imperii
1283 4613 1653 4681 insatiabilis,
1721 4635 1786 4674 ac
1830 4622 1998 4676 veluti

426 4697 634 4750 oblitus
681 4702 1030 4766 sacramenti,
1083 4718 1192 4772 quo
1242 4721 1363 4761 sese
1411 4709 1765 4774 astrinxerat,
1820 4729 1921 4768 suo
1949 4725 2007 4770 ct

429 4788 527 4842 ﬁlii
563 4799 693 4844 natu
730 4793 951 4847 maximi
1001 4793 1309 4852 diademate
1334 4814 1446 4853 non
1474 4811 1768 4858 contentus
1794 4820 1809 4865 ;
1837 4807 2004 4862 etiam

430 4881 671 4950 reliquos
717 4883 856 4938 duos
905 4885 1067 4950 ﬁlios,
1101 4894 1158 4940 et
1189 4898 1442 4957 nepotem
1491 4907 1556 4947 ex
1606 4893 2007 4966 Christophoro

429 4975 736 5036 coronavit,
773 4977 1021 5033 Romano
1070 4980 1302 5049 imperio
1331 4983 1476 5052 quod
1527 4986 1794 5042 hactenus
1839 5007 2010 5059 penes

431 5080 600 5118 unum
634 5084 753 5122 esse
784 5081 1165 5136 consueverat,
1201 5075 1252 5128 in
1282 5077 1450 5133 multa
1474 5080 1650 5148 capita
1683 5081 2006 5138 distributo.

432 5153 627 5208 Filium
669 5168 798 5211 natu
833 5160 1120 5216 minimum
1179 5163 1672 5237 Theophylactum,
1706 5171 1792 5226 cui
1832 5174 2012 5241 ponti-

432 5245 652 5301 ﬁcatum
683 5249 835 5304 urbis
866 5251 1233 5322 imperatoria:
1263 5259 1561 5325 ambiebat,
1596 5261 1826 5318 detonsa
1855 5281 2011 5320 coma

431 5335 696 5392 clericum
755 5340 927 5407 fecit,
979 5359 1007 5397 a
1061 5347 1371 5415 patriarcha
1428 5351 1740 5423 Syncellum
1793 5371 2011 5426 quoque

2108 1227 2298 1298 λὰριος
2353 1227 2711 1298 πρωτουργδς
2741 1222 2809 1296 ἦν
2855 1227 3233 1291 ’Λναστὰσιος,
3273 1228 3348 1282 ὡς
3398 1228 3474 1298 τῷ
3525 1229 3679 1282 Κων-

2111 1319 2374 1389 σταντίνῳ
2409 1318 2570 1389 δῆθεν
2623 1318 2869 1386 ἀμύνων,
2921 1317 3170 1388 ἐγνώσθη
3204 1320 3270 1371 τὰ
3317 1321 3438 1372 κατ’
3484 1321 3676 1391 αὐτὴν,

2110 1413 2206 1464 καὶ
2230 1413 2280 1464 οἱ
2318 1413 2417 1481 μὲν
2455 1410 2791 1476 συνίστορες,
2828 1410 2904 1474 ὡς
2938 1410 3086 1475 ἔδοξε
3118 1413 3198 1480 τῷ
3239 1413 3531 1482 Ῥωμανῷ.
3558 1413 3681 1466 ἐκοη

2108 1504 2408 1573 λάσθησαν,
2446 1505 2474 1556 6
2501 1505 2557 1557 δὲ
2590 1503 2948 1574 σακελλάριος
2976 1505 3259 1573 ἀπεκάρη.
3304 1506 3408 1557 Ἢν
3437 1505 3502 1576 δὴ
3539 1507 3678 1574 πρός

2109 1613 2276 1664 φασιν
2305 1595 2464 1665 ἔσχεν
2503 1596 2532 1646 6
2576 1595 2860 1665 Ῥωμανδς
2887 1595 2980 1648 τοῦ
3030 1596 3360 1650 ὑποὸιϐάσαι
3401 1597 3491 1649 τὸν
3524 1599 3680 1649 Κων-

2111 1687 2390 1738 σταντῖνον
2423 1685 2638 1750 ἑαυτοῦ,
2677 1685 2840 1754 μέχρι
2863 1686 2987 1738 τότε
3017 1685 3235 1754 πρῶτον
3260 1688 3694 1757 εὐφημούμενονι

2109 1777 2165 1827 ὲν
2210 1778 2330 1837 ταῖς
2364 1776 2754 1845 ἀναῤῥήσεσιν.
2807 1773 2866 1827 '0
2901 1775 3124 1843 Συμεὼν
3170 1775 3227 1830 δὲ
3273 1780 3414 1830 κατὰ
3447 1777 3544 1844 τῆς
3587 1780 3682 1831 πό-

2039 1830 2082 1886 B
2109 1866 2245 1927 λεως
2289 1830 2576 1934 ἐκπέμπει.
2610 1865 2873 1937 στρατόν·
2915 1830 3004 1919 ἴνα
3053 1867 3109 1920 δὲ
3160 1867 3235 1937 μὴ
3282 1830 3541 1933 ἐλθόντες
3584 1872 3679 1935 τὰς

2107 1958 2212 2026 πρὸ
2242 1956 2339 2026 τῆς
2369 1956 2575 2018 πόλεως
2603 1955 2989 2026 διαφθείρωσιν
3016 1957 3266 2025 ἀγλαΐας,
3300 1959 3512 2028 ἔπεμψε
3537 1964 3629 2014 καὶ
3654 1965 3682 2015 6

2117 2049 2396 2118 Ῥωμανὺς
2423 2049 2547 2110 τοὺς
2571 2048 3018 2117 ἀντιταξομένους
3047 2049 3215 2118 αὐτῷ,
3269 2050 3361 2104 καὶ
3389 2051 3496 2104 τῶν
3519 2052 3684 2105 Baul-

2106 2141 2290 2209 γάρων
2328 2139 2659 2193 ἐπελθόντων
2698 2141 2904 2206 αὐτοῖς,
2943 2141 3206 2210 πίπτουσι
3267 2141 3368 2210 μὲν
3420 2144 3516 2197 καὶ
3572 2145 3680 2197 τῶν

2107 2231 2385 2300 ἀρχόντων
2440 2230 2649 2296 πολλοὶ,
2697 2231 2806 2284 τῶν
2839 2231 2897 2284 δέ
2949 2249 3012 2300 γε
3069 2233 3422 2303 στρατιωτῶν
3468 2235 3518 2286 oi
3558 2236 3680 2304 μὲν,

2106 2324 2186 2386 εἰς
2234 2325 2332 2386 τὰς
2381 2325 2634 2392 τριήρεις
2689 2323 3012 2386 σπεύδοντες
3047 2324 3284 2394 ἐμϐῆναι
3333 2327 3677 2394 παραπλεού-

2111 2430 2231 2479 σας,
2266 2415 2650 2478 ὲξωλίσθαινον
2680 2416 2757 2478 εἰς
2795 2414 2895 2484 τὴν
2929 2415 3226 2480 θάλασσαν,
3269 2417 3366 2470 καὶ
3420 2418 3524 2471 ὑπὸ
3579 2437 3679 2472 κυ-

2110 2509 2295 2576 μάτων
2341 2507 2634 2576 ὲφέροντο,
2688 2507 2739 2558 oi
2788 2506 2844 2560 δὲ
2890 2506 2995 2560 ὑπὸ
3041 2507 3152 2561 τῶν
3195 2507 3472 2577 πολεμίων
3519 2509 3678 2561 διώλ-

2107 2600 2284 2666 λυντο,
2319 2602 2368 2653 οἱ
2399 2601 2453 2654 δὲ
2485 2601 2580 2654 καὶ
2633 2600 2834 2664 ζῶντες
2884 2599 3372 2669 συνελαμϐάνοντο.
3426 2601 3585 2654 Οὕτω
3621 2602 3678 2658 δὲ

2106 2691 2440 2760 διατεθείσης
2472 2693 2571 2763 τῆς
2612 2692 2930 2762 Ῥωμαῖκης
2970 2694 3232 2762 στρατιᾶς
3267 2693 3406 2745 κατὰ
3435 2693 3534 2756 τὰς
3567 2695 3679 2761 [Ιη-

2105 2787 2233 2854 γὰς,
2266 2787 2335 2839 τά
2361 2803 2422 2838 τε
2458 2786 2572 2837 ἐκεῖ
2599 2784 2730 2838 ὅντα
2763 2784 3038 2853 ἀνάκτορα
3077 2786 3124 2836 οἱ
3159 2783 3462 2854 Βούλγαροι
3508 2785 3681 2854 ὲπυρα

2110 2879 2381 2948 πόλησαν,
2411 2878 2506 2930 καὶ
2539 2877 2708 2932 τᾶλλα
2739 2878 2840 2928 ὅσα
2871 2878 2927 2927 ὲν
2961 2876 3037 2946 τῷ
3068 2875 3299 2945 αἰγιαλῷ
3348 2877 3439 2928 τοῦ
3475 2893 3680 2929 κατανιυ

2106 2969 2270 3040 τικρὺ
2301 2970 2399 3039 τῆς
2437 2968 2643 3032 πόλεως
2673 2963 2814 3038 ἦσαν
2862 2968 3208 3035 διακειμένου
3255 2967 3527 3037 πορθμοῦ.
3561 2969 3674 3022 Θα-

2106 3060 2305 3132 νούσης
2329 3061 2385 3114 δὲ
2408 3061 2508 3130 τῆς
2537 3059 2632 3115 τοῦ
2669 3060 2954 3130 Ῥωμανού
2981 3059 3210 3130 συμϐίου
3233 3061 3330 3128 τῆς
3358 3060 3680 3129 Λύγούστης

1532 3171 1544 3206 :
1595 3154 1690 3208 sed
1751 3155 2004 3214 triremes

2109 3153 2392 3224 Θεοδὼρας
2425 3153 2560 3221 (29),
2610 3151 2767 3222 ήτοῦ
2810 3151 3070 3222 βασιλέως
3115 3151 3497 3222 Χριστοφόρου
3542 3153 3683 3219 γυνὴ

2107 3245 2278 3314 Σοφία
2305 3244 2397 3298 τοῦ
2425 3246 2522 3315 τῆς
2546 3245 2862 3314 Αὐγούστης
2885 3243 3094 3315 ἠξιώθη
3127 3245 3415 3314 ὀνόματος.
3460 3245 3519 3298 Ὁ
3573 3245 3685 3298 τῶν

2109 3335 2436 3406 Βουλγάρων
2466 3335 2512 3388 δ’
2542 3335 2908 3404 ἐξηγούμενος
2941 3335 3168 3404 Συμεὼν
3219 3337 3285 3403 τῇ
3353 3334 3670 3404 Ἀδριανου-

2112 3429 2266 3484 πόλει
2325 3427 2650 3498 προσέϐαλε.
2685 3430 2783 3481 καὶ
2835 3427 3042 3494 ταύτην
3081 3427 3415 3495 ἐπολιόρκει.
3476 3429 3682 3480 Ἢνυσε

2119 3520 2166 3575 δ’
2203 3521 2270 3575 ἂν
2299 3520 2473 3586 οὐδὲν,
2507 3521 2554 3573 εί
2597 3519 2670 3590 μὴ
2697 3521 2809 3582 τοῖς
2843 3517 2994 3573 ἔνδον
3025 3519 3360 3574 ἐπιλελοίπει
3385 3519 3452 3572 τὰ
3486 3520 3681 3590 ἐπιτήο

2108 3612 2252 3666 δεια.
2312 3612 2635 3681 Βιαζόμενοι
2684 3610 2742 3664 δὲ
2811 3609 2885 3680 τῷ
2939 3609 3084 3680 λιμῷ
3145 3611 3240 3664 καὶ
3301 3611 3530 3673 ἑαυτοὺς
3580 3613 3680 3664 καὶ

2108 3706 2206 3776 τὴν
2239 3705 2395 3758 πόλιν
2426 3707 2540 3768 τοῖς
2578 3703 2860 3774 πολεμίοις
2901 3705 3233 3771 παρέδοσαν.
3272 3704 3407 3756 Τότε
3443 3703 3542 3772 μὲν
3582 3707 3677 3757 καὶ

2108 3797 2232 3850 όὲκ
2292 3795 2610 3865 Τριπόλεως
2667 3796 2821 3850 Λέων
2884 3795 3024 3867 μετὰ.
3072 3795 3359 3864 δυνάμεως
3418 3798 3682 3863 ναυτικῆς

2111 3887 2252 3940 κατὰ
2291 3886 2581 3956 Ῥωμαίων
2616 3884 2898 3957 ἐχώρησεν
2927 3903 2942 3918 ο
2994 3886 3131 3940 ἀλλὰ
3175 3887 3348 3956 τούτῳ
3405 3886 3532 3955 περὶ
3586 3887 3683 3956 τὴν

2111 3977 2276 4046 νῆσον
2305 3976 2528 4045 Λῆμνον
2560 3977 2807 4048 τριήρεις
2835 3973 3163 4030 ἐπελθοῦσαι
3199 3978 3532 4045 Ῥωμαῖκαὶ,
3558 3979 3685 4040 τοὺς

2115 4068 2214 4137 μὲν
2252 4067 2586 4138 ’Λγαρηνοὺς
2628 4070 2812 4140 σχεδόν
2859 4087 2910 4121 τι
2939 4068 3259 4135 ξύμπαντας
3301 4069 3683 4138 διεφθάρκασι,

2111 4159 2212 4222 τὰς
2264 4160 2319 4212 δὲ
2366 4161 2500 4228 νῆας
2548 4161 2729 4214 αὐτῶν
2783 4161 3154 4230 ὑποϐρυχίους
3200 4161 3488 4230 ἐποίησαν,
3531 4163 3683 4230 μόλις

2111 4252 2206 4306 τοῦ
2258 4253 2584 4324 Τριπολίτου
2619 4258 2813 4323 φυγεῖν
2851 4255 3261 4325 ἐξισχύσαντος.
3313 4256 3420 4309 Καὶ
3450 4255 3478 4308 6
3518 4256 3684 4309 Βούλ-

2113 4362 2284 4416 γαρος
2310 4346 2365 4399 δὲ
2395 4346 2624 4416 Συμεὼν
2661 4346 2730 4399 τά
2755 4364 2812 4399 τε
2860 4348 3003 4400 κατὰ
3047 4347 3394 4400 Μακεδονίαν
3429 4349 3525 4400 καὶ
3549 4349 3682 4400 τάπὶ

2113 4437 2340 4508 Θρᾴκης
2371 4439 2468 4490 σὺν
2506 4437 2664 4508 βαρεῖ
2690 4437 3066 4506 στρατεύματι
3100 4438 3370 4510 ὲληῒζετο,
3405 4437 3501 4491 καὶ
3533 4438 3684 4507 παρά

2109 4529 2208 4598 τὴν
2241 4530 2395 4582 πόλιν
2428 4530 2619 4593 ἐλθὼν,
2651 4529 2821 4598 ἀγχοῦ
2871 4529 2980 4581 τῶν
3033 4529 3358 4598 Βλαχερνῶν
3410 4530 3682 4598 πεποίητο

2107 4621 2208 4691 τὴν
2235 4620 2604 4691 παρεμϐολὴν,
2641 4621 2738 4673 καὶ
2782 4618 2858 4688 τῷ
2906 4619 3116 4689 βασιλεί
3172 4619 3436 4690 Ῥωμανῷ
3485 4619 3686 4688 ἐζήτη-

2112 4728 2203 4763 σεν
2257 4713 2538 4780 ἐντυχεῖνο
2597 4712 2692 4764 καὶ
2746 4715 2845 4778 τὴν
2885 4711 3126 4777 ἔντευξιν
3190 4712 3284 4764 καὶ
3339 4715 3366 4766 6
3427 4713 3708 4781 βασιλεὺς.

2109 4803 2420 4873 ᾑρετίσατο,
2455 4803 2549 4854 καὶ
2595 4803 2739 4856 κατὰ
2780 4803 2872 4856 τὸν
2915 4802 3009 4857 τοῦ
3059 4803 3356 4874 Κοσμιδίου
3407 4804 3682 4868 αἰγιαλὸν,

2110 4897 2139 4948 6
2177 4894 2278 4965 μὲν
2329 4893 2584 4964 βασιλεὺς
2640 4894 2736 4947 σὺν
2780 4895 2857 4966 τῷ
2914 4895 3086 4964 στόλῳ
3132 4897 3384 4965 ἀφίκετο,
3437 4900 3466 4950 6
3517 4896 3575 4950 δέ
3624 4913 3687 4964 γε

2112 4985 2339 5056 Συμεὼν
2367 4987 2505 5055 μετὰ
2537 4989 2634 5057 τῆς
2663 4989 2873 5050 οἰκείας
2900 4990 3235 5058 παρεγένετο
3275 4989 3561 5057 στρατιᾶς,
3587 4987 3682 5041 καὶ

2107 5079 2356 5150 ἀλλήλοις
2379 5078 2685 5149 ὡμίλησαν,
2735 5081 2829 5134 καὶ
2865 5083 2892 5134 6
2940 5081 3194 5151 βασιλεὺς
3249 5079 3685 5150 μεγαλοπρεπῶς

2108 5171 2184 5240 τῷ
2216 5171 2446 5242 Συμεὼν
2478 5171 2810 5242 ἐδωρήσατο.
2853 5172 3188 5241 Ἀσύμϐατοι
3212 5172 3266 5224 δὲ
3298 5171 3394 5225 ἀπ’
3439 5171 3686 5240 ἀλλήλων

2109 5263 2419 5333 διέστησαν,
2456 5263 2484 5315 ὃ
2513 5265 2605 5316 καὶ
2632 5264 2764 5327 δυὰς
2811 5263 2954 5327 ἔδοξε
3003 5263 3248 5334 δηλῶσαι
3298 5264 3490 5318 ἀετῶν.
3547 5261 3685 5316 Φασὶ

2113 5355 2222 5425 γὰρ
2255 5355 2464 5408 ἄνωθεν
2495 5355 2675 5408 αὐτῶν
2701 5354 2996 5424 διαπτῆναι
3021 5355 3266 5420 τούτους,
3299 5357 3395 5410 καὶ
3426 5355 3680 5426 ἀλλήλοις

1581 5489 1785 5552 Varias
1827 5491 2136 5554 lectiones
2180 5499 2241 5552 et
2288 5501 2478 5554 notae.

513 5595 622 5664 (Q9)
654 5595 772 5664 Τῆς
795 5601 1484 5680 Αιῖιγοιξσζης-Θεοδῴραςί.
1513 5610 1676 5662 Istius
1697 5619 1750 5664 et
1772 5612 2009 5680 Sophim,

434 5663 503 5746 de
529 5682 634 5735 qua
675 5684 796 5746 mox
828 5663 1514 5746 meminit'V'Gregori'us'in
1567 5680 1687 5732 Vita
1712 5663 1801 5737 CS.
1826 5663 2011 5735 [iiasiilii

435 5733 562 5818 quit:
598 5738 749 5818 H.125
786 5758 799 5818 ξ
825 5743 975 5818 ᾼύτὴ
1003 5744 1065 5818 δὲ
1093 5745 1124 5809 ἡ
1156 5733 1434 5818 Αὔγουστα
1482 5748 1664 5818 Ἑλένη
1694 5733 1880 5818 πρίῦτη
1905 5733 2014 5803 τῶςῷ

437 5805 610 5860 ἄλλων
656 5805 1123 5880 βασιδ.ἰδωυ’ἧν·’
1153 5817 1183 5866 ᾗ
1212 5805 1322 5882 γὰο
1373 5816 1602 5870 δευτέρα
1651 5805 1880 5883 "autem;
1922 5823 2011 5874 τοῦ

2123 5610 2327 5679 πατρὸς
2375 5611 2543 5678 αὐτῆς
2574 5609 2856 5682 Ῥωμανοῦ
2910 5611 3157 5681 Θεοδ-ἷιρα
3199 5612 3564 5680 τελευτήσασα
3595 5608 3681 5682 ἦν,

2118 5682 2152 5751 ἧ
2180 5697 2238 5731 τε
2281 5682 2447 5748 Σοφία
2476 5683 2508 5750 ἡ
2555 5681 2648 5753 τοῦ
2679 5683 3050 5753 Χριστοφόρου
3088 5683 3294 5734 ἐκείνου
3328 5681 3686 5753 τελευτήσαν-

2119 5749 2207 5812 τος
2240 5751 2545 5822 κατηνέχθη
2569 5752 2667 5822 τῆς
2701 5749 2995 5821 βασιλείας.
