3978 6256
463 387 582 455 ἆθἿ

1784 377 2112 440 JOANNIS
2151 376 2471 439 ZONAPdE

3634 378 3735 445 108

470 503 775 574 imperator
826 498 1128 553 hausturus
1179 502 1319 559 erat,
1374 492 1553 549 toxico
1597 490 1738 545 clam
1793 490 2052 547 admisto.

2170 489 2323 553 κύτδς
2355 488 2400 543 δ’
2430 486 2497 542 ἀν
2542 487 2732 544 ἐάλωὸ
2762 488 3055 562 ναύαρχος,
3096 490 3144 544 εί
3175 491 3250 565 μὴ
3281 492 3409 564 περὶ
3437 491 3605 549 αὐτὸν
3642 512 3739 548 συο

477 592 587 648 Sed
613 606 703 657 eo,
732 606 858 646 cum
892 588 968 644 illi
1009 585 1355 642 ollerendum
1389 590 1534 639 esset
1558 621 1574 648 ,
1604 580 1718 635 sive
1747 579 2014 635 divinitus
2036 620 2052 646 ,

476 685 596 740 sive
627 682 855 738 fortuito
880 723 896 747 ,
936 677 1173 734 maxima
1201 692 1269 733 ex
1295 684 1446 747 parte
1476 672 1654 729 elTuso
1678 713 1694 738 ,
1721 682 1778 728 et
1813 673 2011 742 exiguo
2037 712 2053 735 .

477 774 626 846 quod
664 772 1013 844 superfuerat
1034 813 1051 839 ,
1086 771 1286 824 hausto
1316 784 1329 820 :
1362 765 1650 821 doloribus
1692 764 1914 834 quidem
1941 802 1957 827 ,
1999 771 2057 817 et

476 865 786 922 terroribus
820 861 1190 934 periculorum
1224 874 1336 912 non
1363 856 1546 928 parvis
1573 864 1658 912 est
1684 855 2050 919 conﬂictatus,

475 957 605 1012 vita:
654 965 837 1010 tamen
884 951 1181 1008 discrimen
1209 992 1224 1016 ,
1278 963 1609 1019 quamquam
1672 947 1833 1018 196
1874 962 2052 1017 aagre,

476 1049 672 1105 evasit.
700 1051 858 1102 Anno
881 1052 1064 1099 autem
1092 1040 1308 1112 imperii
1332 1040 1744 1110 decimoquiuto
1765 1040 1819 1093 in
1840 1037 2053 1110 Olympi

478 1154 722 1200 montem
755 1154 1007 1212 egressus
1040 1147 1159 1202 est,
1210 1153 1308 1207 per
1357 1135 1593 1206 speciem
1644 1150 1765 1190 sese
1801 1134 2058 1205 precibus

451 1236 876 1293 .anonachorum
918 1240 1114 1287 contra
1146 1231 1427 1300 Agarenos
1473 1226 1760 1292 armandi,
1794 1242 1920 1281 cum
1968 1240 2061 1280 re-

477 1342 608 1383 vera
644 1326 693 1380 id
730 1332 919 1395 ageret
954 1323 1056 1395 (ut
1091 1319 1311 1392 ferunt)
1343 1327 1404 1374 ut
1428 1318 1781 1374 Theodorum
1834 1316 2058 1389 Cyzice-

477 1433 611 1472 num
649 1415 998 1479 conveniret,
1024 1430 1149 1469 cum
1185 1426 1364 1482 eoque
1394 1411 1749 1475 deliberaret,
1781 1409 2060 1480 quomodo

467 1508 833 1579 Polyeuctum
881 1505 1127 1562 Ecclesia
1168 1504 1421 1575 pelleret.
1455 1501 1589 1557 Inde
1638 1502 1782 1557 male
1831 1501 2063 1557 allectus

479 1599 534 1652 in
567 1597 769 1668 regiam
798 1597 963 1663 redit,
995 1611 1098 1651 nec
1125 1596 1299 1650 multo
1338 1602 1464 1664 post
1489 1604 1574 1649 est
1599 1592 1916 1659 defunctus,
1945 1592 2061 1648 sive

477 1705 544 1743 ex
575 1687 905 1757 intemperie
933 1686 1201 1756 corporis,
1229 1685 1347 1740 sive
1383 1683 1600 1739 insidiis
1642 1682 1738 1737 lilii
1787 1682 2060 1753 repetitis.

476 1780 626 1836 Vixit
669 1794 844 1834 annos
878 1778 1275 1848 quinquaginta
1321 1785 1597 1845 quatuor,
1637 1789 1856 1833 menses
1902 1774 2059 1829 duos.

2161 582 2386 646 στάντες
2415 582 2464 635 οἱ
2499 581 2665 637 αὐτοῦ
2695 582 3047 655 θεράποντες,
3078 588 3174 639 καὶ
3207 584 3576 659 συνασπισμῷ
3608 594 3737 651 τοὺς

2171 673 2511 744 ’Δγαρηνοὺς
2530 675 2908 747 ἀπωσάμενοι,
2932 679 3120 733 ἀδειαν
3137 679 3280 749 παρέ
3290 696 3414 750 σχον
3433 680 3511 751 τῷ
3531 697 3737 751 στρατ-

2159 766 2280 837 ηγῷ
2311 766 2553 839 ἐμϐῆναι
2607 770 2687 833 είς
2719 769 2820 842 τὴν
2851 771 3188 845 στρατηγίδα
3215 775 3441 845 τριήρη,
3472 774 3568 826 καὶ
3591 771 3739 826 οὕτω

2160 862 2377 931 φυγεῖν.
2453 860 2595 915 Ἀλλ’
2639 863 2738 935 οὐχ
2789 861 2934 919 οὕτω
2962 867 3059 920 καὶ
3115 866 3198 937 τῷ
3230 867 3414 938 Βάρδᾳ
3445 868 3613 938 Φωκᾷ
3658 868 3738 937 τῷ

2159 952 2269 1007 τῶν
2302 953 2509 1024 σχολῶν
2559 954 2870 1026 δομεστίκφ
2929 959 3277 1029 συνηντήκει,
3318 961 3388 1013 τὰ
3419 959 3558 1031 πρὸς
3608 961 3739 1021 τοὺς

2160 1042 2332 1117 ἐῴους
2372 1048 2731 1117 Ἀγαρηνοῦς,
2769 1052 3117 1121 στρακηγικῇ
3146 1048 3202 1103 δὲ
3228 1050 3393 1122 τέχνῃ
3419 1053 3513 1103 καὶ
3540 1051 3739 1119 ἐμπει-

2163 1136 2259 1207 ρίᾳ
2299 1137 2426 1200 τοὺς
2488 1138 2626 1210 πρὸς
2684 1138 2928 1202 ἐκείνους
2994 1141 3269 1210 πολέμους
3325 1141 3739 1212 διατιθέμενος,

2162 1229 2335 1283 ἄστεά
2382 1248 2444 1283 τε
2493 1231 2664 1285 πολλά
2735 1232 2964 1286 ἐκείνων
3015 1233 3293 1304 ἀφείλετο,
3339 1235 3433 1287 καὶ
3463 1235 3532 1287 τά
3564 1249 3742 1302 προσ-

2161 1321 2398 1391 τυχόντα
2424 1321 2576 1375 λείαν
2608 1322 2840 1377 ἐτίθετο.
2875 1324 2944 1377 '0
2968 1340 3032 1393 γε
3069 1323 3175 1396 μὴν
3207 1323 3303 1377 τοῦ
3330 1324 3593 1396 βασιλέω;
3624 1326 3744 1388 υίὸς

2176 1412 2458 1483 Ῥωμανὸς
2486 1415 2565 1477 είς
2605 1413 2806 1485 ἄνδρας
2834 1416 2937 1486 ῆδη
2982 1417 3157 1471 τελεῖν
3204 1418 3486 1488 ῆργμένος
3518 1417 3579 1484 ἐξ
3609 1418 3746 1485 ἀγε-

2163 1503 2344 1569 νείων,
2394 1512 2489 1558 καί
2543 1508 2624 1569 εἰς
2674 1507 2870 1562 ἑαυτὸν
2919 1510 3021 1581 τὴν
3070 1509 3320 1575 ἐξουσίαν
3378 1513 3745 1580 περιαγαγεῖν

2166 1595 2537 1666 ἱμειρόμενος,
2574 1599 2917 1654 ἐπιϐουλεύει
2957 1602 3023 1672 τῇ
3060 1601 3172 1671 ζωῇ
3208 1601 3304 1654 τοῦ
3339 1603 3569 1673 πατρὸς,
3603 1618 3747 1671 συμ-

2166 1687 2519 1760 πραττούσης
2569 1689 2719 1761 αὐτῷ
2760 1693 2981 1763 καὶτῆς
3024 1694 3300 1763 γαμετῆς,
3337 1695 3432 1747 καὶ
3460 1694 3747 1765 φαρμάκῳ

2163 1780 2481 1853 δηλητηρίῳ
2506 1783 2606 1850 τὴν
2635 1784 2933 1855 ἐπιϐουλὴν
2964 1785 3392 1852 συνεσκεύασαν,
3425 1786 3457 1839 δ
3481 1786 3743 1849 λαθόντες

467 1873 747 1943 Regnavit
774 1887 899 1926 cum
943 1878 1100 1940 patre
1134 1870 1317 1924 Leone
1343 1907 1359 1933 ,
1396 1867 1710 1943 Alexandro
1764 1876 1961 1937 patruo
2005 1875 2061 1922 et

2170 1873 2520 1944 καθαρτηρίῳ
2554 1873 2763 1944 πόματι
2801 1875 3194 1946 συνεκέρασαν,
3256 1877 3393 1943 ὅπερ
3450 1873 3678 1945 ἔμελλεν
3712 1876 3744 1926 ὁ

476 1972 651 2019 matre
697 1976 872 2017 annos
924 1960 1226 2026 tredecim,
1288 1974 1414 2014 cum
1475 1957 1767 2029 Lacapeno
1829 1966 2061 2029 tyranno

2170 1966 2520 2037 ιῦτοκράτωρ
2548 1968 2717 2020 πιεῖν.
2751 1968 2913 2038 "Apri.
2934 1966 2990 2020 δὲ
3015 1966 3240 2037 δοθῆναι
3269 1966 3463 2036 μέλλον
3480 1967 3563 2029 είς
3589 1965 3747 2019 πόσιν

474 2054 667 2127 viginti
702 2070 797 2110 sex
820 2093 834 2118 ,
875 2062 1157 2124 postremo
1188 2052 1341 2107 solus
1388 2049 1710 2120 quindecim
1741 2066 1754 2102 :
1794 2057 1851 2104 et
1885 2065 2061 2120 usque

2170 2056 2235 2128 τῷ
2265 2057 2501 2127 βασιλεῖ,
2536 2056 2635 2109 εἶτ’
2666 2058 2732 2110 ἐκ
2763 2058 3042 2128 προνοίας,
3076 2058 3190 2110 εἴτε
3220 2056 3461 2128 τυχαίως
3492 2054 3553 2109 τὸ
3581 2055 3747 2110 πλέον

474 2149 542 2201 ad
574 2155 808 2202 mortem
836 2144 997 2198 anxie
1025 2142 1286 2209 cogitavit
1316 2141 1383 2197 de
1412 2140 1737 2211 pontiﬁcatu
1764 2141 2062 2212 Polyeucto

2170 2149 2446 2219 ὲκκέχυτο,
2492 2150 2552 2200 τὸ
2585 2149 2640 2202 δὲ
2674 2149 3027 2220 περιλειφθὲν
3074 2150 3258 2218 ὀλίγον
3306 2148 3388 2214 ὃν,
3441 2150 3535 2202 καὶ
3590 2147 3749 2216 παρά

472 2237 813 2307 abrogando.
847 2236 1049 2290 Fertur
1075 2243 1282 2298 autem,
1307 2233 1517 2303 aliquot
1546 2232 1743 2288 diebus
1775 2245 1904 2288 ante
1944 2234 2064 2303 ejus

2170 2239 2255 2292 τοῦ
2309 2240 2575 2307 βασιλέως
2606 2240 2794 2303 ποθὲν,
2845 2240 3061 2304 ὀδύναις
3096 2242 3196 2312 μὲν
3234 2242 3398 2296 αὑτὸν
3434 2241 3529 2294 καὶ
3561 2237 3745 2293 κινδύ⁸

478 2326 714 2391 oliitum,
746 2335 912 2380 noctu
947 2324 1151 2378 multos
1180 2323 1389 2392 lapides
1418 2339 1541 2378 cum
1580 2338 1778 2390 magno
1821 2322 2060 2378 stridore

2170 2348 2261 2384 νου
2294 2331 2480 2398 φόϐοις
2531 2332 2594 2385 οὗ
2631 2334 2849 2403 μικροῖς
2895 2331 3241 2403 περιέϐαλεν,
3291 2333 3351 2385 οὐ
3411 2331 3598 2401 μέντοι
3650 2331 3747 2383 καὶ

468 2431 670 2476 .contra
721 2417 1109 2488 impcratorios
1141 2415 1410 2470 thalamos
1453 2428 1577 2469 esse
1621 2413 1851 2468 delatos.
1901 2412 2059 2479 Quod

2170 2422 2414 2476 κίνδυνον
2439 2423 2699 2493 ἐποίησεν
2727 2422 2878 2493 αὐτῷ
2910 2425 3038 2495 περὶ
3066 2426 3166 2495 τὴν
3193 2425 3360 2495 ζωήν.
3388 2423 3538 2484 Τέως
3578 2420 3623 2475 δ’
3651 2415 3746 2474 οὗν

481 2528 605 2567 cum
636 2511 888 2582 pluribus
922 2509 1180 2563 noctibus
1220 2506 1396 2570 lierct,
1424 2507 1814 2575 imperatorem
1854 2512 2060 2565 ratum.

2170 2513 2331 2567 αὐτὸν
2360 2514 2639 2585 δυσχερῶς
2670 2516 3031 2585 διαπέφευγε.
3062 2516 3154 2588 Τῷ
3185 2514 3667 2580 πεντεκαιδεκάτῳ
3698 2512 3747 2566 δ’

474 2620 576 2659 eos
605 2603 673 2659 ab
706 2600 1024 2657 hominibus
1049 2599 1154 2666 jaci
1176 2640 1191 2666 ,
1225 2598 1430 2653 multos
1470 2596 1679 2652 circum
1722 2596 1928 2667 regiam
1963 2596 2063 2650 ob-

2170 2605 2396 2674 ἐνιαυτῷ
2430 2607 2529 2675 τῆς
2578 2607 2748 2661 αὐτοῦ
2797 2608 3077 2679 βασιλείας
3118 2612 3176 2663 ἐν
3204 2610 3284 2679 τῷ
3328 2608 3422 2662 τοῦ
3458 2605 3746 2677 Ὀλύμπου

479 2703 791 2751 servatores
817 2694 938 2764 ejus
978 2692 1057 2747 rei
1090 2692 1391 2746 collocasse
1423 2706 1439 2744 :
1506 2688 1602 2744 scd
1633 2689 1909 2743 neminem
1945 2702 2065 2743 esse

2170 2697 2282 2767 ὄρει
2308 2690 2465 2759 οὗτος
2496 2697 2723 2766 ἐξῆλθεν
2762 2702 2790 2753 ὁ
2822 2700 3119 2771 βασιλεὺς,
3167 2700 3312 2771 λόγῳ
3356 2700 3455 2770 μὲν
3499 2698 3589 2751 ἵνα
3625 2698 3749 2756 ταῖς

478 2788 659 2843 visum
693 2803 721 2840 a
747 2801 856 2857 quo
904 2785 1257 2839 mitterentur
1291 2802 1304 2838 :
1340 2780 1487 2837 unde
1532 2780 1908 2837 eXiStimalum
1960 2781 2060 2845 Sit,
2162 2786 2274 2840 τῶν
2301 2789 2421 2841 ἐκεῖ
2441 2790 2798 2860 ἀσκουμένων
2820 2792 3009 2861 εὐχαῖς
3031 2790 3422 2859 καθοπλισθείη
3466 2788 3611 2843 κατά
3637 2788 3748 2841 τῶν

479 2894 591 2934 non
626 2878 746 2934 ﬁeri
783 2876 918 2932 illud
951 2876 1297 2931 humanitus.

2178 2877 2521 2948 Ἀγαρηνῶν,
2555 2880 2633 2950 τῷ
2656 2881 2703 2934 δ’
2740 2881 2875 2948 δντι,
2904 2882 2978 2944 ὡς
3004 2882 3253 2950 λέγεται,
3283 2880 3376 2934 ἵνα
3399 2881 3479 2948 τῷ
3500 2876 3747 2943 Κυζίκου

477 2971 736 3043 Θεοδώρῳ
797 2971 1160 3040 συγγένηται,
1221 2972 1314 3023 καὶ
1361 2971 1511 3034 ὅπως
1565 2969 1658 3025 τὸν
1748 2969 2091 3025 Πολύευκτον
2151 2972 2404 3046 ἐξιυθήσῃ
2448 2975 2549 3046 τῆς
2611 2976 2972 3049 Ἐκκλησίας,
3024 2978 3295 3048 σκέψηται
3368 2977 3485 3047 μετ’
3552 2971 3746 3028 αὑτοῦ.

485 3068 657 3123 Ἔνθα
691 3067 758 3140 δὴ
807 3064 1072 3137 γεγονὼς,
1111 3065 1302 3130 κακῶς
1349 3065 1490 3136 ἔχων
1529 3062 1835 3136 ἐπανῆλθεν
1906 3069 1986 3129 είς
2059 3067 2130 3121 τά
2176 3068 2453 3140 βασίλεια,
2501 3073 2595 3126 καὶ
2646 3075 2764 3145 μετ’
2813 3074 3012 3140 ὀλίγων
3040 3076 3141 3143 τὴν
3174 3073 3321 3146 ζωὴν
3352 3072 3749 3143 ἐξεμέτρησεν,

482 3163 558 3225 ὡς
596 3162 696 3233 μέν
725 3179 836 3215 τισι
866 3161 1035 3225 δοκεῖ.
1070 3161 1135 3212 ἔκ
1168 3159 1506 3231 δυσκρασίας
1539 3162 1881 3231 σωματικῆς.
1913 3161 1989 3224 ὼς
2019 3160 2064 3215 δ’
2103 3163 2314 3228 ἑτέροις
2371 3164 2689 3234 δοξάζεται,
2731 3169 2827 3222 καὶ
2868 3165 3026 3234 αὖθις
3098 3168 3204 3221 ὑπὸ
3240 3167 3336 3220 τοῦ
3361 3165 3482 3219 υἱοῦ
3523 3163 3751 3218 ἐπιϐου-

482 3254 721 3318 λευθείς.
754 3249 863 3307 Ἦν
910 3253 966 3306 δὲ
995 3252 1024 3304 ὁ
1059 3250 1280 3322 σύμπας
1318 3252 1422 3320 τῆς
1454 3252 1640 3322 βιοτῆς
1678 3253 1846 3306 αὐτοῦ
1874 3253 2068 3323 χρόνος
2107 3256 2348 3310 ἐνιαυτοὶ⁸
2411 3261 3043 3331 πεντηκοντατέσσαρες,
3081 3261 3176 3315 καὶ
3239 3260 3334 3314 δύο
3375 3259 3567 3329 μῆνες,
3607 3273 3751 3327 συμ-

484 3346 907 3409 ϐασιλεύσαντος
937 3343 1049 3414 (50)
1080 3343 1158 3415 τῷ
1183 3344 1353 3416 πατρὶ
1381 3344 1572 3399 Λέοντι
1634 3345 1730 3398 καὶ
1800 3345 2136 3420 Ἀλεξάνδρῳ
2173 3349 2251 3417 τῷ
2304 3350 2435 3420 θείῳ
2487 3353 2579 3406 καὶ
2632 3356 2698 3426 τῇ
2753 3357 2923 3424 μητρὶ
2972 3354 3068 3424 ἐτη
3105 3353 3487 3424 τρισκαίδεκα,
3531 3350 3630 3403 καὶ
3672 3348 3754 3419 τῷ

483 3440 799 3513 Δακαπηνῷ
855 3438 1126 3507 Ῥωμανῷ
1153 3438 1253 3508 τὴν
1298 3437 1583 3508 βασιλείαν
1627 3436 1940 3508 ἁρπάσαντι
2004 3439 2097 3508 ἐτη
2141 3440 2201 3506 ἓξ
2265 3442 2360 3496 ἐπὶ
2398 3443 2609 3498 είκοσι⁸
2660 3448 3106 3517 μοναρχήσαντος
3131 3447 3189 3500 δὲ
3222 3446 3534 3501 τελευταῖον
3568 3447 3754 3498 ἐνιαυ-

480 3536 614 3598 τοὺς
660 3534 1080 3586 πεντεκαίδεκα.
1115 3530 1223 3583 Ἦν
1252 3530 1308 3582 δὲ
1339 3532 1435 3584 καὶ
1481 3530 1675 3600 μέχρις
1742 3529 2100 3594 ἀποϐιώσεως
2139 3534 2199 3587 ἐν
2261 3535 2434 3606 πολλῆ
2474 3536 2717 3607 φροντίδι
2746 3539 2847 3609 τὴν
2878 3538 2977 3592 τοῦ
3004 3539 3401 3610 ἀρχιποίμενος
3428 3535 3756 3609 καθαίρεσιν

492 3627 588 3681 τοῦ
622 3623 963 3679 Πολυεύκτου
1012 3623 1321 3692 τιθέμενος.
1374 3623 1611 3691 Λέγεται
1658 3623 1718 3676 δέ
1764 3623 1871 3695 πρό
1935 3641 2097 3677 τινων
2138 3627 2364 3699 ἡμερῶν
2393 3629 2494 3699 τῆς
2560 3631 2729 3685 αὑτοῦ
2763 3632 3028 3701 τελευτῆς
3052 3632 3237 3696 λίθους
3265 3631 3460 3694 νυκτὸς
3483 3625 3757 3700 φέρεσθαι

478 3718 632 3790 μετά
677 3713 861 3787 ῥοίζου
889 3713 1088 3765 πολλοῦ
1121 3714 1265 3767 κατά
1291 3714 1400 3768 τῶν
1447 3713 1616 3767 αὐτοῦ
1648 3714 1932 3784 θαλάμων,
2005 3717 2101 3770 καὶ
2136 3717 2295 3772 τοῦτο
2368 3723 2692 3793 συμϐαίνειν
2738 3724 2833 3778 ἐπὶ
2876 3725 3101 3788 πλείους
3137 3724 3364 3786 νύκτας,
3408 3722 3501 3776 καὶ
3528 3722 3757 3792 νομίσαι

491 3814 590 3883 μὲν
637 3814 730 3865 τὸν
781 3810 1013 3881 βασιλέα
1058 3809 1210 3877 παρά
1256 3825 1420 3860 τινων
1504 3805 1815 3875 ἀνθρώπων
1866 3807 2353 3879 λιθολευστεῑσθαι,
2422 3815 2516 3868 καὶ
2591 3815 2818 3880 πολλοὺς
2863 3817 3191 3887 περιστῆσαι
3240 3818 3350 3879 τοῖς
3422 3814 3759 3886 βασιλείοις,

478 3906 571 3971 οἷς
624 3905 990 3974 ἐπιτετήρητο
1010 3903 1072 3956 τὸ
1097 3902 1416 3972 γινόμενον·
1442 3899 1558 3954 ἀλλ’
1581 3901 1760 3966 οὐδεὶς
1778 3901 1937 3973 ὤφθη
1994 3903 2103 3959 τῶν
2142 3907 2452 3979 ἀνθρώπων
2491 3909 2656 3965 λίθων
2701 3913 2983 3982 πομπεύς·
3029 3913 3152 3967 ὅθεν
3221 3911 3332 3966 οὐδ’
3359 3909 3419 3976 ἐξ
3449 3910 3760 3982 ἀνθρώπων

486 4002 546 4054 τὸ
572 3997 734 4067 ἔργον
758 3998 1045 4066 νενόμιστο
1073 3993 1432 4066 πράττεσθαι.

555 4109 750 4166 XXIII.
790 4108 1158 4166 Constantino
1199 4106 1268 4161 ad
1308 4106 1457 4161 hunc
1503 4105 1726 4160 modum
1768 4105 2066 4170 defuncto1

2255 4092 2382 4148 Kl".
2419 4094 2527 4147 Καὶ
2554 4095 2584 4148 ὁ
2618 4095 2716 4165 μὲν
2753 4097 3164 4158 Κωνσταντῖνος
3188 4092 3281 4148 τοῦ
3317 4093 3765 4157 ἐπικλωσθέντος

493 4207 775 4261 Romanus
804 4201 953 4257 ﬁlius
982 4202 1103 4273 ejus
1132 4199 1422 4270 imperium
1458 4199 1719 4269 capessit,
1776 4199 1873 4269 qui
1932 4198 2066 4254 Puer

2176 4185 2328 4256 αύτῷ
2368 4184 2526 4254 μίτου
2568 4185 2832 4255 ῥαγέντος
2876 4187 2970 4239 τοῦ
3007 4187 3318 4256 ὁρισθέντος
3359 4185 3509 4254 αὐτῷ
3560 4187 3762 4255 χρόνου

489 4296 818 4360 dicebatur,
851 4309 961 4348 non
994 4292 1141 4363 quod
1189 4290 1390 4362 puerili
1437 4298 1599 4346 aetate
1647 4304 1818 4361 regno
1867 4292 2081 4361 potitus

487 4396 636 4441 esset
692 4387 839 4455 (jam
869 4384 1018 4438 enim
1054 4384 1138 4437 vir
1163 4392 1282 4438 erat
1304 4383 1346 4451 ),
1398 4381 1494 4437 sed
1527 4380 1595 4435 ad
1618 4381 1913 4437 discrimen
1971 4383 2079 4436 lto—

494 4479 641 4531 mani
682 4475 768 4529 avi
797 4475 1067 4538 materni,
1099 4474 1247 4529 senis
1274 4482 1548 4542 provecta:
1589 4474 1793 4528 aetatis.
1847 4474 1904 4528 Si
1952 4473 2078 4542 quis

490 4578 674 4621 autem
707 4581 832 4619 eum
868 4580 1100 4634 puerum
1148 4564 1357 4617 dictum
1399 4572 1554 4633 putet
1625 4564 1696 4619 ob
1738 4565 1902 4618 vitam
1944 4580 2079 4635 pue~

429 4663 436 4675 ’
495 4659 669 4712 riliter
700 4667 901 4719 actam,
961 4656 1014 4708 id
1054 4670 1274 4725 quoque
1316 4654 1567 4711 moribus
1594 4657 1714 4728 eius
1745 4665 1829 4711 est
1873 4671 2078 4711 conve—

494 4742 927 4803 nientissimum’.
981 4745 1272 4815 Sceptrum
1328 4762 1523 4821 recens
1572 4749 1849 4819 adeptus,
1905 4750 2079 4804 lilium

494 4856 654 4895 suum
688 4838 947 4893 Basilium
979 4836 1291 4892 diademate
1341 4846 1396 4892 et
1448 4839 1811 4909 imperatorio
1856 4841 2081 4895 nomine

495 4941 673 4987 ornat.
709 4916 818 4984 Sed
848 4938 902 4982 ct
929 4930 1069 4983 alter
1105 4928 1155 4982 ei
1189 4929 1332 4984 lilius
1370 4939 1533 4983 natus
1562 4929 1787 4994 εει,ουὶ
1814 4929 1899 4983 avi
1940 4928 2085 4984 Con-

497 5024 720 5080 stantini
765 5038 964 5077 nomen
1015 5021 1235 5076 indidit.
1268 5021 1387 5092 lpse
1428 5021 1644 5077 deliciis
1678 5020 2085 5092 voluptatibus-

2176 4278 2279 4346 τῆς
2321 4276 2527 4348 βιοτῆς,
2561 4276 2639 4340 ὡς
2668 4278 2907 4348 εἴρηται,
2956 4277 3191 4332 ἀπεϐίω.
3235 4275 3294 4330 '0
3343 4276 3458 4334 υίὸς
3492 4275 3549 4328 δὲ
3589 4276 3764 4330 αὐτοῦ

2191 4369 2492 4439 Ῥωμανὸς,
2538 4368 2597 4432 ὃς
2642 4370 2737 4421 καὶ
2776 4369 2995 4422 Παιδίον
3038 4368 3273 4436 ἐλέγετο,
3315 4367 3419 4438 τῆς
3451 4367 3765 4437 αὑταρχίας

2180 4461 2503 4531 ἐπείληπτο.
2546 4460 2766 4514 Παιδίον
2800 4459 2845 4512 δ’
2874 4461 3118 4528 ἐλέγετο,
3152 4459 3250 4528 οὐχ
3281 4460 3363 4512 δτι
3394 4457 3659 4527 παιδικῆς
3684 4456 3767 4509 ὢν

2179 4553 2396 4624 ἡλικίας
2442 4553 2540 4621 τῆς
2573 4551 2850 4622 βασιλείας
2878 4551 3186 4621 ἐκράτησεν
3215 4551 3233 4622 (
3251 4550 3350 4621 ῆδη
3379 4549 3489 4619 γάρ
3533 4548 3767 4620 ἀνδράσι

2181 4651 2566 4718 συντέτακτο),
2603 4648 2722 4701 ἀλλ’
2752 4647 3326 4717 ἀντιδιαστελλόμενος
3346 4647 3482 4715 πρὸς
3512 4645 3611 4700 τὸν
3654 4662 3769 4716 μη·-

2177 4743 2497 4812 τροπάτορα
2538 4739 2845 4808 Ῥωμανδν,
2888 4738 3021 4792 ὄντα
3063 4737 3380 4809 πρεσϐύτην
3410 4739 3507 4791 καὶ
3547 4738 3767 4809 ὑπερή-

2177 4835 2325 4887 λικα.
2368 4833 2429 4884 Εἰ
2462 4832 2517 4883 δέ
2555 4849 2638 4894 τις
2687 4832 2833 4884 εἴποι
2877 4831 3098 4884 Παιδίον
3145 4830 3306 4883 αὐτὸν
3351 4829 3645 4882 καλεῖσθαι
3681 4832 3768 4882 ὅτι

2179 4926 2275 4979 καὶ
2299 4924 2663 4995 παιδαριώδης
2680 4920 2748 4995 ἦν
2767 4924 2966 4996 αὐτῷὴ
2991 4923 3125 4995 ζωὴ,
3151 4923 3423 4976 καὶτοῦτο
3444 4922 3523 4994 τῷ
3548 4923 3766 4976 ἐκείνου

2182 5016 2303 5086 ῆθει
2349 5015 2777 5086 ἁρμοδιώτατον.
2812 5016 2973 5088 ’Δρτι
3008 5015 3067 5069 δὲ
3116 5013 3226 5068 τῶν
3252 5015 3555 5086 σκήπτρων
3603 5014 3768 5083 γενό-

495 5135 605 5190 que
641 5117 896 5183 deditus,
947 5131 1003 5171 et
1064 5116 1194 5170 luxu
1252 5116 1526 5179 dillluens,
1579 5130 1704 5171 eum
1763 5114 2066 5169 hominiqu

2187 5125 2255 5177 με
2265 5125 2350 5170 νος
2370 5106 2666 5178 ἐγκρατὴς,
2688 5107 2779 5161 τὸν
2807 5108 2919 5159 υίὸν
2945 5104 3110 5160 αὐτοῦ
3129 5106 3220 5160 τὸν
3237 5104 3518 5159 Βασίλειον
3538 5108 3767 5173 ταινιοῖ,

495 5209 771 5278 corruplis
830 5218 887 5263 et
951 5208 1339 5277 pestilentibus
1388 5206 1552 5260 vitam
1606 5206 1828 5275 agebat,
1894 5221 2066 5259 rerum

2186 5202 2280 5251 καὶ
2329 5200 2574 5265 κλήσεως
2629 5198 2921 5269 βασιλικῆς
2968 5198 3128 5264 ἀξιοῖ.
3175 5195 3309 5251 Εἶτα
3360 5196 3456 5252 καὶ
3505 5197 3771 5269 δεύτερος

499 5299 974 5356 administratione
1044 5300 1335 5368 [imposito
1390 5306 1447 5352 ct
1508 5297 1750 5352 cubiculi
1817 5297 2066 5366 praefecto

2184 5291 2335 5361 αὐτῷ
2360 5290 2554 5363 ἐτέχθη
2588 5292 2725 5357 υίὸς.
2753 5292 2846 5345 ἐπὶ
2872 5291 2950 5364 τῷ
2982 5293 3193 5362 πάππῳ
3223 5291 3626 5361 Κωνσταντίνῳ
3666 5284 3770 5361 τῆν

500 5394 714 5462 Bringae
734 5392 973 5462 .Iosepbo
1012 5391 1287 5446 mandata.
1334 5389 1679 5459 Nicephorus
1723 5388 1932 5443 Phocas
1962 5404 2066 5442 ma-

2187 5382 2378 5451 κλῆσιν
2418 5379 2622 5449 λαχών.
2667 5379 2837 5443 Αὐτὸς
2889 5377 3108 5452 μὲνοῦν
3149 5384 3177 5434 ὁ
3214 5381 3495 5451 Ῥωμανδς
3526 5384 3770 5452 τρυφαῖς

498 5480 705 5550 gister,
754 5481 1091 5537 domesticus
1146 5480 1464 5550 legionum,
1516 5493 1642 5532 cum
1691 5478 1851 5550 justis
1905 5479 2066 5548 c0piis

2188 5475 2284 5526 καὶ
2312 5472 2666 5544 ἡδυπαθείαις
2683 5474 2943 5538 ἐξέδωκεν
2972 5476 3188 5539 ἐαυτὸν,
3214 5475 3308 5528 καὶ
3331 5475 3771 5547 ἐκδεδιῃτημένη

498 5578 695 5624 cmtra
742 5572 1038 5627 Cretenses
1095 5570 1401 5626 Saracenos
1454 5569 1683 5639 missus,
1754 5580 1811 5624 et
1865 5580 2066 5639 septem

2187 5568 2323 5638 ζωῇ,
2365 5568 2460 5621 καλ⁸
2494 5567 2720 5637 ἀνδράσι
2768 5566 2935 5637 συνῆν
2972 5568 3394 5638 διεφθαρμένοις
3436 5585 3496 5622 τε
3533 5571 3627 5621 καὶ
3658 5568 3769 5619 lot-

1696 5705 1898 5767 Variae
1922 5703 2226 5768 lectiones
2271 5712 2332 5768 et
2369 5712 2558 5769 nota).

571 5829 687 5903 (ὅθ)
720 5828 1349 5927 Σιιμόασιςζῇιξσαρξτβ.
1377 5829 1775 5911 ξῦριιίετριιιιιιε
1799 5832 2066 5907 Catalogu:

2170 5842 2520 5905 nperatorum
2548 5832 2781 5901 Codino,
2812 5834 2876 5889 de
2899 5832 3036 5888 orbis
3068 5836 3225 5906 orig.,
3267 5832 3570 5905 subjectus.
