3978 6256
491 326 596 392 illi

1802 322 2122 383 JOANNIS
2162 323 2483 384 ΖΟΝΑΒἉΕ

3641 324 3740 390 116

488 440 596 506 guli
635 436 804 508 empti
847 435 1110 490 frumenti
1155 433 1416 504 pretium,
1460 431 1512 486 in
1541 447 1699 488 suum
1741 432 1922 486 sinum
1978 432 2061 486 ai-

2184 434 2407 500 ιαλάξαι
2451 431 2648 503 ὁρμὴν,
2697 434 2726 486 6
2785 432 2842 486 δὲ
2893 433 3147 497 ἀπειλαῖς
3206 433 3412 504 μᾶλλον
3453 434 3588 488 αὐτὸ
3649 440 3742 489 καὶ

491 534 723 586 l'errent.
776 529 896 596 Quo
945 528 1176 591 audito,
1228 526 1419 598 populi
1477 526 1632 580 furor
1675 525 2062 580 vehementius

492 623 736 680 exarsit:
787 631 843 676 et
876 621 1110 676 Basilius
1143 620 1420 690 quondam
1465 619 1707 674 cubiculi
1750 619 2060 688 praefectus,

493 715 704 784 Bringaa
758 713 1046 776 infensus,
1105 728 1228 766 cum
1283 727 1538 782 magnum
1585 711 1908 767 comitatum
1957 713 2066 766 cir-

489 822 613 860 cum
675 821 734 860 se
804 805 1051 870 haberet,
1107 805 1201 860 ubi
1261 803 1726 873 advesperasset,
1780 804 2064 858 ministros

494 913 626 952 suos
666 909 908 952 armatos
955 898 1008 950 in
1041 898 1256 951 diversa
1309 896 1463 950 urbis
1507 897 1625 950 loca
1666 896 1921 961 dimisit,
1968 897 2063 966 qui

498 990 720 1044 urbanae
788 988 1129 1043 multitudini
1204 987 1540 1058 conjuncti,
1615 989 2064 1044 adversariorum

490 1083 656 1144 δεῖσε,
686 1090 741 1135 et
783 1081 956 1149 ipsius
996 1081 1161 1134 etiam
1217 1080 1428 1150 Brings:
1490 1088 1844 1145 everterunt,
1878 1082 2068 1137 multis

495 1188 717 1243 quoque
772 1173 1097 1228 interfectis.
1139 1173 1269 1239 Qua:
1308 1173 1437 1227 dum
1482 1173 1746 1238 facerent,
1789 1174 2064 1243 Nicepho-

496 1277 617 1316 rum
683 1263 883 1332 passim
943 1264 1330 1333 imperatorem
1404 1265 1841 1335 proclamat-ant.
1912 1266 2066 1322 Unde

493 1355 717 1410 fortuna
760 1355 952 1410 Bardas
982 1367 1036 1411 et
1061 1357 1274 1428 Bringaa
1301 1367 1634 1414 commutata
1667 1368 1770 1416 est.
1814 1359 1944 1414 Nam
1977 1360 2067 1414 ille

493 1457 717 1516 recepto
757 1447 942 1502 animo
972 1449 1260 1504 ecclesiam
1293 1465 1584 1520 egressus,
1625 1451 1716 1506 hic
1751 1451 1980 1520 supplex
2012 1461 2072 1504 et

500 1537 830 1593 miserabilis
881 1539 1162 1610 ingressus
1229 1550 1334 1596 est.
1398 1542 1468 1596 At
1531 1542 1768 1598 Basilius
1825 1542 2067 1597 cubiculi

500 1630 825 1697 praepositus
877 1645 1002 1684 cum
1042 1631 1156 1685 suis
1202 1631 1375 1685 classe
1426 1633 1714 1697 instructa,
1759 1633 1874 1702 ipsa
1902 1633 2066 1688 etiam

495 1719 858 1788 imperatoria
903 1737 1042 1776 nave
1072 1722 1326 1785 adducta,
1382 1723 1759 1793 ChrySOpolim
1811 1724 2064 1792 profecti,

2167 525 2505 595 τραχύτησιν
2545 523 2929 595 ἐξετράχυνεν,
2983 525 3176 591 εἰπὼν,
3211 527 3310 591 ὡς,
3372 525 3516 595 Ἐγὼ
3569 545 3741 580 κατα·

2169 618 2365 668 παύσω
2382 615 2562 676 αὐτοῖς
2582 615 2650 667 τὰ
2665 618 2690 668 ό
2704 633 2732 685 ρ
2741 619 2814 686 μή
2824 633 2992 684 ματα,
3018 617 3384 686 οἰκονομήσας
3401 617 3744 688 ὠνουμένους

2169 707 2362 769 αὐτοὺς
2397 709 2541 760 σῖτον
2569 708 2649 768 είς
2675 707 2766 759 τὸν
2812 706 3009 760 ἐαυτοῦ
3073 707 3274 760 κόλπον
3333 709 3519 781 φέρειν
3549 712 3613 763 τὸ
3649 710 3743 764 τοῦ

2170 798 2502 868 νομίσματος
2533 800 2788 854 ἕκαστον.
2817 801 2988 852 Τοῦτο
3014 801 3075 853 τὸ
3114 802 3321 870 πλῆθος
3358 803 3633 856 ἀκουσθέν
3661 803 3746 867 ἐξ-

2171 890 2398 959 ἐμηνεν.
2445 887 2727 960 Ἀπεχθῶς
2769 892 2826 944 δὲ
2865 892 3005 962 πρὸς
3061 891 3219 944 τοῦτο
3263 893 3327 963 δὴ
3365 894 3457 946 τὸν
3502 893 3746 964 Βρίγγαν

2170 981 2308 1052 ἔχων
2347 983 2373 1034 6
2418 981 2610 1052 πρώην
2661 983 3168 1053 παρακοιμώμενος
3226 986 3252 1036 6
3305 985 3609 1050 Βασίλειος,
3652 989 3746 1039 καὶ

2171 1073 2467 1145 θεραπείαν
2497 1075 2635 1147 ἔχων
2686 1077 2817 1145 περὶ
2844 1075 3039 1128 ἑαυτὸν
3081 1076 3300 1146 δαψιλῆ,
3354 1079 3601 1148 ἑσπέρας
3645 1079 3743 1149 ἤδη

2170 1171 2607 1242 καταλαϐούσης,
2641 1175 2763 1234 τοὺς
2785 1173 2979 1224 ἐαυτοῦ
3007 1172 3349 1242 θεράποντας
3381 1172 3744 1236 καθοπλίσας,

2169 1266 2249 1324 είς
2283 1264 2516 1334 διάφορα
2547 1264 2688 1334 μέρη
2721 1267 2821 1333 τῆς
2852 1265 3059 1326 πόλεως
3084 1265 3459 1330 ἐξαπέστειλε,
3498 1270 3594 1318 καὶ
3617 1265 3747 1316 πολ-

2169 1354 2267 1417 λάς
2297 1354 2474 1418 οἰκίας
2511 1357 2708 1407 ἐκεῖνοι
2743 1354 2939 1424 πλήθει
2993 1355 3259 1408 ἀστυκῶν·
3283 1355 3601 1418 ἐνωθέντες,
3637 1355 3746 1408 τῶν

2169 1447 2646 1517 ἀντιπραττόντων
2690 1447 3092 1517 κατέστρεψαν,
3146 1449 3240 1501 καὶ
3293 1449 3456 1502 αὑτοῦ
3485 1450 3625 1517 δῆτα
3654 1451 3748 1503 τοῦ

2173 1539 2403 1610 Βρίγγα,
2439 1541 2532 1591 καὶ
2554 1539 2831 1606 ἄνθρωποι
2861 1540 2914 1591 δὲ
2944 1539 3131 1592 πολλοὶ
3155 1541 3522 1610 ἀνῃρέθησαν.
3561 1542 3748 1594 Ταῦτα

2169 1631 2213 1684 δ’
2247 1631 2486 1695 ἐποίουν,
2519 1631 2613 1684 καὶ
2637 1631 2752 1700 ἅμα
2784 1632 3096 1702 Νικηφόρον
3136 1632 3421 1702 εὐφήμουν
3460 1632 3747 1702 πανταχοῦ

2175 1725 2582 1794 αὐτοκράτορα.
2631 1723 2915 1777 Ἐντεῦθεν
2967 1725 3295 1794 ἀμείϐονται
3356 1726 3426 1778 τὰ
3455 1726 3554 1794 τῆς
3583 1725 3754 1794 τύχης

495 1807 868 1878 Nicephorum
925 1812 1052 1866 inde
1101 1813 1153 1866 in
1189 1813 1568 1879 Hebdomum,
1623 1831 1688 1868 ex
1748 1815 2066 1884 llebdomo,

2184 1814 2252 1883 τῷ
2287 1815 2467 1885 Βάρδᾳ
2497 1817 2662 1884 Φωκᾷ
2685 1817 2781 1869 καλ⁸
2821 1815 2899 1885 τῷ
2932 1817 3165 1886 Βρίγγᾳ.
3195 1818 3304 1870 Καὶ
3349 1817 3376 1868 6
3425 1817 3523 1886 μὲν
3557 1817 3752 1888 τεθαρο

497 1901 756 1972 universo
792 1903 992 1972 populo
1028 1915 1433 1973 prosequente,
1479 1908 1534 1960 in
1596 1907 1842 1977 Magnam
1889 1910 2071 1963 eccle-

495 1994 634 2045 siam
669 1993 1071 2060 perduxerunt.
1105 1996 1198 2049 ubi
1233 2013 1262 2050 a
1295 1997 1605 2066 patriarcha
1647 2000 1946 2070 Polyeucto
1978 2016 2072 2054 co-

497 2095 724 2139 ronatus
766 2099 871 2140 est.
913 2088 1187 2143 Caaterum
1218 2090 1556 2161 Theophane
1612 2093 1929 2162 imperatrix
1962 2103 2072 2148 sla-

496 2177 596 2230 tim
627 2191 692 2229 ex
729 2179 876 2247 regia
912 2180 1088 2248 pulsa,
1119 2182 1170 2232 in
1205 2180 1448 2236 Petrium
1484 2183 1801 2249 abducitur,
1833 2195 1890 2240 et
1917 2185 2069 2240 Jose-

495 2266 640 2334 phus
661 2267 909 2322 cubiculi
934 2271 1266 2339 praepositus
1293 2272 1344 2325 in
1388 2273 1814 2343 Paphlagoniam
1859 2275 2069 2345 relega-

497 2365 621 2422 tus,
654 2357 880 2414 biennio
909 2370 1032 2430 post
1067 2362 1320 2417 moritur.
1356 2364 1560 2420 Bardas
1604 2382 1734 2420 vero
1771 2365 2068 2435 Nictaphori

496 2457 675 2517 pater.
719 2450 900 2506 Caesar
930 2453 1226 2519 salutatur,
1273 2464 1327 2510 et
1364 2459 1556 2526 paucis
1601 2456 1798 2512 diebus
1843 2459 2068 2527 elapsis,

497 2539 838 2611 Theophane
873 2543 1190 2612 imperatori
1236 2547 1415 2611 nubit,
1453 2547 1546 2617 qui
1585 2564 1708 2602 cum
1738 2565 1804 2602 ex
1832 2564 1897 2603 eo
1931 2559 2070 2604 tem-

497 2646 653 2701 pore,
687 2648 798 2701 quo
834 2632 976 2688 (ilius
1015 2650 1148 2689 suus
1173 2635 1378 2689 Bardas
1415 2638 1559 2690 inter
1610 2638 1999 2693 colludendum
2040 2655 2072 2694 a

496 2723 735 2792 patrueli
764 2724 958 2779 Pleuse
985 2740 1112 2780 casu
1139 2726 1292 2782 basta
1315 2728 1634 2784 interfectus
1661 2729 1860 2793 fuerat,
1889 2732 2070 2786 carni-

497 2813 604 2869 bus
662 2815 1044 2883 abstinuisset,
1121 2826 1236 2871 tnm
1294 2819 1362 2874 iis
1429 2820 1613 2874 denuo
1669 2823 1817 2877 vesci
1879 2823 2070 2892 coepit.

498 2904 637 2960 Cum
667 2915 853 2961 autem
882 2909 1196 2978 patriarcha
1227 2910 1392 2980 200
1419 2910 1472 2964 in
1501 2926 1643 2966 nova
1681 2913 1868 2982 palatii
1893 2914 2072 2968 eccle-

499 2999 582 3054 sia
622 2999 887 3069 nuptialia
917 3016 1070 3056 sacra
1102 3013 1409 3074 perageret,
1458 3013 1514 3060 et
1546 3005 1847 3075 imperator
1886 3007 1940 3060 in
1987 3021 2076 3061 sa-

500 3095 668 3154 crarii
699 3095 850 3150 aditu
869 3097 980 3167 jam
1003 3098 1260 3153 cancellis
1281 3099 1748 3170 appropinquaret
1774 3119 1786 3155 :
1818 3116 1927 3156 non
1950 3115 2074 3170 pas-

501 3200 598 3240 sus
634 3201 758 3241 eum
795 3189 1102 3256 patriarcha
1133 3189 1201 3245 de
1231 3205 1380 3245 more
1405 3207 1592 3246 secum
1626 3192 1869 3261 ingredi,
1907 3191 2071 3255 dixit,

502 3292 615 3330 non
657 3277 859 3334 debere
898 3293 1004 3334 tam
1050 3280 1418 3337 confidentem
1480 3299 1625 3348 esse,
1675 3292 1735 3338 ut
1772 3283 2078 3339 sacrarium

503 3369 760 3433 intraret,
798 3370 903 3424 nisi
945 3370 1100 3440 prius
1145 3387 1335 3440 pmnas
1379 3373 1590 3429 subiret
1632 3375 1850 3444 repetiti
1887 3376 2076 3430 matri-

506 3461 700 3515 monii.
745 3462 872 3517 Eam
913 3481 1026 3519 rem
1059 3481 1200 3536 a-grc
1222 3467 1405 3522 ferens
1429 3467 1730 3537 imperator
1754 3470 2080 3539 patriarcha:

505 3554 683 3609 iratus
711 3555 834 3614 fuit.
871 3555 977 3611 Sed
1006 3559 1202 3613 deinde
1234 3576 1454 3614 rumore
1482 3563 1721 3631 vulgato,
1746 3579 1872 3618 eum
1913 3565 2078 3618 etiam

507 3642 938 3712 TlteOpltanonis
981 3649 1189 3704 liberos
1229 3667 1258 3705 e
1305 3667 1463 3706 sacro
1518 3654 1848 3720 baptismate
1890 3672 2080 3710 susce-

511 3735 660 3806 pisse
690 3757 701 3791 :
729 3739 798 3793 ab
823 3740 1016 3794 eodem
1045 3744 1292 3798 ecclesiae
1318 3747 1606 3802 lin‘iiuibus
1626 3757 1711 3804 est
1741 3751 2080 3819 prohibitus,

511 3829 852 3898 postulante,
891 3841 950 3885 ut
983 3843 1077 3886 aut
1105 3834 1404 3890 divortium
1443 3839 1670 3903 faceret,
1702 3849 1796 3894 aut
1831 3842 2020 3910 procul
2054 3858 2083 3895 a

514 3921 689 3975 sacris
737 3922 1060 3978 facesseret.
1098 3927 1301 3980 Verum
1363 3929 1452 3982 ille
1509 3929 1918 4000 TheOpltanone
1973 3949 2082 3988 non

513 4011 806 4075 abstinuit,
844 4013 1108 4082 ﬂagrante
1143 4018 1322 4072 adhuc
1355 4035 1565 4085 amore,
1599 4021 1694 4075 sed
1725 4024 2082 4091 quaestionem

514 4103 584 4156 ad
619 4119 864 4160 summos
903 4109 1241 4172 Sacerdotes,
1279 4119 1333 4165 et
1364 4119 1587 4165 senatus
1633 4114 1912 4183 principes
1937 4124 2086 4169 retu-

513 4195 576 4250 Iit
603 4213 617 4250 :
655 4198 747 4267 qui
783 4200 1208 4269 responderunt,
1235 4218 1360 4256 eum
1390 4219 1654 4258 eanonem
1682 4205 1775 4274 qui
1814 4221 1842 4259 a
1874 4205 2086 4275 Copro-

514 4303 680 4360 nymo
722 4290 944 4346 homine
978 4291 1147 4361 impio
1189 4293 1523 4348 constitutus
1559 4304 1725 4358 esset,
1757 4295 1939 4349 valere
1977 4311 2084 4350 non

514 4389 794 4446 oportere,
837 4381 1156 4452 scriptoque
1182 4394 1359 4438 ratum
1393 4385 1512 4455 ejus
1542 4387 1952 4440 matrimonium
1987 4388 2086 4440 ba-

2176 1905 2356 1978 ρηκὼς
2387 1904 2534 1976 ἐξῄει
2563 1905 2664 1974 τῆς
2701 1906 3021 1976 ἐκκλησίας,
3046 1909 3073 1960 6
3106 1906 3161 1959 δὲ
3197 1906 3439 1977 Βρίγγας
3472 1909 3550 1969 εις
3579 1908 3750 1975 αὐτὴν

2173 1998 2449 2068 ἀντεισῄει
2495 1998 2680 2067 ίκὲτης
2729 1997 2982 2060 ἐλεεινός.
3042 1996 3104 2050 '0
3144 1996 3199 2049 δέ
3249 1997 3750 2066 παρακοιμώμενος

2172 2090 2454 2152 Βασίλειος
2483 2091 2576 2142 καὶ
2599 2091 2646 2141 οἱ
2672 2089 2803 2158 περὶ
2831 2091 2993 2142 αὐτὸν
3031 2089 3278 2158 τριήρεις
3331 2087 3748 2157 ἑτοιμάσαντες,

2171 2180 2267 2233 καὶ
2301 2181 2475 2251 αὐτὴν
2509 2180 2608 2248 τὴν
2640 2179 2933 2248 βασίλειον,
2969 2181 3064 2232 καὶ
3101 2180 3198 2231 σὺν
3225 2179 3416 2243 αὐταῖς
3441 2180 3500 2232 ἐν
3537 2180 3752 2248 Χρυσο-

2171 2273 2326 2326 πόλει
2355 2272 2660 2340 γενόμενοι,
2686 2271 2776 2324 τὸν
2793 2270 3114 2341 Νικηφόρον
3140 2268 3352 2323 ἐκεῖθεν
3371 2273 3449 2333 εἰς
3470 2270 3531 2323 τὺ
3556 2270 3751 2322 Ἕϐδο-

2175 2382 2274 2435 μον
2301 2365 2520 2432 ἄγουσι,
2549 2362 2806 2416 κάκεῖθεν
2839 2365 2936 2415 σὺν
2970 2362 3186 2430 προόδῳ
3220 2361 3513 2430 δημοτελεῖ
3541 2364 3624 2426 είς
3653 2363 3750 2431 τὴν

2171 2455 2429 2524 Μεγάλην
2457 2453 2756 2524 ἐκκλησίαν
2815 2452 3100 2521 ἀφίκοντο,
3159 2452 3254 2504 καὶ
3292 2454 3491 2504 ταινιοῖ
3533 2452 3626 2504 τὸν
3659 2452 3750 2505 ἀν-

2171 2549 2274 2618 δρα
2301 2551 2325 2600 6
2373 2547 2717 2615 πατριάρχης
2755 2544 3114 2606 Πολύευκτος.
3167 2543 3235 2596 Ἡ
3281 2543 3338 2596 δὲ
3380 2542 3589 2612 βασιλὶς
3621 2543 3751 2595 Beo-

2174 2641 2346 2710 φανὼ,
2381 2641 2581 2691 αὐτίκα
2617 2638 2726 2690 τῶν
2762 2637 3081 2706 ἀνακτόρων
3123 2635 3411 2701 ἐξωθεῖσα,
3455 2637 3533 2698 είς
3559 2637 3620 2689 τὸ
3653 2636 3752 2688 Πέ-

2172 2751 2322 2802 τριον
2356 2731 2665 2799 ἀπάγεται·
2718 2732 2745 2781 6
2773 2729 2831 2782 δὲ
2865 2728 3367 2798 παρακοιμώμενος
3431 2728 3631 2799 Ἰωσὴφ
3671 2729 3750 2790 είς

2175 2826 2558 2895 Παφλαγονίαν
2585 2823 2962 2895 περιορίζεται
3013 2825 3108 2878 καὶ
3141 2823 3280 2894 μετά
3323 2824 3416 2876 δύο
3468 2823 3753 2888 ἐνιαυτοὺς

2173 2917 2408 2972 ἀπεϐίω.
2441 2916 2651 2984 Βάρδας
2679 2916 2733 2968 δὲ
2767 2918 2795 2968 ό
2842 2913 2935 2968 τοῦ
2973 2915 3292 2984 Νικηφόρον
3325 2899 3504 2986 πατῆρ
3538 2917 3754 2985 Καῖσαρ

2174 3010 2455 3078 τετίμητο.
2486 3008 2621 3061 Μετ’
2668 3006 2860 3074 ὀλίγας
2902 3006 2959 3059 δὲ
3004 3005 3216 3077 ἡμέρας
3269 3005 3448 3074 ἐαυτῷ
3491 3009 3593 3072 τὴν
3626 3005 3756 3058 Θεο-

2177 3100 2331 3170 φανὼ
2357 3097 2652 3163 συνοικίζει
2686 3099 2712 3151 ό
2745 3097 3024 3168 βασιλεὺς,
3074 3099 3169 3150 καὶ⁷
3204 3096 3384 3167 κρεῶν
3415 3096 3755 3165 ἀπεχόμενος

2179 3194 2364 3258 ἐξότου
2399 3192 2613 3262 Βάρδας
2659 3193 2687 3244 6
2719 3193 2848 3254 παῖς
2901 3190 3064 3243 αὑτοῦ
3101 3188 3178 3258 τῷ
3227 3188 3411 3258 οἰκείῳ
3441 3187 3651 3256 ἀνεψιῷ
3680 3187 3756 3256 τῷ

2182 3282 2403 3353 Πλεύσῃ
2453 3281 2812 3351 προσπαίζων
2862 3280 3050 3351 δόρατι
3117 3278 3246 3348 παρ’
3294 3279 3505 3331 ἐκείνου
3537 3279 3756 3349 βληθεὶς

2182 3377 2410 3438 ἄκοντος
2443 3375 2732 3444 τέθνηκεν,
2784 3373 2972 3426 ἔκτοτε
3043 3373 3135 3426 καὶ
3193 3373 3410 3435 τούτοις
3462 3373 3749 3442 ἐτρέφετο.

2195 3467 2281 3519 Ἐν
2311 3467 2369 3519 δὲ
2400 3469 2464 3534 τῇ
2497 3467 2638 3519 κατὰ
2667 3467 2732 3517 τὰ
2763 3463 3008 3534 βασίλεια
3051 3464 3146 3534 νέᾳ
3176 3463 3445 3534 ἐκκλησίᾳ
3473 3465 3575 3532 τῆς
3610 3465 3754 3534 ἱερο-

2183 3558 2371 3627 λογίας
2417 3560 2516 3626 τῆς
2566 3556 2814 3626 γαμικῆς
2848 3555 3180 3626 τελουμένης
3228 3556 3380 3625 παρὰ
3415 3555 3757 3608 Πολυεύκτου

2182 3651 2276 3704 τοῦ
2309 3649 2672 3718 πατριάρχου,
2709 3649 2768 3700 ἐν
2797 3649 2863 3718 τῇ
2913 3646 3102 3714 είσόδῳ
3151 3649 3214 3717 τῇ
3267 3647 3404 3718 πρὸς
3457 3648 3520 3698 τὸ
3569 3647 3760 3700 θυσιαο

2187 3746 2411 3812 στήριον
2443 3740 2554 3810 (57)
2585 3739 2687 3810 ήδη
2715 3741 2835 3801 ταῖς
2858 3738 3137 3806 κιγκλίσιν
3167 3738 3394 3806 ἐγγίσας
3422 3740 3448 3790 6
3479 3737 3758 3807 βασιλεὺς,

2185 3831 2428 3900 ἐκωλύθη
2455 3832 2604 3900 παρὰ
2632 3828 2724 3882 τοῦ
2756 3828 3098 3898 πατριάρχου
3127 3828 3513 3892 συνεισελθεῖν,
3544 3829 3620 3889 ὡς
3645 3828 3762 3889 ἔθος

2186 3922 2355 3992 αύτῷ,
2387 3925 2678 3991 φήσαντος,
2703 3922 2763 3974 Εἰ
2790 3921 2862 3989 μὴ
2888 3920 3152 3990 πρότερον
3177 3920 3475 3989 ἐπιτιμίοις
3500 3917 3760 3988 δουλεύση

2187 4015 2295 4068 τῶν
2323 4013 2895 4083 δευτερογαμούντων,
2935 4012 3012 4083 μὴ
3044 4013 3154 4068 δεῖν
3185 4012 3349 4064 αὑτὸν
3394 4013 3494 4080 τῆς
3535 4013 3674 4082 πρὸς
3706 4012 3764 4063 τὺ

2191 4105 2583 4174 θυσιαστήριον
2619 4103 2825 4156 εἰσόδου
2863 4103 3237 4173 κατατολμᾷν.
3271 4100 3443 4155 Τοῦτο
3479 4104 3764 4171 δυσφόρως

2189 4199 2421 4268 ἤνεγκεν
2477 4197 2504 4246 6
2554 4194 2798 4265 κρατῶν,
2862 4193 2958 4247 καὶ⁸
3009 4193 3211 4264 ἐμηνία
3267 4192 3344 4262 τῷ
3413 4194 3759 4263 πατριάρχη.

2203 4289 2450 4357 Ἐγένετο
2485 4287 2541 4338 δέ
2591 4303 2676 4350 τις
2724 4284 2866 4354 μετὰ
2914 4284 3089 4340 ταῦτα
3119 4286 3213 4338 καὶ
3247 4285 3427 4353 λόγος,
3465 4286 3533 4337 δι’
3569 4286 3631 4338 ὃν
3659 4286 3764 4338 οὐδ’

2193 4381 2449 4446 ἐπιϐῆναι
2485 4379 2647 4432 αὐτὸν
2685 4379 2823 4440 ὅλως
2851 4378 2943 4431 τοῦ
2994 4379 3142 4450 ἱεροῦ
3193 4377 3427 4430 δαπέδου
3462 4379 3764 4448 συνεχώρει
3796 4402 3800 4406 ~

515 4467 772 4522 buerunt.
809 4468 916 4524 Sed
943 4473 1252 4540 patriarcha
1279 4489 1437 4528 suum
1463 4477 1802 4546 propositum
1835 4477 2079 4547 urgebat,

2191 4470 2220 4522 6
2251 4469 2620 4540 πατριάρχης.
2663 4468 2913 4536 Ἐλέγετο
2949 4468 3060 4538 γὰρ
3086 4468 3343 4536 ἀνάδοχος
3369 4467 3628 4535 γενέσθαι
3655 4467 3764 4538 (58)

1692 4639 1885 4698 Variae
1925 4636 2226 4698 lectiones
2273 4639 2335 4696 et
2382 4642 2568 4697 noue.

593 4771 860 4849 (57)_“Er
915 4773 988 4849 τῇ
1049 4778 1266 4841 εἰσόδῳ
1319 4778 1393 4846 τῇ
1441 4781 1591 4845 πρὸς
1642 4780 1708 4833 τὸ
1764 4783 2096 4849 θυσιαστή-

515 4842 1022 4920 ριοζζξῖυηιιτιίιιιιι
1057 4857 1268 4920 narrat,
1289 4842 1389 4920 sed
1415 4842 1580 4918 panici
1606 4851 1788 4915 aliter,
1815 4842 2096 4920 Scylitzes.

523 4925 590 4993 ρ..
621 4911 1338 4993 Qi_8.___0bservavimus'in
1405 4911 1586 4993 nostra
1639 4911 2099 4993 Constantinopoli

526 4979 720 5062 Christ.
746 4982 840 5036 lib.
867 5000 944 5042 Ill,
969 4993 1103 5039 sect.
1129 4988 1218 5048 42,
1241 5003 1364 5042 cum
1388 4989 1520 5044 solis
1538 4991 1914 5062 sacerdotibus
1938 4979 2098 5062 bema

527 5061 954 5129 pervium-esset,
982 5071 1303 5129 concessum
1341 5068 1524 5113 tamen
1555 5061 1873 5129 imperatori
1903 5100 1917 5124 ,
1956 5061 2100 5114 κατά

525 5138 650 5200 τινα
694 5123 928 5200 παλαιὰν
965 5127 1286 5194 παράδοσιν,
1325 5129 1458 5184 illud
1501 5123 1732 5200 ingredi,
1771 5123 1912 5184 cum
1945 5145 2099 5184 sacra

527 5189 669 5271 dona
720 5192 1008 5271 oblaturus
1047 5189 1212 5271 esset,
1262 5189 1327 5252 ex
1369 5189 1589 5270 synodo'
1622 5189 1796 5253 Trull.
1845 5215 1968 5254 can.
2016 5200 2104 5254 69.

529 5259 630 5315 llic
657 5277 788 5316 vero
831 5264 1130 5339 imperator
1153 5259 1542 5338 Pbocasfpost
1587 5280 1803 5339 peracta
1845 5271 2108 5338 nuptialia

529 5343 870 5410 sacramenta
912 5338 992 5403 (ἐν
1032 5338 1166 5410 ναῷ,
1199 5351 1269 5410 ut
1293 5350 1377 5394 est
1407 5342 1460 5392 in
1499 5338 1856 5409 Eucliologio,
1891 5356 1944 5408 p.
1978 5340 2106 5410 585)

526 5417 670 5484 cum~
709 5407 1017 5484 patriarcha
1079 5407 1138 5461 in
1197 5409 1356 5464 belua
1409 5407 1925 5484 ingressurustdi;
1983 5407 2103 5484 ἔθος

529 5474 796 5550 angeli
831 5475 922 5529 illo
971 5486 1192 5530 arcetur
1225 5484 1291 5532 ab
1338 5474 1531 5533 eodein
1569 5474 1878 5550 patriarcha
1909 5497 1930 5550 :7
1960 5479 2101 5550 unde

528 5545 727 5611 conjici
761 5545 1009 5618 daretur,
1046 5561 1108 5600 ea
1147 5558 1470 5617 tempestate
1502 5545 1886 5618 im'pcratoret'n
1921 5549 1975 5601 in
2008 5548 2104 5602 be-

530 5615 889 5689 ntatefedeln
933 5615 1397 5689 suaurhabuissc3
1431 5615 1608 5689 Certe
1635 5631 1824 5673 auctor
1858 5619 2100 5673 incertus

529 5683 1073 5757 post_Tlieophancm
1096 5685 1149 5740 in
1178 5687 1358 5741 Leone
1381 5683 1669 5751 "Armenio,
1697 5705 1747 5757 p.
1781 5690 1904 5752 439,
1932 5697 2099 5743 testa-

534 5761 625 5806 tur
657 5753 1017 5824 imperatores
1058 5757 1214 5812 bema
1254 5757 1464 5830 ingredi
1497 5753 1735 5816 solitos';
1764 5759 1870 5814 Καὶ
1903 5759 2095 5830 προελ-

2199 4778 2308 4832 θὼν
2343 4781 2409 4848 τῇ
2442 4777 2676 4846 Χριστοῦ
2709 4776 2970 4848 γεννήσει
3002 4776 3152 4848 ἐν.τῇ
3188 4773 3488 4848 ἐκκλησίᾳ,
3519 4775 3766 4848 εἰσῆλθεν

2199 4851 2256 4899 ἐν
2282 4848 2360 4916 τῷ
2384 4844 2783 4916 θυσιαστηρίῳ,
2814 4844 2953 4899 κατά
2981 4846 3040 4897 τὸ
3065 4844 3185 4916 ἔθος
3214 4846 3322 4898 τῶν
3350 4844 3638 4913 βασιλέων,
3665 4856 3766 4899 etc.

2199 4915 2468 4972 Exstitcre
2521 4915 2702 4972 tamen
2739 4915 2966 4986 aliquot
2996 4915 3240 4969 ecclesiae
3283 4916 3337 4968 in
3398 4930 3635 4986 quarunt
3681 4916 3769 4968 be-

2200 4997 2344 5042 mata
2376 4988 2659 5056 quibusvis
2705 4984 2914 5055 ingredi
2950 4985 3030 5056 fas
3073 4995 3209 5056 erat,
3244 5001 3308 5038 cx
3338 4984 3525 5056 nescio
3553 5000 3664 5052 quo
3696 4988 3772 5038 in-

2200 5068 2350 5112 certo
2385 5054 2448 5110 ac
2481 5057 2708 5111 tolerato
2751 5054 2946 5111 abusu.
2995 5055 3255 5109 Scholion
3301 5054 3368 5108 ad
3419 5069 3540 5106 can.
3581 5056 3651 5108 69
3689 5070 3774 5123 sy-

2200 5128 2330 5182 nodi
2386 5128 2656 5180 Trullanm
2709 5145 2722 5182 :
2772 5127 3088 5196 Σημείωσαι
3130 5125 3219 5196 τόν
3262 5124 3507 5196 παρόντα
3552 5124 3771 5196 κανόνα,

2199 5200 2293 5251 καὶ
2327 5198 2561 5262 φύλαττε
2601 5196 2788 5248 τοῦτον
2815 5189 2965 5247 ·”κᾶν
2999 5193 3110 5260 ἐγὼ
3143 5194 3243 5246 ούκ
3286 5189 3557 5264 ήδύνήῌθην
3594 5189 3768 5264 κωλῦ-

2203 5285 2292 5319 σαι
2315 5269 2440 5329 τοὺς
2471 5267 2890 5336 εἰσερχομένους
2915 5266 3212 5336 κοσμικοὶις
3251 5262 3414 5336 ειςΑτδ
3440 5262 3598 5336 ἅγιον
3625 5262 3774 5336 βῆμα

2199 5338 2297 5407 τῆς
2339 5331 2655 5407 ὑπεραγίᾲξ
2693 5331 2802 5402 ’μου
2833 5333 3097 5407 εᾷεοτόκου
3134 5335 3232 5402 τῆς
3275 5331 3776 5407 ξυὸηγητρίαςίλέ·

2204 5402 2401 5476 γοντας
2435 5402 2674 5476 ἀρχῆθεν
2703 5404 2990 5476 κρατῆσαι
3011 5404 3108 5473 τὴν
3129 5402 3396 5476 τοιαύτην
3431 5403 3773 5476 συνήθειαν,
3807 5409 3812 5416 “

2205 5469 2262 5529 ἓν
2285 5495 2344 5529 τε
2376 5476 2454 5544 τῷ
2477 5469 2635 5544 ’ἁγίῳ
2667 5469 2799 5542 οἴκῳ
2824 5469 2922 5544 τῆς
2963 5469 3328 5544 Θεοξιήτορος,
3348 5469 3454 5526 καὶ
3490 5474 3547 5544 ἐν
3567 5469 3657 5544 ’τῷ
3685 5469 3774 5524 τοῦ

2203 5541 2456 5616 Σωτῆρος
2489 5541 2645 5616 ήμῶν
2693 5541 3142 5616 ἸησοῦςΧριστου
3167 5543 3260 5596 τοῦ
3305 5546 3361 5616 ἐν
3389 5545 3454 5616 τῇ
3492 5541 3706 5616 Χαλκῇ.

2271 5612 2382 5686 (58)
2425 5612 2695 5686 Ἐλέγετο
2720 5615 2830 5681 γὰρ
2857 5613 3156 5686 ᾀ-νιίδοχος
3185 5612 3595 5686 γεγέᾳθαιῳιο.
3629 5613 3780 5665 Lint-

2198 5683 2442 5756 prandus
2473 5687 2524 5738 in
2557 5685 2744 5752 Legat.
2771 5688 2839 5738 de
2862 5683 3203 5756 Nicephoro:
3231 5683 3334 5747 Qui
3364 5698 3468 5756 non
3498 5683 3776 5756 incongru.

2194 5752 2420 5812 ἑὶίυινδιτὶ
2456 5756 2602 5810 asino
2630 5766 2975 5826 comparatur
3017 5753 3076 5807 ob
3107 5769 3299 5808 cunam
3338 5761 3384 5806 ct
3419 5755 3633 5808 inanem
3665 5752 3777 5823 glo-
