3982 6248
459 229 564 293 110

1737 235 1978 296 JOANN
1986 238 2055 299 IS
2096 240 2414 302 ZONARIE

3611 241 3710 305 120

456 346 666 402 'friduo
696 348 884 420 elapso
916 349 1108 405 classis
1139 349 1392 420 Egyptian
1418 349 1786 406 Tarsensibus
1823 352 2014 407 auxilit

2135 371 2230 425 ρος
2266 354 2473 424 ταύτης
2506 354 2652 411 ἑάλω
2691 355 3174 428 πολιορκούμενον,
3230 356 3281 410 οἱ
3322 356 3365 408 δ’
3416 355 3476 408 ὲν
3531 356 3706 428 τούτῳ

457 438 644 507 missa,
689 438 756 495 ad
812 448 1013 496 terram
1060 440 1371 511 appellendi
1420 440 1734 496 facultatem
1774 458 1883 496 non
1924 454 2014 496 ba-

454 530 595 594 buit,
628 530 937 601 eademque
990 531 1047 586 in
1101 530 1282 586 reditu
1313 541 1369 587 et
1397 541 1689 587 ventorum
1726 533 1985 603 procellis
2010 569 2026 598 ,

453 632 507 676 et
546 619 918 677 Romanarum
961 622 1267 677 triremium
1293 623 1701 679 incursionibus
1740 624 1934 695 majori
1961 641 2029 679 ex

454 722 610 781 parte
642 715 823 782 periit.
859 715 1162 784 Imperator
1179 714 1707 786 Constantinopolim
1742 732 2026 779 reversus.

451 820 624 861 aereas
657 804 809 860 Tarsi
854 816 909 862 et
979 800 1292 878 bIOpvestiae
1359 818 1542 878 portas
1608 807 1864 878 exquisiti
1899 808 2028 864 arti-

455 896 585 962 ﬁcii,
613 896 771 952 novis
808 900 1149 954 ornamentis
1189 899 1422 967 additis,
1458 901 1657 971 partim
1688 902 2025 972 murojuxta

452 988 768 1059 Acropolim
800 990 1077 1053 orientali,
1115 993 1311 1061 partim
1346 992 1675 1047 occidentali
1712 1007 2027 1048 accommo-

452 1079 624 1147 davit,
668 1089 832 1152 atque
868 1083 1036 1137 etiam
1067 1082 1181 1137 Deo
1226 1084 1383 1154 quasi
1411 1085 1688 1155 primitias
1719 1085 2028 1154 expeditio-

452 1171 538 1227 nis
567 1188 679 1229 sua
701 1173 904 1229 obtulit
930 1190 943 1226 :
980 1176 1316 1230 venerandis
1349 1177 1631 1243 crucibus,
1656 1177 1864 1247 quibus
1896 1175 2025 1230 Bar-

450 1264 568 1319 bari
615 1265 773 1334 potiti
826 1267 1076 1332 fuerant,
1128 1283 1253 1323 cum
1320 1269 1568 1342 Stypiota
1608 1269 1888 1341 legionum
1926 1268 2024 1324 do-

448 1359 730 1424 mesticus,
777 1359 832 1414 in
883 1360 1173 1417 obsidione
1211 1361 1397 1429 Tarsi,
1437 1378 1499 1417 re
1548 1378 1647 1432 per
1710 1361 2027 1431 impruden-

449 1449 581 1503 tiam
606 1450 749 1507 male
770 1461 943 1521 gesta,
973 1453 1184 1508 cladem
1208 1454 1531 1523 accepisset,
1556 1452 1770 1509 Sanctae
1796 1452 2016 1523 Sophia;

450 1544 653 1613 templo
679 1544 967 1611 dedicatis,
989 1545 1229 1618 Cyprum
1264 1562 1484 1618 quoque
1512 1547 1578 1601 ab
1605 1546 1867 1617 Agarenis
1909 1562 2005 1600 oc.

2132 445 2431 517 Ἀγαρηνοὶ
2463 446 2602 517 πρὸς
2638 448 2699 501 τὸ
2746 448 2935 502 λοιπὸν
2964 447 3380 519 μιτεχὼρησαν,
3430 447 3511 518 τῷ
3539 465 3710 500 κατα-

2131 536 2471 609 λελειμμένῳ
2524 536 2634 610 πῦρ
2679 540 3008 611 ἐμϐαλόντες
3040 558 3054 573 -
3101 535 3221 593 εἶτα
3265 540 3359 593 καὶ
3409 539 3470 592 τὸ
3517 539 3707 607 ἕτερον

2132 629 2384 689 ἑαλώκει.
2412 632 2505 685 καὶ
2534 632 2712 695 οὐδεὶς
2738 631 2949 686 ἐκεῖθεν
2978 632 3181 703 διέδρα.
3224 632 3334 702 Τὴν
3365 632 3423 685 δὲ
3460 633 3560 697 τῆς
3591 633 3707 685 Μο-

2129 720 2423 790 ψουεστίας
2454 723 2790 794 ἐκπόρθησιν
2840 725 2889 777 οἱ
2944 725 3002 778 ἐν
3047 727 3112 795 τῇ
3163 723 3364 794 Ταρσῷ
3416 723 3704 793 μαθόντες,

2128 810 2220 864 τὸν
2255 811 2480 880 βασιλέα
2510 813 2935 875 ἐπεκαλέσαντο,
2969 813 3066 866 καὶ
3105 815 3206 884 τὴν
3261 813 3417 865 πόλιν
3462 812 3706 882 παραδε-

2130 903 2392 957 δώκασιν.
2443 903 2701 976 Ἥμερῶν
2734 904 2790 957 δὲ
2828 904 2996 975 τριῶν
3041 904 3386 969 διελθουσῶν,
3422 906 3610 969 στόλος
3637 904 3696 970 ἐξ

2128 996 2407 1063 Αἰγύπτου
2436 999 2500 1065 τῇ
2548 996 2747 1067 Ταρσῷ
2781 996 3066 1067 βοηθήσων
3115 997 3476 1061 κατέπλευσε,
3533 1013 3706 1067 προσ-

2128 1088 2336 1143 οκεῖλαι
2365 1089 2422 1143 δὲ
2443 1092 2509 1160 τῇ
2546 1089 2728 1160 χέρσῳ
2757 1090 2819 1143 οὑ
2857 1089 3273 1160 συγκεχώρητοο
3299 1090 3381 1143 διὸ
3414 1089 3508 1144 καὶ
3547 1086 3706 1153 αὖθις

2129 1181 2503 1236 ἀπέπλευσεν
2536 1183 2755 1253 ἀνέμων
2796 1182 2852 1235 δὲ
2906 1181 3112 1253 βιαίαις
3180 1184 3393 1245 πνοιαῖς
3474 1201 3707 1253 περιπε-

2127 1271 2362 1333 πτωκὼς
2391 1273 2485 1326 καὶ
2513 1274 2762 1343 τριήρεσι
2777 1272 3116 1341 Ῥωμαϊκαῖς
3146 1275 3175 1328 ὁ
3200 1273 3400 1327 πλείων
3422 1275 3704 1331 ἀπώλετο.

2138 1366 2198 1419 '0
2237 1366 2291 1419 δὲ
2323 1365 2577 1436 βασιλεὺς
2610 1366 2974 1432 ὲπανέξευξεν
3000 1368 3081 1429 εἰς
3121 1366 3218 1438 τὴν
3266 1367 3704 1432 Κωνσταντίνου,

2127 1459 2225 1522 τὰς
2256 1460 2355 1529 τῆς
2397 1458 2614 1529 Ταρσοῦ
2667 1458 2840 1523 πύλας
2895 1460 2991 1513 καὶ
3043 1458 3145 1523 τὰς
3184 1460 3286 1529 τῆς
3315 1459 3703 1529 Μοψουεστίας

2128 1548 2492 1618 ἐπαγόμενος,
2550 1551 2614 1602 ἐκ
2653 1548 2861 1618 χαλκοῦ
2907 1549 3308 1618 πεποιημένας,
3351 1550 3448 1604 καὶ
3503 1549 3705 1620 τέχνης

447 1643 725 1705 cupatam,
748 1636 996 1692 Romano
1022 1639 1254 1709 imperio
1278 1639 1539 1694 restituit.
1571 1638 1780 1693 Deinde
1809 1636 2014 1711 Syriam

2128 1640 2484 1703 δεικνυοὺσας
2530 1640 2837 1709 ἁκρίῦειαν,
2883 1640 2951 1703 ἃς
2989 1640 3242 1702 κάκεῖνος
3294 1640 3702 1711 ἐπικοσμήσας,

448 1727 668 1793 invasit,
716 1737 772 1783 et
820 1728 1057 1785 urbibus
1101 1705 1174 1786 ad
1236 1730 1538 1797 Libanum,
1570 1738 1626 1787 et
1666 1730 1825 1799 juxta
1851 1705 2014 1783 vmare

2127 1730 2226 1794 τὰς
2259 1730 2358 1800 μὲν
2385 1730 2464 1802 τῷ
2497 1705 2637 1785 κατα
2662 1733 2761 1802 τὴν
2803 1732 3126 1802 Ἀκρόπολιν
3170 1730 3291 1804 ἑῴῳ
3320 1705 3702 1802 τεὶχειτπνρδσ-

446 1818 569 1875 sitis
597 1820 798 1890 partim
841 1820 1187 1892 expugnatis,
1222 1822 1423 1891 partim
1465 1822 1715 1885 vastatis.
1778 1822 1844 1876 ad
1899 1822 2013 1875 An-

445 1910 705 1966 tiochiam
749 1911 923 1967 venit.
961 1912 1067 1967 Sed
1102 1912 1465 1968 Antiochenis
1496 1913 1678 1968 acrius
1707 1913 2018 1968 resistenti-

445 2000 580 2068 bus,
617 2002 919 2059 accedente
963 2004 1130 2059 ctiam
1158 2012 1501 2059 commeatus
1526 2004 1779 2075 penuria,
1814 2012 1871 2058 et
1898 2004 2018 2059 solo

443 2094 715 2150 imbribus
761 2095 1074 2161 inundato.
1134 2096 1313 2152 soluta
1373 2096 1660 2153 obsidione
1705 2097 1759 2151 in
1822 2096 2015 2151 urbem

443 2185 751 2254 principem
793 2194 878 2241 est
916 2201 1198 2254 reversus,
1277 2187 1440 2242 allata
1468 2186 1777 2242 Servatoris
1809 2186 2014 2243 Christi

447 2289 601 2330 sacra
648 2276 945 2347 divinaque
1006 2275 1206 2348 eﬂigie,
1254 2276 1529 2346 Hierapoli
1576 2278 1745 2349 Syria:
1800 2279 1856 2333 in
1908 2279 2014 2333 olla

447 2375 689 2436 reperta.
770 2378 826 2422 et
882 2378 1036 2438 parte
1094 2367 1417 2437 capillorum
1473 2368 1701 2424 Joannis
1748 2369 2007 2439 Baptistae

446 2456 715 2526 sanguine
760 2467 1037 2512 concreta.
1070 2457 1149 2512 Ac
1199 2457 1257 2512 in
1303 2458 1471 2512 rebus
1496 2458 1712 2514 bellicis
1757 2458 1880 2512 talis
1914 2457 2017 2512 fuit

442 2548 534 2603 hic
564 2548 886 2618 imperator,
929 2550 1275 2621 Romanique
1316 2551 1531 2621 imperii
1566 2550 1702 2606 lines
1748 2551 1907 2622 longe
1933 2551 2015 2605 la-

444 2648 608 2710 teque
652 2642 1000 2712 propagavit.
1045 2642 1152 2697 Sed
1188 2643 1354 2698 certis
1401 2641 1468 2696 de
1513 2642 1719 2708 causis,
1769 2642 2015 2696 omnium

443 2729 570 2785 odia
624 2733 890 2802 suscepit.
927 2731 1018 2787 Eae
1054 2734 1302 2797 fuerunt,
1324 2734 1473 2806 quod
1505 2749 1629 2788 cmn
1698 2734 1735 2788 ii
1787 2735 2013 2799 milites,

441 2837 584 2892 quos
627 2823 956 2880 defectionis
1006 2827 1189 2880 socios
1229 2826 1519 2893 habuerat,
1569 2824 1731 2881 obvia
1782 2842 2016 2897 quaeque

440 2922 745 2983 vastarent,
790 2931 887 2971 eos
919 2916 1011 2987 qui
1045 2917 1241 2972 damna
1299 2916 1564 2979 fecerant,
1613 2933 1721 2972 non
1766 2919 2012 2983 curabat,

441 3015 498 3060 et
567 3007 756 3062 multis
780 3008 994 3064 aedibus
1048 3017 1161 3064 tum
1216 3010 1376 3080 202
1412 3009 1707 3066 illustrium
1745 3018 1857 3063 tum
1895 3009 2012 3079 ple-

2127 1822 2356 1890 ἡρμοσε,
2394 1821 2494 1885 τὰς
2558 1821 2614 1875 δὲ
2648 1822 2723 1892 τῷ
2748 1823 2915 1892 τείχει
2948 1823 3024 1892 τῷ
3058 1824 3286 1894 δυτικῷ.
3330 1825 3437 1878 Ka‘.
3474 1824 3552 1892 τῷ
3580 1822 3701 1890 Θεῷ

2124 1913 2181 1967 δὲ
2211 1913 2467 1984 ἀπαρχὰς
2511 1910 2623 1968 οἷον
2671 1917 2772 1984 τῆς
2820 1914 2990 1968 αὑτοῦ
3041 1914 3329 1983 στρατείας
3381 1914 3699 1980 ἀποδιδοὺς,

2123 2006 2250 2067 τοὺς
2293 2006 2509 2075 τιμίους
2540 2006 2832 2076 σταυροὺς,
2890 2005 2984 2069 οὓς
3033 2007 3083 2058 οἱ
3140 2006 3420 2077 Βάρὸαροι
3476 2004 3698 2070 ἔλαϐον,

2124 2096 2361 2168 ὁπηνίκα
2390 2098 2420 2149 ὁ
2448 2097 2794 2167 Στυπειὼτης
2841 2098 2951 2150 τῶν
2995 2098 3203 2167 σχολῶν
3248 2097 3567 2166 δομέστικος
3598 2096 3698 2161 ὢν,

2125 2190 2220 2243 καὶ
2252 2188 2560 2258 πολιορκῶν
2589 2187 2688 2257 τὴν
2734 2189 2969 2258 Ταρσὸν,
3003 2191 3067 2241 ἐκ
3104 2188 3460 2250 κακοδουλίας
3507 2187 3704 2241 δυστυ-

2124 2281 2335 2350 χήματι
2365 2281 2686 2349 περιέπεσε,
2717 2280 2795 2350 τῷ
2820 2280 2951 2350 θείῳ
2992 2282 3214 2350 τεμένει
3256 2279 3357 2348 τῆς
3409 2277 3504 2332 τοῦ
3560 2277 3700 2332 Θεοῦ

2125 2371 2305 2438 Λόγου
2351 2368 2551 2439 Σοφίας
2576 2368 2823 2423 ἀνέθετο.
2873 2370 2982 2422 Καὶ
3031 2370 3131 2439 τὴν
3168 2368 3396 2438 Κύπρον
3436 2365 3492 2419 δὲ
3547 2364 3702 2434 παρὰ

2124 2457 2443 2529 Ἀγαρηνῶν
2504 2458 2902 2529 κατεχομένην,
2962 2457 3030 2510 δι’
3079 2456 3246 2510 αὑτοῦ
3311 2458 3344 2526 ἡ
3407 2453 3699 2524 Ῥωμαίων

2124 2552 2268 2623 ἀρχὴ
2317 2554 2749 2622 προσεκτήσατο.
2798 2547 2932 2603 Εἶτα
2991 2552 3057 2620 τῇ
3118 2549 3292 2620 Συρίᾳ
3338 2544 3566 2617 ἐπῆλθε,
3605 2545 3700 2598 καὶ

2124 2643 2309 2706 πόλεις
2342 2643 2715 2713 ἐκπορθήσας,
2761 2642 2854 2696 καὶ
2902 2640 3089 2710 χώρας
3148 2637 3285 2691 ἐλὼν
3322 2638 3461 2708 πρὸς
3487 2635 3565 2706 τῷ
3596 2636 3697 2689 At-

2122 2734 2273 2806 ὅάνῳ
2312 2730 2497 2804 καῖτῇ
2544 2734 2791 2805 παραλία
2830 2732 3112 2802 κειμένας,
3153 2726 3318 2802 ἦλθεν
3363 2731 3445 2792 εἰς
3479 2728 3697 2784 Ἀντιό-

2123 2844 2297 2896 χειαν.
2338 2826 2461 2878 Τῶν
2496 2827 2540 2878 δ’
2594 2823 3142 2889 ἀντικαθισταμένων
3183 2820 3691 2894 ἐρρωμενέστερον,

2122 2918 2224 2988 ήδη
2249 2917 2304 2970 δὲ
2340 2902 2434 2970 καὶ
2469 2916 2579 2969 τῶν
2611 2915 2937 2985 ἐπιτηδείων
2966 2913 3358 2968 ἐπιλειπόντων
3387 2914 3502 2970 τοῖς
3528 2928 3701 2982 στρα-

2123 3008 2369 3073 τιώταις,
2414 3008 2509 3061 καὶ
2541 3006 2809 3075 τέλματος
2836 3004 2895 3070 ἐξ
2925 3003 3085 3057 ὑετοῦ
3136 3004 3425 3071 γεγονότος
3465 2999 3689 3063 πολλοῦ,

442 3098 692 3153 beiorum
727 3100 1012 3155 hominum
1042 3101 1297 3172 direptis.
1326 3102 1409 3156 sic
1431 3101 1666 3156 affectus
1696 3111 1836 3168 erat,
1857 3100 2014 3172 quasi

2123 3100 2344 3169 ἀπέστη
2373 3099 2472 3168 τῆς
2509 3096 2847 3169 πολιορκίας,
2883 3098 2978 3149 καὶ
3026 3094 3164 3166 πρὸς
3209 3098 3308 3165 την
3338 3093 3452 3146 τῶν
3486 3093 3699 3147 πόλεων

440 3183 582 3245 nihil
616 3192 742 3246 mali
773 3192 1110 3247 accidisset:
1147 3193 1241 3247 sed
1285 3192 1664 3248 delectabatur
1702 3197 1886 3264 potius
1931 3193 2017 3246 in-

434 3283 621 3354 juriis,
677 3284 883 3354 quibus
920 3286 1073 3340 cives
1102 3284 1500 3349 onerabantur,
1536 3285 1798 3355 quamvis
1824 3300 2015 3340 eorum

438 3388 543 3444 ope
574 3374 640 3429 ad
673 3374 965 3446 imperium
993 3377 1361 3446 pervenisset.
1400 3375 1698 3441 Praeterea,
1729 3376 2019 3432 continen-

440 3467 576 3520 tiutn
619 3466 890 3540 bellorum
944 3476 1212 3537 praetextu
1266 3467 1421 3522 novis
1461 3468 1683 3523 tributis
1714 3468 2014 3523 instituen-

440 3555 642 3619 dis,‘et
668 3557 953 3613 veteribus
980 3558 1270 3627 augendis,
1294 3560 1480 3612 omnis
1515 3560 1734 3629 generis
1774 3560 2018 3615 exactio-

438 3647 605 3701 nibus
632 3646 883 3701 subditos
911 3648 1219 3716 premebat,
1250 3664 1389 3718 quos
1423 3650 1629 3705 milites
1680 3667 2015 3722 quocunque

441 3748 710 3794 venerant
753 3738 931 3793 nihilo
971 3740 1304 3797 clementius
1344 3743 1657 3798 tractabant
1701 3760 1865 3813 quam
1910 3746 2016 3800 bo-

442 3845 574 3889 stes.
612 3825 837 3888 Ad‘ltaec
863 3833 934 3887 ob
966 3833 1291 3903 frequentes
1328 3836 1733 3906 expeditiones,
1762 3838 2016 3908 pecuniae

441 3925 683 3995 inopiam
720 3924 1000 3979 causando
1039 3926 1426 3997 imperatorias
1453 3927 1769 3999 largitiones
1789 3928 2007 3984 senatui

440 4016 559 4071 dari
598 4016 813 4081 solitas,
858 4032 930 4071 ex
957 4025 1112 4086 parte
1142 4017 1529 4083 imminuebat,
1567 4027 1623 4074 ct
1648 4033 1828 4072 annua
1859 4018 2003 4073 dona

440 4110 512 4177 ab
543 4109 790 4179 antiquis
816 4108 1163 4179 temporibus
1196 4108 1419 4179 templis
1450 4118 1508 4164 et
1537 4109 1662 4163 aliis
1692 4109 1801 4189 piis
1831 4108 2012 4164 domi-

438 4201 545 4257 bus
597 4202 865 4257 attributa
924 4202 1148 4273 penitus
1215 4202 1462 4258 sustulit.
1504 4202 1739 4257 Decreto
1788 4216 2010 4273 quoque

434 4296 740 4361 sanxit,‘ne
772 4294 929 4350 fundi
965 4295 1325 4351 ecclesiarum
1359 4303 1713 4365 augerentur,
1750 4294 1897 4366 quod
1927 4295 2013 4366 (ut

2122 3193 2531 3262 ὑπερκειμένην
2574 3187 2998 3259 ἐπανελήλυθεν,
3030 3186 3344 3258 ἐπηγμένος
3371 3186 3467 3239 καὶ
3502 3185 3563 3238 τὸ
3596 3183 3694 3238 τοῦ

2121 3282 2379 3353 Σωτῆρος
2405 3280 2642 3353 Χριστοῦ
2693 3279 2838 3351 ἱερὸν
2872 3280 2966 3333 καὶ
3020 3278 3166 3332 θεῖον
3223 3277 3551 3346 ἐκτὺπωμα,
3582 3275 3611 3329 ὃ
3638 3275 3696 3328 ἐν

2120 3377 2350 3446 κεράμῳ
2382 3369 2509 3447 εὗρε
2543 3377 2686 3428 κατὰ
2723 3374 2823 3445 τὴν
2869 3371 3175 3443 Ἰεράπολιν
3200 3369 3300 3441 τὴν
3326 3371 3437 3423 τῶν
3468 3370 3685 3440 Σύρων,

2118 3470 2214 3523 καὶ
2237 3468 2534 3539 βόστρυχον
2580 3466 2676 3519 τοῦ
2705 3464 3020 3519 Βαπτιστοῦ
3050 3462 3304 3517 Ἰωάννου
3360 3461 3555 3530 αἵματι
3589 3477 3693 3513 πε⁴

2119 3560 2418 3632 φυρμένον.
2450 3559 2542 3613 Ἐν
2581 3558 2682 3629 μὶν
2740 3552 2842 3611 οὖν
2892 3555 3254 3627 στρατηγίαις
3296 3552 3538 3617 τοιοῦτος
3568 3554 3696 3621 ἐγε-

2117 3654 2267 3723 γόνει
2298 3655 2326 3707 ὁ
2353 3651 2740 3721 αὐτοκράτωρ,
2769 3649 2865 3704 καὶ
2891 3649 2986 3702 ἐπὶ
3025 3648 3238 3718 μακρὸν
3285 3645 3517 3717 ηὐξήκει
3555 3644 3696 3698 Ῥω-

2121 3744 2305 3813 μαίοις
2338 3744 2408 3796 τὰ
2435 3744 2582 3813 ὅρια,
2612 3741 2708 3794 καὶ
2734 3742 2836 3810 τῆς
2869 3735 3052 3792 αὑτῶν
3100 3736 3401 3806 ἡγεμονίας
3451 3734 3695 3799 ἐξέτεινε

2116 3836 2186 3889 τὰ
2215 3833 2599 3904 σχοινίσματα.
2642 3830 2809 3885 Ἀλλὰ
2858 3829 2929 3883 δι’
2963 3828 3147 3890 αίτίας
3186 3829 3339 3890 τινὰς
3393 3827 3563 3878 πᾶσιν
3621 3820 3693 3894 ἦν

2119 3926 2404 3995 στυγητός.
2440 3925 2508 3978 Ai
2540 3923 2583 3976 δ’
2615 3921 2808 3986 αἰτίαι,
2841 3922 2926 3975 ὅτι
2956 3920 3066 3973 τῶν
3112 3919 3210 3973 σὺν
3257 3917 3410 3987 αὑτῷ
3445 3919 3510 3987 τῇ
3545 3919 3691 3971 dato-

2118 4019 2315 4090 στασίᾳ
2341 4016 2812 4088 ἐπιχειρησάντων
2837 4011 3193 4084 στρατιωτῶν
3221 4011 3410 4074 κακῶς
3451 4008 3695 4062 διατιθε-

2118 4109 2297 4178 μένων
2318 4108 2446 4168 τοὺς
2469 4099 2552 4169 οἷς
2582 4105 2650 4160 ἂν
2694 4105 2994 4175 ἐντύχοιεν,
3028 4101 3139 4156 τῶν
3174 4100 3533 4168 κακουμένων
3588 4098 3693 4152 οὑκ

2114 4192 2503 4262 ἐπεστρέφετο,
2534 4194 2629 4246 καὶ
2657 4193 2846 4246 οἰκιῶν
2883 4190 3101 4243 πολλῶν
3141 4189 3457 4257 περιφανῶν
3486 4204 3543 4238 τε
3589 4187 3696 4239 ἀν-

2113 4286 2256 4357 δρῶν
2287 4287 2382 4339 καὶ
2403 4282 2717 4354 δημοτικῶν
2747 4280 3184 4352 διαρπαγεισῶν,
3214 4280 3290 4342 ὡς
3334 4278 3552 4340 οὐδενὸς
3582 4295 3687 4331 κει-

435 4388 552 4457 ipse
571 4385 875 4455 asserebat)
892 4401 918 4439 a
941 4386 1440 4443 sacerdotibnsnon
1458 4390 1513 4442 in
1530 4389 1884 4444 ecclesiarum
1903 4387 2013 4442 uti-

2120 4377 2215 4434 κοῦ
2243 4376 2557 4446 γεγονότος,
2588 4375 2848 4439 διέκειτο,
2897 4373 3103 4442 μᾶλλον
3157 4372 3257 4441 μὲν
3311 4367 3403 4424 οῦν
3443 4369 3542 4424 καὶ
3573 4371 3693 4423 ἐνε-

431 4477 644 4531 litatem
664 4489 796 4545 opes
825 4475 931 4531 illa;
962 4476 1373 4531 conferrentur.
1394 4476 1525 4532 Orta
1552 4493 1718 4548 porro
1742 4478 1891 4533 inter
1913 4494 2011 4549 pa-

437 4565 736 4620 triarcham
766 4574 827 4622 et
856 4566 1148 4636 episcopos
1196 4566 1267 4621 de
1296 4567 1578 4637 suﬂ'ragiis
1612 4571 1972 4625 contentione
1992 4609 2009 4633 ,

433 4671 559 4712 cum
586 4657 641 4711 bi
662 4657 994 4712 decernendi
1017 4656 1303 4712 licentiam
1338 4667 1396 4712 et
1412 4659 1752 4728 approbandi
1774 4669 2015 4730 potesta.

436 4756 545 4802 tem
562 4747 669 4803 sibi
688 4746 742 4802 vi
757 4746 1068 4808 ndicarent.
1091 4748 1183 4803 ille
1200 4747 1455 4818 suﬂ‘ragia
1476 4749 2011 4820 reprehenderet,lut

434 4857 557 4911 quae
585 4856 689 4897 nec
731 4840 853 4896 sine
880 4840 1190 4906 affectibus,
1222 4855 1328 4895 nec
1372 4849 1521 4895 recto
1540 4840 1754 4912 judicio
1796 4841 2009 4898 ferren-

437 4942 545 4996 tur.
574 4948 912 5003 operamque
940 4931 1118 4996 daret,
1143 4942 1202 4987 ιιι
1223 4933 1294 4987 ab
1318 4933 1385 4988 iis
1406 4932 1677 5004 judicium
1692 4933 1922 4990 facturis
1955 4943 2007 4991 et

432 5025 552 5096 ipse
578 5024 634 5078 in
666 5023 1362 5080 consilium.adliiberetur
1395 5041 1409 5079 :
1459 5026 1762 5096 imperator
1802 5042 1869 5082 ex
1901 5026 2007 5082 hoc

433 5124 653 5185 sumpta
686 5115 999 5182 occasione,
1040 5122 1097 5170 et
1126 5114 1276 5170 omni
1324 5114 1652 5172 auctoritate
1681 5116 2003 5187 designandi

430 5207 728 5280 episcopos
776 5207 885 5262 sibi
932 5206 1234 5272 vindicata,
1266 5206 1441 5262 edixit
1485 5221 1558 5262 ne
1601 5207 1894 5278 quisquam
1924 5209 2008 5263 in-

431 5299 587 5371 iussu
629 5312 732 5353 suo
762 5299 820 5353 in
850 5298 1018 5352 ullam
1048 5297 1354 5354 Ecclesiam
1391 5297 1732 5355 mitteretur.
1790 5298 2006 5355 Mortuo

430 5392 600 5463 igitur
633 5392 894 5461 episcopo
912 5433 927 5455 ,
947 5406 1010 5446 ex
1032 5391 1301 5445 ministris
1320 5392 1439 5449 suis
1468 5392 1524 5449 iu
1567 5392 1873 5449 Ecclesiam
1906 5408 2004 5447 va-

431 5493 648 5537 cantem
699 5483 954 5539 mittebat
1009 5483 1267 5553 aliquem,
1302 5499 1412 5553 quo
1454 5494 1708 5554 sumptus
1757 5498 2008 5539 necesse.

431 5578 546 5631 rios
578 5593 741 5647 parce
783 5578 1045 5641 faciente,
1100 5579 1213 5648 ipse
1252 5579 1465 5648 reliqua
1513 5579 1618 5634 sibi
1663 5579 1999 5634 vindicabat.

430 5670 618 5742 Ncquc
664 5688 798 5730 vero
838 5686 905 5729 eo
936 5671 1243 5744 imperante
1289 5672 1346 5727 in
1399 5672 1523 5726 ullis
1554 5673 1851 5744 provinciis
1896 5689 1998 5729 uu-

2113 4467 2298 4539 τρύφα
2333 4469 2455 4530 ταῖς
2484 4468 2565 4530 είς
2594 4466 2720 4530 τοὺς
2750 4467 2951 4528 ἀστοὺς
3005 4465 3342 4535 παροινίαις,
3378 4462 3476 4516 καὶ
3508 4461 3691 4516 ταῦτα

2117 4560 2536 4633 συναραμένους
2567 4558 2716 4629 αὐτῷ
2740 4557 2879 4627 πρὶς
2907 4556 3007 4625 τῆς
3032 4554 3313 4625 βασιλείας
3334 4556 3543 4623 τυχεῖν.
3580 4556 3693 4607 Καὶ

2112 4654 2196 4708 ὅτι
2228 4655 2501 4726 προφάσει
2554 4651 2663 4705 τῶν
2699 4651 2939 4721 συνεχῶν
2990 4650 3269 4720 πολέμων,
3306 4649 3521 4711 καιναῖς
3570 4649 3692 4700 εισ-

2113 4749 2307 4817 φοραῖς
2337 4746 2432 4800 καὶ
2479 4741 2590 4796 τῶν
2629 4741 2876 4812 ἀρχαίων
2897 4739 3187 4812 αὑξήσεσι,
3244 4739 3340 4791 καλ⁸
3369 4737 3527 4790 εἰδῶν
3576 4740 3693 4790 εισ-

2113 4836 2311 4910 πράξει
2340 4834 2702 4891 παντοδαπῶν
2746 4832 3007 4904 ἐξέτρυχε
3035 4832 3096 4885 τὸ
3113 4831 3378 4901 ὑπήκοον,
3412 4831 3508 4882 καὶ
3532 4831 3689 4883 οὐδὲν

2112 4931 2333 5003 ἄμεινον
2369 4928 2649 4998 πολεμίων
2705 4925 2766 4979 τὸ
2797 4923 3195 4996 στρατιωτικὸν
3242 4922 3509 4976 διετίθετο
3552 4923 3689 4991 πρὸς

2111 5023 2205 5086 οὒς
2232 5024 2298 5077 ἂν
2323 5021 2437 5075 τῶν
2469 5019 2730 5090 ὑπηκόων
2750 5015 3152 5087 ἐπεχωρίασεν.
3186 5014 3316 5069 Ἐπὶ
3347 5013 3565 5078 τούτοις
3597 5016 3690 5068 διὰ

2110 5117 2211 5181 τὰς
2257 5114 2471 5178 πυκνὰς
2510 5109 2874 5180 ἐκστρατείας
2919 5108 3130 5162 ἔνδειαν
3187 5107 3336 5177 ἔχειν
3382 5107 3688 5179 χρημάτων

2113 5208 2608 5282 προφασιζόμενος,
2656 5207 2757 5267 τὰς
2796 5202 2895 5273 μὲν
2946 5201 3342 5271 διανεμομένας
3377 5203 3445 5270 τῇ
3485 5216 3688 5271 γερου-

2110 5303 2206 5375 σίᾳ
2238 5300 2527 5372 βασιλικὰς
2554 5295 2769 5367 δωρεὰς
2798 5293 2943 5347 κατὰ
2980 5295 3147 5364 μέρος
3174 5291 3483 5362 ἠλάττωσε,
3506 5291 3613 5353 τὰς
3643 5290 3688 5343 δ’

2111 5392 2537 5463 ἀπονεμημένας
2567 5388 2831 5443 ἀνέκαθεν
2859 5386 3146 5455 τεμένεσιν
3178 5385 3340 5452 ἱεροῖς
3375 5383 3469 5435 καὶ
3493 5382 3691 5448 εὑάγε-

2112 5504 2199 5541 σιν
2228 5486 2401 5547 οἴκοις
2435 5482 2719 5542 ἐπετείους
2770 5480 2947 5543 δόσεις
3000 5477 3259 5547 ὲσχόλασε
3303 5476 3512 5529 τέλεον.
3555 5469 3691 5527 Εἶτα

2112 5581 2207 5634 καὶ
2233 5579 2499 5648 ψήφισμα
2531 5573 2804 5645 βασίλειον
2835 5571 3008 5634 ἔθετο,
3036 5572 3097 5622 ἐν
3130 5570 3410 5639 ἀκινήτοις
3438 5567 3539 5630 τὰς
3562 5566 3692 5619 Ἐκ-

2114 5672 2343 5743 κλησῐας
2377 5669 2452 5741 μὴ
2508 5663 2975 5739 ἐμπλατὺνεσθαι,
3022 5660 3117 5715 καὶ
3159 5662 3191 5731 ἡ
3248 5660 3541 5733 τρόφασις,
3596 5658 3688 5711 δτι
