3982 6248
337 274 436 340 ιέὶ

1581 244 1986 345 ANNALIUM
2025 285 2172 346 LIB.
2216 289 2374 349 xvi.

3497 290 3598 355 122

335 386 702 440 κατ’ἐκεῖνον
742 385 850 438 ὑπὸ
885 387 994 440 τῶν
1037 389 1342 462 ἀρχιερέων
1373 390 1472 445 οὐκ
1502 393 1582 456 είς
1607 392 1797 446 δέοντα
1814 393 1923 446 τῶν

2028 413 2190 468 quam
2213 399 2507 457 defuerunt
2527 401 2921 474 descriptores,
2947 404 3288 474 inspectores
3312 408 3367 458 et
3395 404 3598 458 milita-

339 481 684 550 ’ίζκκλησιῶν
712 479 1118 535 ἀναλίσκονται.
1151 479 1283 536 Εἶτα
1309 484 1417 536 τῶν
1453 485 1576 537 τότε
1607 485 1914 556 ἀρχιερέων

349 590 439 623 και
515 569 614 622 τοῦ
679 572 1074 640 ἀρχιποίμενος
1130 573 1468 628 Πολυεύκτου
1511 575 1924 644 διαφερομένων

349 664 474 732 περὶ
502 664 613 714 τῶν
647 663 870 730 Ψήφωνν
900 664 993 716 καί
1025 664 1134 716 τῶν
1166 665 1265 734 μὲν
1295 668 1375 728 είς
1398 667 1629 728 ἑαυτοὺς
1658 668 1927 722 ἑλκόντων

348 756 441 824 τὴν
467 755 656 808 ἄδειαν
708 755 805 808 τοῦ
835 755 1171 824 ψηφίζεσθαι
1215 757 1310 820 οὒς
1341 757 1407 810 ἂν
1447 760 1782 826 ἐγκρίνοιεν,
1833 758 1926 812 τοῦ

350 847 404 897 δὲ
437 847 538 908 τάς
572 846 793 913 ψήφους
820 849 1179 917 αἰτιωμένου,
1217 849 1293 911 ώς
1314 850 1414 901 οὐκ
1443 849 1672 911 ἀπαθῶς
1703 849 1929 920 γινομέ-

353 955 448 1000 νας
477 938 599 990 οὐδὲ
631 940 777 991 κατά
827 939 1421 1010 γνώμης.εύθυτάτης,
1459 941 1552 992 καὶ
1604 940 1928 1003 σπεύδοντος

351 1030 679 1082 κοινοῦσθαι-
706 1031 857 1100 αὐτῷ
894 1033 1022 1093 τοὺς
1067 1033 1344 1102 ἀρχιερεῖς
1377 1033 1504 1100 περὶ
1546 1033 1652 1084 τῶν
1691 1032 1917 1102 μελλόν-

349 1138 454 1172 των
508 1123 874 1190 ψηφίζεσθαι,
928 1125 954 1176 ὁ
1003 1123 1259 1192 βασιλεὺς
1307 1126 1563 1194 ἀφορμῆς
1608 1125 1671 1177 ἐκ
1736 1123 1925 1179 τούτου

349 1214 710 1284 δραξάμενος,
764 1216 847 1276 εἰς
894 1217 1102 1267 οἰκείαν
1136 1215 1387 1278 ἐξουσίαν
1426 1217 1486 1268 τὸ
1538 1218 1644 1270 πᾶν
1679 1217 1778 1286 τῆς
1817 1218 1927 1270 τῶν

351 1305 668 1357 ἐπισκόπων
725 1307 1029 1374 μετήνεγκε
1078 1308 1494 1377 προχειρίσεως,
1578 1309 1786 1378 μηδένα
1837 1325 1929 1361 κε-

348 1395 544 1457 λεύσας
569 1395 798 1466 γνώμης
823 1398 956 1468 ἄτερ
1003 1398 1170 1451 αὐτοῦ
1205 1400 1284 1462 εἰς
1318 1399 1650 1467 Ἐκκλησίαν
1700 1397 1819 1454 οἷαν
1860 1403 1923 1473 δή

345 1504 465 1539 τινα
515 1488 879 1540 στέλλεσθαι·
931 1489 1070 1542 ἀλλά
1108 1491 1214 1543 κᾶν
1263 1491 1550 1561 ἐτεθνήκει
1598 1493 1923 1556 ἐπίσκοπος,

356 1578 641 1646 βασιλικὸν
676 1579 961 1648 ὑπηρέτην
986 1582 1066 1644 είς
1089 1579 1188 1650 τὴν
1222 1581 1563 1651 χηρεύουσαν
1594 1583 1924 1653 Ἐκκλησίαν

347 1672 650 1737 ἐξέπεμπε,
679 1673 772 1724 καὶ
793 1671 1070 1741 γλίσχρως
1089 1674 1222 1744 παρ’
1246 1673 1456 1727 ἐκείνου
1483 1675 1590 1728 τῶν
1612 1676 1924 1743 ἀναγκαίων

2032 506 2118 546 res
2148 501 2201 544 et
2238 495 2600 561 protonotarii
2643 513 2659 550 :
2697 497 2792 565 qui
2828 495 3083 551 subditos
3123 497 3270 550 omni
3322 495 3593 550 malorum

2029 595 2229 650 genere
2277 597 2572 650 oppressos
2600 583 2667 638 ad
2708 599 2979 640 summam
3019 594 3327 654 egestatem
3370 587 3597 654 redege-

2031 681 2180 736 runt,
2230 688 2299 726 ne
2339 674 2818 742 egentissimorum
2855 676 3079 746 quidem
3132 676 3314 731 habita
3354 676 3592 730 ratione.

2028 763 2164 818 Nam
2198 779 2294 820 eos
2334 765 2390 818 in
2431 765 2708 821 dromicos
2747 768 3022 822 exercitus
3055 768 3375 849 referebant
3431 785 3444 820 ι
3501 767 3596 836 qui

2031 855 2185 924 prius
2237 856 2291 909 in
2345 855 2412 910 iis
2460 855 2702 921 fuerant,
2744 857 2800 910 in
2851 859 3100 912 nauticos
3139 858 3518 912 transfereban
3576 873 3594 912 :

2031 946 2346 1000 classiarios
2371 947 2426 1000 in
2459 947 2747 1016 pedestres
2781 949 3078 1011 exercitus,
3119 948 3332 1016 pedites
3371 949 3427 1002 in
3477 957 3597 1003 tur-

2033 1052 2150 1091 mas
2179 1039 2451 1106 equitum,
2484 1038 2702 1107 equites
2727 1039 2781 1092 in
2815 1039 3194 1108 cataphractos
3227 1039 3545 1093 inserebant
3576 1058 3592 1100 ;

2030 1129 2260 1199 singulis
2309 1131 2533 1198 gravius
2563 1131 2771 1185 militia
2813 1146 3015 1184 munus
3045 1131 3406 1198 assignantes.
3457 1130 3595 1184 Nam

2030 1222 2098 1276 ad
2137 1239 2299 1276 unam
2338 1237 2451 1276 rem
2496 1224 2791 1278 militarem
2842 1221 3118 1277 referebat
3162 1223 3366 1276 omnia.
3414 1221 3592 1287 Unde,

2031 1315 2177 1384 quod
2209 1314 2261 1368 in
2301 1331 2360 1370 se
2383 1314 2507 1379 fuit,
2537 1315 2764 1370 decreto
2787 1318 2968 1372 sanxit
3001 1326 3060 1370 ut
3093 1317 3294 1370 milites
3333 1317 3387 1368 in
3434 1315 3595 1370 bellis

2031 1405 2325 1471 interfecti,
2359 1409 2475 1476 pari
2497 1423 2622 1461 cum
2650 1409 2982 1478 martyribus
3004 1409 3216 1462 honore
3251 1407 3592 1471 colerentur,

2029 1508 2084 1552 et
2127 1499 2401 1553 similibus
2440 1499 2659 1568 hymnis
2693 1515 2756 1554 ac
2782 1501 3134 1556 veneratione
3160 1500 3597 1556 celebrarentur.

2029 1591 2186 1656 Quod
2230 1591 2274 1645 si
2313 1591 2623 1658 patriarcha
2657 1603 2710 1647 et
2742 1592 2968 1660 quidam
2999 1607 3066 1646 ex
3105 1593 3387 1660 primariis
3416 1606 3600 1646 sacer-

2031 1684 2252 1737 dotibus
2269 1683 2426 1752 203
2441 1690 2740 1738 etsenatus
2757 1685 3104 1754 principibus
3129 1700 3238 1738 non
3251 1694 3476 1739 strenue
3511 1697 3601 1738 re-

346 1763 653 1832 γινομένων
687 1763 1085 1833 ἀναλωμάτων,
1127 1767 1289 1828 αὐτὸς
1315 1766 1578 1837 ᾠκειοῦτο
1622 1773 1691 1821 τά
1739 1786 1925 1838 περιτ-

2029 1749 2790 1844 stitissenfti;negassentque,
2819 1749 3177 1846 quo'pactoii
3213 1777 3304 1846 qui
3339 1779 3394 1831 in
3435 1776 3600 1830 bellis

343 1856 594 1908 τεύοντα.
639 1856 715 1907 υύ
757 1854 998 1908 διέλιπον
1045 1857 1089 1910 δ’
1138 1858 1196 1909 ἐν
1230 1860 1348 1919 ταῖς
1405 1857 1610 1928 χώραις
1662 1860 1922 1926 ἀπάσαις,

345 1945 512 2000 αὐτοῦ
543 1945 943 2016 βασιλεύοντος,
985 1947 1329 2016 ἀπογραφεῖς
1381 1949 1748 2019 στελλόμενοι,
1798 1951 1927 2003 ἐπό-

348 2055 478 2091 πται
509 2055 566 2090 τε
601 2039 696 2091 καὶ
732 2042 1135 2108 στρατευτικοὶ,
1175 2043 1268 2092 καὶ
1304 2041 1352 2092 oi
1413 2041 1740 2110 κεκλημένοι
1770 2059 1923 2112 πρω-

347 2132 671 2200 τονοτάριοι,
725 2133 773 2185 οἶ
834 2132 1121 2194 παντοίαις
1177 2133 1488 2186 κακώσεσιν
1539 2134 1816 2201 ἐξεπίεζον
1863 2136 1924 2188 τὸ

349 2226 611 2295 ὑπήκοον,
648 2226 739 2277 καὶ
769 2226 849 2282 είς
880 2225 1118 2293 ἐσχάτην
1168 2226 1404 2296 ἀπορίαν
1435 2228 1768 2296 συνήλασαν,
1800 2228 1924 2280 οὐδὲ

345 2317 452 2370 τῶν
483 2318 836 2370 παντάπασιν
889 2318 1112 2383 ἀπόρων
1149 2318 1480 2386 φειδόμενοι.
1513 2318 1672 2370 Ἀλλὰ
1700 2318 1924 2382 τούτους

351 2410 448 2478 μὲν
479 2411 596 2471 ταῖς
627 2409 920 2477 δρομικαῖς
968 2409 1248 2478 στρατίαις
1290 2410 1686 2478 ἐγγράφοντες,
1720 2411 1844 2472 τοὺς
1867 2410 1924 2462 δέ

347 2499 540 2569 πρώην
594 2499 824 2560 ταύταις
879 2499 1280 2568 ὑποκειμένους
1330 2500 1409 2562 είς
1457 2501 1556 2561 τας
1590 2499 1924 2563 πλευστικάς

349 2595 818 2662 μεταγραφοντες,
861 2590 985 2652 toil;
1017 2590 1072 2642 δὲ
1099 2591 1383 2659 πλωΐμους
1426 2592 1808 2661 μετατιθέντες
1843 2593 1924 2654 εἰς

349 2682 687 2752 στρατιώτας
743 2683 968 2747 πεζοὺς,
1013 2687 1140 2745 τοὺς
1187 2683 1244 2735 δὲ
1301 2685 1432 2752 πρὶν
1471 2683 1749 2746 τοιούτους
1804 2687 1922 2746 τοῖς

348 2775 606 2836 ἱππόταις
659 2775 1144 2840 ἑγκαταλέγοντες,
1205 2775 1300 2828 καὶ
1366 2775 1490 2839 τοὺς
1556 2776 1789 2839 ἱππότας
1838 2779 1923 2840 είς

347 2870 776 2938 καταφράκτους
828 2869 1169 2937 ἀμείϐοντες,
1223 2869 1318 2922 καὶ
1357 2871 1574 2940 ἑκάστῳ
1621 2870 1922 2940 βαρύτερον

351 2959 742 3029 στρατιωτικὸν
796 2960 1078 3022 ἐπιθέντες
1128 2959 1523 3029 λειτούργημα.
1568 2960 1762 3030 Ἐᾠκει
1813 2963 1920 3031 γάρ

348 3050 406 3100 τὸ
438 3050 1058 3147 πξνὶτῇηστρατιώτιδι
1113 3053 1488 3122 μεταχειρίσει
1545 3053 1922 3123 ἐπιγραφόμε-
1949 3089 1991 3147 c

347 3153 433 3199 νος
463 3135 610 3207 (61)·
645 3137 766 3190 ὅθεν
793 3139 887 3191 καὶ
910 3138 1107 3206 δὸγμα,
1149 3139 1276 3192 ὅσον
1297 3139 1357 3191 τὸ
1383 3143 1502 3192 κατ’
1536 3141 1764 3205 ἐκεῖνον,
1802 3142 1920 3192 ἐθέ-

350 3245 534 3293 σπισε,
559 3230 688 3292 τοὺς
721 3231 779 3280 ἐν
810 3230 1070 3298 πολέμοις
1102 3233 1531 3300 ἀναιρουμένους
1557 3233 1919 3302 στρατιώτας.

347 3321 545 3391 ἐπίσης
576 3321 842 3386 τιμᾶσθαι
891 3325 1003 3384 τοῖς
1041 3325 1280 3394 μάρτυσι
1321 3326 1414 3376 καὶ
1476 3323 1662 3392 ὓμνων
1719 3326 1924 3394 ὁμοίων

345 3415 657 3483 τυγχάνειν,
693 3415 790 3467 καὶ
832 3416 1233 3485 παραπλησίως
1285 3417 1666 3486 γεραίρεσθαι.
1719 3418 1830 3470 Καὶ
1875 3420 1922 3470 εί

347 3505 422 3578 μὴ
462 3508 491 3560 6
523 3507 873 3577 πατριάρχης
929 3508 1022 3560 καί
1069 3526 1212 3570 τινες
1269 3509 1377 3560 τῶν
1426 3510 1752 3579 ἀρχιερέων,
1787 3511 1922 3563 ἀλλά

347 3601 452 3668 μὴν
475 3601 571 3652 καὶ
601 3598 736 3651 ενιοι
789 3597 902 3650 τῶν
931 3599 1176 3666 λογάδων
1202 3599 1300 3666 τῆς
1329 3600 1626 3668 γερουσίας
1655 3601 1922 3666 γενναίως

2027 1878 2083 1923 et
2104 1867 2379 1922 caederent
2404 1877 2460 1921 et
2486 1872 2853 1931 mederentur,
2896 1878 3168 1938 martyres
3191 1869 3426 1939 iudicari
3465 1885 3598 1939 pos-

2025 1966 2171 2018 sent,
2209 1965 2302 2010 aut
2337 1956 2666 2026 martyribus
2697 1972 2857 2025 pares
2884 1998 2900 2022 ,
2937 1973 3076 2026 quos
3103 1973 3384 2012 sacrorum
3432 1972 3598 2012 cano-

2024 2061 2156 2101 num
2187 2062 2420 2101 censura
2468 2054 2718 2109 notaret,
2757 2045 3054 2100 triennium
3098 2062 3127 2099 a
3179 2045 3462 2100 tremenda
3505 2045 3596 2098 illa

2025 2151 2082 2196 et
2108 2148 2295 2195 sancta
2327 2139 2718 2193 communione
2758 2154 2953 2193 arcens
2977 2179 2992 2200 .
3043 2137 3272 2193 forsitan
3316 2137 3595 2206 egregium

2025 2231 2160 2285 illud
2183 2231 2466 2285 decretum
2485 2239 2664 2284 ratum
2682 2229 2895 2285 fuisset.
2920 2230 3162 2299 Apparet
3183 2229 3438 2285 eumdem
3465 2243 3597 2282 ava-

2026 2323 2166 2377 ritiae
2203 2338 2420 2392 quoque
2462 2321 2723 2377 sordibus
2762 2321 2930 2377 fuisse
2963 2322 3422 2380 contaminatum.
3459 2320 3598 2375 Nam

2025 2429 2150 2469 eum
2181 2429 2352 2483 usque
2384 2412 2450 2466 ad
2473 2427 2600 2466 eum
2633 2411 2870 2480 quodvis
2889 2410 3160 2464 numisma
3187 2409 3434 2478 exagiqu
3462 2424 3598 2478 pen-

2026 2504 2202 2565 deret,
2223 2504 2313 2556 ille
2347 2503 2690 2557 Tetarterum
2713 2500 3044 2569 excogitavit
3073 2501 3315 2568 pondere
3341 2499 3602 2551 imminu-

2025 2608 2102 2658 to,
2121 2605 2177 2650 et
2205 2595 2519 2649 exactiones
2541 2594 2815 2664 graviore,
2856 2593 3175 2660 largitiones
3199 2601 3252 2645 et
3282 2606 3474 2645 onmcs
3503 2589 3604 2643 im-

2026 2700 2222 2756 pensas
2235 2686 2486 2740 mutilato
2507 2685 2834 2740 numismate
2853 2685 2999 2738 fecit.
3016 2684 3134 2739 Jam
3153 2698 3278 2738 cum
3298 2681 3601 2752 antiquitus

2024 2788 2304 2848 receptum
2346 2787 2509 2842 esset,
2559 2787 2613 2830 ut
2635 2778 2814 2831 omnis
2841 2786 3000 2830 vetus
3031 2784 3222 2838 stater,
3252 2771 3602 2843 imperatoris

2023 2869 2260 2939 imagine
2281 2869 2592 2939 insignitus,
2621 2868 2959 2923 tantumdem
2983 2869 3487 2936 valeret,quantnm
3511 2880 3600 2919 re-

2023 2975 2154 3016 cens
2173 2961 2242 3015 ab
2261 2961 2590 3030 imperatore
2606 2961 2794 3014 excusi
2820 2974 2835 3012 :
2868 2959 2959 3012 ille
2975 2974 3130 3012 suam
3162 2970 3435 3013 monetam
3473 2956 3600 3024 plu-

2024 3053 2099 3107 ris
2119 3053 2235 3107 fieri
2256 3051 2576 3121 jussit.Quo
2599 3053 2729 3106 fine?
2758 3061 2814 3104 ut
2838 3052 2984 3105 illam
2999 3052 3168 3105 solam
3199 3049 3600 3104 mercatoribus

2024 3145 2435 3214 expetentibus,
2480 3160 2510 3197 e
2545 3143 2994 3198 commutationis
3023 3143 3288 3201 auctario,
3317 3141 3463 3209 quod
3495 3155 3602 3193 mae

2020 3251 2187 3306 gnum
2232 3235 2514 3305 exigebat,
2537 3236 2768 3289 multum
2795 3235 2898 3289 sibi
2932 3235 3072 3288 lucri
3115 3233 3427 3288 accederet.
3461 3230 3601 3295 Qui-

2020 3327 2126 3382 bus
2154 3328 2316 3381 rebus
2358 3343 2482 3381 cum
2514 3326 2660 3380 cives
2688 3333 3034 3388 vexarentur,
3061 3323 3270 3377 IEdiles
3302 3338 3485 3380 rerum
3513 3336 3602 3375 ve-

2019 3419 2225 3472 nalium
2254 3419 2458 3470 nullam
2489 3418 2755 3470 rationem
2777 3414 3172 3479 habebant,sed
3199 3418 3434 3483 quisque
3459 3427 3603 3466 mer-

2019 3517 2175 3560 t-ator
2201 3523 2301 3560 suo
2332 3507 2599 3580 arbitratu
2644 3505 2879 3574 pretium
2921 3505 3218 3563 statuebat.
3252 3502 3408 3559 Unde
3436 3540 3450 3564 ,
3500 3500 3599 3571 qui

2021 3614 2109 3652 res
2130 3599 2470 3653 necessarias
2486 3599 2824 3662 emebant,in
2850 3597 2969 3652 dies
2991 3597 3193 3652 fiebant
3219 3595 3598 3666 pauperiores.

345 3691 703 3760 ἀντέστησαν,
735 3690 988 3758 λέγοντες
1033 3689 1256 3754 Πῶςοάν
1285 3692 1333 3743 οἱ
1367 3693 1423 3744 ἐν
1453 3692 1708 3760 πολέμοις
1751 3691 2102 3761 ἀναιροῦντες
2170 3693 2264 3743 καὶ
2334 3692 2720 3762 ἀναιρούμενοι
2791 3690 3092 3761 λογίζοιντέ
3151 3708 3261 3745 τισι
3296 3691 3602 3765 μάρτυρες,

345 3783 378 3854 ἢ
406 3785 516 3846 τοῖς
553 3788 823 3855 μάρτυσιν
853 3783 1170 3851 ίσοστάσιοι,
1195 3783 1288 3846 οὓς
1319 3786 1366 3836 οἱ
1397 3786 1530 3836 θεῖοι
1586 3783 1806 3843 κανόνες
1839 3783 1949 3851 (69.)
1992 3783 2096 3834 ὑπὸ
2123 3783 2401 3852 ἐπιτίμιον
2435 3785 2685 3850 ἄγουσιν,
2727 3789 2818 3839 ἐπὶ
2847 3768 3094 3857 τριετίαν
3127 3783 3230 3854 τῆς
3291 3782 3600 3853 φρικώδους

345 3880 438 3934 καὶ
471 3881 624 3951 ἱερᾶς
658 3881 857 3942 αὐτοὺς
885 3877 1245 3946 ἀπείργοντες
1275 3876 1628 3946 μεταληψεως
1662 3893 1677 3938 ;
1710 3875 1850 3943 τάχα
1878 3874 1943 3928 ἂν
1981 3874 2040 3926 τὸ
2081 3875 2367 3928 θεσπέσιον
2403 3877 2608 3930 ἐκεῖνον
2629 3883 2909 3947 κεκύρωτο
2935 3881 3234 3948 θέσπισμα.
3259 3873 3364 3930 Ἦν
3383 3877 3440 3932 δὲ
3465 3878 3606 3948 πρὸς

344 3975 454 4035 τοῖς
483 3974 671 4034 ἄλλοις
723 3973 818 4024 καὶ
852 3971 1151 4042 χρημάτων
1217 3972 1416 4040 ἥττων,
1465 3970 1539 4030 ώς
1614 3969 1791 4020 ἔοικε*
1834 3968 1998 4037 μέχρι
2037 3973 2144 4040 γὰρ
2183 3972 2393 4023 ἐκείνου
2443 3972 2642 4032 παντὸς
2695 3971 3033 4040 νομίσματος
3086 3971 3308 4038 ἐξαγίου
3362 3970 3604 4039 σταθμὸν

347 4066 617 4127 ἕλκοντος,
650 4066 859 4126 ἐκεῖνος
884 4063 947 4114 τὸ
969 4062 1318 4130 Τεταρτηρὸν
1382 4063 1666 4126 ἐπενόησε,
1739 4059 2052 4120 κολοὸώσας
2117 4062 2248 4114 αὐτὸ
2298 4062 2447 4114 κατὰ
2503 4063 2594 4116 τὸν
2641 4063 2905 4131 σταθμὸν,
2940 4065 3038 4116 καὶ
3081 4065 3181 4124 τὰς
3212 4064 3311 4130 μὲν
3371 4064 3606 4133 εἰσπρά-

347 4157 456 4222 ξεις
478 4158 568 4211 ὁιά
595 4155 690 4211 τοῦ
717 4155 1044 4226 βαρυτέρου,
1079 4153 1180 4216 τάς
1199 4155 1255 4206 δὲ
1286 4153 1462 4215 δόσεις
1502 4153 1598 4205 καὶ
1637 4151 1810 4204 πάντα
1884 4151 1954 4204 τά
1992 4152 2326 4222 ἀναλώματα
2391 4155 2481 4208 διά
2502 4153 2594 4208 τοῦ
2612 4155 3056 4223 κεκολοϐωμένου
3089 4156 3375 4224 πεποίητο.
3406 4157 3605 4221 Ἐθους

346 4256 390 4308 δ’
419 4255 903 4325 ἐπικρατήσαντος
929 4250 1185 4313 παλαιοῦ,

347 4351 664 4420 κοπτομένῳ
703 4349 853 4418 παρὰ
894 4345 990 4400 τοῦ
1026 4346 1423 4415 βασιλεύοντος,
1454 4345 1663 4405 ἐκεῖνος
1698 4343 1756 4395 τὸ
1809 4344 2003 4396 ἐαυτοῦ
2047 4344 2416 4414 προτιμᾶσθαι
2469 4342 2764 4395 κεκέλευκε
2804 4342 3205 4411 νόμισμα.”1να
3239 4341 3290 4395 τί
3328 4343 3593 4415 γένηταις

349 4445 422 4499 ἵν’
449 4447 629 4498 ἐκεῖνο
677 4443 838 4511 μόνον
864 4444 981 4504 τοῖς
1011 4441 1276 4510 ἐμπόροις
1311 4438 1669 4508 ζητούμενον,
1719 4438 1908 4506 κέρδος
1947 4437 2097 4506 αὐτῷ
2164 4438 2364 4508 πορίζῃ
2422 4437 2560 4506 ὑπὲρ
2590 4437 2824 4489 ἑκάστου
2853 4439 3210 4506 νομίσματος,
3246 4438 3384 4508 ἁδρὰ
3416 4454 3600 4509 πρατ-

348 4539 552 4604 τομένῳ
585 4535 845 4600 ἀλλά-για.
875 4531 1032 4584 υῦτω
1065 4532 1120 4584 δέ
1147 4535 1360 4593 τούτοις
1412 4530 1771 4598 κακουμένων
1845 4529 1952 4581 τῶν
1989 4529 2246 4592 πολιτῶν,
2309 4529 2430 4581 οὐδέ
2458 4545 2541 4591 τις
2569 4529 2721 4598 παρά
2750 4529 2856 4582 τῶν
2879 4530 3241 4600 ἀγορανόμων
3265 4526 3332 4600 ἦν
3361 4532 3454 4582 ἐπὶ
3485 4533 3600 4596 τοῖς

348 4631 522 4692 ὠνίοις
553 4627 895 4697 προμήθεια,
927 4623 1042 4677 ἀλλ’
1066 4625 1299 4686 ἕκαστος
1327 4623 1438 4676 τῶν
1466 4622 1727 4691 ἐμπόρων
1782 4622 1947 4684 νόμον
1989 4618 2101 4693 εἶχε
2126 4623 2186 4675 τὸ
2244 4623 2441 4676 ἑαυτοῦ
2477 4622 2711 4694 θέλημα,
2742 4625 2831 4676 καὶ
2856 4626 2904 4677 οἱ
2924 4623 3227 4693 ὠνούμενοι
3246 4625 3313 4676 τὰ
3339 4625 3603 4697 χρειώδη,

347 4722 584 4789 ἐγίνοντο
615 4718 739 4772 καθ’
774 4718 1016 4784 ἑκάστην
1043 4717 1386 4784 πενέστεροι.

412 4815 556 4884 KG”.
584 4815 776 4869 Ταῦτα
809 4814 906 4867 καὶ
949 4813 1168 4865 πλείονα
1198 4813 1358 4882 ἕτερα
1409 4811 1608 4881 (πάντα
1643 4809 1752 4878 γὰρ
1781 4810 1919 4860 ἀπα-

2099 4807 2290 4862 Χχνι.
2321 4805 2446 4862 llaec
2483 4808 2699 4876 aliaque
2739 4808 2894 4876 plura
2933 4809 3082 4878 (nam
3119 4808 3303 4862 omnia
3347 4803 3601 4877 persequi

351 4907 728 4980 ριθμήσασθαι
759 4903 1045 4974 δυσχερὲς)
1100 4904 1330 4972 ἐξέμηνε
1383 4904 1590 4962 πάντας
1658 4901 1799 4953 κατά
1832 4900 1925 4953 τοῦ

2033 4899 2254 4953 diﬁicile
2301 4899 2487 4965 fuerit)
2539 4909 2694 4952 atrox
2750 4900 2996 4953 omnium
3049 4900 3236 4953 odimu
3300 4901 3610 4968 Nicephoro

348 5001 684 5071 Νικηφόρου,
719 4997 818 5051 καὶ
868 4997 1035 5048 πᾶσιν
1059 4991 1126 5066 ἦν
1157 4995 1226 5047 δι’
1259 4994 1448 5065 εὐχῆς,
1477 4995 1577 5063 τῆς
1610 4993 1800 5045 τούτου
1832 5010 1925 5045 τυ-

2035 4991 2406 5052 concitarunt,
2436 4999 2496 5043 ut
2522 5000 2776 5060 optarent
2806 5006 3020 5056 omnes,
3055 4993 3175 5062 ejus
3223 4992 3512 5063 tyrannide
3545 4993 3608 5043 li-

351 5096 585 5164 ραννίδος
613 5089 1032 5158 ἀπαλλαγῆναι.
1075 5089 1186 5159 Οὐχ
1233 5089 1434 5158 ἥκιστα
1461 5087 1506 5139 δ’
1535 5085 1772 5150 ἐλύπησε
1804 5088 1925 5148 τοὺς

2038 5084 2239 5138 berari.
2277 5083 2414 5137 Illud
2456 5092 2641 5138 tamen
2670 5085 2751 5136 vel
2798 5084 2850 5136 in
2881 5084 3095 5152 primis,
3137 5086 3461 5140 hominibus
3491 5099 3582 5137 mo

1515 5196 1710 5259 Variaa
1735 5195 2040 5257 lectiones
2095 5201 2155 5256 et
2190 5202 2378 5256 notua.

1263 4249 1513 4318 στατῆρα
1592 4247 1794 4313 πάντα,
1863 4246 2147 4316 βασιλικὸν
2216 4250 2524 4318 ἑκτύπωμα
2583 4251 2840 4317 φέροντα,
2901 4250 3148 4317 ἰσότιμον
3188 4245 3330 4300 εῖναι
3370 4250 3449 4318 τῷ
3477 4249 3604 4320 ἄρτι

408 5339 514 5408 (6i)
563 5335 776 5402 Ἔῲκει
819 5333 948 5408 γὰρ.
985 5329 1052 5382 τὸ
1100 5327 1222 5408 πῶς
1249 5326 1326 5408 τῇ
1355 5324 1925 5408 στρατιώτιδιπμετίς-

2026 5335 2114 5378 tur
2148 5342 2177 5377 a
2227 5323 2373 5376 nobis
2416 5339 2577 5405 prope
2619 5322 2918 5408 simultatis
2959 5332 3188 5408 amator,
3237 5331 3392 5403 atque
3447 5333 3606 5408 (ir-gu-

340 5387 1148 5478 χείρίᾶει-ἓατιπρξιῷόμενοςί.
1198 5387 1576 5478 μῑιξιρταὶιόυε
1625 5395 1691 5478 in
1739 5387 1925 5474 Lege“,

2029 5403 2313 5478 mentosus:
2358 5387 2448 5462 qui
2488 5387 2592 5478 non
2621 5397 2785 5460 pretio
2807 5394 2903 5478 sibi
2940 5401 3115 5462 gentes
3145 5393 3364 5451 amicas,
3388 5387 3478 5439 scd
3502 5396 3612 5438 ter-

339 5463 694 5536 gic'Crmcum
754 5463 1077 5539 loquentem
1106 5463 1380 5524 inducit:
1417 5465 1812 5539 Constantinus,
1848 5465 1931 5516 in-
2028 5475 2234 5539 rorg‘et
2259 5463 2435 5539 glqdio
2464 5464 2561 5515 sibi
2589 5465 2826 5539 subditus
2847 5464 3000 5539 facit.

334 5522 1037 5620 ,ζιοιηρ
1078 5539 1228 5601 lenis,
1275 5539 1328 5589 in
1370 5522 1578 5618 palatio
1616 5522 1925 5620 attinens...
2101 5522 2410 5620 (622-98791
2453 5533 2724 5620 κανέομες-ς.
2925 5530 3185 5620 ςιμηιίεἰηη
3216 5527 3504 5620 Ignarum,
3535 5522 3603 5581 ad

863 5609 1098 5662 Basilius
1124 5594 1277 5660 homo
1310 5594 1589 5690 ταχύχειρ,
1633 5605 1685 5655 id
1719 5613 1792 5655 est
1829 5607 1925 5655 nti-

2031 5594 2154 5659 can.
2188 5594 2274 5667 l5,
2300 5603 2460 5672 epist.
2497 5603 2521 5656 1
2559 5601 2617 5656 S.
2662 5594 2844 5656 Basilii
2879 5603 2945 5656 ad
2969 5595 3436 5667 Amphilochium.

333 5674 719 5755 litia'deditus,
745 5681 1015 5752 palatium
1046 5694 1137 5732 σου
1165 5687 1356 5746 pestem
1393 5674 1654 5740 abhorret,
1687 5681 1735 5726 et
1769 5690 1926 5727 voca-
