3982 6248
380 255 486 325 1⁸23

1636 255 1877 320 JOANN
1885 253 1959 315 IS
1996 251 2315 318 ZONAR/E

3516 251 3618 316 1⁵24

370 373 571 428 lestum
613 370 739 435 fuit,
774 371 923 441 quod
962 371 1166 443 regiam
1209 385 1367 427 muro
1388 370 1773 428 circumdedit.
1806 372 1941 427 Nam

2070 370 2388 442 ινθρώπους,
2415 369 2510 426 καὶ
2549 372 2582 443 ή
2610 371 2721 425 τῶν
2756 370 3045 441 βασιλείων
3068 371 3144 441 τῷ
3176 370 3349 443 τείχει
3394 373 3618 442 περιδο-

372 479 498 518 cum
527 463 811 518 oraculum
836 464 1163 534 accepisset,
1199 479 1259 519 se
1295 463 1350 518 in
1376 479 1441 519 ea
1471 465 1819 520 interfectum
1852 465 1940 527 iri,

372 554 602 625 putabat
633 568 693 610 se
727 555 1002 610 mmnibus
1026 564 1207 610 tutum
1242 554 1384 611 fore.
1435 556 1732 611 Enimvero
1772 556 1853 611 sic
1891 556 1946 611 ei

375 645 815 701 ratiocinandum
869 646 1018 701 fuit:
1078 645 1133 700 Si
1196 660 1391 701 verum
1444 656 1592 703 esset
1637 647 1945 713 oraculum,

375 738 545 792 etiam
578 737 754 792 fatum
789 739 870 805 (nt
896 741 971 792 ita
1020 736 1240 807 loquar)
1291 738 1559 794 divinitus
1606 739 1945 805 ordinatum,

376 842 497 882 esse
524 827 821 883 inevitable
839 837 893 882 et
923 828 1299 895 immutabile;
1328 829 1413 885 sin
1447 830 1500 884 id
1521 830 1700 899 aliqua
1727 830 1951 885 solertia

379 918 657 986 prohiberi
688 925 893 987 posset,
928 933 1041 973 non
1078 920 1270 989 utique
1294 935 1418 975 esse
1450 937 1667 986 verum,
1701 937 1952 977 omnem-

379 1024 488 1078 que
512 1011 788 1066 solertiam
818 1026 1307 1081 supervacaneam.
1337 1012 1444 1068 Sed
1468 1014 1559 1069 ille
1580 1017 1730 1071 nulla
1756 1017 1949 1070 harum

380 1120 567 1159 rerum
597 1105 947 1160 considerata
977 1121 993 1158 :
1040 1106 1252 1176 magnis
1294 1109 1613 1177 sumptibus
1652 1111 1855 1180 regiam
1884 1126 1952 1166 eo

380 1213 561 1264 muro,
628 1199 720 1268 qui
787 1199 954 1253 etiam
1018 1213 1167 1253 nunc
1234 1203 1502 1267 cernitur,
1561 1202 1949 1264 circumdedit,

380 1306 545 1360 quem
595 1291 744 1345 cives
798 1290 1112 1360 Acropolim
1167 1302 1224 1347 et
1271 1295 1554 1349 castellum
1609 1296 1952 1366 tyrannicum

383 1390 580 1437 contra
606 1397 665 1437 se
687 1389 1028 1438 exstructum
1048 1384 1390 1454 judicabant.
1419 1386 1620 1440 Verum
1650 1387 1956 1442 munitione

384 1475 650 1542 perlecta,
685 1488 812 1529 cum
862 1489 922 1529 se
952 1475 1065 1544 jam
1099 1491 1191 1531 res
1238 1491 1369 1532 suas
1399 1477 1455 1531 in
1488 1485 1608 1532 tuto
1660 1478 1957 1534 collocasse

383 1571 629 1633 putaret,
712 1572 828 1618 tum
905 1564 1127 1620 demum
1202 1581 1327 1621 cum
1393 1568 1539 1623 intra
1598 1586 1718 1624 eam
1784 1571 1956 1639 ipsam

2044 465 2135 535 λή.
2163 463 2759 535 Κεχρησμοδοτημένον
2790 465 2897 534 γὰρ
2932 463 3092 535 έχων,
3124 464 3183 516 τὸ
3210 465 3268 516 ὲν
3309 466 3422 528 τοῖς
3461 462 3614 533 βασι-

2045 556 2210 619 λείοις
2251 557 2466 626 μέλλειν
2521 556 3003 626 ἀναιρεθήσεσθαι,
3032 556 3196 622 έδοξει
3255 558 3433 627 ἑαυτῷ
3458 575 3618 628 περι-

2046 647 2319 701 ποιεῖσθαι
2352 647 2441 700 διὰ
2486 645 2582 699 τοῦ
2626 647 2841 717 τείχους
2882 647 3203 715 ἀσφάλειαν,
3235 647 3357 701 δέον
3392 647 3619 717 λογίσα-

2051 741 2197 804 σθαι,
2223 741 2300 804 ὡς
2330 742 2380 794 εί
2408 736 2506 811 μέν
2537 741 2736 810 ἀληθὲς
2764 741 2850 812 εἴη
2876 741 2936 795 τὸ
2956 741 3409 812 χρησμοδότημα,
3429 742 3518 810 εἴη
3550 742 3618 796 ἂν

2049 835 2147 889 καὶ
2205 837 2590 906 πεπρωμένον,
2611 836 2678 889 ἵν’
2742 835 2917 900 οὕτως
2971 837 3313 906 εἴποιμι,.τὸ
3364 838 3428 889 ἐκ
3482 836 3620 892 Θεοῦ

2051 928 2375 999 ὡρισμένον,
2403 930 2644 998 ἀφυκτόν
2696 945 2756 983 τε
2805 928 2901 982 καὶ
2944 928 3302 999 ἀμετάθετον.
3341 928 3403 981 Ei
3434 927 3491 982 δὲ
3524 928 3622 982 δύ-

2051 1035 2203 1071 ναιτο
2226 1017 2538 1088 κωλυθῆναι
2567 1019 2633 1072 δι’
2650 1018 2893 1082 ἐπινοίας
2942 1018 3111 1083 τινδς,
3147 1019 3206 1071 οὐ
3239 1021 3457 1081 πάντως
3485 1017 3622 1086 ἀλη-

2054 1111 2164 1175 θὲς,
2188 1114 2284 1165 καὶ
2299 1112 2367 1165 τὰ
2400 1110 2762 1181 ὲπινοούμενα
2786 1111 3040 1181 περιττά.
3072 1110 3137 1164 '0
3161 1110 3218 1163 δὲ
3241 1111 3450 1163 τούτων
3471 1110 3625 1163 οὐδὲν

2052 1204 2429 1273 λογισάμενος,
2464 1204 2732 1272 μεγάλαις
2777 1201 3049 1265 δαπάναις
3103 1201 3181 1270 τῷ
3217 1201 3311 1254 νῦν
3360 1201 3626 1270 ὁρωμένῳ

2054 1297 2222 1366 τείχει
2277 1296 2346 1348 τὰ
2409 1294 2655 1364 βασίλεια
2707 1294 3104 1362 ἐστεφάνωσεν,
3144 1291 3463 1364 Ἀκρόπολιν
3505 1292 3550 1343 δ’
3574 1292 3627 1343 oi

2057 1387 2269 1440 πολῖται
2307 1384 2466 1439 τοῦτο
2505 1385 2599 1439 καὶ
2636 1385 2949 1456 τυραννεῖον
2981 1383 3107 1437 καθ’
3146 1383 3356 1437 ἑαυτῶν
3405 1383 3629 1453 γινόμε-

2056 1494 2146 1531 νον
2203 1478 2442 1546 ἔκρινον,
2474 1477 2606 1530 “Ore
2657 1477 2841 1530 τοίνυν
2894 1478 3168 1547 ἀπήρτισε
3224 1474 3286 1529 τὸ
3338 1474 3628 1547 ὀχύρωμα,

2059 1567 2153 1619 καὶ
2191 1566 2369 1630 ἔδοξεν
2395 1564 2572 1637 έαυτῷ
2601 1556 3064 1638 περιποιήσασθαι
3111 1563 3210 1634 τὴν
3258 1563 3506 1636 φύλακὴν
3535 1564 3634 1616 ἀσ-

386 1655 711 1720 caaderetur,
767 1657 1062 1722 intellexit,
1122 1658 1409 1713 inventum
1471 1660 1608 1715 illud
1659 1660 1795 1715 nihil
1851 1661 1955 1716 sibi

2070 1658 2226 1729 ραλῆ,
2252 1657 2361 1711 τότ’
2400 1658 2542 1727 ἔγνω
2576 1658 2743 1728 μηδὲν
2773 1656 2920 1728 αύτῷ
2941 1657 3300 1726 λυσιτελῆσαν
3324 1655 3385 1709 τὸ
3408 1655 3632 1724 ἐπινόη-

386 1748 681 1819 profuisse.
710 1747 816 1805 Sed
853 1751 959 1805 hoc
1007 1751 1062 1806 in
1095 1753 1389 1820 praesentia
1422 1753 1649 1817 omisso,
1699 1768 1785 1807 res
1837 1755 1959 1824 ejus

2070 1767 2160 1819 μοι,
2202 1751 2441 1814 ὑποστὰς
2469 1750 2620 1814 ἐντὸς
2653 1747 2864 1803 ἐκείνου
2891 1751 2982 1802 τὸν
2997 1747 3237 1817 ὀλεθρον.
3276 1747 3434 1801 Ἀλλά
3463 1747 3636 1817 μήπω

388 1850 569 1909 gestas
599 1855 985 1911 exsequamur.
1023 1840 1338 1907 Antiochia,
1369 1844 1532 1914 205.
1558 1860 1719 1913 quam
1756 1844 1960 1900 ﬂumen

388 1932 623 1986 Orontes
643 1931 817 1996 alluit,
843 1940 1147 2001 revertens,
1173 1933 1456 1988 castellum
1476 1934 1529 1987 in
1549 1934 1732 1990 Tauro
1750 1945 1959 2002 monte,

389 2036 554 2090 quem
605 2022 771 2077 hodie
822 2022 986 2093 vulgo
1018 2022 1271 2078 Maurum
1326 2032 1546 2089 vocant,
1600 2027 1960 2081 construxit:

392 2112 658 2169 Michaele
687 2114 883 2179 Burze,
920 2130 1085 2185 quem
1137 2115 1434 2186 patricium
1486 2116 1640 2184 fecit,
1694 2127 1750 2174 et
1793 2118 1961 2174 Tauri

392 2203 602 2259 montis
646 2204 842 2259 ducem
890 2204 1214 2272 nominavit,
1272 2205 1341 2260 ad
1381 2205 1725 2262 infestandos
1769 2207 1965 2261 Antio-

397 2294 610 2349 chenos
636 2294 709 2350 ibi
743 2295 960 2350 relicto.
1003 2297 1229 2352 Petrum
1260 2312 1397 2352 vero
1429 2298 1726 2368 quemdam
1758 2314 1826 2354 ex
1862 2300 1967 2353 mi-

392 2387 587 2442 nistris
638 2387 778 2452 suis,
830 2396 1127 2443 castratum
1181 2388 1335 2443 illum
1385 2388 1632 2458 quidem,
1689 2389 1786 2445 sed
1827 2401 1968 2446 stre-

393 2492 567 2531 nuum
600 2476 904 2545 hominem,
933 2486 1303 2543 constantem,
1337 2485 1396 2532 et
1426 2477 1662 2533 militum
1695 2478 1972 2548 regundo-

395 2582 518 2621 rum
574 2569 839 2638 peritum,
897 2569 1404 2639 stratopedareham
1471 2568 1779 2639 designavit
1825 2583 1839 2619 :
1906 2577 1970 2625 nt

395 2660 575 2715 locum
615 2660 883 2716 exercitui
926 2660 1085 2715 daret
1117 2659 1183 2715 ad
1218 2659 1623 2715 hibernandum
1668 2661 1722 2714 in
1750 2658 1970 2717 Cilicia.

394 2753 731 2821 lmperatore
768 2753 1090 2824 Byzantium
1121 2767 1366 2818 reverso,
1397 2751 1603 2806 Burzes
1634 2750 1845 2806 crebris
1868 2765 1969 2806 ex-

396 2844 748 2900 cursionibus
787 2844 1162 2900 Antiochenos
1205 2842 1486 2913 Agarenos
1526 2843 1839 2910 infestabat,
1879 2857 1969 2898 as-

396 2936 555 2991 sidue
584 2936 653 2991 de
682 2938 961 3006 capiendae
991 2937 1145 2991 urbis
1171 2936 1454 3001 facultate,
1485 2937 1840 3006 parandaque
1864 2934 1968 2990 sibi

2061 1842 2191 1912 περὶ
2225 1842 2440 1907 τούτου,
2468 1841 2552 1895 ἔτι
2586 1841 2634 1895 δ’
2666 1844 2694 1895 ὁ
2721 1840 2880 1909 λόγος
2910 1840 3139 1910 πράξεις
3159 1838 3370 1906 διεξίτω
3396 1834 3637 1893 ἐκείνου,

2071 1932 2414 1987 Ὑπονοστῶν
2444 1933 2504 1998 ἐξ
2548 1932 2880 2002 Ἀντιοχείας
2904 1931 3041 2004 (65),
3067 1932 3168 2002 τῆς
3206 1931 3340 2005 πρὸς
3375 1933 3636 2005 Ὀρόντην

2060 2018 2215 2087 οὗτος
2244 2024 2273 2076 ό
2316 2023 2589 2093 βασιλεὺς,
2622 2023 2879 2094 φρούριον
2911 2024 2969 2075 ὲν
3000 2022 3079 2094 τῷ
3112 2023 3230 2093 δρει
3283 2022 3377 2077 τοῦ
3410 2023 3636 2097 Ταύρου

2063 2115 2337 2183 ἐδείματο,
2370 2113 2595 2185 Μαῦρον
2629 2114 2687 2168 δὲ
2727 2113 2854 2186 ὅρος
2885 2116 3062 2168 έκεῖνο
3104 2114 3253 2182 λέγει
3284 2113 3379 2169 νῦν
3403 2117 3432 2169 ὁ
3468 2116 3639 2180 πολὺς

2063 2203 2370 2275 ἄνθρωπος,
2423 2207 2484 2259 έν
2526 2198 2571 2273 ᾧ
2631 2204 2850 2277 Μιχαὴλ
2880 2204 2971 2259 τὸν
3014 2204 3295 2275 Βούρτζην
3348 2207 3637 2272 κατέλιπε,

2064 2296 2357 2367 πατρίκιον
2392 2298 2651 2367 τιμήσας,
2702 2298 2799 2351 xui.
2851 2296 2948 2349 τοῦ
2986 2296 3212 2366 Μαύρου
3244 2294 3402 2367 ὅρους
3434 2314 3639 2369 στρατ-

2065 2387 2200 2457 ηγὸν
2226 2386 2501 2457 ὀνομάσας
2523 2387 2706 2452 αὐτὸν,
2738 2385 2861 2450 τοὺς
2899 2387 3194 2457 ’Δντιοχεῐς
3216 2387 3420 2442 κακοῦν
3452 2389 3633 2442 ἔντει-

2067 2475 2320 2546 λάμενος.
2377 2476 2488 2529 Καὶ
2528 2476 2736 2548 Πέτρον
2768 2476 2814 2529 δ’
2847 2475 2944 2530 ἕνα
2978 2477 3087 2529 τῶν
3122 2478 3314 2531 ἑαυτοῦ
3374 2477 3643 2547 θεραπόν-

2066 2581 2196 2629 των,
2244 2567 2504 2637 ὲκτομίαν
2550 2568 2669 2638 μὲν,
2711 2569 3040 2640 δραστήριον
3069 2568 3127 2621 δέ
3158 2584 3221 2637 γε
3250 2569 3348 2624 καὶ
3378 2567 3639 2640 ἐμϐριθῆ,

2070 2657 2164 2709 καὶ
2192 2656 2383 2727 ἄρχειν
2413 2656 2590 2711 εἰδότα
2613 2658 2988 2727 στρατιωτῶν,
3011 2658 3498 2730 Στρατοπεδάρχην
3521 2658 3644 2713 dvo-

2075 2749 2255 2817 μάσας
2317 2748 2631 2814 κατέλιπεν,
2690 2748 2759 2802 ἵν’
2790 2751 2849 2804 ὲν
2907 2749 3130 2821 Κιλικίᾳ
3175 2748 3290 2819 δοίη
3339 2750 3524 2821 χώραν
3570 2752 3643 2821 τῇ

2073 2838 2305 2907 στρατιᾷ
2339 2837 2433 2888 τὸν
2466 2836 2713 2906 χειμῶνα
2745 2837 3049 2905 διαγαγεῖν.
3068 2840 3178 2891 Καὶ
3202 2840 3231 2892 ό
3263 2839 3364 2908 μὲν
3385 2837 3647 2908 βασιλεὺς

2071 2923 2208 2999 ἧκεν
2241 2928 2323 2991 είς
2347 2928 2407 2981 τὸ
2429 2928 2748 2994 Βυζάντιον,
2772 2930 2802 2981 ό
2830 2927 2888 2982 δὲ
2936 2929 3214 2999 Βούρτζης
3246 2929 3489 3000 συνεχῶς
3518 2929 3643 2995 ἑξε-

397 3025 571 3092 gloria
594 3025 868 3096 cogitans-3
891 3026 1137 3093 Quodam
1191 3026 1360 3096 igitur
1398 3035 1647 3095 tempore
1673 3026 1844 3081 turris
1875 3042 1968 3080 eu-

2074 3019 2289 3074 λαύνων
2317 3020 2520 3074 ἐκάκου
2566 3022 2695 3084 τοὺς
2729 3022 2787 3074 ὲν
2827 3020 3132 3093 Ἀντιοχείᾳ
3174 3022 3647 3093 Ἀγαρηνοὺς,καὶ

393 3116 612 3187 jnsdam
638 3116 988 3170 altitudinem
1012 3118 1151 3171 clam
1183 3132 1430 3178 mensus,
1462 3116 1671 3187 paratis
1695 3117 1858 3172 scalis
1890 3117 1969 3171 illi

400 3203 651 3272 paribus,
732 3211 892 3258 nocte
949 3203 1205 3266 hiberna,
1256 3204 1412 3258 illuni
1463 3212 1521 3258 et
1564 3205 1777 3269 nivosa,
1808 3206 1973 3261 tacite

400 3295 680 3351 mwnibus
706 3295 859 3351 urbis
891 3297 1160 3361 succedit,
1195 3296 1481 3366 aﬂixisque
1507 3296 1672 3351 scalis
1707 3311 1831 3351 cum
1862 3308 1975 3353 tre-

396 3387 579 3441 centis
614 3386 715 3459 (tot
775 3388 923 3443 enim
982 3387 1305 3443 advertente
1365 3387 1585 3443 nemine
1645 3387 1973 3459 adduxerat)

400 3478 670 3544 ascendit,
701 3480 962 3534 custodes
998 3480 1169 3533 turris
1196 3488 1250 3533 et
1276 3480 1471 3534 obvios
1501 3496 1748 3551 quosque
1789 3484 1972 3547 caedit,

401 3568 702 3634 statimque
750 3568 1216 3637 stratopedarchaa
1249 3570 1467 3623 nuntiat
1493 3570 1625 3639 quid
1672 3571 1785 3633 ﬁat,
1817 3583 1872 3627 et
1906 3575 1973 3627 ad

403 3670 563 3725 Opem
585 3655 865 3710 ferendam
901 3658 1153 3712 accersit.
1196 3659 1254 3712 ld
1287 3659 1379 3713 ille
1401 3659 1767 3716 detrectabat.
1807 3663 1975 3718 Fere-

404 3745 569 3800 batur
589 3747 736 3801 enim
768 3747 1068 3816 imperator
1090 3749 1169 3802 illi
1190 3749 1499 3816 mandasse,
1530 3767 1599 3806 ne
1626 3752 1974 3807 Antiochiam

405 3840 713 3906 invaderet,
750 3844 894 3912 quod
927 3843 1085 3897 urbis
1109 3845 1234 3913 ejus
1260 3844 1642 3914 captivitatem
1686 3847 1974 3902 interitum

406 3934 759 4005 imperatoris
791 3943 1223 3990 consecuturum
1260 3937 1485 4008 vulgata
1514 3936 1657 3992 fama
1698 3948 1838 3995 erat.
1867 3939 1977 3995 An-

406 4026 648 4081 tiocheni
688 4041 816 4081 cum
862 4037 1044 4082 turres
1069 4039 1369 4098 occupatas
1402 4044 1524 4084 esse
1548 4030 1933 4099 cognovissent
1963 4073 1976 4099 ,

404 4130 474 4171 eo
502 4116 760 4172 alacriter
791 4132 1122 4183 convenere,
1165 4118 1233 4172 ad
1282 4119 1564 4175 Romanos
1605 4121 1976 4191 expellendos,

406 4207 889 4279 stratopedarcha,
944 4210 1199 4279 quamvis
1242 4211 1520 4281 anticipiti
1567 4227 1700 4267 cura
1746 4212 1982 4269 distine-

406 4308 582 4366 retur,
602 4310 660 4356 et
690 4300 928 4355 mandati
953 4301 1323 4371 imperatoris,
1348 4310 1404 4358 et
1424 4304 1576 4358 exilii
1610 4304 1821 4370 Burzae,
1853 4321 1976 4360 cum

405 4395 633 4447 cohorte
663 4407 782 4459 sua,
811 4401 996 4448 tamen
1022 4410 1133 4449 non
1164 4397 1620 4451 committendum
1655 4412 1776 4454 esse
1803 4410 1976 4465 ratus,

407 4491 470 4535 ut
517 4493 599 4538 tot
642 4482 767 4549 viri,
794 4485 1064 4553 perirent,
1100 4500 1227 4540 cum
1268 4487 1528 4542 omnibus
1576 4488 1749 4557 copiis
1790 4489 1984 4543 Antio-

407 4572 590 4626 chiam
627 4572 854 4628 invadit.
881 4574 1000 4641 Quo
1023 4578 1169 4630 facto
1200 4575 1327 4631 stati
1354 4597 1373 4628 ιν
1414 4586 1471 4630 et
1497 4592 1693 4633 manus
1729 4590 1785 4635 et
1812 4583 1983 4639 animi

408 4662 772 4720 Barbarorum
801 4665 1182 4719 conciderunt.
1202 4664 1404 4720 Burzes
1422 4680 1553 4719 vero
1579 4681 1701 4719 cum
1728 4666 1847 4721 suis
1870 4669 1980 4737 jam

408 4754 700 4823 deSperata
726 4755 924 4822 salute,
950 4756 1173 4819 revixit,
1213 4764 1271 4811 et
1296 4765 1454 4825 porta
1493 4756 1718 4826 bipenni
1750 4768 1982 4823 resecta,

406 4847 643 4901 liberum
675 4848 978 4918 ingressum
1013 4849 1484 4918 stratopedarchte
1527 4849 1785 4919 prmbuit.
1808 4851 1980 4909 Tanta

407 4937 689 5000 facilitate,
716 4938 945 4995 illustris
962 4939 1251 4996 Antiochia
1272 4941 1327 4995 in
1346 4943 1718 4998 Romanorum
1741 4956 1981 5015 potesta-

411 5040 519 5085 tem
561 5032 734 5085 venit.
785 5032 843 5087 ω
899 5033 1220 5102 imperatori
1252 5035 1567 5090 nuntiatum
1612 5037 1733 5105 plus
1774 5039 1982 5095 doloris

408 5118 592 5175 attulit
638 5136 800 5190 quam
848 5124 1179 5192 voluptatis,
1247 5134 1305 5179 et
1355 5127 1675 5192 praeclarum
1738 5128 1978 5196 facinus,

412 5211 589 5268 iratus
638 5216 1106 5285 stratopedarchte
1144 5225 1202 5273 et
1249 5218 1459 5283 Burzaa,
1515 5223 1872 5278 contumeliis
1924 5233 1981 5279 et

2071 3111 2347 3165 διεσκόπει
2375 3112 2524 3174 ὅπως
2551 3111 2665 3165 ἕλοι
2694 3110 2792 3180 τὴν
2830 3112 2987 3164 πόλιν
3017 3113 3068 3164 εἰ
3089 3111 3331 3178 δύναιτο,
3357 3113 3459 3166 καῖ
3484 3113 3648 3177 κλέος

2071 3202 2202 3268 ἔξει.
2233 3203 2462 3256 Ἔλαϐεν
2494 3199 2589 3257 οὖν
2637 3220 2769 3256 ποτε
2811 3207 3013 3275 μέτρον
3052 3202 3145 3256 τοῦ
3174 3201 3343 3271 ὕψους
3373 3204 3492 3266 ἑνὸς
3538 3203 3649 3256 τῶν

2075 3291 2300 3361 πύργων
2338 3291 2541 3358 λαϐὼν,
2571 3292 2667 3346 καὶ
2698 3293 2833 3363 πρὸς
2892 3278 3314 3360 τοσοῦτονῠψος
3348 3289 3650 3358 ἀναλόγους

2078 3384 2410 3453 ἡτοιμάσατο
2436 3384 2985 3455 κλίμακας.Φυλάξας
3016 3383 3110 3438 οὖν
3152 3383 3321 3436 νύκτα
3364 3383 3493 3452 μίαν
3538 3399 3651 3451 χειο

2078 3476 2289 3549 μέριον,
2311 3478 2574 3548 ἀσέληνόν
2600 3494 2658 3531 τε
2680 3477 2778 3531 καὶ
2800 3475 3092 3546 νιφετώδη,
3143 3474 3428 3546 πρόσεισιν
3461 3474 3652 3543 ἠρέμα

2075 3571 2153 3640 τῷ
2187 3571 2355 3642 τείχει
2395 3572 2494 3642 τῆς
2545 3571 2778 3635 πόλεως,
2829 3570 2922 3624 καὶ
2967 3568 3067 3631 τὰς
3111 3568 3381 3637 κλίμακας
3433 3566 3653 3637 ἐρείσας

2076 3664 2247 3733 αὐτῷ,
2276 3663 2442 3732 ἀνέϐη
2487 3663 2624 3733 μετὰ
2657 3661 2985 3733 τριακοσίων
3022 3660 3335 3731 (τοσουτους
3367 3658 3479 3728 γὰρ
3508 3659 3653 3729 ἐπή-

2076 3769 2226 3820 γετο,
2257 3753 2486 3822 μηδενὸς
2508 3754 2861 3824 αἰσθομένου)
2898 3754 2992 3806 καὶ
3023 3751 3150 3815 τοὺς
3178 3751 3277 3819 μὲν
3305 3748 3399 3803 τοῦ
3440 3748 3656 3820 πύργου

2078 3843 2287 3895 ἐκείνου
2320 3844 2573 3911 φύλακας
2600 3843 2805 3908 ἀνεῖλε,
2826 3843 2920 3897 καὶ
2965 3842 3168 3911 έτέρων
3214 3838 3653 3910 πλησιαζόντων,

2079 3934 2289 3989 στέλλει
2318 3936 2373 3988 δὲ
2405 3937 2606 3990 αὐτίκα
2653 3936 2788 4008 πρὸς
2819 3937 2909 3989 τὸν
2957 3931 3657 4004 στρατοπεδάρχην,δηλῶν

2077 4025 2227 4094 αὐτῷ
2253 4027 2313 4078 τὸ
2331 4027 2640 4095 γενόμενον,
2666 4027 2762 4080 καὶ
2785 4026 2920 4096 πρὸς
2942 4026 3195 4096 βοήθειαν
3233 4022 3657 4091 έκκαλύομενος.

2091 4117 2150 4170 Ὀ
2206 4117 2263 4170 δὲ
2327 4118 2620 4171 ἀνεδύετο·
2679 4119 2898 4187 λέγεται
2948 4123 3057 4189 γὰρ
3112 4114 3455 4170 ἐντείλασθαί
3482 4116 3532 4169 οἱ
3563 4117 3658 4168 τὸν

2083 4208 2327 4278 βασιλέα,
2372 4208 2447 4280 μὴ
2504 4209 2829 4280 προσϐαλεῖν
2885 4213 2950 4280 τῇ
2993 4209 3317 4278 Ἀντιοχείᾳ,
3366 4205 3446 4260 ὃτι
3505 4208 3660 4277 παρά

2083 4305 2216 4357 πᾶσι
2245 4305 2585 4373 πεφήμιστο,
2625 4304 2692 4373 τῇ
2743 4305 2841 4369 τῆς
2902 4299 3233 4370 Ἀντιοχείας
3282 4298 3482 4351 ἁλώσει
3524 4298 3657 4371 ἕψει

2085 4400 2208 4454 σθαι
2239 4400 2333 4451 καὶ
2370 4397 2464 4451 τοῦ
2500 4395 2825 4468 κρατοῦντος
2858 4394 2950 4448 τὸν
2979 4393 3224 4464 ὅλεθρον.
3255 4392 3319 4444 Ol
3347 4390 3403 4443 δὲ
3444 4389 3659 4445 Ἀντιοο

2084 4491 2220 4558 χεῖς,
2250 4489 2469 4556 γνόντες
2492 4484 2601 4539 τῶν
2620 4485 2846 4555 πύργων
2867 4482 2965 4554 τὴν
2981 4481 3204 4544 ἅλωσιν,
3224 4480 3340 4531 ἐκεῖ
3365 4476 3658 4547 συνηθροί-

2083 4582 2310 4650 σθησαν,
2341 4579 2595 4645 ἐξελάσαι
2624 4580 2750 4639 τοὺς
2790 4576 3098 4646 Ῥωμαίους
3130 4573 3311 4628 αὐτῶν
3343 4570 3660 4642 προθυμού-

2089 4691 2265 4745 μενοι.
2304 4673 2446 4741 Πρὸς
2487 4670 2582 4723 δύο
2628 4670 2809 4722 τοίνυν
2846 4668 3066 4722 ἐναντία
3118 4666 3428 4738 μαχόμενον
3468 4663 3662 4735 ἔχωνό

2087 4765 2571 4836 στρατοπεδάρχης
2605 4762 2694 4821 τὸν
2723 4761 3009 4829 λογισμὸν,
3032 4762 3130 4831 τήν
3157 4777 3215 4813 τε
3250 4757 3542 4828 βασιλικὴν
3566 4759 3655 4810 ὲν-

2086 4859 2267 4928 τολὴν,
2296 4856 2507 4908 καὶτὸν
2550 4853 2775 4921 ὄλεθρον
2810 4853 2899 4907 τοῦ
2952 4850 3219 4923 Βούρτζη,
3269 4850 3363 4904 καὶ
3405 4849 3515 4903 τῶν
3563 4849 3661 4902 σὺν

2083 4949 2233 5019 αὐτῷ
2268 4946 2598 5018 τριακοσίων
2629 4946 2859 5016 ἀνδρῖιν,
2887 4944 3040 4997 ἔθετο
3072 4943 3146 5013 μὴ
3169 4944 3330 4997 ἐᾶσαι
3362 4939 3659 5003 τοσούτους

2085 5041 2286 5111 ἄνδρας
2316 5039 2747 5105 ἁπολέσθαι,καὶ
2774 5037 2911 5107 ἄρας
2961 5037 3062 5090 σὺν
3095 5034 3258 5087 παντὶ
3286 5032 3364 5103 τῷ
3397 5030 3665 5102 στρατιύο

2091 5128 2590 5202 ματι,προσ6άλλει
2632 5130 2698 5197 τῇ
2766 5125 3041 5196 Ἀντιόχου
3062 5140 3076 5155 ’
3102 5124 3195 5177 καὶ
3246 5124 3445 5176 αὐτίκα
3477 5122 3527 5175 οἱ
3561 5121 3681 5206 μὲν,

2089 5224 2341 5295 πολέμιοι
2373 5221 2713 5293 παρείθησαν
2747 5220 2842 5273 καὶ
2870 5219 2967 5282 τὰς
2993 5218 3182 5288 χεῖρας
3213 5217 3309 5269 καὶ
3334 5214 3431 5277 τὰς
3455 5213 3662 5284 ψυχάς.

1595 5375 1798 5437 Variae
1835 5377 2143 5441 lectiones
2189 5386 2250 5439 et
2286 5385 2476 5439 notae.

507 5523 609 5599 63)‘
639 5523 1028 5599 Ὕρτονοστῶν
1052 5525 1121 5592 ἐξ
1164 5528 1536 5599 Ἀντιοχείας.
1567 5528 1981 5597 Expeditionem

418 5593 558 5649 hanc
584 5594 652 5665 in
695 5597 993 5665 Agarenos,
1026 5612 1146 5665 qua:
1178 5600 1281 5655 sub
1318 5593 1464 5654 anno
1487 5599 1613 5662 968,
1647 5593 1866 5660 accidit,
1902 5608 1986 5654 at-

418 5665 538 5734 tigit
578 5664 946 5737 Liulprandus
971 5670 1023 5723 in
1044 5664 1240 5740 Legat.
1270 5669 1475 5736 Quarta
1501 5670 1633 5739 feria
1664 5670 1826 5739 ipsius
1855 5668 1994 5724 Heb-

2092 5535 2333 5591 domadaz
2383 5533 2701 5601 Niceplwrus
2741 5530 3251 5603 Constantinopolim
3298 5528 3583 5599 egreditur,
3609 5528 3665 5584 in

2094 5607 2335 5677 Assyrios
2355 5603 2708 5675 profecturus.
