3978 6256
325 334 455 452 1219.

1550 383 1590 442 ,κ
1605 383 1706 447 NN
1714 383 1957 447 ALIUM
1989 383 2140 447 LIB.
2182 384 2350 451 XVI.

3482 396 3584 463 [30

321 504 493 573 γῆναι
512 501 787 563 ἐκέλευσε,
805 497 903 554 καὶ
926 497 1133 552 δώδεκα
1158 497 1451 568 μεδίμνους
1475 497 1626 553 σίτου
1644 498 1806 567 νομίσ
1814 515 1893 567 μα

2022 512 2135 553 non
2163 500 2327 552 modo
2349 498 2488 554 nihil
2518 499 2640 570 opis
2669 499 2812 567 tulit,
2854 500 2949 559 sed
2979 509 3036 558 et
3064 503 3474 563 calamitatibus
3494 509 3583 564 in-
3692 491 3700 502 ’

319 611 416 654 τος
445 593 568 655 ἑνὸς
592 589 963 644 ἀποδίδοσθαι.
985 589 1127 644 Ἀλλ’
1149 590 1344 660 ἐκείνῳ
1368 591 1470 659 μὲν
1489 590 1522 660 ἡ
1542 588 1741 663 πρᾶξις
1764 588 1907 660 αὕτη

324 683 605 753 βασιλικὴ,
625 682 705 753 τῷ
730 683 775 735 δ⁹
798 683 1168 752 ἱστορουμένῳ
1191 682 1286 737 νῦν
1313 683 1522 752 βασιλεῖ
1542 683 1639 737 καὶ
1659 683 1779 738 λίαν
1804 699 1906 739 κα·

322 775 554 845 πηλινὴ,
582 775 642 838 ὃς
673 772 749 845 τῷ
797 774 940 844 λιμῷ
993 775 1055 828 τὸ
1108 775 1348 841 ὑπήκοον
1375 776 1520 845 ὁρῶν
1552 774 1900 844 πιεζόμενον,

319 867 423 919 οὐκ
455 866 764 935 ἐπήμυνεν,
787 866 926 920 ἀλλὰ
956 865 1141 935 μέντοι
1163 867 1257 920 καὶ
1301 866 1571 935 ὲνετρύφα
1597 869 1714 928 ταῖς
1742 864 1906 920 αὑτοῦ

323 959 659 1027 συμφοραῖς,
679 959 772 1009 καὶ
794 958 907 1020 τοῖς
936 957 1030 1010 τοῦ
1055 957 1213 1024 λιμοῦ
1242 957 1607 1025 τραυματίαις
1642 957 1906 1022 ὲπιΕαίων

320 1047 540 1117 ὑπῆρχε
587 1049 659 1101 τὰ
691 1047 1002 1116 τραύματα.
1041 1049 1148 1101 Καὶ
1176 1049 1204 1101 ὁ
1240 1047 1331 1100 τοῦ
1357 1046 1620 1117 βασιλέως
1650 1048 1706 1101 δὲ
1738 1048 1901 1102 ἀδελ-

328 1138 427 1204 φὸς
451 1139 478 1187 ὁ
501 1137 651 1189 Λέων
671 1133 944 1209 ούχῆττον
965 1136 1143 1188 eum;
1174 1136 1265 1190 τόν
1287 1153 1344 1189 τε
1370 1136 1541 1205 δῆμον
1575 1138 1672 1207 τῆς
1695 1138 1906 1201 πόλεως

327 1230 423 1279 καὶ
451 1229 575 1290 τοὺς
598 1229 890 1297 οἰκήτορας
917 1228 1026 1280 τῶν
1056 1228 1271 1298 χωρῶν,
1293 1228 1597 1296 καπηλείας
1620 1231 1714 1281 καὶ
1741 1229 1905 1291 αὐτὸς

318 1318 549 1389 μετιών.
564 1321 675 1372 Καὶ
690 1322 740 1371 oi
764 1319 866 1388 μὲν
889 1317 1031 1371 οὕτω
1060 1319 1325 1372 διέκειντο
1360 1321 1499 1388 πρὸς
1519 1322 1644 1383 τοὺς
1663 1322 1904 1390 πάσχον·-

317 1427 440 1473 τας,
468 1413 519 1463 οί
544 1411 601 1463 δὲ
622 1411 758 1481 πρὸς
779 1411 869 1464 τὸν
892 1413 1200 1481 κρατοῦντα
1220 1412 1307 1466 διὰ
1329 1413 1499 1466 ταῦτα
1516 1414 1902 1467 ἀπέσκωπτον.

320 1498 460 1551 Ilo-cs
488 1499 596 1571 γὰρ
638 1501 953 1562 νεολέκτους
1002 1499 1334 1570 στρατιώτας
1353 1501 1588 1571 ὁρῶντος
1631 1502 1722 1555 τοῦ
1752 1505 1904 1572 βασι-

317 1591 620 1653 λέως,ὲπεὶ
646 1590 738 1643 καί
758 1608 842 1651 τις
890 1590 1101 1654 τούτοις
1134 1592 1509 1663 συνηρίθμητο
1552 1594 1759 1657 πολιὸς,
1793 1592 1898 1663 ἔφη

316 1682 453 1750 πρὸς
476 1682 683 1733 ἐκεῖνον
704 1684 730 1733 ό
757 1682 1137 1751 αὐτοκράτωρ,
1175 1681 1308 1748 Πῶς
1327 1683 1450 1749 τοῖς
1490 1684 1897 1752 στρατιώταις,

312 1767 613 1835 cia-0.0wa,
643 1768 831 1837 γέρων
859 1768 944 1823 ὢν
974 1773 1446 1840 συγκαταλέγεις
1471 1775 1732 1839 σαυτόν;
1767 1774 1826 1827 '0
1849 1775 1899 1827 δ’

2012 588 2243 645 saltavit
2278 606 2291 645 :
2327 590 2649 646 vulneribus
2677 607 2893 656 eorum,
2925 610 3067 663 quos
3093 595 3265 652 fames
3289 599 3583 667 sauciant,

2010 678 2387 735 inhumaniter
2404 679 2753 738 divellendis.
2787 682 2895 739 Sed
2925 694 2983 740 et
3016 685 3186 742 frater
3209 688 3329 758 ejus
3349 688 3483 754 Leo,
3514 698 3575 746 et

2008 770 2126 841 ipse
2161 774 2545 842 cauponando,
2581 774 2942 831 nihilominus
2987 784 3046 835 et
3093 778 3367 835 urbanum
3416 796 3587 850 popu-

2008 867 2121 921 lum
2162 875 2216 920 et
2264 866 2630 934 provinciales
2671 870 2973 936 premebat.
3019 869 3124 935 Qui
3160 886 3287 926 eum
3333 887 3394 927 se
3441 873 3582 928 tales

2006 973 2136 1026 erga
2163 957 2390 1015 atllictos
2416 958 2746 1027 praeberent,
2781 960 3018 1015 vicissim
3044 961 3293 1022 dicteriis
3315 979 3346 1016 a
3374 965 3578 1034 popqu

2007 1047 2448 1104 incessebantur.
2479 1048 2614 1104 Nam
2647 1065 2770 1106 cum
2806 1052 3100 1120 aliquando
3133 1055 3436 1124 imperator
3468 1070 3574 1111 no-

2006 1141 2173 1196 vitios
2204 1142 2404 1198 milites
2428 1143 2693 1207 lustrans,
2728 1158 2925 1198 canum
2949 1146 3242 1213 quemdam
3292 1148 3438 1203 inter
3470 1164 3576 1203 ca:-

2010 1240 2156 1288 teros
2208 1235 2458 1300 vidisset,
2501 1236 2759 1307 rogavit:
2797 1236 2909 1291 Cur
2958 1238 3111 1290 homo
3162 1253 3318 1292 senex
3372 1241 3577 1296 militiae

2006 1344 2197 1381 nomen
2248 1328 2513 1382 dedisset?
2557 1330 2636 1384 lbi
2689 1329 2781 1384 ille
2833 1330 3123 1398 ingeniose
3156 1332 3476 1399 respondit:
3512 1331 3581 1388 Sc

2007 1434 2148 1471 nunc
2202 1417 2366 1472 multo
2403 1420 2746 1473 robustiorem
2793 1420 2953 1489 207
2981 1436 3089 1473 esse
3117 1436 3279 1489 quam
3305 1421 3360 1473 in
3379 1421 3576 1488 juven-

2003 1517 2132 1562 tute.
2177 1509 2305 1563 Tum
2328 1512 2465 1564 enim
2495 1527 2559 1564 ne
2589 1511 2790 1564 dimidii
2827 1512 3034 1579 quidem
3068 1513 3218 1565 aurei
3254 1511 3576 1580 frumentum

2003 1600 2189 1654 tollere
2230 1604 2498 1670 potuisse:
2550 1618 2689 1655 nunc
2734 1619 2854 1655 vero
2909 1604 3136 1656 duorum
3181 1619 3468 1657 aureorum
3497 1604 3582 1673 fa-

2001 1694 2152 1748 cilius
2202 1697 2258 1747 in
2306 1696 2551 1749 humeros
2597 1695 2953 1750 sublaturum.
2994 1697 3270 1752 lntellexit
3317 1698 3578 1753 cavillum

2002 1787 2324 1855 imperator,
2372 1802 2548 1856 eoque
2579 1787 2948 1852 dissimulato,
2994 1789 3062 1842 ad
3112 1790 3280 1845 alium
3335 1788 3575 1843 transiit.

311 1858 516 1912 αὐτίκα
572 1858 790 1928 εὐφυῶς
859 1861 1262 1930 ἀντεφθέγξατο
1337 1862 1412 1923 ὼς
1479 1864 1643 1917 Πολὺ
1711 1864 1893 1918 δυνα-

2005 1878 2264 1944 Quamvis
2294 1888 2478 1933 autem
2500 1879 2974 1949 _Theophanouem
3019 1883 3174 1950 prius
3201 1883 3566 1937 vehementer

317 1949 571 2018 τώτερος
594 1951 713 2004 νῦν
737 1955 853 2022 sint
873 1993 889 2017 ,
920 1953 957 2022 ἢ
991 1952 1090 2006 ὅτε
1118 1953 1401 2023 ἤκμαζον,
1433 1953 1698 2008 δέσποτα
1716 1971 1731 1986 ·
1763 1957 1898 2009 τότε

308 2045 423 2113 γὰρ
451 2044 578 2097 οὐδ’
596 2046 855 2113 ἡμίσεως
889 2044 965 2099 ἂν
990 2047 1380 2117 ἐπωμισάμην
1404 2048 1579 2102 σῖτον
1604 2051 1896 2120 νομίσμα-

306 2150 443 2200 τος,
472 2135 592 2189 νῦν
621 2136 689 2189 δὲ
717 2135 874 2206 ῥᾷον
902 2137 999 2192 καί
1033 2141 1143 2192 δύο
1177 2139 1559 2208 νομισμάτων
1588 2141 1764 2197 σῖτον
1792 2143 1893 2197 ἐπὶ

309 2224 432 2279 τῶν
460 2226 632 2296 ὤμων
656 2228 795 2297 ἀρῶ.
825 2230 1032 2299 Συνῆκε
1065 2232 1163 2300 μὲν
1189 2230 1281 2284 οὖν
1308 2234 1407 2302 τὴν
1433 2234 1718 2304 εἰρωνείαν
1741 2238 1769 2288 ὁ
1798 2234 1895 2305 βα-

310 2316 525 2395 σιλεὺς,
562 2319 850 2390 ἀταράχως
882 2321 938 2373 δὲ
972 2322 1177 2391 ταύτην
1210 2321 1450 2391 ἐνεγκὼν
1486 2325 1720 2395 μετέστη
1757 2326 1893 2394 πρὸς

306 2406 519 2478 ἕτερον.
553 2408 862 2481 Ἐρωτικῶς
889 2414 945 2465 δὲ
976 2413 1181 2484 σφόδρα
1211 2414 1343 2484 πρὶν
1369 2415 1714 2485 διακείμενος
1739 2418 1767 2469 ό
1794 2418 1892 2471 Νι-

308 2500 552 2571 κηφόρος
583 2503 716 2573 πρὸς
742 2503 839 2573 τὴν
865 2503 1145 2572 Θεοφανὼ,
1179 2507 1476 2572 μετέπειτα
1501 2508 1599 2576 τῆς
1629 2507 1764 2577 πρὸς
1794 2508 1892 2563 αύ-

310 2591 409 2662 τὴν
444 2595 729 2657 συνουσίας
765 2595 1054 2666 ἀπείχετο,
1085 2597 1118 2668 ἢ
1150 2599 1430 2668 κορεσθεὶς
1459 2599 1696 2671 ταύτης,
1727 2600 1761 2670 ἢ
1796 2600 1890 2654 καὶ

302 2688 376 2741 δέ
394 2686 748 2756 ἐγκράτειαν,
766 2686 966 2757 μίξεως
993 2690 1352 2759 ἀπεχόμενος⁸
1381 2690 1501 2742 οὐδὲ
1528 2691 1638 2761 γὰρ
1668 2695 1810 2746 πάνυ
1837 2709 1888 2745 τι

310 2781 409 2832 καὶ
440 2780 559 2841 νέος
590 2778 700 2840 ὢν,
736 2781 872 2851 πρὸς
908 2780 1118 2851 ἔρωτας
1153 2781 1451 2852 ἐτύγχανεν
1486 2785 1885 2854 εὑκατάφορος.

320 2868 388 2919 Ἠ
417 2867 473 2918 δὲ
506 2871 787 2938 μισήσασα
816 2868 906 2923 τὸν
935 2869 1103 2940 ἄνδρα
1133 2869 1222 2922 διὰ
1250 2872 1311 2922 τὸ
1344 2871 1698 2942 ἀνομίλητον,
1728 2875 1761 2944 ἢ
1795 2873 1888 2927 καὶ

307 2960 438 3031 περὶ
467 2961 582 3023 τοῖς
611 2961 753 3013 υἱέσι
779 2961 1005 3015 δείσασα
1037 2959 1124 3033 (ἦν
1155 2962 1262 3033 γάρ
1289 2981 1432 3019 τισιν
1463 2965 1888 3036 ὑποτονθορυζό·

309 3069 497 3121 μενον,
530 3053 819 3123 βούλεσθαι
842 3054 933 3107 τὸν
961 3055 1275 3127 Νικηφόρον
1300 3059 1367 3110 τὰ
1397 3056 1698 3126 βασιλείδια
1727 3061 1886 3112 ἐκτε-

305 3149 462 3215 μεῖν,
495 3147 591 3199 καὶ
615 3147 722 3199 τῶν
752 3148 1082 3216 παιδογόνων
1113 3149 1374 3220 στερῆσαι
1409 3150 1640 3221 μορίων,
1673 3152 1767 3205 καὶ
1795 3151 1888 3205 τὸν

306 3238 537 3308 ἁίελφὺν
568 3238 888 3309 βασιλεῦσαι
915 3241 1004 3292 τὸν
1033 3241 1260 3311 Λέοντα)
1295 3244 1375 3304 εἰς
1410 3241 1596 3310 λόγους
1629 3241 1759 3314 ἦλθε
1789 3244 1886 3297 λά-

304 3329 413 3398 θρα
447 3331 523 3399 τῷ
560 3332 872 3403 ἰ’ζιμισκῇ,
910 3332 943 3402 ἢ
988 3331 1152 3402 ἔρωτι
1184 3334 1280 3386 τοῦ
1328 3334 1522 3403 ἀνδρὸς
1561 3335 1763 3388 ἁλοῦσα
1799 3333 1887 3406 (ἦν

305 3423 414 3491 γὰρ
459 3421 538 3491 τῷ
579 3422 769 3476 κάλλει
811 3423 1140 3495 διαπρεπὴς,
1177 3427 1270 3479 καὶ
1307 3425 1400 3479 τοῦ
1443 3426 1618 3490 εἴδους
1658 3427 1887 3498 χάριτας

306 3513 512 3580 ἀφιεὶς)
546 3512 577 3582 ἦ
616 3515 709 3565 καὶ
740 3513 1038 3584 ἀξιόλρεων
1071 3515 1261 3568 τοῦτον
1294 3517 1371 3587 τῷ
1404 3517 1707 3590 Νικηφόρῳ
1738 3519 1886 3589 λογι-

308 3604 524 3672 σαμένη
558 3604 916 3674 ἀντίρροπον,
946 3606 1018 3668 ὡς
1054 3605 1112 3660 δέ
1142 3608 1287 3671 τινές
1320 3626 1482 3677 φασι,
1518 3611 1614 3663 καὶ
1647 3613 1724 3674 εἰς
1760 3627 1887 3662 συν-

308 3694 502 3746 ουσίαν
538 3696 763 3766 ἐλήλυθε
797 3696 875 3766 τῷ
914 3699 1090 3768 ἀνδρὶ,
1125 3703 1220 3752 καὶ
1260 3701 1402 3753 κατὰ
1433 3700 1527 3752 τοῦ
1569 3700 1886 3772 Νικηφόρον

309 3786 559 3856 ἠρέθισε,
592 3790 686 3841 καὶ
710 3789 770 3841 τὸ
798 3789 894 3858 τῆς
925 3793 1245 3861 παροιμίας,
1275 3795 1511 3863 σφαῖραν
1537 3794 1716 3865 ἀφῆκε
1745 3794 1888 3846 κατὰ

308 3879 551 3947 πρανοῦς
582 3877 717 3949 (69).
738 3876 851 3932 Ἦν
882 3880 992 3950 γὰρ
1021 3885 1113 3934 καὶ
1141 3882 1315 3944 ἄλλως
1342 3885 1371 3935 ὁ
1404 3884 1653 3955 Ἰωάννης
1682 3885 1757 3956 τῷ
1788 3884 1886 3956 βα-

313 3968 451 4022 σιλεῖ
480 3970 713 4039 μηνιῶν,
743 3970 824 4024 ὅτι
853 3970 929 4042 τῷ
958 3970 1170 4042 ἀδελφῷ
1200 3971 1519 4044 πειθόμενος
1550 3977 1754 4039 ἐκεῖνος
1787 3975 1886 4046 βι-

315 4059 590 4114 σκαίνοντι
618 4059 814 4131 τούτῳ,
844 4060 1086 4117 ὕποπτόν
1113 4078 1171 4113 τε
1200 4065 1291 4116 τὸν
1319 4064 1489 4134 ἄνδρα
1513 4065 1757 4134 ἐνόμισε,
1791 4066 1890 4119 καὶ

309 4153 406 4220 τῆς
443 4154 847 4224 στρατιωτικῆς
882 4156 1058 4226 ἀρχῆς
1096 4158 1307 4219 παύσας
1344 4158 1531 4223 αὑτὸν,
1565 4162 1644 4221 εἰς
1682 4161 1885 4215 πολιτι-

311 4243 412 4313 κὴν
446 4243 808 4315 μετατίθησι,
841 4245 1132 4319 λογουέτην
1165 4249 1259 4303 τοῦ
1293 4249 1493 4319 δρόμου
1529 4252 1888 4322 προχειρισά-

315 4351 474 4403 μενος
494 4374 510 4399 ,
545 4335 575 4388 δ
609 4336 712 4390 οὐκ
743 4339 823 4401 είς
855 4337 1209 4405 δυναστείαν,
1239 4339 1356 4395 ἀλλ’
1381 4341 1460 4404 εἰς
1489 4344 1763 4411 τιμωρίαν
1795 4344 1889 4396 καὶ

309 4428 513 4496 ταύτην
550 4428 780 4499 βαρεῖαν
816 4432 1005 4499 ἐκείνῳ
1040 4432 1337 4502 λελόγιστο.
1377 4429 1510 4487 Εἶτα
1542 4438 1608 4505 τῇ
1646 4435 1890 4490 κακώσει

311 4518 402 4571 τοῦ
440 4520 637 4591 ἀνδρὸς
677 4523 1008 4592 προστιθεὶς,
1046 4525 1140 4577 καὶ
1177 4524 1316 4578 οἶκοι
1359 4526 1544 4595 μένειν
1575 4526 1736 4580 αὑτὸν
1770 4528 1890 4581 ὲκέ·

313 4611 471 4665 λευσε
496 4628 511 4642 ·
545 4609 680 4682 ᾤκει
709 4612 764 4666 δὲ
795 4614 937 4669 κατὰ
967 4615 1028 4667 τὸ
1059 4615 1214 4686 Θέμα
1244 4615 1382 4687 (70).
1413 4617 1515 4671 Διὰ
1543 4615 1715 4670 ταῦτα
1747 4620 1886 4687 ἐμη-

315 4705 402 4757 νία
437 4708 465 4757 ὁ
503 4707 782 4779 Ἰωάννης.
820 4709 907 4771 Ὠς
936 4708 994 4762 δὲ
1026 4710 1120 4763 καὶ
1151 4709 1253 4781 τὴν
1285 4709 1531 4780 μαχλάδα
1561 4710 1778 4781 ἐκείνην
1807 4708 1897 4761 εὔ-

317 4811 486 4865 ρηκεν
529 4796 694 4849 αὐτὸν
736 4798 1196 4870 παραθήγουσαν,
1242 4798 1695 4870 διαπραξαμένην
1741 4797 1799 4851 δέ
1846 4797 1898 4852 oi.

316 4887 411 4941 καὶ
452 4888 686 4943 κάθοδον
727 4890 974 4946 κελεύσει
1014 4890 1295 4963 βασιλικῇ,
1339 4894 1407 4963 τῇ
1454 4892 1728 4964 τυραννίδι
1772 4893 1903 4946 ἑπέ-

2003 1970 2329 2040 deperisset,
2390 1978 2534 2038 post,
2586 1970 2705 2040 ejus
2756 1985 3060 2039 congressu
3115 1972 3407 2037 abstinuit,
3457 1974 3575 2029 sive

2002 2078 2069 2118 ex
2124 2063 2402 2126 satietate,
2453 2062 2569 2118 sive
2621 2077 2689 2116 ex
2752 2063 3113 2118 continentia.
3173 2064 3307 2119 Nam
3363 2066 3452 2122 vel
3514 2065 3574 2122 in

2002 2155 2375 2210 adolescentia
2406 2169 2598 2223 parum
2634 2154 2897 2222 proclivis
2929 2154 2995 2209 ad
3031 2154 3318 2210 libidinem
3365 2156 3569 2211 fuerat.

1999 2246 2070 2299 At
2096 2245 2184 2298 illa
2224 2245 2481 2298 maritum
2524 2245 2608 2297 vel
2659 2244 2730 2298 ob
2764 2260 2885 2299 eam
2937 2244 3325 2301 alienationem
3377 2262 3569 2313 exosa,

1999 2338 2085 2392 vel
2117 2337 2183 2391 de
2216 2336 2346 2390 ﬁliis
2370 2336 2604 2390 sollicita
2644 2336 2892 2406 (quidam
2944 2338 3094 2391 enim
3133 2348 3571 2404 murmuranant,

2000 2426 2138 2481 velle
2160 2426 2554 2494 Nicephorum,
2582 2426 2749 2495 regiis
2766 2425 2954 2494 pueris
2977 2428 3248 2487 castratis,
3280 2427 3570 2489 imperium

1996 2517 2052 2573 in
2082 2519 2304 2572 fratrem
2354 2518 2594 2572 Leonem
2634 2519 2952 2588 transferre)
2994 2519 3134 2572 clam
3184 2534 3310 2572 cum
3352 2519 3568 2575 Joanne

1997 2614 2267 2669 Tzimisce
2312 2615 2668 2684 colloquitur,
2696 2613 2811 2668 sive
2835 2613 3027 2669 'amore
3055 2616 3176 2683 ejus
3215 2629 3372 2685 capta
3418 2629 3566 2686 matr

1994 2706 2191 2763 formae
2234 2707 2559 2763 excellentia
2593 2715 2649 2763 et
2682 2715 2997 2772 venustate,
3049 2706 3336 2761 hominum
3380 2707 3572 2762 oculos

1996 2797 2053 2850 in
2106 2812 2165 2853 se
2216 2795 2617 2867 convertebat),
2648 2797 2767 2852 sive
2831 2812 2957 2851 eum
3000 2812 3187 2866 parem
3247 2796 3561 2868 Nicephoro

1994 2886 2371 2941 adversarium
2397 2894 2536 2943 rata.
2563 2886 2796 2952 Quidam
2833 2887 2996 2941 etiam
3025 2888 3245 2941 tradunt
3285 2901 3405 2942 eam
3437 2900 3571 2942 con-

1995 2979 2256 3035 saevisse
2298 2994 2423 3033 cum
2457 2980 2572 3040 illo,
2597 2989 2654 3034 et
2704 2980 2928 3033 homine
2961 2989 3153 3033 contra
3198 2979 3567 3049 Nicephorum

1993 3070 2276 3142 instigato,
2319 3073 2626 3139 plaustrum
2663 3086 2762 3141 per
2800 3086 2860 3126 se
2904 3080 3130 3134 nutans,
3172 3081 3233 3125 ut
3268 3071 3568 3140 proverbio

1992 3164 2214 3228 dicitur,
2245 3175 2556 3234 opportune
2588 3164 2844 3234 perculit.
2880 3163 3015 3219 Nam
3070 3164 3311 3221 Joannes
3356 3163 3566 3233 alioqui

1994 3257 2358 3308 succensebat
2409 3253 2750 3323 imperatori,
2796 3254 2889 3322 qui
2934 3269 3002 3308 ex
3042 3253 3228 3309 fratris
3273 3254 3475 3309 invidia
3509 3261 3568 3308 et

1994 3345 2283 3401 calumniis
2305 3354 2617 3414 suspectus,
2636 3360 2666 3401 a
2685 3343 2909 3399 militari
2931 3352 3203 3413 potestate
3249 3343 3314 3398 ad
3341 3343 3563 3398 civilem

1999 3437 2296 3493 translatus
2325 3437 2526 3502 fuerat,
2557 3447 2610 3490 et
2628 3436 2921 3506 'logotheta
2955 3449 3153 3491 cursus
3178 3434 3390 3504 publici
3415 3434 3567 3489 desi-

1993 3538 2211 3599 gnatus,
2241 3543 2404 3599 quam
2445 3529 2562 3598 ipse
2591 3543 2702 3583 non
2740 3534 3092 3596 potestatem,
3123 3526 3219 3580 sed
3247 3541 3412 3595 grave
3439 3539 3566 3595 sup-

1992 3622 2228 3695 plicium
2272 3620 2577 3692 judicabat.
2628 3620 2948 3675 Accesserat
2999 3618 3191 3682 malis,
3241 3616 3388 3686 quod
3436 3631 3565 3672 cum

1995 3729 2189 3769 versus
2239 3714 2503 3768 Themate
2547 3712 2851 3777 habitaret,
2902 3711 3051 3765 domi
3094 3724 3320 3764 manere
3372 3710 3566 3780 jussus

1993 3814 2134 3860 erat.
2163 3804 2244 3860 Ob
2269 3804 2383 3858 hac
2400 3802 2637 3858 Joannes
2655 3802 2845 3866 iratus,
2877 3814 3000 3854 cum
3027 3799 3193 3854 etiam
3223 3814 3253 3853 a
3276 3799 3566 3854 meretrice

1997 3894 2088 3950 illa
2133 3894 2464 3957 irritaretur,
2490 3905 2612 3961 qua
2660 3889 2896 3945 reditum
2939 3888 2991 3941 ei
3032 3887 3187 3958 jussu
3219 3885 3569 3955 imperatoris

1997 3983 2328 4047 confecerat,
2396 3995 2623 4051 regnum
2700 3977 3001 4041 atl‘ectavit,
3073 3978 3165 4031 illa
3238 3976 3564 4048 adjutrice:

1994 4077 2300 4145 eodemque
2337 4081 2583 4142 tempore
2629 4071 2746 4125 suis
2777 4069 3106 4125 necessariis
3131 4084 3393 4123 arcanum
3439 4084 3567 4139 ape-

1997 4167 2131 4230 ruit,
2174 4175 2230 4221 et
2270 4164 2484 4218 facinus
2518 4175 2825 4231 aggressus,
2872 4161 3195 4229 intempesta
3245 4170 3405 4213 nocte
3437 4175 3566 4214 cum

1997 4261 2068 4315 iis
2125 4257 2309 4312 lembo
2366 4267 2725 4313 conscensus,
2781 4251 2849 4304 ad
2906 4252 3108 4320 regiam
3144 4253 3420 4321 pervenit,
3458 4267 3565 4319 qua

1998 4349 2139 4405 mari
2162 4346 2426 4400 Austrino
2459 4344 2706 4398 alluitur.
2736 4341 3011 4396 Bucoleon
3041 4341 3088 4395 is
3133 4340 3288 4394 locus
3331 4339 3560 4405 dicitur,

2012 4438 2160 4510 quod
2204 4437 2278 4491 ibi
2312 4434 2562 4500 lapideus
2612 4432 2699 4487 leo
2745 4431 2961 4487 excisus
3002 4438 3110 4493 est,
3152 4429 3398 4499 quicum
3436 4428 3566 4484 bovi

1995 4531 2241 4605 ejusdem
2299 4527 2544 4583 materiae
2614 4526 2869 4590 insideat,
2927 4539 3067 4593 pene
3108 4524 3337 4578 sinistro
3390 4538 3566 4579 cornu

1991 4623 2141 4677 illius
2169 4628 2339 4685 tenet,
2375 4626 2432 4673 et
2450 4617 2650 4672 collum
2683 4616 3009 4685 distorquet.
3040 4614 3160 4680 Quo
3182 4629 3307 4668 cum
3341 4623 3564 4670 ventum

1995 4719 2162 4774 esset,
2192 4719 2433 4780 spartam
2466 4705 2758 4761 demissam
2789 4704 2960 4768 videt,
2993 4705 3049 4758 in
3075 4718 3249 4773 eaque
3286 4718 3410 4757 cum
3440 4718 3559 4758 suis

1997 4819 2028 4858 a
2052 4799 2478 4874 TbeOphanonis
2522 4799 2736 4854 ancillis
2757 4797 3071 4854 attrahitur.
3102 4795 3352 4851 Habebat
3374 4805 3563 4849 autem

1998 4909 2188 4952 secum
2211 4893 2528 4949 Michaelem
2561 4891 2818 4955 Burzem,
2862 4888 3179 4959 imperatori
3206 4887 3277 4942 ob
3318 4887 3565 4944 inconsi-

317 4980 458 5047 θετο,
491 4981 956 5053 συμπράττουσαν
990 4985 1156 5056 ἔχων,
1188 4987 1283 5040 καὶ
1308 4985 1407 5056 τὴν
1438 4984 1779 5056 βασίλισσαν,
1807 4985 1893 5040 ml

2005 4987 2250 5043 deratam
2292 4984 2441 5039 illam
2469 4983 2607 5037 iram
2653 4980 2951 5044 infensum,
2977 4990 3033 5034 et
3060 4980 3299 5033 Leonem
3330 4979 3567 5034 Abalan-

1507 5087 1700 5150 Varia:
1740 5086 2053 5151 lectiones
2096 5097 2156 5149 et
2189 5095 2381 5150 notae.
2949 5076 2999 5141 '.
3316 5076 3319 5081 ’

272 5246 279 5252 ,
317 5184 523 5257 quibus
542 5185 761 5257 egimus
793 5182 1357 5257 iQVConstantinOpoli,
1389 5186 1490 5242 lib.
1518 5201 1575 5252 ll,
1621 5196 1760 5242 sect.
1793 5186 1882 5240 10.

315 5253 390 5327 Ea
414 5253 785 5327 conﬂagrasse
809 5254 1118 5310 Theodosio
1144 5253 1371 5311 Juniore
1412 5259 1718 5327 imperante
1751 5258 1889 5327 scri-

318 5324 691 5398 bit_Socrates
723 5326 817 5380 lib.
865 5340 967 5391 vn,
998 5338 1122 5396 cap.
1160 5327 1250 5390 59,
1298 5326 1389 5380 ubi
1416 5324 1754 5398 ταμέγιστα
1781 5325 1891 5379 τῶν

316 5395 495 5467 ὡρίων
538 5406 827 5450 vocantur.

387 5468 507 5536 (69)
544 5469 817 5536 Σφαῖραν
875 5465 1073 5535 ἀφῆκε
1119 5467 1272 5520 κατὰ
1329 5467 1620 5536 πρανοῦς.
1668 5468 1892 5522 Prover-

317 5535 469 5593 bium
498 5537 672 5608 quod,
692 5539 746 5590 ni
780 5536 960 5601 fallor,
986 5539 1223 5608 omisere
1248 5538 1709 5607 parmmiugraphi
1743 5556 1756 5591 :
1781 5553 1890 5607 quo

316 5606 530 5663 referri
570 5616 806 5677 possunt
838 5610 940 5661 ista
972 5622 1040 5661 ex
1091 5606 1265 5661 Gellio
1311 5609 1406 5660 lib.
1457 5606 1537 5671 νι,
1575 5622 1696 5675 cap.
1737 5609 1792 5670 2,
1823 5608 1891 5661 de

319 5676 614 5748 cylindro:
653 5678 823 5741 Sicut,
871 5678 1069 5745 inquit,
1102 5676 1331 5748 lapidem
1372 5677 1688 5746 cylindrum,
1725 5680 1770 5730 si
1799 5693 1891 5745 per

318 5747 493 5817 spatia
523 5759 682 5804 terrae
703 5764 875 5819 prona
902 5758 1060 5814 atque
1085 5747 1271 5800 dei-uta
1304 5748 1501 5816 jarias,
1533 5763 1748 5800 causam
1773 5749 1895 5817 qui-

1988 5188 2105 5241 dem
2132 5189 2179 5240 ei
2194 5197 2243 5242 et
2269 5187 2481 5240 initium
2498 5183 2901 5254 praecipitantia
2921 5180 3122 5254 feceris,
3137 5195 3269 5254 Amos
3283 5188 3460 5254 tamen
3476 5178 3566 5231 ille

1991 5272 2221 5327 preceps
2234 5258 2476 5321 volvitur,
2498 5251 2602 5327 non
2617 5254 2741 5322 quia
2770 5262 2825 5327 tu
2842 5253 2895 5305 id
2904 5252 3025 5319 jam
3043 5251 3300 5327 [insignit
3315 5254 3565 5327 ([uoniam
3588 5296 3592 5300 .

1995 5320 2074 5379 ita
2120 5320 2232 5379 sese
2286 5327 2469 5379 modus
2499 5320 2637 5394 ejus,
2682 5323 2952 5394 etforma:
2992 5320 3288 5394 uolubilitas
3318 5322 3490 5394 habet.

2068 5397 2182 5466 (70}
2218 5398 2381 5466 ’ῼκει
2408 5394 2475 5446 δὲ
2502 5390 2652 5466 alata
2687 5390 2958 5466 τὸθέμα.
3000 5391 3121 5443 llaec
3157 5393 3319 5466 verba
3365 5390 3565 5466 absunt

1994 5456 2198 5521 ab‘un'o
2222 5456 2408 5520 e'mss.
2439 5466 2597 5533 Reg;
2629 5456 2902 5515 habentur
2934 5475 3086 5533 vem_
3108 5466 3158 5533 in
3178 5456 3565 5533 duobusaliis

1997 5552 2119 5590 cum
2160 5536 2408 5590 defectus
2431 5525 2660 5595 nollet
2701 5534 2753 5584 in
2787 5540 3004 5603 quarto,
3038 5530 3126 5580 ubi
3168 5530 3319 5603 θεμα
3348 5525 3565 5603 videtur

1995 5620 2118 5660 esse
2151 5606 2327 5659 forum
2366 5606 2407 5655 Τ
2412 5594 2820 5661 ὴσοᾱοεὶεσιιιηζ
2857 5602 2940 5651 vel
2977 5608 3181 5649 tractus
3227 5596 3297 5646 ita
3329 5595 3394 5645 ad
3430 5594 3563 5647 ilsud

1998 5676 2177 5730 torum
2224 5674 2549 5744 appellatus,
2595 5669 3082 5744 utiuindicavimus
3112 5670 3165 5717 in
3214 5674 3397 5717 nostra
3433 5666 3566 5716 Con-

1997 5739 2362 5815 stantinopoli,
2395 5743 2493 5797 lib.
2522 5759 2557 5803 ι,
2585 5756 2641 5810 p.
