1989 3128
222 134 273 166 139

869 133 1030 163 JOANNIS
1049 133 1208 164 ZONARzE

1802 136 1854 169 HO

223 193 280 215 tum
298 187 335 215 ibi
352 191 428 219 erat,
447 185 538 213 onmis
554 186 619 213 mali
640 190 747 218 auctor,
767 186 877 221 cognito
894 187 1013 222 impera-

1068 187 1117 214 σὺν
1137 189 1325 224 στρατεύμασι
1344 189 1448 216 πλείοσι
1462 190 1509 215 καὶ
1533 189 1617 225 στόλῳ
1633 191 1790 226 περιφανεῖ,
1805 194 1853 219 καὶ¹

224 235 292 261 turis
307 233 438 264 adventu,
458 233 485 259 in
512 233 660 260 ltussorum
682 237 771 259 castra
792 232 924 267 confugit,
945 240 1013 267 prae-

223 279 318 306 sentia:
333 278 407 305 illius
433 279 559 304 nuntium
575 277 712 305 afferens:
728 285 783 312 quo
796 277 847 305 etsi
862 278 1013 312 perturbati

224 330 306 356 sunt,
341 330 431 351 tamen
468 325 544 358 juxta
570 324 710 351 Romanos
735 328 823 352 castra
850 330 1010 359 posuerunt.

224 372 376 406 imperator
401 378 465 396 vero
487 370 677 396 Persthlavam
701 370 859 404 profectus,
875 377 952 397 extra
968 378 1015 397 ur-

223 417 285 444 bem
300 416 410 443 circiter
419 420 483 443 octo
496 415 582 442 millia
596 416 739 443 hominum
751 424 811 443 sesc
824 416 1013 443 exercentium

224 461 424 497 deprehendit,
452 461 498 495 qui
525 461 629 495 impetu
645 461 706 495 ejus
733 461 874 495 paulisper
898 461 1014 488 tolerato

225 513 299 542 terga
316 506 462 533 dederunt.
481 505 618 540 Oppidani
638 505 803 541 arripientes
822 514 910 538 artua,
926 511 956 533 ut
971 514 1014 534 res

224 554 339 585 ferebat,
358 552 391 579 ad
406 560 485 587 opem
505 551 646 578 ferendam
666 552 857 587 popularibus,
873 552 1015 587 incompo-

223 600 277 626 sito
290 599 399 634 agmine
414 598 530 632 egressi,
545 605 559 625 a
576 598 708 625 Romanis
721 598 820 632 partim
836 598 1013 632 occiduntur,

222 645 322 679 partim
345 645 372 671 in
396 644 493 671 urbem
515 651 543 670 se
567 643 723 678 recepturi,
746 644 860 678 obscpto
875 644 1015 679 equitibus

223 692 340 722 itinere,
357 691 385 717 in
407 697 505 724 campo
519 689 648 724 dissipati
663 694 744 722 sunt,
766 690 828 717 aliis
843 691 938 722 ert-sis,
954 690 1015 718 aliis

223 738 321 773 captis.
341 737 392 770 Qui
414 736 486 763 intra
503 736 599 763 urbem
617 740 712 768 erant,
729 737 831 763 clausis
847 736 934 771 portis
951 740 1016 763 sunt

223 783 339 810 obsessi.
354 782 490 810 Postridie
503 790 564 809 cum
581 782 699 809 Basilius
714 783 834 809 cubiculi
850 783 1015 817 praepositus

223 829 304 864 212
328 836 390 855 cum
415 833 473 855 toto
496 827 619 854 exercitu
645 827 826 855 advertisset:
848 828 1015 862 imperatore

224 874 457 911 oppugnationem
472 874 665 901 vehementius
675 879 800 908 urgente,
814 874 924 908 quidam
935 874 1016 901 scalis
1031 860 1053 889 Β

224 929 377 949 conscenso
393 927 473 947 muro
492 919 629 947 Barbaros
646 920 752 955 aliquot
769 920 959 955 deprehensos
978 920 1014 946 ibi

224 967 404 1000 ceciderunt,
420 966 579 1001 apertisque
597 967 685 1001 portis
700 966 836 994 exercitui
852 966 959 993 facilem
976 966 1017 992 in—

223 1022 347 1050 gressum
372 1014 574 1049 patefecerunt.
598 1013 758 1040 Persthlava
786 1013 826 1041 sic
849 1019 1015 1049 expugnata,

223 1060 333 1088 Borises
347 1067 458 1095 quoque
474 1059 657 1094 Bulgarorum
686 1067 733 1087 rex
751 1064 849 1094 captus
863 1064 916 1090 est.
934 1067 1016 1094 quem

224 1115 287 1135 cum
299 1107 428 1134 omnibus
440 1106 565 1141 Bulgaris
578 1106 728 1141 imperator
743 1106 904 1134 humaniter
917 1110 1018 1134 tracta-

225 1158 282 1180 tum
303 1152 417 1179 dimisit.
440 1152 562 1187 Negabat
584 1152 658 1179 enim
686 1159 715 1179 se
738 1152 865 1187 Bulgaria
889 1152 1016 1180 intulisse

223 1198 337 1229 bellum,
361 1197 409 1225 sed
430 1196 537 1224 Russis.
552 1196 621 1224 Cum
645 1201 737 1224 autem
762 1196 844 1224 multi
864 1197 973 1233 Scytha:
989 1197 1016 1224 in

224 1243 408 1270 munitionem
422 1242 571 1277 quamdam
585 1241 785 1277 confugissent,
796 1242 946 1277 imperator
956 1250 1015 1269 eam

223 1297 334 1324 quoque
351 1288 475 1315 exscindi
490 1288 583 1323 jussit.
597 1288 668 1321 Quia
681 1280 752 1315 vero
766 1288 868 1316 milites
882 1296 897 1315 a
911 1288 1016 1316 diflicili

224 1336 259 1364 ob
272 1336 355 1364 situm
368 1336 420 1362 loci
437 1334 643 1370 oppugnatione
658 1335 809 1362 abhorrere
821 1335 944 1366 videbat,
958 1335 1015 1369 ipse

224 1382 331 1419 primus
347 1381 492 1408 castellum
511 1380 597 1414 pedes
612 1380 738 1412 adortus,
756 1380 850 1408 effecit
868 1385 898 1407 ut
914 1380 1016 1408 milites

224 1435 258 1454 ex
276 1425 444 1453 verecundia
463 1426 571 1459 secuti,
593 1431 674 1460 capto
702 1426 826 1458 castello,
845 1427 913 1454 alios
928 1428 1016 1455 caede—

225 1478 304 1505 rent,
325 1473 395 1499 alios
410 1477 553 1506 caperent.
570 1472 636 1500 Urbi
652 1473 823 1501 Persthlava:
839 1473 931 1500 valido
947 1482 1018 1509 pra:-

1065 234 1172 261 ἀπιόντι
1201 234 1369 261 συναντὼσιν
1395 235 1470 270 αὐτῷ
1498 235 1665 270 πρεσϐευταὶ
1689 236 1771 270 δῆθεν
1800 237 1854 263 τῶν

1065 281 1186 307 Σκυθῶν·
1212 282 1237 307 οξ
1254 281 1282 307 δὲ
1303 281 1476 315 κατοπτῆρες
1489 279 1561 316 ἦσαν
1581 283 1693 316 καὶτῆς
1711 282 1765 308 τῶν
1787 282 1855 308 Ῥω-

1066 326 1156 359 μαίων
1174 326 1266 361 ἰσχύος
1288 326 1469 359 κατάσκοποι,
1486 327 1499 352 ὃ
1512 327 1572 353 οὐδὲ
1590 327 1634 353 τὸν
1662 327 1775 361 βασιλέα
1800 327 1854 353 διέ-

1064 369 1140 397 λαθε.
1166 371 1327 405 Προστάξας
1342 370 1388 397 οὖν
1403 371 1585 406 περιαχθῆναι
1601 372 1701 403 αὐτοὺς
1719 372 1790 398 κατά
1801 373 1855 399 πᾶν

1064 418 1094 443 τὸ
1114 417 1307 452 στρατόπεδον,
1327 417 1373 443 καὶ
1400 417 1479 443 τοῦτο
1504 417 1687 451 καταμαθεῖν,
1712 418 1855 445 ἐκέλευσεν

1065 462 1298 490 ἀπαλλάττεσθαι.
1336 463 1464 489 Ἐκείνων
1489 463 1517 489 δὲ
1542 463 1687 496 ἀπιόντων,
1713 464 1760 490 καὶ
1775 465 1856 495 αὐτος

1066 508 1201 541 εὐζώνους
1218 508 1385 544 παραλαῦὼν
1400 509 1499 540 πεζοὺς
1512 510 1539 540 ἐς
1558 509 1681 544 χιλιάδας
1698 510 1790 543 πέντε⁷
1809 511 1856 536 καὶ

1067 555 1186 587 ἱππότας
1216 555 1465 590 τετρακισχιλίους,
1493 555 1582 583 ὀπίσω
1616 557 1670 582 τῶν
1711 557 1857 591 πρέσϐεων

1066 602 1160 637 ἀπῄει,
1176 603 1225 628 καὶ
1249 602 1347 637 ἀθρόον
1362 602 1446 635 ἐγγὺς
1460 604 1510 638 τῆς
1529 603 1651 637 μεγάλης
1676 604 1858 638 Περσόλάϐας

1067 649 1184 682 γίνεται,
1199 649 1245 676 καὶ
1260 649 1388 684 βάλλεται
1408 650 1530 685 χάρακα,
1546 650 1560 677 ὃ
1572 651 1635 682 τοῦς
1653 651 1856 686 Ταυροσχύθας

1066 696 1106 727 εἰς
1128 696 1285 731 ἀμηχανίαν
1307 696 1429 723 ἐνέϐαλε.
1451 696 1613 731 Καλοκύρης
1625 697 1653 723 δὲ
1664 698 1677 723 ὁ
1693 697 1747 724 τῶν
1764 697 1858 724 κακῶν

1063 743 1256 779 ¹’πρωτουργὺς⁷
1282 743 1340 768 ἐκεῖ
1350 742 1412 768 τότε
1432 742 1538 778 παρὼν,
1564 744 1611 770 καὶ
1621 744 1702 777 γνοὺς
1716 744 1762 770 τὸν
1782 744 1859 779 βασι-

1067 788 1116 815 λέα
1146 789 1383 823 παραγενόμενον,
1405 790 1474 824 πρὸς
1500 791 1550 824 τὴν
1569 790 1624 816 τῶν
1656 791 1726 822 Ῥὼς
1752 792 1859 826 ἀπέδρα

1068 835 1256 871 παρεμὸολὴν,
1279 836 1326 869 ἀφ’
1350 832 1380 862 οὗ
1403 835 1452 870 τὴν
1471 836 1518 862 τοῦ
1547 836 1681 871 βασιλέως
1707 837 1859 872 παρουσίαν

1070 881 1212 915 μαθόντες,
1227 881 1433 917 ὲτεθορύόηντο,
1450 882 1526 917 ὅμως
1544 882 1637 917 μέντοι
1667 891 1860 918 παραστρατο-

1068 927 1228 954 πεδεύονται
1244 929 1300 959 τοῖς
1319 927 1480 963 Ῥωμαιοις.
1498 928 1530 954 Οἱ
1545 928 1573 954 δὲ
1593 928 1657 961 περὶ
1675 928 1719 954 τὸν
1749 928 1860 962 βασιλέα

1069 973 1192 1005 ἐλθόντες
1207 974 1246 1005 εἰς
1264 974 1294 1000 τὸ
1310 976 1359 1010 τῆς
1378 974 1557 1009 Περσθλάὗας
1574 975 1654 1007 ἄστυ,
1670 974 1707 1006 ὡς
1738 975 1859 1010 εἴρηται,

1067 1019 1324 1055 καταλαμβάνουσιν
1338 1020 1417 1052 emt;
1428 1020 1650 1055 γυμναζομένως
1666 1021 1703 1052 ὠς
1725 1022 1859 1047 ὀκτακισ-

1067 1065 1180 1100 χιλίους,
1208 1066 1346 1098 κάκείνοις
1389 1066 1547 1101 συνέμιξαν.
1593 1067 1623 1093 Οἱ
1644 1067 1672 1093 δὲ
1709 1068 1779 1102 πρὸς
1810 1068 1860 1102 μὲν

1068 1112 1159 1146 ὀλίγον
1186 1112 1327 1147 ἀντέσχον,
1355 1110 1413 1139 εἶτα
1439 1113 1511 1139 νῶτα
1536 1113 1702 1148 στρέψαντες
1732 1113 1859 1148 ἔφευγον.

1069 1157 1125 1184 Καὶ
1148 1157 1173 1183 οἱ
1199 1158 1287 1190 ἐντὸς,
1309 1157 1347 1189 ὡς
1369 1157 1487 1189 ἕκαστος
1503 1157 1631 1193 ἠδύνατο,
1671 1157 1860 1194 ὁπλισάμενοι,

1070 1204 1299 1239 ἐπικουρήσοντες
1315 1204 1370 1235 τοῖς
1385 1204 1532 1237 ὁμοφύλοις
1546 1203 1673 1239 ἐξῄεσαν,
1700 1206 1750 1230 καὶ
1776 1205 1859 1231 ἀσυν-

1068 1250 1176 1281 τάκτως
1193 1250 1286 1281 αὐτοῖς
1311 1249 1460 1284 χωροῦσιν,
1496 1249 1709 1282 ὑπαντιάζοντες
1744 1250 1770 1276 οἱ
1790 1250 1859 1277 Ῥω-

1070 1294 1146 1328 μαῖοι
1163 1293 1281 1329 ἀνῄρουν
1310 1293 1437 1325 πολλοὺς,
1463 1294 1489 1320 οἱ
1505 1294 1534 1320 δὲ
1559 1295 1600 1326 εἰς
1620 1295 1670 1330 τὴν
1689 1294 1767 1321 πόλιν
1783 1294 1861 1326 αὖθις

1070 1338 1297 1366 ἁνθυπενύστουν.
1320 1339 1389 1366 Ἀλλ’
1412 1340 1518 1366 ἱππέων
1529 1340 1611 1367 τινῶν
1627 1340 1861 1376 ἐξιππασαμένων

1075 1382 1229 1417 Ῥωμαίων,
1249 1383 1296 1409 καὶ
1311 1383 1361 1418 τὴν
1376 1384 1416 1415 εἰς
1436 1384 1485 1420 τὴν
1499 1384 1577 1411 πόλιν
1592 1385 1754 1419 ἀπάγουσαν
1776 1386 1862 1422 ἀτρα-

1070 1429 1120 1456 πὶν
1136 1431 1372 1464 ἐπιτειχισάντων.
1389 1432 1413 1456 οἱ
1430 1430 1568 1466 Βάρὸαροι
1590 1431 1641 1459 ἀνὰ
1660 1432 1706 1458 τὸν
1719 1432 1799 1464 ἐκτὸς
1814 1432 1860 1459 τοῦ

1069 1475 1162 1506 ἄστεος
1177 1475 1266 1511 χῶρον
1295 1476 1462 1509 ἐσκῑδναντο,
1480 1477 1543 1504 ἔνθα
1568 1478 1592 1504 οἱ
1612 1478 1661 1513 μὲν
1678 1478 1861 1513 ὲζωγροῦντο,

224 1518 294 1545 ςῙιΙὶο
309 1516 449 1552 imposito,
464 1517 651 1549 Dorostolum,
664 1525 726 1552 qua:
738 1522 766 1545 et
779 1518 884 1545 Dristra
897 1518 1011 1551 dicitur,

1068 1524 1091 1549 οἱ
1108 1523 1135 1550 δὲ
1151 1523 1198 1549 καὶ
1219 1523 1383 1555 ἐκτείνοντο,
1407 1524 1431 1550 οἱ
1446 1524 1469 1550 δ’
1487 1526 1515 1550 ἐν
1541 1525 1574 1559 τῇ
1601 1524 1677 1551 πόλει
1700 1525 1751 1556 τὰς
1772 1525 1860 1557 πύλας

224 1564 305 1599 petit.
327 1563 374 1589 ubi
396 1562 652 1598 Spbendosthlavus
674 1563 825 1591 Russorum
850 1564 905 1591 dux
925 1569 1016 1592 castra

225 1609 355 1641 habebat,
370 1612 453 1643 atque
468 1607 560 1635 obiter
575 1608 710 1642 quasdam
727 1608 811 1636 urbes
825 1609 898 1644 capit
912 1614 939 1636 et
955 1617 1017 1637 cas-

226 1655 288 1683 tella
304 1658 402 1681 vastat.
417 1654 452 1681 Ut
466 1653 494 1680 in
509 1653 631 1681 hostium
645 1658 824 1688 conspectum
837 1659 949 1681 ventum
963 1651 1016 1687 est,

225 1701 306 1729 ambo
319 1700 459 1728 exercitus
475 1700 567 1727 statim
582 1700 736 1735 congressi,
748 1708 874 1735 magnam
887 1701 941 1729 diei
956 1709 1018 1736 par-

226 1751 280 1774 tem
300 1754 378 1781 aequo
401 1751 488 1773 marte
508 1751 717 1781 pugnaverunt,
740 1747 829 1774 donec
847 1746 898 1774 sub
920 1754 1018 1782 crepu-

226 1793 331 1820 sculum
361 1791 443 1818 llussi
475 1791 619 1826 defatigati
651 1791 678 1818 in
709 1791 799 1827 fugam
828 1793 1016 1820 inclinarunt:

226 1836 413 1870 Romanisque
430 1835 681 1870 persequentibus,
698 1836 779 1863 multi
793 1836 854 1864 caesi
870 1841 950 1869 sunt,
966 1845 1019 1864 nec

226 1883 374 1918 pauciores
388 1882 461 1916 capti
476 1890 483 1910 :
499 1881 592 1909 caeteri
607 1882 783 1909 Dorostolum
798 1890 827 1910 se
842 1889 1016 1918 receperunt.

225 1930 381 1964 Imperator
401 1936 468 1956 vero
488 1929 558 1955 vallo
579 1932 644 1955 ante
664 1928 761 1955 urbem
782 1929 915 1961 excitato,
938 1929 1019 1956 trire—

226 1983 284 2003 mes
308 1982 370 2010 quae
392 1974 492 2002 lstrum
510 1978 654 2001 tuerentur
677 1974 865 2008 exspectabat,
879 1982 915 2002 ne
937 1974 1019 2002 Russi

226 2020 401 2055 aufugerent.
420 2018 680 2054 Sphendosthlavus
703 2024 795 2046 autem
810 2027 880 2054 quos
899 2019 1019 2047 habebat

225 2066 374 2102 Bulgaros,
397 2065 442 2100 qui
469 2064 503 2094 ad
529 2064 626 2100 viginti
643 2064 728 2092 millia
754 2072 816 2092 esse
843 2065 1017 2098 dicebantur,

226 2113 253 2140 in
282 2112 392 2139 vincula
419 2111 575 2146 compegit,
604 2110 710 2138 veritus
732 2118 766 2137 ne
789 2110 833 2138 vel
855 2111 1019 2139 seditionem

226 2150 378 2190 moverent,
398 2158 439 2185 vel
457 2158 489 2184 ad
508 2158 648 2184 Romanos
664 2156 825 2184 deficerent.
840 2157 908 2185 Cum
924 2158 1019 2185 classis

226 2196 354 2236 adesset,
383 2204 478 2232 urbem
509 2209 648 2238 oppugnat
678 2204 848 2238 imperator,
876 2204 910 2230 ad
936 2211 1018 2238 quem

226 2246 387 2278 Consfantia
413 2255 440 2277 et
468 2258 502 2277 ex
525 2250 587 2276 aliis
615 2250 737 2276 castellis
766 2250 846 2283 legati
871 2255 1018 2282 venerunt,

224 2296 335 2328 veniam
361 2300 508 2329 petentes,
538 2302 571 2321 ac
598 2294 762 2329 semetipsos
785 2300 813 2322 et
838 2296 950 2323 castella
971 2297 1019 2323 de-

228 2340 337 2369 dentes.
373 2340 480 2373 Quibus
508 2340 626 2367 Romani
655 2340 797 2375 acceptis,
826 2341 855 2368 in
881 2341 1018 2369 Dorostoli

228 2387 373 2414 obsidione
385 2386 445 2413 dics
457 2386 615 2420 complures
631 2391 695 2413 sunt
706 2386 879 2419 commorati,
891 2387 1020 2415 Barbaris

227 2433 337 2460 fortiter
365 2440 425 2459 sese
454 2432 680 2459 defendentibus.
703 2431 772 2459 Cum
797 2438 888 2459 autem
915 2434 1018 2461 crebris

227 2479 329 2514 praeliis
347 2478 425 2505 multi
446 2478 676 2511 vulnerarentur,
695 2482 723 2505 et
738 2478 794 2514 jam
814 2487 923 2506 annona
935 2480 1020 2507 desti-

229 2530 389 2558 tuerentur,
412 2529 557 2559 coeperunt
578 2525 664 2560 frangi
686 2525 806 2553 animis:
828 2534 889 2553 eum
911 2526 1019 2561 Sphcn-

228 2572 390 2599 dosthlavus
410 2578 490 2599 nocte
509 2572 586 2598 illum
606 2576 634 2598 et
656 2576 855 2606 tcmpestuosa,
872 2581 934 2600 cum
952 2573 1018 2600 \‘iris

228 2617 339 2646 circiter
356 2617 398 2644 bis
420 2617 535 2643 millein
556 2617 692 2644 trabarias
711 2617 846 2651 impositis
866 2618 1018 2646 frumenta-

229 2667 286 2690 tum
305 2663 389 2694 abiit,
409 2668 438 2689 et
458 2664 540 2689 rebus
553 2664 716 2690 necessariis
732 2664 911 2699 conquisitis,
930 2666 1017 2692 Doro-

228 2707 329 2733 stolum
352 2707 454 2736 rediit;
474 2707 660 2735 Romanorum
680 2708 787 2743 aliquot
809 2709 953 2743 ministris,
969 2710 1016 2745 qui

230 2753 257 2778 in
274 2753 335 2787 ripa
356 2752 495 2785 ﬂuminis,
517 2753 579 2781 aliis
599 2760 682 2788 atque
697 2754 760 2782 aliis
780 2754 814 2782 de
832 2755 922 2782 causis
935 2763 1018 2790 vaga-

228 2798 348 2830 bantur,
376 2808 508 2830 exscensu
536 2801 609 2828 facto
636 2801 799 2829 interfectis.
824 2802 861 2829 Ea
880 2810 925 2830 res
948 2804 1017 2830 adeo

228 2846 341 2872 molesta
358 2845 437 2880 213
457 2845 509 2872 fuit
525 2846 703 2881 imperatori,
722 2850 750 2873 ut
769 2847 865 2874 classis
879 2847 1015 2883 prrefcctis

1069 1569 1239 1601 κλείσαντες,
1258 1569 1481 1604 ἐπολιορκοῦντο.
1516 1569 1555 1606 Τῇ
1572 1571 1596 1597 δ’
1615 1571 1678 1606 ἑξῆς
1703 1571 1750 1598 τοῦ
1769 1580 1861 1607 παρα-

1069 1617 1243 1652 κοιμωμένου
1273 1617 1418 1644 Βασιλείου
1448 1617 1518 1652 μετὰ
1547 1618 1638 1654 πάσης
1663 1618 1711 1653 τῆς
1732 1620 1861 1654 στρατιᾶς

1069 1661 1204 1694 ἐλθόντος,
1220 1662 1465 1698 ἐρρωμενέστερον
1478 1664 1492 1689 ὁ
1509 1663 1637 1698 βασιλεὺς
1666 1665 1699 1699 τῇ
1715 1664 1860 1700 πολιορκίᾳ.

1068 1708 1275 1743 ἐπικεχείρηκε,
1291 1708 1338 1735 καί
1349 1717 1422 1741 τινες
1436 1709 1479 1736 διὰ
1491 1709 1636 1745 κλιμάκων
1655 1711 1695 1742 εις
1720 1711 1750 1737 τὸ
1772 1713 1861 1746 τετχςς

1069 1753 1270 1788 ἀναϐεϐήκασι,
1287 1754 1335 1780 καὶ
1348 1754 1411 1785 τοὺς
1427 1755 1486 1780 ἐκεῖ
1499 1754 1553 1780 τῶν
1573 1755 1724 1789 Βαρϐάρων
1739 1755 1861 1789 καταληρ

1072 1798 1191 1831 φθέντας
1206 1799 1394 1834 συγκόψαντες
1424 1799 1513 1834 ξίφεσι
1541 1799 1590 1832 τὰς
1618 1800 1705 1832 πύλας
1727 1801 1860 1836 ἀνέῳξαν,

1070 1844 1119 1870 καὶ
1146 1845 1180 1879 τῇ
1203 1844 1348 1880 Ῥωμαϊκῇ
1376 1845 1492 1880 στρατιᾷ
1511 1845 1584 1881 πάσῃ
1610 1846 1704 1881 ῥᾳδίαν
1723 1847 1861 1883 παρέσχον

1069 1889 1118 1925 τὴν
1135 1890 1247 1918 εἴσοδον.
1264 1891 1320 1917 Καὶ
1334 1890 1405 1917 οὕτω
1423 1892 1472 1926 μὲν
1486 1892 1517 1917 τὸ
1533 1893 1584 1927 τῆς
1597 1892 1776 1927 Περσθλάὗας
1792 1894 1859 1920 ἄστυ

1076 1935 1226 1970 Ῥωμαίοις
1255 1936 1375 1972 κατέστη
1402 1937 1554 1972 ἁλώσιμον,
1587 1937 1653 1964 ἔνθα
1688 1939 1735 1964 καὶ
1766 1939 1781 1964 ὁ
1807 1938 1860 1966 τῶν

1070 1980 1233 2016 Βουλγάρων
1267 1982 1395 2017 βασιλεὺς
1414 1983 1428 2008 ὁ
1452 1983 1572 2019 Βορίσης
1590 1984 1678 2017 ἑάλω,
1694 1980 1716 2018 ᾧ
1733 1985 1780 2010 καὶ
1795 1985 1860 2011 πᾶσι

1069 2029 1126 2058 τοῖς
1142 2027 1310 2063 Βουλγάροις
1324 2030 1454 2061 ἐπιεικῶς
1469 2030 1483 2056 ὁ
1497 2030 1680 2066 αὐτοκράτωρ
1709 2032 1858 2066 ἐχρήσατο,

1070 2073 1182 2105 ἀνέτους
1198 2075 1299 2106 αὐτοὺς
1314 2075 1414 2109 ἀφιεὶς,
1431 2077 1461 2102 οὐ
1479 2076 1550 2102 κατὰ
1563 2077 1738 2111 Βουλγάρων,
1757 2077 1860 2112 λέγων,

1070 2117 1187 2152 ἅρασθαι
1213 2119 1293 2150 ὅπλα,
1324 2120 1395 2145 κατά
1412 2120 1440 2146 δέ
1459 2128 1491 2154 γε
1507 2120 1562 2147 τῶν
1589 2120 1673 2152 Ῥώς.
1696 2121 1806 2148 Πολλῶν
1832 2122 1859 2148 δι

1072 2164 1183 2189 Σκυθῶν
1200 2165 1240 2196 εις
1261 2165 1395 2200 ὀχύρωμά
1417 2174 1443 2192 τι
1460 2167 1742 2201 προσπεφευγὸντων,
1757 2167 1859 2200 ἐξελεῖν

1072 2209 1119 2235 καὶ
1136 2209 1214 2236 τοῦτο
1230 2212 1243 2237 ὀ
1263 2210 1393 2245 βασιλεὺς
1419 2212 1575 2238 ἐκέλευσεν.
1597 2213 1628 2238 υἱ
1643 2213 1671 2239 δὲ
1693 2214 1859 2247 στρατιῶται

1069 2253 1114 2281 διὰ
1136 2254 1166 2281 τὸ
1195 2256 1241 2281 τοῦ
1272 2257 1355 2282 τόπου
1377 2257 1530 2285 δυσάλωτον
1544 2256 1615 2293 ἦσαν
1636 2258 1803 2294 ἀπρόθυμοι.
1827 2260 1860 2286 Ὀ

1069 2300 1150 2333 γνοὺς
1177 2301 1191 2326 ὁ
1217 2301 1357 2336 Ἰωάννης,
1382 2303 1465 2334 αὐτὸς
1493 2303 1546 2339 προ
1576 2304 1631 2331 τῶν
1656 2305 1746 2331 ἄλλων
1778 2306 1860 2337 πεζὸς

1070 2344 1152 2380 ἀπῄει
1165 2346 1233 2379 πρὸς
1248 2347 1278 2372 τὸ
1296 2346 1441 2382 ὀχύρωμα,
1466 2349 1513 2375 καὶ
1531 2349 1601 2376 ιῦτω
1616 2350 1780 2382 καταιδέσας
1798 2353 1860 2383 τοὺς

1070 2391 1250 2426 στρατιώτας,
1285 2392 1363 2427 ἔσχεν
1391 2394 1541 2428 ἑπομένους
1569 2395 1654 2431 αὐτῷ,
1673 2397 1721 2423 καὶ
1745 2397 1804 2433 ἥλω
1832 2399 1860 2425 τὸ

1069 2438 1209 2471 φρούριον,
1236 2439 1352 2465 καὶτῶν
1380 2441 1408 2465 ἐν
1437 2440 1514 2475 αὐτῷ
1537 2441 1630 2476 οἱμὲν
1662 2442 1859 2480 διεφθάρησαν,

1069 2484 1134 2509 ἔνιοι
1148 2483 1233 2510 δὲκαὶ
1247 2485 1347 2512 ἀλωτοὶ
1372 2485 1519 2521 Ῥωμαίοις
1535 2488 1672 2521 ἐγένοντο.
1698 2490 1795 2525 Τούτῳ
1811 2491 1859 2526 μὲν

1068 2528 1114 2556 οὖν
1131 2530 1168 2564 τῷ
1181 2530 1258 2558 ἄστει
1272 2533 1395 2567 φρουρὰν
1407 2534 1610 2569 ἐγκατέστησεν
1637 2535 1651 2561 ὀ
1667 2535 1796 2571 βασιλεὺς
1814 2538 1860 2570 ἀξ-

1070 2576 1194 2611 ιόμαχον,
1211 2578 1315 2609 ἐκεῖνος
1329 2579 1357 2604 δὲ
1368 2578 1451 2613 ἀπῄει
1468 2579 1536 2614 πρὸς
1547 2580 1577 2605 τὺ
1594 2580 1771 2615 Δορόστολον,
1787 2583 1800 2608 ὃ
1812 2582 1859 2610 καὶ

1068 2622 1187 2656 Δρίστρα
1202 2624 1337 2655 καλεῖται,
1353 2625 1400 2650 καί
1417 2633 1493 2656 τινας
1513 2625 1606 2657 πόλεις
1622 2627 1691 2653 ἐλὼν
1704 2629 1777 2655 κατὰ
1802 2629 1855 2655 πά-

1071 2668 1156 2701 ροδον,
1188 2670 1235 2694 καὶ
1261 2669 1378 2703 φρούρια
1398 2671 1584 2706 ἐκπορθήσας,
1604 2672 1719 2705 ἐφθάκει
1738 2675 1806 2707 πρὶς
1828 2675 1856 2701 τι

1067 2714 1239 2747 Δορόστολον.
1258 2713 1312 2741 Ἦν
1327 2715 1351 2742 εὲ
1370 2716 1423 2750 πρὸ
1437 2717 1486 2751 τῆς
1511 2718 1616 2750 πόλεως
1634 2719 1736 2754 ταύτης
1761 2721 1857 2755 ἐστρα-

1067 2759 1238 2791 τοπεδευκὼς
1253 2761 1267 2786 ὁ
1287 2761 1343 2786 τῶν
1364 2761 1432 2793 Ῥὼς
1451 2764 1573 2799 ἀρχηγὸς
1586 2765 1599 2790 ὁ
1622 2765 1853 2799 Σφενδόσθλαξος.

1073 2804 1116 2835 Ὠς
1133 2806 1179 2831 οὖν
1196 2804 1265 2832 εἶδεν
1295 2807 1413 2842 ἀλλήλας
1429 2810 1456 2834 αἱ
1483 2811 1620 2844 στρατιαὶ,
1647 2812 1854 2846 συνερράγησαν

1066 2850 1110 2877 ἐπ’
1132 2851 1262 2886 ἀλλήλαις
1290 2853 1381 2885 εὐθὺς,
1405 2855 1452 2880 καὶ
1465 2855 1494 2881 τὸ
1520 2856 1570 2891 μὲν
1593 2856 1661 2882 πολὺ
1684 2856 1734 2891 τῆς
1751 2857 1853 2892 ἡμέρα-ς
