3978 6256
446 291 544 354 liii

1695 285 2020 346 JOANNIS
2053 287 2372 347 ZONARd‘I

3585 282 3684 348 14.1

438 412 584 485 giosa
625 416 684 464 et
716 406 992 469 modesti,
1041 404 1217 474 pridie
1266 402 1410 457 illius
1462 418 1654 471 pugna:
1701 404 1753 455 in
1797 403 1996 457 somnis

2113 408 2379 474 μήκεσιν,
2432 402 2545 455 ἀλλ’
2589 397 2657 472 ἦν
2709 400 2891 470 ἐκείνη
2921 402 3106 465 αὐτοῖς
3136 403 3234 457 οὒκ
3268 404 3517 475 είσιτητὴ
3565 406 3685 475 (ἤδη

435 513 678 557 sanetam
730 501 1016 569 Deiparam
1071 496 1236 568 214
1286 496 1583 566 procedere
1631 510 1754 550 cum
1811 510 2006 565 ruaguo

433 595 697 650 coutitatu
734 592 921 647 videre
946 592 1060 645 visa
1099 599 1206 653 est,
1234 604 1299 643 ac
1328 588 1551 643 dicere:
1588 587 1808 641 Domine
1842 588 2004 643 Theo-

431 688 575 751 dore,
610 700 755 737 meus
789 690 837 736 ει
868 691 986 735 tuus
1017 680 1248 734 Joannes
1277 681 1467 751 gravia
1493 680 1757 732 sustinet:
1787 695 2006 750 propere

429 778 591 846 igitur
634 776 713 828 illi
740 790 890 845 opem
927 773 1083 842 ferto.
1126 773 1182 825 Id
1224 771 1499 826 somnium
1550 771 1642 824 illa
1673 771 2003 840 quibusdam

431 869 667 937 aperuit,
721 866 814 936 qui
860 864 951 917 die
1004 871 1193 917 notato
1243 869 1669 931 compererunt,
1720 862 1773 916 id
1825 864 2003 932 pridie

431 968 716 1030 postrenue
772 973 967 1028 pugna:
1021 955 1341 1026 contigisse.
1404 955 1709 1025 Imperator
1759 971 1894 1010 vero
1945 965 2005 1011 ut

430 1052 652 1122 martyri
696 1066 797 1119 pro
845 1057 1039 1103 navata
1087 1064 1253 1118 Opera
1295 1049 1526 1118 gratiam
1578 1048 1846 1114 referret,
1892 1050 2005 1105 ele-

427 1147 805 1214 gantissimum
844 1144 893 1198 ei
939 1143 1204 1212 templum
1245 1142 1543 1196 Euchaniaa
1574 1141 1689 1197 sive
1718 1141 2003 1196 Euehaitaz

425 1241 657 1305 struxit,
702 1248 888 1293 \‘etere
930 1238 1147 1301 diruto,
1189 1237 1245 1291 in
1286 1251 1395 1306 quo
1430 1251 1634 1305 corpus
1668 1236 1788 1306 ejus
1816 1235 2005 1291 multis

422 1331 819 1387 certaminibus
840 1330 1159 1384 defunctum
1212 1327 1514 1397 repositum
1542 1334 1683 1393 erat,
1705 1335 1760 1381 et
1789 1326 2001 1390 urbem,

420 1433 604 1479 vetere
646 1422 864 1478 nomine
904 1422 1144 1485 abolito,
1187 1420 1649 1488 Theodoropolim
1686 1418 1999 1487 appellavit.

421 1521 490 1570 At
534 1516 800 1570 barbarus
839 1513 1311 1583 Sphendostlavus
1359 1513 1602 1583 undique
1648 1512 2000 1581 desperatus,

424 1623 520 1677 per
561 1609 769 1679 legatos
816 1607 1033 1661 veniam
1074 1607 1144 1660 ab
1190 1607 1525 1676 imperatore
1562 1605 1749 1675 petiit,
1801 1618 1864 1658 ac
1904 1604 2003 1657 do-

423 1716 572 1753 mum
625 1699 891 1753 redeundi
936 1698 1273 1763 facultatem,
1318 1705 1375 1751 et
1404 1697 1587 1750 locum
1623 1696 1768 1749 inter
1804 1697 1999 1749 Itoma-

2109 495 2213 565 γάρ
2250 497 2399 565 παρὰ
2446 494 2541 546 τοῦ
2570 494 2815 566 Σκληροῦ
2838 493 3234 547 ἀποκέκλειστο
3267 498 3300 564 ἡ
3350 498 3428 559 εἰς
3477 497 3686 566 ταύτην

2106 588 2426 651 εἰσέλευσι;)
2463 587 2555 638 καὶ
2610 585 2797 638 λοιπὸν
2848 586 2941 637 ἐπὶ
2995 586 3063 638 τὰ
3121 585 3329 654 ταύτης
3382 586 3687 656 προάστεια

2105 681 2499 745 διεσκίδναντο,
2548 681 2641 732 καὶ
2700 679 3248 748 καταλαμϐανόμενοι
3297 680 3686 750 διεφθείροντο,

2107 773 2201 826 καὶ
2251 773 2343 826 ὑπ’
2389 772 2636 842 ἀλλήλων
2666 772 2988 827 ἀπώλλυντο
3019 773 3424 841 συνωθούμενοί
3477 791 3536 826 τε
3595 776 3690 828 καὶ

2107 867 2577 936 συμπατούμενοι,
2621 866 2698 929 ὡς
2748 866 3187 937 δυσαριθμήτους
3240 867 3369 929 τοὺς
3408 867 3688 937 ἀνῃρημέ-

2104 976 2228 1021 νους
2277 956 2440 1012 εἶναι.
2486 960 2549 1011 Οἱ
2598 959 2656 1012 δὲ
2702 959 3147 1029 περιλειφθέντες
3206 958 3545 1030 τραυματίαι
3594 975 3686 1027 γε-

2105 1050 2296 1118 γόνασι
2350 1049 2685 1118 ξύμπαντες.
2738 1049 3018 1120 Ἐγνώσθη
3043 1051 3100 1103 δὲ
3131 1052 3215 1104 ὅτι
3246 1053 3273 1104 6
3308 1051 3688 1122 στρατηλάτης

2106 1142 2262 1211 ἅγιος
2319 1142 2594 1209 Θεόδωρος
2648 1141 2758 1212 (79)
2818 1138 2905 1212 ἦν,
2953 1142 3011 1201 6;
3045 1145 3158 1204 τοῖς
3211 1141 3506 1211 Ῥωμαίοις
3570 1143 3687 1195 τότε

2104 1235 2248 1288 κατὰ
2283 1235 2585 1304 Βαρϐάρων
2646 1233 2988 1305 ἐπεκούρησέ
3044 1250 3105 1286 τε
3154 1234 3249 1286 καὶ
3288 1236 3687 1304 συνεμάχησεν.

2119 1328 2405 1380 Ἐντεῦθεν
2464 1327 2686 1395 γύναιόν
2715 1344 2765 1379 τι
2799 1326 3058 1396 εὐλαϐείᾳ
3090 1325 3388 1396 συνεζηκος
3455 1328 3554 1380 καὶ
3599 1345 3687 1380 σε-

2107 1422 2333 1490 μνότητι
2388 1419 2529 1473 κατὰ
2578 1419 2639 1471 τὸ
2671 1419 2982 1483 Βυζάντιον,
3020 1420 3121 1489 μιᾷ
3181 1419 3287 1489 πρὸ
3350 1421 3448 1489 τῆς
3506 1421 3686 1490 μάχης

2103 1512 2307 1582 ταύτης
2342 1512 2529 1582 ἡμέρα
2555 1512 2702 1575 ἔδοξε
2723 1511 2847 1566 καθ’
2872 1510 3075 1573 ὕπνους
3104 1512 3204 1582 τὴν
3229 1512 3391 1580 ἁγίαν
3421 1513 3686 1565 Θεοτόκον

2106 1604 2235 1672 ὁρᾷν
2271 1601 2591 1672 προῖοῦσαν,
2629 1602 2725 1655 καὶ
2780 1602 3258 1673 προπεμπομένην
3307 1602 3414 1657 ὑπὸ
3448 1603 3685 1667 πολλῶν,

2104 1696 2338 1750 ἀκοῦσαί
2390 1713 2449 1747 τε
2505 1696 2607 1765 τῆς
2658 1695 3010 1765 Θεομήτορος
3073 1695 3345 1767 λεγούσης
3396 1697 3536 1767 πρὸς
3589 1698 3687 1750 ἐνα

438 1807 630 1845 norum
659 1790 953 1847 foederatos
970 1798 1023 1844 et
1043 1789 1277 1845 liberum
1303 1787 1767 1858 Tauroseythisin
1797 1788 1996 1840 Roma-

2104 1786 2214 1840 τῶν
2267 1787 2566 1860 προϊόντων
2620 1788 2812 1858 αὐτῆς,
2876 1789 3052 1855 Κύριε
3100 1788 3396 1858 Θεόδωρε,
3449 1792 3484 1844 ὁ
3542 1790 3686 1860 ἐμὸς

422 1899 615 1938 norum
636 1883 937 1953 provinciis
954 1880 1375 1937 commercium.
1398 1879 1530 1946 Qua:
1554 1895 1676 1934 cum
1704 1878 2003 1947 imperator

416 1978 598 2031 omnia
623 1977 1009 2040 concessisset,
1028 1974 1643 2045 Sphendostiavusipse
1674 1989 1800 2027 eum
1833 1972 1992 2035 adiit,

418 2084 581 2124 orans
616 2078 677 2124 ut
704 2084 830 2124 cum
861 2069 1172 2123 Patz‘maeis
1204 2076 1428 2138 ageret,
1464 2075 1523 2121 ut
1553 2066 1745 2121 Russis
1773 2065 1997 2120 domum

416 2159 681 2214 redituris
726 2172 826 2228 per
867 2173 1023 2212 suam
1066 2157 1408 2228 provinciam
1453 2156 1746 2211 transitum
1779 2156 1995 2211 darent.

415 2249 721 2318 imperator
759 2264 889 2304 cum
931 2257 987 2304 et
1029 2248 1135 2303 hoc
1171 2256 1228 2303 et
1270 2246 1398 2303 belli
1444 2247 1761 2302 societatem
1785 2285 1799 2311 ,
1832 2255 1999 2315 atque

417 2342 551 2397 illud
581 2342 747 2397 ctiam
781 2343 851 2398 ab
881 2343 964 2397 eis
996 2342 1268 2412 petiisset,
1316 2356 1385 2395 ne
1419 2340 1563 2394 lstro
1604 2340 1832 2409 traiecto
1874 2339 2000 2394 Bul-

411 2434 616 2504 εει-ἰείη
647 2442 960 2491 vastarent:
997 2433 1304 2489 Patzinacae
1335 2434 1549 2488 emteris
1576 2430 1783 2486 assensi
1817 2438 1994 2485 trans-

418 2528 559 2580 itum
591 2524 894 2582 Bassorum
922 2527 1191 2583 duntaxat
1212 2536 1502 2596 negarunt.

414 2620 538 2674 άντὶ
594 2620 693 2691 τῆς
744 2622 1021 2692 προτέρας
1066 2622 1237 2691 αὐτῆς
1282 2620 1532 2690 κλήσεως
1591 2618 1995 2690 Θεοδωροπολιν
2034 2618 2416 2687 ἐπωνόμασεν.

2101 1880 2200 1933 καί
2242 1882 2356 1945 σὸς
2400 1879 2674 1947 Ἰωάννης
2706 1879 2944 1949 ἀγῶνας
2975 1881 3100 1950 ἔχει
3125 1880 3338 1950 βαρεῖς
3358 1899 3373 1915 ο
3405 1883 3688 1937 σπεῦσον

2101 1970 2236 2041 οὖν,
2265 1972 2427 2038 αὐτῷ
2485 1975 2918 2042 ἐπικούρησον.
2977 1975 3273 2045 Ἐξέφηνεν
3312 1969 3405 2028 οὖν
3453 1991 3600 2027 τισιν
3654 1975 3686 2042 ἡ

2102 2065 2241 2134 γυνὴ
2276 2065 2337 2119 τὸ
2369 2065 2647 2120 ἐνύπνιον.
2683 2066 2746 2118 υἱ
2773 2066 2831 2118 δὲ
2860 2067 2960 2136 τὴν
2988 2065 3207 2137 ἡμέραν
3249 2064 3682 2137 ἐσημειώσαντο,

2101 2161 2197 2213 καὶ
2229 2156 2297 2231 ἦν
2324 2161 2356 2229 ἠ
2387 2161 2496 2232 πρὸ
2526 2159 2625 2230 τῆς
2656 2161 2975 2225 τελευταίας
3026 2163 3229 2233 μάχης.
3281 2163 3386 2215 Τὸν
3430 2163 3686 2233 μάρτυρα

2098 2252 2144 2305 δ’
2174 2252 2202 2304 6
2258 2251 2516 2321 βασιλεὺς
2573 2251 2675 2320 τῆς
2735 2250 2991 2321 βοηθείας
3040 2251 3530 2323 άνταμειϐὁμενος,
3560 2252 3686 2306 ναὸν

2100 2343 2253 2413 αύτῷ
2286 2344 2427 2396 κατὰ
2478 2341 2577 2413 τὴν
2628 2343 2906 2413 Εὑχανίαν
2955 2344 2988 2415 ἢ
3052 2344 3324 2414 Εὑχαῖταν
3373 2341 3685 2414 περικαλλῆ

2100 2433 2429 2503 ἐδομήσατο,
2490 2433 2583 2486 τὸν
2636 2432 2826 2505 πρώην
2854 2433 3199 2499 καταϐαλὼν,
3251 2434 3309 2486 ὲν
3368 2428 3413 2500 ᾧ
3464 2433 3527 2486 τὸ
3587 2449 3687 2484 πο-

2099 2525 2328 2578 λύαθλον
2376 2525 2589 2578 ἐκείνου
2655 2527 2815 2594 σῶμα
2874 2525 3156 2591 κατέθετο,
3215 2526 3311 2580 καὶ
3370 2526 3472 2597 τὴν
3528 2525 3685 2580 πόλιν

2491 2618 2551 2671 '0
2592 2618 2650 2671 δὲ
2701 2618 2992 2689 Βάρϐαρος
3055 2617 3493 2687 Σφενδόσθλαϐος
3546 2618 3685 2671 πάν-

413 2712 572 2767 τοθεν
612 2713 908 2781 ἀπογνοὺς,
943 2711 1411 2782 διεπρεσϐεύσατο
1481 2712 1619 2781 πρὸς
1689 2711 1780 2763 τὸν
1824 2710 2070 2781 βασιλέα,
2112 2706 2448 2780 συγγνώμην
2497 2709 2692 2776 αἰτῶν,
2747 2710 2843 2764 καὶ
2890 2712 2971 2773 είς
3018 2711 3084 2764 τὰ
3132 2712 3311 2764 οἰκεῖα
3371 2711 3685 2765 ἐπανελθεῖν

412 2808 821 2879 ὶξαιτούμενος,
848 2807 943 2859 καὶ
986 2808 1099 2868 τοῖς
1149 2806 1463 2877 συμμάχοις

1555 2805 1841 2877 Ῥωμαίων
1899 2805 2312 2873 συντάττεσθαι,
2392 2809 2486 2859 καὶ
2557 2805 2651 2858 τὸν
2700 2805 3026 2877 βουλόμενον
3097 2805 3497 2877 Ταυροσκύθην
3546 2805 3684 2858 ἰέναι

417 2902 552 2972 νηοὺς
574 2901 643 2954 τά
681 2898 968 2970 Ῥωμαίων
991 2897 1119 2969 ἦθη,
1152 2901 1246 2952 καὶ
1268 2900 1325 2953 ὲν
1349 2900 1531 2963 αὐτοῖς
1562 2899 1991 2971 ἐμπορεύεσθαι.
2032 2901 2146 2953 Καὶ
2208 2902 2238 2956 6
2309 2899 2565 2971 βασιλεὺς
2590 2900 2688 2964 τὰς
2714 2901 2961 2972 αἰτήσεις
2993 2902 3335 2973 προσήκατο,
3374 2900 3472 2953 καὶ
3503 2900 3685 2964 πάσας

412 2996 732 3068 ἐπλήρωσεν
762 3011 776 3025 ·
847 2992 968 3048 εἶτα
1021 2995 1118 3047 καὶ
1168 2994 1330 3059 αὐτὸς
1382 2996 1409 3048 6
1492 2996 1930 3065 Σφενδόσθλαϐος
1996 2997 2228 3067 ἀφίκετο
2283 2997 2419 3067 πρὸς
2486 2997 2576 3050 τὸν
2634 2995 3037 3065 αὐτοκράτορα,
3100 2996 3193 3049 καὶ
3247 2994 3395 3065 αὐτῷ
3450 2998 3686 3064 συνωμξ·

412 3089 597 3160 λησεν.
638 3087 909 3160 ᾘτήσατό
959 3106 1017 3141 τε
1058 3090 1170 3151 τοῖς
1222 3088 1594 3153 numer.ng
1621 3090 1881 3160 δηλῶσαι,
1916 3091 1990 3160 μὴ
2060 3089 2305 3146 κωλῦσαι
2372 3093 2484 3155 τοῖς
2542 3089 2679 3156 Ῥὼς
2724 3090 2906 3146 οἴκαδε
2960 3089 3183 3144 ἀπιοῦσι
3230 3089 3318 3143 διὰ
3378 3090 3479 3159 τῆς
3549 3106 3682 3159 σφε-

411 3187 575 3251 τέρας
632 3180 817 3253 χώρας
876 3181 974 3252 τὴν
1026 3181 1217 3235 δίοδον.
1276 3183 1385 3235 Καὶ
1474 3183 1504 3235 6
1569 3182 1830 3253 βασιλεὺς
1915 3184 2063 3237 τοῦτ’
2098 3184 2346 3248 ἐκείνους
2410 3184 2638 3255 ποιῆσαι
2698 3184 2939 3254 ἠξίωσε,
3001 3184 3098 3236 καὶ
3154 3184 3483 3254 συμμάχους
3536 3183 3691 3252 ἔχειν

414 3273 643 3338 αὐτοὺς,
708 3270 844 3342 μηδέ
899 3269 1199 3324 διαϐαίνειν
1254 3272 1346 3325 τὸν
1411 3272 1658 3343 Ἴστρον,
1718 3276 1815 3327 καὶ
1885 3276 1985 3344 τὴν
2026 3275 2365 3346 Βουλγαρίαν
2435 3275 2741 3346 ληῖζεσθαι.
2819 3276 2882 3328 Οἱ
2915 3275 2973 3329 δὲ
3026 3278 3142 3340 τοῖς
3177 3277 3277 3347 μὲν
3308 3276 3491 3339 ἄλλοις
3527 3277 3684 3330 συνέ-

414 3368 589 3433 θεντο,
616 3366 751 3437 πρὸς
785 3366 840 3417 δὲ
869 3363 967 3436 τὴν
994 3365 1166 3419 δίοδον
1194 3365 1302 3419 τῶν
1344 3367 1484 3430 Ῥὼς
1506 3368 1918 3439 ἀπηγόρευσαν.

485 3458 573 3512 1V.
616 3457 767 3510 Bello
817 3454 1048 3509 liussico
1099 3456 1168 3511 ad
1221 3457 1371 3511 hunc
1424 3457 1649 3513 modum
1709 3459 1983 3525 confecto,

2164 3458 2240 3513 A'.
2275 3458 2514 3530 Τοιούτῳ
2546 3459 2603 3511 δὲ
2629 3458 2774 3511 τέλει
2814 3458 2909 3511 τοῦ
2947 3458 3083 3529 πρὸς
3111 3461 3238 3522 τοὺς
3279 3458 3414 3523 Ῥὼς
3440 3460 3680 3532 πολέμου

413 3550 717 3618 imperator
760 3548 1082 3618 Byzantium
1130 3564 1406 3617 reversus,
1439 3553 1507 3605 ab
1550 3552 1812 3607 omnibus
1844 3552 1996 3607 ordi-

414 3641 580 3696 nibus
621 3639 909 3709 splendide
936 3640 1233 3709 excipitur.
1262 3641 1399 3695 Nam
1430 3651 1487 3696 et
1519 3644 1830 3712 patriarcha
1867 3660 1993 3699 cum

415 3731 673 3788 omnibus
725 3731 1108 3786 sacerdotibus
1151 3731 1204 3786 ei
1255 3733 1470 3788 obviam
1517 3744 1604 3791 est
1651 3752 1992 3807 progressus,

414 3834 472 3879 e'.
504 3833 747 3882 senatus,
772 3831 828 3875 et
858 3823 1095 3891 populus
1128 3838 1361 3879 coronas
1402 3826 1729 3888 otior-cutes,
1764 3836 1822 3882 et
1864 3843 1995 3882 cur-

419 3932 540 3968 rum
582 3929 707 3979 eum
754 3922 992 3981 quatuor
1027 3914 1169 3970 albis
1200 3915 1391 3985 equis,
1429 3928 1801 3989 rogaruntque
1836 3928 1897 3974 ut
1929 3935 1995 3975 co

416 4019 720 4060 conscenso
752 4004 1145 4074 triumpharet.
1178 4007 1248 4061 At
1282 4006 1372 4062 ille
1402 4022 1636 4063 coronas
1665 4011 1909 4081 accepit,
1941 4021 1997 4068 et

398 4112 558 4166 equo
602 4095 869 4166 singulari
919 4096 1158 4152 candido
1210 4098 1608 4169 triumphavit,
1647 4111 1704 4155 et
1750 4102 1997 4157 vestibus

419 4189 837 4259 Bulgarieorum
890 4206 1078 4261 regum
1126 4191 1318 4247 currui
1365 4191 1672 4263 impositis,
1723 4209 1997 4265 supraque

418 4299 511 4338 cas
546 4281 782 4353 imagine
820 4282 1062 4352 Deipara:
1092 4283 1356 4339 collocata
1381 4324 1396 4350 ,
1427 4300 1649 4340 currum
1679 4286 1993 4340 antecessit.

421 4376 558 4435 Cum
620 4375 676 4427 in
735 4373 917 4428 forum
976 4374 1255 4433 Placotum
1315 4382 1693 4448 pervenisset,
1751 4379 1995 4435 Borisem

421 4465 723 4535 Bulgaricis
772 4465 1090 4536 insignibus
1129 4468 1400 4538 depositis
1444 4470 1709 4541 dignitate
1749 4471 1995 4542 magiSIri

419 4557 660 4611 ornavit.
693 4559 760 4611 At
794 4558 1309 4627 Sphendosthlavus
1348 4575 1473 4614 eum
1523 4560 1715 4616 [tussis
1750 4563 1866 4617 suis
1889 4604 1903 4628 ,
1938 4562 1994 4617 in

423 4648 600 4702 reditu
652 4647 1072 4702 Patziuacarum
1122 4648 1341 4703 insidiis
1380 4659 1677 4719 exceptus,
1716 4654 1783 4707 ad
1821 4654 1997 4709 inter-

423 4738 707 4791 ueeionem
752 4749 928 4791 cazsus
963 4746 1067 4792 est.
1115 4736 1264 4811 Idem
1313 4737 1402 4793 hic
1446 4740 1745 4809 imperator
1792 4744 1994 4801 Christi

2096 3551 2517 3616 καταλυθέντος,
2547 3554 2574 3605 6
2606 3552 2857 3622 βασιλεὺς
2898 3553 3037 3622 πρὸς
3066 3553 3126 3605 τὺ
3167 3552 3458 3615 Βυζάντιον
3489 3554 3682 3608 ἐπανέ-

2095 3644 2281 3708 ζευξε,
2339 3644 2433 3694 καὶ
2480 3641 2753 3712 ὑπεδέχθη
2796 3642 3065 3713 λαμπρῶς
3111 3643 3203 3712 ὑφ’
3260 3642 3385 3695 ὅλου
3440 3641 3537 3696 τοῦ
3586 3660 3682 3697 πο-

2096 3735 2448 3804 λιτεύματος.
2500 3734 2565 3786 ’Ὀ
2612 3749 2674 3785 τε
2707 3735 2817 3804 γὰρ
2861 3736 3209 3804 πατριάρχης
3261 3736 3679 3805 προϋπηντήκει

2096 3826 2244 3897 αὐτῷ
2301 3827 2441 3896 μετὰ
2495 3825 2587 3878 τοῦ
2647 3826 2854 3897 κλήρου
2906 3827 3130 3891 παντὸς,
3165 3829 3260 3880 καὶ
3316 3828 3366 3880 oi
3424 3827 3525 3896 τῆς
3586 3846 3680 3896 γε-

2099 3920 2344 3990 ρουσίας,
2377 3918 2474 3971 καὶ
2506 3919 2555 3970 οἱ
2582 3917 2676 3971 τοῦ
2711 3918 2913 3989 δήμου.
2955 3920 3254 3987 στεφάνους
3282 3920 3678 3990 προσάγοντες,

2097 4011 2193 4064 καὶ
2238 4010 2544 4081 τέθριππον
2593 4009 2771 4081 ἅρμα,
2809 4012 2857 4063 οἱ
2920 4010 2965 4063 δ’
3016 4011 3172 4064 ἵπποι
3225 4014 3418 4065 τούτου
3471 4012 3677 4077 λευκοὶ,

2097 4104 2306 4158 ἐδέοντό
2336 4123 2393 4157 τε
2425 4104 2520 4158 τοῦ
2580 4104 2830 4175 ἅρματος
2891 4103 3289 4173 ἐπιϐεϐηκότα,
3339 4104 3560 4158 τελέσαι
3589 4106 3680 4158 τὸν

2098 4196 2389 4265 θρίαμϐον.
2433 4195 2494 4249 Ὀ
2527 4196 2584 4249 δὲ
2624 4198 2751 4259 τοὺς
2799 4195 2898 4265 μὲν
2932 4197 3232 4265 στεφάνους
3258 4196 3500 4265 ἐδέξατο,
3526 4198 3678 4269 ἵππῳ

2096 4304 2156 4340 τε
2194 4289 2381 4359 κέλητι
2415 4291 2511 4343 καὶ
2540 4291 2715 4360 τούτῳ
2745 4289 2926 4359 λευκῷ
2966 4289 3359 4360 ἐθριάμϐευσε,
3401 4290 3482 4361 τῷ
3524 4290 3580 4343 δέ
3615 4309 3677 4360 γε

2096 4372 2384 4445 τεθρίππῳ
2437 4377 2535 4439 τὰς
2597 4376 2884 4446 βασιλικάς
2935 4378 3127 4441 στολάς
3178 4380 3287 4432 τῶν
3346 4379 3675 4452 Βουλγάρων

2100 4465 2367 4534 βασιλέων
2420 4468 2668 4534 ἐπέθετο,
2727 4470 2823 4523 καὶ
2869 4469 3073 4524 τούτων
3101 4470 3309 4525 ἄνωθεν
3343 4472 3531 4527 εἰκόνα
3580 4473 3677 4542 τῆς

2097 4559 2435 4634 Θεομήτορος
2497 4552 2632 4632 (80),
2688 4562 2784 4614 καὶ
2832 4562 3027 4633 προῄει
3075 4563 3137 4615 τὸ
3183 4563 3359 4634 ἅρμα.
3418 4566 3582 4619 Κατὰ
3624 4565 3678 4618 δὲ

2097 4650 2197 4721 τὴν
2248 4630 2546 4722 utuan
2580 4653 2880 4722 λεγομένην
2929 4658 3221 4724 γενίμενος
3266 4657 3498 4725 ἀγορὰν,
3548 4657 3679 4710 άπξ-

2097 4745 2225 4797 δυσε
2274 4742 2364 4796 τδν
2410 4744 2644 4815 Βορίσην
2701 4746 2771 4799 τὰ
2824 4747 2923 4814 τῆς
2981 4746 3137 4818 παρὰ
3188 4749 3299 4810 τοῖς
3345 4748 3678 4821 Βουλγάροις

423 4828 727 4882 Servatoris
748 4828 1013 4897 templum
1035 4829 1090 4883 iu
1112 4828 1312 4883 Cbalce
1332 4829 1682 4900 magniﬁcum
1704 4836 1992 4891 exstruxit.

2102 4833 2381 4902 βασιλείας
2431 4836 2760 4907 παράσημα,
2814 4838 3019 4909 καὶτῷ
3048 4839 3155 4891 τῶν
3198 4841 3520 4911 μαγίστρων
3570 4842 3679 4896 ἐτί-

426 4919 739 4975 l'atriarcha
774 4919 1011 4974 Basilius
1051 4918 1497 4977 Scamandrenus
1538 4938 1663 4977 cum
1705 4935 1830 4995 post
1861 4942 2001 4997 qua-

422 5009 736 5065 driennium
771 5025 885 5066 suae
923 5010 1346 5082 designationis,
1380 5014 1451 5068 ob
1492 5015 1742 5083 quaedam
1782 5018 1996 5088 objecta

2103 4940 2275 4993 μησεν
2329 4923 2621 4995 ἀξιώματι.
2686 4926 2748 4981 '0
2808 4929 2991 4999 μέντοι
3043 4930 3481 5000 Σφενδόσθλαϐος
3539 4932 3677 5003 μετὰ

2097 5017 2206 5069 τῶν
2245 5016 2384 5080 Ῥὼς
2409 5019 2494 5070 ἐπ’
2524 5020 2677 5075 οἴκου
2716 5021 3092 5093 ἀναζευγνϋς,
3132 5025 3311 5095 λόχοις
3355 5030 3679 5096 περιπίπτει

422 5102 653 5156 erimina
677 5119 776 5173 per
802 5102 1098 5167 concilium
1130 5103 1254 5161 loco
1289 5114 1472 5161 motus
1503 5118 1651 5162 esset
1677 5126 1690 5163 :
1724 5108 1996 5164 Antonius

2101 5112 2207 5160 τών
2266 5110 2656 5179 Πατζινακῶν,
2711 5115 2808 5169 καὶ
2866 5115 3068 5180 πάντες
3131 5118 3318 5189 ἀθρόοι
3373 5119 3677 5175 ἀπώλοντο.

426 5193 672 5249 Studites
701 5193 1013 5263 patriarcha
1040 5205 1127 5251 est
1150 5195 1493 5266 designatus.
1530 5197 1837 5268 Imperator
1865 5215 1998 5254 vero

2102 5198 2269 5263 Οὗτος
2298 5203 2325 5254 ὁ
2386 5203 2637 5271 βασιλεὺς
2689 5205 2782 5257 τὸν
2829 5206 2888 5260 ἐν
2937 5209 3004 5277 τῇ
3058 5209 3247 5281 Χαλκῇ
3296 5209 3424 5263 ναὸν
3448 5210 3545 5264 τοῦ
3577 5211 3681 5265 Σω·

1570 5380 2117 5447 νδτὶωιεοιίοιιοδ
2160 5394 2220 5445 et
2260 5393 2449 5449 notae.

494 5520 606 5594 {79)
653 5520 1162 5594 Ὀρτρατηλάτης
1206 5523 1369 5591 ἄγε-ος
1431 5525 1751 5594 Θεόδωρος.
1801 5526 1993 5584 Hausit

419 5606 473 5667 a_
494 5591 680 5667 Leone
710 5592 964 5658 diacono,
996 5594 1090 5662 qui
1123 5594 1350 5651 Joannis
1389 5591 1674 5650 Tzimisea:
1698 5611 1788 5651 res
1813 5610 1994 5667 gestas

421 5662 673 5732 pluribus
699 5672 1025 5732 prosecutus
1054 5673 1151 5718 est.

494 5731 607 5803 (80)
641 5731 860 5789 Εἷκόνα
898 5733 1008 5803 τῆς
1059 5734 1442 5803 θεομήτορος.
1484 5734 1651 5791 Addit
1696 5736 1840 5793 idem
1883 5737 1995 5795 Leo

2103 5528 2375 5608 _Diacon_us
2400 5531 2619 5608 iullist.
2654 5546 2809 5608 _ms._:
2839 5532 2959 5608 ΔΤὴν
2983 5550 3081 5602 της
3123 5536 3470 5608 θεομήτορος
3502 5538 3681 5594 εἰκόνα

2102 5602 2573 5675 ἐναγκαλισμένην
2619 5603 2714 5675 τὸν
2758 5601 3108 5673 θεάνθρωπον
3149 5601 3342 5673 Λόγον,
3373 5601 3441 5675 ἢν
3476 5610 3541 5663 ἐκ
3568 5611 3679 5662 Mu-

2105 5671 2225 5733 σίας
2248 5671 2632 5749 ,εοηερεη-νυω
2672 5684 2903 5749 cancros
2928 5671 3212 5748 triumphi
3242 5671 3561 5736 ZimiSCiaui
3590 5694 3676 5749 ap-

2105 5748 2328 5808 paratus
2356 5742 2605 5810 pluribus
2637 5744 3007 5812 prosequitur.
