3978 6256
362 420 473 490 169

1575 418 1978 484 ANNALIUM
2008 419 2154 479 LIB.
2196 420 2386 481 XVII.

3515 417 3619 481 13)

358 537 609 610 διελέχθη
644 537 817 610 αὐτῷ,
856 537 973 594 ἀλλ’
1030 536 1131 594 οὒκ
1168 535 1379 593 ἔπεισε.
1416 535 1606 602 Δείξας
1639 536 1749 608 γὰρ
1796 534 1943 604 αύτῷ

2050 535 2110 590 ad
2148 549 2277 589 eum
2307 534 2652 590 conﬂuxere.
2685 534 2820 602 Quae
2856 548 2989 589 cum
3041 531 3337 603 praeposito
3371 532 3617 590 cubicuii

359 632 391 685 δ
443 630 687 703 Σκληρδς
725 632 788 685 τὸ
829 630 1177 702 κοκκοσαφὲς
1227 629 1467 697 πέδιλον,
1512 628 1775 684 ἀδύνατον
1823 623 1944 681 εἷπε

361 722 459 776 τὸν
511 722 663 788 ἅπαξ
722 724 883 777 τοῦτο
938 721 1354 795 ὑποδησάμενον
1430 723 1564 795 ῥᾷον
1626 720 1942 775 ἀποϐαλεῖν.

362 812 586 883 Ταύτην
612 813 712 880 τὴν
731 813 1032 885 ἀπόκρισιν
1049 813 1126 877 ὡς
1144 813 1319 880 ἔγνων
1345 813 1396 867 ei
1425 811 1648 884 περὶτὰ
1677 811 1942 882 βασίλεια,

360 904 426 971 ἐξ
471 906 719 975 ἀνάγκης
765 905 904 975 πρὸς
959 906 1139 977 μάχην
1185 905 1547 977 ὡρμήκεσαν.
1588 901 1698 959 Ἦν
1748 904 1806 958 δὲ
1845 905 1946 974 τῆς

363 996 658 1069 βασιλικῆς
724 997 1012 1068 δυνάμεως
1065 996 1549 1068 στρατοπεδάρχης
1600 998 1629 1050 6
1680 995 1945 1067 ἐκτομίας

360 1088 594 1158 Πέτρος,
645 1092 674 1146 6
722 1088 819 1145 τοῦ
872 1090 1057 1155 Φωκᾶ,
1106 1084 1168 1144 οὗ
1194 1093 1290 1146 καὶ.
1326 1088 1518 1162 πρώην
1564 1089 1941 1161 ἐμνήσθημεν.

372 1182 467 1248 Ὠς
518 1183 613 1239 οὖν
645 1184 895 1257 ἀλλήλοις
938 1184 1606 1256 ἀντεστρατοπεδεύσαντο
1653 1182 1726 1237 τὰ
1782 1200 1946 1254 στρα-

356 1273 645 1345 τεύματα,
705 1277 836 1348 περὶ
893 1276 1182 1347 Λίπαραν,
1242 1276 1278 1348 ἢ
1329 1276 1423 1331 καὶ
1477 1276 1744 1331 Λικανδδν
1807 1275 1944 1329 ὠνο-

366 1368 613 1439 μάζετο,
680 1369 819 1439 πρὸς
887 1367 1094 1439 ἄλληλα
1155 1367 1578 1441 συνερράγησαν
1602 1409 1618 1433 ,
1685 1368 1780 1422 καὶ
1851 1369 1946 1421 ἐπὶ

365 1455 472 1531 μὲν
502 1476 625 1514 τινα
677 1460 869 1532 καιρὸν
924 1462 1170 1533 ἀντεῖχον
1225 1461 1276 1515 oi
1333 1460 1611 1533 βασιλικοὶ
1654 1461 1941 1531 γενναίως,

360 1549 561 1605 ἔπειτα
614 1551 933 1622 τρέπονται,
987 1552 1085 1605 καὶ
1152 1554 1505 1624 ἀναιροῦνται
1568 1552 1794 1617 πολλοὶ,
1848 1555 1947 1608 καὶ

360 1642 428 1697 τδ
505 1643 871 1714 στρατόπεδον
933 1643 1040 1699 ὑπὸ
1101 1645 1229 1708 τοὺς
1297 1644 1575 1710 ἐναντίους
1649 1646 1945 1715 γενόμενον

359 1734 751 1804 διαρπάζεται.
824 1730 961 1790 Εἶτα
1036 1735 1135 1789 καὶ
1205 1737 1307 1804 τὴν
1374 1737 1697 1808 Τζαμανδδν
1783 1737 1946 1791 πολυο

360 1827 550 1898 πληθῆ
601 1827 760 1881 πόλιν
836 1828 902 1882 ὲκ
954 1828 1371 1900 προσελεύσεως
1455 1829 1566 1883 τῶν
1643 1830 1943 1886 οἰκούντων

357 1918 537 1991 αὐτὴν
563 1918 825 1991 εἰληφὼς,
845 1922 1149 1993 χρημάτων
1174 1923 1342 1994 ἐσμὸν
1363 1922 1422 1989 ἑξ
1447 1923 1621 1992 αὐτῆς
1653 1923 1943 1994 συνηθροί-

359 2032 471 2070 κει.
494 2014 656 2070 Οὕτω
697 2016 754 2071 δι
786 2020 1215 2090 περιγενόμενος
1256 2020 1352 2073 τοῦ
1409 2018 1821 2091 στρατεύματος
1847 2017 1942 2072 τοῦ

362 2105 680 2176 βασιλικοῦ,
719 2108 952 2173 πολλοὺς
998 2110 1063 2163 ὲκ
1085 2110 1280 2164 τούτου
1330 2112 1467 2182 πρὸς
1494 2108 1947 2165 ἑαυτδνὲπεσπά-

362 2213 522 2263 σατο,
548 2197 947 2267 ἀπεγνωκότας
976 2200 1077 2271 ἥδη
1102 2202 1204 2266 τάς
1235 2202 1518 2268 σωζούσας
1541 2202 1764 2268 ἐλπίδας
1793 2205 1946 2275 παρά

359 2292 481 2353 τοῖς
504 2290 810 2361 βασιλεῦσι,
843 2293 947 2348 καὶ
1005 2294 1158 2367 αὐτῷ
1215 2295 1642 2368 προσερῤύησαν
1687 2298 1750 2351 ού
1835 2298 1945 2353 τῶν

362 2380 674 2452 ἀνωνύμων
704 2384 865 2454 μόνον
885 2386 1265 2457 στρατιωτῶν,
1309 2388 1448 2442 ἀλλὰ
1473 2389 1572 2444 καὶ
1605 2388 1716 2443 τῶν
1739 2406 1948 2459 περιω-

363 2473 556 2546 νύμων
580 2475 790 2532 πολλοί.
851 2479 939 2542 Ὠς
982 2478 1043 2533 δὲ
1097 2478 1273 2536 ταῦτα
1320 2480 1399 2553 τῷ
1462 2483 1947 2555 παρακοιμωμὲνῳ

359 2566 740 2638 ἠγγέλθησαν,
763 2570 1050 2624 στέλλεται
1080 2568 1239 2637 αὖθις
1269 2573 1427 2627 Λέων
1458 2575 1486 2627 6
1517 2574 1946 2646 πρωτοόεστιά·

367 2677 507 2733 ριος,
554 2662 797 2732 ἄκρατον
846 2662 1101 2730 ἐξουσίαν
1157 2664 1572 2733 ἐμπιστευθεὶς,
1631 2667 1727 2720 καὶ
1769 2668 1949 2723 πάντα

363 2753 635 2825 πράττειν
660 2754 761 2808 ὅσα
791 2754 889 2809 καὶ
910 2753 1227 2824 βασιλεῦσιν
1243 2757 1459 2812 ἀνεῖται
1483 2758 1669 2814 ἄδειαν
1683 2760 1947 2831 είληφὼς,

359 2845 514 2899 sime
570 2846 639 2901 ἄν
690 2865 778 2910 τις
805 2851 872 2921 τῇ
907 2849 1163 2905 Λατίνων
1201 2851 1356 2920 φωνῇ
1410 2850 1503 2905 τὸν
1569 2851 1741 2924 ἄνδρα
1769 2854 1952 2910 δικιά·

361 2956 523 3012 τορα,
553 2939 653 2995 καὶ
688 2941 965 2996 συνελθὼν
1017 2941 1097 3011 τῷ
1133 2941 1596 3015 στρατοπεδάρχῃ
1657 2944 1685 2997 6
1736 2960 1948 3014 ιιτριιιιιτο⁴

364 3031 711 3103 δεστιάριος,
743 3035 1011 3104 ἐπειράθη
1054 3036 1155 3103 μὶν
1209 3035 1544 3106 ὑποσχέσεσι
1593 3035 1691 3090 καὶ
1755 3037 1948 3107 τιμαῖς

362 3127 497 3191 τοὺς
522 3127 655 3197 περὶ
682 3127 777 3182 τὸν
806 3128 1053 3199 Σκληρδν
1092 3127 1531 3183 ιπισπάσασθαι.
1565 3129 1655 3193 Ὦς
1673 3129 1720 3184 δ’
1748 3129 1948 3199 ἐινηνύ⁴

2044 628 2294 684 nuntiata
2329 636 2535 695 essent,
2566 624 2677 684 Leo
2730 627 3188 699 pretovestiarius
3224 641 3350 682 cum
3401 642 3620 683 summe

2046 721 2279 792 imperio
2353 732 2410 776 et
2476 721 2825 785 auctoritate,
2893 736 2996 776 suo
3048 720 3316 775 arbitratu
3388 716 3615 789 gerendi

2046 814 2233 869 omnia
2277 831 2400 884 qua:
2431 814 2749 882 imperatori
2795 814 2981 879 licent,
3013 814 3273 879 mittitur,
3303 829 3468 884 quam
3521 828 3621 884 po-

2047 915 2298 962 testatem
2356 906 2539 962 Latini
2590 906 2922 960 dictaturam
2992 907 3304 961 nominant.
3374 906 3428 961 Is
3479 920 3612 961 eum

2044 998 2493 1069 stratopedarcha
2525 1011 2870 1067 congressus,
2906 996 3397 1064 pollicitationibus
3427 1005 3483 1051 et
3514 996 3619 1052 lio-

2045 1090 2277 1145 noribus
2332 1089 2535 1145 frustra
2581 1089 2810 1143 tentatis
2862 1072 3099 1141 militum
3158 1087 3383 1150 animis.
3446 1096 3617 1143 noctu

2045 1192 2470 1255 printergressus
2511 1180 2759 1235 Sclerum
2805 1178 3029 1234 invasit.
3073 1178 3257 1245 Quare
3292 1178 3497 1234 factum
3533 1189 3622 1233 cst

2048 1285 2109 1332 ut
2147 1275 2349 1331 milites
2390 1273 2508 1330 suis
2546 1272 2894 1329 charissimis
2937 1271 3220 1335 timentes,
3267 1271 3456 1327 Sclero
3494 1270 3624 1326 reli-

2047 1376 2138 1423 ete
2183 1365 2251 1421 ad
2289 1365 2442 1420 illum
2492 1379 2552 1420 se
2597 1363 2958 1419 conferrent:
2998 1369 3054 1417 et
3094 1362 3316 1418 Sclerus
3371 1362 3620 1423 territus.

2045 1457 2369 1515 Micliaelem
2460 1456 2694 1511 Burzem
2780 1456 3106 1527 magistrum
3179 1470 3310 1510 suas
3373 1460 3624 1511 secutum"

2046 1563 2254 1622 partes,
2308 1558 2363 1604 et
2407 1549 2714 1604 Romanum
2779 1547 3098 1602 Tarenitem
3150 1547 3441 1617 patricium
3498 1560 3622 1602 cum

2045 1643 2317 1707 exercitu,
2350 1651 2543 1697 contra
2576 1638 3066 1710 protovestiarium
3098 1638 3340 1693 mitteret
3372 1656 3387 1696 ;
3421 1637 3627 1709 quibus

2047 1733 2237 1804 przelio
2278 1732 2581 1804 superatis,
2617 1733 2732 1802 ipse
2772 1745 2900 1786 cum
2951 1730 3211 1785 omnibus
3243 1730 3419 1800 copiis
3467 1746 3625 1786 cum-

2046 1822 2173 1878 dcm
2204 1837 2498 1893 aggressus
2534 1820 2689 1888 vicit,
2719 1821 3019 1889 vivumque
3053 1822 3222 1889 cepit,
3265 1820 3431 1876 Petro
3480 1831 3625 1875 stra-

2051 1913 2387 1983 topedarcba
2420 1913 2741 1968 interfecto.
2779 1911 2859 1967 Ea
2902 1911 3157 1974 victoria,
3193 1921 3250 1967 ut
3284 1911 3460 1967 Scleri
3494 1928 3628 1983 opes

2048 2007 2283 2068 multum
2313 2006 2487 2071 auxit,
2531 2005 2612 2061 sic
2656 2005 3053 2075 imperatorum
3093 2023 3207 2063 rem
3248 2007 3315 2062 ad
3368 2005 3628 2077 despera-

2047 2100 2254 2156 tionem
2289 2096 2582 2169 depressit,
2609 2099 2929 2168 'praesertim
2977 2115 3102 2155 eum
3161 2110 3431 2172 tyrannus
3477 2114 3627 2155 mare

2043 2206 2269 2262 quoque
2320 2199 2554 2245 teneret.
2600 2190 2972 2256 Quamobrem
3010 2192 3338 2262 praepositus
3383 2191 3627 2248 cubiculi

2044 2282 2223 2339 classe
2245 2281 2431 2347 missa,
2460 2280 2755 2337 commisso
2782 2296 2909 2337 cum
2942 2281 3114 2337 Scleri
3143 2282 3380 2338 navibus
3412 2283 3624 2352 praelio,

2047 2375 2278 2431 classem
2311 2375 2430 2445 ejus
2478 2372 2683 2428 devicit
2729 2382 2785 2430 et
2828 2374 3142 2445 dissipavit,
3188 2374 3444 2445 idemque
3489 2377 3628 2430 mari

2049 2480 2241 2537 pacato
2279 2468 2694 2539 provinciarum
2728 2475 2984 2538 suscepta
3018 2482 3174 2532 cura,
3226 2465 3514 2522 Eroticum
3560 2465 3630 2521 ad

2050 2559 2286 2616 Nicaeam
2302 2561 2576 2633 Bithynia:
2594 2559 2945 2631 metropolim
2963 2559 3225 2615 tuendam
3243 2559 3395 2615 misit
3418 2576 3433 2616 :
3461 2574 3627 2631 quam

2050 2649 2275 2706 Selerus
2306 2652 2356 2705 vi
2391 2666 2709 2723 expugnare
2740 2650 2946 2706 frustra
2974 2658 3229 2715 conatus,
3275 2649 3416 2705 fame
3448 2649 3631 2721 subigi

2050 2757 2150 2813 per
2199 2744 2569 2814 proditionem
2614 2760 2776 2815 posse
2816 2752 2988 2808 ratus,
3042 2743 3394 2800 obsidionem
3442 2744 3630 2802 traxit.

2049 2836 2309 2893 Eroticus
2347 2853 2480 2894 vero
2507 2838 2634 2893 dolo
2693 2839 3097 2896 circumvenire
3145 2838 3361 2894 hostem
3414 2839 3630 2902 statuit,

2050 2928 2311 2999 illataque
2358 2928 2414 2984 in
2456 2928 2711 3002 granaria
2753 2946 2920 2985 arena
2972 2940 3029 2986 et
3062 2929 3349 2986 frumento
3390 2944 3632 3001 superne

2050 3020 2274 3092 injecto,
2330 3029 2393 3077 ut
2444 3030 2592 3077 totus
2640 3037 2877 3079 acervus
2925 3021 3274 3099 frumentum
3325 3022 3628 3085 videretur,

2050 3113 2285 3183 captivis
2317 3114 2572 3186 granaria
2612 3114 2963 3171 demonstrat
2988 3115 3316 3185 semiplena,
3353 3122 3409 3171 et
3437 3113 3632 3171 Sclero

365 3235 483 3283 τοις
513 3218 656 3287 ἔγνω
685 3221 1008 3291 ἐπιχειρεῖν,
1031 3224 1356 3292 παρελάσας
1374 3221 1570 3284 νυκτὸς
1600 3221 1694 3276 τὸν
1720 3222 1946 3293 Σληρὸν,

2053 3204 2312 3260 nuntiare
2331 3205 2512 3275 jubet,
2548 3207 2810 3278 quamvis
2833 3223 2863 3261 a
2897 3206 3042 3263 fame
3086 3206 3225 3262 nihil
3256 3207 3363 3262 sibi
3396 3206 3633 3278 periculi

362 3309 584 3384 ἐχώρει.
626 3313 770 3383 Πρός
798 3315 847 3369 τ’
880 3313 1275 3379 ἐντεῦθενοδὲος
1293 3315 1422 3377 τοὺς
1459 3313 1588 3384 περὶ
1612 3313 1707 3369 τὸν
1735 3314 1945 3385 Σληρδν

356 3397 481 3456 εἷλε
516 3404 645 3472 περὶ
687 3404 797 3457 τῶν
820 3404 1097 3474 φιλτάτων
1126 3404 1330 3466 αὐτῶν,
1365 3405 1463 3459 καὶ
1483 3406 1575 3459 τὸν
1629 3405 1946 3476 ἀποστάτην

364 3491 905 3562 καταλιμπάνοντες,
936 3494 1015 3565 τῷ
1066 3494 1561 3565 πρωτοδεστιαρέῳ
1616 3494 1942 3566 προσῄεσαν.

362 3585 493 3640 Κάκ
512 3583 703 3638 τούτου
732 3584 916 3649 δείσας
943 3589 969 3640 6
994 3587 1259 3658 Σκληρδ·,
1281 3587 1373 3640 τὸν
1404 3587 1707 3658 μάγιστρον
1727 3586 1948 3657 Μιχαὴλ

362 3677 459 3732 τὸν
487 3676 768 3749 Βούρτζην
790 3668 1296 3752 προσκεχωρηκότα
1324 3679 1495 3751 αὐτῷ,
1525 3681 1623 3733 καὶ
1669 3680 1950 3750 Ῥωμανὸν

366 3771 663 3844 πατρίκιον
693 3772 784 3824 τδν
814 3772 1145 3841 Ταρωνίτην
1202 3773 1341 3844 μετὰ
1415 3775 1675 3844 στρατιᾶς
1733 3773 1950 3845 ἔπεμψε

369 3862 515 3917 κατὰ
540 3862 635 3917 τοῦ
662 3862 1188 3935 πρωτοόεστιαρίου,
1221 3863 1271 3917 οἳ
1310 3864 1721 3936 προσϐαλόντες
1753 3866 1949 3936 ἐκείνῳ

363 3956 705 4028 ἡττήθησαν.
741 3956 829 4019 Ὠς
859 3957 904 4010 δ’
933 3956 1179 4028 ἐγνώσθη
1213 3957 1292 4027 τῷ
1316 3958 1549 4029 Σκληρῷ
1580 3959 1612 4026 ή
1641 3957 1751 4011 τῶν
1801 3974 1948 4029 πεμ-

364 4050 620 4120 φθέντων
658 4044 819 4122 ἧττα,
852 4050 1016 4113 αὐτὸς
1043 4051 1138 4104 σὺν
1157 4054 1321 4103 παντὶ
1347 4049 1427 4121 τῷ
1481 4051 1756 4104 ὑπἀύτδν
1786 4068 1952 4122 στρα-

366 4138 604 4209 τεύματι
661 4139 803 4193 κατᾶ
851 4139 945 4191 τοῦ
1032 4138 1532 4210 πρωτοϐεστιαρίου
1595 4143 1786 4212 χωρεῖ’,
1859 4141 1956 4195 καὶ

367 4232 745 4303 συρρήγνυται
776 4235 842 4301 τῇ
877 4231 1183 4301 μετάύτοῦ
1221 4233 1479 4304 στρατιᾷ,
1523 4235 1615 4286 καὶ
1673 4234 1821 4304 νικᾷ,
1856 4234 1952 4288 καὶ

365 4325 393 4378 6
417 4324 521 4393 μὲν
551 4325 1041 4396 στρατοπεδάρχης
1065 4324 1274 4394 Πέτρος
1313 4324 1576 4396 ἀνῄρητο,
1609 4327 1636 4380 6
1669 4326 1726 4379 δὲ
1794 4343 1950 4397 πρω-

363 4416 745 4485 τοϐεστιάριος
770 4416 1023 4469 ἑαλώκει.
1055 4415 1204 4486 Αὕτη
1235 4417 1267 4486 ὴ
1304 4416 1428 4487 νίκη
1491 4418 1584 4470 ἐπὶ
1635 4416 1782 4490 μέγα
1848 4418 1951 4490 μὲν

359 4503 463 4582 ἦρε
479 4511 551 4564 τὰ
577 4509 672 4563 τοῦ
703 4509 974 4579 Σκλ.ηροῦ,
999 4509 1067 4563 τὰ
1100 4508 1157 4561 δὲ
1188 4509 1299 4562 τῶν
1328 4508 1600 4579 βασιλέων
1657 4512 1738 4574 είς
1805 4513 1953 4565 ἀπό-

2051 3296 2145 3363 sit,
2166 3304 2345 3353 tamen
2373 3297 2418 3352 si
2446 3304 2564 3354 tuto
2588 3313 2714 3352 cum
2732 3298 2900 3354 certis
2930 3298 3247 3354 hominibus
3269 3298 3422 3354 exire
3444 3297 3631 3363 liceat,

2050 3405 2109 3445 se
2146 3391 2284 3445 urbe
2311 3390 2510 3446 tradita
2541 3400 2725 3461 partes
2750 3393 2870 3462 ejus
2898 3399 3242 3445 secuturum.
3277 3388 3396 3455 Quo
3424 3388 3624 3444 nuntio

2049 3485 2266 3540 laetatus
2299 3483 2543 3551 Sclerus,
2572 3498 2697 3539 cum
2727 3484 2888 3539 ﬁdem
2923 3482 3189 3548 dedisset,
3222 3483 3314 3538 ille
3340 3498 3466 3537 cum
3509 3495 3632 3536 ma-

2044 3577 2151 3647 jori
2207 3576 2410 3632 civium
2455 3584 2511 3632 et
2555 3576 2791 3631 militum
2843 3590 3068 3632 suorum
3121 3588 3272 3647 parte
3313 3575 3633 3631 Constanti-

2049 3667 2296 3737 nopolim
2347 3667 2506 3722 abiit.
2551 3666 2773 3723 Sclerus
2824 3675 3008 3722 autem
3055 3666 3295 3723 Nicaeam
3341 3665 3508 3736 218
3550 3664 3636 3721 in-

2050 3773 2296 3829 gressus,
2357 3758 2487 3814 dole
2549 3773 2608 3814 se
2660 3758 3104 3814 circumventum
3160 3771 3283 3812 esse
3335 3753 3630 3811 intellexit.

2046 3850 2304 3907 Cubiculi
2345 3866 2478 3907 vero
2522 3852 2851 3923 praepositus
2888 3851 3078 3907 Sclcro
3126 3848 3255 3905 inde
3287 3847 3535 3918 digresso
3577 3856 3636 3904 et

2054 3943 2176 3999 urbi
2216 3944 2716 4016 appropinquante,
2758 3942 3015 4014 quamvis
3051 3941 3221 3997 animi
3281 3940 3487 3996 dubius
3523 3939 3635 3997 ba:-

2054 4045 2224 4102 reret,
2285 4044 2468 4092 tamen
2501 4044 2709 4091 mutata
2762 4035 3063 4099 sententia.
3104 4035 3367 4091 Pbocam‘
3401 4031 3634 4090 Bardam

2053 4127 2122 4184 ab
2162 4129 2366 4185 exsilio
2412 4135 2750 4194 revocatum,
2784 4137 2838 4182 et
2883 4127 3231 4182 sanctissimo
3270 4124 3635 4198 jurejurando

2053 4222 2330 4287 adactum,
2357 4237 2426 4277 ne
2466 4236 2704 4291 unquam
2749 4235 2976 4289 regnum
3009 4218 3291 4284 all‘ectare,
3323 4224 3420 4271 aut
3454 4217 3636 4271 censi-

2053 4316 2124 4371 lia
2181 4298 2377 4372 contra
2439 4315 2799 4384 imperatores
2863 4310 3004 4365 inire
3063 4309 3249 4374 vellet,
3307 4308 3633 4376 magistrum

2055 4405 2314 4476 appellat,
2339 4412 2394 4459 et
2418 4402 2672 4472 reliquiis
2701 4400 2987 4472 copiarum
3015 4398 3264 4471 praeﬁcit,
3290 4399 3634 4469 pecuniaque

2055 4498 2366 4554 liberaliter
2392 4494 2741 4566 suppeditata
2778 4501 2973 4548 contra
3004 4492 3258 4548 Sclerum
3295 4490 3486 4546 mittit.
3514 4490 3634 4558 Quo

363 4618 566 4672 γνωσιν
601 4601 831 4673 ἤνεγκε,
877 4604 978 4656 καὶ
1010 4601 1215 4672 μᾶλλον
1246 4603 1328 4655 ὅτι
1363 4601 1458 4655 καὶ
1480 4588 1946 4676 ἐθαλασσοκράτει

2058 4591 2148 4646 ille
2196 4589 2440 4661 cognito,
2484 4598 2600 4644 tum
2647 4587 2869 4642 demum
2904 4600 2964 4641 se
3014 4598 3201 4655 parem
3255 4582 3632 4639 adversarium

361 4697 389 4749 6
414 4695 754 4763 ἀποστάτης.
795 4694 989 4747 Στὸλον
1030 4690 1122 4749 οὖν
1147 4698 1175 4748 6
1227 4694 1730 4768 παρακοιμώμενος
1788 4697 1940 4751 ἐτοι-

366 4785 571 4855 μάσας,
623 4784 903 4852 ἐκπέμπει
952 4787 1099 4840 κατὰ
1131 4786 1225 4841 τοῦ
1266 4788 1455 4842 στόλου
1485 4787 1576 4841 τοῦ
1619 4786 1948 4854 ἀποστάτου,

362 4879 459 4934 καὶ
490 4877 807 4948 ναυμαχίας
838 4880 1169 4952 γενομένης.
1205 4881 1234 4934 6
1266 4882 1451 4944 στόλος
1493 4884 1520 4934 6
1569 4880 1665 4934 τοῦ
1702 4879 1948 4951 Σκληροῦ

365 4969 841 5039 κατεναυμαχήθη
869 4973 966 5025 κιιῦ⁹
995 4971 1365 5029 διεσκέδαστο.
1431 4973 1520 5035 Ὠς
1571 4972 1664 5028 οὖν
1748 4972 1948 5043 ἠρέμει

362 5064 429 5117 τὰ
455 5063 600 5118 κατὰ
622 5064 921 5128 θάλασσαν,
947 5067 1017 5120 τὰ
1051 5067 1194 5121 κατᾶ
1230 5067 1328 5133 τὴν
1356 5068 1587 5138 ἤπειρον
1612 5069 1638 5120 ὁ
1676 5083 1946 5134 παρακοι-

370 5155 624 5227 μώμενος
649 5156 937 5223 διετίθετο,
973 5158 1070 5212 καὶ
1098 5159 1190 5214 τὸν
1232 5158 1535 5230 Ἐρωτικδν
1590 5160 1671 5220 είς
1710 5157 1947 5212 Νίκαιαν

360 5247 581 5319 ἔπεμψε
609 5248 712 5318 τῆς
742 5249 998 5315 Βιθυνίας
1033 5251 1392 5323 μητρόπολιν,
1443 5253 1651 5321 ταύτην
1699 5251 1945 5322 φρουρή-

364 5337 590 5416 σοντα,ᾗ
616 5341 943 5412 προσϐαλὼν
961 5344 995 5397 6
1016 5345 1161 5412 Σκλη
1172 5345 1281 5415 ρδς,
1303 5343 1677 5415 ἀπεκρούσθη,
1693 5342 1787 5397 καὶ
1802 5343 1948 5413 λιμῷ

366 5435 490 5498 τοὺς
522 5436 581 5488 ἐν
613 5436 752 5507 αὐτῇ
781 5436 1076 5506 προδοῦναι
1104 5437 1309 5509 ταύτην
1347 5437 1598 5508 ἠλπίκει,
1633 5437 1726 5489 καὶ
1760 5435 1946 5505 μέντοι

364 5527 459 5582 καὶ
537 5529 972 5600 χρονοτριϐῆσας
1044 5532 1209 5595 ἐκεῖ,
1292 5531 1528 5602 σιτοδείᾳ
1602 5530 1728 5593 τοὺς
1802 5528 1948 5581 ἔνδον

368 5618 659 5683 πιέζεσθαι
693 5620 1133 5690 παρεσκεύασεν.
1171 5622 1359 5691 Ἔγνω
1403 5621 1497 5676 οὖν
1558 5623 1586 5675 6
1656 5620 1949 5690 Ἐρωτικὸς

370 5710 553 5782 ἀπάτῃ
581 5711 1118 5783 καταστρατηγῆσαι
1143 5712 1236 5766 τὸν
1277 5712 1546 5778 ἐναντίον,
1579 5713 1673 5765 καὶ
1709 5712 1836 5774 τοὺς
1864 5728 1948 5765 σι-

370 5800 544 5868 τῶνας
570 5803 806 5875 ψάμμου
835 5803 1148 5876 ἐπλήρωσε,
1196 5805 1292 5860 καὶ
1360 5804 1460 5876 τὴν
1522 5803 1752 5876 ψάμμον
1814 5803 1947 5875 σίτῳ

372 5891 673 5966 ίπέχωσεν,
703 5892 779 5958 ὡς
810 5893 992 5949 δοκεῖν
1021 5895 1109 5950 τὸν
1137 5896 1303 5967 δγκον
1352 5893 1568 5952 ἅπαντα
1601 5895 1747 5949 σῖτον
1779 5887 1946 5953 εῖναι.

2061 4684 2382 4739 habiturum
2431 4690 2605 4749 ratus,
2654 4680 2781 4735 inde
2820 4678 3152 4751 digreditur,
3186 4687 3240 4733 et
3285 4678 3430 4732 circa
3470 4675 3638 4731 Amo--

2060 4779 2202 4833 rium
2237 4791 2416 4847 pugna
2456 4773 2751 4831 commissa
2799 4771 3056 4843 superior
3086 4771 3290 4836 evadit,
3336 4768 3637 4840 prcﬂfgatis

2057 4870 2409 4929 adversariis.
2443 4867 2747 4924 Prostridie
2766 4865 2938 4922 duces
2966 4864 3310 4921 exercituum
3342 4864 3636 4919 decrevere

2057 4964 2316 5036 singulari
2376 4959 2676 5018 certamine
2715 4958 2997 5029 congredi,
3051 4957 3231 5027 deque
3278 4972 3493 5012 summa
3538 4972 3637 5010 re-

2059 5073 2179 5111 rum
2213 5054 2536 5111 decernere.
2569 5052 2791 5108 Sclerus
2820 5052 2994 5123 prior,
3031 5059 3093 5104 ut
3126 5049 3352 5119 quidam
3388 5050 3634 5110 tradam.

2058 5151 2267 5205 clavam
2296 5149 2350 5205 iu
2379 5148 2573 5203 Pbecae
2609 5155 2773 5216 caput
2795 5143 3025 5215 impegit
3059 5161 3072 5198 :
3110 5152 3170 5197 ut
3201 5143 3321 5207 alii,
3355 5158 3547 5198 ensem
3581 5141 3634 5196 in

2057 5256 2183 5296 eum
2212 5239 2455 5304 libravit,
2488 5240 2583 5310 qui
2618 5253 2742 5293 eum
2779 5238 2948 5293 ictum
2988 5235 3350 5301 declinasset,
3388 5245 3635 5305 extremo

2056 5355 2189 5395 ense
2227 5354 2416 5394 aurem
2465 5337 2593 5407 equi
2639 5338 2759 5408 ejus
2796 5336 3053 5391 resceuit.
3094 5336 3163 5390 At
3196 5335 3405 5390 Phocas
3445 5339 3633 5386 contra

2059 5434 2230 5491 Scleri
2260 5433 2425 5503 capiti
2456 5433 2662 5488 clavam
2693 5430 2768 5486 ita
2817 5429 2997 5494 illisit,
3031 5439 3091 5484 ut
3125 5429 3321 5483 oborta
3363 5425 3634 5494 vertigine

2059 5525 2113 5580 in
2147 5525 2278 5595 equi
2314 5522 2516 5578 collum
2545 5522 2862 5593 prolapsum
2894 5530 2953 5577 et
2981 5528 3335 5576 cruentatum
3363 5517 3633 5573 satellites

2057 5618 2357 5688 eriperent,
2400 5631 2465 5672 ae
2493 5615 2819 5671 destitutum
2864 5612 3081 5668 viribus
3122 5625 3265 5679 equo
3297 5609 3632 5679 depositum,

2058 5709 2324 5781 sanguine
2375 5706 2624 5763 absterso
2667 5706 2735 5761 ad
2780 5704 2989 5760 fontem
3040 5710 3374 5757 recrearent.
3417 5701 3632 5757 Interea

2059 5801 2181 5872 ejus
2202 5812 2401 5869 equus,
2441 5795 2573 5851 dum
2619 5795 2695 5851 illi
2725 5795 2828 5850 hac
2856 5807 2991 5848 cura
3013 5799 3382 5860 occupantur,
3412 5791 3635 5862 elapsus

2060 5891 2181 5962 ejus
2210 5886 2466 5946 manibus
2497 5901 2527 5942 a
2549 5902 2660 5959 quo
2703 5884 3015 5951 tenebatur,
3044 5880 3165 5939 sine
3193 5896 3417 5941 cessere
3444 5883 3506 5938 iu
3535 5896 3633 5938 ea-
