3978 6256
431 392 537 458 155

1724 383 2055 452 JOANNIS
2081 381 2413 451 ZONARE

3586 378 3703 449 156

429 518 546 567 sus,
581 510 766 558 tamen
796 510 1079 571 nunquam
1109 514 1221 555 non
1251 496 1509 557 discessit
1540 499 1793 566 inferior,
1821 501 2017 571 despe-

2121 498 2345 563 νιῶντες
2363 497 2447 567 τῷ
2472 493 2704 568 βασιλεῖ,
2761 493 2792 548 6
2852 493 2953 567 μέν
3017 493 3215 558 Quid;
3278 492 3363 548 δτι
3429 492 3584 566 αὐτῷ
3636 496 3705 549 αἱ

430 604 661 665 rataque
692 593 926 649 victoria
954 592 1025 647 ad
1052 589 1331 647 Romanos
1356 592 1450 662 qui
1479 592 1535 648 in
1561 591 1829 649 custodiis
1858 601 2016 649 erant

431 685 721 757 confugit:
754 683 956 755 quibus
999 698 1225 740 carcere
1265 682 1503 748 eductis.
1551 700 1678 741 cum
1723 682 1914 741 Sclero
1946 684 2016 741 de

432 776 651 831 ratione
695 773 922 846 gerendi
972 773 1102 828 belli
1136 773 1267 844 agit,
1302 775 1473 844 petita
1520 776 1681 832 venia
1717 775 1869 831 malae
1903 784 2017 830 tra-

434 865 711 929 ctationis,
739 864 832 935 qui
863 863 1140 934 principio
1174 865 1319 919 bello
1350 876 1626 933 recusato,
1674 866 1894 923 tandem
1922 866 2017 923 illo

435 964 663 1027 urgente
710 955 909 1010 annuit
939 971 954 1008 :
983 953 1079 1009 sed
1130 968 1196 1009 ea
1245 955 1583 1021 conditione,
1618 964 1678 1010 ut
1717 957 1863 1012 solos
1912 957 2019 1012 Ro-

434 1064 630 1104 manos
660 1049 715 1105 in
746 1050 919 1105 aciem
950 1049 1174 1105 educat.
1227 1049 1558 1105 CarceribUs
1588 1048 1754 1121 igitur
1798 1052 2017 1121 perqui-

434 1140 579 1203 sitis,
617 1141 685 1195 ad
723 1140 828 1195 tria
878 1139 1050 1194 millia
1104 1140 1480 1196 Romanorum
1532 1151 1663 1197 sunt
1693 1142 1936 1209 inventa,
1963 1155 2019 1200 et

433 1248 589 1288 arma
632 1235 714 1288 eis
743 1232 892 1299 data,
933 1232 1028 1303 qui
1079 1247 1203 1288 cum
1241 1232 1416 1287 Scleri
1453 1233 1624 1289 ductu
1657 1243 1713 1288 et
1757 1234 2020 1305 ausp'ciis

437 1325 631 1381 Persas
678 1324 965 1391 vicissent,
1014 1340 1118 1380 nee
1161 1325 1303 1395 ipsi,
1350 1340 1454 1380 nec
1488 1325 1581 1381 ille
1622 1326 1688 1381 ad
1733 1324 2019 1382 Chosroen

436 1416 779 1472 redeundum
808 1433 929 1473 esse
953 1425 1290 1482 statuerunt,
1325 1417 1485 1473 veriti
1514 1433 1583 1472 ne
1610 1418 1794 1473 denuo
1816 1435 1847 1473 a
1880 1419 2018 1474 Bar-

434 1509 570 1564 baro
601 1508 654 1563 in
682 1523 961 1564 carcerem
990 1508 1495 1580 compingerentur,
1537 1510 1841 1579 praesertim
1869 1520 2021 1566 tanto

433 1601 662 1657 virtutis
699 1616 813 1657 suae
840 1601 1144 1672 specimine
1193 1602 1365 1657 edito.
1400 1604 1470 1655 At
1496 1601 1771 1658 Cbosroes
1801 1602 1932 1657 dum
1964 1602 2019 1656 in

433 1691 617 1761 fugam
658 1690 856 1747 intenti
890 1701 1039 1754 sunt,
1075 1707 1327 1762 magnam
1363 1693 1583 1748 turbam
1610 1692 1676 1747 ad
1704 1708 1802 1748 eos
1829 1707 2019 1762 perse-

2119 590 2334 654 ἐλπίδες
2368 590 2664 661 ὑπέρρεον,
2688 586 2787 642 καὶ
2831 586 2894 641 τὸ
2949 584 3053 656 τῆς
3101 584 3424 656 παροιμίας,
3480 584 3577 638 ἐπὶ
3626 582 3709 637 τὰ

2118 681 2506 755 Μανδραϐόλου
2543 682 2655 750 (84)
2684 679 2928 752 ἐχώρουν
2964 695 2980 712 ο
3002 678 3053 732 oi
3082 673 3141 732 δέ
3163 678 3246 731 ὅτι
3324 675 3707 749 ὑπερηφάνως

2120 773 2304 837 αὐτοῖς
2325 772 2718 844 προσεφέρετο,
2746 770 2842 825 καὶ
2888 769 2989 824 οὐκ
3042 766 3323 824 ἐκοινώνει
3385 769 3539 838 σφίσι
3588 767 3711 822 τῶν

2122 864 2536 935 βουλευμάτων.
2570 865 2619 917 οί
2659 860 2715 917 δὲ
2747 864 2846 917 καὶ
2894 862 2963 916 δι’
2990 860 3287 933 ἐτεράττα,
3326 863 3384 915 ἐν
3416 860 3496 930 τῷ
3544 861 3708 930 Χαρ-

2120 956 2289 1028 σιανῷ
2328 954 2798 1029 συναθροίζονται,
2835 954 3021 1027 καὶτῷ
3043 954 3211 1025 Φωκᾷ
3241 952 3428 1025 Βάρδᾳ
3459 951 3712 1022 διάδημα

2118 1046 2460 1120 περιέθεντο,
2503 1050 2598 1103 καὶ
2630 1049 2731 1119 τῆς
2769 1046 3052 1113 βασιλείας
3078 1042 3345 1115 ἠξίωσαν,
3402 1045 3499 1099 καὶ
3543 1044 3573 1096 6
3599 1044 3712 1116 μὲν

2117 1143 2187 1198 τὰ
2215 1145 2316 1214 τῆς
2343 1143 2706 1208 ἀποστασίας,
2751 1139 2829 1206 ὼς
2854 1143 3039 1205 αὐτοῖς
3071 1139 3267 1207 ἐδόκει,
3292 1139 3354 1193 οὗ
3386 1133 3714 1193 διετίθεντο.

2126 1233 2197 1288 ⁸0
2243 1234 2301 1288 δέ
2350 1251 2415 1302 γε
2476 1233 2723 1303 Σκληρδς
2798 1235 2857 1286 ἐν
2925 1230 3207 1286 Βαϐυλῶνι
3274 1233 3716 1301 φρουρούμενος.

2119 1324 2462 1388 ἀνελπίστως
2512 1323 2772 1393 ἐξάγεται
2819 1324 2919 1393 τῆς
2964 1322 3232 1394 φρουρᾶς.
3263 1321 3375 1390 Τῆς
3428 1318 3538 1389 γὰρ
3594 1317 3718 1371 τῶν

2120 1418 2348 1489 Περσῶν
2384 1418 2560 1488 ἀρχῆς
2597 1416 3001 1486 καταλυθείσης
3037 1415 3145 1468 ὑπὸ
3207 1414 3319 1468 τῶν
3370 1411 3723 1482 Σαρακηνῶν

2119 1511 2260 1582 ἀνήρ
2286 1528 2369 1573 τις
2394 1510 2635 1580 Πέρσης,
2669 1511 2924 1581 Ἴναργος
2974 1508 3170 1578 ὄνομα,
3228 1506 3414 1573 λόγοις
3460 1518 3721 1574 παρακι-

2120 1603 2292 1671 νήσας
2314 1603 2376 1654 τδ
2408 1602 2706 1672 Περσικὸν,
2763 1600 2945 1655 πείθει
3002 1595 3387 1667 ἀποστατῆσαι
3427 1597 3530 1663 τῆς
3593 1596 3722 1647 τῶν

2119 1694 2459 1764 Σαρακηνῶν
2486 1694 2756 1759 δουλείας,
2793 1695 2888 1747 καὶ
2919 1693 3061 1748 ὅπλα
3085 1693 3325 1762 ἄρασθαι
3347 1691 3471 1742 κατ’
3498 1687 3720 1753 ain-«Iw,

434 1784 687 1855 quendos
721 1784 890 1840 mittit
918 1802 933 1838 :
964 1786 1061 1856 qui
1095 1785 1202 1841 etsi
1230 1800 1466 1840 numero
1491 1786 1653 1855 longe
1683 1784 2017 1855 superiores,

2122 1785 2289 1839 αὑτοῦ
2313 1785 2409 1839 τοῦ
2450 1787 2698 1855 ’ίνάργου
2731 1783 3167 1855 στρατηγοῦντος
3197 1782 3401 1837 αὐτῶν.
3437 1779 3722 1843 Πολλάκις

432 1878 730 1934 commisso
787 1877 1017 1948 praelia,
1074 1879 1367 1948 pauciores
1420 1888 1716 1934 evaserunt
1762 1878 1831 1934 iis
1883 1893 2019 1947 quos

2130 1875 2230 1944 μὲν
2255 1871 2349 1929 οῦν
2387 1876 2416 1928 6
2479 1872 2729 1946 Χοσρόης
2785 1877 2902 1938 τοῖς
2980 1875 3222 1944 Πέρσαις
3274 1869 3721 1942 ἀντηγωνίσατο,

432 1971 925 2041 persequebantur,
977 1970 1193 2027 caeteris
1227 1965 1306 2027 ibi
1349 1971 1723 2027 Romanorum
1760 1971 2016 2027 manibus

2121 1969 2453 2031 τοσαυτάκις
2476 1964 2522 2022 δ’
2550 1967 2786 2039 ἡττήθη,
2811 1966 3003 2030 ὁσάκις
3050 1966 3205 2035 σφίσι
3256 1963 3584 2035 προσέμιξε,
3614 1964 3720 2014 καὶ

429 2061 762 2119 interfectis.

2121 2062 2397 2131 ἀπογνοὺς
2436 2063 2572 2131 πρὸς
2599 2065 2727 2125 τοὺς
2758 2056 3112 2132 ἐμφρούρους
3152 2052 3498 2128 καταφεύγει
3572 2055 3719 2107 Ῥω-

435 2155 653 2227 μαίους,
687 2157 780 2208 καὶ
805 2154 990 2225 ἀνίησι
1025 2156 1127 2225 μὶν
1157 2154 1357 2219 αὐτοὺς
1422 2154 1525 2224 τῆς
1596 2150 1846 2224 εἱρκτῆς,
1924 2152 2235 2224 διαλέγεται
2303 2155 2359 2210 δὲ
2430 2154 2509 2226 τῷ
2575 2153 2807 2224 Σκληρῷ
2851 2153 2985 2225 περὶ
3029 2151 3125 2208 τοῦ
3176 2151 3440 2221 πολέμου,
3485 2147 3583 2202 καὶ
3636 2147 3723 2218 μὴ

432 2250 849 2320 μνησικακῆσαι
879 2250 977 2320 τῆς
1019 2250 1319 2314 κακώσεως
1382 2249 1534 2320 αὖτῷ
1608 2248 1772 2315 ἀξιοῖ.
1830 2248 1889 2305 '0
1944 2246 2000 2303 δὲ
2037 2248 2305 2320 πρότερον
2373 2249 2473 2319 μέν
2540 2247 2847 2321 παρῃτεῖτο
2880 2246 2977 2301 τὸν
3028 2247 3295 2314 πόλεμον,
3358 2238 3461 2298 εῖτ⁹
3517 2243 3720 2311 ἐγκει-

435 2341 596 2411 μένου
617 2341 711 2393 τοῦ
740 2341 1105 2404 Βαϐυλωνίου,
1140 2341 1435 2397 κατανεύει
1484 2343 1606 2413 μέν,
1668 2344 1768 2396 σὺν
1835 2343 2019 2413 μόνοις
2059 2343 2117 2396 δέ
2189 2344 2304 2406 τοῖς
2376 2340 2673 2412 Ῥωμαίοις
2704 2341 2977 2411 ὑπέσχετο
3014 2338 3106 2393 τὸν
3150 2339 3389 2409 πόλεμον
3429 2333 3716 2389 ὑπελθεῖν.

443 2436 784 2506 Ἦρευνῶντο
810 2439 996 2493 τοίνυν
1027 2439 1096 2494 τὰ
1157 2440 1538 2513 δεσμωτήρια,
1617 2441 1711 2494 καὶ
1766 2440 1882 2494 ὅσοι
1950 2439 2184 2511 εὕρηντο
2247 2441 2304 2494 ἐν
2364 2438 2552 2503 αὐτοῖς
2624 2439 2908 2509 Ῥωμαῖοι,
2938 2438 3200 2507 ἐξήγοντο
3228 2437 3325 2490 καὶ
3375 2433 3716 2496 ὡπλίζοντο,

430 2532 526 2587 καὶ
553 2532 686 2586 ὡσεὶ
717 2533 1007 2604 τρισχίλιοι
1037 2535 1532 2607 συνηθροίσθησαν,
1589 2534 1685 2599 οὓς
1777 2533 2132 2606 παρειληᾷυς
2219 2534 2248 2588 6
2311 2534 2553 2606 Σκληρὸς
2604 2532 2854 2605 ἐχώρησε
2906 2534 3052 2587 κατὰ
3137 2530 3248 2583 τῶν
3301 2527 3555 2596 Περσῶν,
3616 2525 3721 2578 καὶ

434 2625 728 2696 συμϐαλὼν
758 2629 884 2698 νικᾷ
915 2645 928 2659 ο
958 2624 1251 2697 ἀναζεῦξαι
1283 2630 1340 2685 δέ
1369 2631 1506 2700 πρὸς
1536 2629 1629 2684 τὸν
1664 2628 1911 2699 Χοσρόην
1944 2623 2127 2682 οὐκέτ’
2153 2627 2367 2697 ἔκρινεν
2401 2628 2512 2682 οὔτ’
2540 2629 2701 2692 αὐτὸς
2739 2628 2917 2682 οῦθ⁹οί
2952 2645 3053 2697 μετ
3103 2626 3296 2680 αὐτοῦ.
3336 2623 3720 2678 Ἐδεδοίκεσα)

431 2721 544 2790 γὰρ
578 2720 653 2790 μὴ
675 2720 769 2775 καὶ
798 2715 955 2786 αὖθις
992 2722 1192 2786 αὐτοὺς
1220 2722 1502 2793 καθείρξει
1533 2723 1561 2777 6
1626 2722 1927 2794 βάρϐαρος,
1988 2720 2085 2773 καὶ
2129 2721 2330 2790 μᾶλλον
2352 2721 2441 2774 ὅτι
2463 2722 2521 2774 ἐν
2540 2721 2705 2790 πείρᾳ
2734 2721 2926 2788 γέγονε
2949 2719 3049 2790 τῆς
3088 2716 3270 2773 αὐτῶν
3298 2717 3715 2785 γενναιότητος.

434 2810 662 2882 Εἵχοντο
731 2812 864 2883 γοῦν
915 2814 1015 2883 τῆς
1079 2814 1278 2884 φυγῆς,
1332 2811 1428 2868 καὶ
1486 2816 1515 2868 6
1587 2814 1839 2885 Χοσρόης
1889 2810 2095 2882 πλῆθος
2130 2814 2212 2877 είς
2276 2810 2455 2866 αὖτῶν
2512 2812 2792 2878 ἐπιδίωξιν
2836 2811 3067 2882 ἔστειλε,
3136 2809 3238 2864 καὶ
3308 2811 3360 2864 οί
3420 2808 3717 2870 σταλέντες

434 2904 833 2975 κατειληφότες
899 2906 1027 2969 τοὺς
1079 2905 1404 2975 φεύγοντας,
1450 2909 1681 2962 ἐκείνων
1738 2908 2080 2978 ὖπάρχοντες
2127 2906 2541 2972 πολλαπλάσιοι,
2591 2905 2781 2975 μείους
2829 2904 2940 2959 τῶν
3023 2905 3341 2975 φευγόντων
3401 2902 3719 2973 ἀποδρᾶναι

408 2992 745 3063 .δεδύνηντο,
774 2995 882 3048 τῶν
912 2992 1089 3049 ἄλλων
1119 2996 1239 3051 ἐκεῖ
1271 2995 1569 3062 πεσόντων,
1614 2998 1712 3052 κει)⁵
1751 2997 2091 3069 Ῥωμαϊκαῖς
2116 2997 2399 3068 δαμέντων
2431 2997 2643 3069 χερσίν.

505 3088 620 3143 VII.
653 3087 875 3146 Sch-rus
916 3091 1086 3159 igitur
1134 3107 1260 3148 cum
1309 3094 1425 3149 suis
1457 3093 1830 3149 Romanorum
1886 3092 2019 3148 lines

2199 3096 2274 3147 Z'.
2328 3093 2386 3148 '0
2413 3094 2513 3163 μὲν
2543 3092 2636 3147 οῦν
2666 3087 2912 3163 Σκληρδς
2941 3092 3035 3147 καὶ
3070 3092 3122 3145 οί
3148 3093 3251 3146 σὺν
3299 3090 3451 3162 αὐτῷ
3506 3094 3592 3157 είς
3639 3092 3716 3147 τά

435 3177 755 3250 ingressus,
810 3181 878 3236 ad
933 3182 1171 3239 Phocam
1225 3184 1383 3254 221
1443 3200 1501 3239 se
1551 3186 1796 3251 confert,
1852 3201 2015 3256 quem

434 3285 664 3341 regnum
743 3284 993 3343 spectare
1046 3291 1111 3331 ac
1163 3278 1507 3349 tyrannidem
1565 3280 1674 3350 jam
1731 3275 2021 3334 a'ﬂ‘ectasse

437 3373 719 3436 cognorat,
770 3375 827 3421 et
875 3366 1002 3423 belli
1051 3376 1105 3422 et
1154 3368 1368 3439 imperii
1405 3370 1591 3426 socius
1643 3370 1881 3427 futurus.
1925 3364 2022 3426 Ille

434 3456 754 3513 Societatem
789 3460 1098 3529 amplexus,
1126 3461 1170 3515 si
1200 3471 1451 3516 votorum
1487 3474 1771 3534 compotes
1803 3465 2019 3527 tierent,

436 3546 542 3601 sibi
587 3549 783 3604 urbem
829 3551 1234 3620 imperatoriam
1262 3562 1317 3610 et
1344 3555 1643 3624 plurimum
1679 3559 1925 3628 gentium
1957 3574 2022 3614 ac

439 3638 848 3705 provinciarum
897 3643 1192 3713 imperium
1264 3647 1507 3703 vindicat
1541 3669 1553 3704 :
1586 3649 1774 3705 Sclero
1827 3650 2021 3704 Antio-

436 3728 643 3795 chiam,
680 3730 1055 3804 Coelesyriam,
1105 3737 1470 3804 Phteniciam,
1512 3738 1880 3807 Palaestinam,
1913 3741 2025 3796 Me-

434 3824 797 3889 sopotamiam
844 3835 900 3878 et
943 3825 1237 3898 :Egyptum
1301 3831 1580 3894 attribuit,
1634 3847 1810 3902 eaque
1866 3841 2023 3901 pacta

427 3910 792 3980 jurejurando
839 3917 1039 3972 sancit.
1080 3916 1200 3983 Quo
1254 3919 1479 3977 Sclerus
1536 3923 1731 3987 frctus,
1780 3938 1904 3978 cum
1951 3923 2021 3979 ad

436 4000 589 4057 illum
636 4020 695 4059 se
744 4009 1097 4075 contuliscet,
1143 4026 1209 4065 ac
1248 4013 1360 4081 jam
1417 4014 1558 4068 intra
1617 4031 1801 4071 casses
1849 4026 2017 4083 esset,

438 4095 673 4162 primum
706 4098 894 4155 habitu
933 4103 1081 4169 regio
1120 4104 1386 4171 privatur,
1430 4105 1628 4162 deinde
1658 4109 1710 4161 in
1742 4124 2020 4167 carcerem

438 4188 687 4257 conjecto
717 4193 964 4251 cuSIoJEa
994 4195 1292 4251 adhibetur
1317 4214 1331 4250 :
1361 4208 1415 4252 et
1437 4199 1610 4267 copiis
1640 4201 1787 4257 illius
1810 4204 2018 4271 ascitis,

435 4282 648 4338 Phoeas
686 4289 1029 4357 tyrannidem
1061 4305 1213 4344 suam
1248 4290 1448 4348 ﬁrmat.
1483 4292 1773 4349 Enimvero
1803 4294 2021 4352 Sclerus

435 4376 751 4445 priusquam
810 4380 878 4433 ab
937 4381 1032 4434 illo
1085 4384 1670 4451 comprehenderetur,
1723 4398 1778 4441 ut
1831 4389 1876 4443 si
1931 4406 2018 4446 res

440 4467 577 4518 male
613 4469 888 4531 cessisset.
929 4482 1209 4540 receptum
1239 4475 1478 4542 aliquem
1507 4476 1739 4533 haberet
1770 4495 1833 4535 ac
1863 4496 2017 4550 spem

436 4557 649 4620 salutis,
701 4573 921 4615 curarat
957 4572 1016 4615 ut
1048 4564 1191 4620 tilius
1222 4580 1357 4621 suus
1403 4564 1715 4635 Romanus,
1764 4572 1902 4626 clarn
1934 4588 2022 4626 ar-

441 4659 591 4718 rel'ta
643 4652 788 4723 fuga,
832 4655 898 4708 ad
936 4655 1324 4725 imperatorem
1363 4661 1642 4730 deticerct,
1675 4682 1701 4719 a
1740 4681 1850 4735 quo
1893 4682 2017 4721 cum

436 4745 638 4811 gaudio
687 4757 947 4816 exceptus
981 4757 1084 4816 est,
1118 4759 1174 4805 et
1206 4754 1389 4807 statim
1452 4757 1709 4827 magister
1766 4759 2022 4829 designa-

439 4843 545 4889 tus.
599 4838 812 4893 Phocas
858 4855 1041 4895 autem
1094 4843 1358 4913 Delphina
1408 4849 1638 4917 patricio
1685 4865 1809 4904 cum
1866 4860 2017 4919 parte

437 4929 717 4995 Copiarum
765 4930 1169 5006 Chrysopolim,
1221 4956 1343 5006 quae
1395 4949 1479 4996 est
1523 4957 1553 4997 e
1602 4944 1822 5012 regione
1868 4942 2022 4997 urbis

439 5019 621 5085 τεὲῖίῐεο
669 5023 861 5090 misse,
912 5025 1024 5095 ipse
1056 5043 1179 5082 eum
1216 5031 1428 5100 reliquo
1472 5032 1716 5087 exercitu
1771 5032 2020 5101 Abydum

439 5108 826 5175 proficiscitur.
873 5110 1183 5183 Imperator
1232 5135 1361 5172 vero
1402 5120 1722 5188 Delphinam
1748 5118 1815 5171 ad
1847 5118 2024 5188 Chry-

436 5200 667 5267 sopolim
715 5216 1183 5268 castrametatum,
1224 5210 1408 5263 subito
1438 5226 1562 5264 cum
1604 5211 1835 5264 Russico
1864 5225 2025 5264 exer-

436 5290 551 5344 citu
583 5291 810 5347 adortus
851 5297 996 5366 (nam
1044 5314 1168 5353 cum
1209 5300 1525 5356 Uladimero
1564 5301 1759 5355 ducem
1804 5317 2022 5367 eorum,

436 5398 626 5438 sorore
686 5387 839 5441 Anna
895 5388 1058 5446 ducta
1090 5431 1102 5451 ,
1163 5392 1483 5446 atiinitatem
1533 5394 1811 5461 iunxerat,
1859 5403 2024 5463 atque

434 5475 637 5528 auxilia
672 5476 795 5533 inde
827 5482 1200 5548 accersierat),
1235 5483 1487 5538 hostibus
1522 5483 1679 5538 facile
1725 5484 2025 5553 superatis,

2135 3187 2426 3257 Ῥωμαίων
2451 3186 2721 3257 ἐπανεληλ
2735 3186 2934 3240 ύθεσαν
2967 3189 3114 3258 ὅρια.
3156 3184 3363 3242 Μαθὼν
3408 3187 3467 3241 δέ
3496 3187 3715 3241 καὶτὸν

2120 3278 2313 3333 Φωκᾶν
2342 3279 2445 3348 ἢδη
2470 3279 2835 3349 βασιλειῶντα
2864 3279 2958 3333 καὶ
2994 3274 3315 3348 τυραννίδος
3357 3277 3699 3347 ἀρξάμενον,

2121 3370 2478 3424 ἅπονενεύκει
2514 3366 2648 3442 πρὸς
2684 3372 2776 3423 τὸν
2795 3370 3015 3437 Φωκάν,
3051 3370 3309 3430 κοινωνὸς
3330 3368 3502 3433 ἀξιῶν
3557 3365 3704 3423 εἶναι

2123 3465 2217 3520 καὶ
2241 3462 2336 3517 τοῦ
2368 3460 2611 3535 πολέμου
2634 3464 2730 3518 καὶ
2761 3463 2861 3533 τῆς
2898 3458 3179 3533 βασιλείας
3205 3462 3394 3531 αὐτῆς.
3441 3462 3499 3515 ὐ
3525 3462 3583 3516 δὲ
3610 3463 3714 3532 τὴν

2122 3557 2519 3628 κοινοπραγίαν
2551 3558 2793 3624 ἐδέξατο,
2841 3560 2938 3613 καὶ
2971 3560 3019 3613 εί
3049 3558 3160 3613 τῶν
3202 3557 3445 3628 ἐφέσεων
3470 3559 3710 3631 τύχοιεν,

2123 3648 2303 3721 ἑαυτῷ
2349 3650 2450 3719 μὲν
2499 3649 2600 3720 τὴν
2630 3649 2880 3719 βασιλίδα
2922 3650 3032 3704 τῶν
3072 3650 3281 3705 πόλεων
3313 3651 3583 3723 ἀπένειμε
3616 3654 3716 3705 καὶ

2120 3741 2230 3794 τῶν
2285 3740 2548 3795 πλειόνων
2592 3740 2760 3795 ἐθνῶν
2791 3742 2886 3796 καὶ
2932 3743 3131 3815 χωρῶν
3160 3748 3220 3796 τὸ
3264 3743 3465 3814 κράτος
3488 3760 3506 3776 θ
3542 3743 3621 3813 τῷ
3651 3744 3713 3797 δὲ

2124 3831 2357 3904 Σκληρῷ
2389 3833 2769 3904 προσεκλήρου
2800 3833 2899 3904 τὴν
2935 3834 3289 3906 Ἀντιόχειαν,
3329 3836 3432 3905 τήν
3479 3853 3541 3889 τε
3575 3836 3711 3891 Κοί-

2122 3924 2223 3995 λην
2270 3924 2494 3997 Συρίαν,
2559 3926 2654 3979 καὶ
2698 3926 2977 3996 Φοινίκην,
3022 3928 3118 3981 καὶ
3175 3927 3574 3998 Παλαιστίνην,
3608 3927 3709 3981 καὶ

2123 4017 2580 4087 Μεσοποταμίαν,
2626 4018 2722 4071 καὶ
2767 4016 3072 4096 Αίγυπτον,
3129 4019 3224 4073 καὶ
3280 4020 3380 4082 τὰς
3431 4020 3709 4089 συνθήκας

2122 4109 2306 4177 ὅρκοις
2340 4108 2620 4179 καθιερῶν
2650 4110 3065 4182 ἐμπεπέδωκεν.
3105 4111 3230 4164 Ἐπὶ
3262 4111 3473 4174 τούτοις
3494 4111 3703 4182 τεθαρσ

2126 4200 2308 4273 ρηκὼς
2342 4203 2370 4255 6
2415 4201 2679 4272 Σκληρδς,
2725 4201 2977 4273 πρόσεισι
3026 4202 3105 4274 τῷ
3151 4203 3335 4275 Φωκᾷ.
3380 4203 3440 4257 Ὅ
3482 4203 3530 4257 δ’
3556 4206 3707 4267 ἐντδς

2121 4294 2343 4363 ἀρκύων
2392 4293 2584 4347 τοῦτον
2631 4294 2838 4359 λαϐὼν,
2894 4297 3213 4367 ἀφαιρεῖται
3275 4297 3374 4365 μὲν
3423 4296 3594 4351 αὐτοῦ
3642 4298 3706 4349 τδ

2125 4382 2311 4451 σχῆμα
2335 4381 2399 4452 δὴ
2422 4382 2484 4434 τὸ
2517 4382 2815 4452 βασίλειον,
2847 4383 3206 4454 καθείργνυσι
3241 4384 3319 4451 δὲ,
3347 4385 3441 4438 καὶ
3461 4383 3708 4454 φρουρὰν

2130 4473 2296 4544 ἀὐτῷ
2319 4474 2683 4546 περιίστησιν.
2701 4473 2820 4543 Ὑφ’
2849 4475 3041 4528 ἑαυτὸν
3067 4475 3123 4528 δὲ
3150 4475 3244 4529 καὶ
3261 4475 3359 4546 τὴν
3385 4477 3483 4529 σὺν
3514 4448 3734 4565 ἐκείνῳξ

2125 4564 2387 4634 στρατιὰν
2422 4565 2809 4635 ποιησάμενος,
2837 4566 2932 4619 τοῦ
2963 4566 3312 4636 τυραννεύειν
3351 4567 3533 4637 εἴχετο
3576 4564 3727 4635 κραοζ

2114 4656 2431 4726 ταιότερον.-
2448 4656 2507 4709 Ὀ
2528 4656 2711 4726 μέντοι
2731 4658 2871 4726 Σκλη
2881 4659 2991 4727 ρδς,
3011 4657 3495 4728 προμηθευόμενος
3517 4660 3544 4712 ἑ
3561 4646 3726 4727 αυτῷ

2116 4743 2255 4812 πρὸς
2291 4743 2352 4796 τὸ
2408 4742 2604 4812 μέλλον
2642 4742 2702 4808 ἐξ
2751 4746 3055 4815 ἀποτυχίας
3102 4745 3382 4817 σωτηρίαν
3415 4745 3562 4810 τινὰ,
3606 4748 3708 4819 πρὸ

2113 4838 2209 4892 τοῦ
2251 4837 2656 4911 κατασχεθῆναι
2689 4840 2827 4912 πρὸς
2860 4841 2955 4894 τοῦ
2990 4843 3173 4908 Φωκᾶ,
3206 4841 3298 4895 τὸν
3326 4842 3445 4895 υίὸν
3480 4843 3704 4911 Ῥωμαι

2125 4929 2216 4985 νὺν
2259 4929 2436 5000 λάθρα
2470 4935 2659 5000 φυγεῖν
2691 4933 3127 5004 παρεσκεύασεν,
3184 4933 3258 4996 ὡς
3299 4933 3706 5003 αὐτομολοῦντα

2127 5021 2208 5091 τῷ
2238 5022 2469 5092 βασιλεῖ,
2504 5023 2562 5086 ὃς
2594 5026 2689 5078 καὶ
2718 5024 3037 5097 περιχαρῶς
3069 5025 3221 5094 παρὰ
3246 5024 3340 5077 τοῦ
3373 5026 3705 5094 κρατοῦντος

2123 5114 2341 5184 ἐδέχθη,
2388 5118 2485 5169 καὶ
2529 5117 2832 5187 μὰγιστρος
2878 5119 3114 5188 ἐτιμήθη
3163 5116 3350 5181 εὐθύς.
3414 5115 3477 5172 ’0
3511 5120 3703 5183 Φωκᾶς

2122 5206 2199 5272 δὲ,
2238 5208 2550 5277 ἁπόμοιράν
2594 5227 2720 5263 τινα
2745 5210 2843 5279 τῆς
2875 5213 3134 5280 στρατιᾶς
3166 5210 3271 5263 ὐπδ
3302 5211 3393 5264 τὸν
3416 5214 3704 5282 πατρίκιον

2120 5296 2292 5361 τάξας
2328 5296 2418 5350 τὸν
2450 5299 2740 5367 Δελφινᾶν,
2780 5302 2863 5362 είς
2899 5299 2998 5371 τὴν
3043 5301 3270 5371 ἀντικρὺ
3302 5301 3401 5370 τῆς
3435 5301 3701 5370 βασιλίδος

2123 5388 2398 5459 ἐκπέμπει
2420 5391 2784 5460 Χρυσόπολιν,
2806 5392 2967 5455 αὐτὸς
2996 5393 3051 5445 δὲ
3078 5394 3174 5446 σὺν
3196 5397 3261 5463 τῇ
3279 5394 3446 5464 λοιπῇ
3473 5394 3701 5464 δυνάμει

2123 5479 2350 5549 ἀφίκετο
2409 5483 2547 5555 πρὸς
2607 5485 2705 5553 τὴν
2760 5485 3012 5540 Ἀϐυδον.
3066 5486 3157 5556 Τῷ
3222 5488 3411 5557 μέντοι
3471 5488 3699 5560 Δελφινᾷ

1617 5619 1821 5681 Varim
1852 5619 2157 5683 lectiones
2199 5628 2262 5684 et
2308 5629 2499 5687 notae.

511 5760 620 5829 (Si)
851 5765 919 5819 τὰ
967 5766 1416 5833 .lIm-E’graa'ulov.
1459 5766 1595 5821 Vide
1643 5767 2006 5837 Apostolium,

2121 5770 2299 5825 nturia
2339 5772 2391 5838 8,
2428 5788 2481 5829 ιι.
2522 5773 2612 5840 9'5,
2649 5782 2710 5829 et
2779 5776 3120 5832 Maussaeum
3168 5777 3238 5833 ad
3311 5775 3689 5849 liarpocratie.

441 5845 585 5893 llt‘lll,
618 5848 666 5898 ει.
713 5835 828 5888 1-".8.
