3978 6256
496 280 601 348 103

1779 267 2105 331 JOANNIS
2139 265 2467 330 ZONARJE

3661 266 3765 334 16$

498 404 800 473 imperator
819 415 849 455 ιι
875 395 1161 470 proposito
1187 407 1295 449 non
1320 390 1632 449 recedebat.
1665 389 1803 443 Nam
1828 397 2070 457 tempore

2176 386 2284 438 τῶν
2331 384 2659 455 Βουλγάρων
2709 384 3012 440 ἀπώλοντο.
3063 386 3121 439 Ὀ
3165 384 3222 438 δὲ
3253 385 3507 456 Σαμουὴλ
3553 385 3767 458 διέδρα,

492 508 557 549 ac
606 502 685 547 tot
715 491 963 547 victoriis
995 489 1192 552 elatus,
1226 485 1553 540 insolentem
1599 496 1657 537 se
1702 495 1829 549 erga
1875 491 2069 533 omnes

492 583 727 652 praebuit
769 600 782 635 :
829 597 892 635 ac
941 578 1181 633 subditis
1239 574 1602 630 formidabilis
1646 586 1809 641 quam
1868 568 2069 623 charus

490 689 612 727 esse
662 672 852 726 maluit
887 688 903 728 :
939 684 1120 739 neque
1166 667 1316 722 cives
1356 680 1534 735 neque
1586 662 1790 716 milites
1835 674 1935 729 pro
1984 675 2069 712 re-

492 774 649 833 cepta
698 761 1131 822 consuetudine,
1167 773 1331 828 quam
1377 766 1432 811 et
1466 754 1853 827 legumlatorcs
1899 751 2070 803 instar

492 856 628 925 legis
657 854 858 908 habere
901 851 1288 922 pronuntiant,
1319 848 1415 903 sed
1444 864 1546 902 suo
1585 845 1797 917 judicio
1826 852 1882 897 et
1926 842 2071 895 arbi-

493 956 636 999 tratu
670 954 902 999 tractare
957 944 1152 996 voluit.
1189 939 1425 996 Proinde
1456 939 1660 993 nullam
1685 935 1844 1007 225
1877 934 2069 987 docto—

493 1052 613 1087 rum
640 1034 883 1087 virorum
915 1033 1182 1086 rationem
1204 1031 1425 1091 habuit,
1453 1030 1735 1099 ipsamque
1762 1024 2068 1079 doctrinam

493 1138 608 1175 rem
664 1123 914 1175 inutilem
958 1130 1015 1175 et
1060 1132 1527 1189 supervacaneam
1571 1116 1877 1186 judicans:
1921 1112 2071 1165 viros

491 1228 671 1283 neque
701 1229 900 1283 genere
936 1226 1039 1266 nec
1080 1211 1393 1265 eruditione
1420 1209 1599 1262 claros
1628 1215 1682 1262 et
1720 1205 1789 1259 ab
1823 1203 2071 1272 epistolis

490 1316 546 1358 et
579 1321 607 1359 a
644 1305 890 1359 consiliis
937 1303 1149 1369 habuit,
1202 1303 1404 1373 quibus
1459 1302 1673 1355 litteras
1724 1296 2070 1367 simpliciter,

491 1397 748 1466 nullaque
779 1412 902 1452 cum
933 1411 1065 1450 cura
1103 1394 1349 1453 dictavit.
1391 1393 1495 1447 Sed
1526 1400 1578 1447 et
1624 1391 1813 1446 ﬁscum
1848 1391 2070 1445 obstru-

492 1488 594 1541 (:tis
630 1487 839 1540 foribus
868 1486 1098 1555 pecunia
1143 1487 1383 1545 refersit.
1427 1485 1623 1539 Fertur
1650 1484 1798 1539 enim
1833 1482 2071 1535 ducenta

492 1579 661 1632 millia
698 1579 962 1631 talentum
1010 1579 1127 1631 auri
1178 1577 1233 1630 in
1284 1578 1559 1635 thesauris
1606 1574 1883 1628 habuisse.
1934 1572 2069 1626 Nam

492 1670 720 1724 alterius
752 1672 996 1739 pecunia:
1020 1671 1205 1724 nullus
1233 1669 1357 1725 iniri
1396 1684 1661 1722 numerus
1697 1676 1897 1737 potest,
1932 1666 2069 1720 adeo

2178 481 2280 548 τῆς
2305 477 2499 530 τούτου
2527 477 2733 546 σκηνῆς
2753 477 2966 548 καὶτῆς
2991 479 3347 549 παρεμϐολῆς
3374 478 3594 548 ἀπάσης
3618 480 3772 549 διαρ-

2179 570 2475 640 παγεῖσης.
2517 570 2626 622 Καὶ
2659 571 2757 641 τὴν
2794 570 2950 624 πόλιν
2996 570 3052 623 δὲ
3104 571 3212 623 τῶν
3250 572 3501 624 Σκοπίων
3538 573 3568 625 ὁ
3610 572 3766 643 βασι-

2177 660 2307 724 λεὺς
2357 660 2716 731 παρειλήφει,
2774 661 3023 715 δοθεῖσαν
3083 662 3231 730 αὐτῷ
3268 664 3419 731 παρὰ
3475 661 3768 731 Ῥωμανοῦ

2175 752 2271 804 τοῦ
2311 752 2430 803 υἱοῦ
2467 753 2674 821 Πέτρου
2717 752 2811 803 τοῦ
2860 751 3125 821 ἄρξαντος
3159 752 3267 804 τῶν
3291 751 3665 821 Βουλγάρων,
3723 745 3772 820 ᾧ

2180 844 2213 914 ἡ
2242 844 2448 912 ταύτης
2487 843 2580 911 cui
2595 843 2704 912 ακὴ
2730 845 2881 913 παρὰ
2912 843 3004 895 τοῦ
3041 844 3296 914 Σαμουὴλ
3337 846 3767 913 ὲμπεπίστευτο.

2180 933 2313 989 Εἶτα
2346 936 2423 999 είς
2452 938 2552 1005 τὴν
2585 936 3006 990 Κωνσταντίνου
3044 935 3381 1005 ἐπανελθὼν,
3432 939 3765 1007 ἐδογμάτισε

2175 1030 2275 1090 τὰς
2308 1028 2418 1080 τῶν
2448 1029 2808 1082 ἀπολωλότων
2846 1030 3120 1082 ταπεινῶν
3155 1031 3466 1094 συντελείας
3501 1033 3771 1104 εἰσπράτ-

2177 1120 2364 1174 τεσθαι
2396 1123 2457 1171 ἐκ
2483 1121 2588 1173 τῶν
2627 1121 2869 1174 δυνατῶν
2892 1139 2907 1154 ο
2942 1122 3103 1175 τοῦτο
3135 1123 3189 1175 δὲ
3218 1123 3424 1195 ἐκλήθη
3459 1123 3760 1191 ’Λλληλέγ-

2186 1229 2340 1281 γυον.
2386 1213 2606 1265 Πολλῶν
2636 1214 2693 1267 δὲ
2739 1217 2868 1283 περὶ
2906 1213 3099 1267 τοὺτου
3136 1215 3438 1285 δεηθέντων
3474 1218 3568 1270 καὶ
3600 1215 3767 1269 αὐτοῦ

2182 1305 2278 1358 τοῦ
2334 1305 2683 1377 Πατριάρχου
2737 1307 2988 1377 Σεργίου,
3035 1307 3109 1371 ὡς
3170 1307 3238 1361 ἂν
3297 1310 3330 1377 ὴ
3386 1309 3572 1371 ἄδικος
3624 1307 3767 1378 αὕτη

2182 1396 2562 1466 excidam-uati
2616 1398 2923 1465 παράλογος
2974 1398 3282 1466 εῖσπραξις,
3334 1395 3401 1471 ἦν
3439 1404 3465 1452 ὁ
3505 1400 3762 1470 βασιλεὺς

2180 1488 2604 1557 ἀμετάπειστος.
2640 1490 2729 1557 Τῷ
2756 1492 2932 1561 χρόνῳ
2959 1492 3067 1560 γὰρ
3099 1493 3192 1544 xzti
3213 1495 3334 1555 ταῖς
3386 1494 3568 1557 νίκαις
3589 1495 3766 1548 ἁπάν-

2177 1596 2288 1634 των
2319 1582 2711 1653 κατεπαρθεὶς,
2749 1586 3116 1655 ὑπεροπτικδς
3168 1586 3308 1655 πρὸς
3364 1587 3574 1648 ⁴πάντας
3622 1587 3763 1640 ἐδεί-

2185 1687 2371 1739 κνυτο,
2406 1672 2498 1725 καὶ
2530 1674 2629 1726 ούκ
2676 1676 2881 1729 εὐνοεῖν
2914 1676 3086 1744 αύτῷ,
3132 1676 3416 1742 φοϐεῖσθαι
3440 1676 3486 1729 δ’
3510 1676 3765 1732 ἐϐούλετο

495 1769 556 1813 ut
594 1763 946 1816 cunclavibus
978 1761 1223 1830 repletis,
1257 1776 1376 1816 eam
1409 1769 1568 1815 terrae
1616 1758 1927 1819 mandarit,
1975 1772 2070 1810 an-

2176 1762 2239 1815 τὸ
2267 1764 2529 1834 ὑπήκοον,
2560 1766 2653 1817 καὶ
2678 1765 2736 1815 τό
2766 1782 2824 1816 τε
2849 1772 3240 1836 στρατιωτικὸν
3271 1768 3330 1819 τό
3359 1785 3418 1819 τε
3458 1770 3760 1833 πολιτικὸν,

492 1852 761 1908 fractibus
820 1854 991 1908 instar
1052 1854 1494 1925 labyrinthorum
1546 1851 1761 1907 effossis
1807 1869 1820 1902 :
1871 1849 1966 1904 sed
2019 1859 2075 1902 et

494 1944 717 1999 cistella:
742 1945 914 2013 plena:
943 1955 1101 1998 erant
1133 1946 1364 2015 gemmis
1394 1960 1517 1998 cum
1565 1944 1690 1998 aliis
1721 1952 1833 1998 tum
1879 1941 2071 1999 candi-

495 2034 582 2087 dis
614 2035 742 2099 illis,
767 2052 887 2104 quae
919 2037 1182 2102 peculiari
1212 2038 1433 2091 nomine
1459 2036 1766 2106 margaritze
1790 2034 2072 2089 dicuntur.

492 2123 683 2193 Neque
717 2141 847 2180 vero
898 2129 966 2180 iis
1002 2129 1290 2194 utebatur,
1323 2129 1513 2199 paucis
1542 2127 1784 2196 exceptis
1828 2125 1896 2180 ad
1936 2124 2073 2179 insi-

494 2221 617 2287 gnia
646 2234 902 2288 purpurae
933 2222 1250 2277 exornanda
1272 2263 1286 2288 ,
1320 2237 1447 2292 qua,
1496 2236 1620 2276 cum
1666 2219 1944 2292 prodibat,
1978 2227 2074 2272 aut

492 2309 687 2379 legatis
718 2312 1109 2382 respondebat,
1144 2322 1241 2368 aut
1277 2315 1413 2369 alias
1441 2313 1693 2383 publicas
1743 2311 2074 2366 festivitates

493 2402 827 2466 ea-lcbrabat,
857 2407 1134 2461 utebatur.
1180 2407 1425 2475 Reliqua:
1472 2406 1524 2459 in
1562 2404 1915 2459 conclavibus
1954 2404 2075 2456 inu—

496 2494 589 2549 tile
616 2495 830 2565 pondus
855 2497 1138 2567 jaeebant.
1173 2498 1307 2552 Belli
1345 2495 1687 2567 temporibus
1718 2496 1940 2566 ingenio
1971 2495 2075 2550 fuit

493 2590 645 2641 rario
694 2597 750 2642 et
801 2588 1115 2658 multiplici,
1182 2589 1351 2643 rebus
1399 2586 1711 2659 tranquillis
1758 2594 1818 2642 et
1864 2586 2074 2656 pacatis

493 2683 906 2738 vehementior.
953 2684 1094 2738 Iram
1141 2683 1542 2748 dissimulabat,
1574 2682 1716 2754 apud
1775 2695 1895 2736 sese
1946 2696 2048 2752 sup

492 2789 734 2846 pressam
765 2791 865 2845 per
896 2778 1244 2832 occasionem
1281 2775 1589 2845 proferens,
1618 2773 2073 2844 delinquentibus

491 2867 667 2922 vicem
699 2867 967 2924 reddebat
1002 2887 1015 2923 :
1049 2884 1285 2938 eumque
1333 2868 1600 2937 pertinaci
1634 2875 1779 2922 esset
1829 2865 2070 2936 ingenio,

2178 1854 2239 1907 οὐ
2280 1856 2415 1924 πρὸς
2454 1856 2513 1908 τὸ
2549 1856 2836 1926 κρατῆσαν
2862 1856 3007 1922 ἔθος,
3041 1857 3068 1909 ὃ
3105 1861 3199 1910 καὶ
3231 1860 3394 1929 νόμον
3435 1861 3617 1913 δοκεῖν
3646 1863 3762 1922 τοῖς

2175 1946 2505 2015 ν·;μοθέταις
2570 1946 2947 2012 τεθέσπισται,
3014 1948 3289 2017 διεξάγειν
3349 1950 3564 2021 ἦθεῖεν,
3623 1950 3758 2004 ἀλλὰ

2175 2038 2313 2108 πρὶς
2340 2040 2437 2109 τὴν
2464 2039 2676 2093 οἰκείαν
2709 2040 2893 2109 κρίσιν
2929 2042 3021 2094 καὶ
3052 2042 3113 2095 τὸ
3147 2041 3365 2111 θέλημα
3417 2042 3639 2097 ἑαυτοῦ.
3675 2044 3763 2097 Διδ

2174 2130 2297 2182 οὐδὲ
2320 2132 2430 2182 τῶν
2460 2130 2657 2198 λογίων
2688 2131 2899 2201 ἀνδρῶν
2930 2133 3321 2203 ἐπεστρέφετο,
3348 2133 3486 2187 ἀλλὰ
3511 2137 3610 2187 xui
3637 2136 3763 2198 τοὺς

2176 2219 2373 2286 λόγους
2405 2221 2582 2292 ἥγητο
2615 2224 2869 2294 περιττόν
2890 2241 2941 2274 τι
2972 2224 3164 2295 χρῆμα
3193 2226 3288 2278 καὶ
3336 2226 3436 2278 οὐκ
3475 2226 3760 2296 ὀνήσιμον·

2173 2312 2298 2365 ὅθεν
2330 2311 2532 2383 ἄνδρας
2568 2312 2979 2383 ἀπολεξάμενος
3034 2314 3235 2385 ἑαυτῷ,
3287 2314 3411 2367 οὗτε
3458 2316 3538 2386 τῷ
3591 2318 3758 2383 γένει,

2174 2402 2298 2456 οὔτε
2328 2403 2515 2473 μέντοι
2545 2407 2604 2458 ὲν
2643 2405 2786 2474 λόγῳ
2821 2407 2881 2458 τὶ
2913 2406 3190 2475 ἐπίσημον
3246 2407 3493 2477 ἔχοντας,
3530 2407 3761 2471 ἐκείνοις

2174 2494 2275 2557 τάς
2317 2512 2376 2547 τε
2430 2495 2740 2566 βασιλείους
2786 2499 3078 2562 ἐπιστολὰς
3105 2500 3433 2570 ἐνεχείρισε,
3482 2501 3580 2554 καὶ
3616 2503 3759 2555 ὲκοι-

2174 2586 2336 2640 νὼνει
2360 2589 2469 2641 τῶν
2498 2589 2909 2659 βουλευμάτων,
2947 2592 3044 2645 καὶ
3088 2593 3252 2657 αὐτὸς
3281 2595 3517 2657 ἐκείνοις
3546 2593 3764 2664 ἀφελῶς

2175 2679 2275 2739 τὰς
2306 2681 2535 2751 γραφὰς
2583 2682 2655 2744 ὡς
2694 2682 2887 2752 ἔτυχεν
2918 2684 3285 2752 ὑπηγόρευεν.
3328 2684 3493 2739 ’Δλλὰ
3519 2687 3616 2739 καὶ
3650 2687 3761 2749 τοῖς

2173 2770 2427 2839 ταμείοις
2454 2772 2781 2843 ἁποφράξας
2812 2774 2911 2837 τάς
2937 2774 3226 2842 διεξδιυς,
3255 2775 3556 2848 χρημάτων
3578 2778 3759 2831 ταῦτα

2174 2862 2357 2935 πλήρη
2393 2865 2684 2936 πεποίηκε.
2709 2867 2848 2919 Φασὶ
2873 2867 3007 2935 γοῦν
3044 2871 3101 2932 ὲς
3134 2871 3314 2923 είκοσι
3349 2869 3630 2941 μυριάδας
3664 2888 3757 2924 τα·

492 2957 713 3014 decreta
739 2974 839 3014 sua
873 2975 983 3015 non
1012 2960 1174 3016 facile
1207 2959 1552 3015 immutabat.
1587 2958 1768 3026 Quare
1795 2958 1840 3013 si
1872 2958 2070 3027 quibus

2176 2954 2389 3010 λάντων
2470 2956 2677 3027 χρυσοῦ
2749 2959 3347 3031 ἑναποτεθησαυρίσθαι
3419 2959 3595 3032 αὐτῷ.
3653 2960 3761 3015 Τὸν

490 3043 668 3101 Iratus
694 3055 848 3111 erat,
876 3049 943 3104 iis
972 3064 1084 3104 non
1138 3048 1299 3104 facile
1342 3049 1683 3119 placabatur.
1733 3046 1913 3119 Atque
1959 3046 2070 3102 haec

2178 3049 2296 3118 γὰρ
2346 3047 2507 3101 ἄλλον
2562 3049 2949 3120 χρηματισμὸν
3006 3051 3107 3105 οὐκ
3167 3051 3233 3105 ἂν
3264 3070 3350 3116 τις
3400 3052 3492 3106 ὑπ’
3522 3051 3761 3123 ἀριθμὸν

492 3136 560 3191 ad
591 3127 950 3195 declarandos
984 3141 1333 3210 imperatoris
1362 3155 1542 3195 mores
1568 3138 1714 3193 dicta
1752 3139 1882 3193 sint.
1914 3136 2070 3191 Nune

2176 3140 2396 3193 δύναιτο
2427 3142 2682 3208 ἀγαγεῖν,
2724 3141 2805 3209 ὃς,
2839 3143 2951 3195 τῶν
2983 3143 3232 3215 ταμείων
3258 3145 3410 3217 αὐτῷ
3441 3144 3763 3216 πληρίιθὲνο

491 3222 561 3277 ad
606 3239 694 3280 res
738 3226 844 3282 sub
889 3242 959 3283 eo
1030 3236 1209 3299 gestas
1271 3228 1467 3284 ordine
1518 3228 1839 3283 referendas
1893 3227 2070 3282 oratio

2176 3249 2309 3297 των,
2338 3230 2444 3284 ὑπὸ
2478 3231 2583 3302 γῆν
2610 3231 2680 3284 τὰ
2710 3231 2875 3285 λοιπὰ
2914 3233 3305 3307 ὲθησαύρισεν,
3333 3235 3526 3300 ⁴εἱλικας
3556 3236 3764 3307 ὀρύξας

492 3313 701 3370 redeat.
2168 3318 2604 3392 λαϐυρινθώδεις.
2626 3321 2735 3383 Καὶ
2765 3320 3057 3395 ὑπερχειλῆ
3090 3323 3189 3391 μὲν
3214 3319 3354 3394 ἦσαν
3382 3323 3553 3378 λίθων
3584 3324 3761 3391 πολυ,

492 3406 687 3470 τελῶν,
713 3408 824 3463 τῶν
852 3427 913 3463 τε
938 3410 1115 3466 ἄλλων
1148 3412 1246 3467 καὶ
1270 3412 1378 3465 τῶν
1407 3409 1640 3476 λευκῶν,
1669 3402 1751 3473 οἷς
1794 3408 2072 3473 ίδιάζουσα
2111 3411 2301 3478 κλῆσις
2340 3409 2389 3463 oi
2424 3409 2714 3477 Μὰργαροι
2743 3409 2942 3479 (89)τᾶ
2960 3410 3216 3466 κιϐώτια.
3265 3410 3360 3482 Τῷ
3387 3411 3444 3467 δὲ
3483 3415 3567 3477 εἰς
3627 3413 3765 3484 χρῆ·

499 3510 584 3551 σιν
609 3496 892 3573 οὖκῆσαν,
915 3504 1051 3558 ἀλλὰ
1076 3505 1295 3578 βραχεῖς
1316 3521 1461 3566 τινες
1482 3503 1632 3572 αὐτῷ
1693 3502 1793 3571 τὴν
1855 3501 2143 3575 πορφύραν
2176 3500 2534 3568 ἀνεκόσμουν,
2565 3498 2633 3552 ἶν’
2684 3500 2780 3578 ἔχη
2828 3501 3169 3572 τούπίσημον
3219 3497 3366 3576 ᾗπερ
3405 3504 3465 3555 ὲν
3512 3505 3764 3573 προόδοις

495 3589 781 3659 ἐκέχρητο,
806 3595 900 3647 καὶ
927 3595 1006 3647 ὅτ’
1031 3596 1374 3667 ἐχρημάτιζε
1398 3593 1685 3665 πρέσΰεσι,
1712 3593 1804 3644 καὶ
1828 3593 1918 3644 ὅτε
1986 3594 2106 3645 τινὰ
2148 3591 2316 3660 ἄλλην
2341 3589 2609 3661 δημοτελῆ
2647 3588 2821 3643 ἐτέλει
2872 3591 3207 3662 πανήγυριν.
3287 3593 3354 3646 Ol.
3381 3593 3429 3646 δ’
3457 3592 3610 3648 ἄλλοι
3654 3593 3766 3649 τοῖς

493 3681 746 3747 ταμείοις
778 3682 1193 3753 ἑναποκείμενοι
1223 3684 1388 3753 ἄχθος
1421 3680 1563 3753 ἦσαν
1592 3683 1841 3736 ὲτὼσιον.
1877 3676 1987 3733 Ἦν
2024 3680 2069 3733 δ’
2109 3682 2169 3733 ἐν
2240 3682 2337 3751 μὲν
2405 3679 2644 3747 πολέμου
2691 3683 2905 3749 καιροῖς
2938 3683 3182 3746 ποικίλος
3206 3701 3311 3749 τις,
3341 3684 3435 3737 καὶ
3458 3683 3562 3755 τὴν
3622 3683 3765 3753 γνώ-

494 3786 603 3839 μην
634 3771 768 3842 πρὸς
816 3774 940 3835 τοὺς
992 3773 1098 3825 ὑπὸ
1147 3776 1306 3847 χεῖρα
1368 3772 1677 3844 πολυειδήςο
1750 3775 1808 3825 ὲν
1883 3770 1943 3824 δὲ
2024 3772 2283 3841 ἠρεμίαις
2362 3770 2458 3822 καὶ
2533 3771 2842 3839 εἰρηνικαῖς
2905 3775 3307 3827 καταστάσεσιν
3369 3774 3765 3849 ἀρχικώτερος,

493 3863 591 3913 καὶ
634 3866 732 3925 τας
776 3864 946 3937 ὀργάς
975 3864 1256 3934 ἐταμίευε,
1299 3864 1397 3917 καὶ
1426 3864 1626 3927 ταύτας
1667 3864 1904 3933 συνέχων
1972 3865 2107 3932 παρ’
2143 3859 2361 3929 ἑαυτῷ,
2419 3859 2774 3929 ἐδημοσίευεν
2832 3864 2890 3914 ὲν
2929 3865 3165 3939 καιροῖς,
3217 3865 3314 3919 καὶ
3398 3866 3760 3923 ἀνταπεδίδου

489 3955 603 4016 τοῖς
643 3955 1053 4025 ἁμαρτήσασιν.
1101 3957 1197 4009 Ὧν
1229 3956 1285 4010 δὲ
1314 3957 1412 4035 τὴν
1456 3954 1683 4027 γνώμην
1752 3955 2004 4027 στερρὸς,
2079 3953 2141 4007 ού
2186 3951 2385 4024 ῥᾳδίως
2439 3950 2652 4019 ὴλλοίου
2706 3953 2774 4004 τὰ
2807 3952 3057 4018 δόξαντα.
3105 3955 3198 4007 Διὸ
3247 3956 3344 4009 καὶ
3381 3956 3520 4028 πρὸς
3573 3956 3672 4021 οὓς
3701 3958 3765 4012 ἂν

491 4048 649 4118 ἔτυχε
698 4048 909 4119 μήνιμὰ
944 4065 998 4101 τι
1046 4048 1285 4117 τρέφων,
1318 4051 1379 4102 οὐ
1436 4049 1576 4118 ταχὺ
1631 4047 1967 4118 μετήλλαττε
2010 4045 2070 4099 τὸ
2108 4041 2242 4115 ἦθος
2302 4043 2507 4107 αὐτοῖς.
2571 4042 2737 4096 Ἀλλὰ
2756 4043 2931 4099 ταῦτα
2957 4046 3055 4115 μὲν
3074 4051 3580 4119 παραστατικὰτοῦ
3598 4052 3765 4123 eam;

489 4139 681 4194 τούτου
713 4141 806 4194 τοῦ
851 4142 1274 4214 αὐτοκράτορος,
1306 4144 1340 4215 ἡ
1371 4142 1415 4196 δ’
1457 4142 1666 4213 ἱστορία
1703 4139 1911 4213 ὲχέσθω
1959 4138 2069 4193 τῶν
2107 4138 2193 4190 ἐπ’
2258 4134 2427 4188 αὑτοῦ
2463 4137 2893 4207 πεπραγμένων,
2961 4139 3055 4191 καὶ
3084 4139 3380 4209 διηγείσθω
3427 4142 3496 4195 τὰ
3533 4143 3760 4214 ἐφεξῆς,

561 4231 659 4291 ΙΧ.
697 4232 915 4305 [Egypti
945 4236 1228 4307 princeps,
1254 4235 1435 4290 soluto
1474 4234 1723 4297 Romano
1753 4232 1980 4292 fcedere,
2009 4239 2067 4287 et

2240 4226 2323 4281 8’.
2378 4226 2440 4279 Ὀ
2482 4227 2584 4297 τῆς
2631 4227 2912 4297 Αἰγύπτου
2944 4232 3256 4301 κατάρχων,
3287 4232 3388 4297 τὰς
3436 4235 3577 4303 πρὸς
3629 4236 3763 4292 Ῥω-

492 4323 1048 4397 llierosolymitanum
1085 4328 1376 4396 templum,
1411 4327 1468 4383 in
1502 4342 1613 4397 quo
1637 4324 1841 4383 Christi
1884 4322 2071 4392 sepul-

490 4431 648 4471 crum
715 4427 819 4482 est,
869 4428 926 4473 et
975 4421 1124 4475 illius
1154 4421 1262 4484 loci
1302 4422 1632 4477 monasteria
1666 4420 1959 4476 destruxit.
1991 4420 2063 4474 At

494 4511 795 4579 imperator
825 4511 1135 4589 Bulgariam
1162 4513 1375 4568 crebris
1408 4512 1870 4582 impressionibus
1894 4520 2073 4566 vasta-

494 4599 585 4653 bat
617 4607 674 4651 et
706 4599 934 4664 urebat,
966 4600 1056 4653 cui
1093 4615 1217 4654 cum
1249 4600 1467 4655 Samuel
1508 4602 1626 4653 acie
1671 4601 1931 4654 resistere
1960 4612 2071 4650 non

492 4700 714 4760 posset,
752 4704 979 4759 operam
1011 4689 1179 4744 dabat
1214 4700 1271 4744 ut
1315 4690 1499 4744 aditus
1525 4690 1676 4764 regni
1711 4688 2029 4743 occluderet
2051 4727 2068 4753 ,

493 4790 550 4835 et
579 4782 859 4852 angustias
893 4783 1141 4838 locorum
1170 4782 1414 4837 castellis
1439 4791 1499 4837 et
1527 4781 1799 4851 praesidiis
1838 4793 2074 4848 oecupa-

493 4881 598 4928 ret.
627 4873 930 4943 Imperator
957 4882 1141 4928 autem
1179 4888 1459 4938 reversus,
1491 4884 1795 4951 magnaque
1825 4870 1877 4922 vi
1905 4885 2073 4938 pene-

494 4974 639 5019 trare
665 4979 978 5034 aggressus,
1007 4967 1112 5020 etsi
1145 4965 1351 5020 virtute
1385 4963 1846 5036 prresidiariorum
1892 4961 2072 5031 repul-

392 5103 399 5110 .
493 5064 831 5110 susztamen
875 5057 1073 5126 emptis
1125 5071 1231 5110 non
1291 5056 1522 5121 destitit,
1575 5055 1672 5110 sed
1731 5054 2067 5125 permansit,

490 5147 727 5203 "subinde
766 5150 1053 5205 castellum
1097 5159 1348 5214 tentatts,
1382 5164 1494 5204 uno
1543 5164 1611 5203 ex
1660 5148 1893 5203 ducibus
1943 5156 2070 5200 cum

493 5255 592 5295 sua
632 5239 844 5311 legione
880 5240 1069 5306 misso,
1114 5256 1182 5295 an
1233 5240 1444 5310 uspiam
1493 5238 1621 5293 alibi
1669 5254 1770 5309 per
1813 5237 2071 5306 ambages

494 5327 799 5398 ingressum
830 5327 1045 5399 aperire
1074 5338 1279 5399 posset.
1320 5331 1370 5383 Is
1397 5343 1495 5398 per
1518 5338 1735 5384 montes
1758 5326 2070 5396 multasque

472 5417 842 5497 rttiﬂicultates
892 5420 1142 5492 Bulgaria
1182 5420 1430 5492 deceptis
1476 5422 1759 5492 ingressus
1788 5461 1802 5486 ,
1851 5435 1882 5474 a
1916 5430 2070 5489 tergo

494 5506 551 5566 in
571 5510 944 5583 praesidiarios
970 5512 1156 5580 irruit,
1195 5514 1290 5584 qui
1322 5528 1383 5569 re
1408 5513 1590 5569 subita
1614 5511 1923 5584 perterriti,
1955 5524 2067 5564 non

2180 4317 2377 4386 μαίους
2403 4317 2571 4380 λύσας
2595 4319 2857 4383 σπονδὰς,
2883 4319 2977 4372 τόν
3010 4337 3067 4372 τε
3098 4323 3157 4373 ἐν
3192 4323 3597 4397 Ἰεροσολύμοις
3615 4326 3761 4390 ναὸν,

2173 4410 2234 4462 ὲν
2262 4402 2305 4478 ᾧ
2344 4408 2404 4461 τὸ
2432 4413 2526 4463 τοῦ
2563 4412 2769 4480 Κυρίου
2823 4412 3041 4481 μνῆμα,
3091 4414 3503 4486 κατηρείπωσε,
3552 4418 3656 4481 καὶ
3699 4421 3760 4475 τὰ

2173 4499 2292 4552 ἐκεῖ
2328 4501 2691 4571 μοναστήρια.
2736 4500 2797 4555 ὀ
2824 4501 2880 4555 δὲ
2901 4502 3191 4567 Βασιλεὺς,
3225 4506 3465 4585 συνεχῶς
3495 4512 3564 4578 τῇ
3592 4509 3759 4567 Bouh-

2175 4592 2345 4664 γαρίᾳ
2388 4593 2768 4661 προσϐάλλων,
2826 4596 3029 4648 ἐκάκου
3074 4596 3283 4668 ταύτην
3334 4599 3432 4651 καὶ
3480 4600 3756 4672 ἐκεράϊζε.

2174 4683 2270 4754 Μὴ
2324 4684 2624 4753 δυνάμενος
2679 4685 2735 4737 δέ
2800 4701 2866 4754 γε
2919 4687 2948 4738 ὁ
2994 4688 3251 4764 Σαμουὴλ
3312 4690 3757 4762 ἀντιπαρατάξα.

2176 4778 2302 4829 σθαι
2345 4776 2424 4845 τῷ
2477 4776 2589 4829 τῶν
2628 4778 2922 4849 Ῥωμαίων
2963 4781 3359 4852 στρατεύματι,
3393 4782 3628 4853 τάφροις
3660 4784 3758 4848 τὰς

2173 4869 2416 4931 εἰσόδους
2453 4869 2785 4923 ἀποκλεῖσαι
2818 4870 2968 4941 αὑτῷ
3013 4856 3367 4945 ἐπεχείρησε,
3404 4876 3503 4939 τὰς
3545 4876 3756 4947 δυσχω·

2177 4961 2298 5031 ρίας
2327 4962 2653 5032 ἁποφράξας
2680 4963 3013 5033 οἰκοδομαῖς.
3043 4967 3141 5018 καὶ
3169 4964 3415 5033 φύλακας
3454 4968 3755 5043 ἐπιστήσας

2173 5052 2390 5115 αὑταῖς.
2420 5046 2595 5106 Ἧκεν
2636 5053 2731 5107 οὖν
2762 5055 2791 5107 ὁ
2822 5053 3082 5124 βασιλεὺς
3132 5054 3311 5125 αὖθις,
3366 5060 3463 5113 καὶ
3491 5059 3756 5119 ἐϐιάσατο

2177 5144 2279 5213 μὲν
2313 5145 2411 5211 τὴν
2438 5144 2693 5214 πάροδον,
2726 5146 3080 5217 ἀπεκρούσθη
3106 5147 3162 5200 δὲ
3187 5149 3296 5202 τῶν
3314 5150 3579 5219 φυλάκων
3603 5152 3752 5206 ἀνθι-

2175 5234 2460 5303 σταμένων
2512 5235 3013 5306 ἐρρωμενέστερον,
3063 5236 3206 5306 πλὴν
3257 5238 3358 5291 οὐκ
3400 5239 3620 5310 ἀπέστη
3660 5244 3753 5310 τῆς

2172 5326 2566 5396 ἐγχειρήσεως,
2592 5324 2710 5377 ἀλλ’
2740 5327 2901 5390 αὐτὸς
2932 5328 3031 5398 μὲν
3058 5329 3426 5399 προσέμενεν,
3450 5330 3534 5384 ἔτι
3551 5332 3750 5404 πειρώ-

2176 5433 2337 5488 μενος
2389 5416 2484 5469 τοῦ
2546 5415 2859 5488 ἐρύματος·
2917 5421 3245 5490 ἐκπέπομφε
3281 5421 3339 5475 δὲ
3377 5422 3486 5476 τῶν
3517 5441 3752 5495 στρατη-

2175 5509 2289 5577 γῶν
2320 5507 2421 5561 ἒνα
2457 5509 2598 5577 μετὰ
2623 5508 2716 5563 τοῦ
2757 5511 2849 5564 ὑπ’
2878 5511 3044 5567 αὑτὸν
3079 5512 3364 5585 τάγματος
3393 5516 3753 5589 ἑτερωθίπουρ

1664 5625 1868 5687 Varia)
1908 5623 2221 5686 lectiones
2257 5626 2322 5682 et
2352 5624 2544 5682 notua.

567 5726 684 5798 (89)
724 5729 793 5784 οι
833 5730 1146 5803 μάρταροι.
1187 5729 1325 5788 Vide
1378 5728 1523 5786 idem
1577 5728 1757 5789 Gloss.
1816 5726 1875 5783 in
1925 5726 2250 5799 Μάργαρος.
