3958 6242
409 223 506 291 175

1677 225 2001 290 ΙΟΑΝΝΙΞ
2040 225 2365 290 ΖΟΝΛΗΕ

3554 225 3656 291 176

398 361 524 401 nem
557 351 610 399 ct
643 341 963 414 pensionem
993 357 1101 397 non
1135 343 1443 398 solutorum
1480 337 1838 402 tributorum,
1862 351 1982 406 qua:

2092 338 2352 408 σάμενοι,
2412 340 2569 396 αὐτοὶ
2617 342 2726 396 τῶν
2778 340 2988 395 πόλεων
3019 338 3311 408 γεγόνασιν
3359 337 3672 409 ἐγκρατεῖς.

397 439 453 492 in
491 446 772 506 posterum
822 435 987 489 etiam
1054 433 1192 488 citra
1242 430 1752 504 tergiversationem
1796 428 1979 484 daturi

395 533 602 586 essent,
626 525 949 594 pollicentes
977 543 989 577 :
1027 523 1282 593 quamvis
1313 522 1499 577 multis
1534 520 1844 575 illustribus
1873 519 1979 574 du-

396 617 555 672 cibus
591 616 660 670 ab
710 617 974 671 ulteriore
1019 631 1316 687 progressu
1361 624 1618 684 tanquam
1663 612 1843 667 inutili
1885 611 1980 665 de-

397 708 756 774 terrentibus,
791 723 1094 777 pacemque
1123 705 1507 769 suadentibus,
1562 712 1746 758 tamen
1786 702 1980 771 emptis

395 819 506 857 non
555 801 803 864 destitit,
855 801 1137 869 Agarenos
1183 798 1341 852 facile
1381 812 1441 852 se
1481 796 1753 850 victurum
1789 794 1982 864 opina-

395 906 516 955 tus.
559 895 715 965 231
749 902 806 948 et
843 908 899 947 re
929 895 1068 946 bene
1102 899 1253 960 gesta
1290 905 1549 960 magnum
1597 895 1652 942 et
1699 901 1976 942 memora-

395 987 506 1042 bile
556 1002 758 1041 nomen
805 993 1256 1039 consecuturum.
1314 982 1645 1050 Progressus
1697 978 1866 1049 igitur
1923 978 1978 1030 in

395 1079 608 1148 Syriam
659 1077 865 1130 vallum
918 1075 1247 1129 communit.
1303 1071 1408 1127 Sed
1455 1071 1692 1132 Arabes,
1725 1068 1979 1123 homines

394 1171 637 1226 audaces
665 1179 829 1238 atque
861 1166 1107 1236 expediti
1137 1167 1190 1220 in
1221 1164 1500 1220 celeribus
1526 1162 1706 1233 equis,
1736 1170 1792 1217 et
1819 1161 1978 1226 nudi,

394 1265 464 1318 ab
514 1273 747 1331 utraque
789 1259 920 1314 valli
966 1268 1120 1329 parte
1168 1255 1453 1312 collocatis
1501 1254 1755 1320 insidiis,
1792 1253 1838 1309 si
1881 1253 1978 1322 qui

394 1354 716 1426 pabulatum
753 1360 848 1405 aut
877 1360 1139 1420 aquatum
1171 1349 1418 1410 exibant,
1451 1364 1549 1403 eos
1578 1347 1788 1416 impetu
1833 1346 1979 1401 facto

395 1447 682 1501 caedebant
713 1453 810 1500 aut
839 1443 1161 1514 capiebant,
1199 1458 1308 1512 qua
1340 1459 1398 1496 re
1428 1441 1624 1507 fiebat,
1660 1449 1721 1495 ut
1749 1448 1806 1494 et
1833 1439 1980 1494 mili-

395 1551 478 1596 tes
519 1549 576 1594 et
615 1539 743 1608 equi
791 1554 901 1608 pra:
945 1537 1037 1592 siti
1084 1535 1407 1591 deficerent.
1456 1533 1666 1589 Deinde
1708 1532 1980 1588 incursio-

392 1632 559 1686 nibus
590 1630 697 1684 illis
745 1629 919 1700 magis
956 1627 1286 1693 assuefacti,
1329 1637 1386 1681 et
1429 1626 1711 1680 Romanos
1749 1624 1980 1695 ignaviae

392 1725 744 1788 damnantes,
779 1696 968 1777 subito
1001 1737 1070 1776 ex
1110 1721 1394 1775 montibus
1434 1719 1754 1786 decurrere,
1787 1729 1841 1774 et
1869 1719 1980 1774 cla-
2009 1696 2056 1756 Β

394 1831 548 1870 more
585 1814 880 1869 barbarico
914 1813 1132 1867 sublato
1155 1853 1169 1877 ,
1209 1811 1447 1882 speciem
1485 1811 1866 1867 multitudinis
1897 1812 1982 1866 in-

393 1917 672 1977 gerentes,
719 1906 867 1976 quod
920 1921 1029 1960 non
1075 1902 1306 1960 densata
1348 1904 1500 1969 acie,
1542 1903 1638 1959 sed
1669 1904 1847 1958 laxata
1884 1919 1981 1958 ex-

393 2007 719 2063 currerent,
769 1998 1020 2067 citraque
1063 1997 1317 2053 ordinem
1362 1996 1566 2051 vallum
1629 1996 1976 2059 invaderent,

393 2107 614 2146 omnem
664 2092 972 2146 exercitum
1022 2091 1280 2146 territum
1326 2090 1383 2144 in
1434 2089 1618 2161 fugam
1667 2096 1977 2155 verterunt,

393 2193 560 2253 atque
604 2183 721 2254 ipse
767 2183 1068 2253 imperator
1103 2192 1298 2254 captus
1336 2192 1506 2248 esset,
1557 2197 1590 2236 a
1631 2181 1847 2237 turbata
1883 2197 1982 2237 cu-

395 2275 578 2330 stodia
633 2275 1010 2329 incustoditus
1042 2275 1299 2340 relictus,
1350 2274 1454 2328 nisi
1485 2273 1709 2342 quidam
1757 2289 1883 2328 eum
1925 2274 1978 2326 in

395 2381 601 2435 equum
646 2366 924 2420 sublatum
968 2366 1035 2420 ad
1071 2367 1251 2430 fugam
1289 2365 1612 2420 cohortatus
1653 2374 1800 2420 esset
1831 2374 1978 2419 metu

396 2471 536 2526 pene
567 2457 966 2510 exanimatum.
1001 2455 1233 2509 Romani
1272 2456 1438 2526 igitur
1471 2456 1622 2510 nullo
1664 2456 1860 2511 ordine
1901 2463 1981 2510 te-

398 2564 659 2617 mereque
720 2548 1067 2618 fugiebant:
1121 2549 1353 2604 Barbari
1412 2566 1545 2604 vero
1605 2550 1979 2620 inexspectata

396 2640 522 2711 fuga
551 2639 864 2709 stupefacti.
906 2639 1176 2710 fugientes
1224 2656 1333 2695 non
1370 2652 1500 2695 sunt
1539 2641 1843 2710 persecuti,
1881 2639 1978 2696 sed

395 2734 598 2787 vallum
645 2732 914 2802 ingressi,
966 2733 1158 2803 paucis
1202 2733 1512 2788 illustribus
1560 2733 1770 2804 captis,
1803 2733 1982 2804 direp-

399 2833 565 2893 loque
602 2824 956 2892 imperatorio
995 2824 1373 2890 tabernaculo,
1413 2827 1686 2879 variarum
1719 2841 1885 2896 opum
1922 2836 1978 2880 et

400 2917 560 2984 regia:
630 2915 1050 2986 magnificentiae
1112 2917 1308 2986 plena,
1375 2917 1700 2987 caaterisque
1746 2917 1983 2989 impedi-

399 3009 601 3062 mentis
625 3008 678 3061 in
709 3024 884 3078 equos
912 3023 1042 3063 suos
1070 3007 1344 3078 impositis
1374 3020 1744 3065 recesserunt.

2097 430 2156 483 Ὀ
2188 430 2240 484 δὲ
2264 431 2354 485 τοῦ
2380 433 2569 487 Χάλεπ
2604 435 2868 505 ἀρχηγὸς,
2901 433 2995 486 καὶ
3027 431 3301 504 ἐκδρομὰς
3350 431 3674 502 ποιούμενος

2085 528 2351 595 συνεχεῖς,
2389 527 2558 596 αὑτήν
2585 545 2643 580 τε
2679 529 2777 600 τὴν
2827 526 3179 597 Ἀντιόχειαν,
3234 526 3331 580 καὶ
3365 526 3464 580 ὅσα
3494 527 3672 596 πρόσ-

2084 632 2211 668 οικα
2256 615 2381 685 ἔθνη
2443 619 2512 688 τῇ
2545 618 2734 686 Σύρων
2765 619 2833 688 γῇ
2860 657 2875 684 ,
2935 618 3030 670 καὶ
3059 618 3168 680 τοῖς
3207 616 3502 688 Ῥωμαίοις
3531 617 3676 687 ὑπή·

2084 723 2207 774 κοα,
2237 707 2505 776 ἐληῖζετο.
2537 702 2607 780 ᾯ
2658 710 3237 778 ἀντιπαραταξάμενος
3265 710 3293 762 ὁ
3325 709 3425 779 τῆς
3470 711 3676 762 Ἄντιον

2083 800 2235 870 χείας
2284 798 2541 864 δοὺξ,·ἔτι
2605 802 2883 870 περιόντος
2927 801 3022 854 τοῦ
3075 801 3482 872 αὐτοκράτορος
3517 802 3674 854 Κων-

2085 889 2388 956 σταντίνου,
2440 893 2683 962 αἰσχρῶς
2724 894 2954 964 ἡττήθη,
2990 894 3241 956 καὶτοὺς
3293 893 3515 955 πλείους
3562 892 3674 947 τῶν

2083 983 2180 1036 σὺν
2208 981 2357 1054 αύτῷ
2395 984 2810 1055 ἀποϐεϐληκὼς,
2843 985 2995 1054 μόλις
3025 985 3263 1054 ἠδυνήθη
3301 987 3496 1054 φυγεῖν
3528 986 3674 1037 ἐκεῖο

2082 1094 2194 1141 νος.
2225 1077 2426 1131 Τοῦτον
2489 1080 2516 1131 ὁ
2581 1077 2862 1147 Ῥωμανδς
2924 1076 3262 1146 ἀφελόμενος
3311 1079 3411 1145 τὴν
3470 1074 3670 1156 ἀρχὴν,

2088 1169 2516 1241 προεχειρίσατο
2568 1169 2758 1240 ἕτερον
2789 1181 2802 1196 ³
2840 1167 3128 1239 ἐξώρμησε
3180 1166 3236 1219 δὲ
3274 1167 3549 1230 κάκεῖνος,
3583 1167 3678 1219 καὶ

2081 1260 2301 1315 ἀπιόντι
2330 1260 2593 1332 προσίασι
2625 1259 2889 1329 πρέσϐεις
2923 1259 3063 1329 μετά
3096 1257 3286 1328 δώρων
3334 1258 3671 1323 πολυτελῶν,

2085 1353 2224 1425 πρὸς
2262 1353 2357 1407 τοῦ
2414 1352 2726 1406 Χαλεπίτου
2786 1351 3128 1421 ἐσταλμένοι,
3172 1350 3485 1420 αἰτούμενοι
3545 1367 3677 1419 συγ-

2081 1445 2312 1515 γνώμης
2339 1445 2544 1514 τυχεῖν,
2573 1444 2669 1496 καὶ
2694 1443 2792 1513 τὴν
2829 1442 3076 1496 δουλείαν
3113 1442 3551 1506 ἀνανεώσασθαι,
3581 1444 3676 1495 καὶ

2081 1535 2376 1590 ἀποδοῦναι
2402 1535 2501 1598 τὰς
2536 1535 2819 1605 εἰσφορὰς,
2844 1535 3011 1606 αἴπερ
3047 1533 3239 1604 ἔτυχον
3272 1534 3672 1604 ὑστερήσασαι,

2082 1631 2179 1684 καὶ
2216 1629 2423 1692 ταύτας
2451 1629 2684 1698 ἐτησιως
2731 1628 3011 1697 εἰσφέρειν
3069 1627 3185 1696 μετ’
3239 1625 3677 1696 εὐγνωμοσύνης

2086 1725 2166 1788 εἰς
2195 1723 2254 1776 τὸ
2279 1723 2450 1776 ἐπιόν.
2507 1722 2567 1774 '0
2594 1722 2674 1788 δὲ,
2718 1721 2894 1774 καίτοι
2937 1720 3152 1774 πολλῶν
3183 1719 3276 1773 καὶ
3313 1719 3678 1789 στρατηγίαις

2085 1815 2367 1885 ἐπιφανῶν
2419 1812 2847 1885 ἀποτρεπόντων
2905 1811 3057 1881 αὐτῷ
3107 1811 3208 1881 τὴν
3258 1812 3338 1874 είς
3368 1813 3436 1864 τὰ
3486 1813 3678 1882 πρόσω

2087 1909 2263 1979 φορὰν
2292 1907 2369 1971 ὼς
2399 1906 2742 1976 ἀσύμφορον,
2772 1905 2865 1958 καὶ
2909 1904 3240 1959 σπείσασθαι
3275 1903 3678 1974 συμϐουλευόν-

2086 2016 2216 2065 των,
2253 1999 2354 2052 ούκ
2383 1997 2670 2067 ἀνείργετο
2693 1997 2794 2066 τῆς
2824 1998 3024 2068 ὁρμῆς,
3058 1995 3194 2050 ἀλλά
3241 1998 3378 2067 ῥᾷον
3409 1997 3683 2066 κρατῆσαι

2084 2092 2194 2145 τῶν
2233 2091 2552 2162 Ἀγαρηνῶν
2583 2089 2942 2158 ἐφαντάζετο,
2982 2089 3078 2144 καὶ
3103 2088 3265 2143 τοῦτο
3299 2089 3680 2158 κατωρθωκὼς

2090 2185 2233 2255 μέγα
2261 2202 2314 2237 τι
2347 2186 2442 2238 καὶ
2473 2185 2785 2256 ὑπέρογκον
2831 2185 2970 2256 ᾤετο
3003 2185 3182 2257 ἐαυτῷ
3212 2186 3679 2256 περιποιήσασθαι

2087 2276 2493 2346 σεμνολόγημα.
2529 2277 2785 2330 Ἀπεισιν
2837 2276 2933 2330 οὖν
2974 2279 3031 2332 ἐν
3068 2279 3258 2349 Συρίᾳ,
3292 2280 3386 2333 καὶ
3419 2279 3676 2349 βάλλεται

2085 2367 2326 2438 χάρακα.
2359 2367 2598 2434 ¹Ἄραϐες
2646 2367 2702 2421 δὲ
2733 2368 3053 2421 αύτόσκευοί
3084 2386 3230 2433 τινες
3276 2369 3552 2440 ἄνθρωποι
3585 2372 3681 2423 καὶ

2082 2460 2374 2530 τολμητίαι
2405 2460 2632 2531 κέλητες
2665 2461 2752 2524 ἐφ’
2794 2460 2977 2514 ἵππων
3007 2463 3306 2516 ὠκυπόδων
3324 2465 3525 2532 γυμνοὶ
3552 2465 3680 2515 ἐκα-

2084 2551 2321 2621 τέρωθεν
2355 2551 2558 2622 ἐλόχων
2595 2553 2689 2605 τοῦ
2717 2554 2985 2622 χάρακος,
3015 2555 3111 2607 καὶ
3140 2556 3267 2617 τοὺς
3298 2558 3378 2618 είς
3410 2555 3681 2623 συλλογὴν

2085 2644 2352 2708 ἀπιόντας
2384 2644 2535 2713 χιλοῦ
2577 2643 2770 2708 ὕδατός
2801 2663 2860 2698 τε
2907 2645 3126 2716 ἀρδείαν
3167 2645 3481 2715 ἐκθορόντες
3535 2647 3670 2718 ἀνῄ-

2091 2753 2219 2807 ρουν
2246 2737 2278 2806 ἢ
2313 2736 2409 2788 καὶ
2444 2735 2815 2806 συνήρπαζον,
2846 2735 2921 2799 ὡς
2946 2738 3074 2798 τούς
3120 2754 3180 2790 τε
3215 2737 3558 2807 στρατιώτας
3584 2738 3680 2791 καὶ

2086 2831 2188 2896 τὴν
2219 2829 2390 2882 ῖππον
2417 2828 2597 2882 αὐτῶν
2641 2829 3009 2900 ἀπειρηκέναι
3039 2829 3118 2900 τῷ
3148 2829 3312 2900 δίψει.
3345 2825 3476 2882 Είτα
3507 2845 3677 2899 συνη-

2090 2919 2340 2989 θέστεροι
2403 2920 2688 2988 γεγονότες
2767 2923 2889 2983 ταῖς
2955 2921 3250 2991 ἐκδρομαῖς
3329 2924 3466 2992 πρὸς
3551 2921 3680 2984 τοὺς

2009 3007 2053 3064 C
2099 3013 2408 3082 Ῥωμαίους
2433 3013 2480 3066 οἱ
2512 3012 2773 3086 Ἄραϐες,
2815 3014 2910 3067 καὶ
2937 3010 3050 3067 οἷον
3079 3013 3446 3082 καταγνόντες
3475 3013 3679 3070 δειλίαν

399 3101 598 3167 αὐτῶν,
629 3099 822 3171 ἀθρόον
856 3089 961 3154 ἀπὸ
988 3101 1095 3154 τῶν
1126 3103 1418 3172 μετεώρων
1489 3103 1896 3174 ἐξωρμηκότες,
1957 3106 2054 3159 καὶ
2090 3105 2426 3178 βαρϐαρικὸν
2476 3106 2864 3173 ἀλαλάξαντες,
2923 3107 3021 3161 καὶ
3073 3107 3313 3177 πλήθους
3368 3108 3677 3175 φαντασίαν

397 3199 848 3271 ἀπεργασάμενοι
877 3199 952 3269 τῷ
1001 3199 1078 3269 μὴ
1133 3199 1509 3271 συνασπισμὸν
1568 3201 1778 3270 τηρεῖν,
1835 3199 1972 3254 ἀλλά
2003 3201 2421 3273 διεσπασμένως
2488 3202 2800 3273 ἐκτρέχειν,
2819 3202 2916 3257 καὶ
2980 3201 3192 3254 ἐπιέναι
3215 3203 3570 3265 ἀσυντάκτως
3601 3202 3678 3272 τῷ

398 3293 642 3365 χάρακι,
677 3292 1093 3364 ἐκδειματοῦσιν
1139 3291 1287 3348 ἀπαν
1325 3294 1387 3345 τὸ
1411 3293 1830 3365 στρατιωτικὸν,
1885 3294 1980 3347 καὶ
2019 3295 2099 3357 είς
2155 3293 2335 3364 φυγὴν
2376 3293 2662 3364 τρέπουσι,
2693 3296 2792 3348 καὶ
2821 3294 2888 3347 ἂν
2913 3293 3056 3348 ἑάλω
3091 3294 3185 3346 καὶ
3249 3295 3279 3346 ό
3312 3294 3679 3366 αὐτοκράτωρ

398 3387 581 3450 αὐτὸς,
617 3386 713 3456 τῆς
753 3389 881 3456 περὶ
914 3386 1078 3439 αὑτὸν
1114 3385 1548 3458 ἐκταραχθείσης
1589 3387 1854 3457 φρουρᾶς,
1917 3385 2016 3439 καὶ
2048 3386 2362 3448 λελοιπυίας
2391 3385 2738 3457 ἀφρούρητον
2799 3385 2895 3439 τὸν
2936 3385 3366 3456 φρουρούμενον,
3395 3387 3444 3438 εἰ
3479 3386 3554 3455 μή
3591 3400 3680 3443 τις

400 3481 560 3534 αὐτὸν
608 3479 702 3532 ἐπὶ
735 3480 826 3532 τὸν
860 3479 1026 3532 ἵππον
1057 3478 1307 3542 ἀνέλαϐε,
1347 3478 1442 3532 καὶ
1472 3477 1693 3546 φεύγειν
1727 3480 2040 3550 ἐπέρρωσεν
2097 3477 2514 3532 ἐκπεπνευκότα
2576 3476 2653 3548 τῷ
2717 3477 2826 3529 δέει
2863 3478 3085 3548 μικροῦ.
3138 3476 3413 3548 Ἀπῄεσαν
3449 3479 3550 3546 μὲν
3584 3471 3680 3529 οὖν

399 3579 448 3630 οἱ
485 3579 744 3645 Ῥωμαῖοι
775 3575 1049 3639 ἀτάκτως,
1080 3576 1154 3638 ὡς
1182 3575 1411 3641 ἕκαστος
1455 3575 1614 3646 ἐτυχε
1645 3575 1883 3641 θέοντες.
1955 3579 2018 3630 0i
2057 3577 2113 3630 δέ
2190 3575 2468 3647 Βάρϐαροι
2501 3577 2562 3630 τὸ
2618 3576 2930 3646 παράλογον
2963 3577 3062 3645 τῆς
3095 3575 3306 3645 τροπῆς
3352 3573 3679 3645 τεθηπότες,

402 3673 548 3728 κατά
562 3673 668 3727 τῶν
690 3670 1199 3740 ἀποδιδρασκόντων
1218 3673 1319 3724 οὐκ
1354 3671 1665 3737 ἐπεξέθεον,
1725 3673 1862 3727 ἀλλά
1920 3674 2063 3726 κατά
2100 3671 2193 3726 τοῦ
2226 3673 2466 3744 χάρακος
2491 3672 2663 3734 ἔθεον,
2701 3671 2916 3739 ὀλίγους
2947 3669 3056 3724 τῶν
3091 3669 3539 3739 ἐπιφανεστέρων
3571 3668 3681 3731 ζω-

401 3769 728 3839 γρήσαντες,
757 3762 850 3815 καὶ
871 3765 971 3832 τήν
1003 3779 1061 3814 τε
1089 3764 1292 3831 σκηνὴν
1325 3764 1667 3836 διηρπάκασι
1697 3765 1796 3835 τὴν
1853 3765 2149 3834 βασίλειον,
2223 3768 2430 3837 μεστὴν
2488 3761 2656 3820 οὖσαν
2723 3763 2958 3819 πλούτου
2994 3763 3338 3818 παντοδαποῦ
3386 3762 3485 3817 καὶ
3513 3763 3683 3817 πολυ-

404 3860 621 3922 τελείας
667 3855 976 3923 Ειασιλικῆπ,
1004 3854 1098 3906 καὶ
1135 3855 1233 3924 τὴν
1271 3855 1436 3919 ἄλλην
1471 3857 1779 3926 ἀποσκευὴν
1811 3858 1895 3924 ἐφ’
1919 3859 2147 3921 ἑαυτοὺς
2169 3857 2514 3928 ἀναθέμενοι,
2542 3855 2932 3922 ἐπανέζευξαν.

482 3951 596 4006 ΧΠ.
629 3949 945 4018 .lmpcrator
978 3963 1108 4001 vero
1139 3948 1324 4002 studio
1357 3949 1594 4003 militum
1620 3966 1848 4005 suorum
1876 3950 1982 4004 An<

2172 3949 2271 4005 IB'.
2306 3952 2367 4004 '0
2415 3951 2470 4004 δέ
2523 3950 2776 4021 βασιλεὺς
2827 3951 2910 4014 είς
2971 3950 3301 4021 Ἀντιόχειαν
3347 3949 3686 4005 διασέσωστο

409 4043 670 4102 tioehiam
708 4039 1028 4110 perductus,
1055 4046 1225 4107 atque
1259 4038 1383 4092 inde
1407 4055 1637 4109 propere
1669 4041 1982 4112 Byzantium

2095 4044 2298 4112 σπουδῇ
2335 4045 2444 4095 τῶν
2465 4041 2594 4113 περὶ
2616 4043 2803 4107 αὑτὸν,
2841 4042 3102 4096 κάκεῖθεν
3133 4044 3226 4094 ἐπὶ
3257 4041 3353 4113 τήν
3386 4044 3685 4096 Κωνσταν-

409 4149 713 4205 reg:essu.~',
758 4147 868 4184 non
908 4129 1165 4184 eumdem
1204 4131 1371 4185 animi
1405 4131 1655 4185 habiturn
1697 4147 1991 4186 conserva-

410 4230 510 4293 vit,
546 4226 641 4282 sed
692 4234 938 4278 mutatus
981 4224 1034 4276 in
1067 4223 1334 4288 deterius,
1381 4234 1442 4278 ut
1477 4224 1676 4278 amissa
1709 4231 1989 4293 pensaret,

410 4337 511 4393 pro
565 4321 898 4389 imperatore
956 4315 1139 4370 factus
1209 4323 1296 4370 est
1361 4325 1584 4371 exactor
1654 4324 1710 4370 et
1756 4314 1993 4370 acerbus

403 4421 674 4482 quaestor,
711 4409 962 4462 obsoleta
996 4417 1214 4477 patrum
1252 4407 1437 4463 debita
1469 4423 1497 4462 a
1528 4408 1720 4463 liberis
1742 4409 1990 4478 exigens,

415 4503 563 4571 rogis
603 4510 794 4556 contra
828 4499 1083 4554 subditos
1127 4499 1504 4565 redacccnsis,
1546 4515 1686 4567 quos
1731 4501 1994 4570 temporis

417 4594 754 4648 diuturnitas
783 4593 867 4647 vel
897 4591 1257 4652 exstinxerat,
1285 4591 1370 4645 vel
1397 4591 1679 4646 cineribus
1702 4592 1970 4648 obruerat

411 4685 548 4739 Inde
584 4684 744 4738 multi
781 4684 1038 4753 paternis
1071 4682 1287 4738 aedibus
1321 4691 1376 4737 et
1406 4682 1592 4738 fundis
1623 4684 1991 4753 pellebantur,

415 4787 473 4832 et
502 4777 752 4845 pristinis
782 4775 984 4845 opibus
1015 4774 1237 4846 spoliati
1287 4774 1354 4828 ad
1392 4775 1664 4845 insignem
1695 4784 1990 4845 egestatem

415 4870 794 4940 adigebantur.
839 4869 971 4935 Quae
1016 4884 1186 4938 quum
1224 4868 1454 4932 tierent,
1511 4867 1650 4922 nihil
1698 4869 1753 4922 in
1800 4867 1992 4924 ﬁscum

414 4963 708 5026 inferebat,
741 4963 836 5018 sed
868 4961 1205 5017 monasterio
1237 4961 1526 5031 magnifico
1555 4970 1610 5015 et
1639 4959 1755 5014 a:de
1786 4960 1841 5014 in
1874 4976 1993 5014 ma-

414 5054 516 5111 tris
548 5055 642 5109 Dei
679 5055 951 5108 honorem
990 5062 1304 5117 exstructa,
1343 5067 1452 5106 non
1481 5068 1601 5106 eam
1633 5051 1794 5105 modo
1827 5066 1994 5120 pecu-

411 5147 586 5208 niam,
621 5161 814 5200 verum
845 5154 901 5200 et
934 5161 964 5200 e
1005 5145 1138 5200 ﬁsco
1180 5143 1562 5215 depromptam
1607 5145 1990 5211 consumebat,

413 5240 568 5305 dum,
601 5246 661 5293 ut
700 5237 791 5291 ille
819 5237 934 5304 ait,

2091 4136 2398 4190 τινούπολιν
2424 4135 2746 4205 ἀνέδραμεν,
2773 4135 2958 4187 οὐκέτι
2984 4136 3084 4202 τὴν
3111 4135 3348 4204 πρόσθεν
3367 4137 3468 4203 τῆς
3497 4133 3682 4204 ψυχῆς

2093 4227 2351 4281 δεικνύων
2383 4226 2643 4288 διάθεσιν,
2680 4225 2793 4279 ἀλλ’
2827 4225 3145 4286 ἀλλοιωθεὶς
3192 4225 3290 4296 τὴν
3322 4227 3420 4279 ἐπὶ
3447 4226 3511 4278 τὸ
3567 4229 3680 4296 χεῖ-

2098 4337 2188 4391 ρον
2216 4318 2519 4372 ἀλλοίωσιν.
2564 4317 2684 4371 Ἵνα
2723 4319 2833 4388 γὰρ
2865 4317 2973 4370 τῶν
2998 4317 3358 4370 ἀπολωλότων
3389 4318 3680 4370 ίσοστάσια

2095 4409 2388 4478 κτήσηται,
2409 4409 2675 4480 πράκτωρ
2701 4408 2824 4460 ἀντὶ
2846 4407 3179 4478 κρατοῦντος
3199 4407 3416 4476 ἐγένετο
3439 4407 3568 4478 (3'),
3589 4411 3685 4460 καὶ

2095 4502 2291 4572 πικρὸς
2323 4499 2598 4570 λογιστὴς,
2628 4499 2824 4563 παῖδας
2854 4501 3112 4568 πατέρων
3153 4500 3509 4570 γεγηρακότα
3539 4501 3683 4570 χρέα

2093 4593 2488 4664 πραττόμενος,
2517 4593 2611 4646 καὶ
2643 4592 2919 4665 πυρκαϊὰς
2949 4593 3207 4648 ἀνάπτων
3233 4594 3375 4647 κατά
3399 4594 3508 4648 τῶν
3542 4596 3684 4664 ύπη-

2093 4687 2255 4752 κόων,
2291 4687 2468 4755 ἇσπερ
2497 4687 2524 4738 ὁ
2577 4684 2762 4754 χρόνος
2792 4685 2894 4757 ήδη
2930 4685 3097 4749 πολὺς
3132 4686 3480 4757 πρεσϐεύσας
3521 4688 3686 4739 κατέ-

2097 4781 2308 4844 σϐεσεν,
2356 4779 2555 4850 ἣτέως
2603 4779 2918 4848 κατέχωσεν
2972 4779 3076 4832 ὑπὸ
3135 4779 3350 4850 σποδιᾷ.
3399 4779 3685 4832 Ἐντεῦθεν

2095 4873 2280 4927 πολλοὶ
2301 4873 2410 4925 τῶν
2437 4872 2708 4944 πατρῴων
2731 4873 2918 4925 οἰκιῶν
2941 4875 3036 4926 καὶ
3064 4872 3250 4944 ἀγρῶν
3280 4871 3682 4942 ἀπηλαύνοντο,

2094 4964 2188 5018 καὶ
2230 4963 2325 5034 τὴν
2356 4965 2482 5033 πρὶν
2514 4963 2809 5034 εὐκληρίαν
2853 4963 3326 5033 ἐκδιδυσκόμενοι,
3378 4967 3458 5026 εἰς
3488 4965 3683 5017 πενίαν

2093 5055 2353 5127 λαμπρὰν
2385 5055 2803 5126 συνηλαύνοντο.
2835 5056 2958 5109 Τῶν
2989 5056 3032 5108 δ’
3056 5055 3229 5119 οὕτως
3279 5057 3686 5127 εἰσπραττομέ-

2093 5165 2200 5203 νων
2248 5148 2400 5201 ούδέν
2449 5149 2529 5212 εἰς
2587 5147 2648 5201 τὸ
2695 5147 2954 5218 δημόσιον
3007 5150 3343 5221 εἰσεφέρετο,
3404 5149 3545 5204 ἀλλά
3595 5164 3685 5202 σε·

2097 5241 2279 5310 μνεῖον
2297 5240 2677 5311 οἰκοδομῆσαι,
2710 5241 2808 5295 καὶ
2825 5241 2954 5295 ναδν
2982 5243 3049 5313 τῇ
3072 5241 3380 5311 Θεομήτορι
3404 5242 3683 5312 προθέμε-

1603 5367 1809 5430 Variae
1833 5368 2146 5432 lectiones
2171 5377 2234 5432 et
2261 5376 2458 5434 notas.

482 5497 581 5565 (5⁸)
613 5492 891 5565 Πρὰκζωρ
917 5491 1052 5546 ἀντὶ
1079 5493 1442 5565 κρατοῦντος
1481 5493 1741 5565 ἐγένετο.
1777 5494 1989 5549 Psellus

415 5565 471 5620 in
492 5563 719 5620 laudata
769 5563 1012 5633 Epistula
1039 5563 1106 5618 ad
1144 5563 1587 5628 Monomachum.
1630 5565 1698 5619 de
1726 5565 1938 5635 Argyro
1967 5582 1981 5620 :

421 5635 823 5706 Ἀπαραίτητός
862 5651 919 5687 τε
961 5635 1021 5688 τὸ
1063 5635 1415 5704 ὀφειλόμενον
1445 5635 1854 5706 εἰσεπράττετο,
1888 5635 1984 5687 καὶ

405 5705 468 5759 ἐν
489 5705 757 5767 δαπάναις
784 5705 841 5757 τὸ
864 5709 1141 5776 χρεωστού
1149 5723 1314 5776 μενον
1364 5705 1752 5768 κατεϐάλλετο.
1782 5705 1927 5758 Infra
1960 5721 1975 5758 :

2112 5495 2698 5570 ’EV75505VAY‘MBgat:
2751 5499 2987 5569 φαύλαις
3033 5498 3372 5570 συνομιλῶν.
3427 5498 3526 5554 καὶ
3564 5498 3682 5554 δια-

2093 5569 2266 5640 νοίαις
2319 5567 2778 5640 συνδιαιτώμενος
2839 5567 3179 5639 κακοήθεσι,
3217 5570 3533 5640 μετεϐλήθη
3580 5572 3681 5638 τὴν

2090 5637 2421 5759 ψρχηχᾊικαὶ
2471 5637 2629 5710 πρὸς
2660 5641 2890 5710 πράξεις
2932 5637 3022 5695 τὸν
3071 5637 3333 5711 λογισμὸν
3377 5637 3682 5711 ὴλλοίωσεν

2090 5724 2151 5759 ου
2186 5724 2218 5759 κ
2261 5726 2286 5756 λ
2333 5724 2382 5759 ς.

2277 5743 2355 5770 sm.
2367 5744 2382 5760 ο
