3964 6252
411 422 517 487 179

1710 431 2037 493 «ΙΟΑΝΝΙΞ
2079 433 2404 497 ZONARE

3555 434 3656 500 180

474 534 615 590 XIII.
659 534 756 591 llis
794 538 1034 608 peractis
1068 537 1176 593 fata
1209 539 1259 595 ei
1299 539 1581 595 instabant
1609 558 1622 595 :
1655 557 1766 612 quo
1796 550 1980 598 autem

2157 550 2255 605 ll'".
2293 551 2431 621 Ἤδη
2465 550 2519 605 δέ
2551 553 2596 605 ol
2635 549 2768 620 πρὸς
2800 549 2948 615 τέλος
2978 550 3182 622 ἧγγικε
3208 550 3266 605 τὶ,
3296 550 3660 623 βιώσιμον-τὸ

404 636 566 697 pacto
606 626 677 683 sit
727 624 1018 685 defuncths
1057 633 1444 702 exponendum
1478 643 1582 691 est.
1625 635 1861 706 Imperio
1893 652 1980 691 re-

404 734 539 774 cens
561 718 786 790 potitus,
810 720 969 787 longa
992 723 1094 777 sibi
1121 733 1176 779 et
1200 725 1321 783 vita:
1339 737 1396 780 et
1420 726 1570 797 regni
1595 737 1837 797 tempora
1866 726 1982 796 pul-

406 810 697 877 licehatur,
748 814 999 883 quamvis
1047 831 1116 869 eo
1162 818 1273 887 jam
1317 817 1708 888 sexagenarius
1751 818 1979 889 potitus,

407 920 578 974 seque
628 905 841 977 imperii
889 923 1266 963 successorem
1314 924 1344 964 e
1381 909 1583 964 lumbis
1629 909 1745 964 suis
1797 917 1981 965 ortum

409 997 734 1052 relicturum
760 1000 1070 1054 somniabat
1103 1019 1115 1055 :
1145 1016 1323 1070 neque
1349 1001 1641 1071 reputabat
1674 1002 1984 1073 impcratri-

405 1103 524 1142 cem
548 1104 710 1158 quam
736 1090 787 1144 in
810 1092 1161 1146 matrimonio
1179 1092 1416 1147 habebat
1434 1094 1979 1163 quinquagenariam,

403 1179 570 1235 eﬂ‘eto
621 1191 781 1239 utero
835 1183 1075 1253 ineptam
1125 1199 1247 1240 esse
1326 1186 1395 1240 ad
1439 1202 1627 1242 semen
1675 1186 1981 1258 proliﬁeum

404 1272 564 1346 233
612 1276 1045 1345 excipiendum:
1113 1293 1180 1333 ac
1240 1278 1514 1350 principio
1581 1281 1659 1335 rei
1725 1296 1977 1338 venerea:

405 1384 600 1442 magna
637 1373 996 1429 contentione
1040 1373 1396 1430 incumbebat
1463 1377 1823 1432 unctionibus
1852 1378 1980 1449 qui-

405 1461 638 1525 busdam
670 1464 902 1527 utendo,
956 1477 1012 1522 et
1053 1467 1271 1538 conjugi
1326 1467 1546 1537 lapillos
1591 1469 1981 1538 appendendo,

404 1569 527 1622 quae
554 1567 888 1626 conceptum
926 1556 1201 1629 adjuturaa
1240 1559 1586 1625 viderentur,
1633 1560 1723 1615 illa
1770 1560 1982 1616 ferente

404 1646 614 1708 omnia,
650 1661 716 1700 ac
751 1662 818 1711 ne
850 1662 878 1701 a
910 1649 1251 1707 carminibus
1281 1650 1506 1721 quidem
1552 1662 1609 1706 et
1655 1652 1983 1709 incantatio-

406 1737 572 1793 nibus
623 1739 982 1797 abhorrente.
1039 1743 1148 1801 Sed
1195 1761 1317 1801 cum
1370 1745 1556 1800 omnia
1598 1745 1802 1817 frustra
1836 1761 1976 1811 esse.

407 1843 586 1898 neque
615 1845 673 1884 se
703 1832 812 1886 voti
840 1843 1151 1905 compotem
1188 1850 1349 1905 posse
1384 1835 1500 1891 fieri
1542 1844 1838 1892 cerneret:
1874 1851 1981 1890 non

407 1921 638 1987 perinde
682 1937 809 1992 erga
859 1939 1084 1980 uxorem
1134 1926 1386 1993 aﬂ‘ectus,
1436 1927 1619 1981 rarius
1649 1927 1798 1982 illam
1844 1926 1984 1983 invi-

408 2011 585 2074 sebat,
616 2029 742 2068 eum
777 2025 975 2072 natura
1022 2018 1242 2089 segnior
1282 2019 1353 2074 ad
1385 2020 1593 2073 coitum
1634 2028 1687 2075 et
1741 2019 1981 2085 mollior,

407 2094 521 2173 tum
570 2121 700 2159 vero
753 2118 916 2164 m'ate
974 2111 1258 2167 salacitate
1320 2111 1600 2167 hebetata.
1673 2110 1745 2167 Ut
1813 2111 1983 2183 igitur

405 2198 615 2252 exactis
663 2200 873 2271 aliquot
928 2203 981 2258 in
1045 2202 1279 2273 imperio
1335 2203 1516 2268 annis,
1572 2203 1982 2272 imperatriccm

407 2290 793 2359 aversabatur,
844 2294 936 2349 illa
984 2304 1040 2350 et
1079 2296 1165 2350 sui
1199 2304 1518 2366 contemptu
1555 2306 1608 2351 et
1640 2296 1869 2353 libidine
1909 2296 1984 2351 ir-

410 2379 571 2435 ritata
600 2390 685 2436 est
712 2383 778 2437 ad
818 2385 923 2440 viri
965 2386 1176 2443 odium.
1205 2386 1338 2442 Erat
1363 2398 1549 2443 autem
1601 2389 1851 2443 Romano
1873 2389 1987 2459 pri-

407 2481 538 2527 vato
580 2473 763 2531 adhuc
808 2478 1002 2546 spado,
1050 2479 1208 2549 cujus
1251 2478 1438 2534 fratris
1476 2480 1758 2535 Michaelis
1786 2480 1984 2537 facient

411 2575 607 2623 natura
649 2568 716 2622 ad
746 2570 1077 2639 exquisitam
1109 2572 1584 2641 pulchritudinem
1633 2574 1940 2644 cxpolierat
1969 2592 1983 2630 :

409 2650 503 2725 qui
545 2659 655 2729 jam
713 2660 1032 2731 imperatori
1082 2680 1112 2717 ιι
1156 2663 1328 2718 fratre
1364 2665 1805 2729 commendatus,
1843 2667 1988 2722 inter

409 2749 649 2805 cubiculi
675 2752 958 2809 ministros
996 2754 1204 2809 ascitus
1232 2755 1429 2811 fuerat.
1453 2757 1585 2830 Ejus
1609 2758 1775 2824 igitur
1798 2774 1988 2816 amore

410 2850 569 2919 capta
614 2843 933 2914 imperatrix
980 2846 1212 2902 ardebat
1259 2849 1466 2913 animo,
1528 2867 1692 2920 quem
1729 2852 1984 2907 ardorem

412 2934 772 3004 quotidianus
828 2949 1161 3008 conspectus
1214 2941 1645 3011 pulchritudinis
1697 2944 1844 2999 illius
1898 2944 1986 2999 in-

414 3026 749 3085 flammabat.
804 3028 942 3085 Cum
989 3043 1172 3087 autem
1228 3034 1526 3104 spadonem
1575 3035 1726 3089 illum
1772 3036 1983 3105 pridem

413 3113 647 3181 odisset,
676 3128 789 3171 tum
819 3119 1100 3175 hominem
1129 3123 1469 3187 accersebat,
1502 3133 1558 3179 et
1589 3125 1732 3179 inter
1753 3125 1988 3182 familia-

2084 640 2131 696 δ’
2160 643 2309 706 ὅπως
2343 643 2592 709 ἀπεὸίω,
2644 643 2952 715 διηγητέον.
3011 645 3173 714 "Ap-rt
3221 643 3322 719 τῆς
3378 643 3661 714 βασιλείας

2086 734 2384 806 ἐπιτυχὼν,
2407 737 2632 809 χρόνους
2660 734 2839 806 ἑαυτῷ
2869 738 2964 789 καὶ
2991 737 3094 805 τῆς
3122 734 3277 807 ζωῆς
3304 735 3400 791 καὶ
3428 735 3531 803 τῆς
3560 735 3660 803 ἀρ-

2085 829 2186 898 χῆς
2211 829 2502 900 ὲπεμέτρει
2526 827 2793 898 μακροὺς,
2823 828 2962 881 κατά
2982 827 3159 901 ταῦτα
3178 825 3569 897 ἑξηκοντούτης
3584 823 3659 894 (7)

2084 920 2161 974 ὢν
2200 923 2287 974 ἴτε
2336 920 2445 975 τῶν
2502 921 2796 992 σκήπτρων
2829 920 3127 987 ἐπείληπτο
3180 919 3274 974 καὶ
3306 914 3564 997 ¹διαδοχὴν
3596 918 3661 987 τῇ

2087 1012 2342 1086 βασιλείᾳ
2391 1013 2717 1068 καταλιπεῖν
2756 1013 2821 1065 ἐκ
2856 1011 2954 1080 τῆς
2978 1009 3179 1084 ὀσφύος
3212 1008 3379 1062 αὑτοῦ
3429 1009 3664 1077 ἐφαντά-

2085 1108 2229 1173 ζεᾼτο,
2267 1106 2392 1177 μηδ’
2418 1108 2610 1176 ὅτιπερ
2648 1108 2679 1176 ἡ
2723 1099 2993 1177 βασιλὶςῇ
3034 1103 3337 1174 συνῴκιστο
3361 1117 3661 1173 πεντηκονι

2086 1200 2285 1270 τούτης
2313 1193 2402 1267 ἦν,
2439 1198 2535 1251 καὶ
2585 1196 2926 1269 ὑπέρακμος,
2953 1195 3046 1249 καὶ
3094 1196 3327 1264 ἄνικμος
3372 1190 3472 1262 τὴν
3499 1190 3663 1257 νηδὺν

2088 1293 2226 1365 πρὸς
2278 1292 2615 1365 σπερμάτων
2675 1287 2945 1358 ὑποδοχὴν
2978 1328 2995 1354 ,
3046 1286 3344 1357 δυνάμενος
3409 1284 3661 1339 συνιδεῖν.

2088 1389 2366 1457 Πρότερον
2399 1386 2500 1456 μὲν
2533 1382 2626 1438 οὖν
2679 1381 3006 1435 ἐσπουδάκει
3050 1379 3180 1448 περὶ
3227 1377 3295 1432 τὰ
3349 1374 3662 1448 ἀφροδίσια,

2086 1481 2179 1533 καὶ
2204 1467 2516 1533 κατέτεινεν
2541 1474 2755 1539 ἑαυτὸν,
2777 1472 2869 1526 καὶ
2891 1470 3158 1543 χρίσμασί
3193 1487 3338 1523 τισιν
3374 1468 3664 1538 ἐκέχρητο,

2087 1570 2182 1625 καὶ
2210 1571 2279 1640 τῇ
2316 1567 2550 1637 συνοίκῳ
2603 1566 2887 1637 προσήρτα
2921 1563 3145 1627 λιθίδια,
3182 1561 3260 1623 ὡς
3307 1559 3372 1630 δή
3418 1576 3471 1610 τι
3517 1558 3666 1627 ὲνερ-
3700 1628 3703 1633 Δ

2086 1661 2290 1733 γοῦντα
2337 1661 2467 1731 περὶ
2505 1659 2605 1731 τὴν
2645 1658 2864 1729 κύησιν.
2911 1654 2973 1708 Ἦ
3004 1654 3059 1709 δὲ
3110 1654 3202 1727 καὶ
3243 1651 3521 1724 ἁμμάτων
3573 1651 3666 1703 καὶ
3699 1656 3703 1663 ’

2088 1753 2423 1827 ὲπᾳσμάτων
2466 1752 2736 1824 ἠνείχετο,
2784 1749 2878 1804 καὶ
2919 1747 3175 1819 προσίετο
3226 1744 3464 1816 ἐπῳδάς.
3512 1743 3669 1798 Ἐπεὶ

2087 1846 2134 1900 δ’
2165 1846 2396 1915 ἐγνώκει
2446 1845 2624 1898 πάντα
2675 1842 2853 1913 μάτην
2901 1840 3163 1910 γινόμενα
3209 1838 3238 1891 6
3293 1836 3534 1908 κρατῶν,
3573 1835 3669 1887 καὶ

2089 1937 2401 2007 ἀπεγνώκει
2432 1935 2493 1990 τὸ
2521 1934 2979 2003 σπουδαζόμενον,
3008 1929 3190 1985 οὐκέθ’
3208 1929 3408 1998 ὁμοίως
3430 1928 3669 1981 διέκειτο

2088 2029 2216 2099 περὶ
2244 2029 2348 2101 τὴν
2376 2026 2715 2098 εύνέτειραν,
2747 2025 2865 2081 ἀλλ’
2896 2017 3059 2096 ἦττον
3089 2023 3227 2093 αὐτῇ
3269 2020 3527 2092 προσῄει.
3560 2015 3668 2073 Ἦν

2088 2119 2196 2187 γὰρ
2225 2118 2320 2172 καὶ
2354 2116 2512 2186 φύσει
2542 2114 2721 2187 νωθὴς
2749 2113 2885 2186 πρὸς
2913 2113 3058 2183 μίξιν
3083 2113 3180 2183 καὶ
3208 2110 3660 2182 μαλθακώτερος.

2093 2212 2232 2280 Ἤδη
2280 2209 2336 2264 δὲ
2365 2210 2461 2263 καὶ
2490 2210 2517 2263 6
2544 2208 2735 2279 χρόνος
2778 2205 2928 2275 αὐτῷ
2966 2205 3066 2275 τὴν
3102 2203 3320 2273 κίνησιν
3367 2201 3667 2272 ἤμϐλυνεν,

2103 2305 2192 2367 Ὠς
2224 2303 2281 2356 δέ
2306 2318 2453 2364 τινες
2500 2299 2649 2371 αὐτῷ
2677 2300 2772 2352 ἐπὶ
2814 2300 2880 2369 τῇ
2933 2296 3184 2368 βασιλείᾳ
3219 2293 3670 2365 ὲξεμετρήθησαν

2088 2374 2352 2456 ἐνιαυτοὶ,
2407 2391 2503 2446 καὶ
2549 2388 2911 2459 ἁποστρόφως
2960 2381 3074 2458 εἶχε
3114 2384 3251 2456 πρὸς
3280 2384 3380 2454 τὴν
3415 2381 3669 2454 βασίλισ-

2093 2466 2215 2553 σαν,
2262 2488 2295 2558 ἡ
2347 2486 2403 2540 δὲ
2453 2480 2940 2553 καταφρονουμὲνη
2997 2476 3134 2552 πρὸς
3186 2479 3339 2546 μῖσος
3387 2475 3668 2547 ἠρέθιστο,

2091 2579 2188 2641 καὶ
2240 2579 2403 2633 πλέον
2450 2576 2520 2630 δι’
2546 2575 2769 2646 ὁμιλίαν
2820 2571 3039 2642 ἀνδρός.
3074 2565 3184 2624 Ἶίν
3216 2568 3274 2623 δέ
3301 2586 3385 2631 τις
3433 2568 3532 2639 καὶ
3565 2568 3668 2637 πρὸ

2091 2672 2187 2740 τῆς
2220 2667 2498 2740 βασιλείας
2535 2666 2798 2735 ἐκτομίας
2825 2661 3109 2733 ὑπηρέτης
3127 2659 3205 2730 τῷ
3231 2659 3464 2728 βασιλεῖ,
3494 2658 3669 2727 τούτῳ

2090 2764 2133 2817 δ’
2165 2760 2307 2835 ἦσαν
2334 2760 2653 2832 ὁμαίμονες,
2694 2750 2769 2811 ὧν
2802 2749 2886 2818 είς
2921 2750 2988 2824 ἦν
3030 2752 3127 2806 καὶ
3166 2753 3194 2805 6
3243 2752 3487 2823 Μιχαὴλ,
3527 2751 3668 2822 ἀνὴρ

2090 2851 2135 2925 ᾧ
2166 2855 2262 2928 τὴν
2290 2853 2411 2921 ὄψιν
2439 2855 2471 2922 ἡ
2508 2850 2670 2918 φύσις
2702 2849 2964 2913 ἁπέξεσεν
2997 2847 3078 2908 είς
3103 2844 3308 2917 ἀκριὸῆ
3334 2845 3668 2916 ὡραιότητα.

2092 2948 2298 3007 Τοῦτον
2335 2948 2362 3000 6
2411 2943 2644 3013 ἁδελφὸς
2697 2940 2835 3012 μετὰ
2881 2940 2982 3010 τὴν
3039 2937 3320 3010 βασιλείαν
3353 2935 3669 3006 παρέστησε

2090 3018 2168 3109 τῷ
2207 3035 2473 3106 Ῥωμανῷ
2498 3029 3061 3104 προσληφθησόμενον
3090 3027 3184 3080 ὑπ’
3210 3024 3399 3080 αὐτοῦ’
3428 3026 3456 3078 6
3478 3024 3535 3078 δὲ
3561 3027 3670 3089 τοῖς

2093 3126 2545 3202 θαλαμηπολοῦσι
2583 3129 2677 3178 τὸν
2726 3124 2945 3178 νεανίαν
2984 3118 3273 3184 κατέταξε.
3331 3117 3539 3171 Τούτου
3593 3116 3670 3186 τῷ

336 3266 339 3273 ,
414 3208 530 3263 rius
547 3209 971 3281 colloquendum
987 3217 1434 3285 percontationes
1453 3217 1520 3273 de
1538 3218 1799 3274 Michaele
1820 3218 1989 3276 inter-

2096 3226 2260 3298 ἔρωτι
2292 3220 2495 3277 ἀλοῦσα
2520 3221 2556 3289 ἡ
2587 3216 2799 3291 βασιλὶς
2833 3214 3196 3286 ὲπυρπολεϊτο
3221 3211 3327 3283 τὴν⁷
3352 3209 3555 3282 ψυχὴν,
3579 3211 3673 3263 καὶ

407 3301 658 3371 jiciebat.
683 3305 739 3359 III
767 3322 891 3363 eum
925 3309 1127 3379 saepius
1147 3309 1325 3377 ﬁeret,
1358 3311 1523 3367 homo
1548 3322 1767 3378 acutus,
1795 3328 1985 3368 amore

414 3395 719 3473 intellecto,
755 3402 977 3456 fratrem
1010 3405 1224 3463 monuit
1256 3413 1317 3460 ut
1352 3406 1758 3475 imperatricem
1786 3422 1989 3464 conve-

412 3488 557 3561 niret
586 3506 599 3544 :
632 3490 791 3562 sique
816 3494 884 3549 ab
913 3494 1005 3549 illa
1034 3503 1362 3561 tentaretur,
1405 3496 1543 3552 nihil
1580 3499 1989 3556 verecundatus

411 3597 543 3636 eam
576 3592 632 3637 et
658 3593 1048 3648 contrectaret,
1091 3597 1149 3643 et
1181 3589 1548 3653 oscularetur,
1590 3600 1645 3646 et
1684 3593 1988 3662 amplecte-

414 3683 592 3729 retur.
646 3675 788 3742 Quid
845 3678 1051 3733 multa?
1103 3695 1276 3751 usque
1329 3683 1397 3737 ad
1459 3684 1663 3738 coitum
1724 3687 1994 3755 processit

415 3782 596 3827 amor,
628 3782 693 3822 ac
720 3767 938 3822 tandem
970 3785 1037 3825 eo
1073 3786 1162 3825 res
1202 3772 1446 3840 devenit,
1475 3784 1536 3828 ut
1578 3776 1829 3832 mulieris
1864 3792 1990 3849 erga

416 3858 741 3929 Micbaclem
789 3861 1021 3917 afl‘r-ctus
1069 3865 1244 3932 palam
1296 3875 1652 3936 erumperet,
1703 3884 1882 3938 neque
1933 3869 1990 3924 in

418 3953 569 4025 regia
607 3962 840 4019 tantum,
894 3954 991 4008 sed
1025 3965 1082 4009 et
1129 3957 1184 4010 in
1234 3957 1413 4012 triviis
1460 3969 1864 4027 susurraretur,
1892 3963 1993 4017 soli

419 4047 737 4117 imperatori
772 4048 1014 4120 ignotus,
1044 4050 1134 4104 cui
1167 4049 1221 4103 in
1259 4049 1453 4106 eodem
1489 4067 1612 4106 cum
1647 4053 1996 4123 impcratrice

416 4140 561 4196 lecto
612 4141 860 4206 cubanti,
918 4140 1121 4198 fricare
1177 4142 1343 4213 pedes
1388 4144 1690 4216 jubebatur
1741 4146 1993 4204 Michael.

417 4225 554 4298 Quis
582 4249 715 4289 vero
756 4249 884 4289 eum
918 4236 1167 4291 mulieris
1208 4252 1430 4307 quoque
1475 4236 1644 4307 pedes
1681 4254 1791 4294 non
1828 4251 1998 4297 attre-

417 4336 596 4384 ctasse
628 4329 854 4383 credat?
886 4328 964 4382 Ita
1006 4328 1183 4384 factus
1229 4338 1314 4383 est
1367 4329 1667 4400 imperator
1707 4334 1994 4389 amborum

419 4421 575 4489 quasi
605 4421 732 4475 leno
765 4430 822 4476 ct
853 4421 1222 4476 concubinus.
1259 4421 1329 4477 Ut
1359 4431 1542 4476 autem
1581 4439 1707 4478 eum
1744 4434 1801 4479 et
1840 4441 1999 4481 soror

421 4511 738 4576 PnIcheria,
789 4522 845 4567 et
894 4512 985 4566 alii
1014 4528 1135 4567 eam
1189 4512 1429 4569 fabulam
1482 4516 1762 4581 edoctum,
1800 4527 1862 4573 ut
1890 4520 1993 4575 sibi

420 4614 644 4659 caveret
676 4616 1012 4659 ιιιοηιιετιιηι

419 4706 672 4766 spectum
728 4706 971 4766 rogaret,
1022 4712 1151 4749 num
1187 4696 1255 4750 ab
1285 4697 1634 4765 impcratrice
1678 4706 1997 4759 amaretur?

420 4806 661 4860 cumque
691 4790 1023 4845 inficiantcm
1071 4799 1128 4844 et
1166 4801 1454 4861 negantem
1503 4804 1853 4851 sacramento
1898 4798 2001 4852 ob.

421 4887 754 4957 stringeret:
779 4899 1017 4952 cumque
1046 4883 1135 4937 ille
1168 4885 1490 4954 pejerasset,
1518 4887 1849 4942 calumniam
1877 4903 1999 4943 esse

424 4980 640 5051 putavit
670 4978 840 5033 verba
864 4978 1125 5031 aliorum.
1155 4977 1427 5034 Caeterum
1458 4979 1804 5047 Michaelem,
1838 4972 1909 5038 Ob
1943 4982 1998 5039 id

425 5071 758 5143 perjuriunt,
806 5081 967 5123 atrox.
1012 5070 1241 5123 morbus
1280 5070 1544 5128 invasisse
1597 5073 1814 5129 fertur:
1851 5091 1999 5142 nam,

428 5175 488 5219 ut
514 5164 737 5236 quidam
769 5164 1019 5226 tradunt,
1040 5164 1545 5222 eertisintervallis
1575 5177 1630 5222 et
1662 5176 1846 5224 mente
1871 5168 2003 5223 alie-

428 5260 686 5324 nabatur,
721 5257 885 5329 23h
904 5269 959 5314 et
997 5258 1189 5313 oculos
1236 5259 1645 5330 distorquebat,
1671 5269 1727 5314 et
1761 5271 2003 5317 tremore

426 5351 853 5424 eorripiebatur,
888 5361 943 5405 et
980 5352 1130 5406 humi
1177 5353 1541 5422 procidebat:
1581 5353 1784 5409 deinde
1830 5355 1898 5407 ad
1945 5370 2005 5410 se

1066 4625 1078 4658 :
1130 4603 1268 4658 nihil
1310 4606 1421 4675 egit
1454 4607 1623 4673 aliud,
1670 4609 1775 4663 nisi
1811 4620 1867 4664 ut
1904 4628 1997 4667 su-
2033 4588 2074 4641 ί)

2100 3318 2161 3379 τὸ
2194 3316 2304 3387 πῦρ
2342 3314 2402 3370 τὸ
2440 3312 2653 3367 ἐκείνου
2703 3308 2901 3371 κάλλος
2943 3306 3064 3360 καθ’
3098 3305 3336 3374 ἑκάστην
3395 3302 3671 3374 ὁρώμενον

2093 3409 2455 3481 ὑπανέφλεγε.
2491 3404 2834 3474 Μισούμενος
2861 3401 2907 3456 δ’
2942 3402 3080 3472 αὐτῇ
3111 3397 3301 3468 πρώην
3333 3399 3360 3450 ό
3387 3396 3670 3465 ἐκτομίας,

2092 3506 2215 3559 τότε
2243 3503 2339 3557 καὶ
2374 3497 2786 3573 προσεκαλεῖτο,
2818 3494 2914 3547 καὶ
2943 3492 3160 3562 ὁμιλίας
3194 3489 3395 3560 ἠξίωτο
3436 3503 3674 3557 γνησιω-

2094 3595 2281 3660 τέρας,
2317 3585 2436 3642 εἷτα
2463 3586 2559 3640 κα)⁸
2588 3584 2716 3655 περὶ
2745 3582 2837 3637 τοῦ
2869 3580 3089 3653 Μιχαὴλ
3111 3580 3363 3652 ὴρωτᾶτο
3391 3577 3489 3631 τοῦ
3524 3577 3675 3631 ἀδελ-

2099 3683 2223 3755 φοῦ.
2256 3680 2526 3742 Πολλάκις
2554 3677 2611 3731 δὲ
2640 3676 2837 3735 τούτου
2867 3673 3185 3744 γενομένου,
3220 3672 3393 3735 δεινὸς
3423 3670 3500 3724 ὢν
3530 3672 3676 3723 ὲκιῖο

2097 3792 2210 3838 νος,
2249 3772 2452 3842 συνῆκε
2487 3769 2581 3823 τὸν
2609 3768 2811 3835 ἔρωτα,
2843 3766 2938 3820 καὶ
2963 3763 3041 3837 τῷ
3067 3762 3284 3836 ἁδελφῷ
3318 3761 3556 3817 ὑπέθετο
3585 3760 3678 3814 καὶ

2101 3866 2382 3938 προσιέναι
2435 3866 2502 3936 τῇ
2557 3859 2881 3933 βασιλίσσῃ,
2934 3858 3030 3911 καὶ
3080 3859 3129 3911 ei.
3200 3854 3436 3925 πειρῷτο
3491 3854 3678 3923 ἐκείνη

2103 3956 2292 4017 αὐτοῦ,
2328 3954 2404 4027 μὴ
2437 3952 2831 4023 ὑποσταλῆναι,
2862 3950 2998 4004 ἀλλὰ
3034 3950 3130 4004 καὶ
3170 3948 3412 4026 ἅψασθαι
3460 3950 3556 4000 καὶ
3590 3964 3689 4016 φι-.

2101 4050 2260 4120 λῆσαι
2307 4032 2404 4103 καὶ
2457 4045 2771 4116 προσφῦναι
2811 4046 2971 4115 αὐτῇ.
3024 4043 3134 4098 Καὶ
3186 4043 3237 4096 τί
3279 4041 3360 4095 δεῖ
3406 4041 3476 4095 τὰ
3509 4039 3682 4093 πολλὰ

2101 4140 2315 4207 λέγειν;
2355 4139 2516 4211 μέχρι
2541 4139 2634 4190 καὶ
2661 4134 3065 4203 συνουσιασμοῦ
3100 4134 3165 4188 τὰ
3188 4133 3282 4186 τοῦ
3305 4133 3506 4202 ἔρωτος
3541 4148 3678 4186 κατ·

2102 4234 2448 4311 ηντήκεσαν..
2494 4230 2589 4284 καὶ
2618 4228 2901 4300 προϊόντος
2927 4226 3023 4279 τοῦ
3056 4225 3251 4297 χρόνου
3283 4226 3361 4287 εἰς
3394 4220 3677 4293 προῦπτον

2104 4327 2294 4398 σχεδὸν
2326 4325 2388 4376 τὸ
2424 4324 2552 4392 περὶ
2604 4321 2696 4375 τὸν
2730 4318 2951 4395 Μιχαὴλ
2986 4317 3259 4390 ἐξερράγη
3294 4315 3539 4386 φίλτρον,
3591 4315 3683 4369 καὶ

2103 4416 2170 4492 ἧν
2200 4416 2728 4488 ὑποψιθυριζόμενον
2759 4413 2819 4466 ού
2849 4413 2962 4476 τοῖς
2996 4411 3127 4480 περὶ
3177 4410 3247 4462 τὰ
3297 4408 3552 4480 βασίλεια
3594 4407 3687 4478 μό-

2104 4532 2215 4578 νον,
2248 4512 2383 4565 ἀλλὰ
2408 4509 2502 4564 καὶ
2531 4511 2644 4573 τοῖς
2676 4509 2735 4561 ἐν
2764 4508 2887 4569 ταῖς
2918 4505 3169 4575 τριόδοις,
3188 4503 3334 4574 μόνῳ
3367 4501 3412 4555 δ’
3436 4502 3686 4571 ἠγνοεῖτο

2106 4608 2184 4680 τῷ
2215 4605 2607 4674 αὐτοκράτορι,
2637 4600 2761 4655 ὅθεν
2790 4601 2884 4654 καὶ
2918 4598 3267 4668 συγκειμένῳ
3296 4598 3362 4667 τῇ
3397 4594 3688 4666 βασιλίσσῃ

2108 4701 2259 4770 αὐτῷ
2311 4699 2407 4753 ἐπὶ
2441 4697 2541 4764 τῆς
2590 4695 2755 4764 εὐνῆς
2788 4695 2816 4746 6
2848 4690 3069 4761 Μιχαὴλ
3098 4688 3526 4756 είσκαλούμενος
3560 4689 3688 4741 ἀνα-

2105 4796 2315 4868 τρίϐειν
2363 4793 2414 4845 ot
2460 4791 2592 4851 τοὺς
2641 4789 2810 4850 πόδας
2855 4784 3212 4863 κεκέλευστο.⁸
3236 4782 3302 4834 Τί
3345 4780 3479 4848 γοῦν
3509 4780 3576 4834 ἄν
3606 4796 3688 4842 τις

2106 4890 2353 4960 οίήσαιτο
2385 4886 2419 4958 ἢ
2450 4885 2532 4938 ὅτι
2559 4883 2654 4937 καὶ
2680 4881 2791 4934 τῶν
2825 4877 3043 4947 ἐκείνης
3070 4875 3277 4948 ἥπτετο
3308 4871 3488 4927 ποδῶν
3522 4889 3539 4939 ;
3580 4872 3690 4924 Καὶ

2108 4976 2222 5034 οἷον
2268 4975 2596 5048 προαγωγὸς
2643 4974 2849 5044 ἀμφοῖν
2892 4971 2920 5023 ὁ
2963 4968 3216 5039 βασιλεὺς
3248 4966 3343 5019 καὶ
3390 4964 3692 5035 ὁμευνέτης

2111 5075 2346 5142 ἐγίνετο.
2397 5071 2485 5132 Ὠς
2527 5069 2585 5122 δὲ
2634 5070 2731 5121 καὶ
2774 5067 2808 5136 ἡ
2863 5061 3069 5130 ἀδελφὴ
3104 5059 3414 5129 Πουλχερία
3460 5058 3541 5127 (8)
3600 5059 3694 5109 καὶ

2112 5168 2291 5237 ’ἑτεροι
2338 5162 2468 5233 περὶ
2509 5160 2605 5214 τοῦ
2653 5159 2932 5230 δράματος
2980 5153 3146 5208 αὐτὸν
3198 5150 3539 5216 ἁνεδίδαξαν,
3597 5148 3691 5202 καὶ

2115 5255 2484 5328 φυλάττεσθαι
2524 5250 2950 5325 παρηγγύησαν,
2979 5245 3136 5301 οὐδὲν
3192 5245 3381 5314 ἕτερον
3413 5242 3692 5314 ἐποίησεν,

2113 5353 2250 5406 ἀλλὰ
2287 5351 2377 5404 τὸν
2432 5345 2874 5417 ὑποπτευόμενον
2922 5340 3073 5411 αύτῴ
3109 5337 3367 5401 καλέσας,
3420 5336 3471 5389 εἰ
3523 5333 3695 5405 ὲρῷτο

1626 5492 1826 5553 Variae
1871 5491 2180 5552 lectiones
2222 5492 2285 5549 et
2325 5491 2518 5546 notae.

502 5617 579 5687 (7)
620 5616 1121 5683 Ἐξηκογτούτης.
1178 5614 1408 5674 Michael
1464 5614 1715 5687 Psellus,
1770 5611 1865 5687 lib.
1922 5626 2003 5687 ιιι,

432 5681 572 5742 Hist.
608 5703 710 5741 ms.
745 5687 912 5758 [Ιλέον
951 5681 1126 5758 γὰρ-ἢ
1161 5690 1294 5742 δέκα
1328 5688 1475 5739 ἔτεσι
1527 5685 1626 5755 τὴν
1657 5686 1755 5754 τῆς
1793 5681 2005 5753 βασιλί-

432 5758 519 5819 δος
553 5758 767 5826 ἠλικίαν
796 5757 895 5811 ὁπε
908 5757 1292 5826 ραναῦεϐήκει.

2110 5608 2280 5662 frater
2309 5604 2499 5660 oculos
2541 5600 2687 5656 eruit
2732 5598 2802 5653 ob
2843 5594 3235 5670 tyrannidem:
3272 5604 3481 5670 eique
3508 5586 3695 5670 conju-

2113 5658 2369 5748 rg‘io‘nat—a'
2390 5658 2510 5752 lilia
2529 5673 2689 5727 unica
2720 5658 2888 5752 nupta
2917 5664 3277 5752 Constantino
3310 5658 3693 5752 Elono'r‘naﬁho,

2116 5729 2462 5818 ἕέζείέέίὸξιίιηη
2500 5729 2839 5813 imperatori,
2882 5748 2943 5795 ut
2981 5736 3172 5792 scribit
3206 5730 3438 5790 Michael
3465 5729 3695 5792 Pscllus,

507 5817 584 5895 (Εἰ
612 5827 722 5883 Καὶ
759 5829 798 5898 ἡ
851 5817 1086 5897 ἀδελφὴ
1129 5817 1656 5898 ΙῘοιιλχερίαηριιω
1699 5827 1882 5898 nupsit
1914 5822 1989 5898 Ba:

2113 5817 2211 5875 lib.
2238 5836 2268 5874 v
2305 5817 2442 5872 Hist.
2472 5831 2577 5870 ius.

433 5892 557 5956 Silio
587 5892 795 5959 Sclero'
822 5892 1082 5968 patricio,
1105 5902 1192 5954 cui
1225 5892 1620 5955 Constantinus
1658 5898 1786 5960 imp.
1829 5892 2017 5951 Basilii
