3964 6252
423 357 526 423 183

1670 361 1999 421 JOANNlS
2033 364 2357 424 ZONAIUE

3561 368 3664 436 184

415 473 800 534 ronsalutavit.
827 475 1024 544 partim
1049 474 1179 530 huic
1205 472 1597 546 gratificantes,
1626 473 1824 541 partim
1854 471 1982 538 laeti,

2088 473 2348 547 τριάρχου
2397 475 2634 542 Ἀλεξίου
2683 479 3022 550 ἀφικομένου
3073 480 3211 551 πρὸς
3259 479 3329 535 τὰ
3386 481 3660 552 βασίλεια,

415 564 507 634 qui
533 564 775 619 defuncti
814 563 943 620 odio
977 565 1196 620 liberali
1228 573 1435 622 essent.
1467 563 1790 634 lmperatrix
1819 579 1982 632 porro

413 673 537 711 eum
569 674 626 713 se
664 673 826 728 quam
859 657 1166 716 rectissime
1197 658 1302 712 sibi
1329 657 1694 728 prospexisse,
1720 657 1983 726 omnique

413 753 685 817 potestate
714 747 769 800 in
803 761 862 801 se
903 746 1190 811 translata,
1235 746 1558 801 Michaelem
1591 744 1830 800 ministri
1865 745 1982 800 vice

413 840 730 901 habiturum
761 846 1000 907 putaret,
1060 838 1320 909 Opinione
1346 853 1443 892 sua
1465 837 1689 907 decepta
1715 845 1824 893 est.
1845 836 1980 891 Nam

411 932 478 986 ad
505 941 717 1000 tempus
743 931 832 984 ille
855 930 1078 1000 quidem
1106 930 1396 999 pristinum
1429 945 1669 984 amorem
1695 929 1982 992 simulans,

411 1023 693 1094 obsequiis
722 1023 1008 1077 mulierem
1045 1021 1381 1085 demulcere,
1420 1037 1593 1090 eaque
1641 1020 1822 1076 facere
1862 1033 1984 1089 qua:

411 1116 488 1170 illi
524 1123 678 1185 grata
713 1123 769 1169 et
792 1112 1037 1184 jucunda
1059 1124 1267 1170 essent.
1295 1114 1401 1170 Sed
1431 1131 1555 1170 cum
1578 1113 1984 1169 simulationem

408 1209 626 1280 longius
671 1207 980 1277 producere
1042 1222 1151 1261 non
1213 1214 1418 1276 posset,
1469 1207 1694 1260 mutatis
1737 1205 1983 1259 moribus

409 1311 528 1351 eam
559 1303 867 1364 suspectam
898 1295 1100 1350 habere
1131 1311 1144 1346 :
1175 1295 1391 1365 sibique
1415 1304 1665 1350 metuens
1691 1293 1984 1364 primarios

410 1387 560 1444 illius
609 1387 896 1442 ministros
930 1389 1076 1458 regia
1117 1389 1344 1459 ejicere,
1396 1387 1610 1442 ancillis
1659 1388 1786 1441 item
1823 1386 1984 1441 l'ami-

408 1481 644 1535 liaribus
677 1481 897 1545 amotis,
941 1479 1076 1534 alias
1108 1478 1446 1533 substituere
1480 1497 1490 1531 :
1520 1477 1763 1547 denique
1797 1493 1982 1547 gynae-

407 1571 704 1628 conitidem
731 1572 1007 1634 claudere,
1036 1570 1396 1640 custodiaque
1418 1568 1687 1633 adhibita,
1709 1585 1736 1622 a
1759 1568 1983 1623 nemine

411 1665 558 1720 illam
590 1664 731 1718 adiri
759 1664 890 1733 pati,
924 1665 978 1717 ni
1007 1663 1304 1719 satellitum
1334 1660 1593 1731 praefecto
1616 1660 1982 1730 exposuisset,

409 1755 556 1811 unde
586 1765 639 1810 et
657 1755 725 1811 ad
749 1755 879 1824 quid
905 1755 1139 1810 veniret.
1168 1751 1301 1808 Nam
1325 1763 1376 1808 et
1394 1763 1587 1823 suopte
1604 1752 1854 1822 exemplo
1877 1761 1984 1806 ter-

2084 569 2182 620 καὶ
2210 567 2300 622 τὸν
2329 567 2428 636 μὲν
2475 567 2758 639 Ῥωμανὺν
2783 571 3057 626 τεθνεῶτα
3092 572 3523 636 καταλαὸόντος,
3571 577 3662 628 τδν

2082 659 2141 714 δέ
2187 676 2252 730 γε
2295 661 2516 734 Μιχαὴλ
2558 662 2640 718 ἐτι
2676 664 2746 718 τά
2783 665 2876 719 ἐπὶ
2903 668 2968 736 τῇ
3021 664 3270 738 βασιλείᾳ
3309 667 3658 738 τελούμενον.

2088 748 2226 819 Ἤδη
2265 750 2320 804 δέ
2365 753 2462 806 καὶ
2505 755 2619 817 τοῖς
2667 753 2773 822 ἐξω
2818 756 3162 820 διαδοθέντος
3202 757 3294 812 τοῦ
3348 760 3660 826 γεγονότος,

2083 841 2179 895 καὶ
2209 844 2359 896 πᾶσα
2389 844 2422 912 ἠ
2454 845 2608 907 πόλις
2635 845 2729 898 τὸν
2751 846 2872 900 νέον
2899 847 3232 918 ἀνηγόρευεν
3255 849 3658 919 αὐτοκράτορα,

2081 932 2144 985 τὸ
2197 933 2298 1003 μὲν
2338 935 2486 1004 αὐτῷ
2530 935 2920 1008 χαριζόμενοι,
2976 937 3037 991 τὸ
3073 938 3118 991 δ’
3153 939 3235 992 ὅτι
3284 938 3376 992 τὸν
3421 939 3660 993 ἀπιόντα

2083 1024 2521 1095 ἀπεφορτίσαντο
2548 1027 2852 1097 χαίροντες.
2896 1028 2958 1081 Ἦ
2993 1029 3093 1098 μὲν
3125 1024 3220 1082 οὖν
3274 1027 3488 1099 βασιλὶς
3521 1029 3662 1100 ᾤετο

2084 1116 2476 1189 βουλεύσασθαι
2497 1118 2717 1189 ἄριστα,
2749 1119 2842 1172 καὶ
2871 1121 3039 1189 ἑαυτῇ
3069 1121 3170 1189 τὴν
3198 1123 3382 1176 πᾶσαν
3409 1121 3661 1189 ἐξουσίαν

2083 1209 2567 1280 περιποιήσασθαι,
2606 1211 2700 1264 καὶ
2739 1210 2833 1264 τὸν
2882 1213 3106 1282 Μιχαὴλ
3136 1213 3432 1284 ,ὑπηρέτην
3489 1214 3654 1280 ἕξειν·

2082 1300 2140 1352 τὸ
2171 1297 2227 1353 δέ
2259 1317 2310 1353 τι
2343 1301 2580 1370 ἑτεροῖον
2612 1317 2676 1352 συ
2687 1300 2947 1372 μὸἐδηκε.
2981 1301 3160 1372 Μέχρι
3203 1302 3302 1371 μὲν
3353 1301 3461 1372 γάρ
3513 1318 3658 1365 τινος

2083 1389 2482 1461 ἐσχηματίζετο
2534 1392 2724 1460 τηρεῖν
2753 1391 2852 1462 τὴν
2886 1391 3021 1463 πρὸς
3063 1392 3164 1463 τὴν
3200 1393 3448 1463 βασιλίδα
3481 1393 3660 1446 διάθε-

2085 1500 2192 1550 σιν,
2240 1483 2339 1538 καὶ
2382 1483 2555 1555 ταύτῃ
2599 1484 2944 1555 χαρίζεσθαι,
2981 1485 3074 1538 καὶ
3120 1489 3189 1539 τὰ
3217 1487 3404 1558 ἐκείνῃ
3434 1486 3656 1557 θυμήρη

2083 1578 2281 1640 ποιεῖν,
2310 1572 2428 1629 εἶτα
2460 1577 2561 1630 οὐκ
2589 1577 2670 1639 είς
2701 1576 2922 1647 μακρὰν
2954 1578 3193 1632 ἐκτεῖναι
3225 1581 3324 1652 τὴν
3351 1580 3656 1650 προσποίη-

2088 1684 2176 1721 σιν
2238 1666 2628 1738 ἀνασχόμενος,
2663 1667 3147 1738 μεθαρμόττεται,
3198 1671 3296 1726 καὶ
3356 1671 3658 1724 ὑποπτεύει

2085 1757 2275 1830 αὐτὴν,
2319 1760 2413 1813 καὶ
2453 1759 2640 1821 δείσας
2681 1761 2810 1830 περὶ
2843 1760 3366 1832 ἐαυτῷ,’μεθίστησι
3402 1765 3503 1832 μὲν
3549 1763 3660 1814 τῶν

411 1851 654 1914 rebatur,
686 1857 742 1902 et
778 1847 966 1901 fratris
996 1846 1222 1901 Joannis
1252 1845 1514 1916 spadonis
1542 1844 1779 1914 impulsu
1813 1843 1983 1913 potis-

2088 1849 2376 1920 βασιλείων
2408 1852 2534 1914 τοὺς
2567 1851 2828 1921 ἐκτομίας
2860 1853 2988 1915 τοὺς
3025 1853 3196 1923 αὐτῆς
3229 1852 3516 1925 πατρῴους
3568 1853 3658 1907 θε-

409 1943 610 1996 simum
641 1938 694 1993 id
719 1937 902 1993 facere
943 1937 1263 2007 putabatur.
1311 1937 1414 2003 Qui
1453 1935 1628 2007 spado
1670 1935 1837 1990 homo
1863 1943 1982 1989 erat

2088 1943 2382 2013 ράποντας,
2397 1944 2490 1996 καὶ
2518 1943 2616 2006 τὰς
2647 1943 2784 2012 αὐτῇ
2821 1943 3074 2014 συνήθεις
3097 1944 3436 2015 θεραπαίνας
3488 1945 3658 2014 αὐτῆς

409 2045 606 2091 acutus
634 2047 692 2090 et
735 2049 884 2098 acer,
933 2034 1283 2101 obscureque
1329 2031 1573 2100 ingenio,
1614 2029 1803 2086 varius
1852 2043 1980 2099 erga

2088 2035 2301 2106 διαιρεῖ,
2334 2033 2531 2103 ἐτέρας
2583 2033 2626 2087 δ’
2663 2035 2802 2106 αὐτῇ
2839 2035 2975 2104 προς
3025 2034 3325 2100 θεραπείαν
3375 2035 3657 2090 ἀντικαθί-

407 2145 505 2186 eos
532 2130 863 2199 quibuscum
917 2129 1130 2199 agebat,
1180 2137 1492 2199 promptus,
1539 2126 1684 2181 mole
1722 2136 1981 2180 curarum

413 2222 756 2287 indefessus,
822 2235 1003 2291 neque
1059 2219 1239 2290 epulis
1298 2234 1478 2289 neque
1535 2219 1663 2273 vino
1737 2217 1979 2272 deditus.

413 2315 648 2371 Proinde
699 2315 834 2369 nihil
877 2302 946 2369 de
995 2313 1310 2384 reipublicae
1358 2312 1610 2383 gerendae.
1663 2311 1848 2366 studio
1898 2326 1984 2366 re-

413 2407 692 2463 mittebat.
721 2407 801 2462 Ac
829 2406 1200 2477 imperatrieis
1230 2405 1321 2460 hic
1363 2413 1541 2460 status
1583 2403 1707 2458 fuit.
1749 2403 1979 2458 Michael

410 2511 545 2556 vero
592 2499 968 2554 communium
999 2513 1186 2553 τοι-ιιηι
1215 2511 1347 2552 cura
1373 2506 1645 2565 suscepta,
1676 2511 1800 2549 cum
1836 2510 1983 2548 mor-

413 2591 518 2646 bus
549 2590 669 2660 ejus
709 2590 1136 2660 ingravesceret,
1187 2602 1352 2656 quem
1393 2587 1480 2640 alii
1532 2586 1828 2640 vindictam
1875 2584 1982 2640 Nu-

417 2681 578 2737 minis
617 2681 814 2736 ollensi
854 2680 1098 2750 perjurio
1148 2678 1673 2749 interpretabantur,
1718 2693 1828 2748 quo
1869 2692 1981 2732 non

415 2787 574 2828 secus
602 2782 765 2842 atque
797 2772 925 2826 olim
957 2771 1085 2825 Saul
1113 2770 1436 2840 angebatur,
1467 2769 1558 2823 alii
1593 2769 1889 2824 amentiam
1927 2777 1984 2822 et

415 2864 737 2919 insaniam:
784 2862 840 2917 in
872 2861 1138 2917 Joannem
1201 2863 1494 2930 spadonem
1545 2861 1714 2916 totius
1769 2859 1983 2928 imperii

413 2957 736 3027 gubernatio
764 2955 1034 3020 incubuit,
1070 2970 1196 3008 cum
1234 2953 1457 3024 quidem
1487 2952 1741 3007 monachi
1773 2961 1979 3006 vestem

411 3052 522 3121 jam
573 3048 702 3103 olim
747 3047 1096 3117 sumpsisset,
1151 3046 1244 3101 sed
1295 3047 1485 3100 habitu
1526 3047 1795 3099 duntaxat
1845 3041 1982 3096 illud

413 3138 540 3192 vitae
588 3152 764 3208 genus
813 3137 1189 3206 proﬁteretur.
1255 3136 1552 3190 Enimvero
1590 3134 1985 3190 Constantinus

413 3229 741 3284 Dalassenus
772 3228 1056 3298 patricius,
1106 3228 1255 3282 domi
1297 3228 1521 3299 degens,
1551 3242 1675 3280 cum
1726 3227 1794 3281 de
1841 3241 1984 3282 novo

417 3323 747 3392 imperatore
786 3320 1110 3384 audivisset,
1145 3320 1538 3390 indignabatur
1573 3332 1843 3372 summam
1899 3331 1985 3371 re-

415 3424 536 3463 rum
571 3411 636 3465 ad
693 3410 856 3465 talem
911 3409 1190 3464 hominem
1238 3425 1361 3465 esse
1417 3409 1754 3464 devolutam.
1805 3404 1985 3473 Quare

414 3501 644 3556 Michael
691 3518 816 3556 cum
857 3502 973 3558 suis
1021 3502 1377 3557 vehementer
1421 3500 1778 3570 perturbatus
1831 3512 1987 3552 vere-

415 3595 576 3649 batur
633 3611 700 3650 ne
752 3596 1078 3651 Dalassenus
1135 3611 1364 3667 regnum
1433 3595 1736 3649 atl‘eetaret.
1792 3592 1985 3660 Itaque

415 3687 656 3742 Joannes
681 3688 975 3756 quemdam
1013 3687 1207 3752 mittit,
1239 3688 1331 3756 qui
1361 3685 1721 3757 jurejurando
1746 3682 1985 3738 affirma-

420 3790 501 3835 ret
527 3780 664 3835 nihil
691 3780 739 3832 ci
773 3779 1131 3834 metuendum
1166 3793 1286 3833 esse
1313 3777 1468 3843 mali,
1503 3777 1732 3845 viroque
1757 3788 1987 3844 persua-

416 3871 573 3925 deret
602 3879 662 3924 ut
707 3870 1094 3939 imperatorem
1125 3866 1470 3923 conveniret.
1521 3867 1684 3937 236
1725 3864 1828 3932 Qui
1862 3879 1985 3919 cum

415 3961 678 4027 venisset,
736 3960 806 4014 ab
874 3959 1210 4030 imperatore
1269 3958 1503 4029 benigne
1552 3965 1864 4028 susceptus,
1923 3970 1988 4010 ac

419 4053 741 4108 muneribus
783 4060 838 4107 et
885 4051 1153 4123 dignitate
1207 4058 1424 4114 auctus,
1472 4049 1527 4102 in
1593 4047 1730 4103 urbe
1789 4047 1988 4118 degere

412 4141 601 4208 jussus
644 4149 751 4194 est.
802 4139 1020 4194 Nicetas
1061 4153 1196 4194 vero
1240 4136 1585 4207 imperatoris
1636 4137 1824 4198 frater,
1877 4135 1988 4191 dux

416 4231 689 4302 Daphnea:
719 4231 1026 4286 Antiochiae
1079 4230 1416 4302 designatus,
1461 4245 1570 4285 non
1596 4237 1682 4283 est
1712 4229 1766 4282 in
1799 4227 1988 4284 urbem

415 4326 483 4381 ab
509 4325 869 4381 Antiochenis
902 4325 1195 4381 admissus.
1241 4322 1375 4378 Nam
1429 4322 1774 4393 publicorum
1821 4323 1992 4377 vecti-

415 4418 618 4487 galium
652 4426 930 4484 exactore,
962 4432 992 4471 a
1023 4432 1132 4486 quo
1179 4431 1237 4470 sc
1289 4414 1487 4470 durius
1523 4424 1786 4469 tractatos
1827 4423 1987 4482 puta—

2085 2143 2259 2198 στησι.
2287 2127 2392 2179 Καὶ
2422 2127 2514 2179 ἐπὶ
2541 2125 2748 2188 τούτοις
2776 2127 2874 2192 τὴν
2902 2129 3282 2195 γυναικωνῖτιν
3328 2128 3465 2198 αὐτῇ
3520 2130 3658 2180 ἁπο-

2085 2221 2376 2290 φράγνυσι,
2405 2217 2500 2272 καὶ
2541 2217 2782 2288 φρουρὰν
2810 2218 3143 2289 περιίστησι,
3173 2218 3268 2271 καὶ
3291 2218 3466 2272 οὐδενὶ
3486 2235 3658 2288 προσ·

2088 2313 2225 2367 ιέναι
2292 2311 2466 2383 ταύτῃ
2499 2309 2953 2382 παρακεχώρητο,
2987 2311 3036 2363 εί
3069 2311 3144 2382 μὴ
3177 2311 3269 2364 τὸν
3303 2311 3599 2380 προσιόντα
3630 2311 3658 2363 6

2084 2403 2424 2474 φρούραρχος
2457 2401 2845 2472 κατεξήτασεν,
2877 2402 2998 2455 ὅθεν
3028 2403 3175 2473 ἥκοι,
3210 2405 3304 2455 καὶ
3350 2403 3498 2466 τίνος
3542 2402 3658 2455 δεό-

2091 2512 2249 2566 μενος
2289 2495 2675 2566 παραγένοιτο.
2722 2493 2937 2546 Ἐδεδίει
2999 2495 3107 2564 γὰρ
3141 2494 3350 2547 οἴκοθεν
3391 2494 3531 2564 ἔχων
3565 2492 3656 2545 τοῦ

2084 2589 2237 2653 δέους
2262 2587 2360 2650 τὰς
2392 2586 2668 2657 ἀφορμάς.
2701 2587 2794 2649 Εἰς
2823 2585 2996 2640 ταῦτα
3027 2585 3072 2638 δ’
3103 2585 3393 2654 ἐνάγεσθαι
3427 2586 3591 2638 πλέον
3630 2586 3658 2637 6

2087 2681 2306 2752 Μιχαὴλ
2333 2680 2554 2748 λέγεται
2583 2679 2732 2750 παρὰ
2759 2679 2853 2732 τοῦ
2885 2679 3149 2748 συγγόνου
3203 2678 3368 2732 αὑτοῦ
3410 2680 3656 2733 Ἰωάννου

2085 2774 2180 2827 τοῦ
2214 2773 2490 2842 ὲκτομίου.
2526 2767 2631 2824 Ἦν
2669 2771 2776 2840 γὰρ
2801 2771 2970 2834 δεινος
3001 2773 3027 2825 6
3057 2771 3343 2841 ἄνθρωπος
3393 2773 3487 2824 καὶ
3532 2771 3659 2840 δρα·

2088 2865 2330 2936 σ;ήριος,
2364 2863 2458 2915 καὶ
2485 2863 2547 2916 τὸ
2579 2857 2708 2932 ἦθος
2737 2862 3174 2932 ὑποκαθήμενος.
3210 2866 3304 2915 καὶ
3346 2862 3481 2932 πρὸς
3527 2862 3656 2925 τοὺς

2087 2957 2512 3026 ἐντυγχάνοντας
2563 2955 2996 3022 ποικιλλόμενος,
3045 2955 3424 3026 περισπερχὴς
3457 2970 3516 3006 τε
3566 2954 3660 3007 καὶ

2089 3047 2224 3117 πρὸς
2272 3045 2566 3114 φροντίδων
2615 3044 2776 3113 δγκον
2804 3045 3107 3115 ἀκάματος,
3141 3046 3235 3098 καὶ
3271 3045 3390 3098 οὐδὲ
3429 3060 3660 3113 γαστριο

2089 3140 2336 3210 ζόμενος,
2366 3137 2487 3191 οὐδὲ
2519 3135 2645 3206 περὶ
2671 3135 2761 3189 τὸν
2792 3137 3027 3208 ἄκρατον
3059 3137 3445 3207 λιχνευόμενος
3470 3176 3485 3197 ,
3543 3135 3661 3188 οὐδὲ

2088 3229 2395 3300 ἡττώμενος
2428 3227 2596 3294 οἴνου,
2627 3227 2725 3297 τῆς
2759 3229 2888 3299 περὶ
2919 3229 3015 3291 τὰς
3043 3229 3309 3298 δημοσίας
3359 3229 3659 3297 διοικήσεις

2089 3319 2340 3389 καθυφίει
2369 3317 2628 3388 σπουδῆς.
2660 3318 2742 3371 Τὰ
2774 3319 2874 3388 μὲν
2900 3315 2993 3372 οὖν
3025 3321 3152 3389 περὶ
3205 3319 3304 3390 τὴν
3343 3317 3662 3389 βασίλισσαν

2087 3411 2400 3482 ιξικονόμητο
2451 3411 2654 3464 οὑτωσί
2682 3426 2694 3441 ο
2737 3411 2766 3463 6
2817 3411 2873 3464 δὲ
2903 3411 3128 3483 Μιχαὴλ
3167 3412 3266 3481 τῆς
3315 3409 3424 3464 τῶν
3469 3411 3664 3464 κοινῶν

2087 3503 2428 3572 πραγμάτων
2461 3501 2772 3570 οἰκονομίας
2798 3501 3095 3572 ἀντείχετο⁸
3122 3497 3244 3554 εἷτα
3272 3501 3348 3572 τῷ
3379 3500 3482 3571 μὲν
3505 3502 3666 3570 ἐκραο

2088 3593 2308 3648 ταιοῦτο
2334 3595 2367 3664 ἡ
2392 3595 2568 3660 νόσος,
2592 3593 2658 3664 ἢν
2682 3594 2732 3646 οἱ
2766 3593 2864 3664 μὲν
2891 3593 3120 3648 ἐκάλουν
3142 3594 3416 3664 δαιμόνιον
3451 3594 3666 3662 μήνιμα

2087 3687 2176 3740 διὰ
2208 3686 2308 3756 τὴν
2341 3685 2625 3755 ἐπιορκίαν
2679 3686 2958 3755 ἐνσκῆψαν
3006 3686 3174 3758 αὐτῷ,
3212 3689 3307 3739 καὶ
3359 3685 3666 3755 συμπνίγον

2088 3781 2180 3833 τὸν
2207 3779 2513 3849 ἄνθρωπον,
2546 3779 2621 3840 ὡς
2658 3777 2824 3832 πάλαι
2857 3777 2920 3846 δὴ
2946 3778 3038 3831 τὸν
3066 3776 3259 3843 Σαοὺλ,
3297 3777 3345 3830 oi
3378 3777 3434 3830 δὲ
3467 3775 3666 3846 μανίαν

2089 3888 2147 3924 τε
2179 3871 2272 3925 καλ⁵
2304 3870 2653 3942 παραφοράνο
2686 3871 2714 3923 6
2742 3869 2789 3924 δ’
2821 3870 3081 3940 ἐκτομίας
3124 3869 3376 3938 Ἰωάννης
3407 3869 3508 3938 τὴν
3536 3867 3666 3935 ὃλην

2091 3960 2376 4025 ἀνεδέξατο
2433 3961 2535 4030 τῆς
2589 3959 2865 4031 βασιλείας
2929 3958 3296 4028 κυϐέρνησιν,
3369 3954 3666 4027 μοναχικον

2094 4053 2193 4124 μὲν
2231 4051 2435 4122 ἔνδυμα
2483 4052 2650 4106 πάλαι
2696 4051 3139 4123 ἀμφιασάμενος,
3177 4049 3336 4102 τοῦτο
3379 4048 3439 4101 δὲ
3482 4047 3667 4118 τηρῶν

2091 4145 2219 4218 ἄχρι
2255 4145 2420 4215 μόνου
2453 4143 2548 4197 τοῦ
2584 4145 2882 4214 σχήματος.
2912 4143 3325 4204 Κωνσταντῖνος
3353 4139 3411 4194 δὲ
3468 4138 3665 4208 πατρί-

2093 4255 2210 4299 κιος
2248 4238 2276 4289 6
2314 4235 2681 4306 Δαλασσηνὸς,
2721 4234 2860 4288 οτκοι
2893 4233 3211 4304 διατρίϐων,
3243 4231 3337 4284 καὶ
3381 4230 3517 4299 περὶ
3572 4228 3666 4283 τοῦ

2093 4329 2214 4383 νέου
2246 4326 2510 4399 βασιλέως
2546 4325 2871 4396 πυθόμενος,
2903 4324 3320 4394 δυσανασχετῶν
3347 4317 3436 4392 ἦν,
3478 4322 3562 4375 δτι
3591 4323 3668 4385 εἰς

2095 4421 2263 4491 ἄνδρα
2321 4418 2562 4472 τοιοῦτον
2621 4420 2654 4490 ἡ
2717 4417 2966 4488 βασιλεία
3021 4417 3281 4487 περιέστη
3350 4413 3666 4484 Ῥωμαίων.

417 4510 570 4573 bant,
625 4509 940 4573 interfecto,
987 4508 1148 4562 veriti
1201 4522 1271 4561 ne
1315 4508 1434 4576 ejus
1482 4506 1746 4561 facinoris
1795 4522 1985 4575 pinnas

2095 4511 2266 4565 Τοῦτο
2315 4509 2546 4582 θορύϐου
2594 4509 2720 4573 τοὺς
2772 4509 2903 4580 περὶ
2953 4508 3044 4561 τὸν
3093 4507 3316 4576 βασιλέα
3359 4506 3663 4575 ἐμὲστωσε,

417 4599 638 4661 darent,
672 4608 859 4666 portas
893 4598 943 4651 ei
979 4598 1330 4651 clauserant:
1366 4613 1468 4652 nec
1507 4597 1661 4667 prius
1707 4597 1984 4653 admisere

416 4704 581 4759 quam
619 4689 980 4760 jurejurando
1012 4689 1395 4744 conﬁrmasset
1445 4690 1648 4744 caedem
1708 4690 1854 4744 illam
1906 4690 1989 4744 eis

416 4781 594 4838 fraudi
641 4798 751 4838 non
805 4781 1066 4836 futuram.
1122 4781 1323 4837 Verum
1355 4797 1422 4836 eo
1461 4781 1822 4853 jurejurando
1852 4779 1986 4834 nihil

417 4875 740 4941 deterritus,
780 4874 984 4928 multos
1018 4873 1244 4939 occidit,
1287 4881 1342 4927 et
1367 4872 1699 4943 quibusdam
1760 4871 1992 4941 insigni-

417 4966 524 5020 bus
573 4966 789 5021 civibus
836 4967 1058 5032 vinctis,
1122 4965 1177 5019 in
1239 4980 1488 5034 magnam
1539 4967 1734 5018 urbem
1783 4962 1988 5029 missis,

416 5059 573 5113 fratri
603 5058 800 5114 Joanni
830 5059 1053 5129 scripsit
1084 5074 1140 5114 se
1175 5058 1244 5112 ab
1267 5058 1628 5112 Antiochenis
1651 5058 1722 5112 ob
1753 5056 1992 5110 benevo-

424 5150 653 5204 lentiam
687 5165 879 5204 eorum
907 5166 1034 5222 erga
1073 5150 1430 5205 Dalassenum
1462 5151 1745 5206 exclusum
1791 5149 1984 5203 fuisse.

420 5241 562 5296 Hinc
611 5242 936 5297 Dalassenus
985 5245 1039 5296 in
1087 5243 1322 5298 insulam
1371 5242 1562 5296 Platen
1606 5241 1901 5311 relegatur,
1937 5249 1992 5294 et

419 5334 817 5389 Constantinus
861 5336 1036 5390 Ducas
1074 5337 1194 5407 ejus
1223 5353 1412 5406 gener,
1459 5335 1527 5388 de
1568 5334 1766 5402 injuria
1806 5332 1993 5402 queri-

423 5437 544 5480 tans
570 5434 624 5479 ct
675 5427 976 5497 perjurium
1031 5443 1141 5482 non
1176 5427 1533 5481 dissimulans
1587 5425 1725 5478 turri
1773 5423 1990 5477 cuidam

421 5516 744 5571 includitur.
775 5517 899 5572 Post
929 5518 1256 5572 Dalassenus
1279 5517 1443 5570 etiam
1469 5531 1498 5568 e
1527 5515 1674 5570 Plata
1699 5513 1992 5568 translatus

423 5607 476 5660 in
537 5613 730 5665 turrim
776 5612 1166 5681 compingitur.
1222 5611 1336 5664 Sub
1381 5609 1432 5662 id
1487 5616 1701 5676 tempus
1751 5607 1987 5678 Agareni

420 5699 567 5770 Ilyra
590 5713 856 5772 ceperunt
889 5723 899 5756 :
929 5702 1231 5757 Patzinacze
1264 5702 1464 5770 passim
1505 5715 1536 5755 e
1581 5701 1839 5756 Romanis
1868 5717 1990 5770 pro-

423 5792 616 5849 vinciis
666 5795 874 5862 praedas
924 5801 1174 5860 egerunt.
1223 5791 1565 5849 Autiochcno
1604 5792 1743 5850 duce
1798 5794 1988 5850 Niceta

2091 4602 2426 4672 πτοηθέντας
2482 4601 2556 4671 μή
2605 4618 2736 4654 ποτε
2781 4603 2808 4654 6
2855 4598 3200 4668 Δαλασσηνὸς
3232 4596 3508 4667 τυραννίδι
3546 4596 3665 4649 ἐπί-

2092 4693 2272 4760 θηται.
2323 4692 2433 4744 Καὶ
2487 4691 2696 4745 στέλλει
2748 4693 2777 4745 6
2826 4692 3081 4760 Ἰωάννης
3115 4691 3207 4744 τὸν
3263 4689 3448 4759 ὅρκοις
3501 4687 3668 4740 αὑτὸν

2092 4781 2456 4854 βεϐαιώσοντα
2493 4782 2570 4845 ὡς
2612 4782 2828 4846 οὐδενὸς
2860 4781 3087 4852 ἀνιαροῦ
3118 4779 3543 4851 πειραθήσεται,
3575 4776 3672 4831 καὶ

2091 4873 2347 4926 πείσοντα
2375 4872 2467 4924 τὸν
2501 4873 2668 4943 ἄνδρα
2707 4873 2784 4942 τῷ
2817 4872 3030 4942 βασιλεῖ
3074 4868 3412 4941 προσελθεῖν.
3478 4868 3590 4921 Καὶ
3643 4867 3670 4918 6

2096 4963 2192 5031 μὲν
2223 4961 2516 5032 προσῆλθε,
2534 4963 2629 5016 καὶ
2658 4965 2685 5016 6
2705 4961 2956 5032 βασιλεὺς
2987 4961 3152 5015 αὐτὸν
3186 4959 3468 5020 ἀσπασίως
3497 4973 3669 5027 προσ-

2093 5059 2287 5124 ήκατο,
2322 5056 2415 5108 καὶ
2448 5054 2768 5122 ἐδεξιώσατο
2826 5055 3079 5124 δωρεαῖς,
3117 5051 3208 5106 καὶ
3242 5046 3448 5120 μείζονι
3503 5047 3671 5112 άξιώ-

2095 5167 2226 5218 ματι
2275 5148 2522 5220 ἐτίμησε,
2574 5148 2668 5202 καὶ
2709 5149 2768 5199 ἐν
2814 5149 2881 5218 τῇ
2939 5145 3090 5200 πόλει
3133 5143 3343 5210 διάγειν
3387 5139 3663 5194 ἐκέλευσε.

2093 5241 2339 5312 Νικήτας
2366 5242 2424 5295 δὲ
2459 5242 2486 5294 6
2519 5241 2613 5294 τοῦ
2641 5239 2910 5311 βασιλέως
2940 5239 3217 5308 ὁμαίμων,
3248 5235 3375 5300 δοὺξ
3421 5234 3526 5302 τῆς
3576 5233 3670 5284 ἐπὶ

2093 5335 2278 5405 Δάφνῃ
2322 5333 2650 5402 Ἀντιοχείας
2675 5330 3102 5402 προχειρισθεὶς,
3153 5326 3344 5397 εἴρχθη
3378 5325 3530 5392 παρά
3560 5323 3666 5376 τῶν

2105 5425 2421 5495 Ἀντιοχέων
2471 5425 2570 5490 τῆς
2607 5423 2687 5485 είς
2737 5422 2837 5492 τὴν
2892 5421 3046 5474 πόλιν
3082 5418 3313 5471 είσόδου.
3376 5415 3667 5486 Πράκτορα

2092 5517 2200 5586 γάρ
2224 5534 2345 5569 τινα
2384 5515 2491 5568 τῶν
2518 5515 2796 5586 δημοσίων
2827 5513 3017 5576 τελῶν,
3048 5512 3124 5573 ὡς
3149 5509 3336 5570 αὐτοῖς
3392 5505 3666 5575 φορτικῶς

2093 5611 2618 5678 προσενηνεγμένον,
2664 5605 2946 5666 ἀνελόντες
2990 5605 3036 5655 oi
3065 5605 3164 5672 τῆς
3209 5599 3544 5668 Ἀντιοχείας
3575 5613 3668 5649 πο-

2092 5702 2254 5764 λῖται,
2288 5701 2382 5754 καὶ
2424 5699 2726 5762 δεδοικότες
2783 5698 2858 5769 μὴ
2895 5697 3050 5759 δίκας
3093 5694 3170 5764 τῷ
3219 5692 3375 5747 δουκὶ
3409 5691 3502 5744 τοῦ
3549 5690 3666 5744 τολ-

2097 5795 2346 5858 μήματος
2391 5791 2624 5857 διδῶσιν,
2658 5790 3013 5856 ἐπεζύγωσαν
3041 5786 3188 5857 αὑτῷ
3221 5785 3319 5852 τὰς
3350 5784 3528 5847 πύλας
3565 5781 3660 5852 τῆς
