3964 6252
260 409 367 474 185

1482 415 1893 479 ANNALIUM
1932 415 2080 476 LIB.
2117 412 2307 483 XVII.

3403 425 3504 490 186

257 524 492 588 πόλεως.
520 523 582 578 '0
605 522 658 577 δέ
689 504 946 592 ἐνόρκους
973 524 1155 589 αὐτοῖς
1183 526 1600 600 παρασχόμενος
1623 531 1838 594 πίστεις

1945 540 2187 598 mortuo,
2232 531 2623 591 Constantinus
2667 544 2722 591 et
2774 535 2892 606 ipse
2941 535 3290 607 imperatoris
3334 537 3506 593 frater

258 616 340 678 ὡς
367 615 519 668 οὐδὲν
544 613 632 668 διὰ
657 613 745 668 τὸν
777 615 936 684 φόνον
962 616 1256 670 ὑποσταῖεν
1280 618 1470 680 κακὸν,
1495 621 1838 690 παραχωρετο

256 721 354 758 ται
388 705 487 771 τῆς
531 704 734 758 εἰσόδου
762 719 775 733 ·
805 700 924 758 εἶτα
969 707 1095 770 τοὺς
1133 707 1328 777 ὅρκους
1359 709 1514 762 οὐδὲν
1544 710 1840 780 λογισάμε-

260 811 381 859 νος,
410 794 638 859 πολλοὺς
671 796 771 864 μὲν
805 797 1212 861 ἀποκτίννυσιν,
1239 799 1416 863 ἐνίους
1447 800 1503 853 δὲ
1557 800 1669 856 τῶν
1701 801 1836 873 παρ’

260 888 457 948 αιτοῖς
513 889 798 958 ἐπισήμων
827 889 1082 960 δεσμίους
1113 889 1318 945 ἔστειλε
1352 892 1489 964 πρὸς
1523 895 1624 966 τὴν
1661 911 1837 965 μεγα-

259 976 504 1042 λόπολιν,
527 979 744 1048 γράψας
776 980 852 1050 τῷ
877 979 1093 1052 ἀδελφῷ
1135 982 1382 1055 Ἰωάννῃ,
1433 984 1520 1038 διὰ
1553 985 1652 1057 τὴν
1699 986 1838 1055 πρὸς

262 1067 357 1120 τὸν
395 1069 745 1139 Δαλασσηνδν
775 1071 988 1147 εὔνοῃν
1017 1073 1272 1145 ἀπείρξας
1302 1076 1451 1146 αὐτῷ
1484 1077 1584 1147 τήν
1631 1077 1838 1130 εἴσοδον

260 1161 394 1223 τοὺς
439 1134 752 1232 Ἀντιοχεῖς.
803 1134 1086 1217 Ἐντέῦθεν
1130 1134 1556 1237 όίλαλασοίηνὸς
1606 1169 1686 1231 είς
1737 1169 1837 1242 τὴν

263 1251 433 1323 νῆσον
464 1253 566 1324 τὴν
597 1253 813 1324 Πλάτην
843 1255 1239 1326 περιορίζεται,
1279 1259 1374 1313 καὶ
1408 1261 1436 1311 6
1465 1261 1558 1312 ἐπὶ
1606 1260 1837 1332 θυγατρὶ

262 1343 538 1414 κηδεστὴς
567 1345 733 1399 αὑτοῦ
764 1347 1177 1411 Κωνσταντίνος
1201 1349 1229 1401 6
1257 1349 1455 1414 δούκας
1485 1351 1585 1422 τὴν
1620 1352 1838 1407 ἀδικίαν

263 1434 661 1506 ἐπιϐοώμενος,
693 1437 787 1492 καὶ
819 1436 916 1510 τὴν
942 1439 1234 1508 ἐπιορκίαν
1269 1441 1331 1494 οὐ
1365 1442 1608 1507 σιωπῶν,
1642 1443 1837 1515 πύργῳ

263 1524 376 1579 τινὶ
418 1526 822 1582 κατακλείεται.
879 1523 1012 1581 Εἶτα
1055 1531 1357 1599 μετάγεται
1413 1533 1442 1584 6
1491 1533 1838 1603 Δαλασσηνὸς

265 1617 333 1670 ἐκ
385 1618 487 1686 τῆς
545 1617 783 1688 Πλάτης,
815 1619 912 1672 καὶ
964 1619 1158 1692 πύργῳ
1195 1622 1614 1694 καθείργνυται.
1663 1624 1838 1679 Ἑάλω

1937 627 2224 689 successit,
2282 627 2458 681 altero
2508 627 2626 693 ejus
2674 628 2847 683 fratre
2895 632 3318 700 protovestiario
3360 631 3507 686 desi-
3554 641 3558 664 τ

1937 725 2124 785 gnato.
2151 715 2286 771 Cum
2329 725 2514 770 autem
2544 718 2775 787 Agareni
2803 719 3044 774 Africani
3079 729 3135 776 et
3181 720 3505 777 Sicilienses
3554 741 3562 756 -’

1938 805 2146 862 insulas
2185 816 2242 861 et
2280 823 2434 862 oram
2486 809 2813 863 maritimam
2861 810 3207 877 infestarent,
3258 813 3505 869 Romana

1937 900 2131 955 classis
2185 900 2387 956 multas
2440 917 2633 956 eorum
2688 917 2857 958 naves
2887 918 3010 958 cum
3042 905 3177 959 viris
3220 906 3504 972 demersit,

1937 992 2141 1046 multos
2187 993 2340 1047 vivos
2369 993 2534 1063 cepit,
2567 1009 2805 1064 quorum
2852 994 2943 1050 alii
2995 996 3061 1050 ad
3113 996 3503 1066 imperatorem

1937 1080 2090 1136 missi
2121 1089 2270 1144 sunt,
2299 1082 2388 1137 alii
2421 1081 2475 1135 in
2504 1083 2688 1138 littore
2713 1082 2963 1138 trabibus
2987 1085 3152 1140 atiixi.
3183 1086 3507 1142 Pancratius

1936 1187 2070 1226 vero
2123 1172 2371 1244 Abasgiaz
2417 1174 2695 1244 princeps,
2748 1174 2837 1228 cui
2884 1173 3162 1232 Romanus
3210 1179 3508 1248 imperator

1937 1278 2092 1319 suam
2120 1275 2337 1334 neptem
2361 1265 2745 1335 desponderat,
2774 1265 2953 1323 foedus
2983 1267 3287 1323 Romanum
3319 1269 3504 1333 solvit,

1938 1365 1993 1412 et
2008 1356 2210 1426 quibus
2226 1357 2463 1411 castellis
2483 1367 2536 1412 et
2558 1358 2790 1413 urbibus
2807 1358 2935 1412 olim
2967 1358 3228 1412 Romanis
3244 1369 3505 1426 cesserat,

1938 1459 2002 1499 ea
2040 1460 2231 1500 rursus
2260 1445 2364 1500 sibi
2399 1447 2732 1512 vindicabat,
2763 1446 3015 1502 fortassis
3047 1457 3106 1503 ut
3134 1448 3507 1503 Romanorum

1939 1536 2191 1607 injuriam
2224 1537 2563 1607 imperatori,
2607 1555 2720 1593 sua:
2767 1537 3018 1609 coniugis
3061 1547 3259 1608 patruo
3312 1537 3509 1592 factam

1940 1629 2320 1683 ulcisceretur.
2356 1627 2659 1683 Patzinacaa
2687 1629 2826 1683 lstro
2853 1643 2994 1698 saepe
3026 1629 3255 1697 traject'o
3287 1627 3513 1696 provin-

260 1705 318 1758 δέ
364 1706 491 1760 τότε
541 1709 653 1770 τοῖς
689 1709 788 1778 μέν
825 1709 888 1762 ἐκ
929 1709 1026 1780 τῆς
1064 1712 1244 1783 Ἅγαρ
1287 1713 1356 1767 τά
1384 1713 1572 1784 Μύρα,
1601 1715 1838 1779 καὶτοῖς

1942 1716 2052 1772 cias
2069 1718 2206 1771 male
2226 1725 2553 1781 tractarunt,
2572 1718 2804 1787 captivis
2821 1717 3078 1772 omnibus
3099 1717 3508 1771 interﬂciendis.

263 1796 640 1862 Πατζινάκαις
695 1799 814 1853 λείι
845 1802 1035 1868 γέγονε
1069 1802 1176 1856 τῶν
1206 1804 1411 1858 Μυσῶν
1443 1804 1582 1878 (Ιθ).
1628 1806 1736 1861 Τοῦ
1781 1808 1838 1861 δὲ

1942 1809 2146 1864 Arabes
2188 1809 2446 1864 Edessam
2499 1809 2869 1875 obsederunt,
2921 1823 3155 1878 eamque
3199 1821 3510 1877 expugnas-

257 1888 456 1953 δουκὺς
531 1891 865 1962 ’Δντιοχείας
919 1894 1136 1966 Νικήτα
1200 1871 1678 1970 καταστρέψαντος
1736 1901 1837 1972 τὴν

1942 1912 2084 1966 sent,
2120 1902 2224 1956 nisi
2259 1902 2561 1956 Antiochiae
2603 1901 2712 1955 dux
2741 1901 3134 1956 Constantinus
3166 1897 3510 1969 imperatoris

261 1981 434 2050 ζωὴν,
483 1983 512 2034 6
565 1983 971 2047 Κωνσταντῖνος
1013 1987 1242 2055 ἀδελφὸς
1283 1987 1360 2042 ῶν
1394 1991 1488 2042 καὶ
1535 1983 1692 2056 οὗτος
1740 1991 1834 2045 τοῦ

1942 1992 2113 2047 frater
2145 2007 2306 2062 opem
2343 1992 2600 2047 tulisset:
2642 1993 2802 2063 cujus
2835 1992 3168 2046 industriam
3203 1990 3284 2044 sic
3315 2003 3507 2042 remu-

260 2072 533 2140 βασιλέως
591 2074 685 2127 ἐπὶ
710 2078 773 2144 τῇ
815 2077 1116 2149 ’Δντιοχείᾳ
1160 2078 1252 2132 τὸν
1277 2079 1681 2150 τελευτήσαντα
1723 2081 1834 2136 διε-

1942 2092 2166 2139 neratus
2205 2091 2289 2139 est
2332 2084 2647 2154 imperator,
2683 2093 2742 2138 ut
2773 2099 2904 2139 eum
2934 2081 3294 2139 Orientalium
3336 2079 3510 2151 legio-

259 2162 474 2226 δέξιτο,
522 2165 614 2217 καὶ
662 2165 690 2217 6
726 2167 911 2236 ἕτερος
947 2168 1114 2222 αὐτοῦ
1171 2170 1398 2239 ἀδελφὸς
1431 2173 1836 2243 πρωτοϐεστιά-

1942 2191 2072 2230 num
2099 2176 2464 2231 domesticum
2500 2184 2736 2231 crearet.

262 2273 379 2325 ριος
416 2256 850 2328 προκεχειριστο.
891 2261 980 2326 Ἐξ
1021 2263 1292 2333 Ἀφρικῆς
1331 2265 1514 2334 μέντοι
1570 2267 1667 2320 καὶ
1740 2267 1992 2332 Σικελίας
2043 2269 2227 2332 στόλος
2277 2269 2564 2322 ἀποπλέων
2643 2267 2960 2337 ’Λγαρηνῶν
3025 2267 3226 2321 ἐκάκου
3277 2264 3378 2326 τάς
3450 2276 3511 2314 τε

259 2352 459 2421 νήσους
508 2353 602 2406 καὶ
649 2354 716 2407 τὰ
748 2357 1005 2426 παράλια.
1034 2357 1200 2413 Ἀλλά
1232 2360 1444 2423 τούτοις
1497 2361 1680 2424 στόλος
1738 2363 2014 2416 ἐπιπλέων
2091 2362 2398 2432 Ῥωμαϊκὸς
2463 2363 2635 2416 πολλὰ
2672 2363 2769 2432 μὲν
2832 2361 2939 2416 τῶν
2990 2359 3215 2427 σκαφῶν
3286 2355 3512 2410 κατέδυ-

262 2461 358 2499 σεν
397 2445 695 2517 αὔτανδρα,
734 2448 962 2512 πολλοὺς
993 2451 1040 2504 δ’
1075 2450 1394 2522 ἐζώγρησεο
1434 2451 1532 2506 καὶ
1586 2454 1716 2514 τοὺς
1781 2454 1879 2524 μὲν
1918 2455 2056 2525 πρὸς
2106 2454 2198 2507 τὸν
2284 2453 2506 2524 βασιλέα
2557 2453 2931 2522 ἐκπεπομφεν,
2961 2451 3009 2504 oi
3037 2444 3104 2502 ’δέ
3163 2445 3515 2502 ἀνεσκολοπί-

262 2538 474 2608 σθησαν
501 2541 642 2594 κατά
672 2541 770 2610 τήν
799 2543 1085 2614 παράλιον.
1127 2545 1480 2616 Παγκράτιος
1507 2545 1563 2600 δέ
1593 2549 1621 2600 6
1643 2546 1825 2617 άρχων
1878 2547 2196 2616 Ἀϐασγίας,
2251 2542 2295 2615 ᾧ
2365 2548 2466 2616 τὴν
2496 2547 2711 2599 οίκείαν
2742 2543 2970 2614 ἀνεψιάν
3001 2545 3027 2596 6
3063 2541 3317 2611 βασιλεὺς
3340 2537 3518 2609 ἡρμό-

259 2652 397 2690 σατο
439 2637 740 2708 Ῥωμανὸς,
789 2640 887 2704 τάς
927 2655 990 2694 τε
1039 2644 1173 2712 πρδς
1227 2643 1538 2711 Ῥωμαίους
1596 2643 1832 2707 σπονδάς
1871 2642 2048 2711 ἔλυσε,
2125 2645 2220 2697 καὶ
2271 2637 2347 2698 ὧν
2399 2641 2761 2713 παρεχώρησε
2830 2640 2958 2709 πρὶν
3015 2637 3309 2705 Ῥωμαίοις
3347 2650 3516 2703 φρου-

261 2736 398 2804 ρίων
428 2737 522 2789 καὶ
552 2734 781 2801 πόλεων,
812 2737 1109 2793 ἐπελάϐετο
1176 2737 1362 2805 πάλιν,
1433 2740 1510 2804 ὡς
1557 2739 1701 2810 τάχα
1753 2739 1910 2802 δίκας
1959 2740 2268 2810 Ῥωμαίους
2325 2738 2702 2808 πραττόμενος
2751 2734 2892 2803 ὑπὲρ
2943 2732 3038 2786 τοῦ
3099 2730 3363 2802 βασιλέως
3420 2727 3516 2784 καὶ

263 2831 413 2881 θείου
452 2829 551 2898 τῆς
582 2826 729 2899 αὐτῷ
762 2829 1128 2896 ὁμευνέτιδος.
1198 2832 1478 2897 Πολλάκις
1523 2833 1572 2886 δ’
1631 2832 1683 2885 oi
1751 2831 2114 2894 Πατζινάκαι,
2161 2831 2376 2884 καὶτὸν
2413 2831 2624 2899 Ἴστρον
2649 2827 3035 2891 διαϐαίνοντες,
3084 2823 3153 2876 τά
3226 2821 3514 2893 Ῥωμαίων

264 2918 454 2978 κακῶς
505 2917 818 2984 διετίθεντο,
853 2919 980 2982 τοὺς
1012 2919 1405 2992 ἁλισκομένους
1469 2921 1666 2992 ἡϐηδὸν
1742 2921 2115 2991 ἀναιροῦντες.
2166 2919 2274 2973 Καὶ
2341 2919 2581 2988 Ἀραϐες
2633 2918 2729 2987 τὴν
2769 2916 3036 2971 Ἔδεσσαν
3083 2912 3503 2984 ἐπολιόρκησαν,

261 3014 362 3066 καὶ
393 3015 512 3084 ἥλω
539 3015 604 3068 ἀν
632 3017 663 3085 ή
697 3014 871 3082 πόλις,
904 3017 952 3070 εί
985 3017 1060 3086 μὴ
1091 3017 1119 3068 6
1146 3015 1272 3082 δοὺξ
1313 3017 1648 3086 Ἀντιοχείας
1709 3018 2116 3077 Κωνσταντῖνος
2179 3017 2206 3066 6
2273 3014 2367 3067 τοῦ
2432 3016 2833 3085 αὐτοκράτορος
2859 3010 3088 3080 ἁδελφὸς
3117 3011 3252 3080 αὐτῇ
3279 3007 3514 3062 ἐπεκού-

266 3125 454 3178 ρησεν,
481 3107 542 3160 ὃν
573 3111 600 3159 ό
635 3106 910 3189 βασιλεὺς,
949 3108 1050 3172 τῆς
1081 3108 1318 3178 σπουδῆς
1345 3109 1728 3178 ἀμειϐόμενος,
1753 3109 1864 3160 τῶν
1903 3105 2054 3175 ἐῲων
2080 3105 2378 3175 ταγμάτων
2401 3103 2717 3174 δομέστικον
2749 3101 3139 3174 προεϐάλλετο.

335 3200 439 3253 IE’.
481 3197 589 3252 Τοῦ
621 3199 675 3251 δὲ
703 3199 802 3269 τῆς
833 3199 1110 3267 Αίγύπτου
1138 3199 1470 3272 κρατοῦντος
1512 3199 1695 3270 Ἀμερ
1739 3199 1835 3252 θα-

2009 3196 2126 3252 XV.
2155 3199 2354 3253 Amere
2371 3196 2586 3268 Egypti
2611 3195 2857 3266 principe
2879 3203 3097 3249 mortuo
3117 3231 3131 3256 ,
3158 3191 3324 3247 vidua
3347 3191 3512 3253 illius,

262 3291 471 3354 νόιτος.
503 3292 536 3361 ή
562 3289 771 3344 ἐκείνου
805 3291 964 3362 γυνὴ,
988 3290 1290 3361 Χριστιανὴ
1320 3289 1475 3357 οὖσα,
1510 3290 1840 3345 σπείσασθαι

264 3386 364 3438 σὺν
395 3383 477 3454 τῷ
512 3381 613 3453 υίῷ
648 3383 783 3451 μετά
817 3381 1104 3450 Ῥωμαίων
1126 3382 1381 3452 ἐζήτησε*
1415 3382 1509 3436 καὶ
1532 3383 1560 3434 6
1589 3382 1839 3452 βασιλεὺς

261 3477 512 3544 ἐκύρωσε
550 3473 668 3542 μετ’
691 3470 869 3526 αὐτῶν
889 3473 1327 3541 τριακοντούτεις
1360 3472 1616 3536 σπονδάς.
1652 3472 1831 3526 Ἀδελ-

263 3568 358 3637 φ·›ὶ
387 3566 444 3619 δέ
493 3565 589 3618 δύο
638 3563 978 3634 Σαρακηνοὶ,
1014 3564 1117 3634 τῆς
1177 3563 1430 3626 Σικελίας
1482 3563 1838 3634 κρατοῦντες,

262 3659 402 3729 πρὸς
434 3657 701 3726 ἀλλήλους
733 3655 889 3725 ἐσχον
915 3653 1202 3726 διαφοράς,
1241 3649 1314 3709 ὧν
1357 3655 1554 3724 ἅτερος
1607 3655 1685 3724 τῷ
1738 3655 1840 3726 βα-

265 3752 408 3806 σιλεῖ
457 3751 750 3819 Ῥωμαίων
811 3747 1224 3817 προσπέφευγε,
1284 3745 1608 3817 συμμαχίαν
1646 3746 1836 3801 αἰτῶν.

265 3842 556 3898 Στέλλιται
585 3843 766 3894 τοίνυν
795 3842 823 3893 6
860 3839 1150 3909 πατρίκιος
1185 3837 1456 3908 Γεώργιος
1486 3840 1516 3892 6
1549 3838 1840 3909 Μανιάκης

263 3933 653 4004 ἐπικουρήσων
715 3930 888 4003 αὐτῷ,
958 3930 1362 4002 Λογγιϐαρδίας
1432 3928 1840 4001 προχειρισθεὶς

266 4025 600 4098 στρατηγός.
645 4023 832 4094 Μήπω
887 4022 946 4076 δὲ
1001 4023 1103 4094 τὴν
1157 4022 1410 4077 Σικελίαν
1443 4021 1838 4082 καταλαϐόντος

265 4119 361 4172 τοῦ
408 4117 692 4184 Μανιάκη,
721 4116 772 4168 oi
821 4115 1030 4186 ταύτης
1077 4114 1512 4186 ήγεμονεύοντες
1584 4113 1838 4181 σύγγονοι

267 4210 406 4281 πρὸς
461 4209 723 4280 ἀλλήλους
769 4209 1116 4274 ἐσπείσαντο,
1175 4208 1268 4262 καὶ
1321 4206 1704 4261 καταλαϐόντα
1745 4205 1838 4258 τὸν

267 4303 557 4371 Μανιάκην
578 4301 851 4356 ἀπελάσαι
874 4301 972 4372 τῆς
995 4301 1161 4372 νήσου
1193 4299 1543 4371 διεμελέτων,
1577 4298 1672 4352 καὶ
1699 4313 1838 4368 συμ-

271 4394 474 4464 μαχίαν
512 4390 572 4457 ἐξ
639 4392 913 4463 ’Δφρικῆς
959 4391 1398 4462 μετεπέμψαντο.
1456 4389 1838 4462 Συρῤαγέντος

269 4485 326 4538 δέ
385 4483 656 4552 πολέμου,
700 4483 763 4536 τὸ
813 4483 1119 4553 Ῥωμαϊκὸν
1167 4482 1437 4553 ἐκράτησε
1494 4481 1834 4551 στράτευμα,

268 4578 362 4629 καὶ
391 4547 556 4646 φόνοι)
590 4573 788 4630 πολλοῦ
818 4547 938 4628 τῶν*
977 4547 1372 4646 Καρχηδονίων
1407 4547 1713 4642 γεγονότος,
1736 4547 1840 4626 πό·
1871 4547 1916 4602 D

269 4669 383 4732 λεις
441 4668 544 4738 μὲν
598 4668 866 4739 πρότερον
905 4667 1240 4738 ἐξεπόρθησε
1295 4666 1425 4720 δέκα
1490 4665 1583 4718 ἐπὶ
1640 4665 1841 4732 τρισίνο

271 4756 392 4812 εἶτα
435 4761 580 4812 κατὰ
611 4761 808 4830 μικρὸν
848 4757 1161 4827 προϐαίνων
1194 4761 1222 4811 6
1259 4757 1573 4825 Μανιάκης,
1609 4757 1701 4808 καὶ
1734 4757 1841 4809 πᾶ-

272 4867 371 4903 σαν
389 4850 492 4921 τὴν
516 4848 769 4902 Σικελίαν
793 4853 862 4920 τῇ
893 4849 1182 4918 Ῥωμαίων
1212 4848 1478 4920 ἡγεμονίᾳ
1504 4849 1840 4918 προσήγαγε.

272 4939 487 5011 Μικροῦ
511 4941 555 4993 δ’
580 4941 644 4992 ἂν
666 4941 809 4995 ἑάλω
838 4943 870 5011 ή
897 4942 1150 5006 Ἔδεσσα,
1166 4940 1301 5011 δόλῳ
1324 4940 1494 5011 αὐτὴν
1527 4939 1635 4993 τῶν
1674 4941 1844 5010 Ἀρά-

1945 3306 2066 3361 qua:
2104 3291 2403 3346 christiana
2430 3297 2570 3352 erat,
2603 3303 2711 3344 una
2739 3303 2864 3342 cum
2890 3287 3001 3340 ﬁlio
3023 3300 3211 3354 pacem
3236 3299 3360 3337 cum
3402 3284 3516 3337 Ro-

1943 3380 2122 3435 manis
2169 3381 2351 3435 facere
2406 3379 2637 3434 studuit.
2674 3378 2852 3444 Quare
2892 3376 3052 3445 237
3083 3375 3379 3444 imperator
3424 3374 3513 3427 in-

1944 3471 2136 3526 ducias
2161 3471 2383 3540 triginta
2411 3483 2683 3524 annorum
2712 3481 2836 3523 cum
2872 3482 2936 3522 ea
2966 3465 3192 3536 pepigit.
3231 3463 3367 3519 Cum
3401 3463 3512 3517 duo

1943 3561 2144 3617 fratres
2168 3561 2400 3632 Agareni
2442 3560 2645 3616 Siciliae
2687 3560 3044 3630 imperantes,
3078 3557 3222 3612 inter
3258 3571 3316 3613 se
3351 3555 3516 3610 dissi-

1943 3653 2160 3720 derent,
2197 3668 2499 3722 eorumque
2544 3653 2684 3707 alter
2718 3651 3069 3722 imperatoris
3117 3664 3276 3719 opem
3310 3649 3513 3718 implo-

1943 3755 2161 3813 rasset,
2215 3745 2484 3816 Georgius
2535 3745 2811 3800 Maniaces
2853 3744 3122 3815 patricius
3171 3741 3377 3798 auxilio
3435 3741 3513 3796 illi

1947 3835 2152 3890 missus
2192 3844 2298 3899 est,
2347 3833 2744 3904 Longobardiae
2791 3843 2993 3902 praetor
3027 3830 3362 3900 designatus.
3409 3827 3514 3895 Qui

1942 3935 2235 3996 antequam
2275 3925 2330 3978 in
2375 3925 2616 3981 Siciliam
2652 3925 2912 3988 venisset,
2944 3923 3021 3978 illi
3053 3923 3200 3977 inter
3236 3938 3294 3977 se
3322 3936 3518 3976 recon-

1941 4019 2134 4082 ciliati,
2166 4026 2220 4072 et
2250 4017 2547 4072 Maniacem
2580 4017 2770 4073 insulae
2795 4015 2944 4070 aditu
2977 4015 3268 4084 prohibere
3303 4013 3512 4082 conati,

1943 4109 2145 4163 auxilia
2199 4107 2525 4176 Carthagine
2589 4113 2907 4160 evocarunt.
2965 4103 3070 4158 Sed
3129 4117 3306 4172 pugna
3360 4115 3515 4156 com-

1945 4203 2134 4266 missa,
2169 4201 2450 4254 Romanus
2490 4196 2764 4252 exercitus
2817 4196 2969 4257 vicit,
3016 4207 3318 4263 magnaque
3362 4192 3510 4247 caede

1943 4293 2460 4362 Carthaginensium
2489 4288 2670 4350 edita,
2713 4285 2974 4340 tredecim
3023 4285 3191 4337 urbes
3235 4283 3510 4352 principio
3616 4272 3618 4274 ’

1943 4386 2179 4442 vastavit
2218 4401 2234 4438 :
2280 4381 2477 4437 deinde
2532 4377 2793 4448 paulatim
2841 4373 3197 4446 progrediens
3237 4373 3510 4428 Maniaces

1945 4485 2115 4532 totam
2161 4473 2402 4530 Siciliam
2446 4471 2696 4527 Romano
2730 4468 2961 4538 imperio
3008 4466 3270 4521 restituit.
3307 4465 3510 4520 Edessa

1946 4579 2079 4620 vero
2109 4578 2302 4633 parum
2337 4560 2509 4614 abfuit
2538 4559 2671 4630 quin
2718 4558 2786 4612 ab
2824 4556 3091 4611 Arabibus
3121 4554 3248 4609 dolo
3291 4568 3514 4623 capere.

1948 4665 2058 4711 tur.
2089 4655 2222 4710 Nam
2265 4653 2558 4708 duodecim
2609 4665 2800 4705 eorum
2852 4647 3130 4719 principes
3181 4647 3513 4716 quingentos

1947 4747 2188 4803 camelos
2234 4745 2494 4800 Edessam
2543 4741 2861 4804 adduxere,
2915 4740 3072 4793 binas
3120 4739 3360 4793 cistellas
3386 4751 3503 4806 ges-

1947 4848 2145 4903 tantes,
2183 4852 2304 4908 quas
2327 4835 2552 4891 totidem
2567 4843 2804 4888 armatos
2836 4828 3514 4890 claudebant.simulantes

1947 4947 2006 4988 se
2035 4931 2354 5002 imperatori
2383 4943 2610 4984 munera
2645 4927 2928 4982 oblaturos
2960 4941 2974 4976 :
3004 4921 3099 4978 sed
3129 4924 3174 4976 si
3210 4917 3512 4974 intromissi

272 5007 825 5102 ϐων-μελετησάντων
850 5007 1241 5103 χειρώσασθαι.
1273 5007 1489 5083 Δώδεκα
1513 5031 1623 5100 γάρ
1663 5007 1838 5084 αὐτῶν

1942 5031 2148 5089 essent,
2196 5022 2253 5076 in
2303 5019 2488 5077 animo
2539 5018 2818 5072 habebant
2869 5025 3035 5070 noctu
3083 5012 3297 5067 eductis
3347 5007 3514 5064 armis

274 5123 561 5193 ἄρχοντες,
599 5125 930 5193 ἐπαγόμενοι
991 5123 1280 5193 καμήλους
1330 5121 1720 5187 πεντακοσίας,
1771 5115 1845 5176 ὧν

273 5219 478 5290 ἑκάστῃ
505 5219 739 5272 κιϐώτια
786 5220 878 5272 δύο
911 5220 1200 5290 ἐπήχθετο,
1237 5214 1372 5292 ἦκον
1427 5221 1507 5282 είς
1535 5219 1799 5271 Ἔδεσσαν
1824 5231 1839 5245 ·

272 5310 504 5363 ἕκαστον
527 5309 584 5363 δὲ
608 5310 715 5362 τῶν
744 5310 1012 5366 κιϐωτίων
1034 5313 1258 5382 ὁπλίτην
1291 5305 1435 5382 εἶχεν
1468 5311 1638 5374 ἐντός.
1681 5309 1842 5364 Ἔλε-

272 5417 365 5469 γον
383 5401 442 5455 δέ
474 5401 700 5456 ἀπιέναι
747 5403 887 5474 πρὸς
925 5402 1152 5474 βασιλέα
1177 5403 1326 5474 δῶρα
1370 5401 1692 5472 κομίζοντες
1747 5399 1843 5452 καὶ

1946 5116 2140 5172 urbem
2176 5129 2395 5184 capere.
2431 5114 2638 5168 Praetor
2683 5110 2958 5180 principes
3016 5106 3081 5160 ad
3133 5119 3192 5158 se
3241 5104 3514 5173 ingressos

1946 5208 2248 5264 honoriﬁce
2298 5204 2532 5275 excepit,
2581 5219 2772 5258 corum
2811 5199 3078 5256 ministris
3115 5213 3239 5252 cum
3290 5194 3515 5249 camelis

1946 5302 2129 5356 adhuc
2157 5308 2311 5354 extra
2340 5299 2530 5352 urbem
2563 5295 2792 5351 relictis.
2843 5293 2947 5349 Sed
3001 5307 3124 5346 cum
3156 5287 3376 5358 quidam
3408 5287 3513 5336 Ar-
3602 5301 3606 5304 ~

1949 5395 2164 5452 menius
2215 5391 2527 5456 mendicus,
2575 5389 2821 5445 Arabicae
2863 5387 3064 5457 linguae
3111 5395 3334 5454 gnarus,
3369 5372 3514 5444 apud

1440 5539 1641 5601 Variae
1671 5535 1981 5600 lectiones
2025 5541 2087 5596 et
2117 5541 2309 5596 notae.

343 5673 457 5735 (ιο)
512 5668 623 5726 Καὶ
675 5669 802 5735 τοῖς
854 5667 1244 5734 Πατζῧνὰκαις
1291 5670 1426 5723 λεία
1471 5665 1676 5736 γέγονε
1704 5663 1842 5736 ,τῶν

275 5740 523 5797 Μυσῶν.
581 5739 783 5796 Notum
838 5739 1207 5810 proverbium,
1261 5738 1328 5810 de
1355 5735 1568 5810 quoin
1587 5735 1746 5810 _notis
1775 5735 1841 5810 ait

276 5811 592 5870 Alexiadem
637 5802 888 5882 quaedam
927 5808 1229 5881 attigimus.
1263 5807 1321 5863 ln
1370 5802 1542 5864 Alexii
1575 5802 1840 5863 Comneni

1946 5664 2168 5720 Novella
2220 5661 2361 5733 apud
2393 5658 2768 5733 Balsamonem
2797 5652 2884 5733 _ad
2925 5649 3217 5733 .Nomocan’.
3279 5659 3335 5714 p.
3390 5642 3514 5710 140,

1949 5713 2168 5791 icti-it.—
2180 5713 2510 5802 Τάτῷρυγῶν
2537 5728 2633 5783 καὶ
2660 5724 2882 5791 Μυσῶν,
2914 5723 2948 5791 ή
2977 5713 3260 5788 παροιμία.
