3964 6252
413 340 513 405 187
1634 348 1643 359 ·
1737 324 1980 395 JOANN
1989 324 2059 385 IS
2094 321 2419 385 ZONARXE
3556 306 3665 372 1S8

406 451 613 506 Arabes
644 447 779 504 foris
800 444 1141 502 dirersantes
1172 439 1529 503 mendicaret,
1554 436 1766 492 audivit
1791 450 1971 506 quem,

2100 431 2392 493 ιὸούλοντο.
2447 430 2496 483 εί
2522 424 2973 499 παραχωρηθεϊεν
3037 424 3191 478 ἔνδον
3226 421 3542 491 εἰσαγαγεῖν
3596 422 3665 475 τὰ

407 544 532 596 dam
566 556 597 594 e
624 539 761 594 cista
788 544 1203 608 percontantem
1237 532 1330 587 ubi
1353 530 1572 587 essent?
1591 539 1646 585 ct
1678 529 1871 584 urbem
1899 526 1972 581 in-

2094 525 2340 591 κιϐώτια,
2379 522 2572 584 νυκτὸς
2597 522 2725 583 τοὺς
2751 523 2808 574 ἐν
2837 518 3021 580 αὐτοῖς
3061 516 3292 579 ὁπλίτας
3330 516 3659 582 ἐξαγαγεῖν,

407 647 626 709 gressus
673 606 1044 695 com—mentum
1097 625 1315 699 praztori
1365 624 1599 693 aperuit.
1646 622 1697 676 Is
1740 619 1972 675 Arabum

2101 618 2181 671 ιαὶ
2209 616 2308 688 τὴν
2343 614 2499 668 πάλιν
2528 613 2690 666 ἑλεῖν.
2724 611 3085 672 Εἰσελθόντας
3129 607 3223 662 οὖν
3256 607 3395 678 πρὸς
3441 606 3535 661 τὸν
3564 608 3666 674 τῆς

409 698 688 792 principes
717 719 769 773 iu
800 718 937 783 urbe
965 717 1327 771 convivautcs
1356 715 1597 784 reliquit,
1625 721 1679 768 et
1708 727 1833 768 cum
1867 708 1974 765 suis

2102 709 2292 770 πόλεως
2321 707 2629 776 στρατηγὸν
2653 706 2781 767 τοὺς
2803 704 3073 772 ἄρχοντας
3099 699 3401 771 φιλοτίμως
3454 698 3667 757 ἐκεῖνος

410 789 686 884 egressus,
726 812 934 882 apertis
956 810 1131 873 cistis,
1170 817 1410 862 armatos
1453 819 1646 862 omnes
1691 802 1975 867 interfecit,

2104 801 2329 865 ιδέξατο.
2354 798 2419 856 Οί
2448 798 2492 852 δ’
2520 799 2755 858 ἐκείνοις
2807 794 3210 865 ὑπηρετοῦντες
3249 792 3388 863 μετὰ
3428 789 3540 843 τῶν
3570 806 3669 842 κπ-

413 880 477 957 ac
521 903 578 957 in
629 880 820 957 urbem
877 914 1182 970 regressus,
1216 898 1388 953 duces
1429 897 1523 967 qui
1574 893 1770 963 reliqui
1831 900 1978 953 erant

2096 893 2278 963 μήλων
2306 891 2385 945 ἔτι
2415 893 2510 957 τῆς
2545 890 2755 951 πόλεως
2793 884 2937 960 ἦσαν
2967 886 3093 951 ἔξω.
3120 884 3433 955 Προσαίτης
3485 880 3544 934 δέ
3578 897 3661 943 τις

414 995 593 1065 gladio
619 993 877 1057 confecit,
910 1007 1020 1046 uno
1052 1000 1264 1046 tautum
1292 989 1541 1053 dimisso,
1578 985 1846 1043 ambabus
1873 998 1979 1038 ma-

2106 983 2386 1055 Ἀρμένιος
2416 980 2571 1044 εἰδὼς
2615 981 2706 1035 καὶ
2730 979 2833 1050 τὴν
2872 978 3123 1049 Ἀράϐων
3172 975 3458 1029 διάλεκτον
3504 988 3671 1043 προσο

416 1087 600 1151 nibus,
630 1100 767 1140 naso
791 1094 849 1141 et
878 1083 1111 1139 auribus
1140 1091 1392 1136 truncato
1423 1098 1437 1134 :
1475 1080 1568 1151 qui
1593 1078 1806 1133 cladem
1841 1075 1981 1130 illam

2104 1076 2225 1147 ἠλθε
2276 1077 2388 1137 τοῖς
2420 1073 2576 1136 ἐκτὸς
2615 1072 2996 1142 αὐλιζομένοις
3034 1068 3241 1139 Ἄραψι
3286 1067 3669 1137 μεταιτήσων·

417 1174 566 1230 domi
589 1150 894 1229 nuntiaret.
945 1173 1014 1227 At
1047 1150 1503 1243 Carthaginensis
1543 1184 1766 1222 suarum
1801 1168 1982 1236 copia-u

2107 1169 2295 1241 ῇκουσε
2319 1166 2374 1219 δὲ
2410 1168 2473 1218 ἐκ
2508 1164 2763 1218 κιϐωτίου
2816 1164 2955 1227 τινος
2999 1160 3334 1232 ἐρωτῶντος,
3366 1160 3482 1229 ὅπη
3526 1150 3635 1210 eid
3658 1172 3672 1186 ·

422 1283 543 1321 rum
578 1265 799 1320 interitu
828 1266 1070 1332 cognito,
1110 1264 1226 1333 ipse
1255 1277 1377 1317 cum
1412 1263 1615 1333 majore
1649 1262 1897 1316 exercitu
1935 1262 1987 1317 in

2105 1260 2190 1313 καὶ
2213 1260 2292 1323 είς
2330 1259 2430 1327 τὴν
2485 1256 2640 1309 πόλιν
2698 1255 2869 1309 ἐλθὼν
2921 1252 3225 1323 ἀπήγγειλε
3262 1250 3322 1304 τὸ
3366 1252 3561 1321 δρᾶμα
3594 1249 3670 1318 τῷ

425 1357 667 1412 Siciliam
705 1354 1093 1424 proficiscitur.
1122 1354 1393 1408 Mauiaces
1424 1353 1620 1407 castris
1645 1362 1837 1408 contra
1866 1368 1990 1409 eum

2113 1349 2412 1421 ττρατηγῷ.
2458 1351 2517 1404 Ὀ
2540 1351 2600 1404 δὲ
2627 1351 2756 1414 τοὺς
2803 1349 2902 1418 μὲν
2956 1349 3226 1419 ἄρχοντας
3274 1346 3382 1398 τῶν
3429 1344 3678 1415 ’Δράϐων

424 1447 640 1518 positis,
671 1454 728 1501 et
755 1445 951 1499 classis
987 1444 1243 1514 prtefccto
1289 1443 1573 1514 Stephano
1614 1444 1847 1514 patricio
1896 1444 1989 1499 im-

2115 1444 2508 1513 εὐωχουμένους
2537 1444 2593 1494 ἐν
2615 1445 2680 1511 τῇ
2708 1441 2875 1501 ,πόλει
2901 1439 3213 1497 κατέλιπεν.
3246 1437 3421 1499 αὐτὸς·
3445 1436 3505 1490 δὲ
3539 1436 3680 1506 μετα

422 1539 700 1609 peratoris
741 1538 886 1593 afﬁni
918 1537 1065 1609 (nam
1103 1538 1149 1591 is
1191 1552 1411 1607 quoque
1460 1551 1568 1591 una
1617 1520 1815 1591 missus
1854 1539 1987 1606 erati

2115 1533 2207 1588 τῶν
2238 1536 2363 1606 περὶ
2390 1533 2554 1587 αὑτὸν
2587 1532 2840 1598 ἐξελθὼν,
2873 1534 2969 1586 καὶ
2999 1530 3068 1584 τὰ
3092 1528 3323 1584 κιϐώτια
3353 1528 3680 1600 διαρρήξας,

431 1630 654 1684 mandat
677 1638 738 1683 ut
765 1643 917 1683 oram
953 1627 1283 1681 maritimam
1316 1626 1611 1698 diligenter
1644 1636 1886 1695 tueatur,
1929 1642 1996 1683 ne

2114 1626 2226 1690 τοὺς
2248 1629 2307 1679 ἐν
2336 1625 2520 1687 αὐτοῖς
2555 1610 2781 1686 ὁπλίτας
2814 1625 3141 1677 ἀπέκτεινεν
3168 1616 3442 1683 ἅπαντας,
3471 1621 3571 1673 καὶ
3599 1621 3679 1681 είς

427 1720 875 1791 Carthagineusis
904 1719 1081 1773 victus
1109 1718 1351 1789 effugere
1378 1727 1564 1788 queat.
1608 1719 1807 1774 Prtelio
1846 1734 1992 1774 com-

2115 1719 2201 1786 τὴν
2232 1717 2385 1771 πόλιν
2412 1715 2568 1779 abiit;
2604 1716 3001 1786 ὑπονοστήσας,
3028 1713 3157 1777 τοὺς
3188 1716 3287 1783 μὲν
3319 1713 3546 1775 λοιποὺς
3574 1710 3680 1764 τῶν

431 1812 622 1877 misso,
654 1820 803 1867 tanta
854 1812 1153 1866 multitudo
1187 1812 1444 1866 Afrorum
1492 1811 1682 1881 periit,
1739 1823 1797 1867 ut
1848 1813 1996 1869 nullo

2119 1811 2382 1881 ipxdv‘rwv
2410 1807 2590 1862 αὐτῶν
2619 1807 2894 1877 μαχαίρας
2922 1805 3078 1859 ἔθετο
3110 1807 3272 1877 ἔργον
3300 1824 3317 1840 ο
3346 1806 3467 1867 ἐνὸς
3494 1805 3554 1858 δὲ
3589 1804 3684 1867 τὰς

431 1919 604 1974 prope
661 1919 894 1959 numero
960 1903 1351 1973 comprehendi
1410 1911 1597 1973 queat.
1657 1903 1765 1959 Sed
1809 1920 1996 1960 mrum

2114 1903 2296 1972 χεῖρας
2318 1897 2636 1966 ἀποτεμὼν,
2666 1900 2732 1953 τὰ
2774 1892 2893 1952 ὧτά
2926 1914 2984 1950 τε
3016 1899 3110 1950 καὶ
3138 1897 3239 1968 τὴν
3270 1899 3393 1968 ῥῖνα
3443 1895 3679 1967 ἀφῆκεν,

428 1993 691 2067 princeps
714 2007 896 2061 pugna
921 1993 1163 2062 elapsus,
1199 2007 1497 2047 conscensa
1527 1992 1734 2053 celoce.
1760 1993 1993 2063 decepti:

2122 1993 2196 2047 ἵνα
2223 1995 2338 2056 τοῖς
2366 1992 2508 2046 οίκοι
2532 1993 2591 2044 τὸ
2614 1990 2774 2061 σῶμα
2791 1990 2890 2061 τὴν
2918 1990 3206 2060 συμφορὰν
3237 1988 3687 2058 καταγγέλλοιεν,

433 2081 751 2138 classiariis.
782 2084 1005 2136 domum
1054 2083 1238 2137 rediit.
1295 2081 1352 2137 Id
1406 2081 1683 2139 Mauiaces
1720 2086 1998 2152 aegerrime

2123 2084 2181 2138 Ὀ
2201 2084 2258 2136 δὲ
2285 2082 2678 2152 Καρχηδόνιος,
2707 2082 2798 2134 τὸν
2827 2080 3052 2151 ὄλεθρον
3079 2081 3191 2134 τῶν
3218 2081 3309 2132 ὑπ’
3333 2081 3507 2133 αὐτοῦ
3548 2097 3688 2149 πεμ-

432 2172 641 2237 ferens,
664 2172 857 2228 classis
885 2173 1145 2242 praefecto
1176 2174 1544 2230 conviciatur.
1592 2177 1642 2231 Is
1666 2192 1799 2231 vero
1841 2179 1997 2246 impe-

2123 2178 2354 2247 ροέντων
2388 2179 2467 2239 εἰς
2517 2177 2770 2230 Σικελίαν
2800 2175 3009 2246 μαθὼν,
3053 2174 3215 2237 αὐτὸς
3247 2176 3326 2237 είς
3370 2177 3473 2244 τὴν
3523 2172 3688 2243 νῆσον

437 2261 639 2316 ratoris
671 2260 933 2318 aﬂinitate
967 2263 1161 2328 fretus,
1193 2264 1358 2334 238
1403 2280 1526 2319 cum
1584 2265 1775 2336 iniquo
1826 2268 2002 2322 animo

2128 2270 2442 2340 ιστρὰτευσε
2482 2270 2618 2339 μετὰ
2647 2270 2933 2338 δυνάμεως
2961 2268 3228 2329 πλείονος.
3267 2267 3378 2320 Καὶ
3419 2269 3447 2319 6
3476 2269 3693 2321 Μανιά-

438 2352 801 2406 coutumelias
831 2354 1156 2422 accepisset,
1207 2370 1271 2409 ac
1299 2354 1541 2409 vicissim
1589 2357 1799 2427 aliquid
1846 2357 2003 2412 dixis-

2128 2380 2212 2429 ιη;
2258 2361 2871 2432 ἁντιστρατοπεδεύεται
2923 2362 3039 2422 τοῖς
3100 2360 3442 2428 Ἀγαρηννιῖς,
3491 2361 3588 2412 καὶ
3616 2358 3693 2429 τῷ

438 2454 543 2509 set,
596 2459 626 2496 a
659 2443 902 2499 Maniace
935 2446 1015 2500 ira
1062 2446 1273 2515 percito
1302 2447 1650 2513 verberatus,
1696 2449 1880 2503 statim
1918 2448 2003 2502 lit-

2129 2454 2204 2508 ιοῦ
2242 2455 2426 2507 στόλου
2466 2454 2794 2524 κατάρχοντι
2851 2451 2929 2523 τῷ
2964 2453 3239 2522 πατρικίῳ
3290 2452 3552 2521 Στεφάνῳ
3616 2452 3694 2521 τῷ

441 2532 574 2586 teris
612 2533 834 2603 scriptis
879 2533 949 2589 ad
1000 2536 1299 2604 spadonem
1346 2536 1618 2592 Joannem
1664 2537 1853 2591 uxoris
1901 2552 2006 2593 sum

2129 2547 2207 2601 τοῦ
2242 2547 2505 2617 βασιλέως
2539 2547 2779 2618 γαμϐρῷ
2837 2543 3195 2615 (συνέσταλτο
3246 2543 3355 2614 γὰρ
3408 2544 3507 2597 καὶ
3541 2536 3694 2607 οὗτος

438 2622 665 2678 fratrem
704 2622 1254 2695 Orphanotrophum,
1299 2625 1596 2682 Maniacem
1649 2629 2003 2683 calumniatut

2128 2640 2264 2710 ιὺτῷ
2297 2640 2435 2710 μετὰ
2461 2639 2554 2693 τοῦ
2589 2640 2800 2706 στόλου)
2850 2636 3112 2706 ἀσφαλῶς
3147 2637 3334 2706 τηρεῖν
3383 2636 3693 2689 ἐνετείλατο

445 2722 504 2767 ιιι
534 2715 901 2770 defectionem
934 2718 1276 2772 molientem.
1319 2719 1435 2784 Qua
1465 2720 1555 2773 ille
1604 2720 1672 2775 de
1705 2735 1867 2775 causa
1897 2721 2010 2774 vin-

2130 2730 2214 2799 τὴν
2246 2729 2534 2799 παράλιον,
2572 2729 2657 2783 ἵνα
2693 2728 2767 2798 μὴ
2801 2726 3057 2798 ἡττηθεὶς
3096 2723 3227 2786 ἴσως
3262 2726 3290 2777 6
3320 2723 3695 2794 Καρχηδόνιος

442 2815 566 2863 ctus
596 2807 652 2861 in
708 2812 895 2862 urbem
947 2809 1147 2863 ductus
1183 2810 1447 2864 custodia:
1500 2811 1815 2873 mandatur,
1863 2812 2007 2865 omni

2129 2824 2418 2890 ὶποδρᾶναι
2448 2822 2761 2892 δυνήσεται.
2789 2820 2990 2889 Μάχης
3018 2818 3199 2873 τοίνυν
3227 2815 3530 2882 συστάσης.
3554 2814 3694 2882 πλῆ-

445 2900 772 2955 auctoritate
818 2901 873 2954 in
907 2901 1247 2971 Stephanum
1284 2904 1543 2958 translata
1575 2921 1588 2958 :
1627 2920 1806 2974 neque
1845 2906 2010 2962 multo

2132 2912 2213 2977 ioc
2245 2914 2342 2983 μὲν
2388 2913 2496 2966 τῶν
2539 2913 2766 2982 Ἀφρων
2805 2910 3067 2982 ἀνῄρητο,
3122 2908 3312 2979 σχεδόν
3342 2924 3396 2961 τι
3448 2907 3697 2975 κρεῖττον

448 3006 573 3068 post
595 2996 771 3050 insula
796 2996 852 3051 in
884 2996 1259 3067 Agarenorum
1294 3008 1619 3067 potestatem
1647 2999 1833 3063 rediit,
1863 2998 2013 3054 ducis

2135 3005 2215 3058 ιαὶ
2261 3005 2518 3076 ἀριθμοῦ,
2555 3008 2583 3059 6
2633 3005 2689 3058 δὲ
2724 3004 2906 3059 αὐτῶν
2940 3001 3183 3074 ἀρχηγὸς
3217 2998 3440 3069 διαδρὰς
3476 2999 3543 3051 ἐκ
3596 2999 3700 3064 τῆς

446 3090 747 3161 imperitia,
799 3090 1072 3153 socordia.
1135 3106 1199 3146 ac
1242 3091 1502 3147 sordibus
1556 3092 1851 3162 imprimis,
1901 3092 2011 3148 sola

2134 3097 2326 3168 μάχης,
2355 3097 2449 3150 καὶ
2482 3097 2718 3167 κελητίῳ
2742 3099 2767 3150 ἐ
2776 3093 3070 3167 μὸεὸηκὼς
3099 3091 3278 3146 λαθών
3299 3107 3360 3144 τε
3386 3092 3513 3153 τοὺς
3536 3088 3699 3157 ἐντῷ

446 3148 697 3236 Messana
730 3148 873 3252 fqua:
899 3193 952 3236 et
988 3182 1105 3253 ipsa
1135 3182 1337 3240 Sicilia
1370 3185 1504 3239 urbs
1545 3148 1651 3249 θειᾶ
1682 3185 1886 3239 virtute
1919 3184 2011 3239 Ca.

2348 3148 2910 3243 εικαὲέίίδίᾇᾶιᾷᾦσέο
2940 3148 2951 3167 ⁸
2993 3148 3165 3239 Τοῦτο
3209 3183 3287 3251 τῷ
3323 3148 3584 3252 Μανιακῃ
3643 3148 3699 3234 ἐν

451 3273 717 3330 tacalonis
748 3273 1000 3330 Ambusti
1047 3275 1290 3344 praafccti
1340 3277 1606 3331 Romanis
1651 3286 2016 3332 conservata:

2133 3283 2409 3351 συμφορᾶς
2437 3282 2614 3352 ἧγητο
2644 3282 2826 3350 μέρει,
2865 3281 2959 3336 καὶ
2986 3279 3066 3349 τῷ
3103 3277 3199 3332 τοῦ
3250 3276 3440 3330 στόλου
3471 3276 3698 3344 ἄρχοντι

449 3367 545 3438 qui
580 3368 720 3423 idem
744 3369 914 3424 multa
936 3369 1184 3424 hostium
1214 3370 1384 3424 millia
1412 3369 1636 3426 cecidit.
1678 3370 1749 3424 At
1784 3371 2014 3440 impera-

2136 3372 2466 3442 ἐλοιδορεῖτο.
2501 3369 2609 3424 Τοῦ
2640 3370 2696 3424 δὲ
2721 3374 2788 3439 τῇ
2819 3368 3111 3440 συγγενείᾳ
3141 3369 3207 3438 τῇ
3230 3366 3483 3436 βασιλικῇ
3504 3383 3701 3418 πεποι-

454 3460 591 3514 toris
615 3460 785 3516 frater
811 3461 984 3531 spado
1016 3461 1278 3526 Joannes,
1329 3462 1681 3532 pontiﬁcatus
1717 3463 2019 3532 cupiditate

2133 3463 2298 3527 Βότος,
2332 3463 2427 3516 καὶ
2458 3461 2891 3533 δυσχεράναντος
2942 3459 3081 3527 πρὸς
3127 3458 3227 3522 τὰς
3270 3456 3481 3523 ὕϐρεις,
3510 3456 3605 3511 καί
3644 3472 3698 3508 τι

450 3549 708 3620 ﬂagrans,
756 3551 1021 3619 quosdam
1063 3566 1128 3606 ex
1176 3555 1455 3622 primariis
1490 3555 1869 3611 sacerdotibus
1914 3558 2015 3614 sibi

2134 3552 2841 3624 ivdunsvsyx6vrogﬁupr§
2899 3551 3124 3622 ληφθεὶς
3157 3554 3184 3604 6
3241 3549 3551 3617 Μανιάκης.
3604 3547 3699 3602 καὶ

458 3639 815 3702 conciliavit,
844 3641 939 3710 qui
968 3640 1020 3695 ei
1069 3641 1471 3711 pollicebantur
1515 3659 1574 3700 se
1615 3645 1738 3700 loco
1780 3658 2023 3702 moturos

2136 3648 2337 3719 πληγὰς
2365 3647 2589 3701 ἐντείνει
2614 3645 2789 3716 αὐτῷ.
2833 3644 2893 3699 '0
2918 3643 2975 3697 δὲ
2997 3643 3195 3697 αὐτίκα
3224 3642 3428 3712 γράφει
3475 3639 3556 3709 τῷ
3601 3657 3701 3707 γυ-

456 3730 709 3787 Alcxium
771 3732 1165 3802 patriarcham,
1223 3742 1284 3789 ut
1337 3734 1432 3803 qui
1485 3751 1594 3788 non
1644 3737 2021 3792 communibus

2127 3741 2478 3811 ναικαδέλφῳ
2519 3738 2630 3810 (ll)
2697 3739 2923 3810 Ἰωάννῃ
2977 3736 3057 3804 τῷ
3125 3735 3379 3805 Europis},
3436 3735 3692 3803 Ὀρφανο

456 3822 755 3894 suffragiis,
782 3824 877 3879 sed
901 3824 1251 3895 imperatoris
1272 3826 1600 3880 auctoritate
1625 3833 1844 3883 creatus
1859 3839 2021 3885 esset.

2139 3836 2315 3904 ιρόφῳ
2344 3832 2721 3903 ὀνομασθέντι,
2755 3830 3065 3901 ἀποστασία
3110 3829 3416 3900 ἐπιχειρεῖν
3450 3827 3544 3879 τὸν
3588 3827 3704 3879 Μα-

455 3914 552 3969 Ille
576 3930 708 3971 vero
733 3934 748 3971 :
773 3915 851 3981 Si,
884 3915 1080 3986 inquit,
1109 3924 1294 3971 contra
1323 3932 1548 3972 canones
1572 3935 1651 3971 me
1668 3920 2020 3989 patriarcham

2137 3925 2340 3993 νιάκην.
2393 3924 2670 3981 Ἐντεῦθεν
2694 3925 2723 3976 6
2760 3923 2856 3990 μὲν
2889 3922 3196 3985 Μανιάκης,
3242 3920 3461 3985 δέσμιος
3493 3918 3702 3972 ἐκεῖθεν

458 4022 568 4061 esse
594 4006 795 4078 factum
840 4008 1096 4073 asseritis,
1127 4009 1165 4062 ii
1205 4009 1363 4061 etiam
1394 4011 1483 4076 qui
1530 4025 1561 4061 a
1593 4024 1674 4061 me
1715 4008 1865 4065 electi
1904 4021 2023 4065 sunt

2137 4017 2404 4086 ἀναχθεὶς,
2439 4019 2650 4085 φυλακῇ
2686 4015 2981 4088 παρεδόθη,
3013 4017 3047 4083 ἠ
3082 4013 3344 4083 σύμπασα
3368 4012 3414 4065 δ’
3450 4011 3601 4083 ἀρχὴ
3631 4011 3702 4080 τῷ

460 4097 572 4152 loco
627 4109 956 4154 moveantur.
1006 4099 1068 4154 Id
1126 4115 1449 4170 reSpousum
1498 4099 1684 4156 elIecit
1732 4110 1791 4156 ut
1845 4103 2025 4159 caeteri

2136 4111 2392 4179 Στεφάνῳ
2423 4109 2806 4180 περιελήλυθε.
2838 4108 2950 4163 Καὶ
2980 4110 3014 4178 ἡ
3051 4106 3118 4175 νῆ
3131 4123 3221 4169 σος
3253 4105 3353 4157 οὐκ
3374 4107 3453 4167 εἰς
3488 4104 3701 4174 μακρὰν

461 4190 781 4248 sacerdotes
818 4208 850 4247 a
880 4192 1204 4262 patriarchae
1232 4192 1647 4248 accusatoribus
1676 4193 2025 4262 dissiderent,

2137 4201 2238 4254 ὑπὸ
2282 4200 2407 4262 τοὺς
2450 4200 2782 4269 ’Δγαρηνοὺς
2830 4198 2927 4252 καὶ
2992 4193 3151 4260 αὖθις
3205 4196 3423 4263 ἐγένετο
3479 4195 3702 4264 ἀπειρίᾳ

460 4292 517 4338 et
553 4281 1046 4353 Orphanotrophus
1077 4283 1254 4354 impos
1283 4284 1395 4340 voti
1428 4285 1752 4341 redderetur
1785 4304 1800 4341 :
1831 4287 1927 4357 qui
1961 4286 2025 4343 ad

2139 4292 2225 4345 καὶ
2254 4288 2499 4359 ῥᾳθυμίᾳ
2524 4288 2617 4342 τοῦ
2657 4289 2938 4358 ἄρχοντος.
2964 4290 3060 4342 καὶ
3097 4286 3203 4357 πρὸ
3249 4285 3454 4339 τούτων
3484 4286 3704 4355 αἰσχρο-

463 4384 706 4444 quaestus
753 4376 1148 4447 excogitandos
1198 4377 1588 4443 calidissimus,
1651 4393 1776 4435 eum
1844 4378 2028 4435 multis

2140 4380 2424 4449 κερδείαις,
2458 4379 2630 4449 μόνης
2660 4378 2761 4449 τῆς
2799 4378 3087 4448 Μεσσήνης
3132 4376 3308 4449 (πόλις
3349 4376 3406 4428 δὲ
3435 4374 3577 4445 αὕτη
3602 4376 3705 4428 τῶν

466 4465 706 4520 insolitis
760 4468 1146 4523 exactionibus
1204 4469 1458 4525 subditos
1528 4481 1774 4534 vexaret,
1830 4472 2031 4526 accidit

2141 4470 2448 4540 Σικελικῶν)
2481 4468 2930 4540 περιλειφθείσης
2982 4466 3299 4534 Ῥωμαίοις,
3353 4465 3448 4518 καὶ
3507 4465 3706 4553 ταύτης

465 4566 528 4611 ιιι
557 4572 720 4611 soror
748 4560 868 4629 ejus
895 4560 1062 4613 Maria
1098 4560 1380 4615 Michaelis
1427 4561 1736 4629 Calapltatte
1766 4565 1860 4631 qui
1910 4573 2030 4632 post

2141 4562 2229 4616 τοῦ
2273 4565 2331 4617 ἐν
2364 4562 2502 4632 αὐτῇ
2564 4559 3003 4630 στρατηγοῦντος
3075 4555 3440 4626 ἀνδραγαθίᾳ,
3481 4550 3638 4616 οὗτος
3665 4554 3706 4607 δ’

465 4644 761 4716 imperavit
808 4661 1002 4716 mater,
1051 4649 1194 4705 votis
1228 4651 1516 4715 exsolutis,
1558 4652 1774 4721 Epheso
1817 4669 2030 4709 reversa

2141 4649 2200 4725 ἦν
2252 4656 2279 4706 6
2316 4652 2675 4720 Κεκαυμένος
2736 4650 3098 4706 Κατακαλών·
3152 4649 3211 4700 οὺ
3274 4647 3383 4717 γὰρ
3416 4645 3517 4715 τὴν
3558 4644 3706 4698 πόλιν

466 4747 722 4795 narraret
757 4754 923 4810 quam
963 4754 1165 4795 misere
1214 4741 1422 4797 subditi
1472 4742 1633 4796 novis
1666 4741 1775 4797 illis
1797 4744 2031 4799 exactio-

2141 4746 2298 4816 μόνον
2327 4743 2743 4815 περιεφύλαξεν,
2782 4743 2919 4798 ἀλλὰ
2966 4742 3060 4798 καὶ
3113 4740 3357 4812 χιλιάδας
3386 4740 3569 4793 ἀνεῖλε
3603 4738 3706 4791 τῶν

468 4830 636 4885 nibus
667 4840 1059 4897 tractarentur,
1088 4848 1154 4888 ac
1183 4841 1396 4903 peteret
1426 4845 1488 4887 ut
1523 4847 1663 4887 onus
1710 4832 1844 4887 illud
1889 4833 2033 4888 laxa-

2145 4836 2416 4893 ἐναντίων.
2461 4838 2520 4891 Ὀ
2557 4835 2617 4889 δὲ
2648 4835 2743 4889 τοῦ
2772 4833 3037 4906 βασιλέως
3087 4832 3338 4902 ἁδελφὸς,
3367 4832 3395 4883 6
3446 4829 3710 4899 ἐκτομίας

410 4928 435 4994 ἶ
467 4929 644 4976 retur.
669 4920 768 4978 Cui
787 4936 911 4977 cum
935 4922 1204 4980 cachinno
1224 4922 1975 4994 respouditOrphanotrophu

2150 4926 2421 4998 Ἰωάννης,
2450 4927 2784 4998 δριμύτατον
2819 4924 3035 4995 τρέφων
3059 4923 3236 4993 ἔρωτα
3267 4920 3360 4974 τοῦ
3395 4920 3703 4988 προστῆναι

468 5026 591 5066 eam
620 5013 825 5069 sentire
857 5022 919 5069 ut
942 5014 1254 5081 mulierem,
1284 5031 1407 5085 quae
1462 5015 1738 5084 ignoraret
1774 5024 2033 5085 quantam

2142 5020 2236 5088 τῆς
2279 5018 2631 5087 Ἐκκλησίας,
2656 5018 2830 5080 ἐνίους
2870 5017 2979 5070 τῶν
3016 5013 3319 5087 ἀρχιερέων
3346 5009 3707 5081 προσηταιρί-

469 5104 760 5172 pecuniam
790 5106 1027 5175 postulet
1054 5107 1368 5177 imperium.
1415 5106 1525 5161 Zoe
1556 5122 1687 5162 vero
1715 5106 2034 5178 imperatrix

2142 5127 2289 5175 σατο,
2346 5110 2397 5165 οἳ
2431 5110 2580 5179 αὑτῷ
2632 5108 3036 5180 ἐπηγγέλλοντο
3082 5105 3419 5176 καθαιρῆσαι
3462 5103 3559 5160 τὸν
3608 5123 3707 5159 πα-

472 5196 548 5251 illi
584 5196 841 5253 insidiata
889 5213 1009 5254 esse
1057 5198 1234 5254 fertur
1269 5217 1283 5254 :
1336 5198 1553 5254 medico
1582 5197 1728 5253 enim
1756 5198 2033 5269 potionem

2141 5202 2407 5273 τριάρχην
2476 5201 2732 5267 Ἀλέξων,
2779 5202 2856 5266 ὡς
2893 5201 2955 5254 οὐ
3002 5201 3166 5271 ψήφῳ
3220 5200 3371 5268 κοινῇ
3430 5214 3706 5268 προχειρι-

471 5299 797 5363 purgantem
821 5290 870 5347 ci
911 5291 1273 5361 propiuaturo
1307 5290 1631 5347 muneribus
1671 5297 1727 5346 et
1769 5290 2036 5359 pollicita-

2143 5296 2362 5361 σθέντα,
2387 5294 2505 5348 ἀλλ’
2530 5294 2752 5366 ἐξουσίᾳ
2778 5293 3053 5363 βασιλικῇ.
3087 5290 3147 5345 '0
3171 5291 3248 5355 δὲ,
3274 5292 3342 5346 El
3368 5290 3442 5343 οὐ
3466 5304 3706 5343 κανονι-

479 5383 725 5440 ‘iouibus
751 5387 1025 5455 persuasit
1057 5395 1117 5439 ut
1158 5385 1398 5440 toxicum
1453 5399 1555 5453 pro
1601 5383 1824 5439 salutari
1862 5384 2038 5438 medi-

2142 5385 2279 5451 κῶς,
2304 5386 2378 5450 ὣς
2400 5402 2557 5454 φατε,
2592 5387 2810 5454 γέγονα
2857 5383 3247 5452 πατριάρχης,
3293 5380 3578 5440 ἀντὲθετο,
3610 5377 3706 5432 καί

480 5476 602 5532 cina
624 5477 850 5534 offerret
883 5497 898 5533 :
935 5479 1032 5534 sed
1076 5478 1164 5534 ille
1204 5477 1599 5533 animadversis
1624 5476 1840 5532 insidiis
1881 5477 2034 5545 peri-

2145 5477 2276 5531 ὅσοι
2307 5479 2441 5546 παρ’
2481 5477 2627 5548 ἐμοῦ
2668 5475 3229 5548 ἐχειροτονήθησαν,
3280 5472 3706 5539 καθαιρεθήτω-

1653 5591 1848 5652 Varia;
1880 5589 2182 5651 lectiones
2226 5602 2288 5650 et
2324 5603 2516 5652 notas.

551 5691 662 5758 (II)
714 5690 799 5757 Τῷ
855 5692 1087 5761 γυναικὶ
1153 5691 1411 5760 ἀδελφῷ.
1469 5694 1548 5747 An
1606 5691 2040 5760 γυναικαδέλφῳ,

2141 5690 2305 5746 txoris
2359 5690 2552 5748 fratri?
2604 5688 2732 5746 Mss.
2791 5688 2944 5760 Regii
2994 5702 3205 5753 omnes,
3268 5685 3325 5741 Ὀ
3378 5683 3436 5739 δὲ
3517 5681 3706 5755 αὐτίκα

482 5762 685 5832 γράφει
717 5763 793 5833 τῷ
820 5764 1033 5834 ἀδελφῷ
1082 5765 1320 5835 Ἰωάννῃ,
1351 5771 1481 5828 ctc.,
1510 5763 1824 5832 pmfcrunt.
