3964 6252
236 428 344 496 189

1446 432 1852 499 AN'NAL-IUM
1890 436 2040 498 LIB.
2081 437 2269 501 XVI].

3399 440 3503 502 199

228 566 357 606 σαν
387 547 515 603 σὺν
541 547 694 619 ἐμοί.
736 545 915 602 Τοῦτο
943 546 1071 612 τοὺς
1095 547 1317 612 λοιποὺς
1355 549 1465 605 τῶν
1518 551 1824 622 ἀρχιερέων

1947 554 2115 608 :ulum
2141 553 2393 609 evitavit.
2438 552 2575 610 Cum
2620 564 2805 611 autem
2854 554 3166 626 respublica
3216 554 3298 612 sic
3347 557 3415 613 ab
3439 573 3507 613 eo

232 646 527 700 στασιάσαι
548 645 690 700 κατά
720 646 831 700 τῶν
860 648 956 701 τοῦ
986 645 1331 716 πατριάρχου
1364 645 1819 717 κατηγορούντων

231 737 493 807 ἠρέθισε,
518 738 614 793 καὶ
668 738 886 808 ἔμεινεν
924 738 1214 802 ἀτέλεστος
1243 738 1339 792 τοῦ
1378 737 1819 810 Ὀρφανοτρόφου

232 831 269 905 ή
296 829 510 900 ἔφεσις.
546 830 779 894 Πολλαῖς
835 832 892 886 δέ
933 830 1029 886 καὶ
1083 831 1417 902 ἀσυνήθεσιν
1457 831 1811 903 είσπράξεσιν

230 913 390 985 οὗτος
422 919 683 992 ἐξέτρυχε
707 922 770 976 τὸ
814 923 1080 994 ὑπήκοον,
1138 922 1524 994 ποριμὼτατος
1555 925 1614 978 ἐν
1644 922 1823 977 τοιούι

231 1027 347 1071 τοις
373 1013 694 1082 γενόμενος.
736 1014 849 1082 Τῆς
872 1011 968 1070 οὖν
1026 1015 1261 1086 ἀδελφῆς
1315 1016 1483 1071 αὐτοῦ
1518 1016 1756 1086 Μαρίας,
1788 1016 1823 1087 ἢ

235 1104 426 1176 μήτηρ
469 1101 540 1176 ἦν
580 1106 678 1160 τοῦ
736 1105 967 1179 ὕστερον
1002 1106 1421 1178 βασιλεύσαντος
1478 1107 1700 1178 Μιχαὴλ
1728 1107 1824 1160 τοῦ

232 1189 596 1266 Καλαιράτου,
621 1199 692 1252 δι’
718 1199 883 1269 εὐχὴν
913 1199 995 1262 είς
1028 1201 1266 1269 Ἔφεσον
1314 1184 1682 1268 ἀπελθούσης,
1719 1199 1825 1252 κά-

1927 646 2430 713 administraretur,
2484 647 2684 704 fratres
2734 646 2855 721 ejus
2914 666 3024 704 non
3079 649 3268 705 minus
3316 665 3509 706 omnes

1927 738 2299 812 exagitabant,
2349 740 2607 796 homines
2646 741 2992 812 injtistissimi
3044 754 3099 798 et
3145 742 3505 797 avarissimi:

1918 849 2060 903 quos
2089 848 2213 888 cum
2264 833 2566 904 imperator
2601 835 2767 889 etiam
2825 852 2887 891 ea
2927 838 2995 892 de
3052 852 3218 893 causa
3267 837 3503 899 odisset,

1930 932 2113 979 tamen
2149 925 2323 995 major
2378 916 2552 980 l‘ratcr
2608 925 2778 994 spado
2819 912 3057 983 Joannes
3108 945 3205 984 eos
3257 926 3506 982 coerceri

1927 1031 2036 1070 non
2064 1016 2402 1085 patiebatur,
2435 1016 2577 1071 alias
2615 1020 2952 1086 excusando,
2984 1020 3118 1075 alias
3158 1021 3391 1090 tegendo
3424 1019 3502 1073 la-

1927 1108 2114 1163 cinora
2148 1123 2365 1173 eorum,
2407 1124 2475 1163 ne
2505 1107 2573 1162 ad
2604 1109 2974 1178 cognitionem
3006 1111 3354 1184 imperatoris
3383 1128 3510 1184 per—

1929 1200 2202 1255 venirent.
2744 1208 2747 1209 '

232 1289 422 1347 mea:
458 1289 885 1360 ἐπανελθούσης,
917 1290 1014 1343 καὶ
1035 1289 1407 1361 διηγουμένης
1476 1290 1578 1342 ὅσα
1642 1289 1902 1359 πάσχοιεν
1936 1292 1989 1343 οἱ
2035 1290 2290 1357 πένητες,
2328 1290 2426 1356 τάς
2461 1291 2655 1355 καινὰς
2698 1291 3072 1362 δασμοφορίας
3124 1296 3503 1365 πραττόμενοι,

231 1382 336 1437 καὶ
355 1380 618 1452 ἀξιούσης
646 1382 908 1452 ἀνεθῆναι
962 1384 1077 1444 τοῖς
1118 1383 1382 1453 ὑπηκόοις
1407 1383 1469 1436 τὸ
1494 1381 1587 1435 τοῦ
1621 1381 1822 1453 ἄχθους
1860 1383 2018 1448 πολὺ,
2054 1384 2084 1436 ό
2157 1382 2597 1456 Ὀριρανοτρόφος
2650 1386 3051 1455 ἐπικαγχάσας,
3095 1387 3179 1449 Ὧς
3213 1390 3349 1458 γυνὴ
3375 1406 3508 1460 φρο-

232 1476 373 1539 νεῖς,
402 1471 781 1544 ἀνταπεκρίοη
804 1472 969 1541 αὐτῇ,
1008 1472 1083 1543 μὴ
1126 1474 1299 1528 εἰδυῖα
1336 1474 1479 1527 ὅσων
1510 1475 1543 1542 ή
1580 1473 1828 1542 βασιλεία
1867 1473 2034 1527 δεῖται
2103 1473 2503 1545 ἀναλωμάτων.
2580 1471 2747 1542 Οὗτος
2793 1476 3245 1549 ἐπιϐουλευθῆναι
3287 1477 3506 1545 λέγεται

234 1570 394 1640 παρά
434 1568 536 1638 τῆς
572 1566 894 1638 βασιλίσσης
930 1566 1105 1637 Ζωῆς.
1155 1567 1557 1637 Φαρμακεῦσαι
1586 1567 1697 1638 γάρ
1758 1566 1924 1622 αὐτὸν
1981 1565 2265 1640 καθαρσίῳ
2333 1568 2426 1623 τοῦ
2490 1571 2675 1642 ίατροῦ
2728 1570 3032 1642 μέλλοντος,
3081 1572 3372 1625 ἀναπεῖσαι
3419 1570 3511 1625 τὸν

233 1666 674 1739 φαρμακεύοντα
698 1662 892 1734 δώροις
929 1665 1026 1718 καὶ
1054 1664 1386 1737 ὑποσχέσεσι
1417 1664 1507 1718 διά
1572 1681 1736 1718 τινων
1791 1663 1892 1736 τὴν
1932 1664 2250 1734 βασίλισσαν
2282 1667 2405 1721 ἀντὶ
2436 1669 2705 1741 σωτηρίου
2759 1671 3149 1737 προσενεγκεῖν
3180 1665 3329 1737 αὐτῷ
3355 1665 3513 1736 δηλη-

233 1764 466 1834 τήριον·
503 1758 842 1831 γνωσθέντος
865 1756 923 1809 δέ
944 1756 1040 1810 τοῦ
1063 1758 1515 1828 ἐπιχειρήματος,
1538 1756 1824 1828 διαδρᾶναι
1862 1756 1956 1810 τὸν
2020 1757 2288 1814 κίνδυνον.
2331 1746 2472 1813 ’Ἀλλ’
2505 1763 2648 1816 οὕτω
2691 1762 2792 1831 μὲν
2828 1761 2976 1833 παρᾶ
3016 1760 3106 1815 τοῦ
3147 1761 3509 1833 Ὀρςρανοτρό-

235 1877 342 1928 (pou
387 1857 642 1910 Ἰωάννου
666 1855 737 1910 τά
761 1854 920 1909 κοινά
951 1851 1274 1924 ᾡκονόμητο
1297 1867 1312 1882 ο
1345 1852 1406 1906 οὐ
1433 1855 1586 1921 μεῖον
1608 1850 1654 1905 δ’
1700 1851 1914 1905 ἐκείνου
1973 1853 2023 1905 oi
2087 1853 2310 1922 ἀδελφοὶ
2381 1855 2569 1921 αὑτοῦ,
2602 1857 2739 1909 ἀλλὰ
2778 1858 2962 1925 μέντοι
2998 1860 3094 1913 καὶ
3136 1856 3335 1927 μᾶλλον
3381 1854 3515 1909 ἐκά-

237 1967 376 2005 κουν
408 1950 750 2020 ξύμπαντας,
806 1945 1135 2003 ἀδικώτατοι
1163 1943 1315 2007 ὄντες
1362 1944 1458 1998 καὶ
1520 1943 2103 2015 φιλοχρηματώτατοι·
2161 1938 2245 2009 οἷς
2314 1945 2403 1999 διά
2462 1947 2635 2001 ταῦτα
2660 1948 2754 2001 καὶ
2783 1949 2810 2000 ὁ
2839 1946 3094 2016 βασιλεὺς
3135 1947 3506 2018 ἀπηχθάνετο·

241 2041 568 2099 ἀναστεῖλαι
610 2038 669 2092 δὲ
713 2037 813 2109 τήν
837 2036 1042 2090 κακίαν
1104 2035 1287 2097 αὐτοῖς
1343 2035 1405 2088 οὐ
1459 2037 1821 2105 συνεχωρεῖτο
1859 2034 2012 2104 παρὰ
2083 2035 2178 2088 τοῦ
2249 2037 2498 2108 μείζονος
2532 2037 2762 2106 ἀδελφοῦ
2787 2037 2880 2091 τοῦ
2914 2038 3175 2106 ἐκτομίου
3231 2040 3510 2106 Ἰωάννου,

234 2137 373 2190 ποτὶ
406 2134 507 2205 μὲν
538 2129 983 2202 παραιτουμένου
1027 2127 1246 2192 αὐτοὺς,
1275 2129 1405 2181 ποτέ
1430 2126 1615 2191 δὲτὰς
1650 2124 1830 2179 αὐτῶν
1871 2127 2102 2198 πράξεις
2182 2128 2711 2198 περικαλύπτοντος,
2744 2131 2843 2183 καὶ
2902 2130 3000 2183 οὐκ
3029 2128 3224 2193 ἐῶντος
3247 2131 3326 2197 είς
3374 2131 3516 2200 γνῶ-

243 2248 332 2283 οιιν
353 2226 516 2295 ήκειν
542 2223 620 2293 τῷ
645 2223 1033 2292 αὐτοκράτορι.

312 2325 435 2389 lq'.
462 2318 607 2387 Ἤδη
628 2317 687 2370 δὲ
714 2317 825 2387 τῆς,
839 2317 997 2368 νόσου
1020 2313 1446 2384 νεανιευομένης
1483 2312 1597 2385 (12)
1630 2310 1710 2383 τῷ
1730 2302 1829 2381 βα-

2004 2311 2170 2382 239
2223 2310 2361 2368 XVI.
2413 2310 2683 2367 Caeterum
2750 2311 2942 2366 morbo
2997 2311 3404 2375 invalesceote,
3460 2322 3516 2368 et

240 2416 407 2479 σελεῐ,
446 2411 542 2466 καὶ
572 2409 725 2476 θαμὰ
781 2407 884 2478 τῆς
938 2406 1034 2460 τοῦ
1089 2405 1448 2477 λογιζομένου
1497 2405 1827 2477 παραφορᾶς

240 2505 398 2574 αὐτῷ
423 2500 708 2569 ἐπιούσης,
747 2497 874 2553 οὔτε
914 2498 1169 2570 προόδοις
1218 2497 1330 2567 (l3)
1363 2496 1633 2567 ἐκέχρητο
1674 2510 1831 2547 συνε-

241 2599 379 2670 χῶς.
404 2595 529 2649 οὔτε
562 2590 857 2664 βασιλείοις
881 2593 1152 2661 πομπαῖς,
1172 2588 1284 2642 οὔτ’
1311 2592 1371 2643 ἐν
1404 2588 1644 2659 βήμασιν
1658 2590 1831 2659 ἐχρη-

244 2692 446 2762 μάτιζε
476 2689 555 2760 τῷ
591 2684 849 2757 βασιλείῳ
882 2684 1062 2756 θρόνῳ
1096 2683 1287 2746 ἄνετος
1312 2679 1665 2752 ἐφεζόμενος,
1696 2678 1833 2733 ἀλλά

246 2782 737 2854 παραπετάσματα
759 2778 888 2848 περὶ
928 2776 1093 2830 αὐτὸν
1143 2775 1498 2848 ἁπῃιῦρηντο,
1559 2774 1652 2828 καί
1685 2789 1833 2835 τινες

244 2876 532 2946 ἐπιτηρεῖν
562 2871 888 2941 τεταγμένοι
915 2868 1079 2923 αὐτὸν
1099 2866 1471 2938 περιίσταντο,
1493 2865 1569 2930 οἳ,
1595 2865 1834 2937 ὁπηνίκα

243 2986 305 3022 ιιι
338 2966 564 3037 σημεῖον
590 2959 732 3016 εἶδον
766 2962 866 3031 τῆς
880 2958 976 3013 τοῦ
1016 2958 1109 3012 νοῦ
1145 2954 1507 3028 παρατροπῆς
1555 2953 1749 3025 (πολλὰ
1777 2951 1836 3005 δὲ

250 3060 459 3126 ταύτην
491 3055 637 3126 αὐτῷ
664 3051 1057 3125 προεμήνυον),
1091 3047 1274 3105 εἷλκον
1303 3051 1391 3104 ἐπ’
1430 3051 1639 3104 ἐκεῖνον
1671 3046 1834 3109 εὐθὺς

251 3154 323 3205 τὰ
349 3148 854 3220 παραπετάσματα,
885 3145 982 3200 καὶ
1006 3144 1220 3208 τούτοις
1248 3144 1344 3198 τὸν
1391 3143 1677 3212 πάσχοντα
1707 3156 1837 3208 συγ-

254 3242 653 3306 καλύπτοντες,
688 3238 894 3304 ἐξιέναι
922 3238 1034 3301 τοῖς
1056 3235 1408 3308 παρεστῶσιν
1435 3231 1834 3288 ἐνεκελεύοντο.

249 3335 344 3402 ’ΐῴ
378 3332 437 3384 δὲ
468 3331 663 3402 ἀθρόον
694 3347 756 3383 τε
779 3328 840 3384 τδ
869 3328 1044 3391 πάθος
1090 3328 1271 3399 ἐπῄει,
1311 3326 1406 3380 καὶ⁸
1456 3324 1657 3395 ἀθρόον
1708 3323 1839 3393 ἀφί-

251 3441 442 3480 στατο.
474 3420 664 3486 Οὕτως
693 3418 786 3476 οὖν
821 3420 964 3492 ἔχων
1003 3422 1032 3473 ό
1070 3418 1292 3491 Μιχαὴλ
1346 3417 1495 3471 κατὰ
1528 3416 1704 3489 βραχῦ
1740 3415 1838 3469 καὶ

250 3516 349 3571 τοῦ
375 3516 515 3589 ὀρᾷν
541 3515 642 3587 τὴν
669 3513 990 3585 βασίλισσαν
1011 3511 1107 3566 καὶ⁵
1131 3511 1228 3566 τοῦ
1250 3512 1534 3583 προσιέναι
1556 3508 1834 3578 ἀπείχετο,

253 3611 289 3680 ἢ
320 3608 666 3679 αἰδούμενος,
700 3606 782 3660 ὅτι
810 3601 899 3659 οἷα
925 3605 1041 3659 ἀνθ’
1073 3604 1203 3658 οἴων
1234 3604 1375 3674 αὐτῇ
1406 3601 1794 3656 ἀνταπέδωκεν
1820 3612 1858 3657 ⁸.

255 3670 290 3768 ἦ
320 3698 432 3764 ὅτι,
461 3670 614 3766 θάμά
651 3696 748 3748 καὶ
769 3695 1094 3764 ἐτοιμότατα
1121 3693 1215 3747 τού
1240 3670 1443 3755 πάτους
1479 3690 1631 3761 αὐτῷ
1664 3692 1844 3758 ἐπιγι-
1870 3670 1912 3728 (ἶ

255 3789 513 3860 νομένου,
535 3788 800 3860 ᾐσχύνετο
830 3787 1056 3859 πάσχων
1107 3786 1253 3842 οὕτω
1293 3787 1425 3854 παρ’
1452 3785 1669 3857 ἐκείνης
1707 3784 1840 3856 ὁρᾶ-

258 3884 389 3939 σθαι
414 3901 428 3916 ’
457 3884 493 3955 ἢ
523 3883 616 3936 διὰ
642 3883 704 3936 τὸ
726 3883 825 3953 τὴν
847 3881 965 3947 ἕξιν
1010 3881 1104 3934 τοῦ
1143 3883 1398 3951 σώματος
1422 3879 1746 3950 διεφθάρθαι
1766 3880 1841 3944 οί,

257 3980 357 4036 καὶ
388 3978 531 4049 πρὸς
579 3974 724 4048 μίξιν
769 3975 844 4046 μὴ
891 3974 1217 4042 πεφυκέναι.
1258 3974 1431 4028 Ἔνιοι
1465 3972 1522 4027 δέ
1575 3989 1739 4044 φασιν
1769 3972 1847 4035 ὡς

260 4070 496 4142 ἀνδράσι
526 4069 920 4139 πνευματικοῖς
948 4067 1492 4137 ἐξομολογησάμενος
1508 4065 1569 4119 τὸ
1596 4065 1694 4136 τῆς
1727 4081 1843 4135 μοι-

261 4165 421 4236 χείας
444 4159 666 4217 καὶτοῦ
707 4160 872 4229 φόνου
897 4159 993 4213 τοῦ
1040 4159 1307 4229 βασιλέως
1352 4152 1678 4235 ἀμάρτημα,
1716 4157 1847 4226 παρ’

266 4232 497 4310 ἐκείνων
531 4255 697 4317 ἄλλας
719 4270 779 4306 τε
820 4252 1037 4319 ἐδέξατο
1067 4249 1311 4314 ἐντολάς,
1356 4232 1453 4304 καὶ
1488 4248 1585 4302 τοῦ
1620 4248 1849 4318 ἀφροδι-

232 4351 404 4404 ’σίων
434 4347 765 4419 ἀπέχεσθαι’
821 4344 976 4399 ἐνθεν
1026 4360 1112 4397 τοι
1139 4343 1231 4396 καὶ
1283 4342 1555 4406 διαδόσεις
1611 4341 1851 4393 ἐποιεῖτο

267 4443 576 4513 χρημάτων
612 4436 845 4502 πολλῶν,
892 4438 989 4490 καὶ
1019 4435 1247 4505 σεμνεῖα
1278 4433 1573 4505 ᾠκοδόμει,
1623 4431 1718 4484 καὶ
1769 4433 1849 4494 είς

268 4532 678 4601 Θεσσαλονίκην
752 4529 986 4599 ἀπῆλθε,
1039 4527 1133 4580 τοῦ
1195 4525 1509 4579 καλλινίκου
1578 4525 1854 4595 μάρτυρος

270 4622 588 4694 Δημητρίου
615 4620 893 4689 δεόμενος,
926 4618 1014 4671 ἵνα
1066 4634 1123 4670 τι
1165 4614 1260 4670 τοῦ
1320 4614 1531 4678 πάθους
1562 4613 1699 4685 εὕρῃ
1732 4613 1856 4666 ἀλέ-

272 4717 441 4788 ξημα.
474 4713 567 4785 Τῷ
589 4711 646 4767 δὲ
670 4715 766 4766 καὶ
789 4712 943 4774 νόσος
964 4707 1190 4781 ὑδερικὴ
1221 4707 1606 4777 προσεγένετο.
1654 4706 1740 4768 Ὠς
1761 4703 1855 4759 οὖν

269 4808 446 4871 οὕτως
478 4805 676 4875 ἔχοντα
729 4803 822 4857 τὸν
869 4802 1099 4870 ἀδελφὸν
1133 4800 1279 4870 ἐώρα
1305 4801 1333 4853 ὁ
1359 4796 1634 4871 Ἰωάννης,
1675 4798 1858 4863 δείσας

274 4900 407 4971 περὶ
434 4900 507 4970 τῇ
542 4895 813 4969 βασιλείᾳ,
843 4894 940 4965 μὴ,
963 4891 1163 4963 ἀθρόον
1189 4892 1443 4956 θανόντος
1471 4892 1565 4945 τοῦ
1590 4891 1859 4961 αὐτοκρά-

272 5007 453 5061 τορος,
480 4989 578 5042 ἐπί⁵
616 4989 683 5057 τῇ
726 4988 849 5056 Ζωῇ
889 4986 1122 5057 γένηται
1163 4982 1238 5048 ῶς
1285 4984 1612 5054 κληρονόμῳ
1663 4983 1857 5054 αὐτῆς,

274 5079 580 5136 κάντεῦθεν
617 5079 781 5143 αὑτός
810 5094 870 5130 τε
898 5078 995 5131 καὶ
1020 5078 1082 5129 τὸ
1102 5076 1262 5145 γένος
1297 5076 1419 5130 ὅλον
1439 5077 1520 5138 είς
1548 5074 1861 5147 ἐξολόθρευ-

278 5191 361 5227 σιν
394 5173 651 5244 γένηται,
685 5171 901 5242 μέτεισι
932 5168 1025 5222 τὸν
1073 5168 1455 5239 αὐτοκράτορα
1509 5168 1858 5237 πιθανότησι,

277 5264 372 5319 καὶΙ
399 5263 584 5320 πείθει
622 5261 715 5317 τὸν
751 5260 1069 5331 ἀδελφιδοῦν
1095 5259 1285 5325 αὐτοῦ,
1330 5261 1423 5315 τὸν
1453 5260 1693 5333 Μιχαὴλ,
1727 5278 1863 5332 προ-

1931 2405 2133 2460 mentis
2181 2405 2510 2460 alienatione
2553 2405 2753 2476 saepius
2800 2404 3117 2466 invadente.
3177 2420 3358 2475 neque
3408 2404 3517 2460 fre-

1932 2506 2164 2569 quenter
2213 2497 2266 2553 in
2313 2497 2591 2568 publicum
2675 2498 2877 2569 prodiit
2944 2497 3283 2567 imperator,
3336 2514 3519 2567 neque

1932 2607 2131 2662 pompa
2165 2592 2310 2661 regia
2353 2607 2482 2646 usus
2512 2597 2618 2658 est,
2651 2607 2826 2661 neque
2861 2607 3087 2646 securus
3116 2591 3170 2645 in
3199 2591 3338 2647 solio
3368 2592 3518 2661 regio

1933 2682 2132 2738 sedens
2175 2696 2435 2750 responsa
2484 2681 2656 2745 dedit,
2689 2682 2783 2735 sed
2832 2681 2949 2736 vela
2986 2682 3193 2737 circum
3226 2695 3514 2751 suspensa.

1934 2775 1970 2830 ii
2019 2775 2115 2845 qui
2164 2776 2317 2845 signa
2371 2774 2497 2828 mali
2545 2773 2887 2828 adventantis
2958 2773 3324 2829 observabant
3369 2769 3516 2842 (quae

1935 2870 2156 2941 quidem
2198 2867 2477 2936 complura
2508 2867 2709 2932 erant),
2744 2865 3121 2920 animadversa
3152 2865 3352 2919 mentis
3383 2863 3522 2919 alie-

1935 2959 2181 3024 natione,
2228 2956 2413 3011 statim
2466 2955 2836 3021 obduccbant,
2872 2967 2926 3010 et
2965 2964 3206 3011 astantes
3259 2953 3520 3009 secedere

1930 3049 2221 3122 jubebant.
2256 3050 2307 3105 ls
2337 3064 2468 3104 vero
2505 3047 2728 3102 morbus
2760 3058 2818 3102 ut
2857 3047 3042 3102 subito
3093 3046 3405 3112 accedebat,
3445 3047 3519 3101 ita

1935 3143 2101 3198 etiam
2140 3140 2323 3196 subito
2364 3141 2670 3196 recedebat.
2709 3141 2800 3197 Sic
2829 3141 3061 3194 all‘ectus
3107 3138 3334 3193 Michael
3379 3152 3515 3207 pau-

1938 3235 2090 3290 latim
2124 3250 2153 3289 a
2184 3244 2481 3305 conspectu
2508 3242 2562 3287 et
2590 3248 2815 3288 accessu
2867 3232 3230 3301 imperatricis
3272 3230 3516 3287 abstine-

1939 3329 2052 3397 bat,
2089 3343 2185 3384 seu
2223 3327 2572 3387 verecundia,
2614 3325 2758 3394 quod
2791 3340 2888 3395 pro
2921 3324 3087 3379 tantis
3115 3323 3325 3378 meritis
3356 3323 3519 3377 talem

1939 3421 1989 3475 ei
2023 3420 2247 3491 gratiam
2284 3427 2593 3488 reponeret.
2622 3430 2717 3472 seu
2754 3414 2981 3482 pudore,
3019 3430 3086 3468 ne
3114 3414 3167 3467 in
3203 3413 3394 3467 morbo
3420 3426 3522 3467 suo

1940 3527 2051 3581 quo
2085 3509 2383 3580 sepissime
2412 3517 2469 3563 et
2494 3507 2678 3562 subito
2726 3503 3148 3573 corripiebatur.
3180 3502 3248 3556 ab
3275 3517 3339 3557 ea
3367 3502 3523 3557 vide-

1943 3610 2119 3664 retur,
2163 3615 2256 3655 seu
2290 3599 2361 3654 ob
2393 3608 2712 3668 corruptum
2772 3596 3019 3665 corporis
3076 3594 3344 3658 habitum,
3375 3602 3431 3647 et
3456 3594 3524 3649 ad

1944 3695 2287 3767 coniugalem
2337 3689 2792 3748 consuetudinem
2821 3689 2932 3758 jam
2976 3689 3242 3755 ineptum.
3293 3684 3524 3752 Quidam

1945 3802 2079 3842 vero
2125 3785 2278 3841 aiunt
2314 3798 2439 3837 eum
2476 3780 2828 3837 conl‘essariis
2852 3789 2909 3833 et
2952 3777 3283 3832 adulterium
3323 3784 3379 3831 et
3419 3790 3524 3830 cae-

1947 3882 2070 3936 dem
2124 3875 2472 3945 imperatoris
2522 3872 2858 3938 confessum,
2887 3885 3012 3925 cum
3045 3869 3150 3924 alia
3181 3868 3248 3923 ab
3277 3869 3358 3923 eis
3392 3882 3532 3937 prae-

1949 3982 2107 4045 cepta
2161 3969 2461 4040 accepisse,
2517 3975 2630 4020 tum
2686 3974 2745 4019 ut
2792 3980 2851 4019 re
2895 3977 3127 4018 venerea
3176 3961 3529 4016 abstineret:

1949 4065 2251 4134 eademque
2284 4062 2352 4118 de
2380 4076 2541 4115 causa
2580 4057 2813 4112 inultum
2866 4055 3110 4126 pecuniae
3160 4052 3442 4123 erogabat,
3476 4059 3534 4107 et

1951 4169 2135 4213 sacras
2179 4151 2328 4208 ardes
2375 4148 2713 4211 exstruebat,
2741 4155 2797 4200 et
2821 4145 2887 4200 ad
2918 4144 3180 4214 inclytum
3233 4149 3531 4212 martyrem

1953 4246 2291 4303 Demetrium
2347 4242 2792 4298 Thessalonicam
2842 4235 3330 4308 peregrinabatur,
3382 4233 3533 4291 illius

1954 4341 2083 4396 mali
2131 4337 2507 4409 depulsionem
2567 4348 2750 4388 orans.
2810 4331 3013 4387 Verum
3061 4327 3131 4382 ad
3184 4326 3315 4382 illud
3364 4324 3531 4380 etiam

1954 4433 2199 4503 hydrops
2243 4427 2500 4484 accessit.
2551 4424 2683 4492 Quze
2732 4439 2855 4479 cum
2905 4420 3073 4475 frater
3125 4419 3245 4490 ejus
3297 4419 3535 4474 Joannes

1955 4524 2172 4580 videret
2199 4538 2213 4575 :
2247 4520 2458 4574 veritus
2503 4533 2573 4573 ne
2601 4531 2667 4571 eo
2693 4514 2875 4570 subito
2908 4511 3203 4575 exstincto,
3245 4506 3537 4576 imperium

1956 4616 2024 4672 ad
2068 4615 2215 4669 Zoen
2266 4612 2389 4682 jure
2446 4608 2793 4664 haereditario
2847 4604 3086 4671 rediret,
3137 4603 3361 4673 ipseque
3409 4613 3536 4654 cum

1958 4707 2109 4762 omni
2174 4705 2381 4760 familia
2445 4703 2859 4771 exstirparetur,
2926 4695 3305 4768 probabilibus
3357 4692 3541 4749 verbis

1958 4798 2277 4871 imperatori
2325 4794 2636 4868 persuadet,
2686 4802 2745 4847 ut
2784 4781 3041 4860 nepotem
3088 4804 3156 4842 ex
3200 4800 3390 4842 sorore
3437 4784 3539 4840 Ali-.-

1960 4894 2207 4950 chaelem
2239 4891 2294 4946 in
2327 4887 2543 4960 imperii
2597 4883 2998 4941 successionem
3052 4879 3319 4936 Cazsarem
3355 4876 3543 4946 appel-

1963 4986 2269 5056 lettcujus
2317 4982 2441 5054 quia
2479 4981 2587 5034 Zoe
2629 4979 2802 5032 hreres
2853 4983 3008 5040 erat,
3065 4982 3124 5027 ut
3175 4971 3385 5027 dictum
3434 4966 3551 5033 est,

1968 5080 2114 5132 illam
2159 5091 2381 5146 quoque
2413 5084 2531 5128 arte
2578 5077 2792 5125 tractat.
2829 5068 2908 5122 Ita
2957 5076 3261 5122 matronam
3300 5060 3541 5116 nobilem

1968 5178 2198 5226 matrem
2235 5165 2492 5239 ignobilis
2523 5162 2674 5232 pueri
2706 5162 2933 5230 lingunt.
2964 5158 3141 5213 Ambo
3170 5161 3317 5212 enim
3347 5154 3547 5235 fratres

1967 5277 2032 5317 ea
2059 5260 2126 5315 de
2154 5275 2213 5314 re
2253 5272 2379 5314 cum
2417 5254 2506 5310 illa
2537 5252 2816 5317 collocuti,
2866 5248 3187 5305 Michaelem
3228 5245 3399 5300 lilium
3425 5242 3556 5312 ejus
3602 5304 3606 5308 _

1492 5398 1691 5461 Varias
1741 5396 2049 5463 lectiones
2090 5403 2151 5456 et
2184 5400 2374 5454 notae.

356 5538 469 5608 (l2)
510 5539 657 5610 Ἤδη
694 5542 762 5595 δὲ
796 5542 906 5608 τῆς
933 5535 1659 5610 νόσουγνεανιευομένης.
1711 5534 1861 5610 Idem

284 5604 493 5667 Psellus
522 5610 591 5666 de
614 5604 810 5668 morbo
838 5604 1214 5682 imperatoris:
1259 5608 1426 5682 ιςαιο
1448 5604 1553 5676 μὲν
1585 5604 1859 5682 βασιλεὺς

288 5682 468 5750 ὑδέρῳ
510 5674 992 5753 Δπεριεπεπτῴκει,
1023 5679 1085 5753 οὐ
1114 5678 1399 5753 περιοδικῇ
1437 5674 1705 5753 φρενίτιδι
1736 5674 1867 5753 Eata:

286 5744 774 5823 μνεῆξείτέτινδς
827 5750 1095 5823 βασκανία
1116 5744 1684 5823 δοιίμονοςξ’πονηροῦὶ
1734 5744 1865 5822 αῦτρ

286 5812 434 5894 birth.
462 5821 562 5894 τῆς
586 5812 770 5894 ψυχῆς
798 5812 1133 5894 ήγεμονικδν
1154 5812 1603 5894 περιτρέποντός,
1628 5814 1742 5868 εἴτε
1765 5812 1860 5866 τοῦ

291 5885 626 5964 μελαντέρου
668 5885 777 5947 ’καὶ
807 5885 1173 5963 γεώδεστέρου
1202 5885 1379 5960 χύμοῦ
1412 5887 1503 5940 ἐπὶ
1529 5885 1628 5958 τὴν
1689 5900 1862 5954 κειρα-

1972 5525 2506 5602 λὴνάμςωρρῦντος,
2536 5514 2627 5602 ei}
2662 5522 2726 5602 δῂ
2751 5517 2819 5574 τά
2844 5515 3015 5571 πολλὰ
3037 5510 3300 5602 ’γίνεσθαι
3325 5505 3553 5602 εἴωοξὲ

1968 5578 2671 5671 ἀ’.μὲντοῧῖἀμφοτέροιώεν
2697 5578 2929 5671 ξκαμνε,
2941 5578 3135 5671 ῇκαιτὸ
3159 5578 3381 5663 ἐνεργὸν
3448 5578 3556 5647 τῆς,

1971 5657 2250 5741 βα·σιλείας
2279 5657 2666 5741 nimiam
2695 5657 3092 5741 ἀποσεσύληιτρ.
3294 5719 3320 5741 Δ
3372 5659 3376 5663 .

2036 5716 2665 5811 (νίνέξξῦἶῡτεζπρὸοδοις,
2694 5740 2802 5785 etc.
2833 5726 2968 5782 Vide
2993 5716 3164 5779 Clusa.
3201 5719 3340 5776 med.
3372 5716 3556 5777 Crux.

1969 5811 2025 5867 in
2047 5803 2101 5867 ν.
2137 5803 2436 5878 Πρόκυψις.
3534 5828 3543 5836 .
