3958 6242
420 394 518 462 191

1695 423 2013 486 ΙΟᾹΝΝΙΞ
2055 425 2374 490 ZON-AR/E

3561 444 3660 510 ωε

415 510 731 581 adoptivum
765 521 1072 585 nominant.
1095 525 1172 580 Ea
1197 541 1326 582 vero
1354 542 1475 598 quae
1501 543 1603 586 nec
1621 533 1962 590 voluntatibu

2095 541 2437 611 χειρίσασθαι
2470 543 2744 614 Καίσαρα,
2783 549 2849 600 ἵν’
2878 550 3100 622 ἔφεδρος
3143 554 3231 625 εἴη
3283 558 3349 626 τῇ
3383 557 3480 625 τῆς
3511 557 3662 627 βασι-

411 616 604 657 eorum
642 608 900 680 refragari
956 615 1204 680 auderet,
1239 627 1294 673 et
1331 619 1533 690 alioqui
1590 620 1764 680 facilis
1789 640 1852 680 ac
1884 638 1992 682 tra-

413 693 628 750 ctabilis
661 709 827 765 esset,
878 704 1096 759 annuit.
1151 706 1354 762 Senatu
1392 709 1559 781 igitur
1583 721 1638 768 et
1667 715 1734 770 iis
1769 718 1863 786 qui
1899 734 1992 772 co-

413 785 662 843 mitatum
718 792 1132 864 imperatorium
1187 801 1456 868 explent,
1504 804 1558 858 in
1606 805 1986 864 Blacherniam

411 877 581 933 aedem
611 888 949 952 convocatis,
1001 890 1317 960 imperatrix
1346 895 1610 963 producta
1640 897 1694 953 in
1723 900 1986 969 medium,

410 975 464 1021 et
501 969 641 1026 intra
676 977 898 1030 sacrarii
936 981 1206 1036 cancellos
1247 999 1553 1054 progressa,
1588 989 1715 1044 inde
1751 991 1988 1048 Michae-

409 1053 512 1108 lem
545 1059 860 1130 adoptatum
891 1083 991 1134 pro
1025 1069 1132 1123 filio
1163 1073 1308 1127 ulnis
1347 1053 1573 1145 excipit,
1619 1079 1987 1150 eamdemque

410 1144 708 1214 imperator
751 1156 933 1208 statim
975 1157 1246 1216 Cmsarem
1285 1144 1543 1234 appellat,
1575 1178 1630 1222 et
1655 1173 1838 1240 populi
1878 1173 1989 1228 fre-

410 1242 632 1306 quentia
667 1249 992 1304 consalutat.
1019 1253 1095 1308 Ae
1116 1254 1352 1312 Joannes
1381 1260 1603 1328 quidem
1628 1278 1686 1317 se
1708 1266 1985 1333 negotium

405 1343 570 1385 omne
611 1337 910 1394 confecisse
953 1345 1086 1412 jam,
1139 1355 1193 1401 et
1234 1350 1522 1418 imperium
1569 1354 1732 1426 ξω
1768 1373 1880 1412 sua:
1911 1361 1990 1412 fa-

410 1423 575 1477 miliae
631 1432 1013 1490 cortstabilisse
1063 1440 1287 1506 putabat
1316 1458 1329 1494 :
1362 1443 1456 1496 sed
1488 1459 1554 1499 eo
1602 1423 1761 1514 pacto
1801 1458 1856 1503 et
1901 1464 1987 1504 se-

410 1517 700 1583 metipsum
729 1529 784 1574 et
809 1539 998 1580 omnes
1023 1543 1151 1584 suos
1186 1534 1524 1591 necessarios
1557 1536 1804 1593 funditus
1827 1554 1986 1595 ever-

408 1602 495 1665 tit,
535 1617 592 1659 ut
623 1623 722 1663 suo
749 1597 868 1668 loco
903 1619 1190 1675 referetur.

410 1691 616 1749 ἐκεῖθεν
650 1703 965 1761 είσποιείται
1000 1713 1091 1765 τὸν
1122 1716 1361 1788 Μιχαὴλ,
1388 1721 1479 1774 καὶ
1529 1723 1606 1788 ὡς
1658 1727 1772 1780 υἱὸν
1831 1691 2208 1798 άγκαλίζεται.

1106 1807 1166 1859 τὺ
1219 1810 1492 1883 ἄθροισμα
1548 1817 1958 1891 ἐπευφήμησεν.
2000 1823 2187 1889 Ἔδοξε
2259 1826 2355 1894 μὲν
2386 1826 2477 1880 οὖν
2507 1832 2535 1882 ὀ
2599 1807 2855 1902 Ἰωάννης
2887 1835 2988 1904 ήδη
3025 1835 3085 1887 τὸ
3137 1839 3246 1891 πᾶν
3292 1842 3642 1911 κατεργάσα-

411 1786 618 1858 ρίζεται
660 1797 932 1870 Καίσαρα,
966 1805 1058 1856 καὶ

2091 631 2240 695 λείας
2263 633 2427 705 ἀρχῇ.
2462 636 2612 689 Ἐπεὶ
2635 638 2691 691 δὲ
2719 640 2817 702 τῆς
2842 641 3140 712 βασιλείας,
3157 645 3234 708 ὡς
3266 648 3500 717 εἴρηται,
3526 651 3661 720 κλη-

2094 723 2321 794 ρονόμον
2352 726 2451 798 τὴν
2485 728 2639 800 Ζωὴν
2669 730 2805 802 ᾔδει,
2844 733 3055 802 μέτεισι
3086 738 3368 808 κάκείνην.
3411 741 3509 794 καὶ
3545 761 3654 815 μη·

2089 813 2225 884 τέρα
2273 818 2372 888 τὴν
2439 821 2636 890 εὐγενῆ
2687 822 2782 876 τοῦ
2831 825 3124 894 δυηενοῦς
3192 813 3652 892 ἀναπλάττουσιν.

2093 909 2292 976 Ἀμφω
2323 911 2432 981 γὰρ
2455 913 2534 965 τὼ
2558 913 2791 985 ἀδελφὼ,
2822 918 3164 991 διαλεχθέντε
3193 925 3328 995 αὐτῇ
3359 926 3488 995 περὶ
3532 927 3659 980 τού-

2089 1017 2205 1063 του,
2237 1005 2547 1076 εἰσποιητὸν
2580 1008 2785 1080 ταύτης
2831 1013 2921 1064 τὸν
2947 1014 3166 1085 Μιχαὴλ
3206 1017 3322 1068 υίδν
3357 1018 3659 1088 ὀνομάζου-

2093 1107 2198 1146 σιν.
2240 1092 2306 1146 Ἦ
2341 1095 2417 1162 δὲ,
2453 1097 2579 1166 μήτ’
2631 1099 2905 1155 ἀντειπεῖν
2957 1102 3240 1174 θαρροῦσα
3264 1109 3376 1170 τοῖς
3435 1107 3658 1161 ἐκείνων

2091 1181 2378 1252 θελήμασι,
2418 1188 2511 1239 καὶ
2546 1187 2718 1253 ἄλλως
2750 1190 2969 1254 εὔκολος
3000 1190 3134 1248 οὖσα
3182 1197 3275 1248 καὶ
3302 1195 3400 1267 τὴν
3427 1196 3658 1268 γνώμην

2088 1273 2387 1340 εύαγωγδς,
2431 1278 2741 1333 κατένευσε.
2778 1284 2887 1336 Καὶ
2920 1285 3274 1356 συνήθροιστο
3311 1288 3408 1356 μὲν
3435 1289 3516 1352 είς
3563 1291 3660 1343 τὸν

2089 1364 2146 1416 ἐν
2177 1365 2510 1436 Βλαχέρναις
2539 1371 2682 1424 θεῖον
2713 1374 2838 1426 ναὸν
2888 1378 2920 1446 ή
2955 1369 3212 1446 γερουσία
3245 1380 3308 1432 ὲκ
3339 1379 3659 1450 προκηρύτ-

2093 1472 2278 1522 ματος.
2313 1459 2406 1510 καὶ
2449 1463 2497 1512 oi
2531 1462 2863 1532 πληροῦντες
2899 1468 2996 1538 τὴν
3047 1469 3202 1536 τάξιν
3239 1469 3302 1540 δὴ
3347 1471 3452 1538 τὴν
3500 1471 3658 1540 βασί-

2092 1546 2234 1600 λειον
2269 1550 2400 1617 (Η),
2433 1552 2490 1605 ἐν
2524 1553 2579 1606 δὲ
2641 1555 2829 1625 μέσοις
2885 1559 3097 1623 τούτοις
3141 1563 3173 1630 ή
3223 1562 3435 1629 βασιλὶς
3471 1581 3649 1634 προα-

2089 1637 2278 1708 χθεῖσα
2301 1643 2402 1693 κάν
2421 1645 2540 1705 ταῖς
2567 1645 2809 1712 κιγκλίσι
2833 1651 3100 1721 γενομένη
3117 1651 3210 1704 τοῦ
3230 1653 3650 1723 θυσιαστηρίου,

2295 1733 2352 1786 '0
2407 1736 2459 1788 δὲ
2516 1737 2875 1811 αὐτοκράτωρ
2944 1743 3139 1797 αὐτίκα
3184 1744 3372 1799 τοῦτον
3415 1765 3646 1819 προχει-

1831 1883 1840 1891 .
2141 1883 2157 1889 -
2259 1883 2271 1894 .
2697 1883 2722 1884 ν
2770 1883 2850 1902 ’1'
2893 1883 2988 1904 ‘l"l
3037 1883 3079 1887 "
3144 1883 3240 1891 ""'
3293 1883 3610 1911 """l'l"""'

405 1883 549 1950 σθαι,
586 1888 678 1938 καὶ
710 1889 768 1940 τὸ
798 1891 998 1959 κράτος
1049 1898 1125 1965 τῷ
1192 1901 1378 1971 οἰκείῳ
1415 1907 1563 1972 γένει
1646 1910 2128 1980 περιποιήσασθαι,
2195 1914 2254 1966 τὸ
2311 1914 2357 1968 δ’
2389 1912 2456 1985 ἦν
2526 1921 2803 1992 ἀνατροπὴ
2839 1926 2956 1988 τοῦς
2986 1927 3186 1990 παντὸς
3243 1929 3391 2000 αὐτῷ
3445 1949 3505 1984 τε
3551 1933 3649 1986 καὶ

407 1975 518 2000 -..ιη
546 1977 911 2000 ----.ι---..--..
948 1983 969 1998 ον
1207 1990 1229 2000 ..
1391 1993 1430 2000 --
1502 1998 1511 2000 _
1552 1997 1562 2000 _
1599 1997 1609 2000 _
1735 1998 1744 2000 _
1799 1999 1804 2000 ,
1852 1999 1858 2000 ,

407 1975 518 2035 τοῖς
545 1977 912 2045 προσήκουσιν
944 1983 1177 2038 ἅπασιν·
1204 1990 1351 2054 ὅπως
1385 1993 1464 2055 δὲ,
1491 1998 1518 2048 ὁ
1552 1975 1960 2066 λόγος-δηλώσει
2003 1975 2141 2055 κατά
2175 2006 2386 2073 καιρόν.

473 2063 637 2119 XVII.
675 2068 891 2140 Bulgari
946 2089 1110 2143 porro
1158 2080 1226 2134 ab
1275 2083 1605 2153 imperatore
1659 2063 1878 2154 Basilio,
1925 2109 1965 2144 u

2090 2063 2410 2151 PIZ'.IT5)V
2448 2102 2503 2156 δὲ
2540 2104 2882 2174 Βουλγάρων,
2937 2109 3014 2171 ὡς
3046 2109 3144 2180 ἤδη
3190 2111 3493 2183 ἱστόρηται,
3544 2117 3648 2171 ὑπὸ

399 2151 604 2208 dictum
638 2166 738 2221 est,
774 2163 1007 2227 subacti,
1036 2181 1136 2220 suo
1164 2184 1329 2237 regno
1361 2188 1554 2229 everso
1585 2178 1774 2248 jugum
1807 2182 1979 2234 servi-

401 2243 533 2296 tutis
563 2245 627 2298 ad
666 2254 878 2316 tempus
921 2254 1182 2311 tulerunt.
1222 2260 1462 2318 Tandem
1493 2243 1624 2321 vero
1655 2283 1780 2322 cum
1813 2271 1880 2326 de
1910 2287 1976 2326 co

399 2337 748 2405 excutiendo,
780 2350 834 2395 et
880 2343 1254 2405 detrectandis
1304 2354 1583 2424 imperatis
1609 2363 1975 2432 cogitantibus

402 2422 511 2479 dux
563 2438 617 2482 et
660 2444 853 2486 auctor
903 2436 1154 2494 deesset:
1190 2444 1271 2496 vir
1323 2448 1542 2516 quidam
1598 2453 1832 2509 obscuro
1882 2459 1973 2511 ille

398 2517 622 2585 quidem
674 2538 872 2591 genere
901 2539 1054 2585 ortus
1083 2533 1364 2602 Dolianus,
1397 2541 1489 2595 sed
1523 2542 1631 2596 doli
1665 2554 1720 2599 et
1760 2551 1974 2603 astutia:

399 2608 611 2674 plenus,
666 2613 946 2684 Byzantio,
997 2633 1054 2677 ιιι
1102 2626 1292 2690 fertur,
1343 2631 1467 2702 fuga
1526 2634 1762 2704 elapsus,
1810 2648 1865 2694 et
1914 2654 1971 2694 se

399 2697 568 2754 filium
616 2708 941 2770 naturalem.
972 2727 1078 2766 non
1111 2718 1412 2786 legitimum
1451 2724 1704 2791 Aaronis,
1731 2730 1823 2798 qui
1862 2731 1973 2785 fra-

399 2794 483 2841 ter
515 2789 785 2850 Samuelis
817 2797 936 2862 fuit,
974 2805 1235 2875 principis
1282 2810 1633 2882 Bulgarorum
1666 2789 1965 2888 professus,

397 2893 428 2931 a
460 2879 715 2939 Barbaris
746 2903 839 2943 rex
869 2892 1108 2962 eligitur.
1146 2898 1221 2953 Ex
1250 2916 1315 2955 eo
1353 2879 1594 2974 tetnpore
1627 2879 1758 2979 gens
1783 2923 1968 2982 aperte

395 2968 618 3040 defecit,
657 2987 713 3032 et
759 2981 826 3034 ad
871 2985 1155 3044 latrocinia
1203 3008 1462 3052 conversa
1497 3009 1598 3056 est.
1648 3002 1729 3058 Ad
1776 3023 1966 3065 eorum

395 3061 564 3130 igitur
615 3074 982 3135 grassationes
1035 3085 1370 3140 coercendas
1423 3091 1641 3158 quidam
1690 3097 1796 3150 dux
1841 3116 1964 3156 eum

394 3152 564 3220 copiis
615 3160 851 3225 missus,
900 3181 1022 3221 cum
1069 3171 1269 3227 milites
1313 3193 1443 3234 suos
1487 3184 1627 3238 male
1675 3195 1962 3259 tractaret,

392 3257 584 3298 eorum
635 3252 915 3310 iracundia
971 3261 1241 3327 periisset,
1286 3269 1391 3324 nisi
1422 3273 1721 3341 aufugisset
1773 3292 1962 3339 noctu.

393 3332 524 3402 Ejus
553 3353 684 3394 vero
725 3347 996 3404 exercitus
1033 3365 1179 3409 metu
1230 3373 1404 3426 paena:
1438 3363 1656 3433 defecit,
1689 3377 1741 3424 et
1771 3388 1962 3441 quem-

1230 3419 1244 3426 -
1572 3419 1584 3420 ί
1623 3419 1656 3433 νι
1694 3419 1740 3424 ’⁷
1774 3419 1930 3441 Ἰ“”“’”¹“

391 3419 517 3479 dam
545 3443 574 3482 e
603 3445 702 3487 suo
731 3451 961 3496 numero
1013 3443 1090 3497 ΤῘι
1112 3447 1397 3507 humerum
1444 3454 1734 3529 Belgarum
1765 3480 1964 3534 genere
1993 3447 2035 3504 θ

405 3515 424 3534 ,l

1547 3515 1576 3529 ν
1765 3515 1963 3534 οη---

392 3515 586 3574 ducem
626 3538 791 3590 creat,
826 3540 880 3583 et
909 3549 1086 3603 regem
1132 3541 1396 3613 Bulgaria;
1455 3552 1721 3609 nominat.
1757 3555 1846 3612 Sic
1881 3576 1966 3616 res

391 3606 746 3676 Bulgarorum
804 3621 991 3679 divisa:
1034 3640 1184 3695 sunt,
1237 3636 1356 3692 aliis
1387 3641 1452 3694 ad
1483 3643 1788 3713 Dolianum,
1845 3652 1966 3708 aliis

391 3697 458 3750 ad
487 3697 871 3764 Tichomerum
907 3718 1331 3782 confluentibus.
1363 3730 1467 3785 Sed
1499 3734 1755 3794 Dolianus
1779 3743 1967 3798 adver-

393 3789 599 3844 sarium
648 3795 775 3852 dolo
823 3816 1129 3874 aggressus,
1179 3816 1244 3868 ad
1294 3823 1443 3888 regni
1482 3834 1537 3879 et
1567 3827 1693 3885 belli
1734 3833 1963 3889 Romani

392 3883 726 3938 consortium
754 3897 1003 3952 accersit.
1030 3900 1129 3966 Qui
1156 3921 1277 3960 cum
1309 3913 1598 3984 paruisset,
1639 3936 1962 3995 congregato

392 3966 666 3995 πλη---ευ
889 3985 900 3995 ⁸
1056 3993 1078 3995 ⁸

390 3966 674 4038 Bulgarieo
726 3985 999 4051 exercitu,
1055 3993 1311 4056 Dolianus
1357 4004 1435 4060 ait
1479 4023 1492 4060 :
1545 4009 1643 4066 Res
1679 3966 1961 4086 Butlgaj‘ica

389 4075 660 4132 nunquam
707 4073 856 4129 salua
884 4083 981 4134 erit
1004 4086 1097 4137 sub
1131 4090 1328 4146 duobus
1362 4099 1580 4167 regibus.
1624 4073 1846 4170 Quodvsi
1876 4130 1961 4167 ve-

385 4166 510 4208 sme
547 4159 715 4216 saluti
767 4172 1056 4228 consultum
1108 4185 1316 4250 cupitis,
1375 4190 1600 4248 alterum
1650 4211 1884 4258 nostrum
1932 4225 1961 4262 ε

389 4248 556 4302 inedia
603 4254 789 4314 tollite.
825 4268 898 4315 Ac
923 4267 972 4318 si
995 4285 1074 4322 me
1104 4288 1169 4326 ex
1196 4292 1383 4345 genere
1422 4281 1686 4342 Samuelis
1727 4308 1837 4347 esse
1868 4314 1960 4351 no-

382 4339 498 4399 stis.
553 4342 913 4406 Tichomerum
968 4373 1218 4418 amovele.
1273 4369 1369 4424 Sin
1412 4376 1603 4446 minus,
1643 4382 1725 4437 illi
1757 4397 1955 4456 parete,

389 4442 572 4456 manu..-
615 4435 780 4456 1-119.,
854 4440 916 4456 II-
1060 4451 1074 4456 -

389 4442 572 4496 meque
614 4435 805 4493 tollite.
854 4440 991 4501 Hinc
1027 4451 1267 4510 clamore
1317 4462 1555 4530 sublato,
1588 4435 1658 4524 ab
1699 4435 1956 4533 omnibus

381 4530 478 4569 rex
511 4525 906 4593 consalutatur,
961 4535 1322 4603 Tichomerus
1374 4551 1645 4622 lapidibus
1679 4562 1951 4623 obruitur.

383 4609 644 4670 Dolianus
693 4620 766 4674 ita
803 4639 984 4682 rerum
1033 4637 1257 4700 potitus,
1311 4609 1665 4712 Dyrrachium
1701 4659 1861 4725 capit,
1898 4669 1954 4716 et

383 4699 638 4725 n___,‘__
1068 4723 1084 4725 _

382 4699 643 4760 Graeciam
697 4723 1309 4796 aggressus,Nieopoli
1356 4699 1486 4789 eum
1539 4699 1772 4798 finitimol

380 4793 610 4860 potitur,
660 4800 801 4856 ultro
828 4805 1106 4867 deditione
1155 4793 1293 4873 facta
1325 4837 1354 4876 a
1407 4824 1618 4883 civibus
1669 4793 1953 4904 Orphano-

380 4885 563 4952 trophi
591 4889 952 4953 insatiabilem
988 4907 1336 4973 rapacitatem
1374 4931 1483 4971 non
1515 4885 1835 4991 ferentibus,
1864 4944 1948 4999 ac,

321 4986 336 5048 γ
378 4982 441 5028 ut
473 4981 764 5044 proverbio
816 4985 1038 5053 dicitur.
1083 4996 1358 5066 Mysorum
1407 5009 1641 5075 praedam
1685 4981 1947 5073 ΓειίεῑιιῐλοΣ

377 5081 565 5124 manas
613 5073 870 5134 ditiones.
913 5081 980 5137 At
1010 5084 1304 5156 imperator
1336 5073 1644 5157 defectione
1673 5110 1944 5177 nuntiata,

1699 5157 1941 5177 νκ--ν---ι

377 5157 446 5214 ad
492 5173 770 5222 auctorem
824 5174 943 5243 ejus
994 5183 1568 5248 comprehendendum
1645 5196 1941 5271 incitatus,

378 5248 624 5320 iniquum
671 5273 789 5314 esse
834 5263 1069 5334 dicebat,
1100 5271 1145 5325 si
1179 5273 1312 5342 ipse,
1368 5281 1459 5349 qui
1508 5248 1938 5363 nihilad-imp;

1198 5341 1210 5342 ί
1383 5341 1398 5349 _
1629 5341 1634 5342 γ
1675 5341 1736 5344 __
1771 5341 1909 5363 ---πη

374 5341 518 5397 rium
569 5350 861 5420 attulisset,
912 5369 1121 5425 partem
1157 5365 1274 5434 ejus
1303 5370 1539 5441 aliquam
1587 5383 1702 5450 rapi
1728 5383 1796 5438 ab
1829 5387 1937 5442 ullo

370 5443 671 5500 pateretur.
707 5443 812 5500 Sed
839 5449 966 5517 quia
997 5451 1065 5507 de
1093 5455 1268 5513 salute
1299 5462 1415 5532 ejus
1438 5465 1548 5536 jam
1585 5443 1932 5542 desperatum

2081 2190 2362 2246 Βασιλείου
2395 2196 2486 2249 τοῦ
2523 2197 2786 2265 βασιλέως
2819 2200 3401 2271 καταπολεμηθέντων,
3434 2208 3650 2277 καὶτῆς

2079 2281 2259 2335 αὐτῶν
2316 2286 2592 2356 βασιλείας
2655 2290 3097 2362 καθαιρεθείσης,
3141 2295 3303 2364 μέχρι
3363 2298 3462 2364 μέν
3501 2317 3646 2363 τινος

2078 2370 2271 2442 ἔφερον
2298 2377 2347 2429 οἱ
2401 2379 2675 2450 Βάρσαροι
2709 2381 2798 2434 τὸν
2844 2383 2942 2452 τῆς
2993 2384 3235 2449 δουλείας
3281 2388 3483 2455 ζυγὸνο
3528 2387 3645 2446 εἶτα

2074 2464 2265 2519 τοῦτον
2320 2470 2716 2526 άποσείσασθαι
2771 2474 3112 2547 διανενόηντο
3166 2484 3260 2532 καὶ
3314 2483 3641 2550 ἐσφάδαζον,

2076 2554 2212 2608 ἀλλά
2236 2574 2385 2626 σφισι
2427 2561 2488 2614 τὸ
2514 2562 2746 2634 ἄναρχον
2779 2564 2982 2620 ἐκώλυε
3009 2567 3065 2621 rt.
3088 2571 3342 2640 ἐννόημα.
3375 2575 3547 2642 Ἀνὴρ
3585 2579 3640 2630 δέ

2073 2663 2156 2710 τις
2194 2649 2404 2719 ἄσημος
2435 2652 2535 2722 μὲν
2557 2654 2620 2707 τὸ
2637 2656 2806 2723 γένος,
2834 2659 3086 2723 Δολιάνος
3111 2662 3463 2731 καλούμενος,
3484 2668 3638 2722 δόλου

2072 2734 2128 2788 δὲ
2162 2739 2358 2806 μεστὸς
2388 2744 2481 2794 καὶ
2532 2744 2856 2814 δεινότητος,
2894 2749 3006 2802 υίὺν
3039 2753 3230 2805 ἑαυτὸν
3292 2755 3640 2826 ἐπιφημίσας

2071 2830 2166 2882 τοῦ
2197 2832 2430 2903 Ἀαρὼν,
2453 2836 2511 2898 ὃς
2539 2838 2630 2890 τοῦ
2658 2841 2912 2910 Σαμουὴλ
2943 2842 3036 2896 τοῦ
3054 2844 3311 2914 ἄρξαντος
3330 2849 3427 2900 τοῦ
3449 2851 3639 2916 ἔθνους

2069 2913 2135 2989 ἧν
2172 2921 2415 2991 ἀδελφὸς,
2449 2927 2512 2980 ἐκ
2543 2928 2860 2996 Βυζαντίου,
2885 2933 2960 2995 ὡς
2981 2913 3220 3002 λέγεται,
3253 2939 3514 3010 ἀποδρὰς,
3543 2913 3639 2999 καί

2070 3013 2266 3074 πείσας
2293 3015 2353 3068 τὸ
2376 3017 2526 3081 ἔθνος
2561 3023 2685 3083 παῖς
2716 3017 2854 3076 εἷναι
2877 3024 2969 3076 τοῦ
3003 3025 3233 3097 Ἀαρὼν,
3263 3030 3322 3096 ἐξ
3347 3033 3635 3103 ἡμιγάμου

2068 3101 2261 3173 ἐκείνῳ
2292 3108 2604 3176 γενόμενος,
2654 3111 2770 3165 ἀλλ’
2824 3115 2922 3167 οὐκ
2947 3116 3003 3183 ἐξ
3057 3119 3284 3187 ἐννόμου
3337 3101 3637 3193 εὺνῆςξεξς

2069 3191 2290 3260 βασιλέα
2321 3198 2435 3259 τοῖς
2465 3199 2775 3271 Βαρϐἀροις
2802 3205 2995 3277 ᾑρέθη.
3036 3207 3320 3263 Ἐντεῦθεν
3355 3215 3436 3277 είς
3461 3191 3640 3284 depave-

2072 3282 2170 3352 ρΞιν
2203 3285 2543 3340 ἀποστασίαν
2576 3291 2845 3364 ἐξερράγη
2875 3297 2933 3347 τὸ
2955 3297 3130 3364 ἔθνος,
3153 3300 3244 3354 καὶ
3275 3303 3354 3362 εἰς
3373 3282 3636 3374 λῃστείας

2068 3376 2344 3446 κεκίνητο,
2408 3384 2502 3435 καὶ
2546 3386 2613 3436 τὰ
2660 3385 2943 3456 Ῥωμαίων
2999 3396 3316 3463 κατέτρεχε.
3346 3397 3634 3454 Στέλλεται

2067 3469 2247 3523 τοίνυν
2279 3475 2583 3545 στρατηγός
2612 3494 2697 3540 τις
2729 3480 2866 3547 μετὰ
2913 3481 3215 3553 δυνάμεως,
3250 3485 3316 3536 ἵν’
3347 3489 3633 3563 ἁνακὸπτῃ

2066 3560 2165 3624 τὰς
2199 3561 2504 3633 ἐπιδρομὰς
2535 3569 2646 3630 τοῖς
2684 3568 3058 3641 λῃστεύουσιν,
3103 3575 3160 3628 Ὀ
3186 3576 3241 3629 δὲ
3289 3579 3477 3643 κακῶς
3519 3560 3636 3644 τοῖς

2069 3651 2159 3705 ὑπ’
2185 3654 2350 3708 αὐτὸν
2401 3659 2872 3729 προσφερόμενος,
2921 3663 3205 3733 ὲξηρέθισε
3239 3667 3467 3732 τούτους
3508 3673 3636 3725 καθ’

2066 3743 2280 3811 ἑαυτοῦ,
2316 3747 2410 3800 καὶ
2442 3751 2688 3804 ἀπώλετο
2722 3753 2807 3819 ἂν,
2843 3755 2892 3806 εί
2945 3755 3020 3826 μὴ
3051 3757 3260 3826 ἀπέδρα
3307 3761 3528 3824 νυκτός.
3568 3764 3634 3816 Ἠ

2064 3834 2194 3901 γοῦν
2228 3836 2322 3890 ὑπ’
2353 3839 2516 3893 αὐτὸν
2554 3845 2803 3913 στρατιὰ,
2835 3846 3078 3910 δείσασα,
3117 3854 3253 3920 πρὸς
3286 3854 3633 3911 ἀποστασίαν

2064 3923 2332 3996 ἐχώρησε,
2375 3931 2467 3983 καί
2498 3949 2622 3984 τινα
2659 3933 2716 4000 ἐξ
2746 3937 2953 3990 ἑαυτῶν
2983 3939 3322 4013 Τειχομηρδν
3349 3945 3631 4017 κεκλημέ-

2061 4031 2171 4078 νον,
2196 4018 2258 4070 ὲκ
2284 4019 2340 4072 δὲ
2371 4020 2559 4088 γένους
2593 4025 2765 4092 φύντα
2791 4028 3187 4100 Βουλγαρικοῦ,
3220 4035 3464 4105 ἀρχηγὸν
3496 4039 3628 4090 ἑαυ-

2059 4109 2171 4170 τοῖς
2202 4114 2663 4184 προχειρίζονται,
2699 4118 2791 4171 καὶ
2833 4118 3055 4189 βασιλέα
3085 4121 3425 4195 Βουλγαρίας
3461 4127 3628 4182 αὐτὸν

2058 4199 2408 4270 ὀνομάζουσι.
2454 4207 2563 4260 Καὶ
2599 4207 2666 4260 τὰ
2723 4209 2836 4262 τῶν
2880 4211 3205 4284 Βουλγάρων
3238 4215 3488 4286 διῄρητο,
3519 4221 3630 4272 τῶν

2061 4291 2160 4362 μὲν
2191 4293 2270 4362 τῷ
2299 4295 2560 4366 Δολιάνῳ,
2590 4299 2700 4353 τῶν
2730 4301 2784 4353 δὲ
2813 4302 3140 4375 Τειχομηρῷ
3175 4311 3628 4380 προσρυῖσκομέ-

2057 4397 2184 4434 νων.
2217 4383 2380 4437 Ἀλλὰ
2412 4384 2546 4455 δόλῳ
2577 4389 2846 4458 μετῆλθεν
2874 4393 2901 4443 ὁ
2921 4394 3175 4459 Δολιάνος
3202 4396 3297 4450 τὸν
3332 4401 3624 4455 ἀντικαθι-

2059 4473 2348 4545 στάμενον.
2389 4480 2802 4535 Μετακαλεῖται
2857 4487 2964 4555 γὰρ
3009 4488 3174 4543 αὐτὸν
3225 4491 3317 4543 ἐπὶ
3361 4495 3626 4564 κοινωνίᾳ

2055 4565 2153 4617 καὶ
2182 4566 2281 4636 τῆς
2309 4566 2486 4640 ἀρχῆς
2518 4573 2611 4624 καὶ
2654 4573 2754 4637 τῆς
2785 4575 2920 4645 πρὸς
2955 4576 3262 4647 Ῥωμαίους
3287 4580 3494 4651 μάχης,
3531 4585 3626 4637 καί

2053 4655 2111 4719 ὃς
2147 4659 2412 4714 πείθεται.
2444 4662 2597 4716 Ἐπεὶ
2623 4664 2753 4731 γοῦν
2778 4666 3068 4738 ήνώθησαν
3093 4671 3262 4740 ἄμφω
3283 4675 3333 4724 οἱ
3358 4674 3621 4743 ἀρχηγοὶ,

1821 4763 1951 4818 agro
1976 4771 2030 4830 Β
2057 4750 2153 4802 καὶ
2180 4751 2241 4804 τὸ
2274 4751 2476 4820 πλῆθος
2510 4755 2618 4808 τῶν
2642 4758 2970 4828 Βουλγάρων
3021 4763 3405 4833 συνήθροιστο.
3441 4769 3470 4819 ὁ
3527 4770 3623 4821 Δο-

2052 4839 2234 4905 λιάνος
2265 4843 2401 4912 πρὸς
2428 4847 2553 4910 τοὺς
2578 4849 3025 4921 συνειλεγμένους
3071 4853 3200 4924 ἔφη,
3232 4857 3325 4921 Μὴ
3359 4857 3438 4910 ἄν
3473 4876 3622 4914 ποτε

2048 4934 2429 5000 σωθήσεσθαι
2460 4941 2524 4991 τὸ
2559 4941 2672 4993 τῶν
2703 4945 3058 5013 Βουλγάρων
3077 4947 3270 5014 ἔθνος,
3296 4953 3619 5022 ὑπἰἀρχη-

2044 5025 2167 5092 τῶν
2200 5026 2372 5080 δυοῖν
2404 5033 2871 5102 κυϐερνώμενον,
2918 5040 3030 5099 καὶ,
3063 5043 3129 5094 El
3167 5040 3280 5107 τὴν
3316 5047 3619 5111 σωτηρίαν

2043 5111 2548 5177 ὐμῶνβούλεσθε.
2574 5120 2678 5172 τὸν
2698 5120 2804 5175 ἕνα
2831 5125 2900 5187 ἑξ
2927 5127 3093 5192 ὑμῶν
3116 5132 3408 5193 ποιήσατε
3437 5134 3617 5187 ἐκπο-

2047 5202 2199 5258 δώνη
2231 5209 2284 5260 εὶ
2304 5207 2424 5275 μὲν
2474 5206 2587 5265 οὖν
2609 5211 2714 5281 ἐμὲ
2767 5215 2874 5268 τοῦ
2905 5215 3118 5286 γένους
3156 5215 3306 5273 εἶναι
3339 5222 3447 5275 τοῦ
3498 5228 3613 5277 Σα-

2040 5297 2242 5365 μουὴλ
2274 5300 2492 5365 οἴδατε,
2535 5304 3043 5361 ἀποσκευὰσιτσθε
3091 5312 3195 5363 τὸν
3234 5317 3608 5383 Τειχομηηρόν.

2042 5391 2110 5442 El
2133 5389 2184 5440 δ’
2208 5393 2278 5443 οὐ
2308 5392 2500 5458 τοῦτο,
2525 5397 2683 5460 αὐτῷ
2701 5396 2815 5464 μὲν
2851 5399 3102 5464 ἑαυτοὺς
3129 5401 3490 5469 ὑποτάξατε,
3510 5404 3611 5472 ἐμὲ

2039 5477 2091 5529 δ’
2122 5478 2190 5532 ἐκ
2219 5480 2410 5548 μέσου
2451 5485 2765 5554 ποιήσατε.
2821 5487 2944 5541 Ἐπὶ
2974 5489 3182 5552 τούτοις
3239 5491 3402 5561 θροῦς
3441 5494 3607 5564 ἤρθη,

1543 5605 1739 5672 Variae
1763 5612 2070 5680 lectiones
2113 5625 2172 5680 et
2219 5629 2406 5683 notae.

502 5704 1043 5800 ‘l.93.i_‘:_‘31P°52tﬂ=‘-c
1065 5719 1133 5800 δέ
1159 5722 1272 5790 τὴν
1325 5728 1497 5793 τάξιν
1527 5733 1642 5798 ’τὴν
1689 5739 1936 5800 ﬂamm-

986 5768 1033 5784 η,
1070 5768 1128 5773 __
1161 5768 1251 5777 -.ι
1327 5768 1388 5782 tu
1437 5768 1482 5784 ιι
1532 5768 1629 5786 ιιι
1740 5768 1929 5794 ωυινιν

370 5768 508 5835 κήν.
537 5768 805 5850 Wolfius:
826 5785 1058 5844 ordinem
1097 5768 1516 5864 imperatoriam.
1546 5768 1929 5876 deposuimus,

2044 5748 2348 5881 cogitatum
2378 5750 2728 5822 imperatoris.
2763 5752 2898 5810 Vide
2935 5750 3105 5808 Class.
3139 5755 3273 5808 med.
3301 5753 3515 5812 Gra'cit.
3548 5757 3604 5812 in

2044 5831 2104 5867 τα
2143 5834 2207 5878 ες.

2037 5831 2207 5878 ταζις.
