3964 6252
232 235 338 300 193

1461 238 1865 303 ANNALIUM
1902 239 2049 303 LIB.
2091 240 2286 306 XVII.

3419 245 3521 314 194

229 357 330 412 καί
359 358 409 410 οἱ
445 354 547 426 τὴν
575 353 861 426 βασιλείαν
891 349 1214 427 ξύμπαντες
1242 354 1677 430 ιπευφήμησαν,
1723 359 1820 414 καὶ

1927 365 2044 412 erat
2078 358 2408 428 (invaluerat
2445 360 2597 416 enim
2636 361 2881 436 hydrops
2913 366 3210 425 tumefacto
3238 375 3518 446 corpore),

228 456 258 506 ὁ
279 449 630 520 Τειχομηρὸς
653 445 1021 518 κατελεύσθη.
1055 447 1117 502 '0
1146 448 1203 502 δὲ
1232 448 1508 514 Δολιάνος,
1541 449 1818 521 αὐτοκρά-

122 564 134 574 ·
228 561 346 615 τωρ
383 543 703 611 γενόμενος,
727 536 840 594 εἷλέ
874 557 935 593 τε
964 541 1026 595 τὸ
1052 541 1385 613 Δυρράχιον,
1411 543 1508 595 καὶ
1536 541 1682 596 κατὰ
1717 542 1822 612 τῆς

241 635 495 698 Ἑλλάδος
519 631 797 703 ἐχώρησε,
846 635 943 687 καὶ
974 631 1075 704 τὴν
1125 633 1428 687 Νικόπολιν
1481 635 1577 688 καὶ
1625 635 1693 687 τὰ
1730 633 1822 688 ὑπ’

231 729 406 799 αὐτὴν
483 727 952 797 προσεποιήσατο,
1012 725 1124 781 τῶν
1202 727 1261 780 ἐν
1318 727 1509 791 αὐτοῖς
1585 727 1823 782 ἑκόντων

233 819 750 891 προσχωρησάντων
769 817 941 888 αὐτῷ,
972 818 1096 872 ἐπεὶ
1126 817 1202 888 μὴ
1237 818 1435 888 ἔφερον
1452 819 1552 889 τὴν
1568 817 1664 872 τοῦ
1695 818 1822 888 Ὀρ-

231 913 581 983 φανοτρόφου
605 911 916 980 ἀπληστίαν
945 912 1040 965 καὶ
1073 911 1135 964 τὸ
1164 912 1494 982 ἀκόρεστον.
1531 912 1643 965 Καὶ
1673 913 1701 964 ὁ
1723 912 1823 983 μὲν

233 1005 379 1058 οὕτω
403 1005 552 1058 λείαν
582 1003 810 1070 Μυσῶν,
839 1004 900 1056 τδ
924 1003 1014 1056 τοῦ
1037 1002 1226 1072 λόγου,
1255 1004 1326 1056 τὰ
1368 1003 1660 1075 Ῥωμαίων
1707 1005 1822 1057 ὲτί-

233 1096 381 1150 θετο.
440 1095 500 1148 Ὀ
568 1097 625 1150 δὲ
677 1094 966 1166 βασιλεὺς,
1007 1096 1108 1166 τῆς
1159 1096 1422 1164 ἀγγελίας
1465 1095 1823 1167 κομισθείσης

232 1189 385 1260 αὐτῷ
413 1189 552 1259 (15),
611 1188 810 1241 αὐτίκα
850 1187 1014 1258 ὥρμα
1062 1187 1400 1242 καταλαϐεῖν
1441 1189 1533 1242 τὸν
1580 1190 1824 1242 ἀποστα-

229 1283 500 1353 τήσαντα,
535 1280 712 1334 δεινὸν
739 1280 996 1350 ἡγεῖσθαι
1036 1280 1235 1348 λέγων,
1261 1280 1310 1332 εί
1345 1279 1516 1352 μηδὲν
1557 1280 1722 1342 αὐτὸς
1755 1283 1820 1352 τῇ

235 1373 490 1446 βασιλεία
546 1372 964 1442 προσενεγκὼν,
1001 1377 1198 1444 μοῖραν
1247 1373 1458 1445 ταύτης
1501 1374 1824 1444 ἀφαιρεθεῖ-

234 1467 336 1520 σάν
361 1483 490 1520 τινα
540 1465 982 1535 παραϐλέψεται.
1033 1467 1162 1520 Ὀτι
1198 1466 1258 1519 δέ
1297 1467 1349 1520 οί
1406 1467 1731 1536 ἀπέγνωστο
1762 1467 1823 1520 τὸ

234 1558 504 1631 βιώσιμον
525 1559 648 1629 (ήδη
681 1559 782 1628 γὰρ
818 1561 846 1612 ὁ
877 1557 1070 1630 ὕδερος
1099 1558 1270 1613 αὐτοῦ
1295 1560 1698 1632 κατεκράτησε,
1729 1561 1825 1615 καὶ

234 1649 403 1704 αὑτοῦ
418 1651 480 1702 τὸ
502 1651 662 1719 σῶμα
683 1649 1016 1720 ἐξώγκωτο),
1033 1652 1094 1706 τό
1115 1669 1174 1704 τε
1194 1655 1458 1723 συγγενὲς
1478 1655 1710 1724 ἀπεῖργε
1727 1655 1824 1726 τὴν

237 1743 604 1814 ἐκστρατείαν
648 1745 798 1815 αὺτῴ
827 1746 1238 1816 παρακλήσεσι,
1269 1746 1366 1800 καὶ
1399 1750 1448 1800 οἱ
1487 1747 1822 1818 προῦχοντες

232 1836 335 1906 τῆς
367 1835 567 1907 βουλῆς
604 1836 706 1890 οὐκ
737 1837 974 1908 ἐπῄνουν
1004 1839 1065 1890 τὸ
1096 1837 1394 1909 βούλευμα.
1439 1839 1586 1894 Ἀλλ’
1613 1843 1822 1907 ἐκεῖνος

238 1925 390 2000 ζήλῳ
425 1926 792 1999 ρωννύμενος,
823 1929 917 1982 καὶ
966 1931 1294 1998 ὰντεπάγων
1344 1933 1412 2001 τῇ
1456 1930 1716 2003 ἀσθενείᾳ
1762 1931 1824 1984 τδ

236 2019 552 2091 πρόθυμον,
607 2023 701 2074 ἐπὶ
753 2022 880 2083 τοὺς
925 2022 1242 2086 ἀποστάτας
1292 2024 1484 2094 χωρεῖ,
1519 2023 1616 2076 καὶ
1659 2019 1729 2095 ἦν
1763 2024 1824 2076 τὸ

235 2115 478 2185 πρᾶγμα
513 2113 792 2183 θαύματος
833 2113 1006 2179 ἀξιον.
1041 2112 1255 2179 Νυκτὸς
1289 2115 1402 2186 γὰρ
1435 2120 1501 2187 τῇ
1543 2117 1686 2188 νόσῳ
1720 2135 1824 2171 κα-

235 2205 668 2276 ταπονούμενος,
722 2207 818 2260 καὶ
852 2208 954 2261 οὐκ
992 2207 1060 2261 ἂν
1085 2211 1143 2270 ἐς
1189 2208 1381 2279 αὔριον
1413 2209 1822 2280 ἀναστήσεσθαι

235 2298 712 2370 προσδοκώμενος,
735 2301 764 2352 ὸ
784 2299 841 2353 δὲ
865 2300 1076 2370 ἡμέρας
1102 2299 1227 2370 ἄρτι
1247 2301 1636 2372 διαφαινούσης
1664 2302 1825 2371 ἔφιπ-

235 2393 340 2458 ⁴ιιός
366 2411 428 2448 τε
461 2395 693 2464 ἑωρᾶτο,
730 2395 825 2447 καὶ
858 2393 1054 2465 προῄει
1081 2394 1178 2465 τῆς
1210 2397 1496 2465 στρατιᾶς.
1540 2393 1626 2457 Ὠς
1673 2395 1718 2446 δ’
1767 2397 1824 2447 ἐν

233 2489 354 2552 τοῖς
405 2485 520 2540 τῶν
566 2486 897 2558 Βουλγάρων
946 2486 1115 2557 ὁρίοις
1164 2487 1423 2555 ἐγένετο,
1483 2487 1815 2558 ἡτοιμάζετο

235 2582 379 2647 πρὸς
409 2579 869 2651 ἀντιπαράταξιν.
907 2578 1076 2633 Οὔπω
1101 2579 1146 2632 δ’
1179 2579 1430 2651 ἀλλήλοις
1462 2582 1532 2634 τὰ
1562 2581 1819 2650 τάγματα

236 2673 679 2746 συνιῤῥώγεσαν,
707 2673 800 2726 καί
825 2691 874 2726 τι
900 2690 964 2726 συ
973 2673 1118 2744 μὸἀν
1165 2674 1382 2736 ἀπόνως
1406 2672 1547 2744 τάχα
1569 2673 1646 2742 τῷ
1667 2673 1826 2744 βασι-

237 2767 322 2820 λιῐ
347 2767 450 2837 τὴν
479 2766 639 2839 νίκην
678 2767 1063 2838 προσένειμεν.
1106 2767 1164 2820 '0
1195 2767 1304 2837 γάρ
1329 2784 1415 2820 τοι
1465 2767 1562 2821 τοῦ
1606 2767 1822 2838 Ἀαρὼν

236 2859 450 2914 ἐκείνου
488 2861 675 2925 υίὸς,ὁ
707 2860 1000 2931 πατρίκιος
1045 2859 1416 2924 Ἀλουσιάνος,
1467 2859 1622 2930 παρά
1678 2861 1820 2915 Ῥω·

239 2953 430 3023 μαίοις
465 2951 566 3018 ὢν,
613 2953 708 3006 καί
751 2971 804 3006 τι
855 2952 1316 3025 προσκεκρουκὼς
1367 2952 1447 3024 τῷ
1487 2955 1817 3025 κρατοῦντι,

1926 457 2044 503 tum
2077 449 2296 518 cognati
2324 451 2735 521 expeditionem
2763 458 2885 528 ejus
2908 458 3368 531 deprecabantur,
3403 475 3517 522 tum

1921 541 2198 611 primores
2244 543 2402 615 241
2460 556 2680 603 senatus
2743 551 3036 606 consilium
3112 555 3518 626 improbabant.

1919 631 2019 689 Ille
2053 650 2186 687 vero
2231 636 2582 693 aemulatione
2621 640 2998 708 confirmatus,
3029 653 3086 700 et
3114 649 3366 716 corporis
3417 652 3517 705 im-

1924 725 2283 782 becillitatem
2318 729 2491 783 animi
2527 731 2735 786 viribus
2764 745 3104 802 sustentans,
3152 751 3343 796 contra
3374 745 3517 800 sedi-

1925 818 2094 874 tiosos
2140 820 2534 889 proiiciscitur,
2582 838 2646 876 ac
2679 839 2767 879 res
2806 827 2941 882 mira
2994 830 3244 898 qutedam
3294 835 3518 892 accidit.

1922 910 2058 966 Nam
2098 928 2222 967 cum
2253 923 2426 968 noctu
2463 915 2658 970 morbo
2707 919 3135 988 opprimeretur,
3182 941 3284 981 nec
3317 933 3514 997 postri-

1924 1003 2014 1058 die
2049 1015 2404 1062 surrecturus
2451 1019 2761 1077 putaretur,
2819 1012 3062 1070 diluculo
3104 1018 3158 1071 in
3187 1035 3330 1089 equo
3383 1038 3508 1077 con-

1923 1098 2285 1166 spiciebatur,
2318 1111 2375 1156 et
2405 1103 2710 1159 exercitum
2757 1105 3121 1174 praecedebat.
3152 1112 3221 1166 Ut
3247 1113 3297 1166 in
3328 1114 3520 1187 Bulga-

1923 1203 2114 1243 rorum
2169 1190 2304 1246 fines
2339 1203 2586 1260 venerat,
2638 1210 2808 1265 seque
2854 1200 2921 1252 ad
2967 1202 3086 1255 acie
3120 1202 3517 1263 decertandum

1925 1281 2178 1350 parabat,
2257 1285 2581 1355 priusquam
2662 1289 2938 1345 exercitus
3003 1296 3517 1368 congrederentur,

1923 1373 2186 1442 quiddam
2225 1374 2524 1430 intervenit
2551 1379 2699 1448 quod
2733 1383 3048 1449 imperatori
3074 1384 3306 1439 celerem
3335 1388 3517 1444 vieto-

1925 1467 2064 1520 riam
2101 1467 2222 1522 sine
2268 1467 2458 1523 labore
2504 1470 2614 1523 ullo
2661 1473 2895 1540 peperit.
2924 1473 3058 1528 Nam
3107 1475 3345 1533 Aaronis
3377 1479 3522 1536 illius

1926 1557 2074 1614 ﬁlius
2123 1559 2422 1616 Alusianus
2495 1562 2800 1630 patricius,
2862 1581 2988 1620 cum
3047 1569 3191 1636 apud
3245 1571 3521 1630 Romanos

1925 1662 2092 1718 esset,
2126 1663 2293 1723 atque
2343 1654 2735 1724 imperatorem
2785 1659 3037 1713 nonnihil
3088 1661 3521 1727 edendisset,ea

1929 1761 2089 1816 ptena
2151 1748 2420 1804 multatus
2471 1761 2612 1815 erat,
2657 1761 2717 1806 ut
2762 1753 2909 1808 domi
2961 1770 3022 1810 se
3071 1765 3286 1825 tenens,
3340 1775 3524 1830 neque

1924 1841 2128 1910 regiam
2184 1839 2602 1910 frequentaret,
2659 1859 2838 1915 neque
2894 1846 3214 1918 Byzantium
3268 1850 3518 1920 intraret,

1923 1929 2041 1984 sine
2087 1932 2358 2000 permissu
2415 1932 2790 2002 imperatoris.
2837 1937 2912 1991 Ea
2947 1938 3258 1995 calamitate
3303 1941 3517 2009 dolens,

1923 2024 2018 2078 ubi
2066 2027 2247 2096 gentis
2297 2043 2409 2082 suae
2455 2028 2821 2085 defectionem
2878 2033 3154 2103 cognovit,
3197 2045 3250 2091 et
3303 2036 3518 2092 Doliaii

1922 2119 2272 2184 electionem,
2327 2121 2416 2176 cui
2463 2123 2766 2192 parendum
2820 2135 2968 2180 esset
3015 2137 3031 2180 :
3083 2130 3246 2184 domo
3301 2132 3516 2201 effugit,

1925 2219 2251 2280 mutatoque
2303 2213 2549 2278 vestitu,
2604 2222 2659 2268 et
2711 2214 2957 2270 Armenii
3011 2217 3200 2273 habitu
3253 2231 3515 2292 sumpto,

1925 2303 2345 2359 Theodorocani
2396 2321 2456 2360 se
2501 2305 2765 2360 famulum
2821 2323 2966 2370 esse,
3008 2318 3064 2364 et
3097 2311 3150 2364 in
3202 2321 3384 2367 castra
3438 2313 3518 2368 ire

1924 2394 2214 2463 simulans,
2242 2412 2272 2451 a
2301 2397 2521 2451 nemine
2552 2400 2774 2467 agnitus
2803 2410 2889 2455 est
2919 2401 3094 2457 donec
3123 2403 3178 2457 in
3207 2403 3517 2474 Bulgariant

1923 2490 2265 2557 pervenisset
2298 2507 2312 2544 :
2345 2505 2408 2545 ac
2455 2506 2524 2546 ne
2555 2492 2629 2546 ibi
2677 2493 2901 2563 quidem
2957 2497 3142 2551 statim
3199 2513 3257 2551 se
3312 2514 3516 2568 cogno-

1924 2580 2187 2634 secndum
2224 2582 2477 2652 praebuit,
2511 2584 2607 2638 sed
2638 2585 2783 2641 inter
2823 2587 3250 2658 colloquendum
3282 2591 3520 2646 Aaronis

1926 2673 2262 2728 mentionem
2311 2677 2456 2745 apud
2509 2678 2778 2746 quosdam
2819 2679 3117 2751 interjecit,
3145 2697 3208 2736 ac
3241 2683 3419 2738 dixit:
3455 2684 3518 2739 Si

1923 2766 2039 2835 quis
2072 2765 2214 2820 illius
2264 2767 2548 2822 liberorum
2596 2771 2844 2825 adesset:
2877 2775 3133 2843 numquid
3166 2775 3304 2828 vobis
3353 2775 3518 2848 legiti-

1925 2875 2039 2912 mus
2067 2860 2247 2928 spurio
2276 2861 2332 2914 in
2366 2863 2511 2930 regni
2539 2864 2804 2934 suffragiis
2835 2867 3189 2935 pneferendus
3215 2869 3520 2924 videretur?

1923 2951 2060 3006 Cum
2090 2967 2279 3007 omnes
2328 2969 2646 3024 germanum
2683 2955 2919 3011 Aaronis
2955 2957 3123 3012 illium
3155 2976 3334 3030 regem
3362 2971 3518 3031 Opta-

238 3044 329 3099 ἐπ’
367 3047 519 3100 οῐκου
555 3045 745 3115 μένειν
793 3046 1243 3113 καταδεδίκαστο,
1272 3047 1367 3100 καὶ
1403 3047 1543 3118 μήτε
1597 3047 1818 3117 προσιέ-

1927 3054 2069 3107 rent,
2109 3051 2168 3098 ut
2198 3044 2542 3114 principatus
2584 3048 2634 3101 in
2681 3049 2860 3103 virum
2907 3051 3066 3121 cujus
3119 3054 3330 3107 natales
3367 3054 3513 3108 haud

233 3156 326 3194 ναι
366 3139 509 3209 πρὸς
539 3139 610 3192 τὰ
638 3139 941 3208 ἀνάκτορα,
979 3139 1110 3210 μήθ’
1143 3139 1281 3203 ὅλως
1313 3138 1545 3194 εἰσιέναι
1579 3140 1720 3210 πρὸς
1757 3139 1820 3192 τὸ

235 3226 565 3296 Βυζάντιον,
602 3231 650 3283 εί
683 3231 759 3302 μὴ
790 3232 1124 3303 ἐπιτραπείη
1156 3232 1257 3302 τὴν
1303 3232 1530 3287 εἴσοδον.
1588 3232 1822 3302 Ἦθύμει

233 3321 368 3390 γοῦν
419 3322 513 3374 διὰ
556 3323 754 3388 ταῦτα,
807 3324 933 3376 ἐπεὶ
959 3323 1004 3376 δ’
1041 3323 1274 3392 ὲγνώκει
1322 3325 1424 3395 τὴν
1481 3323 1576 3378 τοῦ
1630 3324 1822 3388 ἔθνους

234 3414 608 3480 ἀποστασίαν,
646 3417 743 3469 καὶ
791 3415 888 3486 τὴν
921 3415 1016 3470 τοῦ
1063 3417 1320 3470 Δολιάνου
1357 3417 1571 3488 αἵρεσιν
1629 3419 1708 3482 είς
1761 3418 1822 3471 τὸ

234 3509 434 3580 ἄρχειν
458 3508 630 3563 αὑτοῦ
656 3525 670 3542 ο
705 3510 1094 3581 ἀποδιδράσκει
1129 3511 1230 3581 μὲν
1275 3511 1371 3583 τῆς
1419 3511 1600 3574 οἰκίας
1627 3511 1819 3576 αὐτοῦ,

233 3602 332 3654 καὶ
366 3601 869 3673 μεταμφιέννυται,
921 3603 1217 3672 Ἀρμενίου
1252 3619 1311 3656 τε
1364 3602 1560 3674 στολὴν
1597 3601 1822 3668 περιθέ-

238 3710 404 3764 μενος
449 3695 650 3764 ὲαυτῷ,
719 3695 976 3767 θεράπων
1037 3688 1177 3748 εἶναι
1242 3694 1338 3748 τοῦ
1395 3695 1814 3768 Θεοδωροκάνου

1925 3136 2166 3204 ambigui
2227 3148 2446 3203 essent,
2503 3140 2709 3210 quique
2757 3143 2823 3196 ex
2872 3152 3085 3198 vetusta
3145 3146 3292 3216 regia
3347 3149 3520 3217 stirpe

1924 3229 2062 3283 citra
2118 3231 2553 3286 controversiain
2606 3234 2876 3303 originem
2926 3235 3195 3291 duceret:
3249 3253 3514 3292 arcanum

1925 3319 2142 3375 cuidam
2176 3322 2340 3377 exiis
2372 3323 2577 3393 quibus
2625 3324 2862 3379 Aaronia
2903 3325 3106 3381 familia
3152 3329 3334 3382 notior
3375 3339 3516 3397 erat,

1924 3414 2101 3484 aperit
2128 3433 2139 3468 :
2169 3417 2262 3485 qui
2297 3432 2420 3470 cum
2453 3416 2643 3472 faciem
2697 3418 2842 3473 illius
2881 3421 3056 3475 oculis
3088 3423 3362 3478 curiosius
3389 3441 3516 3494 per-

1924 3504 2232 3568 lustrasset,
2279 3504 2496 3559 tandem
2544 3506 2758 3577 signum
2805 3509 2969 3562 etiam
3015 3509 3384 3565 indubitatum
3424 3512 3510 3566 vi-

1925 3596 2057 3652 dere
2107 3597 2283 3667 cupit.
2315 3597 2372 3652 ld
2404 3613 2536 3653 vero
2590 3607 2708 3654 erat
2761 3601 2915 3670 nigra
2967 3601 3181 3656 macula
3223 3603 3278 3656 in
3325 3603 3518 3659 cubito

1925 3690 2140 3754 dextro,
2175 3690 2358 3746 densis
2381 3691 2504 3761 pilis
2530 3691 2893 3748 circumdata.
2921 3693 3077 3761 Quod
3106 3711 3230 3750 cum
3255 3696 3506 3758 vidisset,

235 3784 633 3854 πλαττόμενος,
659 3788 753 3840 καὶ
772 3786 992 3840 ἀπιέναι
1021 3788 1157 3857 πρὸς
1175 3788 1236 3842 τὸ
1260 3789 1644 3859 στρατόπεδον,
1661 3789 1821 3844 ἔλαθε

1927 3784 2032 3854 iam
2068 3783 2213 3836 omni
2246 3783 2505 3851 scrupulo
2552 3791 2808 3852 exempto
2849 3793 3176 3852 prostratus,
3208 3785 3313 3838 viri
3345 3784 3510 3854 pedes

235 3877 473 3940 πάντας,
518 3881 613 3932 καὶ
660 3877 798 3948 πρὸς
850 3879 1195 3951 Βουλγαρίαν
1241 3880 1602 3951 κατήντησεν.
1679 3882 1822 3935 Ἀλλ’

1927 3872 2292 3942 amplectitur,
2323 3889 2388 3928 ac
2414 3881 2646 3927 caeteros
2697 3889 2917 3944 quoque
2949 3873 3108 3929 docet
3150 3873 3343 3929 adesse
3372 3874 3508 3944 regii

235 3971 340 4024 οὐκ
361 3971 566 4024 αὐτίκα
594 3971 754 4042 δῆλον
779 3973 929 4026 ἔθετο
964 3974 1180 4037 ἑαυτὸν,
1212 3976 1566 4046 προσομιλῶν
1596 3977 1652 4030 δέ
1685 3995 1820 4046 τισι,

1927 3968 2142 4038 generis
2206 3966 2506 4022 hominem.
2577 3965 2733 4020 Multi
2787 3965 2956 4035 igitur
3001 3964 3069 4019 ab
3116 3965 3374 4035 ambiguo
3424 3965 3507 4020 illc

233 4065 334 4118 τοῦ
371 4063 588 4135 ’Δαρὼν
615 4065 1019 4136 ἀνεμίμνησκε,
1055 4069 1168 4136 καὶ,
1200 4063 1382 4137 Ἀρα,
1412 4071 1624 4139 ἔλεγεν,
1643 4072 1700 4125 εἷ
1728 4090 1818 4139 τις

1927 4059 2105 4113 avulsi
2163 4057 2232 4112 ad
2295 4071 2616 4128 germanum
2665 4072 2724 4112 se
2769 4057 3144 4111 contulerunt.
3210 4055 3316 4110 Sed
3388 4070 3514 4111 cum

235 4157 362 4211 τῶν
389 4157 628 4212 ἐκείνου
667 4157 899 4212 παίδων
940 4138 1163 4230 παρῆν,
1195 4161 1410 4226 ἔδοξεν
1439 4138 1525 4217 dri
1553 4165 1700 4234 ὑμῖν
1735 4138 1822 4232 εὶς

1927 4149 2104 4204 diviso
2155 4149 2408 4218 imperio,
2461 4149 2804 4218 principibus
2855 4148 2999 4202 inter
3026 4163 3084 4201 se
3121 4146 3516 4202 dissidentibus

237 4247 358 4316 τὴν
387 4248 498 4302 τοῦ
533 4250 750 4313 ἔθνους
780 4249 980 4319 ἀρχὴν
1028 4255 1454 4320 προτιμότερος
1501 4253 1609 4307 τοῦ
1637 4256 1822 4308 νόθου

1927 4255 2156 4311 regnum
2205 4241 2509 4295 consistere
2543 4240 2767 4293 omnino
2813 4237 2957 4291 haud
2998 4253 3158 4306 posse
3201 4247 3516 4301 censerent,

219 4343 273 4394 ’ό
325 4340 627 4409 γνήσιοςς
672 4341 760 4404 Ὠς
819 4341 876 4394 δὲ
926 4343 1127 4404 πάντες
1177 4346 1476 4416 πεποίηντο
1528 4346 1596 4398 δι’
1650 4345 1820 4416 εὐχῆς

1928 4333 2075 4389 inter
2110 4347 2230 4388 sese
2279 4332 2656 4402 paciscuntur,
2687 4340 2746 4385 ut
2773 4333 3050 4385 communi
3101 4329 3332 4384 consilio
3376 4346 3515 4384 rem-

239 4435 301 4486 τὸ
477 4436 704 4503 γνησίου
761 4435 954 4499 παιδὸς
1003 4435 1272 4508 ἄρχεσθαι
1308 4405 1402 4491 τού
1447 4437 1686 4509 Ἀαρὼν,

1932 4423 2208 4494 publicam
2259 4421 2755 4485 administrarent,
2816 4420 2992 4474 nihilo
3052 4421 3234 4476 secius
3289 4429 3517 4490 uterque

237 4525 340 4593 τὴν
395 4523 676 4592 βασιλείαν
727 4524 886 4588 αὖθις
936 4527 1114 4581 αὐτῶν
1163 4530 1245 4590 είς
1302 4527 1670 4599 ἀναμφίσολον
1726 4547 1826 4583 πε-

245 4621 496 4688 ριστῆναι
521 4617 710 4686 ἀνδρα,
744 4619 838 4672 καὶ
883 4618 960 4689 τῷ
992 4619 1156 4673 πάλαι
1183 4619 1441 4691 βασιλείῳ
1471 4620 1618 4689 γένει
1651 4637 1822 4691 προσ·

250 4714 462 4784 ήκοντα
492 4712 772 4782 καθαρῶς,
801 4712 1052 4767 πιστεύει
1109 4716 1217 4767 τινὶ
1266 4713 1327 4767 τὸ
1362 4715 1674 4786 ἀπόρρητον
1715 4713 1823 4768 τῶν

245 4807 450 4879 μᾶλλον
476 4807 697 4860 εἰδότων
734 4808 793 4860 τὸ
817 4810 971 4876 γένος
1003 4809 1098 4862 τοῦ
1148 4809 1381 4882 Ἀαρών.
1412 4807 1470 4863 '0
1495 4812 1572 4874 δὲ,
1610 4828 1827 4882 περιερ-

241 4905 466 4974 γότερον
500 4901 652 4971 αύτῷ
685 4903 1010 4972 ἀνιχνεύσας
1044 4903 1107 4957 τὸ
1158 4901 1300 4967 εἶδος
1331 4908 1448 4967 τοῖς
1493 4904 1818 4974 ὀφθαλμοῖς,

242 4995 362 5052 εἶτα
397 4997 496 5051 καί
543 5013 596 5050 τι
632 5000 862 5067 σημεῖον
902 4998 1056 5062 εἰδὼς
1105 4999 1308 5071 προσὸν
1337 4999 1486 5071 αὐτῷ
1516 4999 1823 5071 ἀναμφιϐό-

241 5094 356 5160 λον,
411 5096 509 5150 καὶ
553 5091 715 5147 τοῦτο
763 5091 890 5147 ἰδεῖν
941 5092 1186 5148 ἀπαιτεῖ.
1244 5092 1318 5146 Τὸ
1375 5091 1422 5146 δ’
1451 5085 1519 5162 ἦν
1552 5095 1680 5164 περ).
1731 5093 1823 5147 τὸν

1933 4513 2092 4568 alteri
2126 4522 2414 4581 suspectus
2443 4520 2609 4582 atque
2639 4512 2925 4567 insidians.
2957 4512 3118 4584 242
3150 4512 3347 4567 Verum
3384 4514 3515 4568 Alu-

1931 4609 2120 4663 sianus
2160 4608 2226 4662 ad
2281 4607 2652 4663 insidiandum
2707 4609 3015 4679 promptior
3062 4609 3274 4663 Doliani
3330 4609 3516 4665 dolum

1931 4701 2246 4757 antevertit.
2277 4701 2414 4757 Nam
2446 4703 2700 4758 convivio
2737 4712 3022 4773 apparate,
3055 4712 3108 4758 et
3136 4704 3340 4774 collega
3378 4703 3508 4757 invi-

1931 4809 2068 4866 tato,
2105 4803 2364 4858 miserum
2412 4804 2698 4860 hominum
2746 4805 2894 4860 inter
2923 4805 3116 4875 pocula
3160 4805 3517 4876 comprehen-

1931 4911 2054 4952 sum
2103 4906 2359 4953 excaacat.
2410 4897 2502 4952 Sic
2554 4897 2826 4967 Scythicae
2873 4899 3055 4969 gentis
3095 4898 3324 4968 imperio
3367 4901 3518 4956 solus

1931 4988 2159 5058 potitus,
2197 4989 2512 5058 imperatori
2561 4999 2776 5045 secreto
2819 4989 3065 5044 nuntiari
3113 4989 3292 5061 jubet,
3337 5005 3396 5046 se
3437 4991 3516 5047 illi

1933 5076 2272 5132 deditionem
2325 5077 2626 5146 facturum,
2664 5080 2710 5136 si
2743 5081 3044 5136 clementer
3085 5081 3435 5150 suscipiatur,
3463 5091 3517 5139 ct

1433 5261 1636 5325 Vat-ite
1679 5259 1988 5325 lectiones
2030 5272 2091 5326 et
2123 5274 2316 5326 nota).

311 5389 504 5463 (ίξίγο
635 5388 1092 5463 βασςλεὺςςτῆς
1113 5390 1400 5463 ἀγγελίας
1438 5389 1834 5463 κομισθείσης
1935 5391 2036 5461 τὴν
2065 5393 2264 5463 διπλῆν
2285 5391 2534 5463 δαπάνην
2560 5392 2656 5463 τοῦ
2688 5391 2964 5462 σώματος,

244 5462 424 5526 αὐτῷ.
457 5462 528 5518 Ut
559 5461 788 5514 Michael
814 5461 1089 5534 Paphlago
1121 5463 1175 5517 in
1231 5462 1493 5534 Bulgaros
1521 5461 1833 5528 expeditio-

244 5547 366 5604 nem
389 5534 720 5604 susceperit,
750 5534 1000 5604 quamvis
1033 5533 1276 5604 hydrope
1299 5533 1576 5604 laborans,
1608 5541 1830 5604 enarrat

245 5601 454 5658 Psellus
488 5605 540 5656 in
565 5603 809 5671 Epistola
835 5604 901 5657 ad
931 5601 1357 5659 Monomachum
1393 5623 1404 5656 :
1439 5601 1609 5668 Ζῆλος
1636 5601 1826 5652 ἐντεῦ-

244 5672 331 5726 θεν
360 5678 425 5745 τῇ
456 5677 596 5745 νόσῳ
635 5673 1002 5742 σϐεννύμενον
1035 5675 1266 5745 ἀνάπτει
1301 5675 1394 5745 τὸν
1412 5671 1822 5745 αὐτοκράτορα,

246 5745 335 5800 καὶ
366 5739 425 5812 εξ
463 5739 598 5817 μηδέ
632 5739 896 5816 ἐννοήσας
929 5746 998 5800 τὰ
1024 5745 1126 5801 ὅσα
1171 5744 1496 5815 μαλακίζειν
1527 5739 1708 5810 εἴωθε,
1745 5744 1821 5812 μὴ

3025 5397 3099 5467 μὴ
3135 5395 3227 5467 τὸς
3249 5395 3349 5467 τῇς
3389 5393 3512 5448 ὁδοῦ

1979 5465 2130 5531 ἧκος,
2301 5464 2362 5516 τὸ
2397 5461 2779 5534 τοῦὴπολέμουί
2801 5461 3047 5527 δύσελπι,
3087 5461 3214 5534 μηδ’
3241 5461 3368 5517 ἄλλο
3405 5481 3514 5534 μη-

1962 5533 2041 5603 sv,
2074 5533 2406 5603 τῆςπόλεως
2452 5533 2644 5598 ἔξεισι,
2679 5535 2774 5603 καὶ
2805 5535 2948 5587 κατὰ
2977 5535 3069 5587 τοῦ
3101 5533 3518 5600 ἀποστήσαντος

1929 5601 2116 5675 ἔθνους
2131 5601 2517 5675 στρατεύεται,
2535 5601 2712 5666 ualuit
2734 5603 2838 5656 τῶν
2863 5607 3144 5675 κριμάῖων
3164 5622 3255 5655 σου
3275 5605 3286 5656 !
3319 5607 3514 5674 Κύριε,

1927 5671 2233 5744 λογίζεται,
2263 5675 2693 5744 παρατάττεται,
2727 5671 3066 5744 ἐλαύνειειεῗ
3100 5675 3269 5727 ἵππου
3297 5671 3512 5746 νεκρόςξ
