3964 6252
449 200 554 266 199

1689 185 2028 270 ἸοΑΝΝιε
2065 207 2385 270 zemas;

3564 210 3674 276 200

445 325 774 384 querentur.
835 317 928 374 sed
981 326 1040 373 ut
1112 320 1232 390 ejus
1283 317 1725 375 benevolentiam
1791 320 2020 392 collige-

2141 321 2221 391 πῆς
2275 321 2597 389 συγγενείας
2635 322 2664 375 6
2693 322 2915 394 Μιχαὴλ
2941 323 3279 394 προσέκειτό,
3311 326 3406 381 καὶ
3459 327 3690 398 ἐτίμησε

443 417 589 462 rent.
642 409 942 478 Imperator
965 425 1098 464 vero
1133 411 1429 464 multorum
1475 409 1542 463 ad
1583 410 1734 464 illum
1767 425 2014 464 conven‘

449 507 564 552 tum
600 511 875 558 metuens.
909 519 1007 572 per
1027 503 1237 556 litteras
1257 502 1307 555 ei
1345 502 1602 572 superbia
1625 502 1838 572 objecta
1879 503 2016 572 petit

449 600 506 642 ut
540 589 605 643 ad
633 607 690 644 se
721 594 922 646 veniat.
962 593 1063 647 Sed
1100 608 1223 646 cum
1263 593 1351 647 ille
1381 593 1515 656 iret,
1567 609 1675 647 non
1703 601 2016 662 exspectato

451 682 706 735 avunculi
753 684 1033 744 adventu,
1078 685 1222 738 ludis
1260 685 1598 740 circensibus
1648 685 1702 740 in
1740 686 2016 740 theatrum

451 792 510 831 se
563 778 890 830 contulerat.
933 779 1010 832 Eo
1043 778 1207 847 igitur
1239 795 1344 832 non
1374 778 1597 833 invento
1622 819 1638 843 ,
1698 779 1769 832 ob
1819 785 2019 834 contu-

452 867 670 922 meliam
712 869 893 923 adhuc
939 870 1020 923 ira
1059 881 1300 925 :cstuans
1334 870 1829 941 Orphanotrophus
1864 884 2022 924 rece-

453 959 554 1012 dit.
589 957 725 1012 Tum
757 976 886 1014 vero
916 962 1214 1031 imperator
1249 962 1300 1014 in
1336 963 1655 1017 manifestas
1699 961 2019 1016 inimicitias

452 1050 714 1118 erumpit,
764 1051 1035 1121 missaque
1077 1067 1214 1106 nave
1245 1067 1370 1106 eum
1397 1052 1588 1107 adesse
1608 1052 1786 1122 jubet,
1832 1062 1892 1105 ut
1922 1067 2018 1105 su-

453 1141 657 1209 perbiae
692 1158 802 1196 suae
853 1144 1124 1197 rationem
1164 1143 1379 1206 reddat,
1420 1153 1474 1198 et
1505 1143 1571 1198 ad
1622 1142 1829 1214 regiam
1868 1144 2025 1198 navi-

454 1239 694 1298 gantem,
739 1248 804 1286 ex
840 1233 1125 1302 superiore
1161 1234 1316 1298 loco,
1366 1243 1496 1286 nota
1531 1233 1597 1288 iis
1635 1249 1664 1286 a
1693 1234 1896 1301 quibus
1928 1249 2025 1288 ve-

2118 409 2528 480 νωϐελλίσιμον,
2563 412 2655 465 καί⁵
2685 412 3079 483 τραχυνθέντος
3128 416 3339 469 ἐκείνου
3394 418 3541 471 κατά
3583 418 3681 472 τοῦ

2129 500 2373 554 Ἰωάννου
2423 501 2518 555 τοῦ
2565 501 2830 572 βασιλέως
2885 504 3134 570 ἐνώπιον,
3179 508 3208 560 6
3249 507 3504 580 Ἰωάννης
3571 512 3684 576 τοῖς

2117 593 2298 662 λόγοις
2329 593 2549 664 δηχθεὶς
2598 596 2689 649 καὶ
2735 596 2937 665 μᾶλλον
2979 599 3061 651 ὅτι
3108 597 3183 669 μὴ
3225 599 3358 669 πρὸς
3401 601 3494 654 τοῦ
3527 601 3676 672 βασι-

2118 679 2255 743 λέως
2301 681 2389 734 διὰ
2456 683 2554 744 τὰς
2613 683 2752 753 πρὸς
2805 685 2968 737 αὐτὸν
3009 684 3278 756 λοιδορίας
3306 688 3688 758 ἐπιτετίμητο,

2120 771 2535 845 ἀπεδυσπέτησέ
2569 791 2628 825 τε
2657 776 2751 827 καὶ
2787 776 2976 847 πόρρω
3006 793 3094 830 ποι
3121 778 3217 830 τοῦ
3249 777 3441 840 ἄστεος
3474 779 3692 848 γέγονε.

2121 863 2293 916 Τοῦτο
2324 862 2380 916 δὲ
2405 865 2812 931 γνωσθέν,πολύ
2845 884 2896 918 τι
2925 867 3024 936 τῆς
3053 869 3341 935 γερουσίας
3367 870 3534 941 μέρος
3565 887 3693 925 συν-

2123 956 2495 1022 επεσπάσατο,
2539 956 2680 1010 ὥστε
2725 956 2871 1028 αὐτῷ
2913 962 3276 1030 προσφοιτᾷν,
3327 963 3429 1016 οὐκ
3489 964 3695 1034 εὐνοίᾳ,

2124 1046 2242 1099 ἀλλ’
2273 1047 2342 1099 ἵν’
2383 1047 2468 1116 ἐφ’
2517 1049 2744 1111 ἐαυτούς
2771 1049 2872 1118 τὴν
2903 1048 3070 1103 αὐτοῦ
3121 1051 3408 1120 εὐμένειαν
3458 1054 3696 1122 ἐφελκύ-

2128 1151 2350 1192 σωνται.
2385 1138 2491 1190 Καὶ
2522 1139 2549 1190 6
2583 1138 2861 1208 βασιλεὺς,
2886 1141 2983 1210 τὴν
3033 1142 3167 1211 πρὸς
3198 1145 3404 1197 ἐκεῖνον
3438 1146 3694 1199 συνέλευ-

2131 1245 2214 1280 σιν
2253 1228 2362 1280 τῶν
2395 1228 2607 1283 πολλῶν
2637 1230 2984 1301 εὐλαϐηθεὶς,
3034 1234 3122 1287 διὰ
3169 1238 3517 1306 γραμμάτων
3549 1239 3698 1308 αὐτῷ

456 1319 692 1374 hebatur
739 1328 962 1386 tessera,
1023 1323 1173 1376 aditu
1210 1323 1465 1391 prohibet
1517 1325 1812 1394 statimque
1861 1323 2026 1378 missa

2141 1319 2228 1390 τὴν
2262 1319 2567 1390 ὑπεροψίαν
2616 1322 3024 1391 προσωνείδισε,
3063 1324 3158 1378 καὶ
3207 1327 3499 1396 κακοήθως
3541 1329 3696 1399 ἠξίου

459 1411 668 1466 triremi
705 1413 982 1466 hominem
1031 1414 1230 1485 relegat
1259 1432 1273 1468 :
1311 1415 1416 1470 hoc
1447 1415 1610 1469 modo
1641 1425 2029 1470 remuneratus

2141 1408 2436 1476 ίιφίξεσθαι.
2474 1410 2584 1463 Καὶ
2618 1412 2646 1463 6
2679 1411 2777 1481 μὲν
2821 1411 2909 1483 ᾔει
2932 1429 2946 1443 ο
2985 1413 3013 1466 6
3041 1413 3117 1480 δὲ,
3151 1415 3225 1484 μὴ
3256 1416 3559 1486 ἀναμείνας
3607 1419 3700 1473 τοῦ

457 1518 606 1568 cum,
659 1504 814 1573 cujus
853 1503 1122 1558 beneﬁcio
1175 1506 1409 1575 primum
1443 1506 1658 1571 Ctesar,
1701 1515 1824 1576 post
1865 1507 2028 1562 etiam

2141 1502 2276 1555 θείου
2331 1503 2430 1572 τὴν
2490 1503 2699 1574 ἄφιξιν,
2728 1506 3034 1575 πεπόρευτο
3079 1507 3214 1577 πρὸς
3242 1509 3562 1578 τὺὴθέατρον
3585 1525 3599 1540 ·
3634 1505 3702 1582 ἦν

461 1592 765 1661 imperator
805 1594 983 1647 fuerat
1021 1593 1360 1663 designatus.
1419 1594 1592 1660 Quem
1623 1609 1746 1648 cum
1795 1593 2032 1648 amovis-

2141 1597 2243 1668 γάρ
2295 1596 2479 1667 ἡμέρα
2533 1596 2723 1660 ἵπποις
2775 1597 3196 1669 ἀμι)λητὴριος.
3262 1600 3351 1662 Ὠς
3401 1599 3444 1652 δ’
3479 1599 3704 1656 ἐλθὼνό

462 1694 566 1746 set,
595 1695 854 1754 cognatos
895 1685 1119 1738 invadit.
1150 1695 1206 1739 et
1237 1686 1384 1740 viros
1433 1701 1541 1739 non
1570 1700 1700 1739 sexu
1730 1685 2030 1750 duntaxat,

2141 1687 2281 1750 θεῖος
2311 1688 2410 1757 οὐχ
2451 1683 2576 1757 ε’ὑρε
2602 1687 2694 1741 τὸν
2729 1687 3104 1758 βασιλεύοντα,
3138 1688 3215 1742 ἐτι
3235 1689 3312 1759 τῷ
3331 1689 3490 1762 θυμῷ
3519 1691 3691 1762 ὑπερ-

462 1775 554 1830 sed
591 1786 750 1830 aetate
789 1777 952 1829 etiam
986 1777 1243 1830 barbatos
1283 1777 1395 1846 jam
1442 1777 1669 1830 maritos
1722 1786 1778 1830 et
1821 1784 2027 1845 patres,

2141 1777 2299 1842 ζέσας
2345 1776 2422 1840 ὡς
2457 1777 2919 1848 περιυϐρισμένος
2957 1779 3228 1840 ἐπάνεισι.
3263 1779 3424 1833 Καὶὸ
3447 1779 3704 1852 βασιλεὺς

461 1867 710 1922 virilibus
730 1869 962 1923 exsectis
995 1868 1281 1923 eunuchos
1315 1868 1466 1923 facit.

2141 1866 2293 1936 αὐτῷ
2329 1869 2428 1938 τὴν
2459 1867 2783 1936 δυσμένειαν
2824 1867 2904 1930 είς
2942 1866 3217 1938 προῦπτον
3253 1869 3580 1940 ἐκρήγνυσι,
3613 1867 3706 1922 καὶ

464 1962 670 2017 στέλλει
700 1965 801 2032 νῆα
832 1962 1073 2018 κελεύων
1111 1963 1260 2034 αὐτῷ
1288 1965 1353 2016 δι’
1384 1963 1553 2034 αὐτῆς
1581 1964 1763 2034 ἥξειν,
1799 1964 2028 2018 δώσοντι
2064 1964 2258 2034 λόγους
2323 1963 2422 2032 τῆς
2462 1964 2540 2025 είς
2584 1963 2790 2015 ἐκεῖνον
2822 1963 3148 2034 ὑπεροψίας.
3228 1963 3338 2016 Καὶ
3361 1963 3390 2016 6
3421 1963 3525 2032 μὲν
3551 1960 3708 2016 ἔπλει

462 2059 600 2127 πρὸς
650 2061 720 2112 τὰ
755 2060 1005 2130 βασίλεια
1034 2075 1046 2090 ·
1079 2059 1107 2110 6
1139 2060 1194 2112 δέ
1235 2059 1491 2130 βασιλεὺς
1521 2059 1731 2112 ἄνωθεν
1762 2059 1850 2114 διά
1913 2077 2058 2122 τινος
2099 2057 2465 2128 συνθήματος,
2500 2056 2528 2109 6
2587 2059 2700 2121 τοῖς
2750 2057 2945 2126 ἄγουσι
2989 2056 3080 2109 τὸν
3125 2055 3378 2126 Ἰωάννην
3416 2057 3704 2128 προέγνω-

479 2168 604 2215 στο,
637 2153 826 2222 ἐπέχει
875 2156 940 2221 τῇ
989 2151 1080 2222 νηῖ
1126 2154 1226 2222 τὴν
1267 2155 1348 2215 είς
1404 2152 1470 2204 τὰ
1533 2151 1785 2220 βασίλεια
1831 2151 2106 2219 πάροδονο
2142 2150 2343 2203 αὐτίκα
2408 2148 2464 2202 δέ
2519 2150 2750 2222 τριήρης
2809 2147 3114 2200 ἐπελθοῦσα
3170 2146 3436 2216 λαμϐάνει
3490 2148 3704 2202 τοῦτον,

462 2244 557 2297 καὶ
589 2245 878 2315 ὑπερόριον
911 2244 1116 2312 τίθησι.
1153 2242 1430 2305 Τοιούτοις
1454 2242 1728 2312 ἠμείψατο
1787 2242 1879 2295 τὸν
1935 2242 2234 2312 εὐεργέτην
2289 2241 2318 2294 6
2379 2241 2446 2294 δι’
2510 2241 2720 2294 ἐκείνου
2769 2242 3008 2312 Καῖσαρ,
3037 2236 3156 2293 εἶτα
3187 2241 3282 2294 καὶ
3313 2239 3569 2311 βασιλεὺς
3619 2258 3708 2308 γε-

401 2381 404 2383 .
463 2336 652 2405 γονὼς.
696 2335 848 2386 Ἐπεὶ
874 2333 916 2386 δ’
947 2335 1151 2387 ἐκεῖνον
1183 2339 1245 2388 ἐκ
1271 2335 1436 2402 μέσου
1475 2334 1766 2404 πεποίηκε,
1803 2334 2014 2404 μέτεισι
2042 2334 2154 2405 (20)
2181 2334 2240 2387 τὸ
2279 2333 2562 2402 συγγενὲς,
2589 2333 2682 2386 καὶ
2717 2333 2916 2403 ἀνδρας
2939 2333 3062 2402 οὐχὶ
3087 2333 3155 2403 τῇ
3186 2334 3284 2402 τῆς
3321 2331 3536 2400 φύσεως
3571 2335 3707 2404 μόνῃ

463 2431 732 2498 δηλωτικῇ
767 2429 1036 2498 σημασίᾳ,
1067 2431 1202 2484 ἀλλά
1241 2430 1333 2482 καὶ
1366 2431 1430 2500 τῇ
1470 2427 1811 2500 σημαινούσῃ
1837 2429 1962 2491 τοὺς
1989 2429 2277 2499 γήμαντας
2306 2429 2400 2482 καὶ
2426 2429 2506 2492 εἰς
2542 2427 2668 2492 τούς
2694 2428 2900 2498 ἀνδρῶν
2927 2426 3142 2497 ἡλικίαν
3174 2427 3468 2488 ἐλάσαντας
3496 2427 3709 2499 ὑπηνή-

463 2540 559 2585 τας
587 2523 686 2591 ἤδη
738 2520 833 2572 καὶ
865 2520 1070 2573 παίδων
1117 2522 1410 2589 γεγονότας
1450 2520 1698 2592 πατέρας
1733 2521 1842 2574 τῶν
1882 2522 2221 2592 παιδογόνων
2260 2522 2462 2592 μορίων
2489 2523 2804 2592 ἀποστερεῖ,
2833 2521 2928 2572 καὶ
2964 2519 3220 2590 ἐκτομίας
3250 2519 3562 2590 ἐργάζεται.

534 2614 676 2669 ΧΙΧ.
718 2612 855 2669 Cum
895 2613 963 2667 de
1000 2621 1232 2682 cognato
1272 2613 1534 2684 sanguine
1584 2615 1655 2668 ita
1696 2614 2031 2684 triumphas-

464 2718 569 2772 set,
623 2721 792 2762 unum
855 2705 962 2760 sibi
1010 2704 1381 2759 llerculanum
1416 2715 1694 2760 certamen
1743 2721 2034 2776 superesse

466 2811 640 2863 ratus,
674 2798 1043 2868 imperatricis
1075 2799 1240 2851 etiam
1277 2797 1580 2867 exigendae,
1632 2798 1697 2851 ad
1737 2798 1789 2851 id
1817 2814 2037 2868 quoque

465 2908 524 2946 se
558 2899 732 2960 parat,
771 2905 935 2944 suasu
982 2897 1038 2942 et
1086 2888 1321 2956 impulsu
1355 2887 1705 2942 Constantini
1752 2891 2035 2944 avunculi.

463 2982 638 3036 Filius
682 2979 845 3049 igitur
892 2979 1320 3048 ignobilissimos
1359 2990 1551 3033 contra
1601 2989 1830 3033 matrem
1873 2981 2035 3035 nobi-

464 3073 725 3127 lissimam
755 3085 1002 3123 rumores
1029 3071 1256 3139 spargit.
1297 3079 1352 3124 et
1385 3069 1616 3124 crimina
1663 3072 2038 3126 comminisci-

2209 2617 2312 2670 ΙΘ¹.
2357 2614 2447 2678 Ὠς
2475 2615 2532 2668 δέ
2573 2615 2716 2668 κατὰ
2762 2613 2856 2667 τοῦ
2883 2615 3179 2684 ὁμογενοῦς
3205 2615 3434 2684 αἵματος
3466 2614 3711 2670 τοιοῦτον

2136 2707 2309 2777 ἤρατο
2356 2706 2646 2777 τρόπαιον,
2679 2707 2774 2760 ἕνα
2833 2706 2913 2759 ἔτι
2959 2707 3362 2779 περιλελεῖφθαι
3409 2707 3557 2778 αὐτῴ
3597 2711 3712 2764 ἐνό-

2145 2797 2303 2869 μιζεν
2347 2796 2670 2867 Ἡράκλειον
2705 2796 2919 2862 ἄεθλον,
2954 2797 3015 2850 τὸ
3048 2797 3140 2850 καὶ
3169 2796 3267 2868 τὴν
3300 2797 3545 2867 βασιλίδα
3576 2800 3712 2852 ἀπο-

2143 2887 2542 2951 σκευάσασθαι,
2601 2887 2696 2939 καὶ
2745 2887 2884 2958 πρὸς
2934 2880 3127 2940 τοῦτον
3175 2886 3362 2939 λοιπὸν
3415 2887 3712 2942 ἀποδύεται

2140 2979 2404 3047 ἐνάγοντα
2460 2977 2596 3048 πρὸς
2642 2977 2871 3048 τοῦργον
2912 2978 3006 3030 καὶ
3050 2977 3140 3030 τὸν
3185 2976 3329 3030 θεῖον
3368 2975 3508 3046 ἔχων
3551 2978 3712 3031 Κων-

2143 3072 2418 3123 σταντῖνον
2447 3068 2542 3122 καὶ
2568 3067 2983 3139 παραθήγοντα.
3019 3069 3314 3135 Λογοποιεῖ
3340 3069 3519 3122 τοίνυν
3547 3073 3575 3124 6
3592 3070 3713 3123 δυσ-

465 3173 576 3228 tur,
616 3177 847 3231 eamque
901 3162 1173 3215 insontem
1225 3161 1519 3215 veneﬁcam
1567 3170 1760 3224 vocat,
1803 3161 2035 3232 vitaeque

2141 3161 2464 3228 γενέστατος
2517 3160 2647 3220 παῖς
2697 3158 2835 3210 κατά
2879 3157 2979 3226 τῆς
3031 3158 3430 3228 εὐγενεστάτης
3474 3161 3709 3231 μητρὸς,

464 3270 577 3309 suae
632 3253 879 3309 insidiari
920 3253 1192 3321 queritur.
1248 3252 1314 3306 Et
1362 3252 1493 3322 quid
1543 3253 1796 3323 ambages
1842 3255 2036 3323 agam?

461 3342 629 3413 Ejicit
661 3360 780 3398 eam
827 3343 974 3414 regia
1015 3351 1068 3397 et
1110 3343 1165 3396 in
1215 3343 1486 3412 Principis
1531 3343 1764 3397 insulam
1808 3344 2034 3414 relegat,

464 3434 702 3504 denique
738 3435 876 3489 bene
907 3433 974 3488 de
1015 3448 1073 3488 se
1101 3433 1350 3488 meritam
1384 3432 1593 3499 tondet,
1619 3433 1896 3502 aliumque
1943 3434 2039 3488 ba-

465 3526 639 3580 bitum
681 3542 899 3581 sumere
923 3526 1088 3595 cogit,
1124 3535 1180 3580 ct
1213 3542 1314 3596 pro
1347 3543 1595 3597 purpura
1625 3542 1748 3596 quae
1771 3526 1840 3580 ab
1865 3529 2040 3581 atavis

467 3616 592 3672 inde
635 3618 709 3671 illi
743 3620 1133 3683 conveniebat,
1166 3619 1442 3672 lacernam
1493 3619 1747 3674 induere.
1795 3619 1914 3685 Quo
1947 3620 2038 3675 ille

469 3705 638 3770 facto,
672 3709 824 3775 quasi
872 3708 1038 3762 rebus
1072 3708 1331 3762 omnibus
1366 3708 1632 3763 confectis
1675 3709 1833 3762 laetus
1872 3718 2038 3778 atque

468 3796 728 3858 insolens,
760 3797 972 3851 lusibus
1009 3806 1066 3852 et
1110 3799 1323 3853 deliciis
1369 3813 1427 3852 se
1472 3798 1729 3852 dedebat.
1765 3797 2036 3853 Caeterum

469 3885 712 3940 vindicta
756 3903 866 3941 non
907 3888 1235 3954 dormitans,
1282 3888 1538 3943 celeriter
1572 3889 1822 3958 iniquum
1872 3899 1928 3942 et
1964 3887 2044 3942 in-

472 3986 688 4048 gratum
726 3979 1008 4036 hominem
1051 3990 1135 4036 est
1172 3989 1447 4037 assecuta.
1495 3981 1630 4035 Nam
1665 3979 1908 4034 facinore
1948 3981 2042 4035 illo

472 4070 526 4124 in
557 4072 692 4126 urbe
723 4073 964 4144 vulgato,
998 4089 1187 4129 omnes
1222 4082 1446 4130 mmstos
1473 4081 1528 4128 et
1560 4074 1744 4127 tristes
1770 4082 1888 4127 crat
1920 4087 2044 4127 cer-

484 4179 644 4229 nere,
691 4180 794 4220 nec
847 4181 1005 4222 secus
1048 4179 1210 4237 atque
1256 4168 1311 4221 in
1351 4166 1574 4237 propria
1619 4165 1929 4220 calamitate
1966 4163 2046 4218 af-

471 4254 661 4310 fectos.
709 4257 950 4312 Tandem
995 4260 1156 4314 etiam
1181 4259 1433 4315 convicia
1470 4258 1527 4312 in
1559 4266 1852 4328 tyrannum
1875 4256 2042 4326 jacie-

469 4347 621 4402 bant.
658 4349 938 4404 Mulierem
966 4367 1098 4406 vero
1130 4361 1307 4406 cmtus
1337 4350 1611 4419 lugebant,
1652 4357 1708 4404 et
1739 4346 2046 4417 imperatri-

469 4455 588 4494 cem
619 4441 908 4496 vocabant.
965 4444 1250 4498 Postremo
1305 4452 1415 4496 tota
1465 4443 1660 4496 civitas
1710 4443 1766 4496 in
1807 4438 2041 4495 manife-

471 4539 610 4582 stam
663 4532 848 4602 erupit
899 4531 1253 4586 seditionem.
1305 4533 1374 4586 Et
1431 4542 1490 4586 ut
1539 4533 1825 4587 audaciam
1891 4533 2040 4587 illius

473 4617 897 4684 ulciscerentur,
933 4622 1043 4676 vita
1069 4623 1318 4692 neglecta
1345 4622 1614 4692 quidquid
1643 4630 1765 4677 erat
1786 4622 2034 4687 obvium,

470 4721 538 4760 eo
568 4707 730 4779 245
757 4711 1008 4766 dexteras
1034 4722 1331 4779 armantes,
1378 4714 1447 4768 ad
1493 4716 1698 4784 regiam
1743 4729 2042 4770 concurre-

472 4809 625 4853 runt.
669 4801 824 4856 lllutn
859 4819 987 4857 vero
1019 4805 1288 4874 principio
1324 4814 1506 4859 motus
1531 4805 1719 4875 populi
1752 4820 1862 4860 non
1896 4807 2035 4860 adeo

474 4891 798 4954 commovit,
846 4893 942 4946 sed
975 4908 1097 4947 cum
1125 4893 1341 4962 plebem
1373 4892 1558 4949 furere
1593 4893 1821 4960 videret,
1871 4909 2044 4966 seque

2144 3252 2240 3304 καὶ
2275 3250 2580 3320 συμπλέκει
2611 3250 2735 3303 κατ’
2767 3250 2937 3318 αὐτῆς
2974 3249 3298 3319 αἰτιάματα,
3327 3249 3626 3321 φάρμακόν
3655 3269 3714 3304 τε

2143 3343 2320 3407 καλεῖ,
2353 3341 2448 3395 καὶ
2488 3340 2867 3394 ἐπιϐουλεύειν
2904 3340 3070 3394 αὐτοῦ
3119 3343 3186 3412 τῇ
3231 3341 3344 3411 ζωῇ
3384 3341 3484 3412 τῆς
3533 3343 3714 3396 ἀθώου

2144 3434 2463 3502 κατηγορεῖ.
2515 3433 2624 3484 Καὶ
2670 3433 2724 3484 τί
2773 3433 2855 3485 δεῖ
2881 3431 3114 3496 κύκλους
3165 3435 3428 3500 ἐλίττειν;
3490 3435 3718 3498 Ἐξωθεῖ

2142 3526 2257 3578 τῶν
2305 3524 2593 3595 βασιλείων
2627 3523 2817 3594 αὐτὴν,
2850 3526 2942 3577 καὶ
2997 3525 3297 3595 περιορίζει
3324 3529 3413 3598 τῇ’τ
3436 3527 3589 3597 νήσῳ
3625 3527 3718 3582 τοῦ

2145 3619 2457 3689 Πρίγκιπος
2481 3617 2776 3689 λεγομένῃ,
2808 3618 2902 3672 καὶ
2932 3618 3083 3680 τέλος
3121 3619 3407 3690 ἀποκείρει
3438 3619 3537 3692 τὴν
3565 3622 3718 3690 εὐερ-

2147 3713 2324 3780 γέτιν,
2359 3713 2454 3766 καὶ
2482 3713 2945 3782 μεταμφιέννυσι,
2997 3713 3090 3763 καὶ
3113 3712 3234 3763 ἀντὶ
3267 3714 3365 3780 τῆς
3397 3714 3462 3764 ἐκ
3516 3729 3719 3782 προγο-

2144 3804 2264 3865 νίας
2295 3805 2684 3874 προσηκούσης
2736 3805 2874 3872 αὐτῇ
2908 3804 3193 3872 πορφύρας
3241 3802 3541 3855 ἐνδιδύσκει
3593 3821 3716 3874 τρι-

2145 3894 2360 3949 ϐώνιον.
2402 3895 2561 3949 Καὶό
2593 3895 2716 3964 μὲν,
2757 3895 2833 3958 ὡς
2862 3895 2963 3966 ήδη
3013 3895 3075 3947 τὸ
3118 3897 3226 3948 πᾶν
3259 3894 3494 3964 ἠνυκὼς,
3533 3896 3719 3966 ἔχαιρέ

2145 4003 2206 4039 τε
2235 3987 2331 4040 καὶ
2359 3985 2562 4057 γαῦρος
2593 3981 2767 4052 ὦπτο,
2833 3986 2930 4039 καὶ
2957 3986 3198 4048 παιδιαῖς
3243 3985 3436 4038 ἐαυτὸν
3475 3988 3718 4040 ἐπέδωκε

2146 4076 2243 4130 καὶ
2286 4079 2515 4146 τρυφαῖς
2535 4093 2547 4106 ·
2580 4078 2613 4146 ἡ
2667 4077 2723 4128 δέ
2751 4077 2872 4147 δίκη
2914 4077 3013 4129 οὐκ
3040 4076 3420 4143 ἐπενὺσταξεν,
3472 4077 3590 4130 ἀλλ’
3621 4077 3719 4131 αύ-

2145 4167 2272 4221 τίκα
2307 4167 2543 4238 μετῆλθε
2577 4168 2664 4219 τὸν
2711 4169 3014 4236 ἀλιτήριον.
3061 4167 3150 4230 Ὧς
3191 4168 3300 4238 γὰρ
3339 4168 3398 4219 τὺ
3440 4169 3572 4236 περὶ
3622 4169 3719 4237 τὴν

2149 4258 2401 4329 βασιλίδα
2432 4258 2618 4329 δρᾶμα
2644 4260 2758 4320 τοῖς
2788 4260 2847 4310 ἐν
2874 4259 2940 4328 τῇ
2974 4257 3131 4310 πόλει
3172 4259 3504 4327 κεκήρυκτο,
3541 4260 3717 4328 κατή-

2149 4370 2309 4424 φειαν
2337 4349 2406 4424 ἦν
2460 4354 2592 4424 όρᾷν
2639 4352 2790 4425 παρά
2818 4353 2953 4406 πᾶσι
2986 4352 3078 4403 καὶ
3111 4351 3567 4422 σκυθρωπότητα,
3621 4351 3712 4403 καὶ

2147 4447 2222 4511 ὡς
2254 4451 2313 4500 ἐν
2337 4447 2519 4518 οἰκείᾳ
2568 4445 2828 4518 συμφορᾷ
2876 4443 3141 4497 διετίθετο
3183 4444 3438 4509 ἕκαστος,
3471 4441 3597 4496 εἶτα
3627 4443 3719 4496 καὶ

2156 4541 2409 4613 φανερῶς
2441 4540 2807 4611 ἐλοιδοροῦντο
2849 4539 2926 4610 τῷ
2957 4541 3377 4610 τυραννήσαντι.
3410 4539 3478 4592 Δί
3512 4539 3570 4592 δέ
3625 4556 3719 4608 γυ·

2149 4633 2337 4696 ναῖκες
2407 4633 2503 4685 καὶ
2556 4632 2785 4703 θρήνους
2830 4631 3097 4684 συνίστων
3140 4630 3581 4701 ἀνακαλούμεναι
3623 4632 3720 4702 τὴν

2149 4723 2492 4794 βασίλισσαν.
2548 4723 2658 4776 Καὶ
2705 4723 2859 4786 τέλος
2912 4724 2992 4785 εἰς
3046 4723 3236 4776 στάσιν
3279 4723 3524 4792 φανεράν
3563 4722 3722 4794 ἀνερο

2152 4817 2402 4888 ῥάγησαν
2459 4816 2510 4869 οῑ
2567 4815 2668 4886 τῆς
2722 4815 2930 4877 πόλεως
2966 4813 3304 4884 ξύμπαντες.
3359 4814 3468 4867 Καὶ
3498 4813 3592 4868 ἵνα
3634 4813 3722 4866 τὸν

2149 4910 2451 4980 τολμητίαν
2499 4908 2948 4979 τιμωρήσωνται,
2989 4909 3165 4970 οὐδεὶς
3193 4907 3440 4975 ἐφείδετο
3493 4909 3596 4978 τῆς
3647 4906 3721 4958 ol-

1592 5025 1794 5088 Varite
1811 5026 2125 5090 lectiones
2168 5035 2230 5088 et
2285 5034 2480 5088 notia.

547 5139 968 5212 (βωνΜέτεισι,
1003 5148 1110 5212 etc.
1146 5141 1357 5195 Psellus
1389 5159 1402 5195 :
1447 5142 1506 5194 '0
1555 5141 1613 5194 δέ
1653 5141 2044 5212 σαλευόμενος,

471 5209 613 5282 δρῶν
642 5209 853 5282 ζάκμὴν
896 5210 1072 5280 ἐαυτῷ
1115 5212 1208 5282 τῆς
1250 5212 1448 5280 ἀρχῆς,
1479 5211 1768 5282 καῖπῆξαι
1805 5209 2038 5282 βεϐαίω-

479 5279 565 5333 σίν
605 5281 706 5332 οὐκ
737 5279 986 5351 ἔχουσαν,
1026 5279 1254 5351 κρύπτει
1286 5279 1393 5350 μέν
1419 5285 1476 5335 ἐν
1504 5279 1672 5351 βάθει
1710 5279 1815 5351 τῆς
1860 5281 2041 5350 ψυχῆς

471 5353 534 5402 τὸ
560 5350 1179 5421 ,κακόηθες,θεραπείαν
1208 5351 1260 5402 δὲ
1289 5349 1446 5421 ίπρδς
1478 5349 1538 5403 τδ
1593 5349 1883 5419 συγγενὲς
1910 5353 2044 5402 ὑπο·-

475 5420 743 5491 κρίνεται,
799 5420 905 5491 καὶ-
940 5422 1061 5491 ταῖς
1129 5420 1411 5491 μεγίσταις
1469 5421 2043 5491 λαμπρύνει-τιμαῖς.

483 5487 714 5560 Ἔπειτα
739 5487 1045 5560 ῥηγνύειτὸ
1093 5487 1516 5560 καταπέτασμα,
1545 5487 1666 5551 ’τὰς
1720 5487 1898 5560 πύλας
1946 5490 2047 5556 τῆς

479 5559 705 5628 καρδίας
734 5559 1162 5625 ἀναπετάννυσι,
1196 5560 1288 5612 καὶ
1315 5558 1431 5612 τὺνή
1461 5563 1639 5613 ἐκεῖσε
1663 5558 1908 5628 δείκνυσι
1947 5561 2050 5624 ἐμ-

480 5627 796 5696 φωλεύοντα
825 5629 1115 5699 δράκοντα,
1146 5630 1237 5683 καὶ
1262 5629 1365 5698 πρὸ
1396 5630 1503 5683 τῶν
1561 5629 1759 5694 ἀλλων,
1791 5627 1884 5679 ἐπὶ
1921 5630 2050 5690 τοὺς

2154 5141 2391 5202 οἰκείους
2430 5140 2720 5206 συγγενεῖς
2747 5138 2847 5209 τῆς
2873 5136 3188 5209 κακίαςᾼίδν
3213 5137 3446 5209 ἐκκενοῖ,
3487 5136 3590 5209 καὶ⁸
3633 5135 3721 5209 οὐς

2143 5212 2242 5280 μὲν
2297 5205 2566 5280 ὑπερορίᾳ
2608 5205 2996 5280 καταδικάσας,
3047 5206 3143 5270 οὓς
3174 5209 3244 5280 δέ
3289 5207 3398 5259 τῶν
3469 5205 3722 5280 παιδογό-

2140 5277 2248 5334 νων
2321 5277 2550 5349 μορίων
2616 5279 3070 5347 ἀποτεμόμενος,
3155 5277 3255 5348 ήδη
3333 5293 3436 5328 που
3507 5278 3720 5349 γεγεξας

2141 5345 2522 5420 ἔχοντας,’καὶ
2554 5349 2730 5420 υἱέας,
2774 5345 2931 5420 ὄντας
2966 5345 3594 5420 τοκεῖςίστεφανοφορεῖ
3620 5345 3717 5397 καὶ

2141 5417 2551 5489 λαμπρύνεται,
2570 5419 2631 5470 οὑ
2659 5417 2887 5489 Περσέα-
2925 5417 3192 5489 καθελῲν,
3217 5417 3328 5489 οὐδῖ
3349 5485 3362 5489 _
3391 5417 3717 5489 ξΑντίγονον,

2143 5483 2265 5540 οὐδέ
2295 5483 2346 5540 τι
2366 5489 2647 5558 βάρϐαρον
2679 5483 3005 5558 ἀπελαύνων
3044 5487 3232 5558 φῦλον,
3281 5485 3418 5540 ἀλλὰ
3439 5489 3566 5548 τοὺς
3629 5483 3720 5554 ἀφ’

2149 5557 2383 5628 αἵματος
2415 5559 2444 5610 6
2472 5557 2746 5628 δυσμενὴς
2777 5557 3314 5626 καταγωνισάμενος.

3299 5711 3330 5720 \
