3964 6252
201 383 303 447 ΞὉΙ

1456 385 1525 443 Ᾱ“
1562 381 1863 443 NALIUM
1902 379 2047 443 LIB.
2086 378 2255 443 XVII

3376 375 3551 441 262'

198 496 356 556 κείας
388 492 563 561 ζωῆς,
618 489 730 543 ἀλλ’
780 491 1014 553 ἕκαστος
1041 490 1119 559 τῷ
1149 491 1515 562 προστυχόντι
1568 489 1667 560 τὴν
1698 490 1788 542 δε-

1901 485 2210 541 renturiare
2231 494 2284 540 et
2310 486 2530 541 allluere
2563 485 2804 550 turbam,
2832 500 2963 541 suos
2993 492 3175 540 autem
3208 487 3480 542 satellites

199 581 324 647 ξιὰν
356 578 614 641 ὁπλίσας.
652 578 906 631 συνέθεον
961 580 1054 631 ἐπὶ
1108 580 1178 632 τὰ
1242 581 1541 650 ἀνάκτορα.
1570 581 1683 633 Τὸν
1732 580 1790 632 δέ

203 674 422 744 πρῶτον
459 672 562 742 μὲν
591 672 652 724 οὐ
687 672 828 724 πάνυ
862 689 917 724 τι
978 673 1039 725 τὸ
1081 671 1174 724 τοῦ
1208 672 1446 736 πλήθους
1477 673 1797 743 συγκῐνημα

201 764 566 837 ἐθορύϐησεν.
612 759 748 817 Εἶτα
804 763 895 817 τὸν
939 764 1111 834 δῆμον
1165 765 1310 835 ὁρῶν
1364 766 1793 835 ἐκμαινόμενον,

203 853 303 923 εἰς.
335 851 529 923 λόχους
580 869 639 906 τε
705 853 1118 924 συνιστάμενον,
1162 855 1257 907 καὶ
1315 855 1408 908 τὸν
1464 855 1594 910 λαὸν
1633 859 1797 926 ἐπιρ-

203 948 421 1018 ρέοντα,
462 944 592 1010 τοὺς
643 945 701 999 δέ
751 946 879 1017 περὶ
910 947 1074 999 αὐτὸν
1106 947 1451 1016 ἀμφιϐόλους
1499 953 1623 1013 ταῖς
1654 949 1794 1018 γνὼ-

203 1056 338 1109 μαις
365 1038 649 1119 κατανοῶν
682 1038 982 1102 (κάκείνοις
1007 1040 1120 1109 γὰρ
1158 1040 1218 1093 τὺ
1241 1044 1373 1111 περὶ
1396 1042 1496 1113 τὴν
1545 1042 1794 1110 βασίλισ-

205 1149 309 1185 σαν
334 1132 610 1202 μεμίσητο
627 1132 932 1204 τόλμημα),
968 1132 1222 1204 περιδεής
1267 1151 1326 1186 τε
1367 1135 1460 1186 καὶ
1501 1135 1796 1202 ἐναγώνιος

202 1225 450 1291 γέγονεν.
518 1223 683 1277 Ἀλλά
705 1241 759 1276 τι
798 1222 996 1295 μικρὸν
1024 1223 1126 1293 τὴν
1172 1224 1414 1291 ἀγωνίαν
1462 1224 1615 1296 αὐτῷ
1643 1229 1671 1278 ὁ
1694 1245 1797 1279 νω-

200 1317 486 1386 ϐελίσιμος
520 1317 906 1386 ἐπεκούφισεν.
938 1316 1091 1370 Οἴκοι
1121 1317 1230 1387 γὰρ
1249 1315 1457 1381 (imitati.
1486 1320 1587 1386 τὴν
1604 1320 1794 1372 στάσιν

200 1412 591 1482 μεμαθηκὼς,
644 1413 772 1475 τοὺς
830 1414 960 1481 περὶ
997 1413 1164 1465 αὐτὸν
1217 1412 1444 1475 ὁπλίσας
1491 1411 1701 1476 (πολλοὶ
1750 1414 1794 1466 δ’

145 1488 153 1494 ’
198 1505 353 1575 αὐτῷ
392 1506 827 1576 παρετρέφοντο)
872 1505 959 1559 διὰ
995 1506 1168 1576 μέσης
1196 1507 1296 1577 τῆς
1318 1505 1525 1574 ἀγορᾶς
1556 1505 1794 1576 παριὼν,

203 1597 454 1667 ἀπῆλθεν
483 1598 569 1661 εἰς
592 1600 660 1649 τὰ
693 1597 960 1666 βασίλεια,
994 1597 1090 1650 καὶ
1119 1597 1318 1649 αὐτίκα
1359 1596 1644 1650 στέλλουσι
1678 1597 1792 1668 (2|)

200 1693 330 1754 τοὺς
366 1691 745 1755 ἐπανάξοντας
802 1690 904 1759 τὴν
943 1689 1288 1759 βασίλισσαν,
1324 1690 1437 1752 τοῖς
1465 1688 1527 1741 δὲ
1563 1688 1798 1743 στασιώ-

199 1803 323 1847 ταις
345 1781 697 1859 ἀντέστησαν
723 1798 877 1846 τινες
896 1783 962 1836 ἐκ
984 1781 1258 1850 τάφανοῦς
1298 1780 1429 1852 βέλη
1466 1780 1590 1834 κατ’
1611 1782 1796 1834 αὐτῶν

1906 579 2076 633 animi
2108 593 2231 634 esse
2262 577 2463 634 dubios
2484 594 2604 634 esse
2626 590 2877 634 cerneret
2897 580 3044 649 (naut
3082 579 3116 631 ii
3148 592 3368 647 quoque
3403 577 3482 631 ia-

1905 669 2066 724 cinus
2098 670 2154 724 in
2184 670 2584 740 imperatrieem
2619 670 2922 725 admissum
2959 669 3213 745 oderant)
3253 669 3481 723 territus

1903 771 2141 815 aestuare
2191 761 2380 830 C(Bplt.
2429 761 2535 814 Sed
2569 776 2695 815 eum
2732 776 2990 831 angorem
3023 759 3398 815 nobilissimus
3429 758 3482 813 ei

1905 852 2155 906 nonnihil
2192 852 2394 907 levavit
2438 895 2448 904 .
2494 852 2588 922 qui
2635 868 2760 907 cum
2812 853 2959 907 domi
3000 852 3330 908 seditionem
3378 867 3479 906 co-

1903 950 2204 1014 gnovisset,
2271 944 2387 999 suis
2442 945 2713 999 ministris
2767 960 2906 1014 quos
2965 944 3145 1000 alebat
3211 944 3480 1013 plurimos

1903 1039 2151 1098 annalis.
2190 1053 2287 1107 per
2324 1038 2569 1092 medium
2604 1038 2784 1092 lorum
2832 1040 2883 1091 in
2926 1041 3126 1107 regiam
3162 1038 3319 1101 abiit.
3364 1046 3478 1092 sta-

1906 1130 2114 1198 timque
2145 1130 2313 1185 mittit
2353 1132 2446 1200 qui
2480 1130 2885 1199 imperatricem
2928 1131 3209 1194 reducant,
3245 1140 3298 1184 et
3330 1129 3481 1185 sedi-

1906 1222 2062 1273 tiosts
2104 1221 2369 1289 quosdam
2429 1221 2678 1290 Opponit,
2715 1221 2807 1289 qui
2854 1235 2920 1274 ex
2953 1221 3170 1275 occulto
3217 1234 3312 1275 eos
3361 1221 3483 1275 telis

1905 1321 2181 1382 peterent,
2237 1322 2292 1366 rt
2329 1315 2517 1368 fundis
2567 1315 2928 1378 incesserent,
2984 1316 3129 1369 unde
3186 1327 3293 1368 nan
3347 1329 3481 1371 sane

1904 1405 2063 1474 pauci
2092 1409 2398 1475 perierunt,
2430 1408 2838 1474 imperatricem
2870 1421 3003 1460 vero
3029 1405 3140 1476 jam
3179 1409 3482 1470 reductam,

1904 1502 2071 1565 atque
2106 1496 2163 1550 in
2195 1512 2414 1551 summo
2467 1500 2684 1553 theatro
2722 1497 3050 1554 collocatam
3097 1497 3484 1553 tumultuanti~

1906 1586 2009 1642 bus
2036 1594 2414 1654 ostenderent,
2449 1602 2509 1643 ut
2538 1592 2650 1644 visa
2680 1591 2904 1645 domina
2929 1591 3087 1646 furor
3115 1608 3309 1647 eorum
3334 1607 3488 1646 com-

1903 1689 2251 1750 peseeretur.
2284 1683 2339 1735 ld
2377 1698 2510 1735 vero
2542 1685 2692 1737 velut
2723 1683 3065 1739 incentivum
3094 1684 3372 1753 quoddam
3399 1700 3488 1739 se-

1904 1773 2132 1828 ditionis
2179 1773 2302 1839 fuit,
2359 1786 2417 1830 et
2472 1775 2812 1831 iracundiam
2861 1777 3048 1846 populi
3100 1776 3482 1831 inﬂammavit.

199 1877 487 1946 ἀφιέντες,
507 1875 607 1941 καὶ
657 1874 845 1951 λίθους
882 1875 948 1928 ἐκ
982 1873 1306 1942 σφενδονῶν,
1348 1872 1408 1937 ἐξ
1451 1864 1527 1925 ὧν
1564 1872 1628 1925 οὐ
1668 1872 1794 1942 βρά-

1902 1868 2036 1923 Nam
2067 1881 2363 1938 eonsnecta
2388 1873 2622 1926 vestium
2650 1872 2953 1927 mutatione
2971 1913 2987 1937 ,
3040 1872 3245 1927 bellum
3272 1872 3485 1927 violen-

199 1962 799 2040 χιστοιηὰιῃρέθησαν.
859 1965 999 2035 Ἤδη
1059 1964 1114 2018 δὲ
1158 1963 1258 2033 τὴν
1314 1962 1563 2032 βασιλίδα
1595 1962 1804 2016 ἀνακο-

202 2064 503 2134 μισθεῖσαν
542 2060 844 2132 στήσαντες
882 2061 975 2114 ἐπί
1022 2056 1305 2130 μετεώρου
1337 2059 1394 2111 ἐν
1434 2056 1516 2128 τῷ
1562 2057 1799 2127 θεάτρῳ,

200 2158 320 2218 τοῖς
382 2153 773 2219 στασιάζουσιν
822 2151 1198 2213 ἐπεδείκνυον,
1251 2151 1337 2201 ἵνα
1400 2148 1566 2219 δῆθεν
1617 2148 1803 2213 αὐτοῖς

206 2248 574 2318 κατευνασθῇ
604 2245 633 2296 ό
677 2246 869 2315 θυμὸς.
919 2243 1324 2313 ἀνακληθείσης
1375 2243 1474 2312 τῆς
1535 2241 1803 2313 σφετέρας

200 2343 544 2405 δεσπότιδος.
588 2341 716 2404 Τοῖς
746 2340 804 2393 δὲ
841 2340 1004 2393 τοῦτο
1034 2338 1239 2408 μᾶλλον
1286 2337 1463 2407 ἀνῆψε
1484 2337 1576 2390 τὸν
1604 2335 1798 2406 θυμὸν,

202 2439 301 2489 καὶ
342 2436 618 2501 ἐξέκαυσε
658 2432 757 2504 τὴν
787 2433 982 2504 ὀργήν.
1032 2432 1120 2496 Ὠς
1153 2432 1263 2501 γὰρ
1310 2429 1802 2501 μετημφιεσμένην

202 2529 378 2599 αὐτὴν
414 2528 782 2599 ἐωρὰκεισαν,
812 2526 906 2577 ἐπὶ
956 2524 1118 2579 πλέον
1165 2524 1556 2594 ἀνερράγησαν
1599 2523 1679 2585 είς
1710 2521 1803 2575 τὸν

208 2621 494 2690 πόλεμον,
548 2620 645 2674 καὶ
688 2620 787 2689 τῆς
860 2618 1200 2688 κακοηθείας
1261 2618 1356 2670 τὸν
1428 2614 1802 2687 τυραννοῦντα

211 2717 572 2786 μισήσαντες,
615 2712 947 2782 ἀφίστανται
982 2712 1083 2782 μὲν
1141 2710 1240 2778 τῆς
1294 2708 1567 2779 βασιλίδος
1620 2708 1798 2777 Ζωῆς,

208 2809 344 2877 πρὸς
366 2807 425 2860 δὲ
442 2806 541 2877 τὴν
555 2805 839 2874 Θεοδώραν
857 2803 955 2874 τὴν
975 2802 1183 2873 ταύτης
1206 2800 1472 2869 σύγγονον
1500 2800 1801 2871 τρέπονται

205 2901 312 2972 ἢδη
337 2896 924 2970 προσχηματισθεϊσαν
949 2893 1211 2964 κάκείνην
1236 2892 1386 2962 παρὰ
1419 2891 1518 2960 τῆς
1542 2889 1799 2959 ἀδελφῆς,

212 2995 289 3058 ὡς
319 2994 351 3046 ό
388 2991 551 3059 λόγος
587 2991 802 3058 φθάσας
834 2988 1065 3054 ἐδίδαξε,
1105 2988 1198 3042 καί
1229 3005 1351 3041 τινα
1374 2987 1484 3041 τῶν
1527 2983 1801 3056 πατρῴων

208 3084 383 3153 αὐτῆς
455 3082 810 3152 θεραπόντων
874 3079 1295 3152 παραλαϐόντες
1322 3120 1339 3146 ,
1390 3078 1653 3148 ἀφίκοντο
1705 3079 1798 3131 ἐπ’

210 3174 410 3245 αὐτὴν,
444 3173 547 3227 καὶ
572 3172 779 3243 ταύτην
817 3172 916 3242 τῆς
949 3171 1236 3234 κατοικίας
1253 3170 1643 3239 ἐξαγαγόντες,
1700 3170 1797 3222 καὶ

207 3266 323 3324 οἷον
370 3268 504 3340 περὶ
574 3268 749 3338 αὐτὴν
810 3267 1265 3331 συνασπίσαντες,
1300 3267 1381 3329 είς
1425 3267 1487 3318 τὸ
1537 3266 1681 3337 μέγα
1705 3265 1796 3317 τέ-

206 3377 372 3429 μενος
392 3360 595 3427 ἄγουσι
624 3362 724 3429 τῆς
755 3358 850 3411 τοῦ
883 3357 1019 3412 Θεοῦ
1037 3358 1216 3426 Λόγου
1251 3358 1475 3429 Σοφίας,
1516 3358 1609 3412 καὶ
1642 3357 1796 3425 παρὰ

207 3451 435 3505 πάντων
471 3450 582 3503 τῶν
604 3467 663 3502 τε
700 3451 799 3516 τῆς
830 3449 1048 3520 βουλῆς,
1078 3450 1174 3502 καὶ
1210 3450 1320 3503 τῶν
1346 3451 1445 3505 τοῦ
1474 3451 1538 3523 δή
1551 3468 1652 3520 μου
1693 3448 1789 3500 καὶ

204 3542 393 3595 αὒτῶν
428 3542 540 3595 τῶν
600 3543 699 3611 τῆς
744 3543 1076 3611 Ἐκκλησίας
1138 3545 1171 3613 ή
1218 3544 1474 3616 Θεοδὼρα
1508 3547 1795 3614 Αὑγούστα

206 3636 422 3704 βασιλὶς
487 3635 844 3705 ἀνηγόρευτιλ
894 3636 1066 3689 Τοῦτο
1124 3636 1180 3689 δὲ
1236 3638 1418 3690 πᾶσαν
1473 3638 1669 3695 ἐλπίδα
1716 3642 1794 3712 τῷ

204 3728 432 3799 Μιχαὴλ
454 3728 554 3781 καὶ
584 3730 693 3789 τοῖς
730 3727 861 3798 περὶ
890 3727 1097 3782 ἐκεῖνον
1128 3726 1429 3792 ἀπέσϐεσε,
1466 3732 1559 3783 καὶ
1607 3731 1794 3795 δεδιὼς

204 3825 335 3893 περὶ
366 3824 434 3889 τῇ
468 3822 606 3889 ζωῇ,
647 3819 754 3873 τῶν
788 3819 1086 3891 βασιλείων
1146 3821 1495 3891 μεθίσταται,
1553 3825 1651 3879 καὶ
1703 3826 1794 3897 νηῒ

204 3917 317 3968 τῶν
352 3912 654 3983 βασιλικῶν
718 3910 1049 3983 ἐμϐεϐηκὼς
1099 3913 1265 3977 αὐτός
1296 3930 1356 3966 τε
1388 3916 1480 3967 καὶ
1507 3917 1536 3969 ὁ
1568 3918 1794 3972 νωϐελί.

206 4023 398 4076 σιμος,
435 4006 519 4067 είς
556 4002 656 4072 τὴν
694 4000 1048 4073 περιώνυμον
1108 4003 1353 4072 ἀπῆλθον
1401 4005 1496 4060 τοῦ
1535 4008 1791 4062 Στουδίου

208 4101 410 4172 μονὴν,
438 4098 509 4151 τὰ
546 4098 647 4167 μέν
671 4098 772 4166 τῆς
803 4096 1081 4167 βασιλείας
1112 4098 1472 4168 γνωρίσματα
1518 4100 1794 4170 ἀποθέμε-

208 4212 319 4259 νος,
361 4191 634 4264 μοναστοῦ
684 4192 731 4244 δ’
785 4192 938 4262 αὐτῷ
984 4191 1346 4264 περιθέμενος
1383 4193 1583 4263 ἄμφια.
1639 4194 1794 4249 Ἐπεὶ

205 4286 250 4340 δ’
291 4282 545 4354 ἐγνώσθη
581 4283 744 4337 τοῦτο
769 4282 1042 4352 τῷδήμῳ,
1072 4283 1173 4335 οὐκ
1202 4279 1349 4354 εἶχον
1377 4286 1528 4348 ὅπως
1584 4287 1650 4339 ὲκ
1693 4289 1792 4355 τῆς

138 4446 145 4454 .
205 4380 389 4450 χαρᾶς
418 4376 773 4445 κατάσχωσιν
809 4375 1061 4437 ἑαυτοὺς,
1101 4377 1200 4428 καὶ
1257 4377 1346 4428 ἐπ’
1378 4377 1587 4430 ἐκεῖνον
1641 4378 1796 4430 συνέ-

207 4471 356 4523 θεον.
409 4468 550 4538 Ἤδη
573 4467 632 4522 δὲ
665 4467 963 4537 κλινοὺσης
1013 4467 1251 4538 ἡμέρας,
1285 4468 1336 4520 οἱ
1371 4470 1503 4540 περὶ
1532 4472 1632 4540 τὴν
1652 4471 1789 4523 Θεο-

1907 1958 2017 2016 tius
2064 1962 2290 2024 exarsit.
2337 1978 2402 2017 ac
2448 1964 2747 2033 tyrannica:
2795 1963 3153 2036 malignitatis
3197 1965 3347 2026 odio.
3396 1982 3489 2021 re-

1904 2050 2033 2106 licta
2066 2052 2421 2124 imperatrice
2447 2054 2579 2119 Zoe,
2606 2054 2675 2109 ad
2707 2070 2954 2111 sororem
2988 2058 3109 2127 ejus
3133 2057 3480 2111 Theodoram

1904 2145 2156 2200 conversi
2190 2184 2207 2211 ,
2245 2162 2369 2216 qua:
2417 2157 2474 2202 et
2521 2147 2660 2216 ipsa,
2724 2158 2783 2201 ut
2815 2165 2981 2218 supra
3015 2151 3326 2219 expositum
3373 2164 3481 2216 est,

1902 2241 2116 2295 sororis
2143 2240 2302 2310 jussu
2344 2241 2591 2295 habitum
2627 2250 2885 2303 mutarat,
2931 2242 3071 2297 duce
3099 2244 3338 2313 quodam
3386 2259 3479 2313 ριν

1907 2338 2067 2387 terno
2108 2335 2228 2403 ejus
2265 2333 2495 2395 famulo.
2553 2334 2719 2388 veluti
2763 2336 2992 2390 militari
3034 2337 3197 2406 globo
3244 2337 3484 2392 circum-

1904 2418 2110 2484 datam,
2173 2435 2240 2474 cx
2296 2422 2509 2476 aedibus
2554 2423 2610 2476 in
2653 2424 2898 2493 Magnam
2959 2427 3250 2481 ecclesiam
3310 2427 3483 2483 divini

1906 2513 2070 2568 Verbi
2112 2513 2411 2584 Sapientiae
2448 2509 2828 2586 perduierunt
2867 2538 2882 2576 :
2929 2521 3022 2575 ubi
3062 2537 3091 2575 a
3123 2532 3238 2577 toto
3263 2536 3482 2589 senatu,

1905 2608 2109 2676 populo
2156 2617 2212 2662 et
2258 2608 2641 2665 sacerdotibus
2684 2611 2927 2683 Augusta
2952 2624 3009 2671 et
3044 2615 3356 2684 imperatrix
3392 2629 3479 2673 est

1903 2694 2266 2755 consalutata.
2309 2702 2384 2756 Ea
2421 2719 2512 2757 res
2545 2703 2796 2759 Michaeli
2838 2716 2893 2761 et
2929 2708 3049 2764 suis
3077 2723 3299 2763 omnem
3327 2726 3481 2781 spem

1901 2792 2127 2848 ademit.
2177 2794 2367 2864 Itaque
2412 2797 2540 2850 vitae
2591 2808 2867 2862 metuens,
2915 2800 3107 2855 relicta
3156 2803 3304 2875 regia
3352 2818 3477 2860 cum

1902 2884 2275 2951 nobilissimo,
2304 2886 2431 2940 navi
2461 2887 2812 2957 imperatoria
2841 2904 3160 2956 conscensa,
3187 2893 3240 2947 in
3259 2896 3480 2953 celebre

1902 2978 2081 3032 Studii
2132 2980 2553 3045 monasterium,
2603 2980 2834 3053 abjectis
2881 2981 3096 3053 imperii
3144 2987 3475 3059 insignibus,

1902 3068 2210 3137 habituque
2259 3071 2568 3125 monastico
2606 3080 2852 3141 sumpto,
2888 3060 3182 3133 concessit.
3224 3080 3346 3146 Quo
3375 3097 3475 3151 pe-

1903 3162 2067 3233 pulus
2099 3163 2345 3233 cognito,
2381 3163 2628 3218 laetitiam
2673 3166 3032 3225 dissimulare
3073 3173 3361 3241 nequiens.
3409 3175 3481 3233 ad

1900 3255 2050 3309 illum
2078 3256 2386 3311 concurrit.
2412 3258 2508 3313 Die
2538 3274 2671 3313 vero
2680 3259 2794 3331 jam
2821 3261 2886 3314 ad
2904 3272 3162 3316 occaSum
3191 3279 3479 3335 vergente,

1898 3348 2204 3407 Theodore
2247 3352 2485 3407 studiosi
2526 3352 2691 3407 veriti
2736 3369 2805 3409 ne
2836 3354 2943 3408 Zoe
2979 3356 3217 3425 ejectum
3253 3374 3479 3417 revoca-

1897 3453 2002 3507 ret,
2052 3457 2164 3512 quo
2204 3457 2452 3497 sororem
2497 3454 2807 3499 consortem
2849 3446 3062 3515 imperii
3109 3448 3313 3505 habere
3362 3466 3477 3510 non

1895 3542 2207 3606 cogeretur,
2242 3536 2493 3599 mittunt,
2549 3537 2644 3606 qui
2680 3537 2904 3607 utrique
2941 3541 3132 3596 oculos
3180 3544 3473 3603 ell‘odiant.

1892 3625 2029 3680 Cum
2062 3626 2230 3697 igitur
2256 3644 2324 3683 ex
2370 3628 2489 3698 ipso
2523 3629 2766 3685 sacrario
2796 3629 3106 3689 Studiensis
3146 3639 3470 3695 monasterii

1894 3721 2126 3775 extracti
2181 3721 2596 3785 abducerentur
2644 3744 2657 3778 :
2714 3726 3010 3783 multitudo
3048 3743 3170 3800 qua:
3201 3730 3298 3786 illo
3334 3749 3472 3789 con-

1892 3815 2126 3871 ﬂuxerat
2180 3815 2262 3870 eis
2311 3816 2580 3871 illudebat
2635 3823 2692 3873 et
2782 3818 3122 3887 insultabat,
3168 3825 3474 3884 cantilenas

1893 3899 2157 3981 quasdam
2178 3919 2435 3978 tanquam
2478 3909 2534 3963 in
2566 3911 2832 3980 tragtedia
2870 3912 3164 3982 oecinens,
3189 3913 3363 3972 donec
3388 3920 3479 3976 eis

1896 4006 1953 4060 in
1999 4005 2123 4060 loco
2155 4004 2250 4075 qui
2293 4004 2475 4074 Signia
2508 4004 2713 4060 dicitur
2747 4007 2894 4061 oculi
2926 4017 3057 4062 sunt
3085 4008 3296 4074 cﬂ‘ossi.
3324 4012 3471 4068 Con-

1893 4097 2137 4152 stantino
2162 4096 2530 4151 calamitatem
2553 4111 2674 4151 eam
2697 4096 2916 4153 fortiter
2939 4098 3171 4166 ferente,
3200 4101 3470 4160 Micliacle

1892 4206 2024 4245 vero
2054 4191 2218 4263 246
2238 4192 2539 4261 quiritante
2566 4205 2624 4248 et
2652 4193 3004 4250 lamentante.
3037 4195 3109 4249 Ea
3134 4212 3191 4251 re
3226 4210 3465 4266 peracta,

1894 4283 2131 4338 ministri
2181 4299 2356 4352 poenae
2405 4284 2473 4339 ad
2528 4285 2872 4342 Theodoram
2928 4287 3109 4342 adhuc
3152 4290 3208 4343 in
3263 4292 3470 4361 templo

1892 4386 2198 4432 versantem
2230 4376 2538 4431 redierunt.
2574 4377 2696 4431 Zotc
2727 4394 2855 4433 vero
2886 4378 2939 4433 in
2994 4380 3203 4449 regiam
3236 4394 3471 4438 reversa:

1892 4469 2118 4524 minime
2146 4468 2414 4538 placebat,
2462 4480 2522 4523 ut
2550 4479 2669 4524 erat
2712 4472 3186 4537 ambitiosissima,
3220 4489 3466 4530 Surorum

206 4563 388 4636 διῖιραν
452 4563 763 4627 δείσαντες,
829 4562 906 4632 μὴ
955 4564 984 4632 ἡ
1038 4562 1251 4632 βασιλὶς
1303 4562 1427 4632 Ζωὴ
1493 4558 1650 4628 αὖθις
1700 4566 1789 4617 τὸν

1901 4562 1951 4615 in
1980 4562 2270 4631 potestatis
2307 4563 2649 4617 consortium
2682 4563 2994 4620 admittere.
3014 4566 3217 4621 Verum
3245 4577 3470 4626 senatus

208 4658 593 4728 ἐκϐεϐληκότα
629 4655 1064 4725 ἀνακαλέσηται,
1104 4655 1191 4708 ἵνα
1225 4653 1299 4725 μὴ
1329 4654 1590 4725 ἠάδελφὴ
1652 4656 1791 4728 αὐτῇ

210 4750 630 4820 συγκοινωνήσῃ
688 4747 789 4817 τῆς
849 4746 1150 4817 βασιλείας,
1205 4747 1486 4801 στέλλουσι
1534 4748 1662 4823 τοὺς
1724 4749 1792 4802 τὰ

207 4846 433 4916 ὄμματα
495 4843 591 4895 καὶ
649 4843 855 4909 ἀμφοῖν
912 4839 1289 4911 ἐξορύξοντας.
1337 4842 1401 4895 Oi
1460 4841 1561 4910 μὲν
1593 4837 1687 4896 οὖν
1734 4841 1794 4907 ἐξ

208 4936 376 4989 αὑτοῦ
425 4933 526 4988 τοῦ
588 4933 989 5003 θυσιαστηρίου
1044 4933 1146 5001 τῆς
1179 4934 1273 4985 τοῦ
1327 4934 1582 4989 Στουδίου
1626 4935 1794 5004 μονῆς

209 5026 643 5090 ἐκσπασθέντες,
670 5025 968 5094 ἀπήγοντο.
1017 5024 1092 5076 Τὸ
1137 5024 1195 5076 δὲ
1224 5022 1428 5092 πλῆθος
1483 5026 1792 5097 συρρεῦσαν

210 5121 340 5188 περὶ
365 5120 593 5188 αὐτοὺς,
619 5117 905 5187 ἐνύϐριζόν
925 5128 985 5170 τε
1015 5117 1110 5170 καὶ
1144 5117 1514 5185 ἐπετώθαζον,
1538 5120 1628 5172 καὶ
1653 5121 1790 5191 μέλη

215 5212 576 5275 συντιθέντες,
603 5209 1025 5280 ἐπετραγῴδουν
1058 5211 1266 5274 αὐτοῖς.
1311 5211 1402 5274 Ὠς
1432 5211 1478 5264 δ’
1504 5207 1641 5284 ἦκον
1662 5215 1791 5281 περὶ

212 5307 271 5358 τὸ
300 5306 481 5374 rima
505 5305 692 5376 (τόπος
717 5305 764 5355 δ’
794 5303 914 5354 ἐστὶ
939 5302 1276 5372 κεκλημένος
1305 5305 1482 5369 τουτὶ)
1509 5305 1627 5355 ἐκεῖ
1662 5304 1790 5368 τοὺς

1897 4663 2191 4723 utramque
2222 4670 2516 4721 venerans,
2571 4655 2713 4711 hanc
2742 4666 2799 4709 ut
2831 4658 2940 4725 jam
2977 4659 3187 4727 pridem
3226 4660 3468 4729 impera-

1898 4747 2088 4801 tricem
2123 4761 2301 4807 sitam,
2343 4746 2490 4801 illam
2524 4756 2584 4800 ut
2623 4762 2817 4803 recens
2846 4749 3285 4821 dcsignatam,et
3310 4769 3471 4810 ever-

1895 4854 1969 4894 sas
2019 4838 2330 4908 tyrannidis
2364 4854 2584 4892 causam
2620 4879 2634 4902 ,
2682 4849 2813 4892 natu
2852 4841 3041 4910 majori
3086 4843 3379 4911 persuadet
3411 4854 3471 4900 ut

1896 4945 2140 4987 sororem
2186 4930 2449 4999 collegam
2499 4930 2773 4985 admittat.
2826 4931 3117 4987 Theodora
3172 4935 3339 5005 igitur
3382 4952 3471 4994 re-

1895 5024 2040 5094 giam
2094 5024 2337 5094 ingressa
2382 5023 2501 5093 pari
2541 5038 2664 5077 eum
2707 5023 2817 5077 Zoe
2859 5033 3129 5093 potestate
3177 5043 3272 5081 usa
3333 5039 3466 5085 est:

1896 5116 2083 5171 eaacati
2117 5125 2296 5170 autem
2339 5115 2544 5191 exsilio.
2560 5114 2777 5170 multati
2817 5126 2968 5180 sunt,
3004 5116 3239 5187 imperio
3274 5134 3467 5176 eorum

1896 5217 2135 5279 quatuor
2187 5206 2467 5261 mensibus
2516 5214 2571 5259 et
2617 5205 2865 5276 quinque
2890 5207 3086 5263 diebus
3145 5210 3467 5276 terminato,

1897 5300 2045 5370 quod
2073 5298 2279 5353 utinam
2307 5297 2472 5352 citius
2493 5298 2828 5353 amisissent.
2906 5333 2917 5344 -

216 5396 526 5469 ὀφθαλμοὺς
591 5394 932 5463 ἐξεκόπησαν
990 5393 1126 5465 (ει),
1162 5396 1190 5448 ὁ
1220 5396 1320 5465 μέν
1382 5396 1788 5459 Κωνσταντίνος
1826 5394 2087 5464 γενναίως
2155 5392 2335 5463 φέρων
2391 5390 2490 5462 τὴν
2555 5393 2864 5461 συμφορὰν,
2894 5394 2922 5447 ό
2978 5394 3036 5447 δέ
3088 5394 3308 5466 Μιχαὴλ
3343 5392 3465 5448 050-

1370 5513 1567 5575 Varias
1590 5513 1895 5576 lectiones
1940 5520 1999 5574 ct
2038 5518 2228 5572 noue.

283 5646 398 5717 (2|)
428 5640 1154 5717 {téyopo’t‘aAnonymus
1203 5638 1456 5692 Barensis
1483 5637 1539 5691 in
1576 5637 1784 5717 Chron.

219 5708 303 5772 an:
353 5708 530 5771 W52:
563 5709 786 5767 Michael
806 5712 938 5780 imp.
992 5708 1268 5778 defunctus
1311 5717 1391 5780 est
1418 5747 1433 5767 .
1483 5718 1529 5761 et
1557 5708 1785 5780 συννεφῆ

222 5786 447 5841 Michael
473 5783 655 5840 ϐῆσσαν
689 5797 847 5852 nepos
874 5777 1006 5851 ejus,
1043 5777 1131 5849 qui
1154 5781 1346 5852 direxit
1375 5779 1429 5831 in
1464 5780 1649 5852 Apulia
1671 5777 1786 5852 dia:

221 5859 376 5913 niuki.
403 5858 523 5911 Post
552 5847 795 5908 meracas
811 5847 1137 5905 ca’éuverunt
1159 5849 1310 5902 illum
1326 5850 1495 5921 ipsum
1515 5847 1792 5920 pmiiti‘qui

442 5950 718 6010 ΡΑτιιοι..
756 5945 874 6005 Gn.
928 5943 1242 6006 CXXXV.

1897 5631 2157 5688 exsiliavit
2179 5631 2295 5685 Zoi.
2322 5629 2390 5684 Et
2413 5633 2642 5686 surrexit
2667 5630 2947 5687 Constanti
2965 5631 3334 5691 Honomacho.
3354 5644 3466 5693 etc.

1962 5712 1975 5766 (
1985 5703 2073 5775 2?.)
2095 5700 2601 5775 Tor‘rgo'gpmtdpoi‘g
2616 5702 3318 5775 é£§xdrm0ar_.Ca_talogus
3330 5705 3467 5775 imp.

1895 5773 2107 5829 Codino
2139 5773 2495 5842 sultjnnctus:
2534 5773 2623 5824 Ἐν
2638 5773 2714 5840 τῷ
2732 5772 3025 5842 κιονίῳτοῦ
3058 5771 3334 5840 Σίγματος
3348 5771 3468 5828 irii-

1904 5844 2089 5915 φλώθη
2118 5844 2265 5912 παρὰ
2293 5841 2607 5911 Νικησόρόυ
2635 5841 2909 5911 Ἐπάρχνιυ
2938 5842 3034 5896 τοῦ
3065 5842 3389 5908 Καπανέως.

3109 5936 3147 5992 7
