3958 6242
376 218 487 284 215

1649 221 1972 283 JOANNIS
2007 218 2332 282 ZONAﬂl-E

3535 214 3647 282 216

367 345 506 388 vero
539 342 664 384 cum
699 327 890 400 paucis
917 328 1188 388 militibus
1221 330 1546 403 urbanaque
1579 331 1952 397 multitudine,
1986 387 1987 392 η

2091 335 2157 386 Lai.
2185 334 2234 385 οί
2255 334 2356 402 τῆς
2385 331 2592 397 πόλεως
2615 333 2686 388 δι’
2709 333 2881 405 ὀργῆς
2913 333 3196 389 ἐποιοῦντο
3223 333 3316 387 τὸν
3358 332 3632 403 αὐτοκρὰ-

366 431 426 479 et
479 421 606 479 aliis
656 421 988 491 quibusdam
1041 421 1180 478 viris
1228 434 1453 479 senatus
1510 423 1798 486 ministris,
1861 423 1953 492 qui

371 528 568 570 omnes
595 513 688 568 vix
718 513 1090 570 millenarium
1123 531 1416 570 numerum
1453 515 1771 585 explebant,
1803 531 1860 568 se
1887 513 1956 568 ad

371 605 750 662 defensionem
769 617 920 676 parat
953 623 969 661 :
993 621 1134 677 quos
1157 621 1284 660 cum
1313 621 1412 676 pro
1439 604 1714 660 moenibus
1742 601 1961 676 tyranni

371 695 641 750 militibus
673 697 1042 766 opposuisset,
1077 696 1305 766 putabat
1349 713 1409 752 se
1447 707 1717 752 terrorem
1765 695 1962 750 adver-

373 787 538 844 uariis
569 790 920 842 ineussnrum
967 797 1172 858 :atque
1220 789 1336 858 ipse
1368 789 1421 842 in
1455 789 1692 858 quodam
1725 789 1964 858 impera-

373 878 521 936 torio
568 881 814 936 conclavi
871 881 1214 950 prominente
1258 890 1384 935 ante
1425 890 1656 946 caetera,
1707 894 1808 948 pro
1851 892 1968 932 ma-

371 972 572 1045 jestate
618 973 892 1036 consedit,
929 981 988 1026 ut
1028 972 1216 1026 hostes
1258 979 1316 1026 et
1348 971 1586 1034 videret,
1629 979 1686 1024 et
1722 969 1964 1024 vicissim

377 1065 448 1123 ab
479 1067 546 1122 iis
570 1067 870 1121 videretur.
894 1065 1218 1120 Macedones
1243 1081 1375 1120 vero
1393 1063 1717 1120 scurrilitati
1739 1063 1966 1127 assueti,

377 1171 736 1230 conspectum
757 1161 1144 1232 imperatorem
1194 1161 1389 1231 partim
1417 1161 1594 1231 palam
1617 1158 1972 1214 contumeliis

379 1253 632 1310 insectati
685 1261 813 1306 sunt
866 1253 1064 1322 partim
1113 1253 1346 1308 coetibus
1403 1253 1678 1308 institutis
1729 1251 1970 1307 comicas

381 1345 648 1416 quasdam
701 1346 1005 1400 cantilenas
1074 1360 1141 1398 ex
1207 1354 1456 1415 tempore
1515 1344 1862 1410 cecinerunt,
1919 1354 1974 1398 et

381 1438 674 1500 Saltarunt,
725 1437 960 1506 pedibus
1004 1448 1206 1491 terram
1260 1437 1566 1508 pulsantes,
1616 1436 1976 1505 immissaque

381 1527 610 1585 cohorte
660 1529 714 1582 in
762 1543 858 1582 eos
905 1527 999 1599 qui
1027 1529 1418 1596 extra.'rntenia
1460 1528 1665 1600 objecti
1724 1527 1974 1594 fuerunt,

383 1619 638 1678 homines
683 1621 878 1688 partim
920 1620 988 1674 ad
1026 1629 1233 1690 portas,
1275 1620 1479 1690 partim
1519 1621 1584 1676 ad
1618 1619 1793 1674 fossas
1822 1624 1974 1672 eoin.

382 1714 514 1784 pnle
551 1723 670 1776 unt,
722 1713 778 1768 in
816 1729 955 1784 quas
997 1714 1320 1784 pravcipitati
1367 1713 1672 1783 perierunt,
1718 1721 1977 1783 tantaque

383 1807 619 1863 formido
674 1807 898 1862 incessit
929 1806 1188 1862 omnibus
1219 1815 1278 1862 ut
1302 1807 1339 1860 ii
1371 1807 1539 1861 etiam
1569 1805 1666 1876 qui
1698 1805 1752 1860 in
1783 1804 1983 1860 moeni-

381 1899 488 1955 bus
517 1901 753 1965 stabant,
777 1900 1100 1955 desilientes
1116 1899 1390 1970 fugerent,
1418 1909 1475 1954 et
1501 1899 1594 1970 qui
1621 1899 1804 1954 aditus
1829 1897 1982 1953 urbis

381 1992 794 2054 custodiebant,
826 2007 894 2046 ne
941 1993 1114 2063 portis
1145 1992 1369 2062 quidem
1393 1991 1604 2046 elautis
1623 2006 1682 2046 se
1709 1990 1984 2045 subduce-

382 2095 529 2140 rent.
562 2064 730 2151 Quod
749 2084 794 2138 si
837 2085 1040 2139 bellant
1090 2084 1227 2139 illud
1271 2083 1454 2138 virum
1486 2082 1646 2155 253
1679 2083 1982 2146 habuisset,

385 2175 478 2246 qui
507 2175 590 2228 uti
619 2175 847 2229 victoria
885 2174 1078 2230 scisset
1107 2213 1122 2238 ,
1180 2174 1318 2228 nihil
1362 2174 1686 2230 Tornicium
1718 2176 1786 2229 ab
1831 2174 1984 2229 urbis

386 2265 640 2336 ingressu
695 2267 778 2321 vel
805 2266 1160 2321 exsecutione
1190 2277 1422 2321 conatus
1471 2267 1554 2320 Sui
1582 2267 1982 2336 prohibuisset.

387 2355 495 2412 Sed
531 2373 654 2412 eam
684 2356 1058 2422 occasionem,
1093 2374 1220 2412 cum
1269 2359 1380 2413 Deo
1415 2359 1578 2412 aliter
1610 2359 1786 2413 visum
1817 2369 1985 2422 esset,

389 2463 655 2522 tyrannus
727 2451 932 2507 amisit.
979 2450 1284 2522 imperator
1327 2460 1508 2506 tamen
1566 2452 1811 2522 periculo
1858 2469 1985 2517 pro-

389 2543 572 2598 ximus
613 2543 716 2598 fuit
749 2559 762 2594 :
799 2559 926 2598 nam
971 2544 1192 2614 quidam
1217 2587 1232 2608 ,
1269 2545 1468 2599 emissa
1498 2555 1688 2599 contra
1720 2545 1872 2596 illum
1901 2561 1988 2598 sa-

391 2635 551 2703 gitta,
579 2635 758 2704 ipsum
794 2637 1016 2705 quidem
1043 2653 1150 2690 non
1185 2637 1438 2707 perculit.
1466 2637 1562 2691 sed
1583 2637 1986 2691 adolescentem

389 2730 636 2786 cubiculi
671 2731 1013 2798 ministrum,
1047 2747 1110 2786 ac
1141 2749 1210 2786 ne
1261 2747 1389 2787 eum
1431 2732 1655 2802 quidem
1708 2733 2006 2802 lethaliter.

393 2822 723 2877 vulneravit.
746 2822 950 2876 Tamen
994 2824 1258 2880 sateliites
1286 2825 1485 2884 territi.
1518 2825 1702 2880 statim
1737 2839 1984 2890 recesse-

396 2923 546 2980 runt,
587 2923 646 2970 et
695 2915 812 2984 ipse
865 2915 1169 2985 imperator
1213 2931 1341 2971 cum
1381 2917 1513 2972 sella
1547 2917 1654 2970 alio
1693 2918 1990 2972 translatus

394 3015 500 3062 ist.
518 3007 799 3072 Ternicio,
821 3016 970 3062 tanta
992 3007 1254 3062 fel-citate
1281 3008 1550 3078 neglect),
1575 3023 1662 3061 res
1685 3009 1740 3062 in
1767 3019 1988 3062 contra-

399 3099 540 3154 rium
595 3102 783 3154 vertit.
825 3101 961 3154 Nam
1015 3099 1152 3154 urbe
1203 3099 1388 3154 denuo
1440 3099 1707 3154 custodiis
1757 3100 1990 3162 munita,

384 3184 669 3262 tyrannus
714 3207 874 3246 mane
917 3207 1112 3246 rursus
1147 3193 1354 3262 impetu
1389 3192 1443 3246 in
1476 3191 1677 3246 muenia
1709 3193 1874 3254 facto,
1910 3207 1997 3246 re-

397 3283 588 3355 pulsus
619 3291 724 3348 est,
757 3298 861 3338 nec
893 3283 1126 3336 multum
1181 3282 1379 3348 abfuit,
1431 3283 1562 3352 quin
1612 3282 1728 3353 ipse
1763 3283 1992 3352 periret.

397 3373 533 3432 Nam
554 3391 678 3430 cum
703 3391 770 3430 ex
794 3375 1048 3430 machina
1070 3391 1200 3430 saxa
1227 3377 1416 3431 talenti
1450 3376 1694 3445 pondere
1723 3375 1777 3430 in
1805 3376 1949 3431 host:
1969 3393 1995 3430 s

399 3480 823 3533 excuterentur,
855 3485 1024 3524 unum
1064 3470 1117 3524 in
1163 3470 1344 3540 ipsum
1375 3470 1673 3528 directum,
1713 3468 1998 3523 aberravit

401 3559 538 3615 illud
567 3561 812 3632 quidem,
855 3562 948 3616 sed
981 3572 1037 3616 et
1064 3561 1170 3630 ipsi
1213 3571 1270 3616 et
1306 3561 1636 3616 satellLtibns
1668 3563 1788 3632 ejus
1823 3572 2000 3615 terro-

406 3667 525 3706 rem
565 3652 816 3716 incussit,
860 3663 920 3707 ut
944 3653 1212 3722 dissipata
1256 3655 1393 3714 acie.
1445 3655 1499 3708 in
1537 3664 1720 3708 castra
1752 3653 1992 3719 reversi,

405 3743 475 3801 ab
501 3743 913 3814 oppugnatione
951 3743 1304 3798 desisterent.
1339 3745 1543 3799 Paucis
1585 3745 1755 3813 igitur
1788 3744 1993 3798 diebus

414 3835 495 3890 ibi
553 3849 950 3902 commoratus,
985 3851 1112 3890 cum
1143 3853 1174 3892 e
1207 3837 1325 3891 suis
1353 3837 1495 3891 alios
1509 3837 1576 3890 ad
1607 3839 1997 3906 imperatorem

407 3930 668 3993 deﬁcere,
707 3929 845 3984 alios
875 3928 1114 3999 dispergi
1146 3937 1204 3983 et
1231 3927 1490 3999 aufugere
1519 3931 1768 3985 videret:
1807 3930 2002 3986 relicta

411 4019 566 4075 urbis
591 4020 906 4086 obsidione,
933 4021 1154 4077 rastella
1194 4020 1446 4078 Thraciae
1471 4037 1529 4077 se
1557 4021 1716 4078 facile
1759 4038 2000 4092 occupa-

411 4121 597 4182 turum
639 4122 812 4176 ratus,
843 4113 912 4167 ab
946 4111 1062 4166 illis
1090 4127 1314 4182 quoque
1351 4116 1608 4184 repulsus
1647 4126 1751 4170 est.
1789 4115 2000 4170 Interea

411 4205 582 4274 copiae
603 4203 908 4260 Orientales
939 4214 1214 4259 revocata:
1242 4205 1464 4265 adsunt.
1496 4217 1552 4261 et
1579 4215 1773 4260 contra
1812 4215 2004 4276 tyran-

411 4309 544 4354 Dum
564 4295 1007 4362 mittuntunQuo
1023 4293 1346 4350 defectionis
1362 4296 1494 4352 socii
1507 4295 1744 4369 cognito,
1765 4297 1870 4352 sibi
1894 4311 2004 4351 me-

2061 444 2221 498 τορα,
2254 427 2329 490 ὡς
2359 427 2420 498 δή
2456 445 2508 480 τι
2547 427 2624 499 μὴ
2655 429 2796 482 κατὰ
2825 428 3054 498 γνώμην
3088 428 3272 490 αὐτοῖς
3319 428 3633 497 προσφερό-

2067 538 2248 592 μενον.
2319 521 2614 584 Τοιαύταις
2667 516 2762 575 οὖν
2821 520 3194 592 αἰωρούμενος
3268 523 3392 582 ταῖς
3438 519 3648 581 ἐλπίσι,

2067 611 2562 684 στρατοπεδεύεται
2591 612 2728 692 .πρδ
2795 613 2896 683 τῆς
2967 613 3202 678 πόλεως,
3265 613 3655 682 πολιορκήσων

2066 703 2259 774 αὐτὴν,
2291 705 2340 757 εί
2372 703 2447 774 μὴ
2482 704 2692 774 δέχοιτο
2716 704 2878 758 αὐτὸν
2914 705 3264 776 ἐτοιμότατα.
3295 702 3510 757 ’Έωθεν
3552 699 3656 756 οὖν

2068 797 2554 868 παραταξάμενος,
2587 799 2683 850 καὶ
2720 797 2894 868 ἀγχοῦ
2942 797 3038 850 τοῦ
3076 795 3372 868 περιϐόλου
3413 795 3512 864 τῆς
3548 795 3655 846 πό-

2067 890 2204 953 λεως
2239 890 2480 958 γεγονὼς
2518 891 2646 958 περὶ
2705 889 2804 952 τὰς
2855 888 3188 960 Βλαχέρνας,
3223 887 3434 952 ἀνοῖξαι
3471 887 3520 939 οἱ
3550 886 3659 948 τὰς

2071 981 2246 1046 πύλας
2276 981 2430 1053 ἠξίου
2449 981 2576 1044 τοὺς
2607 981 2778 1046 ἔνδον,
2803 981 3128 1051 ὑποσχέσεσι
3151 977 3371 1042 τούτους
3398 977 3532 1049 πρὶς
3553 976 3662 1046 τὴν

2072 1077 2270 1146 πρᾶξιν
2327 1073 2769 1146 παραθαρρύνων
2831 1073 3132 1146 λαμπραῖς.
3193 1071 3317 1125 Τῶν
3390 1070 3449 1124 δὲ
3528 1067 3660 1140 μηδ’

2075 1167 2564 1237 ἐπιστρεφομένων
2604 1166 2796 1232 αὐτοῦ,
2829 1165 2965 1219 ἀλλὰ
2997 1165 3091 1218 καὶ
3124 1163 3524 1235 χλευαζόντων,
3557 1161 3662 1214 καὶ

2076 1263 2214 1332 πρδς
2243 1263 2456 1314 ἐκεῖνον
2507 1261 3011 1325 ἀποσκωπτόντων,
3045 1259 3326 1329 ἐπεχείρει
3374 1259 3440 1327 τῇ
3469 1271 3663 1327 προσ-

2077 1354 2234 1425 ϐολῇ.
2281 1355 2808 1422 Ἀντιπαρετάττετο
2838 1352 2895 1405 δὲ
2917 1352 3012 1405 καὶ
3040 1354 3066 1404 ὁ
3088 1349 3364 1420 βασιλεὺς,
3390 1344 3668 1418 στρατιώ-

2075 1465 2200 1511 ταις
2253 1448 2456 1514 ὀλίγοις
2503 1448 2596 1500 καὶ
2617 1445 2760 1516 ὄχλῳ
2817 1443 3096 1516 δημοτικῷ
3143 1443 3237 1498 καί
3287 1460 3428 1496 τισιν
3474 1439 3666 1498 ἄλλοις

2079 1541 2338 1611 ἀνδράσιν
2378 1537 2534 1592 ἐνίων
2567 1537 2676 1591 τῶν
2709 1540 2808 1608 τῆς
2839 1535 3136 1607 γερουσίας
3177 1536 3506 1606 θεράπουσι,
3549 1534 3664 1587 τῶν

2083 1635 2302 1686 πάντων
2358 1630 2469 1682 οὐδ’
2512 1631 2590 1692 είς
2638 1627 2846 1698 ἀκριϐῆ
2909 1625 3434 1696 συναριθμουμένων
3486 1625 3664 1696 χιλιοο

2086 1723 2238 1776 στύν·
2277 1721 2372 1774 καὶ
2403 1720 2629 1781 τούτους
2666 1719 2774 1788 προ
2830 1715 2924 1770 τοῦ
2961 1716 3252 1787 περιϐόλου
3313 1717 3518 1786 στήσας
3562 1717 3668 1786 τῆς

2085 1817 2293 1878 πόλεως
2321 1812 2736 1882 ἀντιμετὼπους
2780 1813 2888 1873 τοῖς
2927 1809 3022 1862 τοῦ
3056 1809 3350 1880 τυράννου,
3393 1807 3532 1878 ᾤετο
3567 1825 3671 1860 κα-

2084 1909 2381 1978 ταπλήξειν
2425 1907 2608 1968 αὐτοῖς
2648 1905 2738 1957 τὸν
2801 1903 3118 1958 ἀντίπαλον.
3177 1903 3286 1956 Καὶ
3333 1901 3498 1964 αὐτὸς
3528 1899 3589 1953 δέ
3635 1900 3671 1953 ὁ

2087 1999 2444 2069 αὖτοκρίτωρ
2481 1999 2538 2049 ἔν
2580 2013 2689 2046 τινι
2735 1995 2842 2046 τῶν
2873 1992 3172 2064 βασιλικῶν
3213 1990 3480 2060 θαλάμων
3530 2006 3671 2059 προσ

2087 2091 2410 2162 ϐεϐλημένῳ
2444 2090 2550 2142 τῶν
2577 2089 2754 2144 ἄλλων
2809 2088 2906 2141 καὶ
2943 2088 3040 2140 ἐπὶ
3073 2087 3136 2142 τὸ
3167 2087 3270 2157 πρὸ
3297 2085 3396 2156 τῆς
3455 2086 3674 2148 πόλεως·

2086 2187 2453 2255 ὲστραμμένῳ
2499 2181 2684 2236 πεδίον
2725 2181 2970 2249 καθῆστο
3013 2179 3340 2250 βασιλικῶς,
3394 2177 3464 2232 ἶν’
3513 2177 3667 2248 ὁρῴη

2086 2281 2211 2342 τοὺς
2248 2279 2526 2337 ἐναντίους
2587 2275 2682 2328 καὶ
2703 2275 2882 2344 ὁρῷτο
2914 2275 3122 2338 αὐτοῖς.
3173 2274 3237 2326 Ol
3269 2273 3324 2326 δέ
3353 2271 3674 2333 Μακεδόνες

2090 2369 2432 2444 βωμολοχίας
2471 2367 2625 2430 ὄντες
2655 2367 2866 2428 ἐθάδες.
2923 2366 3125 2429 ἰδόντες
3165 2365 3256 2419 τὸν
3308 2364 3561 2435 βασιλέα,
3612 2363 3670 2417 οἱ

2091 2465 2190 2535 μὲν
2220 2465 2481 2530 ἄντικρυς
2512 2459 2795 2529 ἐξύὸριζον
2829 2461 2908 2521 είς
2937 2459 3124 2522 αὑτὸν,
3154 2461 3201 2510 οἱ
3227 2459 3304 2518 δὲ,
3335 2459 3426 2512 καὶ
3462 2457 3665 2528 χοροὺς

2091 2555 2446 2614 συνιστῶντες
2481 2554 2614 2623 μέλη
2668 2553 2726 2604 τέ
2775 2569 2895 2603 τινα
2945 2551 3324 2621 σχεδιάζοντες
3370 2549 3674 2622 κωμῳδίας

2088 2647 2386 2720 ὠρχοῦντο,
2427 2645 2524 2699 καὶ
2547 2640 2672 2720 ᾖδον
2702 2643 2898 2699 ταῦτα.
2921 2645 3034 2706 τοῖς
3064 2643 3226 2698 ποσὶν
3251 2642 3679 2712 ἐπικρατοῦντες

2088 2742 2186 2814 τὴν
2211 2740 2336 2810 γῆν.
2370 2736 2503 2793 Εἶτα
2525 2741 2634 2800 τοῖς
2664 2736 2770 2800 ἔξω
2793 2735 2888 2788 τοῦ
2932 2736 3145 2806 τείχους
3193 2735 3678 2804 προϐεβλημένοις

2092 2834 2393 2906 βασιλικοῖς
2429 2831 2622 2902 μοίρας
2661 2828 2807 2890 τινὸς
2837 2827 3178 2895 ἐπελθούσης
3241 2825 3348 2880 τῶν
3386 2827 3680 2890 ἐναντίων,

2091 2930 2143 2982 οἱ
2177 2929 2273 2998 μὲν
2301 2930 2391 2980 ἐπὶ
2421 2927 2518 2986 τὰς
2547 2923 2722 2984 πύλας
2756 2921 3048 2991 ὥρμησαν,
3078 2919 3190 2972 οἱδ⁹
3219 2919 3312 2971 ἐπὶ
3343 2916 3441 2988 τὴν
3462 2917 3681 2986 τάφρον

2017 3026 2060 3083 C
2096 3020 2388 3071 ἐνέπιπτον
2438 3015 2534 3067 καὶ
2573 3011 2915 3075 ἀπώλλυντο,
2983 3008 3240 3062 τοσοῦτον
3292 3007 3340 3060 δ’
3399 3007 3579 3061 ἆπασι
3616 3007 3681 3058 τὸ

2093 3113 2212 3175 δέος
2239 3109 2479 3178 ἐγένετο,
2515 3107 2656 3159 ὥστε
2706 3103 2831 3166 τούς
2864 3121 2922 3156 τε
2953 3105 3065 3164 τοῖς
3087 3099 3329 3170 τείχεσιν
3358 3099 3682 3168 ἐφεστῶτας

2095 3204 2324 3265 ἑαυτοὺς
2353 3204 2417 3254 ἐκ
2455 3199 2648 3252 τούτου
2676 3195 3119 3254 καταϐάλλοντας
3145 3193 3392 3261 φεύγειν,
3427 3191 3526 3245 καὶ
3549 3190 3682 3252 τοὺς

2094 3293 2196 3354 τὰς
2255 3292 2498 3352 εἰσόδους
2561 3285 2940 3358 φρουροῦντας
3001 3286 3100 3354 τῆς
3152 3283 3357 3346 πόλεως
3413 3283 3683 3353 ipp-065w;

2095 3385 2294 3438 αὐτίκα
2324 3381 2596 3450 γενέσθαι.
2649 3379 2786 3451 μηδὲ
2841 3379 2941 3440 τὰς
2971 3377 3146 3439 πύλας
3197 3373 3682 3441 ἐπιζυγὼσαντας.

2099 3479 2160 3532 Ei
2209 3477 2344 3546 γοῦν
2403 3470 2548 3544 εἶχεν
2601 3475 2629 3526 ό
2658 3472 2780 3524 τότε
2819 3471 3062 3538 πόλεμος
3115 3469 3208 3522 τὸν
3255 3468 3437 3522 εἰδότα
3495 3468 3680 3536 νικᾷν,

2097 3564 2253 3618 οὐδὲν
2288 3560 2351 3632 ἦν
2383 3562 2441 3613 τὸ
2471 3559 2682 3612 κωλύον
2714 3559 2880 3620 εὐθὺς
2912 3559 3004 3610 τὸν
3037 3557 3330 3626 Τορνίκιον
3391 3555 3544 3618 ἐντὸς
3587 3573 3686 3623 γε-

2099 3655 2288 3710 νέσθαι
2315 3655 2409 3707 τοῦ
2443 3653 2659 3718 ἄστεος,
2688 3651 2781 3705 καὶ
2831 3649 2984 3710 τέλος
3014 3648 3288 3701 ἐπιθεῖναι
3320 3648 3398 3716 τῷ
3421 3649 3687 3717 ἐγχειρήκ

2103 3765 2258 3818 post.
2301 3746 2465 3801 Ἀλλὰ
2495 3743 2656 3797 τοῦτο
2691 3743 2811 3812 μὲν,
2852 3741 2974 3795 ἐπεὶ
2999 3739 3074 3811 μὴ
3100 3743 3164 3812 τῇ
3189 3737 3400 3793 ἄνωθεν
3427 3739 3690 3792 ἐδέδοκτο

2101 3839 2392 3908 διοικήσει,
2450 3837 2546 3888 τδν
2594 3832 2966 3904 τυραννοῦντα
2997 3831 3274 3900 διέφυγεν.
3312 3830 3372 3882 '0
3395 3830 3455 3883 δέ
3487 3846 3552 3897 γε
3581 3829 3685 3900 βα-

2103 3932 2286 3993 σιλεὺς
2316 3927 2514 3998 μικροῦ
2552 3929 2618 3981 ἂν
2646 3925 3012 3980 ἐκινδύνευσε·
3046 3923 3155 3977 τῶν
3179 3923 3286 3993 γάρ
3314 3940 3395 3985 τις
3414 3921 3690 3974 ἐναντίων

2103 4024 2242 4076 τόνδ’
2299 4019 2701 4086 ἐπιτοξάζεται,
2753 4021 2850 4072 καὶ⁵
2886 4017 3041 4088 βέλος
3093 4015 3301 4085 ἀφίησι·
3327 4016 3450 4067 κατ’
3485 4012 3682 4069 αὐτοῦ·

2104 4115 2164 4168 τὸ
2193 4115 2264 4178 δ’,
2308 4112 2652 4180 ἀτευκτῆσαν
2685 4108 2782 4165 τοῦ
2815 4108 3101 4180 βασιλέως,
3161 4105 3345 4178 βάλλει
3394 4107 3686 4176 μειράκιόν

2105 4227 2156 4262 τι
2203 4210 2312 4260 τῶν
2349 4199 2910 4274 θαλαμηπολούντων.
2961 4199 3103 4254 Ἀλλ’
3123 4200 3231 4253 οὐδ’
3259 4199 3455 4268 ἐκείνῳ
3489 4199 3686 4267 καιρία

2107 4303 2331 4370 γέγονεν
2355 4301 2388 4368 ὴ
2423 4302 2486 4350 ἐκ
2534 4295 2629 4348 τοῦ
2659 4295 2848 4366 βέλους
2879 4293 3088 4362 πληγή.
3133 4292 3198 4344 Oi
3225 4291 3282 4344 δέ
3317 4307 3381 4359 γε
3435 4291 3567 4360 περὶ
3594 4291 3689 4342 τὸν

415 4395 654 4451 tuentes,
689 4402 813 4442 cum
845 4386 1200 4442 Orientalium
1231 4405 1452 4459 quoque
1481 4389 1592 4444 dux
1622 4401 1800 4446 castra
1829 4405 1987 4460 prope

2108 4391 2678 4466 βασιλέῃδείσαντες,
2753 4387 2954 4440 αὐτίκα
3007 4385 3370 4456 μετέστησαν,
3427 4385 3690 4446 κάκεῖνος

414 4480 539 4535 illos
570 4481 864 4550 pesuisset,
895 4490 952 4535 et
984 4479 1121 4536 alios
1150 4482 1462 4554 colloquiis,
1495 4483 1633 4537 alios
1663 4482 1862 4538 litteris
1893 4481 1998 4535 iu:-

417 4572 668 4638 puli:-set,
725 4581 785 4624 nt
833 4570 899 4625 ad
947 4571 1336 4642 imperatorem
1388 4575 1829 4644 transfugerent,
1889 4572 2004 4628 fere

415 4669 608 4711 omnes
658 4657 876 4715 deserto
924 4671 1154 4733 tyranno
1204 4681 1328 4718 cum
1375 4663 1748 4732 imperatoriis
1781 4678 1838 4718 se
1869 4679 2006 4716 con-

411 4751 749 4818 iunxerunt:
795 4753 990 4823 neque'
1015 4755 1050 4810 ii
1095 4757 1330 4828 gregarii
1365 4763 1584 4809 tantum
1627 4755 1852 4817 milites,
1910 4755 2004 4808 εει]

417 4844 582 4896 etiam
633 4845 736 4898 viri
785 4845 1046 4913 illustres,
1099 4849 1270 4903 duces
1315 4857 1374 4902 et
1425 4845 1798 4916 magistratus.
1853 4845 2006 4900 Unus

417 4935 684 4991 duntaxat
747 4955 815 4994 ex
864 4940 1262 5012 insignioribus
1319 4940 1574 4993 Botatzes
1635 4937 1780 5004 apud
1849 4937 2003 4988 illum

419 5027 639 5082 mansit.
691 5029 985 5085 Tornicius
1031 5032 1200 5102 igitur
1253 5031 1556 5084 destitutus
1603 5029 1672 5081 ab
1723 5029 2004 5092 oninibns,

418 5119 568 5176 nulla
592 5136 687 5190 spe
713 5124 979 5178 evadendi
1007 5125 1216 5186 relicta,
1251 5141 1375 5177 eum
1407 5123 1628 5176 Batatze
1655 5123 1707 5174 in
1743 5123 2005 5190 templum

419 5213 696 5284 quoddam
729 5214 996 5286 confugit.
1020 5216 1174 5271 Unde
1218 5216 1272 5268 in
1307 5213 1666 5283 compedibus
1703 5213 1769 5267 ad
1818 5213 2007 5266 Mono-

418 5307 677 5361 machum
709 5307 960 5376 perducti
995 5317 1158 5377 atque
1187 5307 1402 5362 effossis
1431 5305 1604 5360 oculis
1637 5307 1820 5360 caecati
1854 5315 2005 5370 sunt,

419 5398 696 5455 seditione
725 5399 946 5471 penitus
976 5414 1315 5469 compressa.

2106 4486 2266 4548 αὐτὸς
2303 4456 2498 4540 ἄλλοσέ
2525 4497 2602 4550 πη
2649 4480 2747 4532 σὺν
2804 4477 2882 4549 τῷ
2922 4478 3084 4548 θώκῳ
3127 4479 3452 4548 μετήνεκτο.
3491 4477 3592 4528 Ὃν
3641 4473 3690 4527 δ’

2105 4576 2321 4649 εἴρηται
2345 4574 2543 4643 τρόπον
2569 4570 2660 4624 τδν
2687 4569 2974 4640 Τορνίκιον
3004 4566 3273 4636 διαφυγὸν
3296 4565 3354 4619 τὸ
3373 4563 3575 4634 εύτύχη
3587 4580 3686 4634 μα,

2106 4669 2184 4731 είς
2210 4665 2522 4719 τούναντίον
2559 4662 2710 4732 αύτῷ
2746 4661 2812 4712 τὰ
2853 4661 3157 4730 πράγματα
3181 4655 3566 4726 περιέτρεψεν.
3609 4653 3687 4708 Ἦ

2109 4776 2166 4811 τε
2210 4759 2318 4826 γὰρ
2369 4756 2521 4814 πόλις
2575 4751 2730 4815 αὖθις
2770 4752 2876 4804 ὑπὸ
2908 4749 3152 4820 φρουρὰν
3208 4745 3476 4815 ἐγεγόνει,
3508 4746 3610 4798 καὶ
3660 4745 3690 4796 ὀ

2106 4849 2370 4916 τύραννος
2401 4847 2566 4898 πάλιν
2610 4845 2778 4897 ἕωθεν
2811 4839 3139 4914 προσϐαλὼν
3169 4842 3263 4892 καὶ
3285 4837 3690 4908 ἀποκρουσθεὶς

2112 4943 2260 5007 παρὰ
2298 4938 2472 5007 βραχὺ
2506 4937 2599 4988 καὶ
2637 4933 2886 4988 ἀπώλετο
2918 4931 3004 4986 ἄν.
3047 4931 3226 4984 Λίθων
3257 4929 3366 4998 γὰρ
3399 4930 3462 4979 ἐκ
3503 4943 3690 4998 μηχα-

2109 5029 2206 5096 νῑ-,ς
2225 5027 2584 5080 ταλαντιαίων
2608 5027 2896 5094 σφενδονου
2906 5025 3084 5094 μένων
3109 5020 3250 5073 κατά
3268 5021 3378 5072 τῶν
3403 5021 3688 5084 ἐναντίων,

2111 5117 2192 5184 εἷς
2226 5121 2320 5173 ἐπὶ
2345 5120 2436 5171 τὸν
2471 5119 2738 5189 τύραννον
2769 5119 2900 5178 ἵετο,
2936 5116 3030 5167 καὶ
3061 5115 3154 5165 τοῦ
3188 5113 3287 5181 μὲν
3309 5111 3372 5163 οὐ
3407 5112 3686 5174 καθίκετο,

2125 5213 2330 5266 δειλίαν
2363 5212 2419 5263 δὲ
2448 5210 2685 5278 κάκείνῳ
2710 5209 2806 5260 καὶ
2843 5209 2959 5267 τοῖς
2999 5206 3132 5275 περὶ
3165 5203 3328 5256 αὑτὸν
3373 5202 3691 5272 ἐνεποίησε,

2113 5308 2207 5359 καὶ
2241 5306 2506 5366 λύσαντες
2537 5303 2638 5370 τὴν
2693 5298 3004 5370 παράταξιν
3058 5297 3439 5363 ὑπενόστησαν
3477 5297 3560 5356 είς
3592 5296 3694 5362 τὴν

2113 5399 2381 5468 σιξετέρεν
2432 5392 2812 5466 παρεμὸολὴν,
2874 5392 2970 5444 καὶ
3021 5387 3210 5442 οὐκέτι
3267 5391 3336 5457 τῇ
3399 5386 3693 5458 πολιορκίᾳ

421 5492 938 5562 ἐπικεχειρήκασιν.
999 5491 1162 5545 Ἀλλᾶ
1252 5507 1404 5554 τινας
1470 5489 1729 5561 βραχείας
1799 5491 2018 5561 ἡμέρας
2087 5488 2476 5560 προσμείναςὸ
2535 5486 2824 5556 τύραννος,
2867 5482 2990 5536 ἐπεὶ
3039 5479 3188 5547 ἐώρα
3261 5479 3388 5540 τοὺς
3444 5485 3546 5549 μὲν
3587 5477 3694 5531 τῶν

425 5584 655 5636 οἰκείων
711 5583 1172 5655 προσχωροῦντας
1200 5583 1278 5654 τῷ
1313 5583 1545 5654 βασιλεῖ,
1577 5587 1701 5646 τοὺς
1749 5584 1804 5636 δὲ
1875 5583 2275 5652 σκιδναμένους
2335 5580 2428 5633 καὶ
2495 5579 2980 5648 ἐκδιδράσκοντας,

3057 5573 3425 5628 ἀπανίσταται
3463 5573 3564 5642 μὲν
3594 5571 3694 5640 τῆς

432 5676 563 5746 περὶ
588 5676 646 5730 τὸ
680 5677 830 5743 ἄστυ,
866 5676 1219 5748 προσεδρίας,
1255 5678 1421 5748 ἀπῄει
1452 5677 1507 5730 δέ
1529 5676 1602 5741 ὡς
1631 5675 1874 5739 εὐπετῶς
1946 5675 2052 5730 τῶν
2091 5677 2368 5745 (dm-Aegion
2422 5673 2713 5741 κρατήσων
2789 5668 3086 5741 φρουρίων,
3150 5665 3269 5719 ἀλλ’
3330 5664 3694 5738 ἁπεκρούοετι
