3964 6252
368 5466 403 5481 κ

504 297 614 367 223

1778 297 2098 360 JOANNIS
2133 297 2459 359 ZONAR/E

3667 283 3784 347 22-1

505 414 763 470 hostibus
799 414 1128 470 festinanter
1172 412 1392 468 abduci.
1449 412 1569 480 Quo
1618 413 1839 482 cognito
1889 412 1967 465 illi
2025 412 2079 465 in

2201 411 2264 480 τῷ
2301 411 2498 481 "Aput:
2535 410 2876 479 (κωμόπολις
2896 409 2946 463 δ’
2976 404 3044 479 ἦν
3078 407 3254 478 τοῦτο)
3286 423 3299 439 ·
3329 405 3542 474 πληθὺς
3568 402 3617 456 δ’
3645 403 3784 472 ἐνῴ-

506 518 744 560 merere
768 513 949 569 erant,
986 503 1217 559 Barbari
1248 517 1381 558 vero
1407 501 1688 572 Lipariten
1714 502 1780 555 ad
1804 502 2084 555 sultanum

506 595 907 666 perduxerunt.
943 594 1251 664 Imperator
1281 602 1464 648 autem
1500 592 1769 647 liberandi
1806 593 1953 647 illius
1984 607 2087 647 cu-

509 688 695 759 pidus,
733 701 980 757 magnam
1019 685 1311 755 pecuniam
1354 685 1481 756 ejus
1528 684 1835 739 redimendi
1874 699 2007 754 ergo
2031 693 2089 739 et

509 792 738 833 munera
774 777 995 833 sultano
1028 777 1198 842 misit,
1250 786 1470 846 petens,
1514 786 1570 830 ut
1603 776 1770 830 Turci
1803 791 1929 830 cum
1977 776 2088 829 Ro-

510 869 692 923 manis
718 868 899 924 fmdus
924 868 1173 924 ferirent.
1205 868 1306 923 Cui
1349 869 1601 924 sultanus
1635 867 1936 937 Liparitem
1962 883 2087 937 gra-

508 961 579 1015 tis
620 960 886 1021 restituit,
934 963 1082 1013 omni
1139 960 1374 1030 pecunia
1431 959 1509 1015 illi
1574 960 1790 1022 tradita,
1844 974 1943 1029 pro
1977 974 2089 1027 quo

508 1051 676 1105 missa
708 1059 868 1104 erat:
898 1052 1171 1114 hortatus,
1205 1066 1274 1104 ne
1309 1050 1364 1104 in
1394 1058 1675 1120 posterum
1708 1064 1861 1103 arma
1893 1056 2088 1102 contra

509 1141 724 1197 Turcos
753 1152 1001 1196 sumeret
1035 1151 1241 1211 :atque
1269 1142 1387 1212 ipse
1420 1141 1588 1197 etiam
1623 1142 1862 1212 legatum
1889 1140 1957 1195 ad
1990 1141 2092 1194 im-

510 1245 826 1304 peratorem
861 1232 1032 1295 misit,
1060 1248 1226 1301 quem
1258 1233 1334 1286 illi
1363 1232 1635 1302 Seriphon
1681 1241 1902 1288 vocant.
1931 1233 2091 1303 cujus

506 1325 698 1391 eadem
735 1324 849 1379 fere
883 1324 1129 1380 conditio
1157 1324 1281 1390 fuit,
1310 1340 1433 1394 quae
1468 1325 1599 1378 olim
1633 1326 1775 1394 apud
1820 1339 1923 1379 nos
1953 1340 2079 1394 syn-

507 1418 658 1473 celli.
689 1417 823 1472 Nam
867 1427 929 1472 ut
977 1417 1023 1474 is
1068 1418 1395 1485 patriarcha:
1442 1418 1644 1472 mortui
1697 1419 1877 1472 locum
1925 1433 2091 1472 occu-

507 1511 694 1579 pabat,
727 1509 807 1566 sic
838 1511 1007 1566 etiam
1044 1509 1307 1580 Seriphes
1331 1510 1591 1580 chaliplia
1616 1510 1876 1566 defuncto
1899 1526 2089 1567 succc-

507 1599 695 1656 debat.
755 1598 803 1655 Is
867 1601 1036 1672 igitur
1079 1617 1332 1671 magnam
1394 1603 1588 1657 urbem
1660 1602 1962 1673 ingressus,
2031 1611 2090 1657 et

2192 521 2278 558 κει
2313 504 2483 573 αὐτῷ,
2520 503 2586 556 ἶν’
2613 504 2788 567 οὕτως
2819 503 3066 571 εἴποιμι.
3098 500 3195 555 καὶ
3240 498 3474 570 ἀριθμὸν
3505 495 3779 568 ὑπερϐαίη

2194 611 2379 659 νουσα,
2412 595 2640 664 ἔμποροι
2663 594 2708 647 δ’
2730 588 2869 664 ἦσαν
2893 593 2940 646 οἱ
2976 590 3279 661 ἄνθρωποι,
3311 589 3406 641 καὶ
3435 585 3672 648 πλοῦτος
3711 579 3782 650 ἦν

2193 687 2378 747 αὐτοῖς
2409 685 2685 757 περιττός.
2733 685 2822 749 Ὧς
2860 682 2954 739 οὖν
2985 684 3290 752 ἀτείχιστον
3323 679 3423 750 τὴν
3456 677 3779 748 κωμόπολιν

2194 776 2254 842 ἐξ
2308 777 2499 845 ἐφόδου
2550 775 2720 846 αὐτὴν
2757 777 2898 830 ἑλεῖν
2930 776 2981 829 οἱ
3028 773 3305 845 Βάρϐαροι
3353 772 3619 841 ἧλπιζον,
3665 767 3783 822 ἀλλ’

2193 868 2461 937 ἔγνωσαν,
2506 865 3082 938 παραϐουκολούμενοι
3112 866 3234 927 ταῖς
3278 861 3510 924 ἐλπίσιν,
3547 858 3783 928 ἐπείπερ

2191 958 2366 1028 ταύτῃ
2426 956 2786 1028 προσέϐαλον.
2846 956 2984 1018 Ταῖς
3032 955 3142 1025 γὰρ
3198 954 3390 1016 διόδοις
3451 951 3589 1012 ῦλας
3646 950 3782 1002 ἑπα-

2194 1050 2456 1118 γαγόντες
2520 1049 2570 1101 ol
2610 1049 2813 1121 ταύτης
2858 1049 3122 1110 κάτοικοι,
3171 1046 3266 1099 καὶ
3329 1042 3561 1106 ταύταις
3608 1042 3783 1104 αὐτάς

2193 1142 2651 1212 ἀποφράξαντες,
2728 1144 2792 1195 ἐκ
2858 1142 2967 1195 τῶν
3027 1136 3592 1210 δωμάτων.ἐϐαλλον
3658 1136 3781 1196 τοὺς

2195 1235 2512 1301 ἐναντίους,
2571 1234 2663 1286 καὶ
2717 1234 2954 1305 ἀνῄρουν
3016 1232 3275 1295 πολλοὺς,
3331 1228 3427 1281 καὶ
3502 1226 3669 1279 τοῦτο
3699 1226 3783 1290 ἐφ’

2190 1325 2428 1396 ἡμέραις
2489 1324 2698 1393 ἐγίνετο
2742 1323 2823 1387 ἓξ.
2888 1324 2976 1385 Ὠς
3024 1323 3069 1375 δ’
3097 1322 3239 1391 ἔγνω
3291 1323 3320 1375 6
3369 1319 3479 1372 τῶν
3520 1318 3786 1385 Τούρκων

2191 1417 2436 1487 ἀρχηγὸς
2471 1418 2499 1468 ὁ
2547 1417 2703 1487 Ἀλὶμ
2755 1416 3213 1488 ἐρρωμενέστατα
3260 1413 3386 1476 τοὺς
3450 1409 3784 1481 Ἀρτζηνοῦς

2192 1509 2610 1580 ἀντεχομένους,
2661 1509 2757 1563 καὶ
2814 1509 3102 1581 πολιορκίᾳ
3160 1508 3336 1578 ῥᾷστα
3396 1505 3474 1576 μη
3508 1503 3782 1567 ἀλωτοὺς,

2195 1603 2333 1672 πυρὶ.
2373 1602 2482 1654 τῶν
2524 1601 2736 1673 ἀνδρῶν
2779 1601 3172 1673 περιγενέσθαι
3206 1601 3505 1668 διέγνωκεν
3537 1616 3550 1628 ·
3588 1598 3785 1649 αύτίκι

508 1689 748 1758 superbe
799 1704 928 1745 cum
978 1691 1314 1762 imperatore
1367 1693 1697 1760 collocutus,
1746 1708 1872 1747 cum
1923 1693 1993 1748 ab
2027 1708 2095 1748 eo

2201 1694 2378 1747 τοίνυν
2430 1693 2645 1764 ἀνῆπτο
2686 1694 2867 1759 τοῦτο,
2909 1694 3000 1747 καὶ
3043 1697 3157 1756 τοῖς
3194 1694 3496 1761 οἰκήμασιν
3547 1690 3790 1742 ὑπεϐάλ-

513 1780 868 1850 postulasset,
904 1790 965 1837 ut
999 1783 1207 1839 tributa
1237 1783 1457 1838 sultano
1487 1788 1776 1855 penderet,
1804 1784 2006 1840 infecta
2040 1800 2098 1842 re

509 1880 597 1926 cst
633 1872 919 1929 dimissus.
967 1875 1086 1941 Qua
1136 1875 1204 1931 de
1237 1890 1404 1931 causa
1445 1877 1625 1931 iratus
1656 1878 1938 1942 sultanus,
1980 1878 2099 1946 ipse

507 1961 789 2020 ltonianos
835 1981 1126 2037 aggressus
1168 1976 1280 2034 est,
1339 1983 1517 2038 eoque
1564 1976 1812 2038 tempore
1864 1968 2100 2023 Turcica

505 2065 641 2121 gens
682 2054 900 2125 longius
930 2072 1242 2128 progressa,
1290 2067 1466 2125 totum
1514 2056 1800 2114 Orientem
1851 2060 2096 2129 subegit,

506 2153 565 2196 ct
595 2159 770 2212 usque
798 2145 872 2200 ad
917 2148 1299 2203 continentem
1345 2148 1607 2220 Byzantio
1634 2148 1923 2203 obversam
1969 2164 2097 2219 pro-

2195 1784 2339 1837 λετο.
2410 1784 2502 1847 Ὧς
2555 1783 2602 1837 δ’
2659 1784 2868 1854 ἐξήφθη
2935 1784 3276 1854 πανταχόθεν
3330 1782 3605 1851 πυρκαϊὰ.
3664 1779 3789 1846 tee-

2195 1893 2395 1930 πονται
2455 1876 2555 1947 μὲν
2605 1877 2655 1928 οἱ
2691 1875 2974 1948 ἐγχώριοι,
3012 1878 3059 1928 οί
3103 1876 3156 1928 δὲ
3189 1876 3469 1946 Βάρϐαροι
3522 1871 3789 1942 κρατοῦσι

2194 1971 2296 2039 τῆς
2333 1969 2727 2038 κωμοπόλεως,
2782 1969 2879 2021 καὶ
2932 1966 3101 2020 πολὺν
3164 1967 3222 2018 ὲν
3278 1965 3416 2034 αύτῇ
3462 1962 3669 2034 χρυσὸν
3699 1962 3793 2014 καὶ

2198 2059 2360 2114 ἄλλον
2415 2060 2647 2114 πλοῦτον
2710 2059 3051 2131 εὑρήκασιν,
3121 2059 3245 2122 ὅσος
3304 2061 3380 2128 μὴ
3433 2054 3793 2109 κατανάλωτο

2193 2152 2350 2221 πυρί.
2411 2152 2702 2205 Ἐντεῦθεν
2757 2148 2914 2214 αὖθις
2965 2150 3106 2204 κατά
3152 2149 3255 2219 τῆς
3311 2148 3635 2218 Ῥωμαῖκῆς
3685 2145 3791 2215 ὠρ-

506 2236 695 2289 cessit.
729 2237 807 2291 Ac
835 2237 911 2293 ita
936 2253 995 2293 se
1035 2254 1124 2293 res
1150 2238 1400 2295 Turcicze
1435 2241 1771 2297 habuerunt.

2201 2246 2441 2313 μήκασιν
2466 2245 2753 2315 στρατιᾶς.
2794 2243 2935 2313 Ἤδη
2963 2242 3020 2296 δὲ
3066 2241 3164 2297 καὶ
3209 2239 3306 2295 τοῦ
3346 2239 3662 2310 Λιπαρίτου
3697 2238 3792 2290 σῦν

510 2327 628 2387 τοῖς
693 2327 915 2398 Ἴϐηρσι
983 2331 1447 2400 παραγεγονότος,
1533 2331 1779 2404 συμϐολὴ
1831 2333 1943 2385 τῶν
2023 2334 2456 2404 στρατευμάτων
2546 2334 2767 2401 ἐγένετο
2833 2335 2967 2404 περὶ
3033 2332 3322 2386 Βουλυτόν.
3393 2328 3454 2383 ’0
3530 2328 3632 2399 μὲν
3691 2323 3797 2379 οὖν

521 2413 689 2489 ’Λλὶμ
719 2420 813 2473 καὶ
852 2420 1228 2492 ὀΧοροσάνης
1285 2422 1496 2493 (ἕτερος
1541 2420 1587 2475 δ’
1632 2419 1786 2486 οὗτος
1864 2419 1931 2495 ἦν
1995 2425 2302 2494 στρατηγὸς
2382 2425 2491 2477 τῶν
2561 2422 2887 2495 Βαρϐάρων)
2920 2422 3059 2494 μετὰ
3108 2421 3218 2474 τῶν
3266 2420 3360 2475 ὑπ’
3420 2420 3623 2485 αὐτοὺς
3659 2437 3795 2491 τρα-

516 2510 733 2575 πέντες,
782 2511 1069 2568 ἐνέκλιναν
1118 2516 1201 2578 είς
1259 2514 1463 2585 φυγὴν,
1513 2515 1611 2568 καὶ
1656 2516 1797 2583 σφᾶς
1881 2516 1931 2568 οἱ
2016 2517 2474 2588 ἀντιτεταγμένοι
2545 2517 2813 2587 Ῥωμαῖοι
2875 2517 3039 2586 μέχρι
3128 2515 3319 2587 πόρρω
3375 2514 3594 2569 νυκτῶν
3661 2532 3792 2568 κατ-

509 2605 758 2659 εδίωκον.
842 2606 905 2660 '0
980 2606 1039 2659 δὲ
1122 2608 1433 2678 Λιπαρίτης
1499 2606 1621 2661 κατ’
1703 2608 1833 2662 ἀλλο
1899 2609 2072 2678 κέρας
2145 2610 2480 2681 μαχόμενος,
2550 2594 2694 2663 ἑάλω
2735 2611 2851 2671 τοῖς
2926 2606 3216 2669 ἐναντίοις.
3257 2604 3348 2669 Ὠς
3392 2605 3437 2659 δ’
3475 2605 3793 2659 ἐπαύσαντο

508 2698 616 2770 τῆς
632 2697 872 2766 διώξεως
897 2702 948 2754 οἰ
977 2699 1264 2771 Ῥωμαῖοι,
1292 2704 1385 2757 τὸν
1406 2703 1718 2773 Λιπαρίτην
1741 2702 2104 2774 προσέμενον,
2142 2703 2218 2774 μὴ
2272 2703 2497 2769 εἰδότες,
2541 2701 2570 2756 ὃ
2614 2701 2744 2773 περὶ
2777 2702 2987 2754 ἐκεῖνον
3022 2699 3393 2770 συμϐέϐηκεν.
3433 2698 3522 2752 Ἐν
3550 2701 3795 2770 τοσούτῳ

511 2792 570 2844 δέ
594 2808 680 2854 τις
711 2793 896 2856 αὐτοῖς
948 2793 1208 2862 ἀγγέλλει
1253 2795 1350 2848 τοῦ
1384 2794 1694 2866 Λιπαρίτου
1740 2797 1843 2867 τὴν
1869 2795 2091 2861 ἀλωσιν,
2135 2797 2230 2850 καὶ
2249 2797 2331 2850 ὄτι
2354 2796 2612 2860 λαϐόντες
2638 2796 2804 2850 αὐτὸν
2835 2796 2884 2849 οί
2916 2795 3130 2872 ἑλόντες
3179 2794 3374 2847 ἀπίασι
3433 2793 3531 2846 σὺν
3564 2795 3792 2866 σπουδῇ.

512 2883 582 2937 Ol.
612 2882 716 2952 μὲν
752 2881 853 2940 οὖν
907 2885 1171 2957 Ῥωμαῖοι
1207 2887 1382 2942 ταῦτα
1419 2889 1712 2960 μαθόντες,
1778 2892 1838 2944 έν
1898 2889 2165 2960 ἀθυμίαις
2202 2886 2364 2964 ἦσαν,
2413 2893 2462 2946 οἱ
2516 2890 2792 2961 Βάρϐαροι
2844 2889 2903 2943 δὲ
2933 2889 3014 2961 τῷ
3048 2889 3277 2943 σουλτάν
3327 2887 3420 2941 τὸν
3475 2889 3794 2958 Λιπαρίτην

511 2974 801 3044 ἐκόμισαν.
844 2974 906 3031 '0
943 2979 1128 3046 μέντοι
1158 2978 1415 3048 βασιλεὺς
1436 2980 1533 3034 τοῦ
1567 2981 1875 3053 Λιπαρίτου
1906 2982 2092 3052 μαθὼν
2129 2983 2231 3053 τὴν
2288 2978 2527 3049 ἄλωσινί
2590 2982 2803 3052 πέμπει
2850 2983 2989 3053 πρὸς
3041 2980 3135 3034 τὸν
3185 2981 3440 3043 σουλτάν,
3476 2980 3794 3053 ἐλευθερίας

512 3066 751 3132 ἀξιῶσαι
784 3069 879 3125 τὸν
927 3072 1241 3144 Λιπαρίτην
1294 3073 1501 3144 ζητῶν,
1561 3076 1657 3130 καὶ
1737 3076 1915 3149 λύτρα
1978 3078 2173 3132 τούτου
2213 3079 2437 3149 πέμψας
2500 3078 2692 3144 πολλὰ,
2749 3082 2846 3132 καὶ
2909 3077 3060 3148 δῶρα
3116 3077 3175 3131 δὲ
3235 3076 3315 3144 τῷ
3368 3076 3614 3130 Σουλτάν
3642 3119 3656 3141 ,
3703 3078 3796 3128 καὶ

514 3164 752 3229 σπονδὰς
812 3165 978 3234 μέσον
1037 3168 1328 3238 Ῥωμαίων
1373 3170 1467 3223 καὶ
1518 3170 1811 3241 Τούρκων,
1842 3172 2100 3240 γενέσθαι
2134 3172 2325 3227 αἰτῶν.
2409 3173 2470 3226 '0
2537 3171 2595 3227 δὲ
2636 3171 3014 3242 σουλτάνὶτδν
3071 3170 3173 3240 μὲν
3218 3169 3536 3241 Λιπαρῐτην
3589 3170 3796 3241 δωρεὰν

519 3258 733 3315 στέλλει
758 3260 932 3332 αὐτῷ,
965 3264 1034 3318 τά
1066 3264 1122 3319 δέ
1151 3281 1217 3333 γε
1256 3265 1432 3337 λύτρα
1477 3266 1660 3321 πάντα
1703 3267 1804 3338 τῷ,
1858 3267 2001 3339 ὑπὲρ
2072 3260 2136 3322 οὗ
2172 3269 2631 3338 ἑπεπόμφεισαν,
2688 3266 2888 3319 δέδωκε
2915 3306 2930 3330 ,
2995 3265 3091 3318 καὶ
3166 3264 3368 3335 μηκέτι
3420 3263 3567 3317 ὅπλα
3662 3264 3799 3318 κατὰ

514 3352 781 3425 Τούρκων
829 3357 1072 3429 ἄρασθαι
1129 3360 1550 3430 παρηγγύησεν.
1617 3361 1978 3434 Ἐκπέπομφε
2038 3362 2095 3416 δὲ
2130 3364 2385 3426 κάκεῖνος
2456 3362 2703 3433 πρέσϐυν
2776 3362 2912 3432 πρὸς
2953 3359 3204 3430 βασιλέα,
3232 3359 3290 3411 ὃν
3323 3359 3555 3414 ἐκάλουν
3604 3360 3798 3412 ὲκεῑνοι

504 3451 771 3527 ,σερίφηκ
831 3445 1004 3515 Οῦτος
1063 3449 1111 3504 δ’
1170 3454 1289 3508 ἔστι
1361 3451 1497 3526 παρ’
1561 3453 1749 3520 αὐτοῖς
1822 3455 1958 3527 ὅπερ
2015 3452 2188 3509 πάλαι
2235 3448 2304 3526 ἦν
2343 3455 2478 3525 παρ’
2539 3456 2672 3526 ἡμῖν
2716 3457 2745 3509 ὁ
2801 3454 3097 3526 λεγόμενος
3176 3453 3509 3523 σύγκελλοςο
3565 3456 3644 3517 ὡς
3692 3456 3799 3523 γὰρ

511 3544 543 3596 6
573 3542 872 3612 σύγκελλος
902 3547 999 3600 τοῦ
1038 3550 1380 3621 πατριάρχου
1417 3550 1674 3615 θανόντος
1719 3550 1838 3625 εἰς.
1869 3550 1962 3604 τδν
2028 3530 2241 3606 ἐκείνου
2326 3550 2494 3604 τόπον
2549 3549 3008 3615 ἀντικαθίστατο,
3070 3549 3215 3603 οὕτω
3277 3549 3373 3603 καὶ
3427 3552 3454 3602 6
3542 3548 3797 3626 σερίφης,

512 3634 612 3687 τοῦ
669 3639 877 3702 aliud
930 3639 1210 3708 θανόντος,
1253 3644 1347 3697 τὸν
1380 3642 1785 3716 τελευτήσαντα
1843 3643 2133 3716 διεδέχετο.
2176 3642 2450 3698 Εἰσελθὼν
2503 3638 2598 3697 οῦν
2655 3644 2737 3706 εἰς
2788 3641 2886 3715 τὴν
2953 3643 3197 3714 μεγάλην
3242 3641 3401 3695 πόλιν
3448 3644 3476 3695 6
3534 3645 3789 3715 σερίφης,

515 3729 614 3781 καὶ
644 3731 726 3793 εἰς
753 3732 975 3800 ὁμιλίαν
1019 3736 1097 3804 τῷ
1144 3735 1434 3806 κρατοῦντι
1479 3735 1674 3800 ἐλθὼν,
1706 3736 1802 3789 καὶ
1830 3737 2098 3807 ὁμιλήσας
2140 3736 2513 3807 ὑπερηφάνως
2579 3720 2778 3804 (popae;
2852 3753 2910 3788 τε
2936 3736 3112 3789 τελεῖν
3152 3734 3405 3789 ἀπαιτῶν
3432 3735 3511 3804 τῷ
3544 3737 3793 3799 σουλτάν,

512 3819 876 3895 ἀπεπέμφθη.
895 3824 1175 3881 Ἐντεῦθεν
1204 3827 1597 3900 βαρυθυμήσας
1620 3828 1649 3881 6
1678 3827 1927 3896 σουλτάν,
1955 3828 2116 3892 αὐτὸς
2147 3829 2288 3884 κατὰ
2326 3828 2617 3900 Ῥωμαίων
2638 3829 2911 3902 ἐχώρησε,
2940 3828 3034 3881 καὶ
3061 3826 3248 3881 ἔκτοτε
3276 3827 3600 3899 προχωροῦν
3622 3830 3682 3882 τὸ
3697 3829 3799 3882 τῶν

510 3912 775 3985 Τούρκων
825 3915 1005 3984 γένος.
1045 3918 1146 3989 τῆς
1195 3918 1365 3990 Ἐῴας
1388 3920 1605 3993 ἀπάσης
1632 3921 1931 3994 ἐκράτησε,
1965 3921 2060 3983 καὶ
2082 3922 2246 3995 μέχρι
2271 3921 2371 3994 τῆς
2401 3922 2777 3995 ἀντιπόρθμου
2797 3925 2865 3990 τῆ
2891 3920 3177 3986 Βυζαντίδι
3203 3921 3435 3993 ἠπείρου
3467 3922 3795 3992 κατήντησε.

514 4008 598 4063 Td
632 4011 734 4080 μὲν
770 4004 865 4063 οὖν
891 4009 1000 4064 τῶν
1025 4012 1283 4084 Τούρκων
1325 4015 1512 4067 τοῦτον
1529 4015 1663 4096 ,ἔσχε
1687 4017 1779 4069 τὸν
1802 4016 2033 4088 τρόπον.

587 4098 776 4155 XXVI.
812 4101 1119 4157 Patzinacae
1152 4118 1286 4159 vero
1325 4104 1378 4158 in
1414 4105 1638 4176 Europa
1687 4107 2097 4177 grassabantur,

2286 4103 2436 4172 ΚΕΓ.
2497 4100 2573 4158 Τὸ
2615 4102 2673 4157 δὲ
2720 4100 2828 4155 τῶν
2877 4100 3240 4166 Πατζινάκων
3302 4099 3456 4162 ἔθνος
3503 4100 3649 4154 κατά
3704 4101 3798 4172 τὴν

514 4206 653 4264 gens
682 4192 941 4265 Scythica
974 4205 1032 4251 et
1075 4197 1365 4266 populosa,
1400 4198 1545 4254 ultra
1589 4198 1791 4254 lstrum
1829 4200 2104 4263 incolens,

514 4285 606 4341 cui
641 4293 755 4342 tum
792 4287 1079 4358 Tyracbus
1126 4289 1450 4359 imperabat,
1481 4292 1569 4345 vir
1610 4291 1813 4347 nobilis
1845 4292 1936 4347 ille
1983 4295 2109 4363 qui-

514 4376 666 4442 dem,
709 4379 804 4433 sed
837 4381 1093 4449 ignavus.
1124 4383 1279 4438 Alius
1306 4399 1437 4439 vero
1480 4384 1705 4454 quidam
1740 4383 2010 4457 Cegenes,
2046 4394 2107 4441 ut

515 4484 720 4541 genere
742 4474 982 4527 obscuro
1002 4483 1180 4539 ortus,
1202 4476 1275 4529 ita
1294 4475 1461 4530 homo
1483 4492 1612 4531 acer
1633 4486 1689 4533 et
1716 4487 2001 4541 strenuus,
2034 4480 2107 4535 ob

517 4562 691 4615 multa
709 4563 928 4632 egregia
952 4562 1196 4618 facinora
1225 4565 1280 4619 in
1309 4565 1470 4621 bellis
1491 4568 1636 4623 edita
1670 4570 1873 4640 populo
1901 4571 2109 4627 cliarus

519 4661 666 4706 erat.
719 4652 838 4718 Qua
896 4653 966 4707 de
1013 4669 1181 4709 causa
1216 4654 1501 4728 Tyrachus
1540 4675 1668 4714 eum
1717 4677 1817 4731 per
1875 4663 2107 4719 insidias

520 4742 719 4798 tollere
764 4744 1047 4800 studebat.
1092 4745 1214 4813 Quo
1250 4749 1342 4805 ille
1377 4752 1788 4817 animadverso,
1826 4755 2044 4811 duabus
2075 4772 2106 4812 e

524 4836 788 4891 tredecim
847 4838 1101 4895 tribubus
1142 4841 1248 4895 sibi
1292 4845 1625 4910 conciliatis,
1681 4848 1910 4916 trajectu
1972 4848 2113 4902 Istro

522 4927 690 5000 258
737 4928 791 4983 in
845 4930 1221 4988 Romanorum
1274 4933 1411 4991 lines
1440 4940 1614 5003 venit,
1654 4954 1713 4993 se
1749 4939 2113 5009 transfugisse

523 5022 592 5075 ad
616 5023 1026 5093 imperatorem,
1048 5026 1213 5096 eique
1246 5043 1352 5082 non
1375 5028 1629 5084 inutilem
1649 5030 1791 5096 fore,
1810 5031 2111 5099 professus.

523 5112 601 5169 Ea
657 5131 716 5170 re
773 5117 1030 5185 indicata,
1091 5119 1485 5177 Monomacbus
1539 5122 1828 5193 praesidem
1879 5122 2112 5194 Scythas

524 5208 807 5278 suscipere
835 5210 1012 5281 jubet.
1034 5211 1282 5284 Cegcnes
1307 5230 1441 5271 vero
1464 5216 1783 5286 Byzantium
1809 5215 2111 5286 profectus,

2204 4195 2538 4268 Εὐρωπαίαν
2577 4196 2778 4266 μοῖραν
2816 4194 3076 4266 κεκίνητο
3106 4210 3121 4222 ⁸
3159 4192 3430 4247 Σκυθικὸν
3470 4192 3531 4248 δὲ
3560 4193 3624 4248 τὸ
3655 4194 3796 4257 ἔθνος

2204 4288 2303 4343 καὶ
2336 4288 2784 4358 πολυάνθρωπον,
2825 4287 3003 4357 πέραν
3068 4287 3293 4357 Ἴστρου
3334 4287 3666 4358 νεμόμενον.
3696 4283 3794 4339 Ἦν

2207 4382 2266 4437 δὲ
2311 4382 2433 4434 τότε
2488 4380 2585 4434 τοῦ
2639 4379 2832 4443 ἔθνους
2887 4380 3077 4452 ἄρχων
3118 4380 3333 4451 Τυράχ,
3392 4381 3535 4451 ἀνὴρ
3589 4381 3652 4434 τὸ
3704 4381 3794 4451 μὲν

2206 4474 2363 4543 γένος
2415 4473 2570 4544 παρά
2618 4473 2698 4546 τῷ
2728 4472 2870 4526 έθνει
2902 4472 3180 4545 λαμπρὸς,
3209 4473 3272 4526 τὸ
3323 4473 3381 4526 δὲ
3421 4468 3557 4544 ἦθος
3601 4474 3789 4545 νωθής.

2214 4567 2447 4637 Ἕτερος
2481 4565 2539 4620 δέ
2583 4583 2670 4629 τις
2729 4565 2980 4635 Κεγένη;
3038 4565 3399 4636 καλούμενος,
3457 4565 3792 4636 ἀσημοςμὲν

2214 4660 2339 4714 ὅσον
2365 4662 2445 4722 εἰς
2480 4660 2676 4727 γένους
2701 4657 3005 4730 ἀναφορὰν,
3054 4658 3197 4730 ἀνὴρ
3246 4657 3304 4712 δὲ
3353 4658 3559 4728 ρέκτης
3602 4676 3663 4713 τε
3709 4659 3793 4711 καὶ

2213 4750 2571 4821 δραστήριος,
2625 4749 2720 4802 καὶ
2779 4748 3045 4811 πολλάκις
3095 4750 3154 4801 έν
3209 4747 3469 4819 πολέμοις
3525 4749 3793 4817 ἀνδραγα-

2213 4841 2409 4911 θήσας,
2469 4841 2623 4906 παρά
2654 4838 2770 4895 ’τοῦ
2828 4840 3017 4904 ἔθνους
3048 4839 3338 4911 πεφίλητο.
3384 4840 3476 4893 Διὸ
3518 4841 3619 4895 καὶ⁵
3655 4838 3795 4911 παρέ

2209 4932 2303 4986 τοῦ
2339 4934 2531 5005 Τυράχ
2590 4934 2837 5005 ὲλοχᾶτο,
2897 4932 3191 5003 ζητοῦντος
3241 4933 3407 4987 αὑτὸν
3467 4932 3705 4987 ἀνελεῖν.
3737 4934 3796 4984 ⁸0

2211 5028 2374 5096 γνοὺς
2429 5028 2662 5091 ἐκεῖνος,
2692 5027 2787 5080 καὶ
2827 5025 2922 5080 δύο
2969 5027 3080 5079 τῶν
3133 5024 3323 5094 φυλῶν
3373 5024 3796 5097 προσεταιρισάο

2218 5134 2402 5188 μενος,
2448 5116 2626 5170 οὐσῶν
2674 5116 2867 5170 πασῶν
2912 5114 3045 5169 δέκα
3096 5115 3189 5169 ἐπὶ
3246 5113 3417 5185 τρισὶ,
3466 5114 3567 5167 σὺν
3617 5115 3795 5178 αὐτοῖς

2216 5209 2374 5282 διέϐη
2440 5210 2533 5264 τὸν
2590 5210 2829 5278 Ἴστρον,
2893 5209 2989 5261 καὶ
3044 5208 3137 5261 ἐπὶ
3193 5206 3265 5261 τά
3347 5205 3626 5277 Ρωμαίων
3682 5208 3794 5280 ὅρια

524 5300 584 5355 in
616 5312 973 5371 conspectum
1027 5305 1387 5376 imperatoris
1424 5309 1595 5374 venit,
1643 5318 1700 5362 et
1743 5307 1973 5362 salutari
2019 5308 2097 5363 ba-

2221 5303 2471 5374 γέγονεν,
2527 5302 2828 5373 αὐτόμολος
2872 5300 3032 5372 ἥκειν
3061 5300 3236 5369 λέγων
3288 5297 3365 5371 τῷ
3424 5298 3659 5367 βασιλεί,
3711 5298 3794 5352 καὶ

526 5391 790 5462 ptismate
817 5392 1085 5461 initiatus,
1118 5399 1385 5467 patricius
1413 5407 1498 5453 est
1530 5398 1856 5468 appellatus,
1887 5396 2097 5468 suisqut

2219 5398 2321 5451 οὐκ
2375 5397 2596 5451 ἔσεσθαί
2655 5399 2705 5451 οἱ
2761 5398 3085 5465 ἁσυντελής.
3155 5394 3441 5467 Ἐμην-ύθη
3494 5393 3677 5448 ταῦτα
3724 5392 3792 5463 τῷ

532 5481 756 5555 Scythis
778 5488 1069 5552 persuasit,
1115 5497 1176 5543 ut
1226 5497 1285 5545 et
1334 5489 1439 5559 ipsi
1498 5490 1689 5544 divino
1745 5491 1839 5544 illo
1893 5491 2097 5546 lavacri

2214 5493 2562 5562 Μονομάχῳ,
2627 5491 2723 5544 καὶ
2774 5491 2802 5542 6
2867 5488 2968 5558 τῆς
3039 5487 3222 5558 χώρας
3278 5488 3462 5556 ἄρχων
3518 5486 3793 5540 κελεύεται

531 5577 916 5634 abluerentur.
955 5581 1095 5637 Cum
1133 5596 1266 5637 vero
1313 5581 1371 5636 in
1413 5582 1554 5652 ripis
1597 5583 1725 5639 lstri
1764 5583 1965 5640 stativa
2018 5584 2117 5638 lia-

519 5670 713 5737 .beret,
741 5683 799 5728 et
848 5673 1075 5733 flumine
1127 5674 1312 5729 subito
1358 5675 1607 5744 trajecto,
1665 5677 1971 5750 Tyracbios
2008 5694 2114 5735 cae-

2217 5585 2477 5652 δέξασθαι
2523 5585 2649 5647 τοὺς
2697 5580 2932 5641 Σκύθας.
2978 5580 3038 5633 '0
3062 5579 3122 5633 δὲ
3164 5579 3414 5648 Κεγὲνης
3446 5579 3545 5631 καὶ
3582 5579 3663 5641 εἰς
3706 5577 3792 5646 τὴν

2223 5677 2469 5749 βασιλίδα
2513 5674 2623 5729 τῶν
2677 5673 2892 5727 πόλεων
2925 5673 3214 5742 φοιτήσας,
3264 5673 3320 5731 ὲς
3370 5669 3496 5740 ὕψιν
3546 5666 3680 5741 ἦλθε
3724 5671 3791 5740 τῷ

534 5765 699 5828 (linus
725 5779 780 5827 et
807 5770 1040 5842 .rapinis
1088 5767 1376 5828 infestaret
1407 5786 1422 5826 :
1457 5768 1740 5842 Tyracbus
1772 5790 1870 5845 per
1913 5775 2097 5846 legato:

2222 5770 2475 5842 βασιλεῖ,
2544 5769 2637 5821 ra).
2709 5765 2768 5817 τὸ
2838 5764 3111 5835 σωῖήριον
3172 5758 3465 5831 δεξάμενος
3520 5760 3786 5831 βάπτισμα
