3964 6252
171 363 285 428 225

1416 361 1819 422 ANNALIUM
1856 362 1977 421 LIB
2029 360 2216 422 XVII.

3334 368 3440 431 225

170 480 414 553 ἐτιμήθη
447 478 760 548 πατρίκιος.
813 478 1041 531 Ἐπεισε
1106 475 1293 549 μέντοι
1352 477 1449 532 καὶ
1501 479 1625 539 τοὺς
1662 476 1748 530 ob»

1862 489 2003 535 cum.
2039 475 2367 544 imperatore
2408 477 2477 530 ob
2515 478 2847 550 transfugam
2892 489 3205 549 susceptum
3271 498 3439 555 expo-

171 574 327 643 αὐτῷ
357 572 599 637 Σκύθας,
625 570 720 622 τοῦ
758 569 906 623 θείου
943 569 1137 624 τούτου
1179 570 1408 640 λουτροῦ
1443 573 1756 640 μετασχεῖν,

169 666 515 734 Ποιούμενος
559 665 619 717 δέ
669 664 770 726 τὰς
813 664 1099 734 διατριϐὰς
1145 662 1287 716 κατὰ
1338 662 1407 716 τὰ
1435 667 1758 734 παρίστρια,

173 759 273 812 καὶ
313 756 612 810 διαϐαίνων
654 754 744 807 τὸν
797 756 1045 824 ποταμὸν
1100 755 1322 824 ἁθρόον,
1374 757 1581 810 ἐκάκου
1631 758 1759 820 τοὺς

172 848 271 903 τοῦ
302 849 516 919 Τυράχ,
548 848 789 918 ἀναιρῶν
825 864 886 900 τε
934 848 1028 900 καὶ
1079 847 1421 919 ληϊζόμενος.
1454 847 1760 917 Πρεσεείαν

169 945 359 996 τοίνυν
413 943 442 995 ὁ
501 938 689 1010 Τυρὰχ
748 940 884 1011 πρὸς
940 941 1031 994 τὸν
1089 940 1318 1010 βασιλέα
1373 941 1756 1007 ἀπεσταλκὼς,

171 1034 371 1106 ᾐτιᾶτο
417 1033 500 1086 ὅτι
548 1033 642 1085 τὸν
673 1034 988 1102 ἀποστάτην
1016 1032 1112 1085 τοῦ
1143 1032 1326 1095 ἔθνους
1375 1033 1615 1099 ἐδέξατο,
1663 1033 1757 1087 καὶ

172 1128 225 1176 εἰ
280 1124 357 1194 μὴ
416 1124 639 1197 κωλύσῃ
701 1127 907 1179 κακοῦν
965 1127 1025 1178 τὸ
1078 1125 1231 1189 ἔθνος
1287 1125 1378 1179 τὸν
1439 1127 1756 1196 πρόσφυγα,

176 1219 402 1287 ἠπείλει
438 1222 501 1270 το
531 1219 686 1281 ἔθνος
741 1218 862 1270 ὅλον
909 1218 1054 1284 ἕξειν
1099 1219 1380 1288 πολέμιον.
1413 1219 1555 1290 Πρὸς
1582 1220 1756 1273 ταῦτα

172 1310 218 1363 δ’
270 1311 301 1363 ὁ
347 1311 713 1381 αὐτοκράτωρ
757 1309 881 1364 οὕτε
936 1312 1205 1383 προδότης
1256 1313 1359 1381 ἐφη
1439 1313 1536 1366 τοῦ
1591 1331 1759 1385 προσ-

171 1403 428 1467 ελθόντος
492 1404 853 1473 γενήσεσθαι,
910 1404 1036 1458 οὔτε
1087 1405 1369 1471 κωλῦσαι,
1425 1409 1500 1479 μὴ
1546 1408 1757 1477 ἀμύνα-

173 1499 305 1550 σθαι
345 1498 475 1560 τοὺς
505 1496 1029 1562 ἐπιϐουλεύσαντας.
1064 1497 1285 1553 Τούτων
1335 1500 1446 1554 τῶν
1498 1504 1758 1573 μηνυμά-

170 1603 283 1640 των
317 1584 399 1656 τῷ
428 1587 620 1658 Τυράχ
659 1587 1051 1657 κομισθέντων,
1096 1590 1219 1642 ἐπεὶ
1268 1593 1476 1660 χειμὼν
1525 1593 1754 1663 ἐπέστη,

170 1679 267 1730 καὶ
319 1679 350 1731 ό
404 1679 619 1751 Ἴστρος
665 1679 725 1744 ἐξ
752 1679 916 1750 ὄχθης
941 1681 1024 1743 είς
1067 1681 1167 1753 τὴν
1218 1682 1414 1753 ἑτέραν
1471 1684 1549 1756 τῷ
1597 1686 1754 1758 κρύει

170 1770 528 1841 πηγνύμενος
586 1773 1065 1842 κεκρυστάλλωτο,
1127 1774 1268 1842 πεζῇ
1324 1774 1479 1846 διέὸη
1526 1777 1619 1832 τὸν
1653 1797 1753 1832 πο-

167 1862 349 1933 ταμὸν
414 1865 514 1919 σὺν
575 1866 653 1936 τῷ
704 1865 849 1921 ἔθνει
907 1866 1093 1932 παντὶ,
1151 1869 1247 1921 καὶ
1304 1867 1404 1939 τὴν
1473 1869 1753 1939 Ῥωμαῒδα

166 1952 361 2024 χώραν
406 1955 775 2027 κατειληφὼς,
805 1957 873 2013 τὰ
924 1959 983 2012 ἐν
1033 1959 1192 2012 ποσὶν
1250 1960 1558 2031 ἐκεράϊζεν.
1605 1961 1665 2015 '0
1694 1963 1752 2018 δέ

170 2059 238 2111 γε
268 2044 529 2115 βασιλεὺς
558 2046 716 2101 τοῦτο
769 2049 960 2118 μαθὼν
1007 2051 1270 2118 στρατιὰν
1312 2053 1513 2107 αὐτίκα
1542 2052 1622 2123 τῷ
1651 2054 1753 2124 τῆς

167 2135 355 2208 χώρας
389 2137 615 2209 ἄρχοντι
651 2140 747 2193 καὶ
778 2139 855 2211 τῷ
894 2142 1107 2213 Κεγένῃ
1149 2144 1444 2216 ἐπίκουρον
1483 2146 1751 2216 ἐπεμψεν.

167 2228 235 2281 Ol
293 2228 484 2298 μέντοι
533 2230 871 2296 Πατζινάκαι
903 2233 1121 2304 τροφῶν
1150 2235 1417 2303 ἀφθονίαν
1470 2237 1748 2308 εὑρόντες,

169 2320 269 2373 καὶ
322 2322 473 2376 οτνου
526 2322 620 2376 καὶ
673 2324 850 2379 ἄλλων
912 2326 1162 2396 ποτίμων
1217 2329 1641 2399 ἐσκευασμένων
1684 2334 1750 2385 ἐκ

167 2410 413 2479 μέλιτος,
473 2415 569 2467 καὶ
626 2417 756 2485 περὶ
787 2416 965 2471 ταῦτα
995 2418 1530 2488 ἀπληστευσάμενοι,
1586 2423 1748 2492 νοσή-

171 2519 303 2569 ματι
333 2502 599 2575 κοιλιακῷ
644 2507 989 2578 περιέπεσον.
1034 2510 1143 2561 Καὶ
1173 2508 1334 2564 τοῦτο
1358 2509 1418 2576 ἐξ
1447 2512 1748 2582 αὐτομόλου

170 2595 332 2658 γνοὺς
370 2596 400 2647 ό
463 2596 735 2669 Κεγένης,
784 2600 1074 2655 ἀναπείθει
1122 2604 1220 2654 καλ⁸
1270 2603 1369 2663 τὰς
1434 2604 1746 2675 Ῥωμαϊκὰς

166 2687 426 2759 δυνάμεις
477 2689 763 2744 ἐπιθέσθαι
817 2695 932 2756 τοίς
997 2694 1282 2758 ἐναντίοις.
1328 2696 1416 2760 Ὠς
1466 2692 1559 2751 οὖν
1608 2694 1748 2751 εἶδον

167 2779 219 2831 οι
270 2779 555 2849 Βάρεαροι
600 2782 701 2852 τὴν
728 2784 850 2836 κατ’
877 2783 1058 2838 αὐτῶν
1105 2786 1215 2841 τῶν
1274 2785 1564 2857 Ῥωμαίων
1618 2789 1748 2842 ἐπέ-

164 2869 370 2935 λευσιν,
408 2873 872 2942 κατειργασμένοι
894 2876 962 2943 τῇ
1001 2874 1144 2944 νόσῳ
1185 2877 1581 2946 τυγχάνοιτες,
1612 2879 1747 2946 ίλιγ-

165 2962 406 3027 γίασαν,
476 2964 575 3016 καὶ
627 2964 1107 3028 ἀποδειλιάσαντες
1167 2967 1416 3037 μεθῆκαν
1480 2969 1549 3023 τὰ
1604 2970 1747 3024 ὅπλα

167 3054 261 3105 aui.
307 3053 491 3107 ἱκέται
541 3056 819 3124 γεγόνασι,
876 3055 969 3110 καὶ
1015 3060 1128 3121 τοίς
1165 3059 1385 3129 ἐχθροῖς
1419 3061 1746 3130 παρέδωκαν

163 3145 418 3208 ἑαυτούς.
477 3147 697 3201 Τούτων
746 3149 791 3201 δ’
850 3149 965 3203 ὅσοι
1026 3151 1126 3220 μὲν
1184 3151 1289 3204 ὑπὸ
1343 3154 1436 3206 τὸν
1493 3155 1812 3241 Κεγένηνρ

164 3239 483 3306 γεγόνασιν,
505 3241 556 3293 oi.
600 3242 701 3308 μὲν
742 3240 924 3312 ξίφεσι
969 3244 1374 3315 παρεδόθησαν,
1421 3247 1472 3299 ot
1517 3246 1573 3299 δὲ
1605 3247 1741 3318 πρὸς

161 3329 415 3385 δουλείαν
462 3333 668 3403 χρυσοῦ
726 3335 1093 3407 ἀπεδόθησαν.
1151 3337 1226 3389 Τὸ
1279 3338 1485 3407 πλῆθος
1555 3340 1613 3393 δὲ
1680 3340 1742 3395 τὸ

162 3421 348 3477 λοιπὸν
412 3425 685 3496 χρήσιμον
758 3427 1020 3499 ἐνομίσθη
1088 3429 1346 3498 γενέσθαι
1411 3431 1740 3502 Ῥωμαίοις,

159 3520 208 3568 εὶ
254 3518 328 3570 τά
392 3519 536 3572 ὅπλα
596 3520 916 3591 ἀφαιρεθὲν,
982 3523 1063 3585 είς
1118 3522 1217 3593 τὴν
1261 3523 1369 3577 τῶν
1415 3524 1741 3595 Βουλγάρων

160 3607 349 3679 χώραν
406 3613 806 3683 κατοικισθείη,
862 3614 1074 3685 ἔρημον
1131 3611 1295 3669 οὖσαν
1343 3616 1444 3686 τὴν
1496 3617 1738 3684 πλείονα,

160 3700 266 3768 πρὸ
309 3699 518 3771 μικροῦ
566 3702 660 3754 τοῦ
706 3703 895 3766 ἔθνους
941 3704 1150 3758 ἐκείνου
1203 3705 1624 3770 καταλ.θέντος.
1676 3709 1740 3761 'U

159 3792 252 3844 καὶ
302 3795 527 3860 γέγονε,
557 3792 651 3846 τοῦ
708 3793 975 3864 βασιλέως
1032 3797 1411 3866 κελεύσαντος,
1456 3798 1518 3854 ’0
1569 3800 1627 3854 δέ
1675 3817 1737 3870 γε

159 3883 355 3955 Τυράχ
390 3886 491 3940 σὺν
519 3889 632 3951 τοῖς
665 3887 875 3958 ἐξόχοις
909 3889 1006 3943 τοῦ
1051 3890 1235 3953 ἔθνους
1275 3892 1419 3963 ἤχθη
1464 3894 1602 3966 πρὸς
1647 3895 1739 3950 τὸν

156 3978 500 4049 κρατοῦντα,
552 3981 648 4033 καὶ
699 3981 791 4033 τοῦ
855 3982 1002 4036 θείου
1058 3985 1489 4051 καταξιωθέντες
1542 3988 1738 4057 βαπτί-

156 4086 397 4139 σματος,
452 4071 727 4141 ἀξιώμασι
791 4074 1063 4145 λαμπροῖς
1116 4076 1480 4149 ἐτιμήθησαν.
1544 4080 1634 4144 Ὦς
1682 4082 1740 4134 δὲ

158 4161 339 4229 μάχαι
382 4163 507 4215 τότε
565 4163 863 4235 Ῥωμαίοις
910 4166 1050 4220 κατὰ
1100 4170 1201 4237 τὴν
1254 4166 1426 4238 Ἐᾠαν
1468 4171 1608 4239 μετὰ
1630 4171 1739 4225 τῶν

155 4251 425 4321 Τούρκων
456 4248 621 4324 ἦσαν,
655 4258 1054 4311 πεντεκαίδεκα
1106 4259 1353 4329 χιλιάδας
1382 4261 1738 4324 Πατζινάκων

155 4344 184 4394 ὀ
228 4345 600 4418 αὐτοκράτωρ
655 4332 1068 4420 ἐπιλεξάμενος,
1119 4353 1213 4405 καὶ
1247 4352 1587 4416 καθοπλίσας
1637 4356 1735 4409 αύ-

155 4437 307 4501 τοὺς,
338 4435 541 4499 ἵππους
570 4456 628 4492 τε
663 4442 1054 4512 παρασχόμενο
1091 4481 1106 4504 ,
1138 4444 1231 4496 καὶ
1252 4447 1552 4515 ἐπιστήσας
1575 4464 1739 4517 στρα-

1863 568 2065 632 stulat,
2125 583 2288 637 quem
2378 569 2482 623 nisi
2561 580 2893 633 coerceret,
2958 581 3125 626 totam
3209 586 3430 645 gentem

1865 656 2076 710 hostem
2126 657 2203 710 illi
2248 656 2384 711 fore.
2438 659 2519 712 Ad
2565 674 2629 712 ea
2682 661 2976 731 respondet
3024 662 3344 733 imperator,
3376 682 3436 724 se

1860 764 2040 818 neque
2063 749 2375 803 dedititium
2402 750 2770 819 proditurum,
2798 769 2974 823 neque
2999 755 3432 825 prohibiturum,

1861 838 2157 905 quonnnus
2210 839 2564 895 insidiatores
2623 842 3003 899 ulcisceretur.
3056 845 3171 901 Hoc
3236 849 3432 904 nuntio

1862 939 2114 1000 accepto,
2148 930 2452 1000 Tyrachus,
2508 946 2633 987 cum
2689 934 2822 988 lster
2876 937 3111 992 hiberno
3179 947 3430 1010 tempore

1862 1029 2011 1076 totus
2043 1021 2471 1093 conglaciasset,
2490 1039 2617 1079 cum
2643 1033 2755 1080 tota
2780 1035 2941 1096 gente
2968 1028 3201 1097 pedibus
3229 1030 3432 1088 ﬂumen

1863 1114 2106 1180 transiit,
2153 1115 2516 1185 Romanaque
2580 1116 2866 1186 provincia
2924 1128 3212 1187 occupata,
3265 1122 3430 1176 obvia

1859 1220 2093 1274 quaeque
2142 1205 2398 1259 vastavit.
2449 1205 2555 1261 Sed
2607 1206 2912 1277 imperator
2948 1215 3248 1265 exercitum
3306 1227 3434 1281 pro-

1858 1297 2055 1350 vinciae
2111 1296 2331 1365 ρηεείόὶ
2375 1308 2430 1352 et
2469 1297 2667 1369 Cegeni
2729 1301 2913 1356 statim
2963 1301 3210 1357 subsidio
3261 1302 3430 1357 misit.

1858 1388 2163 1443 Patzinaeze
2193 1403 2326 1442 vero
2365 1404 2488 1443 eum
2532 1404 2765 1445 annona:
2810 1399 2867 1444 et
2920 1390 3033 1444 vini
3086 1390 3432 1461 aliarumque

1857 1485 2142 1550 potionum
2169 1498 2291 1551 quae
2329 1497 2395 1536 ex
2433 1482 2595 1537 melle
2648 1482 3040 1547 coniiciuntur,
3095 1484 3311 1552 copiam
3349 1483 3433 1536 in-

1856 1571 2161 1634 venissent,
2201 1582 2257 1626 et
2287 1571 2355 1626 iis
2385 1571 2545 1626 avide
2572 1587 2633 1627 se
2661 1572 3089 1642 ingurgitassent
3114 1612 3129 1636 ,
3162 1572 3218 1627 in
3245 1572 3432 1627 cmlia-

1857 1678 1979 1717 cum
2011 1664 2259 1717 morbum
2303 1662 2638 1718 inciderunt.
2672 1663 2792 1730 Quo
2815 1663 3061 1734 Cegenes
3082 1678 3113 1719 e
3151 1664 3430 1734 transfuga

1858 1757 2105 1828 cognito,
2160 1755 2425 1811 Romanis
2480 1756 2655 1825 copiis
2709 1754 2767 1809 fit
2800 1765 2995 1810 auctor
3046 1756 3235 1811 hostes
3267 1755 3423 1812 inva-

1855 1846 2047 1901 dendi.
2099 1847 2205 1902 Eas
2238 1863 2362 1902 cum
2409 1847 2636 1902 Barbari
2690 1847 2887 1902 morbo
2942 1847 3179 1902 confecti
3233 1859 3428 1903 contra

1847 1949 1913 1994 se
1969 1938 2051 1994 ire
2089 1938 2379 2005 vidissent,
2432 1948 2751 2007 aestuantes,
2792 1948 2845 1993 et
2893 1937 3095 1994 animis
3142 1940 3428 2011 armisque

1852 2031 2102 2104 abjectis,
2163 2030 2289 2086 facti
2341 2031 2639 2103 supplices,
2681 2031 2935 2087 hostibus
2977 2047 3038 2088 se
3069 2031 3424 2089 dediderunt.

1851 2127 2179 2196 Quicunque
2231 2137 2365 2178 vero
2413 2123 2470 2177 in
2506 2121 2779 2193 Cegenem
2834 2121 3172 2189 inciderunt,
3225 2125 3425 2191 partim

1850 2224 2051 2295 gladiis
2087 2235 2217 2280 sunt
2252 2222 2534 2289 trucidati,
2562 2224 2763 2294 partim
2797 2238 2934 2279 auro
2981 2222 3052 2278 ad
3096 2225 3426 2279 servitutem

1850 2318 2088 2373 venditi.
2121 2318 2354 2388 Reliqua
2382 2315 2677 2371 multitudo
2702 2314 2966 2372 Romanis
3006 2316 3125 2372 usui
3157 2316 3274 2372 fore
3307 2319 3423 2373 visa

1848 2420 1955 2473 est,
2013 2412 2059 2465 si
2106 2411 2275 2465 armis
2312 2408 2584 2478 ademptis
2637 2407 2692 2464 in
2750 2408 3025 2481 Bulgaria,
3075 2409 3310 2464 maxima
3357 2423 3429 2465 ex

1849 2513 2005 2573 parte
2042 2503 2289 2577 deserta,
2338 2502 2410 2558 ob
2463 2512 2683 2573 gentem
2731 2502 2879 2556 illam
2918 2517 3027 2556 non
3085 2502 3160 2556 ita
3207 2501 3424 2571 pridem

1849 2595 2536 2662 eversam,'collocarctur
2588 2611 2603 2649 :
2658 2593 2826 2665 idque
2867 2595 3023 2664 jussu
3076 2592 3428 2663 imperatoris

1847 2687 2049 2742 factum
2104 2695 2208 2740 est.
2279 2684 2562 2755 Tyrarhus
2598 2698 2731 2737 vero
2777 2690 2834 2737 et
2884 2696 3139 2752 proceres
3173 2681 3314 2751 ejus,
3356 2679 3426 2736 ad

1849 2778 2000 2833 illum
2030 2778 2304 2848 perducti,
2360 2776 2648 2847 baptizati,
2692 2776 3018 2846 magnisque
3054 2774 3421 2844 dignitatibus

1847 2869 2027 2924 ornati
2061 2878 2206 2923 sunt.
2242 2868 2310 2924 Ut
2355 2877 2539 2923 autem
2575 2882 2642 2922 eo
2685 2875 2931 2937 tempore
2988 2866 3249 2922 Romanis
3294 2879 3422 2919 cum

1851 2961 2044 3015 Turcis
2069 2961 2209 3014 bella
2249 2970 2406 3013 erant
2437 2961 2491 3015 in
2519 2958 2748 3014 Oriente
2791 2999 2806 3024 ,
2838 2959 3159 3028 imperator,
3205 2956 3424 3011 delectu

1846 3060 1972 3106 acto
2006 3067 2073 3104 xv
2104 3051 2272 3105 millia
2301 3051 2716 3106 Patzinacarutn
2748 3052 2941 3114 armis.
2983 3051 3165 3120 equis,
3199 3059 3257 3105 et
3305 3063 3419 3104 suae

1845 3141 2024 3213 gentis
2069 3141 2305 3196 ducibus
2358 3142 2520 3203 datis,
2571 3140 2955 3212 Chrysopolim
2992 3149 3327 3194 transvectos
3363 3138 3420 3193 in

1844 3234 2081 3291 lberiam
2107 3235 2187 3291 ire
2209 3236 2373 3308 jussit
2401 3251 2414 3289 :
2442 3237 2540 3290 viae
2563 3249 2783 3306 quoque
2816 3243 3179 3288 monstratore
3208 3232 3420 3289 addito.

1842 3328 2103 3396 Quicum
2143 3328 2211 3383 ad
2263 3328 2562 3382 Dantatrim
2610 3329 3015 3398 pervenissent,
3069 3327 3416 3390 restiterunt,

1844 3436 1947 3477 nec
1974 3421 2114 3476 ultra
2160 3419 2417 3491 progredi
2464 3421 2780 3479 voluerunt.
2821 3416 2918 3473 sed
2966 3418 3198 3487 regressi
3245 3431 3421 3486 usque

1842 3514 1909 3567 ad
1964 3512 2188 3577 fretum,
2250 3512 2389 3566 mari
2431 3515 2586 3584 juxta
2637 3512 2705 3567 D.
2760 3510 2975 3566 Tarasii
3021 3512 3417 3566 monasterium

1843 3603 2007 3674 259
2041 3605 2198 3673 equis
2230 3603 2572 3667 transmisso,
2602 3603 2954 3658 continenter
2986 3601 3213 3672 profecti
3262 3609 3417 3668 sunt,

1842 3696 2020 3750 donec
2051 3711 2109 3749 se
2142 3712 2265 3751 cum
2303 3695 2667 3767 popularibus
2691 3696 2806 3749 suis
2840 3694 3274 3766 conjunxissent,
3305 3708 3418 3764 quo

1840 3787 1988 3843 facto
2014 3790 2387 3844 tabernaculis
2436 3788 2493 3844 in
2520 3788 2731 3858 campis
2779 3787 2846 3842 ad
2901 3787 3050 3856 ripas
3104 3785 3230 3840 Istri
3270 3784 3416 3852 ﬁxis,

1843 3882 2136 3938 Thraciam
2183 3881 2561 3946 incursarunt,
2592 3880 2767 3950 c0piis
2798 3878 3172 3950 imperatoriis
3223 3884 3418 3932 contra

1841 3987 1901 4028 se
1931 3972 2112 4028 missis
2141 3969 2377 4025 subinde
2401 3969 2739 4040 superiores,
2772 3975 2834 4022 ut
2859 3967 3084 4033 impune
3114 3981 3214 4035 per
3240 3975 3414 4020 totam

1842 4065 2132 4119 Thraciam
2192 4074 2249 4119 et
2302 4061 2676 4118 Macedoniam
2738 4066 3195 4129 vagarentur;et
3230 4057 3415 4112 omnia

1841 4157 2245 4227 praedarentur,
2303 4169 2415 4208 non
2464 4162 2674 4209 remota
2728 4151 3014 4215 duntaxat,
3065 4148 3161 4203 sed
3189 4156 3246 4202 et
3288 4149 3412 4203 urbi

1842 4250 2091 4303 finitima.
2127 4246 2368 4302 Tandem
2397 4261 2530 4300 vero
2566 4259 2670 4298 xu
2703 4256 2970 4298 annorum
3013 4238 3262 4293 inducias
3286 4253 3411 4292 cuiu

1841 4339 2104 4397 Romanis
2144 4340 2526 4408 paciscuntur.
2576 4336 2647 4392 Et
2693 4335 2785 4390 hic
2827 4332 2959 4388 belli
2993 4331 3410 4387 Palzinacarum

1841 4433 1945 4487 fuit
1971 4432 2174 4488 exitus.

154 4527 371 4596 τάρχας
418 4529 605 4593 αὐτοῖς
655 4533 719 4584 ἐκ
754 4531 861 4585 τῶν
917 4534 1217 4604 ὁμογενῶν,
1268 4538 1326 4588 ἐν
1381 4537 1728 4609 Χρυσοπόλει
1804 4544 2233 4615 διεπεραίωσεν,
2310 4545 2393 4606 είς
2459 4542 2700 4615 Ἰϐηρίαν
2791 4540 3060 4601 κελεύσας
3121 4538 3410 4619 daremdii;

155 4622 325 4687 τάξας
388 4625 572 4691 αὐτοῖς
626 4628 723 4681 καὶ
783 4634 1137 4700 προηγήτορα
1191 4633 1289 4702 τῆς
1338 4633 1482 4687 ὁδοῦ.
1541 4633 1632 4698 Ὠς
1687 4636 1733 4688 δ’
1772 4636 1868 4691 οὖν
1924 4640 2055 4710 περὶ
2119 4637 2208 4691 τὸν
2240 4639 2536 4707 Δαμαρτὺν
2561 4637 3067 4706 ἥκασιν,ἐστησαν,
3099 4634 3193 4686 καὶ
3223 4635 3413 4701 πρόσω

156 4712 364 4781 βαίνειν
394 4716 497 4769 οὐκ
550 4717 740 4789 ἤθελον
767 4737 784 4751 ο
837 4723 918 4783 εἰς
976 4721 1221 4773 τούπίσω
1276 4720 1332 4774 δὲ
1364 4725 1734 4794 χωρήσαντες,
1775 4729 1872 4782 καὶ
1942 4729 2072 4797 ἄχρι
2140 4727 2235 4781 τοῦ
2266 4730 2514 4800 πορθμοῦ
2561 4728 2880 4798 ἐφθακότες,
2926 4726 3023 4778 σὺν
3065 4726 3176 4788 τοῖς
3227 4725 3410 4790 ἵπποις

154 4810 251 4878 τὴν
308 4808 591 4865 θάλασσαν
647 4812 1217 4883 διαπορθμευοάμενοι
1286 4817 1427 4868 κατά
1486 4818 1586 4886 τὴν
1637 4819 1731 4871 τοῦ
1773 4821 1931 4890 ἁγίου
1994 4822 2272 4893 Ταρασίου
2336 4822 2524 4894 μονὴν,
2558 4822 2752 4881 αὐτίκα
2782 4818 3219 4887 συντεταγμένην
3249 4836 3408 4892 ποιη-

155 4903 515 4976 σάμενοιτὴν
542 4908 1015 4978 όδοιπορίαν,τοῖς
1073 4911 1362 4979 ὁμογενέσι
1430 4914 1804 4984 προσήνωντο,
1846 4918 1943 4970 καὶ
1999 4919 2119 4970 ἐπεὶ
2167 4918 2304 4987 ὁμοῦ
2362 4916 2856 4988 συνηθροίσθησαν,
2912 4914 3155 4986 ἀπῆλθον
3217 4916 3310 4970 καὶ
3354 4918 3413 4969 ἐν

153 5003 267 5064 τοῖς
360 5002 712 5072 παριστρίοις
770 5006 977 5068 πεδίοις
1071 5005 1346 5076 ἐπήξαντο
1402 5009 1502 5072 τὰς
1564 5011 1813 5079 σκηνάς,
1853 5013 2061 5065 ἐκεῖθεν
2121 5012 2167 5065 δ’
2221 5013 2567 5084 ὁρμώμενοι,
2631 5009 2699 5062 τά
2758 5008 2997 5079 Θρᾳκῷα
3058 5010 3409 5081 κατέτρεχον.

156 5100 432 5163 Πολλάκις
487 5100 545 5152 δὲ
594 5100 689 5154 τοῦ
747 5102 1012 5172 βασιλέως
1041 5102 1162 5157 κατ’
1194 5105 1377 5158 αὐτῶν
1455 5107 1774 5177 στράτευμα
1849 5109 2208 5179 πέμψαντος,
2268 5108 2720 5179 ἐπικρατέστεροι
2784 5101 2926 5175 ἦσαν
2996 5105 3045 5158 οἱ
3106 5106 3405 5177 Βάρδαροι,

155 5198 297 5252 ὥστε
328 5201 428 5252 καὶ
461 5197 635 5262 ἀδεῶς
682 5199 829 5253 κατὰ
880 5201 1060 5271 πάσης
1119 5204 1218 5271 τῆς
1262 5202 1485 5274 Θρᾴκης
1549 5204 1645 5259 καὶ
1705 5206 1804 5277 τῆς
1842 5207 2185 5271 Μακεδονίας
2240 5204 2652 5266 σκεδάννυσθαι,
2702 5202 2800 5257 καὶ
2856 5201 3007 5256 λείαν
3056 5203 3275 5258 ἅπαντα
3323 5202 3407 5255 τί-

155 5292 370 5356 θεσθαι,
408 5292 505 5345 καὶ
536 5294 597 5345 ού
637 5292 709 5345 τὰ
758 5292 950 5362 πόρρω
1003 5294 1183 5363 μόνον,
1229 5292 1367 5349 ἀλλὰ
1424 5297 1610 5366 μέντοι
1644 5298 1739 5351 καὶ
1780 5297 1852 5351 τὰ
1899 5301 1964 5369 τῇ
2001 5299 2154 5352 πόλει
2202 5296 2496 5368 ἀγχίθυρα.
2564 5294 2732 5359 Τέλος
2789 5294 2847 5348 δὲ
2898 5295 3216 5349 σπένδονται
3268 5297 3406 5349 Ῥω-

156 5384 337 5455 μαίοις
375 5382 817 5453 τριακοντούτεις
869 5382 1124 5449 σπονδὰς,
1177 5384 1272 5438 καὶ
1327 5383 1503 5450 οὓτως
1553 5388 1583 5440 ό
1615 5385 1726 5440 τῶν
1767 5386 2126 5452 Πατζινάκων
2159 5387 2315 5461 ἔληξε
2343 5388 2598 5459 πόλεμος.

224 5499 351 5554 ΚΖ¹.
368 5498 431 5552 ὐ
460 5498 517 5551 δέ
545 5497 775 5552 σουλτὲιν
797 5501 898 5552 οὐκ
926 5497 1120 5570 ἔληγεν
1140 5498 1311 5552 ἐπιὼν
1334 5500 1433 5563 τὰς
1463 5499 1567 5553 ὑπὸ
1597 5500 1735 5555 Ῥω-

1908 5502 2122 5560 XXVII.
2163 5503 2423 5560 Sullanus
2453 5517 2582 5557 vero
2616 5502 2887 5556 Romanas
2917 5501 3082 5557 urbes
3106 5513 3161 5557 et
3189 5504 3406 5573 provin-

158 5596 350 5664 μαίους
382 5591 569 5664 χώρας
599 5593 694 5646 καὶ
746 5592 954 5656 πόλεις,
1006 5592 1101 5645 καὶ
1128 5592 1227 5656 τὰς
1258 5592 1359 5663 μέν
1388 5592 1734 5664 ληϊζόμενος,

1850 5594 1961 5650 cias
1988 5595 2245 5651 infestare
2279 5609 2387 5648 non
2448 5593 2678 5657 destitit,
2711 5594 2835 5648 aliis
2871 5593 3124 5658 direptis,
3155 5596 3279 5651 aliis
3311 5613 3408 5653 va-

155 5687 253 5752 τὰς
274 5688 322 5742 δ’
350 5685 641 5759 ἐκπορθῶν
670 5701 732 5738 τε
768 5686 864 5738 καὶ
899 5684 1293 5754 οἰκειούμενος.
1328 5686 1483 5738 Κατὰ
1509 5685 1732 5750 τούτους

1850 5687 2035 5749 statis,
2079 5685 2202 5740 aliis
2235 5699 2334 5740 suo
2373 5698 2540 5753 regno
2591 5684 2842 5756 adjectis.
2890 5684 3005 5739 Sub
3060 5686 3115 5740 id
3190 5697 3408 5760 tempus

156 5783 279 5846 τοὺς
320 5780 553 5854 χρόνους
605 5780 705 5834 καὶ
758 5776 1055 5852 ἐπιϐουλὴν
1096 5777 1221 5834 καθ’
1256 5776 1449 5833 ἐαυτοῦ
1495 5780 1524 5831 ό
1574 5778 1733 5832 αύτο-

1850 5775 2139 5848 imperator
2166 5775 2392 5834 insidias
2415 5774 2521 5833 sibi
2564 5774 2735 5831 factas
2769 5774 3168 5847 deprehendit,
3217 5795 3250 5837 a
3295 5781 3405 5838 Ro-
