3964 6252
259 334 364 399 281

261 450 561 529 λελυμένον
613 451 1007 522 αἰχμαλωσίας,
1065 440 1158 504 καῖ
1210 451 1241 522 ή
1299 453 1634 522 Χρυσόπολις

258 543 359 597 τὸν
382 545 717 611 ἀποστάτην,
742 543 836 596 καὶ
864 543 1063 596 αὐτίκα
1117 542 1228 612 πῦρ
1268 546 1385 606 ταῖς
1441 546 1617 596 ἐκεῖσε
1655 548 1852 609 οἶκίαις

261 637 488 705 ἐνῆκεν.
547 634 605 688 Ὀ
649 635 705 687 δὲ
758 634 1013 702 βασιλεὺς
1048 634 1266 704 ἀξίωμά
1313 654 1373 688 τε
1430 638 1839 705 κουροπαλάτου

262 725 421 791 αὐτῷ
446 724 841 794 ἐπηγγέλλετο,
885 726 933 777 εἰ
981 725 1049 777 τὰ
1092 725 1232 777 ὅπλα
1282 725 1594 791 κατάθοιτο,
1632 729 1724 778 καὶ
1754 728 1851 797 τὴν

260 818 507 881 γυναῖκα.
541 818 703 871 αὐτοῦ
744 818 884 888 μετᾶ
926 818 1034 871 τῶν
1070 820 1274 872 τέκνων
1302 821 1610 891 ἐξέπεμψεν
1638 837 1652 853 ’
1686 824 1802 876 ἀλλ’
1824 826 1851 877 ὀ

263 909 553 981 βάρϐαρος
608 910 904 972 ἀτίθασσος
964 906 1053 980 ἦν.
1116 912 1526 983 Μετεπέμψατο
1590 915 1768 968 τοίνυν
1823 917 1850 968 ὁ

263 1003 525 1071 βασιλεὺς
550 1003 691 1055 κατὰ
721 1003 814 1055 τοῦ
857 1003 1170 1056 Ῥουσελίου
1198 1004 1480 1076 Τούρκους
1508 1008 1601 1059 ἐπὶ
1633 1008 1813 1077 μισθῷ
1835 1026 1846 1039 ·

258 1098 290 1150 ὁ
325 1095 410 1163 δὲ,
440 1098 513 1165 μὴ
548 1095 853 1164 ἀξιόχρεως
903 1094 977 1148 ὦν
1007 1097 1146 1165 πρδς
1197 1097 1290 1149 τὸν
1328 1100 1585 1167 πόλεμον,
1613 1100 1730 1153 λύει
1759 1102 1849 1154 τὸν

262 1186 532 1256 Καίσαρι
576 1188 687 1239 τῶν
742 1186 978 1255 δεσμῶν,
1046 1189 1143 1239 καὶ
1196 1189 1499 1258 εὐφημίαις
1526 1192 1849 1261 ἀναγορεύει

262 1277 602 1348 βασιλικαῖς,
635 1278 885 1347 οἰόμενος
937 1279 1311 1348 προσθήσεθαί
1369 1283 1418 1335 οἱ
1473 1282 1719 1347 πολλούς.
1755 1286 1847 1338 Αἴ-

261 1385 408 1438 φνης
456 1367 515 1421 δὲ
562 1369 823 1439 Τούρκων
863 1369 1271 1436 ἀναφανέντων,
1307 1372 1334 1423 ὁ
1383 1371 1689 1436 Ῥουσὲλιος
1728 1375 1849 1427 κατ’

258 1462 450 1515 αὐτῶν
477 1461 787 1532 βαρϐαρικῇ
808 1461 1112 1533 θρασύτητι
1134 1464 1555 1534 ἀπερισκέπτως
1577 1465 1844 1538 ἐχώρησε,

259 1551 363 1604 καὶ
407 1551 642 1613 πολλοὺς
693 1552 791 1619 μὲν
837 1554 888 1603 οἱ
930 1552 1179 1622 Φράγγοι
1231 1553 1341 1607 τῶν
1386 1553 1645 1624 Τούρκων
1683 1556 1845 1608 κατέ·

260 1643 456 1710 σαλον,
490 1647 618 1708 τοὺς
650 1646 724 1698 δ’
780 1644 973 1708 ἄλλους
1003 1645 1323 1715 ,ἐτρέψαντο
1370 1648 1450 1709 εἰς
1486 1648 1689 1717 φυγὴν,
1746 1648 1844 1702 καὶ

258 1735 527 1808 ἀκρατῶς
557 1735 808 1792 ἐδίωκον.
862 1737 927 1790 Οἱ
991 1738 1092 1808 μὲν
1124 1734 1218 1791 οὖν
1266 1738 1486 1802 πλείους
1539 1740 1714 1793 ὀπίσω
1743 1754 1844 1793 που

1456 308 1863 398 ΑΝνΑίέιυΜ
1902 338 2048 400 LIB.
2091 339 2311 401 xvm.

3430 343 3537 408 2:2

1701 451 1844 525 εἶχεν
1875 471 1920 528 Α
1948 455 2358 511 multitudinem
2391 473 2511 527 quae
2547 457 2715 512 multa
2752 457 2920 513 millia
2950 459 3289 529 complebat,
3320 460 3533 517 incide-

1957 558 2125 601 runt:
2163 562 2286 601 cum
2318 548 2519 616 quibus
2551 549 2633 603 vel
2672 548 2827 602 inviti
2863 546 3104 619 pugnare
3150 550 3361 616 coacti,
3406 560 3463 606 et
3494 567 3526 607 α

1956 632 2306 694 multitudine
2351 640 2745 702 circumventi,
2787 642 3005 695 amissis
3042 643 3203 712 equis
3245 643 3409 715 ambo
3438 658 3535 697 ca-

1955 732 2202 803 piuntur.
2232 731 2307 785 Ac
2335 731 2616 785 Ruselium
2648 746 2785 785 uxor
2820 742 3030 785 mature
3063 731 3320 793 redemit,
3355 733 3533 787 Ca-sa~

1954 840 2066 878 rem
2118 840 2248 876 vero
2300 822 2627 890 iniperator’;
2681 822 2744 875 ad
2798 837 2959 891 quem
3015 824 3531 892 dumperducitttr.

1953 931 2076 968 cum
2125 912 2188 966 ad
2229 912 2620 980 Propontidem
2672 911 2946 973 venisset,
2983 912 3182 980 capillo
3219 928 3372 975 raso,
3412 930 3533 967 mll-

1954 1015 2173 1074 tataque
2204 1006 2370 1075 288
2401 1016 2551 1058 veste
2575 1046 2586 1065 ,
2625 1004 2985 1056 monasticam
3032 1005 3304 1058 lucernam
3340 1008 3528 1066 sumit,

1952 1108 2205 1153 metuens
2236 1116 2302 1152 ne
2339 1098 2409 1150 ob
2446 1097 2677 1166 imperii'
2701 1095 2923 1148 titulum
2960 1111 2986 1147 ιι
3027 1106 3226 1164 nepote
3258 1097 3531 1165 supplicio

1951 1189 2277 1245 aﬂict‘rctur.
2329 1191 2396 1241 At
2440 1188 2702 1243 Rusclius
2746 1203 2774 1239 a
2824 1186 3141 1255 captivitate
3190 1187 3528 1255 redemptus,

1952 1293 2013 1337 ut
2060 1283 2268 1336 dictum
2309 1290 2429 1347 est,
2473 1297 2595 1334 cum
2643 1295 2813 1333 uxore
2847 1287 2902 1331 ct
2947 1278 3175 1346 reliquis
3219 1279 3442 1333 Francis
3475 1280 3528 1332 in

1951 1378 2294 1449 provinciam
2337 1377 2792 1431 Armeniaeorum
2831 1390 2888 1427 se
2935 1374 3199 1439 contulit,
3249 1373 3341 1426 tibi
3381 1373 3533 1441 prius

1949 1472 2114 1528 etiam
2144 1472 2305 1525 vitam
2332 1479 2541 1540 egerat.
2572 1469 2876 1537 Imperator
2909 1466 3075 1535 igitur
3097 1465 3346 1520 Alcxium
3375 1465 3535 1518 Com-

1949 1579 2156 1618 nenum
2189 1562 2505 1632 praesidem,
2534 1560 2944 1615 adolescentem
2978 1560 3131 1613 illum
3161 1558 3407 1628 quidem,
3437 1556 3533 1612 sed

1950 1653 2278 1724 prudentem
2321 1662 2376 1708 et
2421 1661 2739 1710 strenuum.
2767 1661 2961 1706 contra
3011 1667 3137 1706 eum
3187 1650 3379 1704 mittit.
3425 1650 3529 1713 Qui

1952 1765 2077 1803 cum
2122 1747 2399 1801 Amasiam
2442 1748 2806 1817 pervenisset,
2841 1744 3042 1799 Turcis
3077 1743 3293 1799 occulte
3325 1742 3535 1813 signiti-

259 1828 708 1896 ἀπελείφθησαν,
745 1829 855 1882 τῶν
917 1831 1102 1883 ἵππων
1160 1833 1315 1898 σφίσι
1364 1831 1437 1900 μὴ
1485 1831 1846 1885 εὐτονούντων

1949 1851 2068 1901 cat,
2114 1841 2159 1894 si
2208 1839 2490 1894 Ruselium
2528 1838 2630 1893 sibi
2672 1838 2975 1903 traderent,
3013 1853 3072 1892 se
3125 1838 3235 1892 illis
3269 1836 3533 1907 grandem

257 1922 406 1991 πρὸς
436 1922 500 1975 τὸ
526 1921 665 1976 πολὺ
700 1923 799 1992 τῆς
841 1921 1098 1987 διώξεως.
1155 1922 1214 1976 '0
1290 1924 1592 1987 Ῥουσέλιος
1621 1925 1676 1978 δὲ
1705 1925 1844 1993 μετὰ

1949 1933 2190 2000 ρεαυιιταξ
2238 1945 2505 1984 summam
2568 1929 2847 1983 daturum.
2905 1928 3093 1997 Itaque
3148 1928 3226 1982 illi
3286 1926 3531 1981 amicitia

258 2012 362 2067 τοῦ
390 2015 672 2085 Καίσαρος
715 2016 812 2067 σὺν
850 2016 1056 2082 ὀλίγοις
1103 2017 1429 2086 ἐπήλαυνον.
1482 2018 1619 2083 Ἤδη
1656 2018 1711 2070 δὲ
1739 2020 1846 2069 τῶν

1949 2023 2237 2085 simulata,
2294 2023 2474 2076 virum
2528 2022 2989 2090 comprehensum
3044 2033 3240 2089 magna
3298 2017 3532 2084 pecunia

258 2103 485 2157 alr.st
530 2106 924 2175 ἐκμηκυνθεῖσι
958 2106 1118 2171 πολὺ,
1170 2108 1334 2177 ἑτέρα
1369 2108 1579 2179 πληθὺς
1607 2096 1847 2178 ἀνεφάνη

1949 2122 2375 2178 commutarunt,
2397 2116 2489 2185 qui
2523 2115 2709 2168 statim
2738 2113 2806 2166 ab
2837 2112 3028 2167 Alexio
3053 2109 3375 2181 Byzantium
3402 2124 3534 2178 per-

260 2195 536 2266 Τούρκων
565 2198 647 2260 εἰς
682 2197 887 2261 πολλὰς
928 2199 1072 2252 πάνυ
1123 2196 1368 2269 χιλιάδας
1417 2199 1803 2271 ἀριθμουμένη
1830 2216 1846 2232 ⁸

1949 2206 2182 2268 ductus,
2226 2214 2282 2259 et
2308 2208 2442 2275 post
2471 2204 2680 2259 atrocia
2720 2211 2990 2257 tormenta
3026 2201 3079 2254 in
3118 2199 3254 2255 tttrri
3295 2199 3532 2268 quadam

257 2288 341 2351 ὡς
359 2287 404 2341 δ’
433 2289 671 2358 ἐπῆλθον
701 2293 888 2356 αὐτοῖς
913 2293 960 2344 οἱ
989 2292 1271 2361 φανέντες,
1302 2292 1398 2344 καὶ
1421 2292 1648 2355 ἄκοντες
1668 2294 1847 2357 αὐτοῖς

1949 2306 2031 2352 est
2058 2297 2321 2353 inclusus.
2354 2295 2492 2362 Quia
2518 2311 2648 2350 vero
2676 2296 2779 2348 sub
2804 2294 2911 2347 hoc
2939 2294 3273 2362 imperatore
3301 2304 3536 2343 annonae

260 2383 713 2453 συνερράγησαν,
738 2384 1182 2453 περιειληθέντες
1209 2383 1255 2438 δ’
1289 2384 1393 2437 ὑπὸ
1428 2383 1525 2437 τοῦ
1580 2384 1845 2455 πλήθους,

1949 2386 2179 2439 caritate
2211 2386 2519 2439 laboratum
2557 2394 2670 2447 est,
2714 2393 2775 2438 ut
2813 2398 2921 2437 non
2959 2383 3175 2452 integer
3222 2378 3537 2434 medimnus

260 2474 365 2526 καὶ
388 2474 516 2537 τοὺς
544 2474 749 2538 ἵππους
770 2475 1159 2540 ἀποόαλόντες,
1204 2475 1455 2531 ἑάλωσαν
1482 2477 1511 2530 ὃ
1534 2493 1594 2530 τε
1636 2477 1847 2547 Καῖσαρ

1950 2476 2287 2530 numisinate
2316 2476 2676 2541 venderetur,
2705 2474 2800 2530 sed
2838 2472 3056 2544 pinaeio
3091 2472 3294 2536 minus,
3324 2469 3418 2539 qui
3449 2476 3536 2523 cst

260 2563 366 2617 καὶ
423 2565 455 2619 ὁ
522 2565 852 2628 Ῥονσέλιος.
925 2566 1090 2619 Ἀλλὰ
1142 2567 1237 2620 τὸν
1273 2567 1376 2637 μὲν
1452 2566 1761 2621 Ῥουσέλιον
1819 2568 1847 2637 ἡ

1950 2566 2216 2621 medimni
2273 2565 2595 2636 quadrans:
2633 2567 2849 2636 publica
2903 2566 3182 2619 calamitas
3226 2575 3532 2630 cognomen

264 2656 525 2721 σύνευνος
585 2658 935 2729 προλαϐοῦσα
994 2659 1257 2730 ἐπρίατο,
1334 2658 1427 2712 τὸν
1485 2658 1541 2712 δὲ
1596 2659 1847 2729 Καίσαρα

1952 2657 2033 2713 illi
2062 2657 2220 2721 fecit,
2266 2668 2325 2711 ut
2356 2658 2522 2712 etiam
2554 2658 2720 2713 hodie
2750 2658 2830 2713 sic
2860 2666 3091 2712 vocetur
3111 2697 3126 2721 ,
3160 2670 3339 2724 neque
3371 2653 3535 2708 aliter

258 2745 291 2798 δ
333 2745 595 2815 βασιλεὺς
650 2748 1018 2819 ἐλυτρώσατο.
1078 2748 1139 2802 Ὀ
1195 2749 1279 2815 δὲ,
1310 2734 1666 2818 ἇπαγόμενος
1718 2746 1847 2819 προς

1959 2759 2309 2819 agnowatut',
2336 2749 2441 2803 nisi
2474 2748 2885 2819 Parapinacium
2914 2748 3144 2802 dixeris.

256 2836 356 2889 τὸν
406 2837 666 2907 βασιλέα,
734 2839 828 2893 καὶ
891 2842 950 2894 ὲν
1004 2843 1071 2911 τῇ
1134 2842 1456 2913 Προποντίδι
1513 2842 1827 2913 γενόμενος,
1863 2841 2109 2911 κείρεται
2172 2842 2271 2911 τὴν
2318 2844 2479 2914 τρίχα
2529 2844 2623 2897 καὶ
2660 2842 3128 2912 μεταμφιέννυται
3172 2838 3271 2910 τὴν
3322 2834 3534 2905 στολὴν,

261 2932 434 3003 dixe;
470 2933 765 3003 μοναχικον
796 2936 1162 3005 μεταθέμενος
1182 2953 1196 2966 ·
1223 2936 1511 3005 ηὐλαόεῖτο
1542 2935 1651 3007 γὰρ
1686 2938 1760 3005 μή
1795 2955 1847 2989 τι
1880 2936 2040 2990 ’πάθοι
2066 2937 2199 3008 πρὸς
2226 2938 2320 2990 τοῦ
2351 2937 2575 3005 ἀνεψιοῦ
2604 2938 2690 2989 διὰ
2720 2939 2819 3007 τὴν
2849 2937 3168 3007 ἀνάρρησιν.
3226 2932 3286 2985 Ὀ
3301 2931 3358 2985 δὲ
3379 2930 3535 2982 Ῥου⁹

262 3027 467 3092 uilior,
497 3026 700 3089 λυθεὶς,
725 3028 803 3092 ὡς
831 3030 1070 3099 εἴρηται,
1099 3031 1198 3100 τῆς
1223 3030 1620 3100 αἰχμαλωσίας,
1650 3030 1746 3099 τὴν
1774 3032 2010 3096 γυναῖκα
2044 3032 2181 3098 μετὰ
2214 3030 2323 3081 τῶν
2346 3029 2803 3099 περιλειφθέντων
2836 3028 3103 3097 Φράγγων
3128 3023 3329 3086 λαϐὼν,
3367 3023 3443 3084 είς
3476 3017 3537 3075 τὸ

256 3116 375 3172 τῶν
412 3119 788 3188 Ἀρμενιακῶν
819 3119 963 3190 θέμα
991 3121 1228 3188 ἐγένετο,
1260 3122 1319 3172 ὲν
1403 3121 1556 3189 διῆγε
1584 3121 1679 3173 καὶ
1704 3119 1990 3191 πρότερον.
2017 3120 2235 3172 Στέλλει
2266 3120 2445 3172 τοίνυν
2480 3122 2508 3173 ὁ
2542 3119 2790 3188 βασιλεὺς
2821 3120 2942 3172 κατ’
2968 3118 3130 3171 αὐτοῦ
3156 3117 3247 3171 τὸν
3275 3113 3537 3186 πρόεδρον

270 3215 516 3280 ’Δλέξιον
542 3217 632 3269 τὸν
651 3219 958 3289 Κομνηνδν,
987 3220 1102 3273 νέον
1127 3221 1224 3289 μὲν
1246 3221 1396 3281 ὄντα,
1425 3219 1592 3287 ἄνδρα
1609 3219 1664 3273 δέ
1685 3236 1747 3284 γε
1768 3218 1984 3272 συνετὸν
2004 3221 2097 3273 καλ⁹
2116 3220 2596 3292 δραστήριον.’ος,
2615 3220 2904 3288 γενόμενος
2936 3216 3075 3269 κατὰ
3102 3216 3199 3280 τὴν
3216 3212 3271 3263 Ἀ
3281 3210 3537 3279 μάσειανν

259 3304 330 3360 δι’
378 3310 712 3381 ἀπορῤἢτων
762 3310 913 3380 δηλοῖ
965 3314 1078 3374 τοῖς
1128 3313 1172 3365 Τ
1175 3312 1393 3382 ούρκοις
1427 3312 1521 3378 ὡς,
1553 3313 1603 3365 εί
1632 3310 1998 3379 κατασχόντες
2025 3312 2116 3366 τὸν
2154 3311 2455 3365 Ῥουσέλιον
2481 3312 2768 3382 παραδοῖεν
2790 3310 2977 3362 τοῦτον
3003 3305 3170 3373 αὐτῷ,
3203 3300 3411 3354 πολλῶν
3441 3299 3541 3351 αὐ·-

259 3403 391 3465 τοῦς
435 3404 710 3474 ἐμπλήσει
750 3404 1069 3473 χρημάτων.
1134 3405 1323 3457 Φιλίαν
1372 3404 1464 3458 οὖν
1505 3403 1892 3473 ὑποκριθέντες
1931 3405 2132 3457 ἐκεῖνοι
2195 3402 2331 3472 πρὸς
2389 3401 2479 3455 τὸν
2540 3402 2840 3456 Ἰνουσέλιον
2898 3398 3161 3468 κατέσχον
3215 3393 3308 3447 τὸν
3366 3392 3536 3458 ἄνδρα

259 3497 362 3550 καὶ
397 3495 611 3550 πολλῶν
641 3497 803 3549 αὑτὸν
835 3498 1136 3568 χρημάτων
1187 3497 1509 3567 ἠλλάξαντο,
1577 3498 1634 3560 ὃς
1704 3497 1905 3550 αὐτίκα
1977 3497 2130 3565 παρὰ
2186 3496 2282 3549 τοῦ
2332 3495 2569 3560 Ἀλεξίου
2612 3496 2832 3564 δέσμιος
2877 3491 3097 3561 ἀπήχθη
3152 3489 3289 3559 πρὸς
3337 3487 3397 3539 τὸ
3430 3486 3534 3538 Βυ-

262 3588 508 3657 ζάντιον,
544 3591 641 3643 καλ⁵
674 3590 918 3660 σφοδρῶς
948 3590 1216 3652 αἰκισθεὶς
1245 3591 1324 3653 είς
1363 3589 1572 3659 πύργον
1608 3589 1829 3656 δέσμιος
1910 3589 2365 3643 κατακέκλειστο.
2404 3589 2557 3642 Σίτου
2618 3590 2675 3642 δὲ
2705 3586 3003 3656 γενομένης
3044 3582 3250 3644 ἐνδείας
3305 3582 3364 3634 ἒν
3412 3584 3535 3642 ταῖς

264 3686 509 3755 ἡμέραις
567 3683 661 3737 τοῦ
716 3684 983 3755 βασιλέως
1028 3664 1431 3749 τούτου,’ὥστε
1521 3683 1595 3753 μὴ
1687 3683 1808 3736 ὅλον
1883 3683 2143 3753 μέδιμνον
2190 3683 2269 3746 είς
2330 3684 2572 3753 νόμισμα
2615 3684 2990 3748 ἀποδίδοσθαι,
3020 3683 3158 3736 ἀλλὰ
3211 3683 3366 3751 παρὰ
3429 3694 3528 3734 πιά

263 3779 480 3842 νάκιον,
524 3779 553 3831 ὃ
581 3782 699 3831 ἐστι
734 3780 995 3850 μεδίμνου
1022 3777 1083 3831 τὸ
1115 3777 1400 3848 τέταρτον,
1444 3778 1550 3838 είς
1617 3775 1904 3843 ἐπώνυμον
1943 3773 2022 3844 τῷ
2070 3775 2283 3844 βασιλεῖ
2315 3774 2377 3827 τὸ
2433 3776 2612 3827 κοινὸν
2662 3774 2990 3845 δυστύχημα
3052 3775 3411 3844 ἐχρημάτισε,
3456 3773 3535 3834 ὡς

264 3875 359 3927 καὶ
381 3873 547 3943 μέχρι
576 3871 731 3925 τοῦδε
765 3870 907 3923 οὕτω
938 3869 1129 3922 τοῦτον
1157 3868 1443 3921 καλεῖσθαι
1511 3868 1603 3919 τον
1665 3866 1875 3919 ἄνακτα
1898 3880 1915 3898 ο
1956 3866 2017 3918 ού
2058 3865 2169 3935 γάρ
2202 3883 2288 3926 τις
2317 3863 2494 3928 ἄλλως
2530 3866 2756 3934 γνωριεῖ
2807 3864 2996 3917 τοῦτον
3046 3866 3157 3927 τοῖς
3204 3863 3334 3934 περὶ
3366 3862 3531 3919 αὐτοῦ

263 3969 541 4037 λέγουσιν,
572 3965 620 4017 εί
651 3963 725 4033 μὴ
757 3962 844 4015 τὸν
870 3962 1283 4031 Παραπινὸικιον
1312 3962 1460 4030 εἴπῃ.

341 4101 446 4158 IZ'.
472 4100 565 4171 Τῷ
620 4100 790 4171 τρίβῳ
848 4097 891 4150 δ’
940 4097 1052 4150 ἔτει
1080 4098 1179 4166 τῆς
1231 4094 1506 4167 βασιλείας
1559 4092 1726 4147 αὐτοῦ
1780 4092 1840 4147 τὸ

2019 4090 2185 4149 XVII.
2220 4094 2409 4149 Tertio
2441 4108 2608 4164 porro
2639 4110 2782 4148 anno
2813 4093 3028 4163 imperii
3067 4092 3213 4148 illius
3242 4110 3374 4161 gcns
3396 4092 3536 4149 Cro-

268 4199 381 4253 τῶν
404 4194 706 4266 Χροϐἀτων
733 4191 909 4255 ἔθνος,
936 4189 1029 4252 οὓς
1065 4189 1128 4259 δὴ
1167 4189 1262 4241 καὶ
1293 4189 1530 4257 Σέρὸους
1561 4188 1705 4250 τινὲς
1739 4203 1841 4240 κα·

266 4290 442 4356 λοῦσι,
489 4286 840 4352 ὲκκεκίνητο,
875 4283 975 4354 τὴν
1008 4282 1118 4335 τῶν
1151 4282 1480 4352 Βουλγάρων
1508 4279 1695 4350 χώραν
1725 4280 1846 4332 ὲπι-

268 4379 592 4451 κεχειρηκδς
634 4376 948 4444 κατασχεῖν.
993 4370 1153 4424 ’Λλλᾶ
1209 4370 1315 4441 μὴν
1345 4369 1441 4422 καί
1479 4385 1607 4422 τινα
1637 4366 1846 4435 ταύτης

269 4467 636 4540 κατισχηκδς,
671 4467 893 4528 πολλαῖς
932 4463 990 4517 δὲ
1037 4464 1239 4532 μάχαις
1295 4462 1387 4515 καὶ
1434 4458 1611 4530 φθορᾷ
1638 4457 1847 4510 πολλῶν

269 4560 636 4631 ἑκατέρωθεν,
666 4558 775 4611 τῶν
809 4575 866 4610 τε
900 4555 1322 4625 κατεσχημένων
1352 4551 1703 4615 ὲκπέπτωκε,
1750 4548 1847 4603 καὶ

271 4651 738 4721 καταπολεμηθὲν
761 4650 869 4702 τῶν
907 4646 1234 4716 Ῥωμαϊκῶν
1261 4646 1429 4715 ὁρίων
1474 4643 1709 4714 ὲξώσθη,
1750 4642 1846 4695 καὶ

271 4749 351 4811 εἰς
404 4745 478 4800 τὰ
513 4744 754 4814 σφέτερα
786 4741 891 4812 ἢθη
939 4739 1126 4810 μένειν
1160 4738 1500 4807 ἧνάγκαστο.
1545 4735 1741 4796 Δοῦλος
1788 4733 1846 4788 δέ

273 4859 356 4904 τις
408 4840 505 4892 τοῦ
566 4836 773 4903 πατρὸς
798 4832 993 4887 τούτου
1020 4831 1113 4887 τοῦ
1160 4831 1562 4900 αὐτοκράτορος
1615 4829 1845 4899 Νέστωρ

271 4933 463 5000 δνομα,
515 4929 823 5000 βεστάρχης
878 4926 935 4978 δὲ
977 4925 1040 4978 το
1080 4923 1316 4993 ἀξίωμα,
1376 4921 1504 4986 δοὺξ
1556 4919 1664 4972 τῶν
1742 4920 1847 4971 Πα-

276 5021 532 5092 ριστρίων
574 5015 1002 5089 προχειρισθεὶς,
1036 5011 1168 5087 ἦρεν
1220 5014 1362 5067 ὅπλα
1408 5013 1551 5067 κατὰ
1601 5011 1701 5065 τοῦ
1745 5012 1846 5081 βαο
1870 5050 1914 5080 ι.

277 5114 486 5174 σιλέως.
556 5108 892 5180 Ὀμαιχμίαν
940 5111 1048 5178 γὰρ
1092 5108 1321 5175 θέμενος
1365 5106 1501 5175 μετά
1547 5121 1692 5167 τινος
1747 5106 1845 5172 ἀρ·

275 5204 442 5276 χηγοῦ
495 5203 872 5268 ηατζινάκων,
920 5199 979 5261 ὃς
1038 5201 1284 5253 ἐκαλεῖτο
1331 5197 1562 5261 Ἰάτοῦςν
1618 5196 1700 5258 εἷς
1745 5195 1844 5264 τὴν

275 5297 376 5348 τῶν
425 5296 641 5348 πόλεων
683 5293 1073 5364 βασιλεύουσαν
1107 5291 1497 5361 παρεγένοντο,
1555 5291 1649 5344 καί⁵
1684 5306 1797 5358 παρ
1820 5320 1841 5330 -

273 5387 523 5440 ενέδαλον
554 5387 660 5455 προ
710 5385 904 5454 αὐτῆς.
950 5383 1297 5438 Καταθέσθαι
1354 5383 1411 5435 δὲ
1459 5385 1529 5437 τὰ
1575 5384 1715 5437 ὅπλα
1749 5383 1842 5435 τοῦ

280 5478 542 5547 βασιλέως
602 5476 892 5546 δηλοῦντος
949 5472 1119 5545 αὐτῷ,
1173 5480 1379 5541 ἐκεῖνος
1430 5479 1648 5548 ἕτοιμος
1704 5470 1845 5528 εἶναι

276 5568 427 5621 τοῦτο
458 5570 685 5639 ποιῆσαι
721 5569 929 5636 ἔλεγεν,
964 5570 1012 5622 εί
1037 5570 1186 5639 αὐτῷ
1210 5572 1237 5624 ὁ
1268 5570 1561 5640 λογοθὲτης
1596 5567 1844 5640 ἐκδοθείη

280 5656 709 5730 Νικηφόρος,’ἦ
762 5659 898 5722 τέως
937 5662 1002 5714 ὲκ
1051 5661 1219 5729 μέσου
1273 5663 1523 5732 γένηται,
1558 5661 1633 5723 ὠς
1691 5660 1845 5726 κοινὴ

282 5754 530 5824 cap-api
592 5754 684 5806 καὶ
759 5753 928 5806 κακὶν
1004 5754 1310 5824 ἐπιδήμιον.
1398 5754 1569 5808 Τοῦτο
1633 5755 1688 5807 δὲ
1743 5752 1841 5805 τοῦ

1949 4196 2226 4250 vatorum,
2260 4201 2400 4254 quos
2427 4185 2678 4240 nonnulli
2715 4185 2937 4240 Servios
2967 4195 3187 4244 vocant,
3224 4183 3526 4252 Bulgariam

1948 4293 2217 4347 occupare
2249 4293 2502 4348 aggressa
2537 4286 2655 4341 est,
2689 4292 2752 4332 ac
2784 4277 3031 4346 quaedam
3065 4279 3182 4331 loca
3215 4280 3394 4347 cepit,
3428 4281 3524 4332 sed

1948 4372 2136 4425 multis
2168 4372 2367 4440 prmliis
2409 4370 2603 4434 factis,
2648 4371 2835 4425 multis
2882 4372 3146 4440 utrinque
3186 4372 3374 4433 caesis,
3410 4382 3523 4425 tum

1947 4458 2017 4513 iis
2044 4459 2267 4519 excidit,
2301 4475 2423 4528 qua:
2469 4469 2740 4523 tenuerat,
2777 4468 2888 4512 tum
2921 4460 3159 4522 devicta.
3194 4470 3251 4513 ct
3284 4461 3527 4518 lioinana

1946 4550 2158 4604 ditione
2200 4551 2452 4620 expulsa,
2498 4551 2552 4603 in
2587 4567 2717 4605 suas
2759 4552 2938 4607 redire
2983 4553 3142 4607 sedes
3186 4564 3371 4606 coacta
3419 4562 3526 4609 est.

1949 4641 2155 4697 Servus
2179 4657 2349 4712 porro
2373 4643 2597 4713 quidam
2631 4653 2894 4714 paternus
2929 4645 3298 4715 imperatoris,
3330 4646 3530 4702 Nestor

1947 4735 2194 4798 nomine,
2231 4736 2495 4805 dignitate
2526 4737 2881 4802 vestarcbes,
2923 4738 3054 4808 ripze
3086 4739 3211 4793 lstri
3244 4739 3352 4792 dux
3384 4739 3531 4795 desi—

1947 4833 2146 4892 gnatus
2169 4865 2181 4887 ,
2224 4842 2375 4879 arma
2407 4836 2598 4882 contra
2632 4828 2781 4882 illum
2817 4830 2986 4898 cepit,
3027 4840 3083 4883 et
3114 4830 3529 4900 conspiratione

1946 4931 2068 4971 cum
2097 4918 2333 4985 quodam
2367 4918 2784 4974 Patzinacarum
2817 4922 2956 4974 duce
2987 4919 3124 4975 Tato
3154 4921 3313 4986 inita,
3345 4933 3527 4977 castra

1947 5020 2075 5065 ante
2118 5012 2311 5065 urbem
2360 5011 2768 5081 imperatricem
2815 5014 3019 5082 posuit.
3062 5014 3524 5069 Monittts.autem

1945 5101 2014 5155 ab
2039 5102 2386 5170 imperatore,
2411 5112 2467 5155 ut
2493 5103 2561 5157 ab
2585 5104 2752 5159 armis
2778 5104 3108 5171 discederet,
3173 5106 3225 5160 id
3258 5122 3316 5160 se
3346 5106 3528 5162 factu-

1946 5207 2066 5244 rum
2093 5193 2405 5261 respondit,
2438 5195 2482 5248 si
2520 5194 2796 5266 logotlteta
2826 5195 3174 5266 Nicephorus
3207 5195 3526 5266 reipublicm

1947 5284 2118 5350 pestis
2162 5293 2217 5337 et
2255 5285 2439 5339 clades
2480 5288 2689 5355 populi,
2741 5288 2846 5341 sibi
2893 5288 2979 5341 vel
3021 5287 3339 5350 dederetur,
3374 5287 3459 5340 vel
3489 5300 3523 5340 e

1946 5375 2132 5429 medio
2162 5377 2471 5430 exet-deret.
2507 5377 2586 5431 Eo
2616 5379 2684 5431 ab
2713 5368 3046 5448 imperatore
3084 5388 3302 5447 negato,
3332 5376 3523 5430 relicta

1881 5450 1922 5504 ο
1955 5468 2113 5533 urbe,
2141 5467 2429 5523 Thraciam
2458 5479 2514 5523 et
2536 5469 2908 5525 Macedoniam
2938 5479 2994 5523 et
3025 5468 3111 5522 liis
3138 5466 3368 5521 ﬁnitima
3394 5464 3527 5518 Bul-

1942 5562 2106 5630 garia:
2152 5561 2271 5613 loca
2323 5560 2631 5629 praedatus.
2687 5561 2755 5615 ad
2805 5560 3123 5615 Patzinacas
3171 5572 3229 5612 se
3280 5557 3520 5610 confert.

1944 5651 2172 5706 Michael
2223 5652 2394 5705 [ilium
2445 5668 2514 5705 ex
2557 5653 2725 5708 Maria
2772 5655 2976 5708 Alana.
3018 5666 3179 5720 quam
3221 5650 3522 5719 Augustam

1951 5747 2283 5816 appellarat,
2340 5757 2694 5815 susceptum,
2745 5744 3164 5801 Constantinum
3218 5743 3289 5797 ob
3346 5740 3522 5810 patris
