3958 6242
392 282 496 347 287

1658 286 1983 347 JOANNIS
2034 282 2362 344 ZONARJ!

3529 232 3649 332 289

390 399 640 470 principe
660 441 676 465 ,
721 400 1176 470 frequentissimo
1202 410 1476 456 conventu
1514 401 1720 472 plebis,
1752 403 1971 472 primo-

2079 399 2390 468 γενομένων
2423 395 2657 456 ἐκείνοις
2702 393 3051 462 συμὸἀσεισν,
3088 391 3116 443 ὁ
3147 388 3534 456 Κουτλουμοῦς
3565 393 3659 451 εἰς.

392 506 512 544 rum
542 507 610 544 ex
656 492 1097 563 magistratibus,
1128 501 1185 547 et
1224 493 1554 548 selectorum
1583 494 1960 557 sacerdotum,

390 581 595 637 celebri
622 580 1076 636 Annuntiationis
1106 581 1422 647 festivitate,
1449 583 1748 653 imperator
1774 583 1964 651 appel-

390 679 554 737 latur,
587 672 938 728 Antiocheno
972 674 1285 743 patriarcha
1322 674 1646 734 1Emiliano,
1680 686 1735 729 et
1763 688 1967 728 metro-

392 765 638 835 politano
685 765 855 820 Ieonii
894 767 1236 821 auctoribus.
1290 766 1458 835 Igitur
1505 766 1816 835 reipublicze
1853 766 1967 836 pri-

391 871 576 911 mores
611 857 863 912 tributim
897 857 1059 911 divisi
1084 897 1109 921 ,.
1132 867 1188 911 et
1223 858 1506 927 phalangis
1539 859 1712 911 instar
1744 858 1966 927 cel-glo-

392 945 536 1010 bati,
580 948 780 1018 regiam
831 950 1030 1002 orienti
1072 949 1358 1003 obversam
1404 949 1699 1012 invadunt,
1736 964 1966 1019 eamque

391 1039 651 1108 praesidio
701 1055 928 1094 suorum
987 1040 1224 1093 militum
1279 1041 1534 1109 impos'to
1583 1040 1820 1095 ﬁrmant.
1871 1043 1968 1095 Mi-

363 1131 639 1199 .chaelem
668 1146 802 1185 vero
831 1131 924 1200 qui
952 1148 1075 1185 cum
1130 1148 1299 1186 uxore
1342 1134 1506 1187 Maria
1532 1145 1589 1187 et
1620 1135 1728 1187 lilio
1764 1135 1817 1186 in
1844 1133 1965 1186 Bla-

393 1222 678 1277 chernian;
711 1223 917 1291 regiam
951 1223 1293 1293 confugerat,
1321 1239 1512 1293 erepto
1544 1225 1717 1294 imper
1740 1242 1770 1278 0
1796 1226 1969 1281 lacer-

392 1331 576 1384 naque
618 1317 920 1370 monastica
970 1316 1199 1381 induta,
1248 1318 1300 1370 in
1345 1317 1524 1371 Studii
1573 1320 1966 1373 monasterium

393 1405 711 1470 abducunt,
766 1422 892 1461 cum
944 1407 1241 1476 imperium
1267 1425 1442 1463 annos
1493 1426 1587 1464 sex
1642 1419 1699 1464 et
1751 1426 1968 1465 menses

396 1495 623 1549 totidem
658 1498 945 1551 tenuisset.
970 1498 1028 1552 Id
1054 1516 1121 1552 eo
1143 1498 1384 1555 Sabbato
1413 1512 1616 1564 actum,
1643 1517 1753 1570 quo
1781 1502 1968 1556 Eccle-

393 1585 495 1642 sia.
527 1601 678 1639 more
712 1602 741 1639 a
770 1570 1074 1657 majoribus
1108 1599 1356 1658 accepto.
1390 1590 1607 1644 Domini
1630 1601 1686 1645 et
1712 1590 1970 1647 Servato-

395 1673 473 1727 ris
512 1676 683 1729 nostri
720 1676 772 1730 in
802 1676 990 1731 Lazari
1051 1680 1431 1735 resurcctione
1466 1682 1792 1736 miraculum
1822 1684 1969 1737 cele-

2066 492 2165 562 τὴν
2197 489 2304 542 ὑπὸ
2345 488 2655 555 Ῥωμαίους
2683 486 2918 551 ἐγένετο,
2944 484 3038 535 καὶ
3062 482 3181 536 τότε
3207 482 3284 549 τῷ
3315 482 3647 550 Βςτανειάτῃ

2069 579 2557 651 συνεστρατεύετο.
2607 577 2789 646 Ἔχων
2843 572 2938 630 οὖν
2987 573 3253 644 στρατιὰν
3290 572 3572 641 ἀξιόλογον
3616 576 3646 625 ὁ

2068 673 2436 741 Βοτανειάτης
2472 672 2591 738 μεθ’
2616 670 2813 723 ἑαυτοῦ
2877 669 3106 722 ἔσπευδε
3135 670 3237 735 τὴν
3257 667 3503 722 Νίκαιαν
3542 683 3644 719 κα-

2067 762 2428 832 ταλήψεσθαι.
2463 760 2598 830 Ἤδη
2640 761 2748 830 γὰρ
2786 760 3105 830 προὺδέδοτό
3138 760 3187 810 οἱ
3220 760 3254 827 ἡ
3296 757 3454 820 πόλις
3501 755 3642 833 αῦτη

2070 855 2222 925 παρά
2250 855 2360 906 τῶν
2391 852 2749 922 τεταγμένων
2774 852 2949 919 αὐτῆς
2979 850 3074 902 ἐπὶ
3101 849 3317 919 φυλακῇ
3341 886 3357 911 ,
3397 848 3647 901 κάκεῖ-,οι

2070 948 2346 1001 ἐθελονταὶ
2386 947 2536 1015 αὑτῷ
2580 943 3037 1015 προσεχώρησαν,
3088 944 3196 995 κάκ
3251 941 3352 1008 τῆς
3402 941 3663 1011 μεγάλης.

2069 1041 2279 1101 πόλεως
2308 1038 2366 1090 δὲ
2403 1037 2585 1090 πολλοὶ
2619 1036 2743 1089 καθ’
2770 1034 3012 1103 ἑκάστην
3041 1032 3420 1103 προσεφοίτων
3469 1030 3644 1099 αὐτῷ.

2071 1135 2229 1186 Οὕτω
2268 1133 2364 1199 μὲν
2396 1130 2489 1184 οὖν
2520 1130 2597 1197 τῷ
2631 1128 2966 1197 Βοτανειάτῃ
3012 1125 3158 1179 κατὰ
3189 1124 3319 1195 ῥοῦν
3351 1123 3551 1193 ἐχώρει
3580 1122 3649 1176 τὰ

2072 1226 2398 1294 πράγματα.
2464 1222 2552 1274 Ἐν
2605 1222 2661 1273 δὲ
2710 1223 2775 1291 τῇ
2831 1221 2939 1271 τῶν
3005 1217 3217 1270 πόλεων
3270 1215 3653 1284 ὑπερκειμένη

2072 1316 2398 1385 παμπληοεί
2452 1313 2818 1375 συνελθόντες,
2866 1314 2925 1365 τό
2971 1328 3025 1363 τε
3082 1309 3378 1379 δημοτικὸν
3416 1307 3648 1375 ταύτης,

2072 1408 2167 1462 καὶ
2194 1407 2253 1459 τὸ
2283 1408 2558 1476 ὑπερέχον
2599 1406 2656 1458 ἐν
2687 1406 2972 1475 ἄρχουσιν,
3004 1404 3067 1456 οὐ
3109 1402 3215 1471 μὴν
3249 1399 3387 1455 ἀλλὰ
3417 1399 3514 1452 καὶ
3540 1397 3655 1449 τῶν

2074 1500 2129 1551 ἐν
2156 1501 2220 1568 τῇ
2267 1497 2567 1567 Ἐκκλησία
2617 1497 3060 1567 κεκληρωμένων
3089 1494 3150 1546 τὸ
3181 1494 3464 1563 ἔκκριτον,
3508 1491 3651 1544 κατᾶ

2070 1591 2171 1659 τὴν
2202 1590 2415 1658 ἡμέραν
2440 1590 2536 1656 τῆς
2564 1587 2659 1641 τοῦ
2691 1586 3103 1655 Εὐσγγελισμοῦ
3128 1584 3496 1654 πανηγύρεως
3550 1584 3651 1636 αὐ-

2073 1683 2383 1751 τοκράτορα
2412 1683 2503 1734 τὸν
2534 1682 2903 1751 Βοτανειάτην
2926 1677 3345 1749 ἀναγορεύουσι,
3380 1675 3652 1747 πωεξάρ-

395 1764 558 1819 brare
597 1767 759 1821 solet.
793 1769 1057 1823 Michaele
1081 1770 1149 1824 ad
1180 1771 1328 1825 hunc
1359 1772 1580 1827 modum
1608 1774 1787 1843 pulso,
1813 1774 1973 1828 Βοια-

2079 1794 2261 1847 χοντος
2295 1776 2390 1830 τοῦ
2435 1777 2681 1831 τοιούτου
2715 1775 2980 1843 συλλόγου
3017 1773 3111 1826 τοῦ
3155 1772 3499 1842 πατριάρχου
3534 1769 3652 1821 Ἀν-

394 1856 573 1910 niates
602 1858 831 1927 imperio
870 1860 1007 1914 citra
1048 1863 1334 1933 negotium
1380 1866 1617 1934 potitus,
1660 1867 1728 1920 ad
1777 1867 1970 1922 urbem

395 1949 788 2018 proﬁciscitur.
838 1953 1038 2007 Verum
1092 1955 1444 2026 Nicepltorus
1498 1958 1777 2028 logotheta
1833 1961 1971 2015 clam

392 2056 649 2112 egressus
678 2045 743 2097 ad
779 2046 1064 2101 Ruselium
1114 2049 1388 2104 Heracleae
1427 2051 1625 2105 stativa
1659 2051 1972 2115 habentem,

393 2149 454 2188 se
498 2137 756 2191 contulit.
811 2138 1019 2194 Urbani
1066 2158 1197 2195 vero
1239 2144 1333 2211 qui
1378 2143 1698 2198 Michaelem
1749 2145 1979 2214 pepule-

396 2237 549 2293 rant,
585 2240 869 2285 asservata
904 2233 1053 2302 regia
1094 2250 1191 2302 per
1232 2234 1477 2289 triduum
1518 2236 1771 2306 principe
1805 2236 1977 2291 desti-

398 2328 551 2383 tuta,
588 2320 933 2379 Botaniatem
971 2342 1071 2395 per
1102 2327 1315 2382 litteras
1346 2340 1606 2392 mouent,
1651 2337 1711 2383 ut
1741 2342 1977 2399 propere

395 2410 603 2465 veniat.
646 2412 698 2467 ls
736 2413 903 2485 igitur
942 2416 1119 2470 Borilu
1155 2417 1405 2472 ministro
1450 2420 1650 2482 misso,
1694 2419 1786 2488 qui
1828 2418 1975 2473 illam

395 2515 724 2571 occuparet,
771 2507 888 2576 ipse
932 2508 1078 2562 haud
1120 2510 1296 2564 multo
1332 2517 1456 2579 post
1496 2520 1583 2565 est
1618 2520 1972 2566 consecutus.

2073 1868 2353 1939 τιοχείας,
2426 1867 2523 1921 τοῦ
2591 1867 2933 1936 καλουμένου
2990 1863 3349 1936 Αἰμιλιανοῦ,
3405 1863 3503 1916 καὶ
3560 1858 3657 1914 τοῦ

2078 1959 2478 2030 μητροπολίτου
2515 1958 2758 2013 Ἰκονίου.
2789 1956 3168 2027 Διαιρεοέντες
3209 1953 3302 2008 οὖν
3331 1954 3478 2007 κατὰ
3517 1969 3661 2022 φρα-

2077 2051 2236 2118 τρίας
2269 2049 2369 2117 τῆς
2403 2048 2680 2111 πολιτείας
2728 2049 2778 2101 οί
2820 2046 2994 2115 ἔξοχοι
3015 2086 3031 2112 ,
3064 2046 3159 2099 καὶ
3189 2044 3332 2098 κατά
3365 2044 3659 2113 φάλαγγας

2082 2140 2561 2205 συνασπίσαντες,
2610 2138 2801 2193 ἐπίασι
2850 2139 2960 2192 τῶν
3001 2138 3320 2208 ἀνακτόρων
3355 2139 3473 2199 τοῖς
3519 2134 3658 2205 πρὸς

2078 2234 2168 2286 τὸν
2200 2233 2489 2305 ἀνίσχοντα
2522 2232 2674 2304 ἥλιον
2709 2232 2843 2303 (99),
2876 2234 2980 2284 καὶ*
3005 2230 3212 2285 τούτων
3246 2230 3660 2300 κρατήσαντες,

2084 2324 2430 2394 στρατιώτας
2466 2325 2707 2388 οἰκείους
2746 2324 3039 2393 ὲφιστῶσιν
3069 2324 3146 2386 είς
3169 2322 3353 2378 αὐτῶν
3385 2321 3658 2390 φυλακήν.

2081 2417 2186 2468 Τὸν
2222 2415 2279 2468 δὲ
2315 2415 2540 2486 βασιλέα
2588 2416 2684 2470 σὺν
2714 2418 2780 2487 τῇ
2828 2414 3193 2488 βασιλευούσῃ
3220 2415 3416 2486 Μαρίᾳ
3449 2414 3548 2466 καὶ
3583 2411 3669 2481 τῷ

2085 2511 2187 2579 υίῷ
2214 2514 2296 2576 είς
2327 2513 2398 2567 τὰ
2422 2514 2479 2566 ὲν
2505 2511 2840 2584 Βλαχέρναις
2869 2508 3330 2580 καταπεφευγότα
3379 2509 3666 2576 ἀνάκτορα

398 2590 725 2664 καθαιροῦσι
756 2599 853 2667 τῆς
895 2599 1180 2668 βασιλείας
1203 2642 1218 2663 .
1252 2602 1346 2655 καὶ
1374 2602 1546 2672 ῥάκος
1612 2602 2012 2674 ἀμφιεννύουσι
2058 2604 2322 2675 μοναχοῦ,
2391 2606 2488 2658 καὶ
2521 2605 2658 2675 πρὸς
2680 2606 2780 2675 τὴν
2808 2604 2978 2676 μονὴν
3005 2603 3101 2657 τοῦ
3133 2603 3383 2657 Στουδίου
3416 2600 3664 2670 ἀπάγου-

398 2707 502 2755 σιν,
536 2692 957 2750 ἀπολελαυκότα
982 2699 1101 2768 ’τῆς
1137 2698 1420 2768 βασιλείας
1459 2701 1519 2754 ὲν
1564 2699 1744 2754 ἔτεσιν
1785 2701 1846 2767 ἓξ
1913 2700 2010 2754 καὶ
2051 2703 2188 2772 μησὶ
2216 2701 2518 2764 τοσούτοις.
2565 2701 2753 2755 Ταῦτα
2783 2701 2929 2755 κατά
2993 2701 3055 2754 τὸ
3088 2696 3370 2761 Σάϐϐατον
3409 2696 3671 2765 γέγονεν,

394 2788 454 2838 ἐν
479 2780 525 2855 ᾧ
552 2792 651 2859 τὴν
672 2792 765 2845 ἐπὶ
798 2796 864 2864 τῇ
896 2794 959 2849 ἐκ
987 2796 1199 2868 νεκρῶν
1223 2798 1441 2869 ὲγέρσει
1466 2798 1562 2853 τοῦ
1600 2799 1854 2870 Λαζάρου
1923 2797 2003 2871 (Ι)
2043 2797 2487 2869 θαυματοποιίαν
2553 2797 2651 2852 τοῦ
2701 2797 2910 2868 Κυρίου
2954 2796 3051 2852 καὶ
3090 2795 3227 2850 Θεοῦ
3275 2792 3369 2847 καὶ
3405 2791 3665 2860 Σωτῆρος

395 2881 554 2950 ἡμῶν
601 2887 1003 2957 πανηγυρίζειν
1048 2890 1081 2957 ἡ
1125 2888 1422 2960 Ἐκκλησία
1475 2891 1809 2962 παρείληφε.
1894 2890 2003 2944 Τοῦ
2043 2890 2177 2961 γοῦν
2226 2889 2449 2960 Μιχαὴλ
2538 2889 2683 2943 οὕτω
2725 2889 2826 2958 τῆς
2878 2886 3163 2958 βασιλείας
3210 2882 3667 2955 ὲκπεπτωκόττοςν

394 2980 858 3049 ἀπραγμάτευτον
892 2973 1020 3053 εὗρε
1054 2984 1154 3052 τὴν
1185 2985 1489 3054 αύταρχίαν
1522 2987 1550 3037 ὁ
1574 2985 1963 3053 Βοτανειάτης,
2002 2987 2098 3037 καὶ
2164 2982 2251 3055 ᾔει
2287 2982 2426 3052 πρὸς
2493 2981 2594 3052 τὴν
2634 2981 2886 3050 βασιλίδα
2950 2981 3059 3034 τῶν
3094 2979 3326 3034 πόλεων.
3366 2979 3426 3032 ὐ
3467 2979 3667 3048 μέντοι

395 3068 711 3141 Νικηφόρος
736 3075 764 3125 ὁ
790 3072 1081 3141 λογοθέτης
1121 3074 1199 3144 τῷ
1237 3075 1532 3146 Ῥουσελίῳ
1562 3078 1619 3130 ἐν
1668 3077 1968 3147 Ἡρακλείᾳ
2010 3075 2367 3147 σκηνουμένῳ
2461 3076 2560 3144 τῆς
2623 3074 2832 3136 πόλεως
2864 3072 3176 3139 ὑπεξελθὼν
3211 3070 3663 3144 προσεχώρησεν.

394 3160 459 3216 Ol
485 3164 530 3216 δ’
565 3166 621 3215 ὲν
653 3169 716 3235 τῇ
746 3165 923 3234 πόλει,
947 3167 1040 3221 τὸν
1075 3166 1288 3236 Μιχαὴλ
1341 3169 1820 3231 κατασπάσαντες,
1878 3169 1969 3219 ἐπὶ
2008 3169 2189 3238 τρισὶν
2246 3166 2489 3236 ἡμέραις
2554 3163 2826 3234 βασιλέως
2863 3163 3168 3235 χηρεύοντα
3204 3164 3661 3233 συντηρήσαντες

394 3255 465 3307 τὰ
498 3255 750 3325 βασίλεια
779 3258 858 3324 τῷ
895 3260 1229 3330 Βοτανειάτῃ
1281 3260 1615 3315 ἐπισπεῦσαι
1663 3261 1757 3316 καὶ
1835 3262 2014 3313 ἐλθεῖν
2052 3258 2487 3312 ἐπιστέλλουσιν.
2537 3259 2598 3311 '0
2630 3258 2713 3322 δὲ,
2776 3256 2871 3309 ἕνα
2902 3255 3012 3309 τῶν
3034 3255 3251 3309 οίκείων
3288 3255 3494 3310 δούλων
3528 3274 3669 3327 προ-

396 3333 644 3414 πέμψας,
676 3349 766 3400 τὸν
802 3350 1031 3419 Βορίλαν
1060 3352 1225 3421 φημὶ,
1268 3352 1363 3405 καὶ
1388 3352 1454 3405 δι’
1492 3352 1658 3405 αὑτοῦ
1729 3351 2017 3422 κατασχὼν
2057 3351 2125 3406 τά
2197 3351 2497 3423 ἀνάκτορα,
2536 3348 2902 3403 ὲπικατέλαὸε
2947 3349 3203 3411 κάκεῖνος
3243 3352 3363 3418 μετ’
3396 3349 3458 3404 οὒ
3502 3352 3667 3406 πολύ.

470 3439 610 3492 XIX.
663 3440 975 3497 llotouiates
998 3460 1122 3498 cum
1173 3443 1228 3497 in
1278 3444 1483 3514 regiam
1532 3445 1895 3514 pervenisset,
1946 3461 1977 3498 at
2008 3449 2048 3505 C

334 3522 349 3531 ’
392 3531 706 3599 patriarcha
743 3532 876 3587 feria
911 3535 1067 3588 tertia
1101 3551 1309 3605 magna;
1352 3536 1710 3591 hebdomadis
1743 3551 1977 3591 corona-

395 3630 502 3675 tur.
533 3637 599 3676 ac
630 3622 865 3689 primum
898 3625 1030 3679 illud
1074 3627 1417 3683 liberalitatis
1471 3630 1750 3698 specimen
1781 3628 1976 3693 edidit,

396 3722 457 3767 ut
501 3713 766 3781 quidquid
808 3713 940 3770 ﬁsco
987 3716 1314 3783 deberetur,
1363 3719 1417 3773 id
1472 3721 1788 3775 universum
1845 3721 1981 3778 citra

392 3803 774 3871 exceptionem
834 3805 1119 3870 aboleret,
1171 3822 1235 3861 ac
1287 3824 1459 3865 novas
1515 3810 1728 3865 tabulas
1780 3810 1980 3864 illustri

394 3896 579 3951 edicto
643 3898 976 3952 institueret.
1033 3882 1268 3969 Brvenio
1324 3917 1494 3965 vero,
1553 3903 1648 3971 qui
1695 3903 1877 3957 adhuc
1927 3902 1981 3957 in

393 3988 690 4046 Occidente
723 3990 1064 4061 tyrannidem
1104 3995 1345 4055 tenebat,
1380 4008 1478 4062 per
1505 3993 1715 4063 legatos
1751 3992 1983 4047 Cmsaris

396 4082 662 4137 honorem
715 4084 1029 4153 pollicetur,
1066 4084 1111 4140 si
1150 4085 1437 4157 tyrannide
1484 4084 1780 4146 abstineat.
1807 4096 1862 4141 et
1887 4086 1982 4141 ad-

389 4166 666 4247 ju‘toribus
694 4176 834 4247 ejus.
872 4176 1143 4232 honorum
1193 4193 1334 4247 quos
1364 4178 1478 4250 jam
1515 4177 1585 4233 ab
1617 4178 1711 4232 illo
1740 4179 1985 4248 accepis-

391 4275 516 4321 sent
536 4307 551 4331 ,
577 4268 1071 4326 conﬁrmationem.
1100 4271 1206 4327 Sed
1237 4286 1362 4325 cum
1394 4271 1485 4325 ille
1517 4270 1734 4341 imperii
1766 4272 1982 4340 etipidi-

394 4369 505 4415 tate
533 4372 790 4426 a-stuans,
817 4379 924 4417 non
951 4365 1193 4431 cederet,
1223 4375 1387 4436 atque
1411 4368 1641 4422 alteram
1665 4375 1722 4421 et
1766 4366 1981 4420 tertiam

391 4453 720 4521 legationem
750 4457 987 4524 superbe
1016 4457 1384 4526 repudiasset,
1420 4459 1611 4527 legatis
1635 4456 1797 4512 aliter
1817 4472 1982 4527 quam

395 4545 570 4599 moris
614 4555 720 4613 est,
769 4548 1036 4616 exceptis,
1082 4560 1139 4603 et
1168 4564 1292 4602 cum
1341 4549 1641 4618 ignominia
1692 4548 1980 4604 dimissis:

393 4633 699 4705 desperatis
748 4638 954 4707 quietis
1005 4639 1418 4695 conditionibus
1450 4680 1466 4706 ,
1523 4641 1728 4696 invitus
1776 4640 1981 4694 bellum

392 4727 657 4796 suscepit.
688 4736 745 4781 et
772 4727 1022 4782 Alexium
1050 4728 1396 4785 Comnenum
1431 4729 1774 4785 Nobilissimi
1818 4732 1981 4785 titulo

2154 3441 2256 3497 18’.
2311 3443 2465 3494 Ἐπεὶ
2495 3440 2540 3494 δ’
2577 3443 2634 3494 ἐν
2664 3443 2776 3504 τοῖς
2806 3440 3101 3511 βασιλείοις
3135 3439 3212 3510 (2)
3243 3440 3270 3491 ὁ
3294 3440 3668 3514 Βοτανειάτης

2085 3534 2330 3602 ἐγένετο,
2361 3533 2642 3587 ἀναδεῖται
2678 3533 2822 3587 κατά
2848 3532 2951 3601 τὴν
2986 3532 3229 3604 μεγάλην
3262 3533 3469 3604 Τρίτην
3510 3535 3673 3607 παρὰ

2080 3625 2175 3679 τοῦ
2223 3626 2566 3697 πατριάρχου
2588 3625 2774 3696 ταινίᾳ
2802 3625 3082 3696 βασιλικῇ,
3116 3627 3211 3678 καὶ
3236 3625 3456 3696 πρῶτον
3487 3627 3669 3682 ἅπασι

2084 3717 2332 3789 παρέσχε
2368 3717 2429 3769 τὸ
2464 3718 2832 3785 φιλοτίμημα,
2862 3717 2961 3779 τὰς
2991 3717 3073 3779 είς
3107 3716 3166 3769 τὸ
3194 3717 3460 3786 δημόσιον
3486 3719 3664 3773 ἀπάν-

2082 3826 2192 3861 των
2232 3809 2433 3871 κοινῶς
2461 3808 2686 3877 ὀφειλάς
2719 3807 2970 3878 ἐκτεμὼν
2999 3807 3480 3879 ἀπροσδιορίστως
3505 3848 3521 3871 ,
3569 3807 3666 3862 καὶ

2084 3901 2436 3971 χρεωκοπίαν
2478 3900 2686 3955 τούτων
2718 3899 3052 3970 θεσπίσματι
3083 3899 3530 3970 μεγαλοπρεπῶς
3573 3902 3669 3970 ἑρ-

2083 3991 2417 4059 γασάμενος.
2452 3990 2571 4043 Ἔτι
2600 3989 2656 4042 δὲ
2682 3990 2760 4061 τῷ
2803 3990 3046 4060 Βρυενίῳ
3090 3990 3231 4044 κατὰ
3247 3990 3347 4061 τὴν
3378 3989 3664 4062 Ἑσπέραν

2084 4082 2330 4154 ἐχομένῳ
2364 4084 2463 4150 τῆς
2484 4084 2802 4153 τυραννίδος
2830 4083 3039 4135 στέλλει
3062 4083 3190 4145 τοὺς
3214 4083 3666 4152 ἀπαγγέλλοντας

2082 4176 2184 4243 τὴν
2232 4173 2329 4227 τοῦ
2387 4173 2672 4244 Καίσαρος
2728 4174 2888 4240 ἀξίαν
2945 4175 3098 4245 αύτῷ
3166 4175 3507 4242 διδόναι,ηεί
3563 4179 3662 4249 τῆς

2083 4266 2402 4337 τυραννίδος
2449 4268 2771 4338 ἀπόσχοιτο,
2809 4267 2908 4321 καὶ
2933 4271 3044 4332 τοῖς
3075 4268 3225 4341 αὐτῷ
3254 4273 3661 4344 συναραμένοις

2084 4359 2180 4422 τὰς
2221 4359 2390 4429 τιμὰς
2417 4359 2837 4426 ὲπιϐεόαιῶσαι,
2866 4357 2956 4423 αἷς
2994 4363 3192 4429 αὐτοὺς
3225 4365 3431 4428 ἐκεῖνος
3467 4366 3663 4436 ἐτίμη-

2086 4467 2199 4505 σεν.
2249 4450 2309 4505 '0
2342 4451 2400 4505 δὲ
2441 4451 2649 4522 σφόδρα
2680 4453 2780 4521 τῆς
2823 4452 3103 4524 βασιλείας
3139 4456 3323 4524 ἐφίετο
3365 4456 3460 4510 καὶ
3507 4458 3662 4512 ἀνέν-

2082 4543 2235 4607 δοτος
2267 4540 2355 4615 ἦν.
2413 4545 2582 4599 Πάλιν
2610 4540 2704 4599 οὖν
2735 4545 2899 4615 ἑτέρα
2935 4548 3204 4619 πρεσϐεία
3234 4550 3328 4603 καὶ
3362 4550 3456 4603 ἐπὶ
3485 4550 3664 4622 ταύτῃ

2084 4637 2273 4708 τρίτη.
2317 4637 2377 4691 ὐ
2413 4636 2458 4690 δ’
2492 4636 2969 4707 ύπερηφανεύετο,
2994 4640 3090 4692 καὶ
3117 4642 3238 4695 οὐδὲ
3269 4643 3413 4696 κατὰ
3446 4644 3518 4697 τὰ
3549 4644 3663 4698 τῶν

2085 4731 2371 4801 πρέσϐεων
2425 4730 2636 4801 νόμιμα
2707 4733 2836 4795 τοὺς
2904 4734 3170 4804 πρέσϐεις
3223 4735 3476 4805 ἐδέχετο,
3541 4735 3658 4789 ἀλλ’

393 4826 671 4880 ornatum,
720 4827 779 4873 et
826 4834 1083 4890 magnum
1131 4821 1493 4876 domesticum
1527 4821 1688 4890 292
1722 4822 1976 4892 designa-

2085 4822 2296 4891 ἀτίμως
2329 4821 2529 4875 αὐτοὺς
2561 4821 2947 4893 ἀπεπέμπετο.
2998 4825 3085 4886 Ὠς
3120 4820 3216 4878 οῦν
3259 4825 3413 4879 οὐδὲν
3445 4826 3659 4897 εἰρηνι-

394 4917 552 4975 tum,
607 4910 1036 4980 pmfectumqne
1084 4913 1343 4967 Romanis
1392 4913 1733 4982 legionibus,
1788 4923 1977 4968 contra

393 5001 552 5056 illum
600 5002 771 5060 misit.
806 5004 857 5058 Is
889 5019 1014 5059 cum
1052 5020 1120 5060 eo
1163 5020 1513 5075 congressus,
1562 5003 1618 5058 in
1649 5003 1773 5059 loco
1821 5004 1977 5074 quia

392 5090 779 5164 frequentibus
827 5095 984 5152 bona:
1033 5112 1189 5167 aqua;
1236 5096 1663 5167 scaturiginibus
1708 5095 1974 5169 Calabrya

2085 4912 2196 4975 κῶς
2225 4913 2409 4965 ἀνύειν
2436 4910 2578 4981 ἔγνω
2608 4915 2636 4967 ὁ
2669 4913 2926 4984 βασιλεὺς
2949 4955 2964 4979 ,
3001 4917 3095 4968 καὶ
3126 4916 3275 4970 ἄκων
3303 4916 3442 4984 πρὸς
3474 4918 3662 4989 μάχην

2079 5004 2374 5069 ἀπένευσε,
2428 5006 2545 5059 καὶ»
2568 5006 2662 5058 τὸν
2710 5007 2995 5079 Κομνηνὸν
3032 5008 3274 5074 Ἀλέξιον
3341 5010 3661 5082 τετιμηκὼς

2077 5095 2439 5167 νωϐελίσιμον
2482 5096 2559 5168 (5)
2582 5136 2599 5164 ,
2661 5102 2757 5150 καὶ
2812 5100 3305 5173 προχειρισάμενος
3338 5101 3519 5171 μέγαν
3567 5103 3664 5158 δο-

1595 5191 1794 5253 Variae
1837 5191 2141 5255 lectiones
2179 5197 2241 5255 et
2272 5200 2466 5256 notae.

468 5288 580 5358 (99)
616 5288 858 5361 Ἑπίασι
917 5290 1038 5345 τῶν
1063 5293 1410 5359 ἀνακτόρων
1447 5292 1597 5358 πρύς
1640 5293 1979 5361 ἀνίσχοντα

398 5355 598 5431 ἥλιον.
634 5360 896 5431 Scylitzes
933 5379 949 5414 :
980 5355 1306 5431 Κυριεύουσὶ
1340 5364 1397 5416 δὲ
1438 5355 1548 5415 τῶν
1573 5355 1887 5429 ἆνακτόρἱυν
1918 5360 1981 5427 ἐξ

398 5429 617 5501 ἐφόδου,
644 5429 777 5495 etc,
813 5432 1014 5499 quibus
1043 5429 1227 5486 verbis
1276 5433 1530 5501 Magnum
1560 5433 1832 5487 Palatium
1887 5432 1976 5486 in-

400 5499 687 5568 telligitur,
719 5503 865 5569 quod
891 5503 956 5556 ad
985 5503 1255 5556 orientem
1284 5499 1437 5557 urbis
1467 5503 1701 5557 exstitit.

401 5569 566 5699 “90L
582 5569 870 5638 Λαζάρου.
908 5572 1045 5627 Vide
1079 5570 1249 5628 Gloss.
1287 5573 1425 5628 med.
1459 5570 1674 5627 Graecit.
1709 5572 1766 5626 in
1789 5589 1843 5626 ν.
1874 5572 1985 5627 Λάο

437 5653 584 5707 αρος.

475 5709 550 5777 (2)
594 5710 753 5763 Ἐπεὶ
784 5709 835 5763 δ’
863 5710 929 5764 ἐν
953 5712 1077 5777 τοῖς
1113 5712 1484 5779 βασιλείοις.
1522 5712 1842 5780 Anonymus
1881 5712 1982 5769 Ba-

2080 5294 2263 5349 rensis
2292 5309 2306 5347 :
2342 5296 2496 5348 Anno
2528 5293 2668 5350 1078
2697 5294 2816 5364 ind.
2858 5296 2910 5357 1,
2936 5296 3166 5349 elevatus
3202 5302 3278 5347 est
3305 5295 3437 5364 imp.
3500 5292 3660 5364 Nilei-9

2077 5365 2190 5434 foro
2238 5364 2538 5427 Botam’ali,
2592 5382 2766 5418 mense
2802 5363 3003 5429 Martii,
3053 5373 3103 5418 et
3143 5363 3389 5433 deposuit
3442 5363 3663 5420 Michail

2077 5436 2208 5503 imp.
2241 5443 2290 5488 et
2345 5435 2465 5488 tulit
2498 5451 2632 5489 uxor
2669 5436 2782 5504 ejus
2834 5436 2930 5490 sibi
2982 5451 3220 5497 uxorem,
3280 5436 3507 5504 [ecitque
3533 5452 3654 5488 eum

2079 5502 2386 5567 menachus,
2422 5512 2472 5556 et
2516 5504 2634 5573 fecit
2679 5502 2867 5558 uocare
2908 5504 3147 5559 Basilaki
3178 5512 3227 5557 et
3271 5502 3481 5557 Briom'.
3534 5505 3663 5559 lla'c

2079 5574 2378 5645 admodum
2434 5575 2686 5645 barbara,
2735 5585 2795 5628 ut
2834 5585 3028 5629 caetera
3057 5573 3312 5645 ejusdem
3339 5573 3657 5643 scriptoris.

2152 5644 2227 5715 (5)
2260 5644 2688 5714 Νωόελισιμον.
2742 5645 2872 5702 Vide
2901 5645 3067 5701 Gloss.
3089 5642 3237 5701 'méd.
3271 5642 3484 5698 Cra’cil.
