3964 6252
214 463 312 527 3l'l
1412 470 1694 533 ANNAL]
1709 473 1794 534 Ub

1897 476 2004 537 .lB.
2031 477 2272 540 XVIII.
3359 478 3464 542 318

213 583 318 653 πῦρ
350 581 444 637 καὶ
473 579 806 654 ήρείπωσεν.
840 581 1109 667 Ἐπνευσε
1155 581 1215 637 δέ
1255 599 1385 637 ποτε
1456 585 1648 640 τούτου
1719 587 2051 660 κρατοῦντος
2106 591 2204 647 καὶ
2243 592 2441 664 ἄνεμος
2477 592 2705 667 σφοδρός
2738 611 2794 647 τε
2824 591 2918 649 καὶ
2946 592 3278 664 βιαιότατος,
3313 592 3467 664 ὥρας

209 675 365 745 οὑσης
413 677 659 747 ἐαρινῆς,
711 675 805 746 ὑφ’
833 666 895 729 οὐ
938 674 1111 758 πολλά
1140 691 1201 729 τε
1267 674 1405 731 ἄλλα
1475 677 1676 749 συνέϐη
1723 680 2152 752 ⁸συμπτώματα,
2214 682 2310 736 καὶ
2357 684 2391 755 ή
2431 685 2489 738 ἐν
2536 666 2623 755 τῷν
2676 685 2995 756 κυκλοτερεῖ
3053 688 3147 739 καὶ
3223 684 3467 756 μεγίστῳ

214 771 496 842 πορφυρέῳ
542 770 683 825 κίονι
722 768 800 840 τῷ
840 768 983 824 κατὰ
1032 769 1093 822 τὸ
1147 767 1443 838 λεγόμενον
1477 768 1770 825 Πλακωτδν
1812 770 2013 827 ἐστῶτι
2075 774 2337 845 ἱδρυμένη
2411 775 2582 846 στήλη
2616 775 2729 846 (55)
2759 777 3203 847 κατήνεκτο,καὶ
3237 776 3468 838 πολλοὺς

210 862 375 916 ἀνεῖλε
420 862 531 914 τῶν
563 861 994 932 παρατυχόντων
1038 861 1173 915 ἐκεῖ.
1209 856 1343 914 Ἦνν
1369 860 1426 914 δὲ
1494 860 1556 913 τὸ
1619 862 1845 933 ἄγαλμα
1883 865 2104 934 μεγέθει
2154 866 2254 938 μὲν
2300 867 2612 939 πάμμεγα,
2646 869 2833 922 κάλλει
2878 869 2934 922 δέ
2986 885 3048 936 γε
3081 869 3407 939 θαυμάσιον,
3438 881 3469 936 δ

210 959 298 1015 καὶ
324 954 489 1009 πεσὸν
520 954 923 1026 συντέθραυστό
956 971 1014 1007 τε
1051 954 1146 1008 καὶ
1172 954 1253 1017 είς
1328 951 1502 1007 πολλὰ
1555 954 1729 1007 διετέτ
1743 973 1904 1028 μητο.
1974 959 2085 1012 Καὶ
2141 959 2296 1024 ὑετὸς
2329 959 2375 1014 δ’
2405 962 2462 1014 ἐν
2495 960 2640 1030 ἄλλῳ
2673 962 2851 1031 χρόνῳ
2882 962 3201 1032 κατερράγη
3235 962 3466 1031 σφοδρό-

210 1066 382 1115 τατος,
439 1048 563 1102 κατ’
593 1047 768 1119 αὐτὴν
824 1046 925 1116 τὴν
978 1045 1197 1117 ἡμέραν
1243 1047 1345 1117 τῆς
1396 1046 1618 1115 μνήμης
1668 1048 1778 1099 τῶν
1818 1049 2134 1119 κορυφαίων
2176 1050 2271 1106 τοῦ
2356 1053 2596 1125 Χριστοῦ
2669 1051 2927 1123 μαθητῶν
2959 1053 3165 1121 Πέτρου
3194 1052 3290 1105 καὶ
3323 1051 3471 1105 Παύ-

212 1139 417 1206 λου,δς,
451 1140 583 1211 περὶ
615 1140 799 1213 δείλην
827 1138 989 1210 ὀψίαν
1018 1139 1313 1211 ἠργμένος,
1340 1137 1632 1210 διήρκεσεν
1689 1140 1818 1212 ἄχρι
1892 1145 1992 1213 τῆς
2041 1144 2211 1215 αὐτῆς
2259 1147 2408 1216 ὥρας
2461 1148 2561 1216 τῆς
2608 1145 2870 1214 ἐπιούσης
2921 1146 3132 1216 ἡμέρας
3185 1144 3464 1210 ἀνένδοτος

210 1234 458 1307 γεγονώς.
493 1236 625 1289 Ὀτε
657 1234 854 1288 πολλαί
883 1249 944 1286 τε
969 1236 1038 1304 τῇ
1067 1235 1213 1305 φορᾷ
1236 1232 1347 1287 τῶν
1372 1233 1583 1287 ὑδάτων
1641 1234 1810 1288 οἰκίαι
1876 1236 2206 1304 κατέπεσον,
2238 1240 2334 1294 καὶ
2364 1241 2418 1293 αἱ
2448 1238 2694 1302 κοιλάδες
2724 1238 2931 1291 ὑδάτων
2962 1237 3290 1306 πλησθεῖσαι
3315 1238 3468 1292 οὐδὲν

208 1331 441 1400 διέφερον
474 1329 789 1396 θαλασσῶν,
822 1330 918 1382 καὶ
951 1328 1258 1401 ἀνθρώπων
1292 1329 1392 1383 οὐκ
1421 1328 1622 1397 ὀλίγων
1676 1328 1773 1382 καὶ
1813 1327 1969 1394 ζώων
1996 1331 2212 1387 πολλῶν
2277 1332 2616 1403 συμϐεϐήκει
2674 1330 2944 1388 ἀπώλεια.
2974 1330 3159 1385 Ταῦτα
3196 1335 3295 1403 μὲν
3328 1332 3469 1388 οὑτω

211 1426 518 1495 συνήνεκτο.

273 1523 394 1576 KZ'.
436 1518 757 1589 ’Δπηγγέλη
808 1516 865 1571 δέ
922 1533 1054 1570 ποτε
1108 1515 1185 1587 τῷ
1239 1516 1453 1588 βασιλεῖ
1513 1516 1775 1589 Τούρκων

1947 1517 2111 1589 306
2142 1515 2357 1572 XXVII.
2392 1517 2531 1571 Cum
2587 1525 2772 1571 autem
2802 1514 3097 1586 aliquando
3128 1514 3474 1585 imperatori,

209 1611 544 1685 ἀθροίζεσθαι
603 1607 888 1680 στρατιὰν,
955 1608 1293 1679 βουλομένην
1346 1607 1597 1662 ἐπελθεῖν
1656 1610 1779 1670 ταῖς

1897 1609 2257 1669 nuntiaretur.
2296 1608 2594 1663 Turcicum
2623 1609 2926 1664 exercitum
2959 1606 3164 1679 colligi,
3197 1605 3476 1663 Romanas

212 1706 305 1759 ὑπὸ
371 1703 682 1774 Ῥωμαίους
737 1701 985 1772 χώραις,
1042 1701 1138 1753 καὶ
1194 1698 1402 1765 ταύτας
1458 1699 1775 1771 ληῖσασθαι.

1897 1702 2196 1771 provincias
2234 1703 2643 1773 populaturum,
2678 1709 2842 1772 atque
2910 1700 3027 1770 ipse
3052 1700 3288 1771 pedibus
3305 1716 3473 1770 inger,

1883 1794 2219 1851 ﬂuxionibus
2275 1795 2497 1850 uberius
2531 1794 2955 1849 decurrentibus
2978 1808 3105 1848 cum
3168 1793 3465 1848 doloribus

1891 1903 1959 1943 ac
2005 1887 2345 1944 cruciatibus
2381 1887 2690 1952 acerrimis,
2718 1886 2976 1943 Barbaris
3027 1901 3323 1942 occurrere
3363 1901 3474 1940 non

1886 1990 2113 2052 posset:
2143 1979 2436 2035 Eustatbio
2485 1980 2732 2036 Camitze
2788 1979 2950 2048 duce,
2978 1979 3303 2050 phalangem
3344 1993 3477 2034 con-

1892 2083 1977 2130 tra
2028 2089 2127 2130 eos
2159 2074 2350 2141 mittit,
2399 2074 2517 2129 viro
2540 2073 2684 2130 inter
2718 2075 2885 2129 duces
2921 2073 3205 2142 primario,
3233 2069 3326 2141 qui
3349 2085 3472 2124 cum

1887 2180 1997 2221 non
2033 2166 2262 2222 minima
2293 2166 2531 2221 hostium
2578 2174 2731 2235 parte
2758 2180 3109 2236 congressus,
3172 2164 3353 2218 victus
3391 2171 3476 2216 est

1888 2270 1946 2315 et
1967 2268 2184 2331 captus,
2215 2260 2485 2332 militibus
2515 2258 2713 2328 partim
2761 2258 2941 2325 caesis,
2979 2257 3178 2327 partim
3209 2256 3334 2326 fuga
3357 2254 3473 2309 ela—

214 1796 396 1865 Ἔτυχε
431 1794 486 1847 δὲ
546 1795 668 1846 τότε
725 1793 853 1854 τοὺς
890 1791 1056 1850 πίδας
1117 1789 1323 1858 ἀλγῶν,
1360 1790 1454 1843 τοῦ
1503 1790 1779 1861 ῥεύματος

213 1889 553 1960 σφοδρότερον
583 1881 1044 1955 ἐπιρῤεὑσαντος,
1078 1884 1175 1935 καὶ
1200 1882 1584 1953 περιωδυνίαις
1615 1881 1778 1935 αὐτὸν

213 1983 297 2035 καὶ
331 1980 625 2050 ἀλγηδόσιν
672 1978 968 2042 ὀξυτάταις
1001 1974 1318 2039 πιέζοντος·
1349 1975 1471 2028 ἐπεὶ
1509 1973 1641 2042 γοῦν
1676 1974 1778 2029 οὐκ

213 2072 314 2146 ille
339 2074 401 2128 δι’
435 2071 634 2127 ἐαυτοῦ
671 2071 812 2125 κατὰ
847 2070 955 2122 τῶν
981 2068 1289 2139 Βαρϐάρων
1320 2068 1778 2139 στρατεύσασθαι,

210 2166 451 2238 ,φάλαγγα
487 2164 614 2218 κατ’
639 2162 824 2216 αὐτῶν
843 2162 1120 2230 ἐκπέμπει
1134 2160 1504 2230 στρατιωτῶν,
1531 2161 1781 2228 φαλαγγ-

214 2259 371 2327 ἀρχην
417 2255 728 2324 ἐπιστήσας
782 2252 971 2314 αὐτοῖς
1009 2251 1103 2305 τὸν
1168 2249 1518 2321 Καμμὺτζην
1564 2251 1781 2305 Εὐστά-

216 2351 317 2405 θιον
344 2349 473 2420 (54),
500 2347 673 2418 ἄνδρα
702 2348 816 2409 τοῖς
844 2344 1082 2414 πρώτοις
1106 2347 1446 2412 τεταγμένον
1474 2340 1583 2395 τῶν
1616 2358 1782 2413 στρα-

215 2441 399 2516 τηγῶν.
442 2444 502 2495 ὐ
549 2441 631 2507 δὲ,
693 2439 795 2491 οὐκ
832 2437 1090 2509 ἐλαχίστῃ
1118 2436 1226 2490 τῶν
1286 2435 1560 2507 πολεμίων
1615 2436 1781 2507 μοίρᾳ

216 2533 531 2605 περιτυχὼν,
566 2530 902 2605 προσϐάλλει
948 2528 1184 2596 τούτοις,
1226 2529 1439 2600 ήττήθη
1495 2529 1553 2583 δέ
1606 2544 1782 2599 προσ-

218 2625 398 2689 ϐαλὼν,
424 2624 520 2678 καὶ
561 2622 727 2686 αὐτὸς
768 2621 868 2692 μὲν
905 2619 1073 2686 ἐάλω,
1108 2621 1159 2673 οί
1193 2619 1240 2674 δ’
1278 2619 1370 2674 ὑπ’
1406 2620 1569 2673 αὑτὸν
1597 2621 1645 2672 οἱ
1678 2619 1780 2690 μέν

1888 2354 2024 2425 psis.
2071 2352 2192 2420 Quo
2255 2353 2555 2422 imperator
2601 2351 2856 2406 nuntiato
2903 2358 3078 2405 teneri
3124 2364 3234 2404 non
3267 2347 3472 2419 potuit,

1889 2446 2024 2515 quin
2058 2446 2175 2515 ipse
2208 2445 2592 2515 egrederetur,
2616 2457 2681 2498 ac
2710 2443 2920 2497 Turcos
2943 2441 3166 2512 quidem
3199 2452 3470 2508 nusquam

1892 2540 2128 2609 adeptus
2151 2548 2257 2603 est,
2290 2538 2436 2608 quod
2492 2534 2681 2592 audito
2702 2537 2821 2607 ejus
2845 2534 3107 2599 adventu,
3151 2533 3344 2587 laxatis
3371 2531 3472 2586 ba-

1891 2631 2050 2687 benis
2093 2630 2443 2685 continenter
2490 2629 2765 2699 fugerant.
2833 2624 2939 2682 Sed
2999 2625 3323 2691 Gamitzem,
3378 2624 3476 2693 qui

217 2719 417 2783 ἐπεστν,
457 2720 509 2772 οί
542 2715 602 2771 δὲ
628 2716 898 2786 φυγόντες
935 2712 1245 2784 ἐσώθησαν.
1290 2712 1379 2777 Ὧς
1410 2713 1466 2766 δὲ
1496 2712 1671 2767 ταῦτα
1704 2709 1782 2781 τῷ

1897 2723 2009 2778 suis
2061 2722 2409 2786 custodibus,
2457 2735 2780 2791 magnorum
2833 2717 3183 2789 praemiorum
3228 2731 3324 2786 spe
3346 2731 3475 2786 pro-

220 2812 415 2884 βασιλεί
439 2807 923 2880 κατηγγέλθησαν,
955 2807 1140 2859 οὐκέτι
1168 2804 1434 2868 καθεκτὸς
1457 2800 1525 2876 ἦν
1553 2806 1778 2871 ἐκεῖνος,

1897 2817 2094 2886 posita,
2150 2823 2523 2885 persuaserat,
2607 2824 2668 2867 ut
2695 2827 2882 2866 secum
2958 2809 3027 2864 ad
3090 2811 3476 2876 imperatorem

219 2881 508 2972 ἀλλ’ἐξεισι
535 2942 552 2969 ,
608 2903 704 2956 καὶ
756 2898 1025 2971 Τοὺρκοις
1078 2899 1177 2969 μὲν
1235 2899 1491 2968 ἐνέτυχεν
1545 2897 1785 2967 οὐδαμοῦ

1897 2881 2319 2980 translugerent,
2369 2907 2607 2962 libenter
2666 2905 2828 2971 vidit,
2855 2903 3329 2983 etliberateribus
3355 2904 3478 2971 ejus

220 2994 488 3067 (μαθόντες
512 2994 624 3065 γάρ
661 2992 758 3063 τὴν
784 2992 910 3045 κατ’
941 2990 1125 3045 αὐτῶν
1155 2988 1251 3044 τοῦ
1287 2988 1556 3058 βασιλέως
1585 2989 1784 3059 ὁρμὴν,

1897 3004 2130 3074 pecunia
2183 3002 2405 3058 donatis
2435 3000 2757 3073 Byzantium
2804 3000 2986 3054 rediit.
3022 2999 3212 3069 Neque
3243 2997 3477 3052 multum

220 3091 321 3153 τοῖς
357 3088 545 3151 ῐπποις
576 3085 820 3148 ἐνδόντες
849 3084 974 3146 τούς
1004 3081 1280 3155 χαλινοὺς,
1309 3081 1543 3152 ἔφευγον
1575 3083 1785 3151 ἀμετα-

1897 3094 2159 3163 temporis
2212 3092 2560 3157 intercessit,
2612 3107 2736 3146 cum
2769 3091 2875 3145 alia
2912 3089 3259 3159 expeditione
3283 3104 3478 3144 contra

1896 3185 2173 3239 Barbaros
2222 3193 2478 3253 suscepta
2512 3222 2527 3247 ,
2590 3180 2980 3238 Philomelium
3031 3179 3222 3233 urbem
3249 3179 3478 3233 armatis

1890 3292 2119 3333 vacuam
2176 3285 2451 3345 repertam
2506 3274 2726 3347 (omnes
2768 3271 2918 3327 enim
2967 3273 3088 3343 ejus
3136 3285 3358 3326 accessu
3388 3284 3481 3325 co~

1891 3371 2063 3442 gnito,
2091 3366 2434 3425 cbarissimis
2472 3365 2785 3436 quibusque
2830 3363 3030 3418 ablatis
3081 3359 3476 3441 discesserant)
3516 3398 3520 3402 -

1898 3463 2018 3517 sine
2062 3460 2251 3515 labore
2307 3458 2471 3528 cepit.
2499 3456 2604 3512 Sed
2653 3465 2711 3512 et
2733 3454 2955 3511 castella
3004 3454 3253 3526 quaedam
3275 3462 3480 3524 ctspe-

1895 3556 2095 3616 luncas.
2126 3567 2248 3623 qua:
2273 3550 2344 3606 ab
2388 3550 2584 3606 incolis
2606 3548 2964 3620 Cataphygia,
3017 3547 3124 3602 hoc
3148 3557 3253 3612 est,
3282 3547 3480 3602 confu-

1894 3651 1983 3718 gia
2045 3646 2426 3710 nominantur,
2477 3658 2577 3713 per
2629 3641 2965 3698 deditionem
3004 3640 3239 3711 accepit,
3262 3649 3318 3694 et
3355 3639 3483 3695 illos

1896 3739 2047 3808 quod
2103 3739 2179 3793 ita
2232 3735 2496 3807 expedire
2542 3733 2846 3801 videretur,
2897 3736 2954 3790 in
3005 3733 3252 3789 colonias
3292 3747 3480 3789 secum

1896 3831 2149 3898 abduxit,
2214 3844 2340 3886 cum
2369 3844 2535 3886 nemo
2593 3837 2760 3893 esset,
2784 3843 2908 3884 cum
2932 3843 3044 3898 quo
3095 3827 3297 3882 bellum
3324 3841 3481 3897 εει-θη

1898 3933 1983 3979 ret
2014 3939 2029 3978 :
2089 3922 2158 3980 iis
2210 3924 2307 3994 qui
2331 3922 2543 3992 integra
2567 3932 2729 3979 aetate
2754 3930 2940 3990 erant,
2974 3930 3030 3977 et
3073 3920 3282 3976 viribus
3331 3919 3483 3991 vigeo

1904 4014 2060 4080 bant,
2093 4014 2328 4084 pedibus
2363 4015 2468 4069 iter
2488 4013 2817 4069 facientibus
2858 4029 2873 4067 :
2906 4012 3150 4083 quivero
3197 4018 3484 4067 senectute

235 4105 347 4181 εὗρε
372 4109 429 4163 δὲ
457 4108 519 4163 τὺ
549 4107 688 4162 ἄστυ
719 4103 883 4158 τοῦτο
929 4101 1086 4155 κενὸν
1120 4098 1361 4154 ὁπλιτῶν
1407 4098 1632 4168 (πάντες
1690 4097 1794 4168 γὰρ

1901 4108 2180 4164 tardiores
2215 4108 2282 4163 ad
2310 4107 2705 4162 ambulandum
2756 4116 2947 4172 erant,
2996 4106 3327 4175 iisjumcnta
3348 4121 3485 4174 prae-

234 4203 321 4274 τὴν
343 4203 433 4258 τοῦ
463 4199 870 4272 αὐτοκράτορος
899 4195 1204 4263 ἐγνωκότες
1232 4192 1354 4246 κατ’
1370 4192 1552 4246 αὐτῶν
1581 4189 1790 4260 ἔφοδον,

1899 4194 2042 4249 buit.
2099 4195 2156 4251 Si
2193 4196 2288 4265 qui
2329 4211 2462 4251 vero
2483 4196 2568 4251 vel
2623 4197 2850 4261 morbis,
2879 4196 2962 4250 vel
2993 4196 3116 4249 aliis
3159 4194 3486 4248 calamitati-

222 3179 478 3249 στρεπτὶ),
514 3178 707 3247 ῐσχυσε
741 3176 799 3229 δέ
838 3176 934 3228 καὶ⁵
968 3175 997 3228 ό
1053 3172 1401 3244 Καμμύτζης
1444 3175 1544 3239 τὰς
1597 3178 1789 3247 χεῖρας

152 3332 157 3337 ,
221 3270 384 3326 αὐτῶν
413 3271 697 3340 ἐκφυγεῖν,
736 3268 864 3332 τοὺς
886 3266 1055 3320 ἀὐτὸν
1102 3265 1480 3337 φρουροῦντας
1521 3268 1790 3336 μεγάλαις

224 3362 533 3434 ὑποσχέσεσι
582 3360 779 3423 πείσας
813 3352 1222 3429 συναποδρᾶναι
1255 3358 1426 3430 αὐτῷ,
1463 3361 1557 3413 καὶ
1613 3377 1788 3431 προσ-

225 3456 525 3527 εληλυθέναι
577 3452 656 3524 τῷ
698 3452 929 3522 βασιλεῖ.
990 3451 1102 3505 Καὶ
1132 3451 1161 3503 ό
1193 3451 1292 3520 μὲν
1332 3453 1468 3523 πρὸς
1507 3452 1599 3505 τὸν
1632 3453 1795 3507 αὐτο-

227 3550 449 3620 κράτορα
499 3543 637 3617 ἦλθε
682 3543 1004 3613 προσάγων,
1039 3542 1135 3596 καὶ
1166 3542 1294 3605 τούς
1341 3542 1510 3596 αὐτοῦ
1539 3543 1793 3612 φύλακας

228 3640 560 3712 αὐτομόλους.
602 3637 663 3691 '0
691 3636 749 3691 δὲ
794 3635 1015 3708 κρατῶν
1044 3636 1253 3689 ἐκεῖνον
1290 3634 1391 3705 μὲν
1450 3635 1626 3703 ἡδέως
1658 3631 1791 3699 εἶδε,

227 3732 342 3795 τούς
391 3731 434 3786 δ’
457 3732 673 3784 ἐκεῖνον
704 3726 1003 3789 λελυκότας
1036 3725 1363 3792 ἐδεξιώσατο
1391 3727 1666 3797 χρήμασι,
1700 3723 1796 3778 καὶ

230 3825 518 3896 ἐπανῆλθεν
570 3826 652 3886 είς
686 3823 748 3877 τὸ
782 3819 1096 3887 Βυζάντιον.
1152 3821 1229 3874 Οὐ
1283 3820 1453 3883 πολὺς
1502 3817 1796 3891 παρερῤὑη

232 3920 426 3986 καιρὸς,
454 3918 552 3973 καὶ
579 3916 779 3982 ἔξεισιν
808 3914 969 3980 αὖθις
997 3915 1141 3967 κατὰ
1180 3913 1289 3966 τῶν
1321 3911 1625 3985 Βαρϐάρων
1667 3912 1796 3967 τού-

231 4033 328 4070 των
359 4018 386 4069 ό
412 4012 797 4084 αὐτοκράτωρ,
848 4008 944 4062 καὶ
972 4009 1194 4062 ἄπεισιν
1229 4005 1311 4068 είς
1358 4004 1420 4058 τὸ
1449 4004 1762 4075 Φιλομίλιον
1781 4022 1795 4038 ο

236 4297 296 4349 τά
322 4296 416 4366 μὲν
443 4295 679 4365 φίλτατα
710 4290 1024 4362 μετέθεντο,
1052 4288 1257 4340 ἐκεῖνοι
1315 4285 1362 4338 δ’
1392 4284 1792 4355 ἀνεχώρησαν)-

235 4390 292 4443 τδ
318 4390 411 4459 μὲν
446 4384 542 4443 οὖν
580 4387 715 4440 ἄστυ
750 4383 970 4439 ἀπόνως
999 4380 1232 4451 ἐλήφθη.
1263 4377 1428 4431 Ἀλλά
1468 4379 1652 4447 μέντοι
1706 4376 1801 4429 καί

238 4498 348 4536 τινα
373 4481 609 4552 φρούρια
635 4479 726 4531 καὶ
758 4473 1024 4544 σπήλαια,
1060 4471 1097 4526 ἃ
1130 4468 1462 4538 Καταφύγια
1490 4470 1602 4532 τοῖς
1627 4471 1803 4540 ἐγχω-

244 4575 365 4647 ρίοις
408 4575 746 4645 ὠνόμασται,
798 4568 955 4638 παρὰ
998 4565 1107 4618 τῶν
1159 4563 1501 4633 κατεχόντων
1548 4561 1688 4616 αὐτά
1723 4561 1800 4632 τῷ

243 4668 438 4739 βασιλεῖ
475 4665 877 4736 παρεδόθησαν.
908 4660 1004 4714 καὶ
1053 4659 1104 4711 οί
1145 4658 1205 4711 ἐν
1237 4658 1422 4718 αὐτοῖς
1458 4656 1802 4726 μετῳκίσθη-

243 4777 349 4827 σαν,
378 4759 535 4815 τοῦτο
588 4756 867 4827 συμφέρον
914 4751 1012 4806 τοῦ
1051 4750 1458 4820 αὐτοκράτορος
1491 4747 1800 4819 κρίναντος.

243 4852 340 4917 οὓς
391 4851 508 4923 μεθ’
542 4848 739 4904 ἐαυτοῦ
793 4845 974 4900 λαϐὼν
1004 4845 1236 4908 ἐκεῖνος,
1267 4840 1517 4911 ἐπανῄει,
1547 4839 1672 4892 ἐπεὶ
1725 4839 1801 4910 μὴ

246 4946 504 5015 πολεμίοις
540 4944 779 5012 ἐνέτυχε.
814 4940 938 4994 Τῶν
967 4938 1023 4993 δὲ
1056 4936 1526 5008 μετοικιζομένων
1553 4933 1668 4988 ὅσοι
1702 4932 1802 5001 μὲν

137 5052 145 5061 ’
247 5042 571 5111 ἀκμάζοντες
618 5035 760 5111 ἦσαν
807 5036 841 5107 ἢ
882 5037 973 5090 καὶ
1021 5034 1333 5098 νεάζοντες,
1364 5029 1432 5084 δι’
1465 5029 1678 5082 ἑαυτῶν
1705 5031 1804 5099 τὴν

250 5134 459 5203 πορείαν
486 5132 780 5203 πεποίηντο
809 5141 828 5161 ⁸
859 5122 940 5191 οἷς
978 5125 1035 5179 δὲ
1066 5125 1128 5177 τδ
1169 5123 1346 5194 γῆρας
1386 5121 1602 5193 βραδεῖς
1635 5121 1805 5173 ἐτίθει

250 5226 361 5290 τούς
397 5225 563 5290 πόδας
608 5228 690 5290 είς
721 5223 954 5293 βάδισιν,
992 5218 1204 5280 τούτοις
1234 5219 1497 5287 παρεῖχεν
1525 5218 1554 5269 ό
1585 5214 1804 5286 κρατῶν

1898 4288 2022 4354 bus,
2055 4288 2140 4342 vel
2172 4286 2360 4343 aﬂlicﬁ
2396 4287 2549 4343 senio
2588 4286 2915 4356 corporibus
2965 4287 3126 4342 lassis
3157 4296 3335 4352 erant,
3389 4301 3487 4341 eos

1904 4381 2112 4452 clypeis
2133 4381 2437 4449 impositos.
2474 4396 2505 4435 a
2539 4380 2783 4436 robustis
2837 4380 3153 4450 juvenibus,
3197 4379 3290 4447 qui
3330 4378 3488 4433 oneri

1901 4470 2135 4526 ferendo
2195 4486 2361 4541 pares
2405 4477 2612 4537 essent,
2640 4471 2840 4541 gestari
2875 4470 3060 4541 jussit,
3092 4470 3319 4539 ipseque
3354 4469 3490 4524 obe-

1904 4568 2148 4639 qnitans,
2203 4566 2248 4621 si
2290 4580 2454 4636 quem
2514 4580 2706 4621 eorum
2732 4568 2816 4620 vel
2870 4564 2960 4619 siti
3005 4564 3372 4628 laborantem,
3402 4562 3489 4616 vel

1904 4661 2092 4716 cibum
2163 4660 2594 4723 desiderantem,
2656 4658 2738 4713 vel
2780 4657 2987 4726 alioqui
3041 4656 3183 4710 male
3224 4654 3486 4711 atl‘ectum

1903 4750 2136 4819 videret,
2168 4764 2295 4805 eum
2327 4764 2429 4819 pro
2452 4748 2597 4803 virili
2662 4745 2966 4802 recreabat.
3000 4745 3092 4801 Sic
3115 4743 3486 4815 proﬁciscenti

1903 4854 1959 4899 et
2012 4840 2499 4900 divertentiTurci
2553 4838 2937 4896 Occidentales
2970 4845 3354 4904 occurrerunt,
3391 4836 3488 4902 qui

1906 4936 2211 5006 principem
2242 4950 2402 4989 suum
2439 4933 2607 4989 ferire
2642 4948 2768 4986 cum
2811 4931 3077 4986 Romanis
3123 4928 3301 4986 Medus
3351 4927 3491 4982 velle

1903 5029 2173 5085 dicerent.
2224 5028 2382 5095 Quod
2448 5040 2574 5081 cum
2608 5040 2713 5079 nec
2779 5022 3098 5093 imperatori
3144 5021 3489 5092 displiceret,

1904 5137 2066 5176 mane
2093 5119 2460 5174 Barbarorum
2488 5117 2750 5188 princeps
2775 5114 2951 5179 venit,
2985 5128 3094 5168 non
3139 5108 3493 5180 satrapa,sed

1905 5235 1971 5274 es
2009 5215 2213 5272 sultani
2240 5220 2462 5285 genere,
2491 5210 2586 5282 qui
2622 5219 2679 5266 et
2727 5208 2845 5280 ipse
2875 5224 2906 5263 a
2939 5208 3059 5263 suis
3121 5205 3497 5261 sultanus‘vo-

1386 5359 1588 5421 Variae
1632 5360 1939 5424 lectiones
1984 5367 2045 5421 et
2090 5365 2280 5420 notae.

318 5516 420 5591 (33)
452 5515 669 5591 Στήλη.
712 5509 815 5591 De.
840 5508 945 5562 hac
991 5514 1172 5591 statua
1216 5502 1563 5591 Constantini
1609 5510 1667 5557 et
1719 5518 1812 5558 co-
1842 5506 1887 5560 ι)
1916 5502 2129 5584 dissitas
2165 5517 2179 5554 :
2210 5515 2294 5591 eq,
2317 5500 2556 5591 inquam,
2579 5493 2675 5591 ﬁeri
2691 5492 2925 5591 ηιααξξμιξα
2951 5480 3494 5591 ςοηξξμέιιξςένῗαὲιξια

254 5575 426 5643 intima
485 5575 919 5664 porphyretici!”
966 5575 1327 5664 ejusdemque
1388 5582 1581 5664 stat‘qa;
1656 5587 1810 5637 casu,

255 5642 451 5728 egitnus
485 5642 540 5710 i'n
573 5642 729 5728 Notis
757 5650 825 5728 ρει
853 5642 1462 5728 Αιεωίὶιᾳεηιηᾼῡιηιεαηι.
1493 5642 1657 5728 Illius.
1679 5658 1815 5728 p.33.

259 5713 395 5783 terea
454 5724 704 5782 meminit
763 5720 985 5775 Nicetas
1042 5717 1100 5770 in
1153 5715 1423 5769 Thesauro
1472 5713 1810 5783 orthodiﬁd.

260 5782 353 5853 lib.
385 5816 438 5865 v,
492 5812 612 5867 cap.
640 5794 756 5867 Αἰξί,
802 5806 869 5843 ex
903 5788 1158 5867 versione
1200 5785 1361 5867 Petri.
1384 5783 1601 5867 ,ΜΨ-ειη
1635 5801 1646 5835 :
1680 5782 1813 5867 Qum

1916 5572 2164 5642 imposita
2190 5577 2310 5642 ρεςι,⁸
2329 5563 2446 5637 qua:
2489 5563 2765 5642 Ἀνθήλιος
2793 5563 3009 5642 dicitur,
3056 5571 3172 5626 qua:
3203 5563 3359 5607 terra:
3385 5566 3497 5642 pro:

1914 5653 1971 5695 tu
1990 5632 2147 5695 etiam
2183 5632 2456 5707 confracta
2489 5648 2564 5690 est
2590 5632 2885 5704 imperante
2910 5632 3296 5685 Comncnorum
3322 5632 3494 5693 primo

1915 5712 2608 5851 Algig'ﬁﬁixagmcp
2640 5769 3003 5851 Εὑστεξᾷιον.
3050 5763 3362 5851 Ct‘tj'us'nqn
3403 5776 3491 5817 se-

260 5835 647 5940 ἱξὲῗυεῖιέεεέἳνιίά
902 5835 1154 5940 ιδῖιῖῐιέξὲ
1181 5835 1421 5940 ειεξινὸἱέ
1447 5851 1817 5940 Consla'ntino-
1914 5835 2018 5908 incl
2061 5835 2314 5905 meminit
2344 5835 2498 5903 A'nna
2531 5844 2812 5900 Conmeua
2839 5840 2937 5895 lib.
2974 5853 3068 5893 χιιι
3094 5835 3388 5890 Atexiadis.

264 5922 536 6010 ροιεοεήια
574 5922 756 5991 dictu;
812 5922 903 5986 nec
946 5927 1191 6002 procula
1244 5925 1522 5995 Purpurea
1564 5922 1809 5976 columna
