3964 6252
454 256 563 325 323
1692 255 2014 319 IOANNIS

2127 258 2374 321 )NARxE
3609 267 3717 334 3:4

453 373 715 451 γενέσθαι
757 375 856 444 τῆς
901 370 1193 444 βασιλίδος,
1223 373 1320 426 καὶ
1353 371 1659 443 ἀγνοούσης
1687 373 1770 426 ὅτι
1800 371 2115 440 γεγόνασιν.
2191 373 2252 427 '0
2302 376 2402 446 μὲν
2463 372 2562 432 οὖν
2635 377 2825 452 ἀπῄει.
2881 378 2998 450 Τῆς
3042 380 3235 453 φήμης
3296 380 3357 437 δὲ
3408 381 3733 454 κηρυξάσης

455 468 597 537 ταχὺ
626 466 686 520 τδ
713 465 982 538 πραχθὲν,
1004 464 1082 536 τῷ
1114 464 1330 536 βασιλεί
1352 465 1527 537 τούτῳ
1554 463 1737 520 καὶτὸ
1765 464 2032 533 συγγενὲς
2071 463 2326 536 προσῄει,
2376 467 2471 521 καὶ
2518 466 2632 523 τῶν
2719 472 3134 542 στρατιωτικῶν
3206 471 3493 545 ἀρχόντων
3548 474 3735 532 πολλοὶ

457 561 554 615 καὶ
588 559 697 613 τῶν
725 559 827 630 τῆς
857 558 1165 629 συγκλήτου
1201 558 1422 630 βουλῆς.

519 652 715 708 XXIX.
756 653 1026 708 Caeterum
1072 652 1137 706 ad
1182 667 1431 722 magnam
1474 651 1677 724 regiam
1717 649 2024 722 properanti

2215 647 2346 704 KG’.
2381 651 2473 722 Τῷ
2496 650 2542 704 δ’
2581 645 2707 724 ἧνὴ
2742 653 2889 724 ὁρμὴ
2922 651 3060 725 πρὸς
3089 654 3150 706 τὸ
3204 654 3353 724 μέγα
3385 654 3691 726 ἀνάκτορον
3712 665 3731 683 ⁶

449 744 788 805 nuntiatur,
842 742 1123 812 \‘arangos
1176 741 1431 796 stationis
1485 740 1887 804 excubitorum,
1943 739 2024 794 ubi

2140 745 2354 799 ἀπιόντι
2405 744 2463 798 δέ
2500 746 2825 814 ἀγγέλλεται
2865 748 2941 811 ὡς
2982 747 3031 800 oi
3070 747 3375 817 Βάραγγοι’
3405 747 3505 819 τὴν
3532 749 3593 801 ἐν
3622 750 3735 809 τοῖς

452 836 617 891 iidem
678 835 1037 897 habitabant,
1096 834 1184 886 via
1235 843 1543 902 occupata,
1591 834 1869 888 neminem
1915 832 2024 886 illat

2139 836 2476 903 ἐξκουϐίτοις
2540 837 2881 910 διειληφότες
2947 839 3089 902 ὁδὸν,
3164 838 3295 893 ἔνθα
3350 857 3460 910 περ
3515 839 3735 903 τούτοις

452 931 689 984 transire
728 928 871 998 pati,
900 937 993 983 aut
1035 927 1198 997 309
1232 926 1497 982 accedere
1537 927 1605 981 ad
1655 926 1861 997 regiam
1916 925 2024 992 Qut

2142 930 2239 982 καὶ
2299 930 2333 1001 ἡ
2390 930 2760 1002 κατοίκησις,
2805 930 3067 985 ἀπελθεῖν
3131 930 3200 985 δι’
3260 931 3482 1001 ἐκείνης
3527 932 3590 984 οὔ
3628 949 3726 984 παι

453 1020 649 1074 nuntio
680 1018 1076 1089 perturbatus,
1120 1017 1412 1088 quemdam
1449 1018 1515 1072 ad
1555 1018 1676 1073 illos
1717 1018 1887 1073 mittit
1917 1034 2024 1087 per-

2145 1023 2455 1094 ραχωρςῦσί
2515 1043 2674 1092 τινι,
2743 1024 2865 1078 οὐδὲ
2932 1023 3040 1097 μὴν
3106 1024 3412 1095 πλησιάσαι
3461 1026 3573 1087 τοῖς
3632 1023 3732 1092 βα-

402 1136 403 1139 η
453 1121 734 1167 conlatum
758 1156 771 1175 ,
808 1110 939 1180 quid
972 1110 1077 1164 sibi
1103 1109 1298 1166 velint.
1345 1108 1512 1164 Mittit
1539 1120 1596 1165 et
1635 1109 1704 1164 ad
1736 1109 2024 1165 Ecelesiau

2142 1109 2382 1175 σιλείοις.
2415 1113 2586 1166 Τοῦτο
2627 1115 2709 1179 εἰς
2752 1115 2995 1184 ἀγωνίαν
3036 1115 3129 1169 τὸν
3191 1115 3421 1185 βασιλέα
3482 1114 3729 1167 ἐνέϐαλε.

453 1205 548 1274 qui
574 1204 803 1262 diceret.
834 1202 1229 1272 imperatorem
1257 1216 1379 1256 esse
1410 1210 1713 1266 mortuum,
1747 1216 1917 1271 seque
1946 1216 2038 1255 ce-

455 1295 655 1349 lebrari
685 1294 824 1347 velle
849 1303 909 1347 ut
936 1294 1352 1362 imperatorem.
1384 1294 1463 1348 Ac
1489 1294 1541 1348 id
1574 1295 1795 1364 quidem
1824 1310 1854 1348 a
1888 1294 2039 1349 clero

452 1398 509 1441 et
543 1402 756 1440 summo
794 1395 1012 1455 pastore
1043 1386 1268 1442 factum.
1306 1384 1412 1442 Sed
1458 1386 1691 1458 Varangi
1741 1387 2041 1456 reSponde-

453 1491 581 1532 runt
607 1480 653 1531 ei
693 1480 785 1548 qui
834 1480 1102 1549 rogabat,
1134 1496 1234 1535 cur
1266 1480 1428 1550 regite
1459 1479 1609 1534 aditu
1648 1480 2037 1549 imperatorem

454 1570 846 1634 excluderent,
882 1587 941 1627 se
981 1573 1314 1641 imperatore
1349 1573 1568 1627 vivente
1602 1572 1878 1627 neminem
1913 1588 2039 1644 pas-

453 1675 616 1715 suros
649 1662 887 1728 ingredi.
928 1662 1028 1716 Illo
1068 1678 1199 1717 vero
1231 1662 1557 1723 afﬁrmante.
1593 1665 1704 1732 jam
1733 1680 1853 1720 esse
1892 1680 2040 1718 mor-

455 1761 652 1805 tuum:
687 1753 926 1824 Varangi
971 1755 1342 1825 jurejurando
1388 1755 1596 1809 sancita
1625 1757 1746 1827 ejus
1787 1755 1862 1810 rei
1910 1756 2035 1819 lide,

455 1841 778 1911 imperatori
828 1846 1029 1913 regiam
1065 1845 1275 1915 ingredi
1307 1859 1722 1903 concesserunt.
1758 1847 1878 1914 Quo
1909 1864 2036 1904 cum

454 1934 790 2002 pervenisset
815 1973 830 1996 ,
867 1949 991 1989 cum
1037 1936 1152 1991 suis
1190 1936 1563 2002 deliberabat,
1605 1939 1884 2008 quomodo
1925 1949 2040 1995 tra-

452 2025 649 2079 ctanda
691 2036 844 2082 esset
882 2039 1080 2091 mater,
1111 2028 1343 2091 fratres.
1371 2045 1705 2100 sororesque
1728 2071 1743 2095 ,
1773 2040 1829 2087 et
1857 2030 2039 2088 Ctesar

450 2113 762 2185 Bryenius:
800 2115 922 2170 illos
947 2117 1097 2170 enim
1170 2116 1359 2172 adhuc
1386 2120 1688 2184 metuebat,
1722 2104 2036 2191 suspectos-

452 2224 561 2275 que
592 2208 864 2269 habebat.
918 2225 985 2264 ne
1030 2224 1118 2264 res
1156 2225 1326 2265 novas
1371 2212 1721 2268 molirentur.
1768 2215 1836 2269 At
1881 2227 2040 2286 pater

456 2313 631 2356 totum
660 2303 843 2357 adhuc
877 2302 1021 2358 diem
1050 2303 1331 2373 spirabat,
1378 2304 1791 2379 difﬁculterque
1835 2312 2039 2364 morie-

454 2398 634 2457 batur,
672 2394 776 2449 sub
810 2410 1092 2465 ve-peram
1124 2396 1345 2451 demum
1392 2402 1720 2455 exstinctus.
1755 2403 1904 2458 Vixit
1935 2418 2036 2457 an-

454 2500 554 2539 nos
585 2488 964 2556 septuaginta,
1013 2499 1109 2542 aut
1149 2489 1405 2554 circiter,
1445 2494 1698 2561 regnavit
1732 2504 1941 2563 septem
1981 2506 2037 2552 et

455 2576 673 2645 triginta
695 2616 709 2638 ,
743 2592 960 2632 menses
988 2589 1246 2645 quatuor,
1273 2590 1322 2634 et
1364 2579 1483 2636 dies
1499 2582 1728 2652 aliquot.
1754 2582 1903 2638 Obiit
1934 2600 2034 2639 an-

452 2682 524 2720 no
543 2667 733 2720 mundi
780 2668 959 2722 sexies
1012 2671 1327 2733 millesimo,
1349 2676 1750 2727 sexcentesimo
1773 2663 2036 2730 vicesimo

452 2766 627 2820 sexto,
655 2759 885 2828 imperio
920 2759 1156 2814 feliciter
1196 2762 1587 2817 administralo
1609 2806 1623 2829 ,
1671 2765 1797 2819 vitae
1826 2768 2032 2821 exitum

452 2865 563 2903 non
606 2865 761 2920 teque
807 2866 1128 2920 prosperum
1176 2855 1428 2909 sortitus.
1478 2855 1524 2908 A
1572 2856 1839 2913 ministris
1885 2860 2034 2913 enim

452 2938 567 2994 fere
604 2942 862 2995 omnibus
904 2955 985 2996 est
1030 2942 1311 3009 desertus,
1354 2954 1412 2999 ut
1448 2962 1619 3016 prope
1653 2948 1787 3002 nulli
1826 2960 2031 3016 essent,

449 3031 546 3102 qui
590 3033 826 3088 cadaver
881 3036 1002 3105 ejus
1060 3039 1350 3105 postremis
1399 3040 1636 3094 lavacris
1694 3053 2030 3113 purgari-nt:

449 3139 631 3194 neque
661 3138 887 3181 ornatus
923 3127 1308 3197 imperatorias
1353 3138 1555 3199 praesto
1586 3132 1669 3187 eis
1703 3142 1886 3197 esset,
1922 3150 2032 3203 quo

448 3218 684 3274 cadaver
714 3220 835 3290 ejus
867 3236 965 3289 pro
1004 3221 1271 3292 dignitate
1298 3234 1614 3289 ornaretur,
1647 3242 1825 3295 neque
1861 3227 2031 3285 funus

2142 1205 2255 1257 Καὶ
2334 1206 2543 1260 στέλλει
2619 1208 2760 1279 πρὸς
2824 1208 3068 1271 ἐκείνους
3142 1209 3266 1261 τινὰ
3335 1208 3626 1279 ἐρωτῶντα
3676 1207 3734 1261 τί

2139 1296 2200 1350 τὸ
2267 1298 2420 1364 σφίσι
2482 1298 2807 1368 βουλόμενον
2851 1317 2866 1333 ο
2921 1299 3129 1354 στέλλει
3179 1300 3237 1354 δὲ
3293 1299 3391 1354 καὶ
3443 1301 3576 1371 πρὸς
3632 1300 3731 1371 τὴν

2152 1391 2477 1460 Ἐκκλησίαν
2507 1430 2522 1457 ,
2587 1391 2845 1447 τεθνάναι
2919 1392 3093 1462 λέγων
3155 1392 3247 1447 τὸν
3307 1393 3730 1473 αὐτοκράτορα,

2140 1485 2234 1539 καὶ
2257 1484 2436 1557 ζητῶν
2468 1486 2630 1548 αὐτὸς
2664 1485 3051 1558 εύφημηθῆναι
3090 1487 3167 1548 ὡς
3196 1485 3581 1573 αὐτοκράτωρ.
3614 1487 3724 1539 Καὶ

2137 1579 2299 1634 τοῦτο
2338 1581 2435 1649 μὲν
2456 1581 2675 1651 ἧνυστο,
2712 1583 2809 1635 καὶ
2844 1580 3231 1651 αὐτοκράτορα
3260 1581 3428 1635 αὑτὸν
3468 1580 3498 1632 ὁ
3527 1580 3730 1650 κλῆρος

2138 1674 2237 1742 τῆς
2279 1672 2608 1742 Ἐκκλησίας
2640 1671 2835 1745 γνώμῃ
2874 1673 2969 1727 καὶ
3003 1673 3098 1726 τοῦ
3159 1673 3554 1743 ἀρχιποιμένος
3595 1674 3729 1739 ἀνη-

2142 1765 2427 1835 γόρευσεν.
2475 1764 2536 1819 '0
2585 1764 2640 1816 δὲ
2687 1765 2826 1836 πρὸς
2860 1766 2987 1829 τοὺς
3030 1764 3352 1835 Βαράγγους
3398 1763 3732 1833 ἐσταλμένος

2139 1855 2331 1926 ἠρώτα
2384 1858 2661 1922 ἐκείνους,
2712 1858 2836 1910 ὅτου
2877 1857 3040 1930 χάριν
3079 1856 3353 1911 κιιλύουσι
3401 1855 3480 1927 τῷ
3518 1856 3732 1927 βασιλεῖ

2139 1949 2239 2018 τὴν
2260 1952 2338 2013 εἰς
2360 1949 2429 2004 τὰ
2454 1948 2706 2019 βασίλεια
2738 1940 2995 2021 πάροδονο
3025 1952 3074 2004 οἱ
3101 1949 3159 2004 δέ
3191 1952 3267 2021 μή
3297 1966 3432 2003 ποτε
3460 1966 3729 2022 παραχω-

2151 2048 2320 2117 ρῆσαι
2354 2045 2464 2099 τῶν
2515 2042 2803 2115 βασιλείων
2845 2042 3039 2115 ἐτέρῳ,
3077 2044 3279 2109 ζῶντος
3310 2041 3406 2096 τοῦ
3444 2042 3725 2111 αὐτοκρά-

2137 2156 2318 2208 τορος,
2351 2138 2586 2206 ἔφασαν.
2628 2138 2865 2200 Ἐκεῖνος
2902 2136 2957 2191 δὲ
2985 2136 3309 2208 τεθνηκέναι
3341 2134 3720 2190 διεϐεϐαιοῦτο

2147 2231 2241 2284 τὸν
2292 2230 2694 2300 αὐτοκράτορα.
2747 2230 2859 2284 Καὶ
2903 2229 2955 2283 oi-
3004 2229 3283 2300 Βάραγγοι
3326 2230 3477 2299 ὅρκῳ
3521 2230 3713 2283 τοῦτον

2138 2322 2561 2393 πληροφορῆσαι
2615 2322 2813 2386 αὐτοὺς
2851 2322 3163 2394 ἀπῄτησαν.
3199 2323 3308 2377 Καὶ
3337 2321 3394 2384 ὃς
3430 2320 3650 2392 ὤμοσεν
3685 2318 3723 2393 ἦ

2142 2415 2249 2487 μὴν
2284 2414 2545 2469 τεθνάναι
2585 2413 2682 2466 τὸν
2721 2411 2971 2482 βασιλέα,
3013 2412 3259 2466 κάκεῖνοι
3296 2411 3573 2476 ἐνέδοσαν,
3630 2415 3725 2465 καὶ

2136 2510 2239 2578 τῆς
2272 2509 2510 2579 παρόδου
2534 2508 2613 2575 τῷ
2641 2507 2855 2578 βασιλεῖ
2888 2506 3318 2577 παρεχώρησαν.
3366 2503 3429 2559 Ὀ
3461 2504 3519 2557 δὲ
3554 2504 3723 2576 ἀπῄει

2139 2599 2275 2670 πρὸς
2303 2604 2371 2653 τὰ
2404 2598 2678 2669 βασίλεια,
2721 2599 2819 2652 καὶ
2855 2597 3064 2651 τούτων
3095 2597 3251 2661 ἐντὸς
3281 2595 3553 2666 γεγονὼς,
3598 2599 3715 2658 πῦς

2136 2692 2203 2746 ἂν
2237 2693 2509 2763 χρήσαιτο
2544 2694 2611 2762 τῇ
2653 2691 2821 2761 μητρὶ
2860 2690 2957 2742 καὶ
2993 2691 3108 2752 τοῖς
3152 2689 3460 2758 ὁμογνίοις,
3510 2694 3610 2743 καὶ
3644 2687 3727 2759 τῷ

2136 2783 2248 2834 τῶν
2324 2782 2605 2853 κηδεστῶν
2651 2783 2733 2834 ἐνὶ
2780 2780 2860 2853 τῷ
2906 2781 3171 2852 Βρυ;νίῳ,
3226 2780 3368 2849 μετὰ
3417 2781 3533 2835 τῶν
3591 2782 3722 2851 περὶ

2135 2874 2301 2926 αὐτὸν
2335 2873 2680 2927 ἐϐουλεύετο.
2718 2873 2843 2925 Ἔτι
2889 2872 3001 2941 γὰρ
3033 2869 3297 2923 ἐδεδοίκει
3330 2869 3585 2937 τούτους,
3628 2870 3722 2924 καί

2134 2969 2184 3021 οἱ
2232 2963 2372 3038 ἦσαν
2412 2968 2471 3020 ἐν
2529 2966 2812 3035 ὑποψίαις,
2865 2964 3138 3029 ἐλπίζοντι
3174 2964 3529 3034 νεωτερίσειν
3583 2964 3714 3027 ἴσως

2134 3062 2351 3126 αὐτούς.
2412 3061 2471 3114 '0
2510 3060 2567 3114 δὲ
2594 3058 2802 3127 ,τούτου
2846 3060 3030 3129 πατὴρ
3085 3060 3219 3129 παρ’
3269 3058 3401 3127 ὃλην
3459 3059 3563 3131 μὲν
3616 3058 3718 3126 τὴν

2135 3155 2348 3225 ἡμέραν
2383 3154 2640 3224 ἐμπνέων
2686 3149 2778 3224 ἦν,
2823 3153 2917 3205 καὶ
2951 3151 3324 3218 δυσθανατῶν,
3353 3155 3485 3223 περὶ
3526 3152 3585 3206 δὲ
3618 3152 3716 3224 τὴν

2133 3249 2375 3317 ἑσπέραν
2415 3246 2633 3311 ἐξέλιπε
2657 3262 2672 3277 ο
2705 3246 2880 3317 ζήσας
2913 3246 3017 3315 μὲν
3060 3245 3153 3316 ἔτη
3199 3244 3582 3315 ἐϐδομήκοντα
3616 3262 3719 3298 που

447 3309 498 3365 ei
541 3309 745 3366 factum
797 3322 883 3367 est
927 3313 1244 3382 imperatori
1297 3316 1657 3372 conveniens.
1710 3319 1879 3388 quue
1919 3338 2024 3375 non

2131 3344 2200 3397 τὰ
2235 3309 2413 3395 πάντα
2498 3341 2581 3396 ὅτι
2625 3309 2939 3410 ἐγγυτάτω,
2969 3309 3301 3411 βασιλεύσας
3324 3309 3370 3393 δ’
3391 3309 3470 3393 ⁷ἐκ
3500 3340 3715 3394 τούτων

445 3401 659 3463 alieno.
709 3403 804 3457 sed
853 3404 966 3458 [ilio
1011 3405 1231 3475 imperii
1277 3422 1602 3463 successore
1639 3426 1654 3463 :
1688 3419 1746 3464 et
1780 3427 1848 3467 eo
1892 3411 2022 3480 lilio,

445 3506 607 3559 quem
637 3493 753 3560 ipse
781 3492 1011 3562 imperio
1041 3506 1281 3550 ornarat.
1307 3497 1399 3552 Sic
1432 3514 1619 3552 rerum
1661 3500 2025 3558 humanarum

445 3581 582 3635 nihil
623 3583 820 3636 stabile
863 3593 919 3638 et
964 3585 1181 3639 tinuum
1228 3598 1343 3652 est,
1381 3588 1475 3643 sed
1518 3587 1684 3645 inﬁda
1729 3592 1943 3660 omnia,
1973 3607 2029 3651 et

445 3681 650 3728 tessera
681 3677 1052 3731 mutabiliura.
1088 3678 1216 3733 Fuit
1247 3690 1433 3736 autem
1468 3684 1559 3738 ille
1593 3685 1695 3750 vir,
1727 3697 1787 3740 ut
1818 3696 1875 3741 et
1898 3704 2018 3743 mo-

445 3778 537 3819 res
571 3765 688 3835 ejus
723 3778 1018 3835 expressos
1056 3768 1122 3822 ad
1164 3773 1504 3838 posteritatis
1538 3778 1859 3831 memoriam
1895 3794 2024 3847 pro-

444 3871 726 3926 pagemus,
764 3873 944 3927 neque
978 3858 1130 3915 ferox
1162 3871 1218 3915 et
1256 3876 1545 3934 arrogans,
1578 3881 1765 3937 neque
1801 3869 2026 3925 iracun-

441 3948 567 4012 dus,
603 3963 782 4018 neque
812 3965 1031 4018 avarus,
1076 3968 1186 4008 nec
1222 3956 1471 4024 pecunia:
1499 3959 1732 4014 nimium
1763 3961 2021 4031 cupidus,

445 4047 504 4092 ut
529 4050 650 4092 eam
680 4039 966 4107 conﬂaret,
1007 4054 1066 4098 et
1107 4043 1162 4098 in
1203 4045 1491 4104 thesauros
1518 4051 1764 4105 occultos
1803 4062 1859 4107 et
1893 4052 2027 4107 sub-

442 4139 727 4187 terraneus
748 4147 882 4203 opes
905 4135 1258 4193 reconderet.
1283 4137 1439 4195 Unde
1465 4155 1644 4211 neque
1666 4153 1791 4212 post
1809 4144 2022 4200 obitum

437 4223 559 4294 ejus
615 4225 672 4278 in
724 4226 924 4281 aerario
975 4243 1173 4300 magna
1221 4232 1457 4301 pecunia
1498 4244 1584 4289 est
1629 4251 1846 4307 reperta
1895 4256 1911 4293 :
1956 4241 2021 4293 ad

439 4315 878 4372 misericordiam
909 4335 1241 4390 propensus,
1267 4321 1337 4376 ad
1365 4325 1661 4382 sumendas
1689 4342 1879 4398 poenas
1909 4341 2019 4384 tar-

438 4404 571 4470 dus,
611 4407 860 4462 moribus
899 4408 1232 4479 moderatis,
1269 4428 1498 4469 accessu
1529 4414 1742 4483 facilis,
1786 4418 1840 4473 in
1873 4420 2019 4475 victu

437 4513 549 4551 non
580 4498 985 4570 intemperans,
1018 4518 1128 4558 non
1167 4505 1295 4560 vino
1326 4507 1545 4565 deditus
1579 4526 1593 4565 :
1639 4511 1840 4567 virtute
1880 4530 2021 4583 prae-

438 4589 569 4643 ditis
602 4592 913 4647 auseultare
956 4602 1013 4648 et
1044 4595 1310 4652 honorem
1358 4599 1560 4657 habere
1623 4604 1839 4660 solitus.
1878 4607 2018 4661 Eru-

435 4679 698 4736 ditionem
727 4699 839 4738 non
883 4694 944 4739 ut
979 4688 1347 4745 conveniebat
1369 4733 1384 4757 ,
1424 4689 1520 4749 sed
1550 4676 2012 4768 utcunque’cole-
2045 4687 2089 4742 θ

436 4771 529 4826 bat
556 4792 568 4828 :
601 4776 944 4843 commodus,
972 4779 1136 4851 310
1173 4798 1281 4837 non
1324 4784 1567 4842 insolens
1595 4804 1725 4859 erga
1760 4804 1859 4845 eos
1886 4793 2013 4860 qui-

432 4865 662 4923 buscum
711 4871 962 4940 vivebat,
1013 4876 1187 4932 comis
1226 4889 1283 4934 et
1323 4881 1636 4951 jucundus,
1681 4885 1837 4954 quasi
1879 4901 2006 4940 cum

430 4962 736 5030 aequalibus
765 4965 993 5025 viveret.
1035 4969 1189 5026 Unde
1223 4971 1303 5026 illi
1336 4974 1548 5030 securis
1581 4987 1742 5031 erant
1787 4978 2008 5044 animis,

430 5070 608 5125 neque
634 5067 782 5115 metu
805 5060 1021 5117 attoniti
1050 5063 1124 5119 illi
1151 5066 1424 5129 astabant.
1449 5071 1751 5137 praesertim
1773 5071 2010 5130 absente

428 5147 801 5218 imperatrice,
833 5168 956 5223 quae
990 5154 1346 5228 imperiosum
1380 5161 1604 5231 aliquid]
1631 5173 1691 5219 et
1743 5179 2000 5222 severum

423 5253 538 5309 prae
585 5256 645 5297 se
675 5242 883 5299 ferebat
906 5287 922 5310 ,
962 5255 1020 5302 et
1050 5251 1330 5305 modestize
1361 5252 1565 5308 oblitos
1600 5256 1784 5312 acrius
1812 5256 2001 5314 inere-

422 5327 606 5396 pabat.
659 5330 738 5385 Ac
776 5334 1008 5403 pulchra
1050 5339 1271 5406 quidem
1318 5343 1419 5397 ista
1463 5352 1596 5397 sunt
1631 5363 1646 5400 :
1691 5348 1817 5416 quis
1857 5350 2004 5404 enim

419 5421 619 5489 neget?
664 5437 896 5491 qumque
943 5425 1141 5495 privati
1183 5428 1428 5486 hominis
1474 5432 1663 5488 laudes
1697 5435 2005 5502 absolvant,

420 5525 527 5562 non
577 5522 757 5567 tamen
807 5516 1115 5585 ejusmodi,
1161 5536 1284 5590 quae
1332 5522 1725 5592 imperatorem
1778 5529 2004 5586 omnino

419 5598 624 5657 bonum
676 5603 1082 5662 demonstrent.
1134 5611 1270 5667 Nam
1334 5616 1545 5670 homini
1598 5620 1814 5687 privato
1869 5625 2004 5677 satis

418 5703 504 5747 est
541 5696 870 5769 moderatio,
916 5704 1180 5775 aequitas,
1222 5709 1595 5777 placabilitas,
1645 5722 1701 5767 et
1749 5714 1804 5768 in
1846 5717 1996 5771 omni

2130 3434 2413 3498 ἐνιαυτοὺς
2442 3434 2583 3487 ἐτττὰ
2635 3435 2733 3488 καὶ
2777 3435 3097 3504 τριάκοντα,
3131 3433 3226 3487 ἐπὶ
3283 3436 3418 3504 μησὶ
3448 3435 3716 3503 τέσσαρσι

2127 3524 2223 3576 καὶ
2250 3524 2486 3593 ἡμέραις
2511 3523 2676 3577 τισίν.
2706 3523 2903 3577 Ἐθανε
2923 3522 2979 3577 δὲ
3003 3526 3142 3576 κατὰ
3168 3522 3230 3576 τὸ
3255 3522 3720 3594 ἑξακισχιλιοστ“ν

2129 3616 2515 3683 ἑξακοσιοστὸν
2537 3602 2781 3669 εἰκοστὸν
2803 3615 2962 3668 ἕκτον
2990 3613 3111 3678 ἐτος
3129 3632 3143 3646 ·
3174 3613 3273 3684 τὴν
3297 3613 3398 3684 μὲν
3434 3615 3719 3684 βασιλείαν

2126 3706 2393 3779 διηνυκὼς
2411 3708 2678 3777 εὐτυχῶς,
2712 3707 2773 3759 τὸ
2788 3707 2842 3760 δέ
2862 3723 2924 3775 γε
2946 3706 3095 3769 τέλος
3117 3706 3216 3776 οὐχ
3235 3707 3422 3774 ὅμοιον
3440 3706 3713 3775 ἐσχηκώς.

2127 3800 2544 3856 Καταλέλειπτο
2592 3801 2704 3869 γὰρ
2763 3799 2902 3870 πρὸς
2944 3799 3052 3852 τῶν
3111 3798 3465 3870 θεραπόντων
3522 3799 3655 3868 σχεδ
3687 3816 3717 3850 ν

2126 3892 2404 3957 ἁπάντων,
2437 3891 2516 3954 ὡς
2551 3890 2675 3961 μηδ’
2701 3885 2842 3943 εἶναι
2870 3891 3015 3959 τάχα
3070 3889 3247 3955 τινὰς,
3275 3890 3406 3952 τοὺς
3435 3889 3529 3941 τὸν
3557 3889 3681 3941 ἐκεί
3701 3919 3713 3929 -

2127 4002 2220 4040 νου
2263 3985 2457 4056 νεκρὸν
2503 3986 2616 4046 τοῖς
2648 3981 2908 4043 λοισθίοις
2958 3982 3212 4052 λουτροῖς
3257 3981 3713 4053 ἀπορῤύψαντας,

2126 4076 2222 4129 καὶ
2255 4074 2379 4128 οὔτε
2413 4075 2620 4146 κόσμος
2647 4073 2922 4145 βασίλειος
2956 4074 3171 4143 προσῆν
3207 4074 3322 4135 τοῖς
3354 4076 3485 4144 περὶ
3517 4074 3712 4140 αὐτὶν,

2128 4170 2194 4223 ἵν’
2235 4168 2385 4240 αὑτῷ
2427 4167 2489 4222 τὸ
2533 4168 2698 4237 σῶμα
2744 4167 3047 4237 κοσμηθείη
3081 4166 3402 4237 βασιλικῶς,
3436 4164 3565 4218 οὔτε
3601 4171 3713 4236 μὴν

2126 4264 2370 4333 ἐκφορᾶς
2409 4262 2567 4331 ἔτυχε
2601 4260 2813 4329 βασιλεῖ
2857 4258 3220 4328 καταλλήλου.
3249 4260 3361 4311 Καὶ
3397 4259 3572 4311 ταῦτα
3607 4260 3713 4312 οὐκ

2123 4355 2452 4425 ἀλλοτρίου,
2498 4353 2614 4407 ἀλλ’
2682 4352 2845 4414 υίέως
2902 4351 3203 4421 δεξαμένου
3264 4351 3364 4416 τὴν
3427 4352 3713 4421 βασιλείαν

2123 4447 2289 4519 αὐτῷ,
2318 4447 2412 4501 καὶ
2437 4446 2621 4508 νὶἐως,
2659 4444 2720 4498 ὃν
2744 4445 2958 4507 ἐκεῖνος
2986 4446 3087 4513 τῆς
3120 4441 3403 4511 βασ.λείας
3439 4444 3703 4513 ἠξίωσεν.

2124 4538 2311 4600 Uine);
2335 4537 2486 4590 οὐδὲν
2509 4535 2619 4588 τῶν
2642 4533 3003 4603 ἀνθρωπίνων
3030 4534 3280 4603 μόνιμον,
3305 4533 3429 4588 οὐδὲ
3479 4534 3707 4600 πάγιον,

2121 4631 2243 4686 οὐδὲ
2276 4630 2464 4683 πιστόν
2492 4644 2552 4681 τε
2580 4627 2677 4679 καὶ
2703 4626 2946 4697 βέϐαιον,
2970 4625 3088 4678 ἀλλ’
3118 4626 3330 4680 ἄπιστα
3363 4624 3567 4684 πάντα,
3608 4628 3709 4678 καὶ

2119 4725 2289 4783 κύϐου
2323 4722 2526 4791 μᾶλλον
2555 4720 2685 4790 ῥᾷον
2726 4716 3128 4788 μετατιθέμενα
3158 4718 3253 4771 καὶ
3297 4717 3710 4787 μεταρῤ.πτο·3-

2115 4832 2272 4870 νενα.
2303 4808 2410 4867 Ἦν
2461 4810 2506 4864 δ’
2547 4810 2577 4862 ὁ
2623 4810 2765 4879 ἀνὴρ
2819 4808 2932 4878 (ἵνα
2983 4808 3079 4861 καὶ
3127 4806 3219 4859 τὸν
3247 4808 3449 4878 τρόπον
3484 4808 3705 4860 ἐκείνου

2105 4905 2267 4973 δῆλον
2316 4901 2544 4971 θείημεν
2594 4903 2706 4964 τοῖς
2764 4900 3091 4967 μετέπειτα,
3148 4898 3244 4951 καὶ
3293 4899 3355 4951 τὸ
3401 4893 3535 4968 ἦθος
3581 4902 3703 4963 τοῖς

2107 4994 2382 5066 ἁφιγόνοις
2406 4992 2931 5064 χαρακτηρίσωμεν)
2958 4990 3073 5046 οὔθ’
3103 4992 3477 5061 ὐπεροπτικός
3506 5010 3569 5046 τε
3601 4993 3701 5047 καὶ

2112 5085 2357 5154 ἀλαζὼν,
2390 5084 2516 5139 οὔτε
2576 5085 2686 5154 μὴν
2715 5083 2843 5148 ὀξὺς
2890 5085 2973 5147 εἰς
3015 5084 3210 5153 θυμὸν,
3253 5084 3373 5138 ἀλλ’
3398 5085 3521 5137 οὐδὲ
3565 5103 3707 5156 χρη-

2112 5175 2299 5245 μάτων
2330 5176 2533 5246 ἥττων,
2557 5173 2669 5228 οὐδ’
2708 5176 2849 5242 ἄγαν
2886 5175 3355 5247 ἐρασιχρήματος,
3388 5175 3534 5230 ὥστε
3569 5178 3700 5246 βού-

2108 5265 2299 5319 λεσθαι
2353 5265 2759 5337 καταχωννύειν
2805 5266 2948 5320 αὐτὰ
2996 5269 3091 5320 καὶ
3130 5268 3437 5337 ταμιεύειν,
3475 5269 3544 5324 ἵν’
3581 5265 3699 5323 εἷεν

2104 5357 2253 5428 αὐτῷ
2288 5356 2557 5427 θησαυροὶ
2586 5360 2985 5429 κεκρυμμένοι,
3008 5361 3104 5415 καὶ
3137 5361 3377 5431 ὑπόγαια
3404 5364 3699 5434 χρήματα,

2103 5451 2227 5504 ὃθεν
2285 5451 2407 5504 ούδέ
2460 5450 2715 5514 θανόντος
2774 5452 3005 5507 πλεῖστα
3070 5456 3222 5525 παρὰ
3270 5457 3385 5520 τοῖς
3438 5459 3697 5525 ταμείοις

2103 5540 2414 5610 εὑρέθησαν
2437 5556 2449 5569 ·
2488 5544 2632 5610 πρὸς
2678 5540 2830 5597 ἔλεον
2855 5543 3262 5615 εύκατάφορος,
3293 5545 3429 5616 πρὸς
3464 5546 3696 5601 κόλασιν

2100 5633 2201 5685 οὐκ
2247 5632 2572 5703 ὀξύρροπος,
2603 5634 2824 5704 μέτριος
2864 5635 2926 5688 τδ
2977 5632 3128 5707 ἦθος,
3164 5636 3377 5709 εὑπρόσ
3399 5653 3517 5700 τος,
3560 5639 3696 5707 περὶ

2100 5720 2199 5791 τὴν
2231 5719 2441 5776 δίαιταν
2488 5722 2587 5776 οὐκ
2632 5724 2959 5791 ἀκόλαστος,
3003 5727 3103 5780 οὐκ
3145 5728 3289 5781 οἴκου
3344 5729 3692 5798 ἡττώμενος,
