3964 6252
272 297 365 365 861

1390 290 1797 352 ANNALIUM
1829 290 2337 352 ARGUMENTA.

3393 286 3502 353 362

272 415 410 470 ὅπως
442 405 678 459 ἀπέθανε
710 402 960 467 Λέπιδος.
988 402 1111 457 Ὅτι
1142 401 1281 456 κατά
1311 402 1613 473 Σερτωρίου
1646 401 1846 470 ἐστάλη
1879 408 1924 462 Α
1952 417 2045 453 του
2065 440 2080 464 ,
2108 401 2202 453 καὶ
2233 401 2381 461 ὅπως
2409 397 2573 452 αὑτὸν
2599 394 2739 450 κατὰ
2767 392 2858 448 :07
2893 391 3182 463 Καίσαρας
3210 393 3530 464 παρώξυνον

271 495 298 545 6
335 490 632 559 Πομπήϊος.
662 487 850 549 Ὅπως
888 488 917 539 6
954 484 1256 555 Σερτώριος
1295 485 1528 556 ἐφθάρη,
1566 485 1660 537 καὶ
1696 484 1845 546 ὅπως

271 576 357 627 τὸν
403 574 721 643 Περπένναν
769 569 944 622 ἀνεῖλε
1000 571 1304 640 Πομπήϊος.
1340 568 1463 620 Ὅτι
1513 567 1707 637 ἠγάπα
1754 567 1845 619 τὸν

276 659 552 726 Πομπήῖον
590 654 619 706 6
661 653 852 723 δῆμος,
894 654 1146 714 κάκεῖνος
1185 652 1263 720 τῷ
1302 651 1459 721 δήμῳ
1499 650 1843 720 προσέκειτο.

277 740 459 801 Ὅπως
489 737 539 791 οί
568 737 795 806 τιμηταὶ
824 733 915 788 τὸν
947 735 1236 807 Πομπήϊον
1267 734 1515 800 ἐδέξαντο
1550 732 1850 802 προσιόντα

276 839 476 884 αυτοις.

339 903 403 959 Ν.
442 901 531 957 III.
572 903 709 973 Περὶ
740 902 850 955 τῶν
885 900 1246 971 πειρατικῶν,
1280 900 1377 954 καὶ⁸
1408 899 1538 963 ὅσας
1573 895 1717 953 εἷλον
1751 898 1850 952 πό-

276 986 402 1051 λεις,
433 986 530 1039 καὶ
559 987 706 1049 ὅπως
735 985 847 1049 τοῖς
880 984 1260 1054 ἁλισκομένοις
1305 981 1602 1055 Ῥωμαίοις
1632 981 1853 1034 ἐνέπαι-

277 1070 395 1134 ζον,
428 1072 523 1122 καὶ
555 1069 644 1122 οἶα
677 1069 897 1134 ἐξουσία
925 1067 1002 1140 τῷ
1035 1068 1309 1138 Πομπηΐῳ
1342 1069 1463 1121 κατ’
1488 1065 1668 1120 αὑτῶν
1700 1064 1853 1116 στελ-

279 1157 484 1222 λομένῳ
539 1152 834 1223 ἐψηφίσθη.
873 1152 1061 1214 Ὅπως
1116 1151 1327 1219 ταχέως
1381 1149 1472 1202 τὸν
1529 1146 1850 1216 πειρατικὸν

277 1237 493 1308 ἐνίκησε
532 1237 791 1307 πόλεμον,
828 1236 923 1291 καὶ
955 1236 1053 1307 τὴν
1089 1234 1366 1287 θάλασσαν
1399 1233 1506 1286 τῶν
1542 1231 1852 1304 ληστηρίων

278 1321 533 1391 ἐκάθηρε,
565 1323 658 1375 καὶ
686 1321 833 1383 ὅπως
866 1322 995 1390 παρ’
1036 1318 1335 1390 Ἀθηναίων
1364 1316 1579 1387 ἐδέχθη.

264 1394 267 1399 ’
345 1404 410 1459 Ν.
442 1405 533 1460 IV.
562 1404 702 1458 Ὅσα
729 1404 1002 1476 ἐψηφίσθη
1032 1402 1108 1474 τῷ
1140 1403 1407 1474 Πομπηΐῳ
1438 1402 1720 1474 μαθόντων
1745 1405 1854 1459 τῶν

288 1488 575 1560 Ῥωμαίων
597 1488 696 1561 τὴν
721 1492 880 1559 νίκην
904 1488 1000 1543 τοῦ
1030 1488 1350 1559 πειρατικοῦ
1380 1487 1640 1557 πολέμου.
1661 1487 1854 1551 Ὅπως

278 1572 363 1625 τὸν
386 1573 728 1644 Μιθριδάτην
753 1577 782 1627 6
808 1574 1095 1646 Πομπήϊος
1122 1572 1484 1643 ἐπολέμησεν.
1506 1570 1631 1625 Ὅτι
1661 1572 1855 1628 ἐαυτὸν

279 1655 563 1726 παρέδωκε
596 1654 675 1724 τῷ
709 1656 976 1726 Πομπηΐῳ
1006 1655 1315 1726 Τιγράνης,
1345 1655 1375 1706 6
1404 1654 1515 1707 τῶν
1552 1654 1854 1725 Ἀρμενίων

1949 483 2157 537 πολλοί.
2196 484 2404 553 Σημεῖα
2442 480 2717 552 γενόμενα
2747 477 3024 549 δηλωτικὰ
3054 477 3155 546 τῆς
3186 476 3280 529 :06
3319 479 3533 532 Καίσα-

1953 587 2041 639 90;
2072 569 2431 638 ἀναιρέσεως.
2458 567 2651 636 Σφαγὴ
2675 565 2770 619 :06
2803 564 3101 633 Καίσαρος.
3125 563 3266 617 Ὅσα
3288 562 3367 633 τῷ
3394 564 3535 617 Καί-

1951 673 2078 727 σαρι
2105 652 2454 723 ἐψηφίζοντο.

2018 737 2084 791 Ν.
2138 735 2256 791 XII.
2291 737 2415 789 Ὅτι
2461 736 2510 788 οἱ
2551 734 2646 787 τοῦ
2693 733 2974 802 Καίσαρος
3018 729 3302 799 ἀναιρέται
3349 731 3432 794 είς
3469 732 3533 784 :6

1954 822 2302 876 Καπιτώλιον
2341 818 2598 890 ἀνῆλθον.
2633 819 2755 871 Ὅτι
2799 817 3053 887 Κικέρων
3091 815 3277 867 ἔπεισε
3320 817 3534 882 πάντας

1953 902 2282 960 σπείσασθαι
2338 904 2591 974 ἀλλήλοις
2640 900 2734 954 καὶ
2780 900 2849 954 :6
2904 900 3058 969 παρὰ
3104 896 3200 950 τοῦ
3254 900 3535 970 Καίσαρος

1952 990 2271 1062 πραχθέντα
2311 990 2554 1060 κρατεῖν.
2579 986 2706 1039 Ὅτι
2747 985 2776 1037 6
2808 984 3123 1051 Ἀντώνιος,
3157 987 3248 1039 τδν
3279 983 3374 1036 τοῦ
3401 986 3539 1037 Καί-

1954 1091 2119 1144 σαρος
2151 1074 2344 1145 νεκρὸν
2374 1071 2743 1141 προθέμενος,
2772 1067 2941 1120 πολλὰ
2974 1068 3107 1137 πρὸς
3138 1068 3358 1122 ἔπαινον
3391 1068 3538 1121 ἐκεί-

1953 1176 2046 1214 νου
2066 1199 2083 1223 ,
2122 1159 2215 1212 καλ⁸
2255 1158 2511 1211 κινοῦντα
2543 1155 2634 1208 τὸν
2664 1155 2838 1223 δῆμον
2872 1151 3009 1222 πρὸς
3048 1152 3218 1221 ὀργὴν
3250 1154 3389 1206 κατὰ
3423 1153 3533 1206 τῶν

1952 1244 2160 1312 φονέων
2200 1236 2375 1295 εἶπεν.
2401 1241 2527 1293 Ὅτι
2563 1241 2591 1293 6
2631 1239 2824 1309 δῆμος,
2869 1238 2935 1289 ἐκ
2977 1237 3078 1305 τῆς
3118 1235 3212 1288 τοῦ
3246 1237 3533 1291 Ἀντωνίου

1955 1327 2294 1398 δημηγορίας
2343 1324 2681 1396 ἐρεθισθεὶς,
2729 1322 2822 1375 τὸν
2871 1320 3063 1388 νεκρὸν
3110 1320 3206 1373 τοῦ
3257 1322 3538 1393 Καίσαρος

1955 1412 2176 1474 ἔκαυσε,
2210 1409 2351 1463 κατά
2376 1409 2432 1462 δὲ
2461 1408 2568 1459 τῶν
2601 1406 2809 1475 φονέων
2836 1401 3005 1457 αὐτοῦ
3037 1404 3311 1475 κεκίνητο.

2025 1493 2096 1548 Ν.
2126 1492 2261 1548 XIII.
2290 1492 2500 1561 Σημεῖα
2529 1487 2805 1560 δηλωτικὰ
2833 1485 2933 1555 τῆς
2959 1485 3056 1539 τοῦ
3089 1488 3374 1541 Ὀκταϐίου
3405 1489 3543 1542 Καί-

1955 1592 2120 1647 σαρος
2152 1576 2428 1645 εὐτυχίας.

2028 1658 2092 1714 Ν.
2129 1657 2268 1714 XIV.
2302 1655 2612 1728 Συμϐουλαὶ
2646 1652 2981 1722 Κικέρωνος,
3014 1652 3241 1706 καὶτῶν
3266 1655 3542 1707 ἐναντιου-

281 1736 552 1807 βασιλεύς.
587 1739 698 1793 Καὶ
723 1740 870 1803 ὅπως
902 1739 1054 1809 αὐτῷ
1079 1739 1351 1808 ἐχρήσατο
1380 1739 1621 1800 ἐκεῖνος,
1652 1737 1748 1791 καὶ
1777 1737 1854 1808 τῷ
1889 1759 1930 1814 Β
1962 1744 2137 1815 μένων
2184 1741 2354 1811 αὐτῷ,
2401 1742 2498 1793 καὶ
2549 1736 2845 1808 μηνύματα
2883 1737 2983 1803 τῆς
3031 1732 3230 1805 βουλῆς
3273 1737 3412 1807 πρὸς
3449 1737 3543 1790 τὸν

279 1823 377 1891 υἱῲ
422 1820 611 1876 αὐτοῦ.
661 1824 796 1895 Περὶ
835 1823 1109 1876 Ἀλϐανῶν
1152 1822 1246 1875 κα)⁸
1286 1822 1530 1892 Ἰϐήρων.
1560 1821 1685 1875 Ὅτι
1727 1823 1854 1885 τοὺς

296 1905 590 1969 Ἄλϐα-,οὺς
630 1908 724 1959 καὶ
764 1906 888 1969 τοὺς
919 1905 1145 1976 Ἴϐηρας
1190 1904 1440 1976 ἐνίκησεν
1480 1905 1508 1957 6
1549 1904 1854 1975 Πομπήϊος.

282 1988 413 2057 Περὶ
450 1988 787 2057 Ἀμαζόνων.
824 1988 960 2060 Περὶ
992 1988 1091 2057 τῆς
1133 1990 1489 2059 σωφροσύνης
1531 1987 1855 2060 Πομπηϊου,

279 2076 369 2125 καὶ
396 2073 498 2142 τῆς
528 2072 637 2125 τῶν
669 2072 968 2141 χρημάτων
998 2072 1485 2141 καταφρονήσεως.

346 2153 411 2209 Ν.
456 2153 515 2207 ν.
548 2153 672 2207 Ὀτι
706 2155 832 2216 τοὺς
875 2153 1004 2223 περὶ
1033 2153 1274 2223 Ἀμανον
1302 2152 1568 2224 Ἀραϐας,
1617 2152 1713 2205 καὶ
1756 2153 1861 2204 Συ-

283 2238 423 2308 ρίαν,
456 2239 552 2291 καὶ
579 2237 679 2307 τὴν
713 2234 968 2290 Ἰουδαίαν
994 2235 1282 2302 ὑπέταξεν.
1309 2236 1433 2289 Ὅτι
1463 2239 1491 2290 6
1523 2236 1859 2307 Μιθριδάτης

281 2322 458 2386 ἐθανε,
505 2322 598 2373 καὶ
640 2323 670 2374 ό
709 2320 918 2372 ἐκείνου
965 2321 1077 2382 υίὸς
1125 2320 1397 2391 προσῆλθε
1440 2321 1518 2391 τῷ
1562 2319 1857 2392 Πομπηΐῳ.

280 2403 401 2457 Ὅτι
439 2404 876 2472 ὑποπτευόμενος
911 2405 939 2454 6
964 2403 1244 2473 Πομπήϊος
1274 2402 1376 2470 τῆς
1397 2402 1697 2474 μοναρχίας
1728 2402 1861 2456 ἀνθ-

281 2489 498 2555 έξεσθαι
519 2528 535 2550 ,
568 2488 740 2557 χωρὶς
772 2487 1117 2556 στρατιωτῶν
1184 2488 1283 2554 τὴν
1316 2485 1537 2557 Ῥώμην
1566 2485 1857 2540 κατέλαϐε.

282 2570 404 2623 Ὅτι
434 2571 704 2633 σιτοδείας
731 2568 898 2638 οὔσης
924 2570 982 2621 ἐν
1011 2567 1201 2640 Ῥώμη
1236 2570 1520 2638 Πομπήϊος
1547 2570 1860 2632 ἐκπλεύσας

282 2656 639 2727 συνήθροιστο
668 2657 834 2716 σῖτον,
866 2654 962 2703 καὶ
992 2652 1070 2714 είς
1103 2669 1198 2722 την
1234 2653 1454 2722 Ῥώμην
1483 2655 1766 2724 ἐκόμισεν.

354 2741 418 2793 Ν.
467 2738 553 2792 VI.
599 2737 722 2789 Ὅτι
778 2735 975 2788 ἑαυτοῦ
1014 2736 1290 2806 θυγατέρα
1324 2737 1540 2810 Καῖσαρ
1587 2736 1668 2807 τῷ
1711 2738 1862 2808 Πομ-

279 2824 429 2894 πηΐῳ
464 2820 873 2892 κατηγγύησεν.
899 2819 1038 2872 Ὅσα
1067 2822 1095 2871 6
1126 2821 1346 2889 Καῖσαρ
1374 2818 1731 2889 κατώρθωσε.

347 2909 416 2962 Ν.
468 2907 577 2961 VII.
605 2907 731 2960 Ὅτι
773 2910 800 2956 6
842 2906 1058 2975 Καῖσαρ
1103 2903 1404 2957 καταλῦσαι
1444 2907 1536 2957 τὸν
1578 2904 1863 2978 Πομπήῖνν

282 2994 551 3065 ἐμελέτα,
595 2991 692 3044 καὶ
732 2989 823 3042 τὸν
869 2990 1125 3059 Καίσαρα
1168 2990 1399 3052 ἐκεῖνος.
1425 2987 1548 3043 Ὀτι
1597 2988 1864 3060 ἐψήφιστο

1970 1827 2274 1881 Ἀντώνιον.
2299 1826 2443 1889 Ὅτι,
2472 1823 2547 1893 μὴ
2576 1819 2898 1887 πειθομένου
2929 1823 2995 1889 τῇ
3027 1819 3188 1889 βουλῇ
3216 1819 3312 1872 τοῦ
3346 1820 3544 1875 Ἀντά-

1955 1911 2105 1974 νίου,
2142 1909 2418 1979 ἐψηφίσθη
2456 1906 2715 1976 πολέμιον
2750 1898 2888 1955 εἶναι
2925 1902 3110 1956 αὐτόν.
3145 1903 3333 1973 Μάχαι
3373 1906 3538 1973 μέσον

1972 1996 2258 2048 Ἀντωνίου
2291 1994 2385 2045 καὶ
2416 1990 2709 2059 Καίσαρος.
2741 1988 2931 2058 Τροπὴ
2961 1986 3056 2040 τοῦ
3091 1989 3399 2042 Ἀντωνίου.

2027 2077 2095 2133 Ν.
2131 2075 2246 2130 XV.
2272 2076 2463 2137 Ὀπως
2499 2075 2547 2126 οί
2584 2075 2642 2126 ἐν
2673 2072 2738 2141 τῇ
2772 2067 2959 2141 Ῥώμῃ
2993 2070 3127 2140 πρὸς
3160 2072 3250 2123 τὸν
3284 2071 3539 2142 Καίσαρα

1957 2160 2275 2218 διετίθεντο.
2302 2160 2423 2212 Ὅτι
2456 2159 2548 2210 τὸν
2581 2156 2715 2227 1:96;
2750 2153 2840 2206 :6v
2876 2152 3158 2206 ’Λντώνιον
3190 2160 3283 2207 καὶ
3312 2155 3402 2208 τὸν
3433 2157 3542 2209 Λέ-

1961 2246 2114 2299 πιδον
2161 2244 2400 2312 πόλεμον
2448 2242 2496 2294 οἱ
2538 2239 2798 2306 Ῥωμαῖοι
2849 2234 2923 2305 τῷ
2974 2235 3213 2307 Καίσαρι
3260 2238 3537 2294 ἀνέθεντο.

1964 2333 2086 2385 Ὅτι
2113 2330 2210 2384 καὶ
2231 2329 2454 2389 ἄκοντες
2479 2324 2530 2378 οί
2557 2327 2614 2377 ἐν
2633 2325 2698 2394 τῇ
2726 2320 2915 2392 Ῥώμῃ
2940 2319 3149 2373 ὕπατον
3167 2320 3261 2373 τὸν
3285 2323 3541 2392 Καίσαρα

1960 2414 2319 2486 ἐψηφίσαντο.
2345 2411 2469 2463 Ὅτι
2510 2409 2608 2463 καὶ
2650 2407 2802 2476 παρά
2841 2405 2942 2474 τῆς
2985 2403 3183 2475 βουλῆς
3222 2406 3303 2468 είς
3344 2405 3405 2460 :6
3443 2406 3543 2460 :06

1963 2502 2241 2567 Καίσαρος
2267 2496 2362 2549 τοῦ
2394 2494 2618 2549 Ἰουλίου
2646 2490 2967 2560 εἰσεποιήθη
2994 2490 3150 2557 γένος
3175 2492 3205 2543 6
3235 2490 3542 2554 Ὀκτάϐιος.

2036 2584 2099 2637 Ν.
2134 2581 2277 2636 XVI.
2315 2579 2413 2632 Διά
2449 2579 2503 2631 τί
2543 2576 2642 2639 τὰς
2683 2574 2821 2645 πρὸς
2859 2573 2951 2627 τὸν
2992 2572 3283 2628 Ἀντώνιον
3317 2577 3414 2630 καὶ
3450 2576 3544 2630 τὸν

1962 2667 2192 2723 Λέπιδον
2227 2662 2503 2734 συνθήκας
2545 2661 2575 2713 ὁ
2617 2660 2838 2728 Καῖσαρ
2884 2657 3146 2728 ἐτήρησε,
3185 2657 3283 2711 καὶ
3323 2658 3407 2713 ὅτι
3449 2661 3547 2716 καὶ

1962 2755 2075 2815 τοῖς
2110 2749 2405 2821 Ῥωμαίοις
2450 2745 2652 2806 αὐτοὺς
2695 2740 3002 2814 κατήλλαξε
3048 2740 3119 2796 δι’
3148 2742 3376 2813 ἐτέρων.
3420 2745 3547 2810 Πῶς

1966 2837 2230 2910 συνῆλθον
2257 2837 2286 2888 6
2315 2836 2557 2901 Καίξαρ,
2587 2829 2683 2884 καὶ
2710 2829 2739 2881 6
2774 2826 3083 2889 Ἀντώνιος.
3111 2827 3208 2889 καὶ
3233 2829 3262 2879 6
3290 2829 3546 2894 Λέπιδος,

1965 2924 2060 2977 καὶ
2097 2923 2244 2984 ὅπως
2283 2919 2497 2981 ἑαυτοῖς
2536 2913 2712 2985 ἀρχὰς
2749 2911 2920 2966 ἐθνῶν
2953 2911 3281 2981 ἀπένειμαν.
3308 2911 3435 2966 Ὅτι
3466 2913 3544 2984 τῷ

1967 3006 2209 3075 Καίσαρι
2246 2998 2592 3073 ἐμνηπεύθη
2633 3000 2667 3067 ή
2698 2995 2799 3066 τῆς
2838 2993 3100 3074 γυναικὸς
3129 2996 3224 3048 τοῦ
3258 2995 3546 3050 ’Δντωνίου

283 3080 386 3131 ὖπδ
410 3079 513 3145 τῆς
545 3076 739 3145 βουλῆς
771 3072 1195 3159 καταθέσθαι-ξω
1223 3073 1363 3159 ὅπλα
1388 3074 1480 3159 τῖαγ
1505 3072 1783 3144 Καίσαραο
1811 3074 1861 3124 οἱ
1888 3102 1933 3157 c
1967 3069 2232 3159 θυγάτηρ.
2265 3069 2400 3156 Περὶ
2428 3085 2692 3156 σημείων.
2719 3081 2842 3134 Ὅτι
2869 3079 2930 3132 ἐν
2956 3069 3037 3148 τῇ
3057 3077 3246 3150 Ῥώμῃ
3277 3078 3545 3146 ἐλθόντες,

281 3161 336 3213 δὲ
371 3167 506 3231 περὶ
539 3161 820 3212 Ἀντώνιον
851 3158 948 3208 καὶ
974 3156 1067 3208 τὸν
1096 3156 1383 3226 Πομπήϊον
1412 3156 1597 3226 ἠξίουν
1629 3160 1862 3209 καταθέ-

280 3246 409 3299 σθαι
434 3248 507 3298 τά
533 3243 695 3297 ὅπλα.
721 3244 843 3294 Ὅτι
875 3240 1079 3311 ήρξατο
1104 3240 1202 3312 τῆς
1226 3241 1538 3310 τυραννίδος
1568 3240 1596 3293 6
1624 3242 1861 3311 Καῖσαρ.

282 3327 405 3381 Ὅτι
437 3328 636 3399 ἐξῆλθε
665 3327 765 3397 τῆς
800 3327 1018 3397 Ῥώμης
1044 3328 1072 3378 6
1101 3326 1416 3395 Πομπήϊος,
1448 3326 1540 3378 καὶ
1570 3325 1619 3378 οί
1650 3316 1864 3388 πλείους

281 3412 432 3482 αὑτῷ
466 3411 704 3464 εἵποντο.

352 3497 419 3551 Ν.
459 3495 598 3549 VIII.
623 3496 743 3547 'U::
776 3492 911 3563 πρὸς
937 3494 1222 3564 Πομπήϊον
1251 3490 1432 3547 ἀπιὼν
1459 3492 1487 3544 6
1517 3493 1758 3563 Καῖσαρ,
1787 3493 1864 3554 είς

280 3581 381 3652 τὴν
410 3581 636 3650 Ῥώμην
670 3578 1002 3649 ἀνέστρεψε,
1038 3580 1134 3631 καὶ
1167 3580 1263 3648 τῆς
1299 3578 1531 3640 Ἰταλίας
1566 3580 1865 3648 ἐκράτησε.

283 3666 411 3719 Ὅτι
452 3664 611 3728 αὖθις
647 3666 738 3717 ἐπὶ
779 3664 1064 3733 Πομπήϊον
1102 3663 1290 3733 ἀπῄει.
1331 3663 1516 3732 Τόλμα
1558 3663 1867 3730 παράϐολος

282 3751 376 3804 :06
423 3752 730 3819 Καίσαρος.
756 3748 880 3799 Ὅτι
923 3747 1129 3819 ἡττήθη
1170 3751 1198 3800 6
1242 3747 1480 3817 Καῖσαρ,
1526 3746 1621 3798 καὶ
1668 3746 1867 3816 μικροῦ

283 3835 668 3887 ἐκινδύνευσεν
700 3836 787 3887 ἀν.
816 3832 941 3887 Ὅτι
972 3836 1001 3886 6
1034 3834 1321 3905 Πομπήϊος
1359 3830 1747 3901 ὑπερτίθεσθαι
1777 3832 1870 3883 τὸν

284 3921 530 3989 πόλεμον
572 3919 750 3990 ήθελε,
796 3919 847 3971 οί
896 3917 941 3971 δ’
965 3917 1114 3971 ἄλλοι
1160 3920 1225 3971 ἐκ
1277 3917 1512 3987 θράσους
1555 3919 1635 3979 εἰς
1689 3918 1870 3986 μάχην

283 4003 520 4077 ὥρμων.

355 4092 424 4144 Ν.
465 4086 561 4142 1X.
600 4089 737 4159 Περὶ
782 4088 1023 4160 σημείων
1057 4087 1164 4157 πρὸ
1196 4086 1298 4158 τῆς
1342 4087 1523 4158 μάχης
1567 4086 1868 4157 φανέντων.

284 4175 485 4246 Τροπὴ
517 4173 612 4227 τοῦ
644 4175 952 4243 Πομπηΐου.
972 4173 1074 4227 Οἴα
1101 4168 1170 4243 ἦν
1197 4175 1230 4243 ή
1259 4171 1356 4225 τοῦ
1390 4174 1679 4242 Πομπηΐου
1708 4173 1869 4241 γυνὴ,
1907 4221 1911 4225 .

284 4261 383 4312 καὶ
411 4261 520 4311 ὅσα
547 4253 701 4311 εἶπεν
731 4256 913 4309 ἰδοῦσα
941 4256 1104 4310 αὑτὸν
1136 4256 1408 4324 φεύγοντα
1427 4297 1441 4322 ,
1478 4256 1574 4309 καὶ
1606 4250 1694 4309 οἷα
1725 4257 1871 4307 ἐκεῖ·

286 4359 376 4405 νος
402 4343 545 4415 πρὸς
574 4342 764 4414 αὐτήν.
789 4342 908 4394 '0::
935 4341 1013 4405 είς
1037 4342 1310 4409 Αἴγυπτον
1333 4342 1361 4393 6
1391 4343 1673 4413 Πομπήϊος
1701 4357 1873 4410 κατη-

1971 3175 2184 3242 σφαγάς
2233 3169 2445 3225 πολλῶν
2487 3167 2848 3235 ἐποιήσαντο,
2888 3161 3248 3223 ἀντιδιδόντες
3294 3161 3548 3235 ἀλλήλοις

1966 3259 2091 3322 τοὺς
2121 3255 2320 3310 ἐαυτοῦ
2352 3255 2542 3323 φίλους
2572 3251 2824 3311 ἕκαστος.

2037 3339 2105 3395 Ν.
2150 3339 2313 3395 XVII.
2338 3339 2525 3399 Ὅπως
2562 3339 2591 3389 6
2636 3333 2887 3403 Κικέρων
2921 3330 3212 3403 ἀνῄρηται,
3260 3333 3354 3385 καὶ
3395 3331 3544 3393 ὅπως

1970 3425 2106 3496 πρὸς
2146 3424 2310 3477 αὑτὸν
2343 3422 2439 3475 καὶ
2479 3418 2672 3490 νεκρὸν
2706 3417 2921 3486 διετέθη
2962 3419 2990 3470 6
3024 3417 3341 3483 ’Δντώνιος,
3375 3416 3474 3470 καὶ⁸
3512 3417 3547 3484 ἡ

1968 3510 2183 3580 γαμετὴ
2206 3507 2370 3562 αὐτοῦ
2393 3505 2647 3560 Φουλϐία.
2667 3502 2858 3565 Πίστις
2884 3501 3173 3574 θαυμαστὴ
3195 3501 3387 3557 δούλου
3411 3500 3547 3572 1:96;

1968 3596 2252 3662 δεσπότην.
2283 3593 2495 3660 Ἀγάπη
2518 3589 2783 3659 πατρική.
2798 3588 2941 3641 Ὅσα
2964 3587 3113 3657 βίαια
3129 3587 3251 3640 τότε
3270 3586 3558 3657 ἐπράχθη.-

2042 3679 2108 3733 Ν.
2143 3677 2330 3732 XVIII.
2356 3679 2480 3730 Ὅτι
2511 3678 2539 3729 6
2578 3675 2675 3745 μὲν
2706 3672 2936 3735 Λέπιδος
2966 3672 3035 3724 :6
3064 3669 3167 3741 τῆς
3201 3668 3423 3742 Ῥώμης
3454 3673 3551 3723 καὶ

1969 3763 2071 3835 τῆς
2102 3764 2328 3824 Ἰταλίας
2353 3761 2647 3832 διοικήσων
2671 3758 2855 3826 είάθη,
2888 3757 3110 3825 Καίσαρ
3137 3755 3194 3808 δὲ
3221 3755 3316 3808 καὶ
3350 3753 3550 3807 ’Λντώ-

1972 3866 2083 3910 νιος
2121 3848 2262 3901 κατὰ
2301 3845 2538 3917 Βρούτου
2576 3844 2669 3898 καὶ
2710 3841 2955 3895 Κασσίου
2996 3836 3549 3909 ἐστράτευσαν.”οσιι

1970 3937 1999 3989 6
2029 3933 2263 4005 Βροῦτος
2293 3932 2385 3985 καὶ
2405 3932 2432 3984 6
2454 3929 2690 3991 Κάσσιος
2722 3924 2943 3978 ἐποίουν
2968 3921 3382 4005 ἑτοιμαζόμενοι
3413 3919 3512 4005 ἀνθ

1975 4003 2222 4072 ίστασθαι
2261 4015 2339 4085 τῷ
2384 4014 2624 4083 Καίσαρι
2667 4011 2761 4065 καὶ
2802 4009 2880 4078 τῷ
2941 4006 3231 4074 Ἀντωνίῳ.
3280 4003 3402 4058 Ὅτι
3438 4003 3550 4057 τῶν

1982 4102 2202 4156 Ῥοδίων
2248 4102 2276 4154 6
2333 4100 2572 4157 Κάσσιος
2621 4093 2935 4165 ἐκράτησε,
2986 4089 3096 4142 τῶν
3144 4087 3203 4141 δέ
3254 4087 3473 4140 Λυκίων
3520 4087 3552 4140 6

1972 4186 2224 4247 Βροῦτος.

2021 4204 2297 4326 ρΝΐτῖίΧ.
2340 4267 2475 4335 Περὶ
2522 4260 2768 4330 σημείων
2809 4258 3112 4335 γεγονότων
3157 4256 3216 4308 ἐν
3258 4255 3325 4323 τῇ
3361 4250 3547 4335 Ῥώμῃ

1977 4352 2069 4405 καὶ
2105 4351 2164 4404 ἐν
2194 4351 2308 4410 τοῖς
2345 4332 2748 4415 στρατοπέδοις.
2785 4338 2948 4407 Μάχη
2987 4334 3271 4415 Καίσαρος
3305 4335 3399 4387 καὶ
3434 4332 3552 4386 Ἀν-

285 4412 464 4505 νέχθη
480 4469 496 4493 .
531 4428 626 4482 καὶ
655 4412 803 4489 ὅπως
836 4425 1076 4499 ἀνῃρέθη
1111 4427 1245 4479 ἐκεῖ.
1279 4425 1412 4487 υἷας
1444 4412 1603 4496 ἔτυχε
1634 4426 1810 4495 ταφῆς
1840 4425 1869 4477 ό
1901 4434 1944 4492 1)
1972 4434 2165 4488 τωνίου
2202 4431 2340 4504 πρὸς
2377 4412 2611 4500 Βροῦτον
2646 4425 2742 4479 καὶ
2781 4423 3042 4505 Κάσσιον,
3082 4418 3189 4475 καὶ
3223 4412 3364 4505 ἧττα
3405 4417 3554 4505 Κασ-

286 4517 520 4583 Μαγνος
548 4510 850 4581 Πομπήϊος.

358 4597 430 4651 Ν.
466 4595 537 4649 X.
561 4596 748 4655 Ὅπως
781 4596 811 4644 6
844 4591 1059 4662 Καῖσαρ
1091 4590 1302 4662 διετέθη
1335 4590 1474 4663 πρὸς
1500 4592 1626 4653 τοὺς
1656 4590 1877 4661 ἀναιρέ-

286 4699 387 4743 :1;
430 4679 747 4751 Πομπηΐου.
788 4677 925 4747 Περὶ
963 4678 1061 4746 τῆς
1105 4676 1484 4747 Κλεοπάτρας,
1525 4676 1622 4728 καὶ
1661 4676 1808 4738 ὅπως
1849 4675 1878 4727 6

288 4768 522 4834 Καῖσαρ
553 4764 695 4817 ἐάλω
717 4760 921 4831 ταύτης
946 4760 1025 4830 τῷ
1055 4760 1242 4831 ἔρωτι.
1269 4759 1418 4824 Ὅτι,
1448 4760 1684 4830 πολέμου
1715 4761 1878 4830 μέσον

287 4850 383 4902 τοῦ
431 4847 718 4918 Καίσαρος
762 4847 857 4899 καὶ
898 4844 1008 4898 τῶν
1043 4844 1438 4916 Ἀλεξανδρέων
1479 4847 1798 4911 συστάντος,
1843 4845 1878 4921 ή

291 4933 514 5004 μεγάλη
568 4930 884 5000 βιϐλιοθήκη
937 4928 1166 4999 ἐκαύθη.
1192 4927 1318 4983 ’Ὀτι
1367 4930 1467 5000 τὴν
1521 4930 1880 5000 Κλεοπάτραν

288 5019 581 5086 Αίγύπτου
621 5013 868 5086 βασιλίδα
908 5013 1167 5066 κατέλιπε
1210 5014 1448 5084 Καῖσαρ,
1484 5014 1679 5082 ἔγκυον
1712 5010 1881 5068 οὖσαν

289 5103 349 5171 ἐξ
393 5100 591 5157 αὐτοῦ.
633 5101 742 5154 Καὶ
785 5099 932 5161 ὅπως
968 5098 1059 5149 τὸν
1094 5099 1384 5170 Φαρνάκην
1419 5100 1690 5171 ἐνίκησεν.
1714 5099 1880 5153 Ὅσον

290 5187 505 5257 πλῆθος
541 5185 830 5254 Ῥωμαίων
875 5186 933 5237 ἐν
974 5188 1088 5248 τοῖς
1134 5185 1419 5253 ἐμφυλίοις
1465 5183 1724 5253 πολέμοις
1769 5184 1882 5237 6:6-

292 5273 534 5343 φθαρτο,
554 5268 650 5322 καὶ
673 5268 819 5330 ὅπως
843 5270 952 5332 τοῖς
979 5270 1115 5334 υἱοῖς
1138 5269 1233 5323 τοῦ
1260 5270 1545 5341 Πομπηΐου
1573 5271 1882 5341 ἐμαχέσατο

291 5357 540 5421 Καῖσαρ.

364 5439 431 5493 Ν.
464 5438 559 5493 XI.
585 5438 708 5492 Ὅτι
733 5439 1007 5510 δικτάτωρ
1032 5442 1061 5492 6
1088 5441 1302 5511 Καῖσαρ
1327 5438 1411 5491 διὰ
1438 5437 1553 5509 βίου
1579 5436 1879 5509 ἐψηφίσθη.

292 5524 420 5576 Ὅτι
450 5522 543 5576 διὰ
568 5523 661 5576 τὸν
684 5522 780 5592 τῆς
807 5522 1084 5593 βασιλείας
1112 5523 1290 5596 ἔρωτα
1315 5522 1553 5593 ἐμισήθη
1581 5523 1609 5573 ὁ
1642 5524 1877 5592 Καῖσαρ.

293 5608 467 5662 Ὅθεν
493 5607 744 5662 ἐκαλεῖτο
768 5607 1005 5678 Καῖσαρ.
1028 5608 1173 5663 Ὀσα
1201 5611 1229 5661 6
1261 5611 1474 5678 Καῖσαρ
1499 5611 1561 5661 ἐκ
1589 5608 1882 5679 φιλαρχίας

293 5691 557 5763 ἐποίησε,
583 5690 704 5745 δι’ἀ
729 5692 984 5764 ἐμισήθη,
1015 5693 1108 5746 καὶ
1136 5691 1522 5763 ἐπεϐου)εύθη.
1556 5692 1686 5765 Περὶ
1716 5693 1879 5764 Βρού-

645 5789 921 5848 ΡΑτιιοῐ..
970 5791 1088 5853 GR.
1130 5788 1436 5851 CXXXV.

1978 4518 2130 4583 σίου,
2160 4498 2259 4570 καί
2278 4514 2386 4568 τῶν
2417 4498 2818 4583 ταφρευμάτων
2846 4504 3143 4575 πόρθησις,
3178 4503 3277 4557 κα)⁵
3309 4498 3552 4555 Κασσίου

1977 4602 2222 4662 ἑκούσιος
2252 4597 2435 4666 σφαγή
2447 4638 2460 4651 .

2049 4684 2116 4740 Ν.
2152 4682 2274 4740 XX.
2302 4676 2481 4735 Ἧττα
2510 4679 2604 4734 :06
2642 4676 2900 4748 Βρούτου.
2932 4668 3257 4742 Δύτοχειρία
3291 4666 3554 4739 Βρούτου.

1980 4769 2117 4840 Περὶ
2150 4765 2387 4836 Πορκίας
2416 4764 2515 4834 τῆς
2541 4763 2634 4816 τοῦ
2668 4761 2902 4831 Βρούτου
2930 4754 3213 4840 γυναικός.

2050 4834 2116 4907 Ν.
2159 4834 2300 4906 XXI.
2326 4851 2450 4906 Ὅτι
2491 4854 2589 4905 καὶ
2622 4849 2652 4902 6
2693 4845 2930 4907 Κάσσιος
2969 4840 3068 4895 καὶ
3105 4835 3405 4907 δΒροῦτος
3442 4834 3558 4896 τοῖς

1982 4938 2223 5007 ξίφεσιν,
2249 4931 2331 4999 οἷς
2363 4934 2573 4989 ἀνεῖλον
2602 4935 2695 4986 τὸν
2728 4930 3009 4999 Καίσαρα,
3039 4923 3408 5007 ἀνῃρέθησαν.
3432 4919 3557 5007 Ὅτι

1981 5001 2058 5074 ἐν⁷
2086 5019 2271 5092 Ῥώμῃ
2314 5019 2393 5090 τῷ
2448 5018 2688 5086 Καίσαρι
2737 5013 2993 5086 διηνέχθη
3044 5011 3078 5079 ή
3127 5001 3557 5092 τοῦ-,Ἄντώνιον

1981 5104 2119 5175 γυνὴ
2138 5144 2152 5167 ,
2309 5104 2337 5156 6
2364 5084 2596 5171 ἀδελφὸς
2631 5084 2839 5154 ἐκείνου
2871 5093 3184 5171 ὑπατεύων.
3209 5090 3333 5175 Ὅτι
3364 5088 3403 5175 ή.
3430 5084 3557 5137 στάς

1984 5205 2069 5251 σις
2106 5170 2273 5258 ίιέσον
2306 5186 2401 5240 τοῦ
2434 5170 2609 5257 δήμου
2650 5187 2745 5238 καὶ
2778 5183 2887 5238 τῶν
2925 5170 3552 5258 στρατιωτῶνμέγένετο.

1985 5249 2118 5325 Ὅτι·
2139 5271 2406 5325 ἔσπευσεν
2436 5275 2464 5324 6
2486 5249 2713 5341 ’Καῖσαρ
2745 5266 3073 5322 σπείσασθαι
3104 5260 3182 5330 τῷ
3215 5256 3392 5323 Σέξτῳ
3411 5291 3426 5316 .
3459 5249 3557 5302 καὶ

1982 5357 2090 5409 τῶν
2123 5355 2362 5414 σπονδῶν
2390 5355 2681 5425 διήμαρτε.

2057 5441 2122 5497 Ν.
2164 5441 2332 5497 XXII.
2373 5414 2496 5495 Of;
2522 5414 2579 5493 ἐν
2612 5437 2769 5508 ’Δσίᾳ
2806 5440 2834 5491 6
2868 5433 3149 5490 Ἀντώνιος
3192 5419 3417 5493 ἔπραξε,
3460 5414 3559 5468 καὶ

1982 5530 2129 5591 ὅπως
2156 5524 2424 5596 ἐδουλὼοη
2453 5524 2550 5595 τῆς
2581 5524 2938 5592 Κλεοπάτρας
2965 5517 3044 5590 τῷ
3068 5517 3254 5587 ἔρωτι.
3282 5513 3412 5582 Περὶ
3440 5511 3555 5565 Λα·-

1986 5611 2172 5685 6ιηνοῦ
2222 5611 2316 5666 καὶ
2347 5609 2619 5678 Πακόρου.
2651 5607 2776 5660 Ὅτι
2804 5602 3127 5675 ἐπολεμώθη
3158 5601 3233 5685 τῷ
3262 5597 3557 5685 Καίσαρι-ὁ

1997 5680 2278 5760 Ἀντώνιος
2306 5692 2396 5749 6:6
2429 5691 2528 5762 τὴν
2556 5690 2845 5757 Φουλϐίαν,
2882 5689 2977 5743 καὶ
3010 5688 3094 5742 ὅτι
3121 5683 3332 5747 ἐκείνης
3361 5680 3558 5735 θανού-

3167 5776 3240 5839 12
