  <div class='ocr_page' id='page_1' title='image "/cluster/home/n/w/nwhite01/storage/ocr_20150623/135/mdp.39015029921197/189.png"; bbox 0 0 3958 6242; ppageno 0'>
   <div class='ocr_carea' id='block_1_1' title="bbox 443 340 548 402">
    <p class='ocr_par' dir='ltr' id='par_1_1' title="bbox 443 340 548 402">
     <span class='ocr_line' id='line_1_1' title="bbox 443 340 548 402; baseline 0.01 -2"><span class='ocrx_word' id='word_1_1' title='bbox 443 340 548 402; x_wconf 70' lang='lat'>363</span> 
     </span>
    </p>
   </div>
   <div class='ocr_carea' id='block_1_2' title="bbox 1709 332 2396 398">
    <p class='ocr_par' dir='ltr' id='par_1_2' title="bbox 1709 332 2396 398">
     <span class='ocr_line' id='line_1_2' title="bbox 1709 332 2396 398; baseline 0.003 -2"><span class='ocrx_word' id='word_1_2' title='bbox 1709 332 2033 396; x_wconf 78' lang='lat' dir='ltr'>JOANNIS</span> <span class='ocrx_word' id='word_1_3' title='bbox 2072 332 2396 398; x_wconf 79' lang='lat' dir='ltr'>ZONAIUE</span> 
     </span>
    </p>
   </div>
   <div class='ocr_carea' id='block_1_3' title="bbox 3589 342 3688 405">
    <p class='ocr_par' dir='ltr' id='par_1_3' title="bbox 3589 342 3688 405">
     <span class='ocr_line' id='line_1_3' title="bbox 3589 342 3688 405; baseline 0 0"><span class='ocrx_word' id='word_1_4' title='bbox 3589 342 3688 405; x_wconf 66' lang='lat' dir='ltr'>3N</span> 
     </span>
    </p>
   </div>
   <div class='ocr_carea' id='block_1_4' title="bbox 446 439 3691 523">
    <p class='ocr_par' dir='ltr' id='par_1_4' title="bbox 446 439 3691 523">
     <span class='ocr_line' id='line_1_4' title="bbox 446 439 3691 523; baseline 0.001 -21"><span class='ocrx_word' id='word_1_5' title='bbox 446 470 543 519; x_wconf 81' lang='grc' dir='ltr'>σης</span> <span class='ocrx_word' id='word_1_6' title='bbox 574 449 912 503; x_wconf 78' lang='grc' dir='ltr'>ἐσπείσαντο.</span> <span class='ocrx_word' id='word_1_7' title='bbox 961 446 1082 501; x_wconf 85' lang='grc' dir='ltr'>Ὅτι</span> <span class='ocrx_word' id='word_1_8' title='bbox 1138 447 1331 511; x_wconf 80' lang='grc' dir='ltr'>κοινῶς</span> <span class='ocrx_word' id='word_1_9' title='bbox 1361 445 1703 516; x_wconf 63' lang='grc' dir='ltr'>μαχέσασθαι</span> <span class='ocrx_word' id='word_1_10' title='bbox 1732 445 1811 514; x_wconf 79' lang='grc' dir='ltr'>τῷ</span> <span class='ocrx_word' id='word_1_11' title='bbox 1840 444 2019 511; x_wconf 82' lang='grc' dir='ltr'>Σέξτῳ</span> <span class='ocrx_word' id='word_1_12' title='bbox 2046 439 2094 497; x_wconf 74' lang='grc' dir='ltr'><strong>Α</strong></span> <span class='ocrx_word' id='word_1_13' title='bbox 2119 443 2214 496; x_wconf 76' lang='grc' dir='ltr'>τοῦ</span> <span class='ocrx_word' id='word_1_14' title='bbox 2254 444 2603 519; x_wconf 80' lang='grc' dir='ltr'>Ἀλεξάνδρου</span> <span class='ocrx_word' id='word_1_15' title='bbox 2640 446 2746 504; x_wconf 72' lang='grc' dir='ltr'>εἶδε</span> <span class='ocrx_word' id='word_1_16' title='bbox 2804 454 3018 521; x_wconf 64' lang='grc' dir='ltr'>νεκρόν.</span> <span class='ocrx_word' id='word_1_17' title='bbox 3063 452 3253 516; x_wconf 87' lang='grc' dir='ltr'>Ὅπως</span> <span class='ocrx_word' id='word_1_18' title='bbox 3276 451 3595 523; x_wconf 79' lang='grc' dir='ltr'>διετέθησαν</span> <span class='ocrx_word' id='word_1_19' title='bbox 3645 458 3691 506; x_wconf 79' lang='lat'>0!</span> 
     </span>
    </p>
   </div>
   <div class='ocr_carea' id='block_1_5' title="bbox 445 528 2014 603">
    <p class='ocr_par' dir='ltr' id='par_1_5' title="bbox 445 528 2014 603">
     <span class='ocr_line' id='line_1_5' title="bbox 445 528 2014 603; baseline -0.004 -18"><span class='ocrx_word' id='word_1_20' title='bbox 445 533 732 587; x_wconf 77' lang='grc' dir='ltr'>συνέθεντο</span> <span class='ocrx_word' id='word_1_21' title='bbox 756 535 785 585; x_wconf 96' lang='lat'>6</span> <span class='ocrx_word' id='word_1_22' title='bbox 813 536 1031 603; x_wconf 79' lang='grc' dir='ltr'>Καῖσαρ</span> <span class='ocrx_word' id='word_1_23' title='bbox 1064 532 1160 586; x_wconf 68' lang='grc' dir='ltr'>καὶ</span> <span class='ocrx_word' id='word_1_24' title='bbox 1192 533 1221 584; x_wconf 96' lang='lat'>6</span> <span class='ocrx_word' id='word_1_25' title='bbox 1255 529 1563 596; x_wconf 71' lang='grc' dir='ltr'>Ἀντώνιος.</span> <span class='ocrx_word' id='word_1_26' title='bbox 1597 532 1723 583; x_wconf 82' lang='grc' dir='ltr'>Ὅτι</span> <span class='ocrx_word' id='word_1_27' title='bbox 1753 528 2014 581; x_wconf 84' lang='grc' dir='ltr'>ἐστασία-</span> 
     </span>
    </p>
   </div>
   <div class='ocr_carea' id='block_1_6' title="bbox 444 610 2015 691">
    <p class='ocr_par' dir='ltr' id='par_1_6' title="bbox 444 610 2015 691">
     <span class='ocr_line' id='line_1_6' title="bbox 444 610 2015 691; baseline -0.004 -23"><span class='ocrx_word' id='word_1_28' title='bbox 444 616 535 679; x_wconf 74' lang='grc' dir='ltr'>ζον</span> <span class='ocrx_word' id='word_1_29' title='bbox 563 619 614 671; x_wconf 77' lang='grc' dir='ltr'>οἱ</span> <span class='ocrx_word' id='word_1_30' title='bbox 647 620 704 671; x_wconf 91' lang='grc' dir='ltr'>ἐν</span> <span class='ocrx_word' id='word_1_31' title='bbox 734 618 800 687; x_wconf 79' lang='grc' dir='ltr'>τῇ</span> <span class='ocrx_word' id='word_1_32' title='bbox 844 618 1034 691; x_wconf 81' lang='grc' dir='ltr'>Ῥώμῃ</span> <span class='ocrx_word' id='word_1_33' title='bbox 1070 616 1158 670; x_wconf 85' lang='grc' dir='ltr'>διὰ</span> <span class='ocrx_word' id='word_1_34' title='bbox 1213 616 1307 670; x_wconf 79' lang='grc' dir='ltr'>τὸν</span> <span class='ocrx_word' id='word_1_35' title='bbox 1354 616 1534 686; x_wconf 68' lang='grc' dir='ltr'>λιμὸν,</span> <span class='ocrx_word' id='word_1_36' title='bbox 1590 618 1683 669; x_wconf 71' lang='grc' dir='ltr'>καὶ</span> <span class='ocrx_word' id='word_1_37' title='bbox 1724 615 1890 686; x_wconf 67' lang='grc' dir='ltr'>ᾔτουν</span> <span class='ocrx_word' id='word_1_38' title='bbox 1937 610 2015 681; x_wconf 79' lang='grc' dir='ltr'>τῷ</span> 
     </span>
    </p>
   </div>
   <div class='ocr_carea' id='block_1_7' title="bbox 444 694 2016 770">
    <p class='ocr_par' dir='ltr' id='par_1_7' title="bbox 444 694 2016 770">
     <span class='ocr_line' id='line_1_7' title="bbox 444 694 2016 770; baseline -0.003 -17"><span class='ocrx_word' id='word_1_39' title='bbox 444 699 621 770; x_wconf 78' lang='grc' dir='ltr'>Σέξτῳ</span> <span class='ocrx_word' id='word_1_40' title='bbox 645 700 967 754; x_wconf 77' lang='grc' dir='ltr'>σπείσασθαι</span> <span class='ocrx_word' id='word_1_41' title='bbox 994 719 1008 734; x_wconf 91' lang='grc'><strong>·</strong></span> <span class='ocrx_word' id='word_1_42' title='bbox 1040 699 1135 752; x_wconf 60' lang='grc' dir='ltr'>καὶ⁵</span> <span class='ocrx_word' id='word_1_43' title='bbox 1169 701 1255 770; x_wconf 81' lang='grc' dir='ltr'>ἐφ’</span> <span class='ocrx_word' id='word_1_44' title='bbox 1280 694 1369 763; x_wconf 76' lang='grc' dir='ltr'>αἷς</span> <span class='ocrx_word' id='word_1_45' title='bbox 1398 701 1697 770; x_wconf 84' lang='grc' dir='ltr'>συνθήκαις</span> <span class='ocrx_word' id='word_1_46' title='bbox 1724 699 2016 751; x_wconf 73' lang='grc' dir='ltr'>ἐσπείσανο</span> 
     </span>
    </p>
   </div>
   <div class='ocr_carea' id='block_1_8' title="bbox 439 782 2015 851">
    <p class='ocr_par' dir='ltr' id='par_1_8' title="bbox 439 782 2015 851">
     <span class='ocr_line' id='line_1_8' title="bbox 439 782 2015 851; baseline -0.002 -15"><span class='ocrx_word' id='word_1_47' title='bbox 439 805 523 840; x_wconf 85' lang='grc' dir='ltr'>το.</span> <span class='ocrx_word' id='word_1_48' title='bbox 556 787 677 839; x_wconf 83' lang='grc' dir='ltr'>Ὅτι</span> <span class='ocrx_word' id='word_1_49' title='bbox 704 787 978 840; x_wconf 79' lang='grc' dir='ltr'>εἱστίασεν</span> <span class='ocrx_word' id='word_1_50' title='bbox 1012 788 1040 839; x_wconf 92' lang='lat'>6</span> <span class='ocrx_word' id='word_1_51' title='bbox 1089 787 1280 851; x_wconf 81' lang='grc' dir='ltr'>Σέξτος</span> <span class='ocrx_word' id='word_1_52' title='bbox 1320 785 1414 839; x_wconf 78' lang='grc' dir='ltr'>τὸν</span> <span class='ocrx_word' id='word_1_53' title='bbox 1455 784 1749 840; x_wconf 77' lang='grc' dir='ltr'>’Λντώνιον</span> <span class='ocrx_word' id='word_1_54' title='bbox 1776 784 1873 837; x_wconf 77' lang='grc' dir='ltr'>καὶ</span> <span class='ocrx_word' id='word_1_55' title='bbox 1922 782 2015 835; x_wconf 81' lang='grc' dir='ltr'>τὸν</span> 
     </span>
    </p>
   </div>
   <div class='ocr_carea' id='block_1_9' title="bbox 445 865 2016 942">
    <p class='ocr_par' dir='ltr' id='par_1_9' title="bbox 445 865 2016 942">
     <span class='ocr_line' id='line_1_9' title="bbox 445 865 2016 942; baseline -0.004 -17"><span class='ocrx_word' id='word_1_56' title='bbox 445 872 699 940; x_wconf 77' lang='grc' dir='ltr'>Καίσαρα</span> <span class='ocrx_word' id='word_1_57' title='bbox 748 872 807 922; x_wconf 86' lang='grc' dir='ltr'>ἐν</span> <span class='ocrx_word' id='word_1_58' title='bbox 837 874 903 942; x_wconf 79' lang='grc' dir='ltr'>τῇ</span> <span class='ocrx_word' id='word_1_59' title='bbox 952 870 1043 940; x_wconf 80' lang='grc' dir='ltr'>νηῒ</span> <span class='ocrx_word' id='word_1_60' title='bbox 1081 870 1283 937; x_wconf 86' lang='grc' dir='ltr'>αὐτοῦ,</span> <span class='ocrx_word' id='word_1_61' title='bbox 1322 874 1415 923; x_wconf 83' lang='grc' dir='ltr'>καὶ</span> <span class='ocrx_word' id='word_1_62' title='bbox 1461 870 1761 939; x_wconf 83' lang='grc' dir='ltr'>δυνάμενος</span> <span class='ocrx_word' id='word_1_63' title='bbox 1818 865 2016 929; x_wconf 77' lang='grc' dir='ltr'>αὐτοὺς</span> 
     </span>
    </p>
   </div>
   <div class='ocr_carea' id='block_1_10' title="bbox 442 954 1180 1024">
    <p class='ocr_par' dir='ltr' id='par_1_10' title="bbox 442 954 1180 1024">
     <span class='ocr_line' id='line_1_10' title="bbox 442 954 1180 1024; baseline 0.004 -18"><span class='ocrx_word' id='word_1_64' title='bbox 442 957 758 1024; x_wconf 83' lang='grc' dir='ltr'>κατασχεῖν,</span> <span class='ocrx_word' id='word_1_65' title='bbox 791 956 895 1008; x_wconf 90' lang='grc' dir='ltr'>οὐκ</span> <span class='ocrx_word' id='word_1_66' title='bbox 923 954 1180 1024; x_wconf 77' lang='grc' dir='ltr'>ἠθέλησε.</span> 
     </span>
    </p>
   </div>
   <div class='ocr_carea' id='block_1_11' title="bbox 511 1033 2014 1107">
    <p class='ocr_par' dir='ltr' id='par_1_11' title="bbox 511 1033 2014 1107">
     <span class='ocr_line' id='line_1_11' title="bbox 511 1033 2014 1107; baseline -0.005 -14"><span class='ocrx_word' id='word_1_67' title='bbox 511 1045 580 1093; x_wconf 87' lang='grc' dir='ltr'>Ν.</span> <span class='ocrx_word' id='word_1_68' title='bbox 616 1037 807 1096; x_wconf 86' lang='lat' dir='ltr'><strong>XXIII.</strong></span> <span class='ocrx_word' id='word_1_69' title='bbox 844 1039 985 1092; x_wconf 87' lang='grc' dir='ltr'>Ὅσα</span> <span class='ocrx_word' id='word_1_70' title='bbox 1009 1042 1036 1091; x_wconf 97' lang='lat'>6</span> <span class='ocrx_word' id='word_1_71' title='bbox 1075 1037 1354 1101; x_wconf 81' lang='grc' dir='ltr'>Ἀντώνιος</span> <span class='ocrx_word' id='word_1_72' title='bbox 1376 1039 1456 1101; x_wconf 81' lang='grc' dir='ltr'>είς</span> <span class='ocrx_word' id='word_1_73' title='bbox 1485 1036 1825 1107; x_wconf 79' lang='grc' dir='ltr'>τὴνἙλλάδα</span> <span class='ocrx_word' id='word_1_74' title='bbox 1847 1033 2014 1086; x_wconf 83' lang='grc' dir='ltr'>πλεύ-</span> 
     </span>
    </p>
   </div>
   <div class='ocr_carea' id='block_1_12' title="bbox 441 1117 2015 1193">
    <p class='ocr_par' dir='ltr' id='par_1_12' title="bbox 441 1117 2015 1193">
     <span class='ocr_line' id='line_1_12' title="bbox 441 1117 2015 1193; baseline -0.005 -17"><span class='ocrx_word' id='word_1_75' title='bbox 441 1140 540 1187; x_wconf 89' lang='grc' dir='ltr'>σας</span> <span class='ocrx_word' id='word_1_76' title='bbox 574 1123 851 1193; x_wconf 86' lang='grc' dir='ltr'>ἐποίησεν.</span> <span class='ocrx_word' id='word_1_77' title='bbox 876 1123 1014 1193; x_wconf 59' lang='grc' dir='ltr'>Περὶ⁵</span> <span class='ocrx_word' id='word_1_78' title='bbox 1046 1122 1314 1175; x_wconf 81' lang='grc' dir='ltr'>Βεντιδίου</span> <span class='ocrx_word' id='word_1_79' title='bbox 1343 1123 1439 1176; x_wconf 72' lang='grc' dir='ltr'>καὶ</span> <span class='ocrx_word' id='word_1_80' title='bbox 1465 1120 1761 1191; x_wconf 90' lang='grc' dir='ltr'>Λαϐιηνοῦ,</span> <span class='ocrx_word' id='word_1_81' title='bbox 1789 1119 1881 1172; x_wconf 68' lang='grc' dir='ltr'>καὶ</span> <span class='ocrx_word' id='word_1_82' title='bbox 1904 1117 2015 1169; x_wconf 84' lang='grc' dir='ltr'>τῶν</span> 
     </span>
    </p>
   </div>
   <div class='ocr_carea' id='block_1_13' title="bbox 443 1201 2017 1279">
    <p class='ocr_par' dir='ltr' id='par_1_13' title="bbox 443 1201 2017 1279">
     <span class='ocr_line' id='line_1_13' title="bbox 443 1201 2017 1279; baseline -0.005 -19"><span class='ocrx_word' id='word_1_83' title='bbox 443 1207 694 1279; x_wconf 86' lang='grc' dir='ltr'>Πάρθων.</span> <span class='ocrx_word' id='word_1_84' title='bbox 728 1206 849 1260; x_wconf 73' lang='grc' dir='ltr'>Ὀτι</span> <span class='ocrx_word' id='word_1_85' title='bbox 876 1207 939 1259; x_wconf 80' lang='grc' dir='ltr'>τὸ</span> <span class='ocrx_word' id='word_1_86' title='bbox 963 1206 1166 1275; x_wconf 87' lang='grc' dir='ltr'>πλῆθος</span> <span class='ocrx_word' id='word_1_87' title='bbox 1188 1206 1324 1275; x_wconf 83' lang='grc' dir='ltr'>πρὸς</span> <span class='ocrx_word' id='word_1_88' title='bbox 1339 1206 1468 1268; x_wconf 80' lang='grc' dir='ltr'>τοὺς</span> <span class='ocrx_word' id='word_1_89' title='bbox 1496 1204 1731 1266; x_wconf 82' lang='grc' dir='ltr'>τελώνας</span> <span class='ocrx_word' id='word_1_90' title='bbox 1763 1201 2017 1255; x_wconf 77' lang='grc' dir='ltr'>ἐστασία-</span> 
     </span>
    </p>
   </div>
   <div class='ocr_carea' id='block_1_14' title="bbox 442 1283 2012 1362">
    <p class='ocr_par' dir='ltr' id='par_1_14' title="bbox 442 1283 2012 1362">
     <span class='ocr_line' id='line_1_14' title="bbox 442 1283 2012 1362; baseline -0.005 -18"><span class='ocrx_word' id='word_1_91' title='bbox 442 1308 524 1344; x_wconf 87' lang='grc' dir='ltr'>σε.</span> <span class='ocrx_word' id='word_1_92' title='bbox 560 1290 686 1344; x_wconf 90' lang='grc' dir='ltr'>Ὅτι</span> <span class='ocrx_word' id='word_1_93' title='bbox 709 1290 811 1362; x_wconf 81' lang='grc' dir='ltr'>τὴν</span> <span class='ocrx_word' id='word_1_94' title='bbox 838 1289 1032 1343; x_wconf 84' lang='grc' dir='ltr'>Λιϐίαν</span> <span class='ocrx_word' id='word_1_95' title='bbox 1059 1289 1264 1361; x_wconf 77' lang='grc' dir='ltr'>ἔγημεν</span> <span class='ocrx_word' id='word_1_96' title='bbox 1287 1290 1316 1342; x_wconf 91' lang='lat'>6</span> <span class='ocrx_word' id='word_1_97' title='bbox 1346 1290 1562 1358; x_wconf 84' lang='grc' dir='ltr'>Καῖσαρ</span> <span class='ocrx_word' id='word_1_98' title='bbox 1595 1287 1795 1354; x_wconf 84' lang='grc' dir='ltr'>ἐγκυον</span> <span class='ocrx_word' id='word_1_99' title='bbox 1826 1283 2012 1348; x_wconf 83' lang='grc' dir='ltr'>οὖσαν,</span> 
     </span>
    </p>
   </div>
   <div class='ocr_carea' id='block_1_15' title="bbox 438 1367 2015 1446">
    <p class='ocr_par' dir='ltr' id='par_1_15' title="bbox 438 1367 2015 1446">
     <span class='ocr_line' id='line_1_15' title="bbox 438 1367 2015 1446; baseline -0.004 -19"><span class='ocrx_word' id='word_1_100' title='bbox 438 1373 533 1430; x_wconf 84' lang='grc' dir='ltr'>τοῦ</span> <span class='ocrx_word' id='word_1_101' title='bbox 560 1375 756 1446; x_wconf 79' lang='grc' dir='ltr'>ἀνδρὸς</span> <span class='ocrx_word' id='word_1_102' title='bbox 788 1372 963 1442; x_wconf 85' lang='grc' dir='ltr'>αὐτῆς</span> <span class='ocrx_word' id='word_1_103' title='bbox 990 1372 1198 1444; x_wconf 85' lang='grc' dir='ltr'>ταύτην</span> <span class='ocrx_word' id='word_1_104' title='bbox 1246 1372 1496 1435; x_wconf 73' lang='grc' dir='ltr'>ἐκδόντος</span> <span class='ocrx_word' id='word_1_105' title='bbox 1533 1370 1706 1442; x_wconf 80' lang='grc' dir='ltr'>αὐτῷ.</span> <span class='ocrx_word' id='word_1_106' title='bbox 1752 1370 1876 1423; x_wconf 84' lang='grc' dir='ltr'>Τίσι</span> <span class='ocrx_word' id='word_1_107' title='bbox 1910 1367 2015 1422; x_wconf 81' lang='grc' dir='ltr'>πά-</span> 
     </span>
    </p>
   </div>
   <div class='ocr_carea' id='block_1_16' title="bbox 440 1452 2015 1529">
    <p class='ocr_par' dir='ltr' id='par_1_16' title="bbox 440 1452 2015 1529">
     <span class='ocr_line' id='line_1_16' title="bbox 440 1452 2015 1529; baseline -0.004 -17"><span class='ocrx_word' id='word_1_108' title='bbox 440 1460 528 1512; x_wconf 89' lang='grc' dir='ltr'>λαι</span> <span class='ocrx_word' id='word_1_109' title='bbox 557 1458 666 1512; x_wconf 86' lang='grc' dir='ltr'>τῶν</span> <span class='ocrx_word' id='word_1_110' title='bbox 709 1457 995 1529; x_wconf 85' lang='grc' dir='ltr'>Ῥωμαίων</span> <span class='ocrx_word' id='word_1_111' title='bbox 1024 1456 1330 1518; x_wconf 80' lang='grc' dir='ltr'>δακτυλίοις</span> <span class='ocrx_word' id='word_1_112' title='bbox 1384 1455 1707 1524; x_wconf 83' lang='grc' dir='ltr'>κοσμεῖσθαι</span> <span class='ocrx_word' id='word_1_113' title='bbox 1740 1453 1887 1523; x_wconf 82' lang='grc' dir='ltr'>ἐξῆν.</span> <span class='ocrx_word' id='word_1_114' title='bbox 1916 1452 2015 1505; x_wconf 89' lang='grc' dir='ltr'>Διά</span> 
     </span>
    </p>
   </div>
   <div class='ocr_carea' id='block_1_17' title="bbox 438 1537 1925 1613">
    <p class='ocr_par' dir='ltr' id='par_1_17' title="bbox 438 1537 1925 1613">
     <span class='ocr_line' id='line_1_17' title="bbox 438 1537 1925 1613; baseline -0.003 -16"><span class='ocrx_word' id='word_1_115' title='bbox 438 1545 591 1607; x_wconf 87' lang='grc' dir='ltr'>τίνας</span> <span class='ocrx_word' id='word_1_116' title='bbox 621 1543 804 1606; x_wconf 80' lang='grc' dir='ltr'>αἰτίας</span> <span class='ocrx_word' id='word_1_117' title='bbox 822 1545 850 1597; x_wconf 93' lang='lat'>6</span> <span class='ocrx_word' id='word_1_118' title='bbox 878 1544 1099 1613; x_wconf 85' lang='grc' dir='ltr'>Καῖσαρ</span> <span class='ocrx_word' id='word_1_119' title='bbox 1141 1542 1232 1595; x_wconf 77' lang='grc' dir='ltr'>καὶ</span> <span class='ocrx_word' id='word_1_120' title='bbox 1266 1541 1296 1593; x_wconf 90' lang='lat'>6</span> <span class='ocrx_word' id='word_1_121' title='bbox 1326 1539 1518 1607; x_wconf 79' lang='grc' dir='ltr'>Σέξτος</span> <span class='ocrx_word' id='word_1_122' title='bbox 1556 1537 1925 1609; x_wconf 75' lang='grc' dir='ltr'>ἐπολέμησαν.</span> 
     </span>
    </p>
   </div>
   <div class='ocr_carea' id='block_1_18' title="bbox 509 1617 2014 1695">
    <p class='ocr_par' dir='ltr' id='par_1_18' title="bbox 509 1617 2014 1695">
     <span class='ocr_line' id='line_1_18' title="bbox 509 1617 2014 1695; baseline -0.007 -14"><span class='ocrx_word' id='word_1_123' title='bbox 509 1626 576 1680; x_wconf 89' lang='grc' dir='ltr'>Ν.</span> <span class='ocrx_word' id='word_1_124' title='bbox 609 1624 799 1681; x_wconf 91' lang='lat' dir='ltr'><strong>XXIV.</strong></span> <span class='ocrx_word' id='word_1_125' title='bbox 826 1626 950 1679; x_wconf 88' lang='grc' dir='ltr'>Ὅτι</span> <span class='ocrx_word' id='word_1_126' title='bbox 978 1628 1010 1694; x_wconf 84' lang='grc' dir='ltr'>ἡ</span> <span class='ocrx_word' id='word_1_127' title='bbox 1052 1622 1312 1678; x_wconf 88' lang='grc' dir='ltr'>Ὀκταϐία</span> <span class='ocrx_word' id='word_1_128' title='bbox 1336 1626 1368 1695; x_wconf 84' lang='grc' dir='ltr'>ή</span> <span class='ocrx_word' id='word_1_129' title='bbox 1388 1622 1482 1676; x_wconf 89' lang='grc' dir='ltr'>τοῦ</span> <span class='ocrx_word' id='word_1_130' title='bbox 1504 1621 1779 1693; x_wconf 84' lang='grc' dir='ltr'>Καίσαρος</span> <span class='ocrx_word' id='word_1_131' title='bbox 1811 1617 2014 1688; x_wconf 79' lang='grc' dir='ltr'>ἀδελφὴ</span> 
     </span>
    </p>
   </div>
   <div class='ocr_carea' id='block_1_19' title="bbox 437 1702 2015 1782">
    <p class='ocr_par' dir='ltr' id='par_1_19' title="bbox 437 1702 2015 1782">
     <span class='ocr_line' id='line_1_19' title="bbox 437 1702 2015 1782; baseline -0.008 -17"><span class='ocrx_word' id='word_1_132' title='bbox 437 1713 515 1782; x_wconf 86' lang='grc' dir='ltr'>τῷ</span> <span class='ocrx_word' id='word_1_133' title='bbox 559 1713 829 1782; x_wconf 79' lang='grc' dir='ltr'>’Δντωνίῳ</span> <span class='ocrx_word' id='word_1_134' title='bbox 859 1709 1165 1779; x_wconf 82' lang='grc' dir='ltr'>συνῴκησε.</span> <span class='ocrx_word' id='word_1_135' title='bbox 1201 1709 1322 1762; x_wconf 76' lang='grc' dir='ltr'>’Ὁτι</span> <span class='ocrx_word' id='word_1_136' title='bbox 1360 1708 1577 1769; x_wconf 80' lang='grc' dir='ltr'>ἑαυτοῖς</span> <span class='ocrx_word' id='word_1_137' title='bbox 1615 1707 1645 1759; x_wconf 87' lang='grc' dir='ltr'>ό</span> <span class='ocrx_word' id='word_1_138' title='bbox 1682 1706 1898 1773; x_wconf 84' lang='grc' dir='ltr'>Καῖσαρ</span> <span class='ocrx_word' id='word_1_139' title='bbox 1923 1702 2015 1758; x_wconf 76' lang='grc' dir='ltr'>καὶ</span> 
     </span>
    </p>
   </div>
   <div class='ocr_carea' id='block_1_20' title="bbox 2127 526 3693 608">
    <p class='ocr_par' dir='ltr' id='par_1_20' title="bbox 2127 526 3693 608">
     <span class='ocr_line' id='line_1_20' title="bbox 2127 526 3693 608; baseline 0.007 -30"><span class='ocrx_word' id='word_1_140' title='bbox 2127 526 2390 597; x_wconf 81' lang='grc' dir='ltr'>Ῥωμαῖοι</span> <span class='ocrx_word' id='word_1_141' title='bbox 2421 533 2558 603; x_wconf 82' lang='grc' dir='ltr'>πρὸς</span> <span class='ocrx_word' id='word_1_142' title='bbox 2601 534 2694 587; x_wconf 80' lang='grc' dir='ltr'>τὸν</span> <span class='ocrx_word' id='word_1_143' title='bbox 2743 536 2997 608; x_wconf 64' lang='grc' dir='ltr'>1ίοιίσαρα</span> <span class='ocrx_word' id='word_1_144' title='bbox 3031 535 3402 590; x_wconf 75' lang='grc' dir='ltr'>ἐπανελθόντα</span> <span class='ocrx_word' id='word_1_145' title='bbox 3438 537 3519 600; x_wconf 85' lang='grc' dir='ltr'>εἰς</span> <span class='ocrx_word' id='word_1_146' title='bbox 3561 537 3693 592; x_wconf 84' lang='grc' dir='ltr'>Ῥώ-</span> 
     </span>
    </p>
   </div>
   <div class='ocr_carea' id='block_1_21' title="bbox 2119 628 2249 683">
    <p class='ocr_par' dir='ltr' id='par_1_21' title="bbox 2119 628 2249 683">
     <span class='ocr_line' id='line_1_21' title="bbox 2119 628 2249 683; baseline 0.015 -2"><span class='ocrx_word' id='word_1_147' title='bbox 2119 628 2249 683; x_wconf 80' lang='grc' dir='ltr'>μηνο</span> 
     </span>
    </p>
   </div>
   <div class='ocr_carea' id='block_1_22' title="bbox 2189 696 3686 779">
    <p class='ocr_par' dir='ltr' id='par_1_22' title="bbox 2189 696 3686 779">
     <span class='ocr_line' id='line_1_22' title="bbox 2189 696 3686 779; baseline 0.007 -28"><span class='ocrx_word' id='word_1_148' title='bbox 2189 696 2253 751; x_wconf 91' lang='grc' dir='ltr'>Ν.</span> <span class='ocrx_word' id='word_1_149' title='bbox 2290 697 2505 755; x_wconf 85' lang='lat' dir='ltr'><strong>XXXII.</strong></span> <span class='ocrx_word' id='word_1_150' title='bbox 2536 704 2674 755; x_wconf 82' lang='grc' dir='ltr'>Ὅσα</span> <span class='ocrx_word' id='word_1_151' title='bbox 2711 705 2830 756; x_wconf 78' lang='grc' dir='ltr'>τότε</span> <span class='ocrx_word' id='word_1_152' title='bbox 2856 704 2905 756; x_wconf 78' lang='grc' dir='ltr'>οἱ</span> <span class='ocrx_word' id='word_1_153' title='bbox 2945 705 3207 774; x_wconf 79' lang='grc' dir='ltr'>Ῥωμαῖοι</span> <span class='ocrx_word' id='word_1_154' title='bbox 3242 707 3508 779; x_wconf 82' lang='grc' dir='ltr'>ἐνίκησαν</span> <span class='ocrx_word' id='word_1_155' title='bbox 3539 706 3686 779; x_wconf 83' lang='grc' dir='ltr'>ἔθνη.</span> 
     </span>
    </p>
   </div>
   <div class='ocr_carea' id='block_1_23' title="bbox 2121 781 3689 862">
    <p class='ocr_par' dir='ltr' id='par_1_23' title="bbox 2121 781 3689 862">
     <span class='ocr_line' id='line_1_23' title="bbox 2121 781 3689 862; baseline 0.005 -29"><span class='ocrx_word' id='word_1_156' title='bbox 2121 781 2242 835; x_wconf 91' lang='grc' dir='ltr'>Ὅτι</span> <span class='ocrx_word' id='word_1_157' title='bbox 2298 782 2483 838; x_wconf 75' lang='grc' dir='ltr'>ἔκτοτε</span> <span class='ocrx_word' id='word_1_158' title='bbox 2548 788 2936 857; x_wconf 67' lang='grc' dir='ltr'>μοναρχεῖσθαι</span> <span class='ocrx_word' id='word_1_159' title='bbox 2978 790 3212 860; x_wconf 78' lang='grc' dir='ltr'>ἤρξαντο</span> <span class='ocrx_word' id='word_1_160' title='bbox 3292 792 3343 844; x_wconf 79' lang='grc' dir='ltr'>οἱ</span> <span class='ocrx_word' id='word_1_161' title='bbox 3405 790 3689 862; x_wconf 85' lang='grc' dir='ltr'>Ῥωμαῖοι.</span> 
     </span>
    </p>
   </div>
   <div class='ocr_carea' id='block_1_24' title="bbox 2119 863 3692 945">
    <p class='ocr_par' dir='ltr' id='par_1_24' title="bbox 2119 863 3692 945">
     <span class='ocr_line' id='line_1_24' title="bbox 2119 863 3692 945; baseline 0.006 -29"><span class='ocrx_word' id='word_1_162' title='bbox 2119 863 2261 917; x_wconf 88' lang='grc' dir='ltr'>Ὅσα</span> <span class='ocrx_word' id='word_1_163' title='bbox 2289 870 2400 930; x_wconf 83' lang='grc' dir='ltr'>τοῖς</span> <span class='ocrx_word' id='word_1_164' title='bbox 2432 870 2490 921; x_wconf 87' lang='grc' dir='ltr'>ἐν</span> <span class='ocrx_word' id='word_1_165' title='bbox 2535 874 2600 941; x_wconf 79' lang='grc' dir='ltr'>τῇ</span> <span class='ocrx_word' id='word_1_166' title='bbox 2663 871 2851 942; x_wconf 79' lang='grc' dir='ltr'>Ῥώμη</span> <span class='ocrx_word' id='word_1_167' title='bbox 2895 874 2924 924; x_wconf 92' lang='lat'>6</span> <span class='ocrx_word' id='word_1_168' title='bbox 2962 874 3179 942; x_wconf 79' lang='grc' dir='ltr'>Καῖσαρ</span> <span class='ocrx_word' id='word_1_169' title='bbox 3236 873 3513 945; x_wconf 85' lang='grc' dir='ltr'>ἐποίησεν.</span> <span class='ocrx_word' id='word_1_170' title='bbox 3572 873 3692 927; x_wconf 91' lang='grc' dir='ltr'>Ὅτι</span> 
     </span>
    </p>
   </div>
   <div class='ocr_carea' id='block_1_25' title="bbox 2116 946 3689 1027">
    <p class='ocr_par' dir='ltr' id='par_1_25' title="bbox 2116 946 3689 1027">
     <span class='ocr_line' id='line_1_25' title="bbox 2116 946 3689 1027; baseline 0.008 -30"><span class='ocrx_word' id='word_1_171' title='bbox 2116 946 2422 1017; x_wconf 73' lang='grc' dir='ltr'>ἐσκήπτετο</span> <span class='ocrx_word' id='word_1_172' title='bbox 2474 954 2501 1004; x_wconf 92' lang='lat'>6</span> <span class='ocrx_word' id='word_1_173' title='bbox 2545 955 2761 1025; x_wconf 85' lang='grc' dir='ltr'>Καῖσαρ</span> <span class='ocrx_word' id='word_1_174' title='bbox 2798 957 3188 1026; x_wconf 83' lang='grc' dir='ltr'>παραιτεῖσθαι</span> <span class='ocrx_word' id='word_1_175' title='bbox 3230 957 3328 1026; x_wconf 79' lang='grc' dir='ltr'>τὴν</span> <span class='ocrx_word' id='word_1_176' title='bbox 3365 957 3689 1027; x_wconf 77' lang='grc' dir='ltr'>μοναρχίαν.</span> 
     </span>
    </p>
   </div>
   <div class='ocr_carea' id='block_1_26' title="bbox 2116 1029 3694 1108">
    <p class='ocr_par' dir='ltr' id='par_1_26' title="bbox 2116 1029 3694 1108">
     <span class='ocr_line' id='line_1_26' title="bbox 2116 1029 3694 1108; baseline 0.007 -27"><span class='ocrx_word' id='word_1_177' title='bbox 2116 1029 2180 1082; x_wconf 84' lang='grc' dir='ltr'>Οί</span> <span class='ocrx_word' id='word_1_178' title='bbox 2210 1030 2267 1082; x_wconf 83' lang='grc' dir='ltr'>δὲ</span> <span class='ocrx_word' id='word_1_179' title='bbox 2303 1032 2403 1102; x_wconf 89' lang='grc' dir='ltr'>τῆς</span> <span class='ocrx_word' id='word_1_180' title='bbox 2444 1033 2663 1106; x_wconf 87' lang='grc' dir='ltr'>βουλῆς,</span> <span class='ocrx_word' id='word_1_181' title='bbox 2691 1038 2790 1108; x_wconf 80' lang='grc' dir='ltr'>τήν</span> <span class='ocrx_word' id='word_1_182' title='bbox 2821 1040 3021 1108; x_wconf 64' lang='grc' dir='ltr'>σκῆψιν</span> <span class='ocrx_word' id='word_1_183' title='bbox 3060 1038 3443 1108; x_wconf 82' lang='grc' dir='ltr'>γινώσκοντες,</span> <span class='ocrx_word' id='word_1_184' title='bbox 3476 1040 3694 1104; x_wconf 77' lang='grc' dir='ltr'>ἐϐίαζον</span> 
     </span>
    </p>
   </div>
   <div class='ocr_carea' id='block_1_27' title="bbox 2113 1114 3691 1196">
    <p class='ocr_par' dir='ltr' id='par_1_27' title="bbox 2113 1114 3691 1196">
     <span class='ocr_line' id='line_1_27' title="bbox 2113 1114 3691 1196; baseline 0.01 -29"><span class='ocrx_word' id='word_1_185' title='bbox 2113 1114 2274 1185; x_wconf 83' lang='grc' dir='ltr'>δῆθεν</span> <span class='ocrx_word' id='word_1_186' title='bbox 2297 1119 2459 1172; x_wconf 84' lang='grc' dir='ltr'>αὐτὸν</span> <span class='ocrx_word' id='word_1_187' title='bbox 2490 1127 2801 1194; x_wconf 86' lang='grc' dir='ltr'>μοναρχεῖν.</span> <span class='ocrx_word' id='word_1_188' title='bbox 2835 1124 2959 1178; x_wconf 89' lang='grc' dir='ltr'>Ὅτι</span> <span class='ocrx_word' id='word_1_189' title='bbox 2989 1126 3081 1178; x_wconf 70' lang='grc' dir='ltr'>ἐπι</span> <span class='ocrx_word' id='word_1_190' title='bbox 3111 1125 3244 1179; x_wconf 83' lang='grc' dir='ltr'>δέκα</span> <span class='ocrx_word' id='word_1_191' title='bbox 3266 1126 3365 1193; x_wconf 79' lang='grc' dir='ltr'>ἐτη</span> <span class='ocrx_word' id='word_1_192' title='bbox 3384 1126 3485 1195; x_wconf 84' lang='grc' dir='ltr'>τὴν</span> <span class='ocrx_word' id='word_1_193' title='bbox 3516 1124 3691 1196; x_wconf 77' lang='grc' dir='ltr'>ἀρχὴν</span> 
     </span>
    </p>
   </div>
   <div class='ocr_carea' id='block_1_28' title="bbox 2116 1197 3694 1278">
    <p class='ocr_par' dir='ltr' id='par_1_28' title="bbox 2116 1197 3694 1278">
     <span class='ocr_line' id='line_1_28' title="bbox 2116 1197 3694 1278; baseline 0.006 -26"><span class='ocrx_word' id='word_1_194' title='bbox 2116 1197 2269 1269; x_wconf 76' lang='grc' dir='ltr'>ἔλεγε</span> <span class='ocrx_word' id='word_1_195' title='bbox 2302 1204 2702 1275; x_wconf 85' lang='grc' dir='ltr'>καταδέχεσθαι</span> <span class='ocrx_word' id='word_1_196' title='bbox 2736 1211 2764 1261; x_wconf 90' lang='lat'>6</span> <span class='ocrx_word' id='word_1_197' title='bbox 2796 1208 3038 1278; x_wconf 82' lang='grc' dir='ltr'>Καῖσαρ.</span> <span class='ocrx_word' id='word_1_198' title='bbox 3092 1209 3202 1262; x_wconf 73' lang='grc' dir='ltr'>Καὶ</span> <span class='ocrx_word' id='word_1_199' title='bbox 3242 1208 3624 1278; x_wconf 72' lang='grc' dir='ltr'>παρελθούσης</span> <span class='ocrx_word' id='word_1_200' title='bbox 3647 1205 3694 1261; x_wconf 82' lang='grc' dir='ltr'>δ’</span> 
     </span>
    </p>
   </div>
   <div class='ocr_carea' id='block_1_29' title="bbox 2115 1285 3696 1364">
    <p class='ocr_par' dir='ltr' id='par_1_29' title="bbox 2115 1285 3696 1364">
     <span class='ocr_line' id='line_1_29' title="bbox 2115 1285 3696 1364; baseline 0.007 -29"><span class='ocrx_word' id='word_1_201' title='bbox 2115 1285 2307 1356; x_wconf 86' lang='grc' dir='ltr'>αὐτῆς,</span> <span class='ocrx_word' id='word_1_202' title='bbox 2342 1285 2500 1353; x_wconf 78' lang='grc' dir='ltr'>αὖθις</span> <span class='ocrx_word' id='word_1_203' title='bbox 2529 1286 2697 1362; x_wconf 83' lang='grc' dir='ltr'>ἦρχεν</span> <span class='ocrx_word' id='word_1_204' title='bbox 2726 1293 2803 1355; x_wconf 86' lang='grc' dir='ltr'>είς</span> <span class='ocrx_word' id='word_1_205' title='bbox 2830 1292 2894 1345; x_wconf 83' lang='grc' dir='ltr'>τὸ</span> <span class='ocrx_word' id='word_1_206' title='bbox 2922 1293 3069 1362; x_wconf 79' lang='grc' dir='ltr'>ἑξῆς.</span> <span class='ocrx_word' id='word_1_207' title='bbox 3102 1292 3167 1347; x_wconf 91' lang='grc' dir='ltr'>Τί</span> <span class='ocrx_word' id='word_1_208' title='bbox 3207 1292 3360 1364; x_wconf 90' lang='grc' dir='ltr'>δηλοῖ</span> <span class='ocrx_word' id='word_1_209' title='bbox 3386 1293 3450 1345; x_wconf 84' lang='grc' dir='ltr'>τὸ</span> <span class='ocrx_word' id='word_1_210' title='bbox 3489 1291 3696 1360; x_wconf 75' lang='grc' dir='ltr'>Αὔγου-</span> 
     </span>
    </p>
   </div>
   <div class='ocr_carea' id='block_1_30' title="bbox 2117 1371 3689 1448">
    <p class='ocr_par' dir='ltr' id='par_1_30' title="bbox 2117 1371 3689 1448">
     <span class='ocr_line' id='line_1_30' title="bbox 2117 1371 3689 1448; baseline -0.001 -18"><span class='ocrx_word' id='word_1_211' title='bbox 2117 1385 2261 1431; x_wconf 81' lang='grc' dir='ltr'>στος.</span> <span class='ocrx_word' id='word_1_212' title='bbox 2301 1371 2463 1426; x_wconf 90' lang='grc' dir='ltr'>Ὅθεν</span> <span class='ocrx_word' id='word_1_213' title='bbox 2497 1376 2530 1445; x_wconf 83' lang='grc' dir='ltr'><strong>ἡ</strong></span> <span class='ocrx_word' id='word_1_214' title='bbox 2553 1375 2803 1430; x_wconf 74' lang='grc' dir='ltr'>κατοικία</span> <span class='ocrx_word' id='word_1_215' title='bbox 2826 1375 2934 1430; x_wconf 88' lang='grc' dir='ltr'>τῶν</span> <span class='ocrx_word' id='word_1_216' title='bbox 2956 1379 3375 1448; x_wconf 80' lang='grc' dir='ltr'>αὐτοκρατόρων</span> <span class='ocrx_word' id='word_1_217' title='bbox 3395 1374 3689 1447; x_wconf 78' lang='grc' dir='ltr'>ὠνομάσθη</span> 
     </span>
    </p>
   </div>
   <div class='ocr_carea' id='block_1_31' title="bbox 2116 1452 2400 1510">
    <p class='ocr_par' dir='ltr' id='par_1_31' title="bbox 2116 1452 2400 1510">
     <span class='ocr_line' id='line_1_31' title="bbox 2116 1452 2400 1510; baseline 0.018 -6"><span class='ocrx_word' id='word_1_218' title='bbox 2116 1452 2400 1510; x_wconf 84' lang='grc' dir='ltr'>παλάτιον.</span> 
     </span>
    </p>
   </div>
   <div class='ocr_carea' id='block_1_32' title="bbox 2185 1536 3695 1618">
    <p class='ocr_par' dir='ltr' id='par_1_32' title="bbox 2185 1536 3695 1618">
     <span class='ocr_line' id='line_1_32' title="bbox 2185 1536 3695 1618; baseline 0.003 -26"><span class='ocrx_word' id='word_1_219' title='bbox 2185 1536 2251 1594; x_wconf 93' lang='grc' dir='ltr'>Ν.</span> <span class='ocrx_word' id='word_1_220' title='bbox 2287 1539 2524 1598; x_wconf 81' lang='lat' dir='ltr'><strong>XXXIII.</strong></span> <span class='ocrx_word' id='word_1_221' title='bbox 2566 1543 2758 1606; x_wconf 88' lang='grc' dir='ltr'>Ὅπως</span> <span class='ocrx_word' id='word_1_222' title='bbox 2798 1538 2971 1616; x_wconf 80' lang='grc' dir='ltr'>ἦρχεν</span> <span class='ocrx_word' id='word_1_223' title='bbox 3009 1544 3038 1598; x_wconf 96' lang='lat'>6</span> <span class='ocrx_word' id='word_1_224' title='bbox 3080 1546 3315 1618; x_wconf 85' lang='grc' dir='ltr'>Καῖσαρ.</span> <span class='ocrx_word' id='word_1_225' title='bbox 3352 1543 3479 1600; x_wconf 91' lang='grc' dir='ltr'>Ὅτι</span> <span class='ocrx_word' id='word_1_226' title='bbox 3508 1544 3695 1614; x_wconf 73' lang='grc' dir='ltr'>ἐνόσηο</span> 
     </span>
    </p>
   </div>
   <div class='ocr_carea' id='block_1_33' title="bbox 2118 1624 3692 1702">
    <p class='ocr_par' dir='ltr' id='par_1_33' title="bbox 2118 1624 3692 1702">
     <span class='ocr_line' id='line_1_33' title="bbox 2118 1624 3692 1702; baseline 0.007 -31"><span class='ocrx_word' id='word_1_227' title='bbox 2118 1635 2209 1674; x_wconf 88' lang='grc' dir='ltr'>σεν</span> <span class='ocrx_word' id='word_1_228' title='bbox 2230 1624 2256 1675; x_wconf 92' lang='lat'>6</span> <span class='ocrx_word' id='word_1_229' title='bbox 2285 1624 2616 1693; x_wconf 74' lang='grc' dir='ltr'>Αὔγουστος,</span> <span class='ocrx_word' id='word_1_230' title='bbox 2668 1629 2763 1682; x_wconf 77' lang='grc' dir='ltr'>καὶ</span> <span class='ocrx_word' id='word_1_231' title='bbox 2788 1629 2939 1692; x_wconf 80' lang='grc' dir='ltr'>ὅπως</span> <span class='ocrx_word' id='word_1_232' title='bbox 2977 1628 3481 1702; x_wconf 72' lang='grc' dir='ltr'>ἀνερρώσθη.”οτι</span> <span class='ocrx_word' id='word_1_233' title='bbox 3503 1625 3692 1684; x_wconf 85' lang='grc' dir='ltr'>δικτά-</span> 
     </span>
    </p>
   </div>
   <div class='ocr_carea' id='block_1_34' title="bbox 2115 1707 3689 1787">
    <p class='ocr_par' dir='ltr' id='par_1_34' title="bbox 2115 1707 3689 1787">
     <span class='ocr_line' id='line_1_34' title="bbox 2115 1707 3689 1787; baseline 0.007 -32"><span class='ocrx_word' id='word_1_234' title='bbox 2115 1719 2230 1774; x_wconf 86' lang='grc' dir='ltr'>τωρ</span> <span class='ocrx_word' id='word_1_235' title='bbox 2263 1707 2291 1759; x_wconf 97' lang='lat'>6</span> <span class='ocrx_word' id='word_1_236' title='bbox 2322 1711 2540 1783; x_wconf 79' lang='grc' dir='ltr'>Καῖσαρ</span> <span class='ocrx_word' id='word_1_237' title='bbox 2577 1711 2895 1784; x_wconf 79' lang='grc' dir='ltr'>ψηφισθεὶς,</span> <span class='ocrx_word' id='word_1_238' title='bbox 2929 1711 3029 1785; x_wconf 79' lang='grc' dir='ltr'>τὴν</span> <span class='ocrx_word' id='word_1_239' title='bbox 3065 1713 3257 1783; x_wconf 85' lang='grc' dir='ltr'>κλῆσιν</span> <span class='ocrx_word' id='word_1_240' title='bbox 3308 1715 3689 1787; x_wconf 79' lang='grc' dir='ltr'>παρῃτήσατο.</span> 
     </span>
    </p>
   </div>
   <div class='ocr_carea' id='block_1_35' title="bbox 408 1786 3692 1870">
    <p class='ocr_par' dir='ltr' id='par_1_35' title="bbox 408 1786 3692 1870">
     <span class='ocr_line' id='line_1_35' title="bbox 408 1786 3692 1870; baseline 0 -20"><span class='ocrx_word' id='word_1_241' title='bbox 408 1820 411 1823; x_wconf 57' lang='grc' dir='ltr'>ν</span> <span class='ocrx_word' id='word_1_242' title='bbox 449 1796 732 1858; x_wconf 83' lang='grc' dir='ltr'>’Δντώνιος</span> <span class='ocrx_word' id='word_1_243' title='bbox 759 1796 854 1858; x_wconf 74' lang='grc' dir='ltr'>τὰς</span> <span class='ocrx_word' id='word_1_244' title='bbox 879 1792 1177 1865; x_wconf 81' lang='grc' dir='ltr'>ἡγεμονίας</span> <span class='ocrx_word' id='word_1_245' title='bbox 1213 1792 1539 1861; x_wconf 78' lang='grc' dir='ltr'>ἐπέτρεπον.</span> <span class='ocrx_word' id='word_1_246' title='bbox 1568 1792 1691 1843; x_wconf 87' lang='grc' dir='ltr'>Ὅτι</span> <span class='ocrx_word' id='word_1_247' title='bbox 1729 1789 1936 1857; x_wconf 84' lang='grc' dir='ltr'>ἐσφάλη</span> <span class='ocrx_word' id='word_1_248' title='bbox 1986 1786 2014 1837; x_wconf 81' lang='grc' dir='ltr'><strong>ὁ</strong></span> <span class='ocrx_word' id='word_1_249' title='bbox 2043 1790 2086 1847; x_wconf 86' lang='grc' dir='ltr'><strong>Β</strong></span> <span class='ocrx_word' id='word_1_250' title='bbox 2185 1788 2250 1843; x_wconf 87' lang='grc' dir='ltr'>Ν.</span> <span class='ocrx_word' id='word_1_251' title='bbox 2281 1789 2516 1851; x_wconf 80' lang='lat' dir='ltr'><strong>XXXIV.</strong></span> <span class='ocrx_word' id='word_1_252' title='bbox 2546 1795 2670 1849; x_wconf 90' lang='grc' dir='ltr'>Ὅτι</span> <span class='ocrx_word' id='word_1_253' title='bbox 2699 1796 2790 1851; x_wconf 66' lang='grc' dir='ltr'>τὸν</span> <span class='ocrx_word' id='word_1_254' title='bbox 2836 1797 3148 1867; x_wconf 86' lang='grc' dir='ltr'>Ἀγρίππαν</span> <span class='ocrx_word' id='word_1_255' title='bbox 3176 1800 3204 1852; x_wconf 89' lang='lat'>6</span> <span class='ocrx_word' id='word_1_256' title='bbox 3242 1786 3463 1870; x_wconf 82' lang='grc' dir='ltr'>Καῖσαρ</span> <span class='ocrx_word' id='word_1_257' title='bbox 3500 1802 3569 1869; x_wconf 77' lang='grc' dir='ltr'>τῇ</span> <span class='ocrx_word' id='word_1_258' title='bbox 3590 1798 3692 1867; x_wconf 66' lang='grc' dir='ltr'>ἰδίᾳ</span> 
     </span>
    </p>
   </div>
   <div class='ocr_carea' id='block_1_36' title="bbox 442 1870 2012 1951">
    <p class='ocr_par' dir='ltr' id='par_1_36' title="bbox 442 1870 2012 1951">
     <span class='ocr_line' id='line_1_36' title="bbox 442 1870 2012 1951; baseline -0.008 -16"><span class='ocrx_word' id='word_1_259' title='bbox 442 1884 657 1951; x_wconf 84' lang='grc' dir='ltr'>Καῖσαρ</span> <span class='ocrx_word' id='word_1_260' title='bbox 696 1880 869 1950; x_wconf 87' lang='grc' dir='ltr'>στόλῳ</span> <span class='ocrx_word' id='word_1_261' title='bbox 913 1882 981 1949; x_wconf 75' lang='grc' dir='ltr'>τῇ</span> <span class='ocrx_word' id='word_1_262' title='bbox 1048 1878 1268 1949; x_wconf 77' lang='grc' dir='ltr'>Σικελίᾳ</span> <span class='ocrx_word' id='word_1_263' title='bbox 1318 1875 1669 1949; x_wconf 85' lang='grc' dir='ltr'>προσϐαλών.</span> <span class='ocrx_word' id='word_1_264' title='bbox 1713 1870 2012 1943; x_wconf 85' lang='grc' dir='ltr'>Ναυμαχία</span> 
     </span>
    </p>
   </div>
   <div class='ocr_carea' id='block_1_37' title="bbox 435 1957 2013 2033">
    <p class='ocr_par' dir='ltr' id='par_1_37' title="bbox 435 1957 2013 2033">
     <span class='ocr_line' id='line_1_37' title="bbox 435 1957 2013 2033; baseline -0.008 -12"><span class='ocrx_word' id='word_1_265' title='bbox 435 1966 529 2021; x_wconf 86' lang='grc' dir='ltr'>τοῦ</span> <span class='ocrx_word' id='word_1_266' title='bbox 565 1965 762 2030; x_wconf 80' lang='grc' dir='ltr'>Σέξτου</span> <span class='ocrx_word' id='word_1_267' title='bbox 793 1968 888 2019; x_wconf 67' lang='grc' dir='ltr'>καὶ.</span> <span class='ocrx_word' id='word_1_268' title='bbox 918 1965 1025 2018; x_wconf 88' lang='grc' dir='ltr'>τῶν</span> <span class='ocrx_word' id='word_1_269' title='bbox 1050 1962 1142 2017; x_wconf 88' lang='grc' dir='ltr'>τοῦ</span> <span class='ocrx_word' id='word_1_270' title='bbox 1160 1964 1458 2033; x_wconf 83' lang='grc' dir='ltr'>Καίσαρος.</span> <span class='ocrx_word' id='word_1_271' title='bbox 1489 1962 1657 2032; x_wconf 80' lang='grc' dir='ltr'>Μάχη</span> <span class='ocrx_word' id='word_1_272' title='bbox 1688 1957 1885 2023; x_wconf 82' lang='grc' dir='ltr'>Σέξτου</span> <span class='ocrx_word' id='word_1_273' title='bbox 1917 1957 2013 2009; x_wconf 78' lang='grc' dir='ltr'>καὶ</span> 
     </span>
    </p>
   </div>
   <div class='ocr_carea' id='block_1_38' title="bbox 438 2050 855 2117">
    <p class='ocr_par' dir='ltr' id='par_1_38' title="bbox 438 2050 855 2117">
     <span class='ocr_line' id='line_1_38' title="bbox 438 2050 855 2117; baseline -0.007 -13"><span class='ocrx_word' id='word_1_274' title='bbox 438 2050 529 2104; x_wconf 90' lang='grc' dir='ltr'>τοῦ</span> <span class='ocrx_word' id='word_1_275' title='bbox 560 2050 855 2117; x_wconf 88' lang='grc' dir='ltr'>Καίσαρος.</span> 
     </span>
    </p>
   </div>
   <div class='ocr_carea' id='block_1_39' title="bbox 507 2121 2009 2199">
    <p class='ocr_par' dir='ltr' id='par_1_39' title="bbox 507 2121 2009 2199">
     <span class='ocr_line' id='line_1_39' title="bbox 507 2121 2009 2199; baseline -0.01 -11"><span class='ocrx_word' id='word_1_276' title='bbox 507 2133 575 2188; x_wconf 93' lang='grc' dir='ltr'>Ν.</span> <span class='ocrx_word' id='word_1_277' title='bbox 601 2129 771 2188; x_wconf 90' lang='lat' dir='ltr'><strong>XXV.</strong></span> <span class='ocrx_word' id='word_1_278' title='bbox 811 2132 938 2183; x_wconf 89' lang='grc' dir='ltr'>Ὅτι</span> <span class='ocrx_word' id='word_1_279' title='bbox 985 2127 1242 2199; x_wconf 81' lang='grc' dir='ltr'>διηνέχθη</span> <span class='ocrx_word' id='word_1_280' title='bbox 1280 2130 1308 2181; x_wconf 96' lang='lat'>6</span> <span class='ocrx_word' id='word_1_281' title='bbox 1330 2128 1547 2197; x_wconf 86' lang='grc' dir='ltr'>Καῖσαρ</span> <span class='ocrx_word' id='word_1_282' title='bbox 1585 2125 1680 2178; x_wconf 86' lang='grc' dir='ltr'>καὶ</span> <span class='ocrx_word' id='word_1_283' title='bbox 1707 2125 1736 2176; x_wconf 95' lang='lat'>6</span> <span class='ocrx_word' id='word_1_284' title='bbox 1757 2121 2009 2185; x_wconf 76' lang='grc' dir='ltr'>Λέπιδος.</span> 
     </span>
    </p>
   </div>
   <div class='ocr_carea' id='block_1_40' title="bbox 439 2206 2011 2283">
    <p class='ocr_par' dir='ltr' id='par_1_40' title="bbox 439 2206 2011 2283">
     <span class='ocr_line' id='line_1_40' title="bbox 439 2206 2011 2283; baseline -0.008 -13"><span class='ocrx_word' id='word_1_285' title='bbox 439 2212 618 2270; x_wconf 73' lang='lat' dir='ltr'><strong><em>mm</em></strong></span> <span class='ocrx_word' id='word_1_286' title='bbox 647 2216 863 2281; x_wconf 71' lang='grc' dir='ltr'>Σέξτου.</span> <span class='ocrx_word' id='word_1_287' title='bbox 922 2212 1073 2283; x_wconf 76' lang='grc' dir='ltr'>Φνγή</span> <span class='ocrx_word' id='word_1_288' title='bbox 1108 2212 1328 2277; x_wconf 81' lang='grc' dir='ltr'>Σέξτου.</span> <span class='ocrx_word' id='word_1_289' title='bbox 1363 2210 1487 2263; x_wconf 87' lang='grc' dir='ltr'>Ὅτι</span> <span class='ocrx_word' id='word_1_290' title='bbox 1530 2209 1580 2262; x_wconf 85' lang='grc' dir='ltr'>οί</span> <span class='ocrx_word' id='word_1_291' title='bbox 1627 2207 1721 2261; x_wconf 80' lang='grc' dir='ltr'>τοῦ</span> <span class='ocrx_word' id='word_1_292' title='bbox 1777 2206 2011 2260; x_wconf 84' lang='grc' dir='ltr'>Λεπίδου</span> 
     </span>
    </p>
   </div>
   <div class='ocr_carea' id='block_1_41' title="bbox 436 2291 2012 2370">
    <p class='ocr_par' dir='ltr' id='par_1_41' title="bbox 436 2291 2012 2370">
     <span class='ocr_line' id='line_1_41' title="bbox 436 2291 2012 2370; baseline -0.008 -18"><span class='ocrx_word' id='word_1_293' title='bbox 436 2299 817 2370; x_wconf 82' lang='grc' dir='ltr'>ηὐτομόλησαν</span> <span class='ocrx_word' id='word_1_294' title='bbox 848 2295 983 2365; x_wconf 81' lang='grc' dir='ltr'>πρὸς</span> <span class='ocrx_word' id='word_1_295' title='bbox 1009 2294 1101 2346; x_wconf 85' lang='grc' dir='ltr'>τὸν</span> <span class='ocrx_word' id='word_1_296' title='bbox 1148 2294 1426 2364; x_wconf 82' lang='grc' dir='ltr'>Καίσαρα,</span> <span class='ocrx_word' id='word_1_297' title='bbox 1466 2295 1563 2345; x_wconf 80' lang='grc' dir='ltr'>καὶ</span> <span class='ocrx_word' id='word_1_298' title='bbox 1597 2291 1761 2355; x_wconf 78' lang='grc' dir='ltr'>αὐτὸς</span> <span class='ocrx_word' id='word_1_299' title='bbox 1791 2294 1819 2344; x_wconf 91' lang='lat'>6</span> <span class='ocrx_word' id='word_1_300' title='bbox 1842 2291 2012 2344; x_wconf 83' lang='grc' dir='ltr'>Λέπι-</span> 
     </span>
    </p>
   </div>
   <div class='ocr_carea' id='block_1_42' title="bbox 436 2376 2009 2453">
    <p class='ocr_par' dir='ltr' id='par_1_42' title="bbox 436 2376 2009 2453">
     <span class='ocr_line' id='line_1_42' title="bbox 436 2376 2009 2453; baseline -0.006 -17"><span class='ocrx_word' id='word_1_301' title='bbox 436 2390 524 2447; x_wconf 78' lang='grc' dir='ltr'>ὀος</span> <span class='ocrx_word' id='word_1_302' title='bbox 569 2380 873 2453; x_wconf 86' lang='grc' dir='ltr'>προσῆλθεν</span> <span class='ocrx_word' id='word_1_303' title='bbox 902 2378 1071 2447; x_wconf 83' lang='grc' dir='ltr'>αὐτῷ.</span> <span class='ocrx_word' id='word_1_304' title='bbox 1108 2377 1243 2446; x_wconf 75' lang='grc' dir='ltr'>Περὶ</span> <span class='ocrx_word' id='word_1_305' title='bbox 1277 2379 1386 2429; x_wconf 86' lang='grc' dir='ltr'>τῶν</span> <span class='ocrx_word' id='word_1_306' title='bbox 1412 2376 1758 2446; x_wconf 82' lang='grc' dir='ltr'>στρατιωτῶν</span> <span class='ocrx_word' id='word_1_307' title='bbox 1787 2389 2009 2426; x_wconf 74' lang='grc' dir='ltr'>στασιαο</span> 
     </span>
    </p>
   </div>
   <div class='ocr_carea' id='block_1_43' title="bbox 438 2458 2014 2534">
    <p class='ocr_par' dir='ltr' id='par_1_43' title="bbox 438 2458 2014 2534">
     <span class='ocr_line' id='line_1_43' title="bbox 438 2458 2014 2534; baseline -0.01 -11"><span class='ocrx_word' id='word_1_308' title='bbox 438 2470 659 2534; x_wconf 75' lang='grc' dir='ltr'>ζόντων,</span> <span class='ocrx_word' id='word_1_309' title='bbox 689 2466 783 2518; x_wconf 79' lang='grc' dir='ltr'>καὶ</span> <span class='ocrx_word' id='word_1_310' title='bbox 816 2466 963 2526; x_wconf 80' lang='grc' dir='ltr'>ὅπως</span> <span class='ocrx_word' id='word_1_311' title='bbox 1002 2464 1195 2523; x_wconf 69' lang='grc' dir='ltr'>αὐτοῦ,</span> <span class='ocrx_word' id='word_1_312' title='bbox 1242 2461 1275 2512; x_wconf 88' lang='lat'>6</span> <span class='ocrx_word' id='word_1_313' title='bbox 1326 2461 1545 2532; x_wconf 83' lang='grc' dir='ltr'>Καῖσαρ</span> <span class='ocrx_word' id='word_1_314' title='bbox 1580 2460 1836 2529; x_wconf 79' lang='grc' dir='ltr'>μετῆλθε.</span> <span class='ocrx_word' id='word_1_315' title='bbox 1878 2458 2014 2524; x_wconf 82' lang='grc' dir='ltr'>Περὶ</span> 
     </span>
    </p>
   </div>
   <div class='ocr_carea' id='block_1_44' title="bbox 420 2539 1974 2615">
    <p class='ocr_par' dir='ltr' id='par_1_44' title="bbox 420 2539 1974 2615">
     <span class='ocr_line' id='line_1_44' title="bbox 420 2539 1974 2615; baseline -0.005 -11"><span class='ocrx_word' id='word_1_316' title='bbox 420 2550 658 2615; x_wconf 78' lang='grc' dir='ltr'>Σέξτου.</span> <span class='ocrx_word' id='word_1_317' title='bbox 698 2549 840 2602; x_wconf 87' lang='grc' dir='ltr'>Ὅσα</span> <span class='ocrx_word' id='word_1_318' title='bbox 871 2548 1071 2599; x_wconf 77' lang='grc' dir='ltr'>ἐνενόει</span> <span class='ocrx_word' id='word_1_319' title='bbox 1100 2546 1129 2597; x_wconf 93' lang='lat'>6</span> <span class='ocrx_word' id='word_1_320' title='bbox 1160 2544 1370 2609; x_wconf 82' lang='grc' dir='ltr'>Σέξτος.</span> <span class='ocrx_word' id='word_1_321' title='bbox 1415 2544 1720 2614; x_wconf 83' lang='grc' dir='ltr'>Ἀναίρεσις</span> <span class='ocrx_word' id='word_1_322' title='bbox 1752 2539 1974 2606; x_wconf 77' lang='grc' dir='ltr'>Σέξτου.</span> 
     </span>
    </p>
   </div>
   <div class='ocr_carea' id='block_1_45' title="bbox 508 2625 2013 2702">
    <p class='ocr_par' dir='ltr' id='par_1_45' title="bbox 508 2625 2013 2702">
     <span class='ocr_line' id='line_1_45' title="bbox 508 2625 2013 2702; baseline -0.007 -13"><span class='ocrx_word' id='word_1_323' title='bbox 508 2636 573 2691; x_wconf 89' lang='grc' dir='ltr'>Ν.</span> <span class='ocrx_word' id='word_1_324' title='bbox 606 2632 793 2688; x_wconf 82' lang='lat' dir='ltr'><strong>XXVI.</strong></span> <span class='ocrx_word' id='word_1_325' title='bbox 822 2632 966 2702; x_wconf 86' lang='grc' dir='ltr'>Νίκη</span> <span class='ocrx_word' id='word_1_326' title='bbox 996 2632 1138 2684; x_wconf 87' lang='grc' dir='ltr'>κατά</span> <span class='ocrx_word' id='word_1_327' title='bbox 1165 2629 1418 2699; x_wconf 85' lang='grc' dir='ltr'>Πάρθων.</span> <span class='ocrx_word' id='word_1_328' title='bbox 1452 2630 1587 2696; x_wconf 76' lang='grc' dir='ltr'>Περὶ</span> <span class='ocrx_word' id='word_1_329' title='bbox 1626 2625 1883 2696; x_wconf 84' lang='grc' dir='ltr'>Ὀρώδου,</span> <span class='ocrx_word' id='word_1_330' title='bbox 1916 2626 2013 2679; x_wconf 80' lang='grc' dir='ltr'>καὶ</span> 
     </span>
    </p>
   </div>
   <div class='ocr_carea' id='block_1_46' title="bbox 436 2708 2011 2788">
    <p class='ocr_par' dir='ltr' id='par_1_46' title="bbox 436 2708 2011 2788">
     <span class='ocr_line' id='line_1_46' title="bbox 436 2708 2011 2788; baseline -0.008 -15"><span class='ocrx_word' id='word_1_331' title='bbox 436 2724 583 2783; x_wconf 82' lang='grc' dir='ltr'>ὅπως</span> <span class='ocrx_word' id='word_1_332' title='bbox 615 2717 877 2788; x_wconf 77' lang='grc' dir='ltr'>ἀνῄρητο.</span> <span class='ocrx_word' id='word_1_333' title='bbox 925 2714 1064 2785; x_wconf 75' lang='grc' dir='ltr'>Περὶ</span> <span class='ocrx_word' id='word_1_334' title='bbox 1112 2715 1365 2784; x_wconf 85' lang='grc' dir='ltr'>Πάρθων,</span> <span class='ocrx_word' id='word_1_335' title='bbox 1404 2712 1502 2765; x_wconf 75' lang='grc' dir='ltr'>καὶ</span> <span class='ocrx_word' id='word_1_336' title='bbox 1528 2711 1751 2782; x_wconf 83' lang='grc' dir='ltr'>Μήδων,</span> <span class='ocrx_word' id='word_1_337' title='bbox 1774 2712 1871 2763; x_wconf 68' lang='grc' dir='ltr'>καὶ</span> <span class='ocrx_word' id='word_1_338' title='bbox 1915 2708 2011 2762; x_wconf 90' lang='grc' dir='ltr'>τοῦ</span> 
     </span>
    </p>
   </div>
   <div class='ocr_carea' id='block_1_47' title="bbox 451 2791 2010 2868">
    <p class='ocr_par' dir='ltr' id='par_1_47' title="bbox 451 2791 2010 2868">
     <span class='ocr_line' id='line_1_47' title="bbox 451 2791 2010 2868; baseline -0.009 -10"><span class='ocrx_word' id='word_1_339' title='bbox 451 2803 734 2858; x_wconf 77' lang='grc' dir='ltr'>Ἀντωνίου</span> <span class='ocrx_word' id='word_1_340' title='bbox 779 2799 1146 2868; x_wconf 74' lang='grc' dir='ltr'>πολεμοῦντος</span> <span class='ocrx_word' id='word_1_341' title='bbox 1193 2799 1403 2860; x_wconf 87' lang='grc' dir='ltr'>αὐτοῖς.</span> <span class='ocrx_word' id='word_1_342' title='bbox 1453 2791 1579 2849; x_wconf 79' lang='grc' dir='ltr'>Οἷον</span> <span class='ocrx_word' id='word_1_343' title='bbox 1608 2793 1675 2866; x_wconf 83' lang='grc' dir='ltr'>ήν</span> <span class='ocrx_word' id='word_1_344' title='bbox 1698 2795 1761 2847; x_wconf 86' lang='grc' dir='ltr'>τὸ</span> <span class='ocrx_word' id='word_1_345' title='bbox 1792 2793 1893 2862; x_wconf 88' lang='grc' dir='ltr'>τῆς</span> <span class='ocrx_word' id='word_1_346' title='bbox 1917 2810 2010 2863; x_wconf 84' lang='grc' dir='ltr'>χε-</span> 
     </span>
    </p>
   </div>
   <div class='ocr_carea' id='block_1_48' title="bbox 436 2878 2012 2957">
    <p class='ocr_par' dir='ltr' id='par_1_48' title="bbox 436 2878 2012 2957">
     <span class='ocr_line' id='line_1_48' title="bbox 436 2878 2012 2957; baseline -0.008 -16"><span class='ocrx_word' id='word_1_347' title='bbox 436 2891 612 2957; x_wconf 80' lang='grc' dir='ltr'>λὼνης</span> <span class='ocrx_word' id='word_1_348' title='bbox 663 2885 834 2938; x_wconf 74' lang='grc' dir='ltr'>πάλαι</span> <span class='ocrx_word' id='word_1_349' title='bbox 886 2882 1197 2951; x_wconf 82' lang='grc' dir='ltr'>σύνταγμα,</span> <span class='ocrx_word' id='word_1_350' title='bbox 1252 2882 1348 2935; x_wconf 76' lang='grc' dir='ltr'>καὶ</span> <span class='ocrx_word' id='word_1_351' title='bbox 1394 2880 1484 2934; x_wconf 78' lang='grc' dir='ltr'>ὅτε</span> <span class='ocrx_word' id='word_1_352' title='bbox 1530 2878 1706 2949; x_wconf 82' lang='grc' dir='ltr'>τούτῳ</span> <span class='ocrx_word' id='word_1_353' title='bbox 1747 2878 2012 2948; x_wconf 81' lang='grc' dir='ltr'>Ῥωμαῖοι</span> 
     </span>
    </p>
   </div>
   <div class='ocr_carea' id='block_1_49' title="bbox 437 2972 751 3042">
    <p class='ocr_par' dir='ltr' id='par_1_49' title="bbox 437 2972 751 3042">
     <span class='ocr_line' id='line_1_49' title="bbox 437 2972 751 3042; baseline -0.019 -17"><span class='ocrx_word' id='word_1_354' title='bbox 437 2972 751 3042; x_wconf 73' lang='grc' dir='ltr'>ἐκέχρηντο.</span> 
     </span>
    </p>
   </div>
   <div class='ocr_carea' id='block_1_50' title="bbox 422 3039 2011 3120">
    <p class='ocr_par' dir='ltr' id='par_1_50' title="bbox 422 3039 2011 3120">
     <span class='ocr_line' id='line_1_50' title="bbox 422 3039 2011 3120; baseline -0.008 -9"><span class='ocrx_word' id='word_1_355' title='bbox 422 3082 425 3085; x_wconf 93' lang='grc'><strong>·</strong></span> <span class='ocrx_word' id='word_1_356' title='bbox 505 3039 570 3111; x_wconf 73' lang='grc' dir='ltr'>Ν.</span> <span class='ocrx_word' id='word_1_357' title='bbox 606 3050 819 3108; x_wconf 87' lang='lat' dir='ltr'><strong>XXVII.</strong></span> <span class='ocrx_word' id='word_1_358' title='bbox 871 3048 1008 3120; x_wconf 69' lang='grc' dir='ltr'>Περὶ</span> <span class='ocrx_word' id='word_1_359' title='bbox 1027 3046 1120 3102; x_wconf 84' lang='grc' dir='ltr'>τοῦ</span> <span class='ocrx_word' id='word_1_360' title='bbox 1178 3046 1367 3110; x_wconf 81' lang='grc' dir='ltr'>ἐθνους</span> <span class='ocrx_word' id='word_1_361' title='bbox 1405 3045 1516 3101; x_wconf 85' lang='grc' dir='ltr'>τῶν</span> <span class='ocrx_word' id='word_1_362' title='bbox 1548 3045 1857 3100; x_wconf 79' lang='grc' dir='ltr'>Παννονίων</span> <span class='ocrx_word' id='word_1_363' title='bbox 1907 3039 2011 3099; x_wconf 73' lang='grc' dir='ltr'>οἶοί</span> 
     </span>
    </p>
   </div>
   <div class='ocr_carea' id='block_1_51' title="bbox 2118 1870 3694 1953">
    <p class='ocr_par' dir='ltr' id='par_1_51' title="bbox 2118 1870 3694 1953">
     <span class='ocr_line' id='line_1_51' title="bbox 2118 1870 3694 1953; baseline 0.006 -29"><span class='ocrx_word' id='word_1_364' title='bbox 2118 1870 2353 1948; x_wconf 81' lang='grc' dir='ltr'>θυγατρὶ</span> <span class='ocrx_word' id='word_1_365' title='bbox 2404 1883 2471 1952; x_wconf 79' lang='grc' dir='ltr'>τῇ</span> <span class='ocrx_word' id='word_1_366' title='bbox 2525 1880 2723 1952; x_wconf 60' lang='grc' dir='ltr'>Ἰουλία⁴</span> <span class='ocrx_word' id='word_1_367' title='bbox 2783 1883 3103 1952; x_wconf 80' lang='grc' dir='ltr'>συνῴκισεν.</span> <span class='ocrx_word' id='word_1_368' title='bbox 3152 1881 3295 1937; x_wconf 90' lang='grc' dir='ltr'>Ὅσα</span> <span class='ocrx_word' id='word_1_369' title='bbox 3333 1885 3362 1936; x_wconf 92' lang='lat'>6</span> <span class='ocrx_word' id='word_1_370' title='bbox 3426 1883 3694 1953; x_wconf 84' lang='grc' dir='ltr'>Καῖσαρό</span> 
     </span>
    </p>
   </div>
   <div class='ocr_carea' id='block_1_52' title="bbox 2118 1956 3694 2036">
    <p class='ocr_par' dir='ltr' id='par_1_52' title="bbox 2118 1956 3694 2036">
     <span class='ocr_line' id='line_1_52' title="bbox 2118 1956 3694 2036; baseline 0.004 -25"><span class='ocrx_word' id='word_1_371' title='bbox 2118 1956 2427 2028; x_wconf 75' lang='grc' dir='ltr'>Αὔγουστος</span> <span class='ocrx_word' id='word_1_372' title='bbox 2452 1965 2675 2035; x_wconf 89' lang='grc' dir='ltr'>ἐποίησε</span> <span class='ocrx_word' id='word_1_373' title='bbox 2691 1964 2966 2036; x_wconf 85' lang='grc' dir='ltr'>διαφόροις</span> <span class='ocrx_word' id='word_1_374' title='bbox 2983 1966 3182 2025; x_wconf 73' lang='grc' dir='ltr'>ἔθνεσι.</span> <span class='ocrx_word' id='word_1_375' title='bbox 3200 1967 3440 2030; x_wconf 82' lang='grc' dir='ltr'>Θάνατος</span> <span class='ocrx_word' id='word_1_376' title='bbox 3470 1968 3694 2036; x_wconf 77' lang='grc' dir='ltr'>’Δγρίπ-</span> 
     </span>
    </p>
   </div>
   <div class='ocr_carea' id='block_1_53' title="bbox 2118 2042 3693 2122">
    <p class='ocr_par' dir='ltr' id='par_1_53' title="bbox 2118 2042 3693 2122">
     <span class='ocr_line' id='line_1_53' title="bbox 2118 2042 3693 2122; baseline 0.006 -27"><span class='ocrx_word' id='word_1_377' title='bbox 2118 2058 2218 2096; x_wconf 84' lang='grc' dir='ltr'>πα.</span> <span class='ocrx_word' id='word_1_378' title='bbox 2270 2042 2396 2108; x_wconf 79' lang='grc' dir='ltr'>υἷος</span> <span class='ocrx_word' id='word_1_379' title='bbox 2437 2042 2505 2117; x_wconf 85' lang='grc' dir='ltr'>ἦν</span> <span class='ocrx_word' id='word_1_380' title='bbox 2547 2051 2574 2101; x_wconf 97' lang='lat'>6</span> <span class='ocrx_word' id='word_1_381' title='bbox 2617 2051 2950 2122; x_wconf 74' lang='grc' dir='ltr'>Ἀγρίππας.</span> <span class='ocrx_word' id='word_1_382' title='bbox 2999 2050 3187 2116; x_wconf 60' lang='lat' dir='ltr'>&quot;Om;</span> <span class='ocrx_word' id='word_1_383' title='bbox 3216 2053 3246 2106; x_wconf 94' lang='lat'>6</span> <span class='ocrx_word' id='word_1_384' title='bbox 3282 2053 3501 2122; x_wconf 84' lang='grc' dir='ltr'>Καῖσαρ</span> <span class='ocrx_word' id='word_1_385' title='bbox 3534 2051 3693 2122; x_wconf 80' lang='grc' dir='ltr'>ᾠκει-</span> 
     </span>
    </p>
   </div>
   <div class='ocr_carea' id='block_1_54' title="bbox 2119 2128 3234 2209">
    <p class='ocr_par' dir='ltr' id='par_1_54' title="bbox 2119 2128 3234 2209">
     <span class='ocr_line' id='line_1_54' title="bbox 2119 2128 3234 2209; baseline 0.012 -29"><span class='ocrx_word' id='word_1_386' title='bbox 2119 2128 2299 2182; x_wconf 89' lang='grc' dir='ltr'>ώσατο</span> <span class='ocrx_word' id='word_1_387' title='bbox 2327 2133 2419 2183; x_wconf 74' lang='grc' dir='ltr'>τὸν</span> <span class='ocrx_word' id='word_1_388' title='bbox 2451 2131 2719 2206; x_wconf 83' lang='grc' dir='ltr'>Τιϐέριον.</span> <span class='ocrx_word' id='word_1_389' title='bbox 2756 2136 2893 2206; x_wconf 77' lang='grc' dir='ltr'>Περὶ</span> <span class='ocrx_word' id='word_1_390' title='bbox 2923 2139 3234 2209; x_wconf 78' lang='grc' dir='ltr'>φάσματος.</span> 
     </span>
    </p>
   </div>
   <div class='ocr_carea' id='block_1_55' title="bbox 2188 2211 3520 2293">
    <p class='ocr_par' dir='ltr' id='par_1_55' title="bbox 2188 2211 3520 2293">
     <span class='ocr_line' id='line_1_55' title="bbox 2188 2211 3520 2293; baseline 0.007 -28"><span class='ocrx_word' id='word_1_391' title='bbox 2188 2211 2253 2266; x_wconf 88' lang='grc' dir='ltr'>Ν.</span> <span class='ocrx_word' id='word_1_392' title='bbox 2288 2213 2500 2271; x_wconf 88' lang='lat' dir='ltr'><strong>XXXV.</strong></span> <span class='ocrx_word' id='word_1_393' title='bbox 2544 2218 2676 2288; x_wconf 78' lang='grc' dir='ltr'>Περὶ</span> <span class='ocrx_word' id='word_1_394' title='bbox 2701 2214 2809 2273; x_wconf 82' lang='grc' dir='ltr'>τῶν</span> <span class='ocrx_word' id='word_1_395' title='bbox 2834 2221 3073 2288; x_wconf 77' lang='grc' dir='ltr'>ἐγγόνων</span> <span class='ocrx_word' id='word_1_396' title='bbox 3096 2221 3189 2275; x_wconf 89' lang='grc' dir='ltr'>τοῦ</span> <span class='ocrx_word' id='word_1_397' title='bbox 3218 2221 3520 2293; x_wconf 88' lang='grc' dir='ltr'>Καίσαρος.</span> 
     </span>
    </p>
   </div>
   <div class='ocr_carea' id='block_1_56' title="bbox 2188 2296 3691 2378">
    <p class='ocr_par' dir='ltr' id='par_1_56' title="bbox 2188 2296 3691 2378">
     <span class='ocr_line' id='line_1_56' title="bbox 2188 2296 3691 2378; baseline 0.002 -27"><span class='ocrx_word' id='word_1_398' title='bbox 2188 2296 2257 2351; x_wconf 91' lang='grc' dir='ltr'>Ν.</span> <span class='ocrx_word' id='word_1_399' title='bbox 2291 2299 2525 2354; x_wconf 76' lang='lat' dir='ltr'><strong>XXXVI.</strong></span> <span class='ocrx_word' id='word_1_400' title='bbox 2559 2302 2747 2366; x_wconf 88' lang='grc' dir='ltr'>Ὅπως</span> <span class='ocrx_word' id='word_1_401' title='bbox 2780 2305 2829 2356; x_wconf 85' lang='grc' dir='ltr'>οί</span> <span class='ocrx_word' id='word_1_402' title='bbox 2850 2304 2944 2357; x_wconf 89' lang='grc' dir='ltr'>τοῦ</span> <span class='ocrx_word' id='word_1_403' title='bbox 2999 2305 3278 2378; x_wconf 85' lang='grc' dir='ltr'>Καίσαρος</span> <span class='ocrx_word' id='word_1_404' title='bbox 3331 2303 3691 2375; x_wconf 74' lang='grc' dir='ltr'>ἐτελεύτησαν</span> 
     </span>
    </p>
   </div>
   <div class='ocr_carea' id='block_1_57' title="bbox 2120 2377 3690 2461">
    <p class='ocr_par' dir='ltr' id='par_1_57' title="bbox 2120 2377 3690 2461">
     <span class='ocr_line' id='line_1_57' title="bbox 2120 2377 3690 2461; baseline 0.004 -29"><span class='ocrx_word' id='word_1_405' title='bbox 2120 2377 2353 2447; x_wconf 68' lang='grc' dir='ltr'>ἔγγονοι.</span> <span class='ocrx_word' id='word_1_406' title='bbox 2403 2383 2629 2438; x_wconf 78' lang='grc' dir='ltr'>Ὀπόσαι</span> <span class='ocrx_word' id='word_1_407' title='bbox 2685 2385 2930 2457; x_wconf 78' lang='grc' dir='ltr'>δραχμαὶ</span> <span class='ocrx_word' id='word_1_408' title='bbox 2995 2377 3211 2442; x_wconf 87' lang='grc' dir='ltr'>ποιοῦσι</span> <span class='ocrx_word' id='word_1_409' title='bbox 3269 2389 3533 2461; x_wconf 88' lang='grc' dir='ltr'>νόμισμα.</span> <span class='ocrx_word' id='word_1_410' title='bbox 3571 2389 3690 2441; x_wconf 86' lang='grc' dir='ltr'>Ὅτι</span> 
     </span>
    </p>
   </div>
   <div class='ocr_carea' id='block_1_58' title="bbox 2119 2466 3691 2543">
    <p class='ocr_par' dir='ltr' id='par_1_58' title="bbox 2119 2466 3691 2543">
     <span class='ocr_line' id='line_1_58' title="bbox 2119 2466 3691 2543; baseline 0.006 -27"><span class='ocrx_word' id='word_1_411' title='bbox 2119 2466 2475 2537; x_wconf 78' lang='grc' dir='ltr'>υίοθετήσατο</span> <span class='ocrx_word' id='word_1_412' title='bbox 2507 2469 2597 2522; x_wconf 80' lang='grc' dir='ltr'>τὸν</span> <span class='ocrx_word' id='word_1_413' title='bbox 2624 2470 2873 2541; x_wconf 87' lang='grc' dir='ltr'>Τιϐέριον</span> <span class='ocrx_word' id='word_1_414' title='bbox 2898 2474 2926 2524; x_wconf 91' lang='lat'>6</span> <span class='ocrx_word' id='word_1_415' title='bbox 2960 2474 3200 2543; x_wconf 89' lang='grc' dir='ltr'>Καῖσαρ,</span> <span class='ocrx_word' id='word_1_416' title='bbox 3238 2474 3445 2527; x_wconf 75' lang='grc' dir='ltr'>καὶτὸν</span> <span class='ocrx_word' id='word_1_417' title='bbox 3473 2473 3691 2543; x_wconf 78' lang='grc' dir='ltr'>Γερμα-</span> 
     </span>
    </p>
   </div>
   <div class='ocr_carea' id='block_1_59' title="bbox 2119 2552 3689 2627">
    <p class='ocr_par' dir='ltr' id='par_1_59' title="bbox 2119 2552 3689 2627">
     <span class='ocr_line' id='line_1_59' title="bbox 2119 2552 3689 2627; baseline 0.006 -26"><span class='ocrx_word' id='word_1_418' title='bbox 2119 2556 2289 2606; x_wconf 87' lang='grc' dir='ltr'>νικόν.</span> <span class='ocrx_word' id='word_1_419' title='bbox 2317 2552 2457 2607; x_wconf 83' lang='grc' dir='ltr'>Ὅσα</span> <span class='ocrx_word' id='word_1_420' title='bbox 2494 2556 2527 2623; x_wconf 85' lang='grc' dir='ltr'>ἡ</span> <span class='ocrx_word' id='word_1_421' title='bbox 2566 2555 2727 2609; x_wconf 82' lang='grc' dir='ltr'>Λιϐία</span> <span class='ocrx_word' id='word_1_422' title='bbox 2758 2556 2888 2626; x_wconf 77' lang='grc' dir='ltr'>περὶ</span> <span class='ocrx_word' id='word_1_423' title='bbox 2934 2556 3045 2611; x_wconf 85' lang='grc' dir='ltr'>τῶν</span> <span class='ocrx_word' id='word_1_424' title='bbox 3079 2557 3590 2612; x_wconf 79' lang='grc' dir='ltr'>ἐπιϐουλευσάντων</span> <span class='ocrx_word' id='word_1_425' title='bbox 3614 2557 3689 2627; x_wconf 82' lang='grc' dir='ltr'>τῷ</span> 
     </span>
    </p>
   </div>
   <div class='ocr_carea' id='block_1_60' title="bbox 2119 2637 2883 2709">
    <p class='ocr_par' dir='ltr' id='par_1_60' title="bbox 2119 2637 2883 2709">
     <span class='ocr_line' id='line_1_60' title="bbox 2119 2637 2883 2709; baseline 0.005 -20"><span class='ocrx_word' id='word_1_426' title='bbox 2119 2637 2415 2709; x_wconf 78' lang='grc' dir='ltr'>Αὐγούστῳ</span> <span class='ocrx_word' id='word_1_427' title='bbox 2442 2640 2883 2693; x_wconf 77' lang='grc' dir='ltr'>συνεϐούλευσεν.</span> 
     </span>
    </p>
   </div>
   <div class='ocr_carea' id='block_1_61' title="bbox 2188 2720 3689 2794">
    <p class='ocr_par' dir='ltr' id='par_1_61' title="bbox 2188 2720 3689 2794">
     <span class='ocr_line' id='line_1_61' title="bbox 2188 2720 3689 2794; baseline -0.001 -17"><span class='ocrx_word' id='word_1_428' title='bbox 2188 2721 2251 2777; x_wconf 94' lang='grc' dir='ltr'>Ν.</span> <span class='ocrx_word' id='word_1_429' title='bbox 2285 2720 2547 2778; x_wconf 84' lang='lat' dir='ltr'><strong>XXXVII.</strong></span> <span class='ocrx_word' id='word_1_430' title='bbox 2583 2723 2705 2778; x_wconf 88' lang='grc' dir='ltr'>Ὅτι</span> <span class='ocrx_word' id='word_1_431' title='bbox 2737 2725 2765 2778; x_wconf 88' lang='lat'>6</span> <span class='ocrx_word' id='word_1_432' title='bbox 2806 2723 3054 2794; x_wconf 86' lang='grc' dir='ltr'>Τιϐέριος</span> <span class='ocrx_word' id='word_1_433' title='bbox 3094 2727 3240 2778; x_wconf 88' lang='grc' dir='ltr'>κατά</span> <span class='ocrx_word' id='word_1_434' title='bbox 3286 2726 3395 2779; x_wconf 85' lang='grc' dir='ltr'>τῶν</span> <span class='ocrx_word' id='word_1_435' title='bbox 3431 2726 3689 2779; x_wconf 86' lang='grc' dir='ltr'>Παννονι-</span> 
     </span>
    </p>
   </div>
   <div class='ocr_carea' id='block_1_62' title="bbox 2120 2805 3683 2881">
    <p class='ocr_par' dir='ltr' id='par_1_62' title="bbox 2120 2805 3683 2881">
     <span class='ocr_line' id='line_1_62' title="bbox 2120 2805 3683 2881; baseline 0.005 -24"><span class='ocrx_word' id='word_1_436' title='bbox 2120 2805 2232 2858; x_wconf 84' lang='grc' dir='ltr'>κῶν</span> <span class='ocrx_word' id='word_1_437' title='bbox 2264 2808 2464 2878; x_wconf 76' lang='grc' dir='ltr'>ἐστάλη</span> <span class='ocrx_word' id='word_1_438' title='bbox 2486 2808 2675 2863; x_wconf 86' lang='grc' dir='ltr'>ἐθνῶν.</span> <span class='ocrx_word' id='word_1_439' title='bbox 2725 2808 2849 2862; x_wconf 89' lang='grc' dir='ltr'>Ὅτι</span> <span class='ocrx_word' id='word_1_440' title='bbox 2880 2809 3143 2879; x_wconf 86' lang='grc' dir='ltr'>ἐνίκησαν</span> <span class='ocrx_word' id='word_1_441' title='bbox 3195 2812 3245 2864; x_wconf 89' lang='grc' dir='ltr'>οί</span> <span class='ocrx_word' id='word_1_442' title='bbox 3297 2811 3560 2881; x_wconf 85' lang='grc' dir='ltr'>Ῥωμαῖοι</span> <span class='ocrx_word' id='word_1_443' title='bbox 3589 2811 3683 2865; x_wconf 77' lang='grc' dir='ltr'>καὶ</span> 
     </span>
    </p>
   </div>
   <div class='ocr_carea' id='block_1_63' title="bbox 2115 2889 3683 2965">
    <p class='ocr_par' dir='ltr' id='par_1_63' title="bbox 2115 2889 3683 2965">
     <span class='ocr_line' id='line_1_63' title="bbox 2115 2889 3683 2965; baseline 0.004 -24"><span class='ocrx_word' id='word_1_444' title='bbox 2115 2890 2244 2953; x_wconf 83' lang='grc' dir='ltr'>τοὺς</span> <span class='ocrx_word' id='word_1_445' title='bbox 2278 2889 2595 2954; x_wconf 89' lang='grc' dir='ltr'>Παννονίους</span> <span class='ocrx_word' id='word_1_446' title='bbox 2652 2891 2747 2945; x_wconf 76' lang='grc' dir='ltr'>καὶ</span> <span class='ocrx_word' id='word_1_447' title='bbox 2799 2894 2927 2955; x_wconf 71' lang='grc' dir='ltr'>τοὺς</span> <span class='ocrx_word' id='word_1_448' title='bbox 2980 2894 3293 2963; x_wconf 83' lang='grc' dir='ltr'>Δαλμάτας.</span> <span class='ocrx_word' id='word_1_449' title='bbox 3346 2895 3487 2948; x_wconf 88' lang='grc' dir='ltr'>Ὅσα</span> <span class='ocrx_word' id='word_1_450' title='bbox 3517 2898 3576 2948; x_wconf 86' lang='grc' dir='ltr'>ἐν</span> <span class='ocrx_word' id='word_1_451' title='bbox 3618 2899 3683 2965; x_wconf 82' lang='grc' dir='ltr'>τῇ</span> 
     </span>
    </p>
   </div>
   <div class='ocr_carea' id='block_1_64' title="bbox 2118 2974 3684 3050">
    <p class='ocr_par' dir='ltr' id='par_1_64' title="bbox 2118 2974 3684 3050">
     <span class='ocr_line' id='line_1_64' title="bbox 2118 2974 3684 3050; baseline 0.003 -24"><span class='ocrx_word' id='word_1_452' title='bbox 2118 2974 2357 3046; x_wconf 78' lang='grc' dir='ltr'>Κελτικῇ</span> <span class='ocrx_word' id='word_1_453' title='bbox 2399 2976 2447 3028; x_wconf 87' lang='grc' dir='ltr'>οί</span> <span class='ocrx_word' id='word_1_454' title='bbox 2489 2974 2745 3046; x_wconf 86' lang='grc' dir='ltr'>Ῥωμαῖοι</span> <span class='ocrx_word' id='word_1_455' title='bbox 2769 2975 2997 3045; x_wconf 78' lang='grc' dir='ltr'>ἔπαθον,</span> <span class='ocrx_word' id='word_1_456' title='bbox 3032 2979 3141 3032; x_wconf 83' lang='grc' dir='ltr'>τῶν</span> <span class='ocrx_word' id='word_1_457' title='bbox 3173 2978 3469 3050; x_wconf 88' lang='grc' dir='ltr'>βαρϐάρων</span> <span class='ocrx_word' id='word_1_458' title='bbox 3499 2979 3684 3033; x_wconf 83' lang='grc' dir='ltr'>ἐπιθε-</span> 
     </span>
    </p>
   </div>
   <div class='ocr_carea' id='block_1_65' title="bbox 2120 3057 2527 3127">
    <p class='ocr_par' dir='ltr' id='par_1_65' title="bbox 2120 3057 2527 3127">
     <span class='ocr_line' id='line_1_65' title="bbox 2120 3057 2527 3127; baseline 0.005 -18"><span class='ocrx_word' id='word_1_459' title='bbox 2120 3058 2299 3127; x_wconf 84' lang='grc' dir='ltr'>μένων</span> <span class='ocrx_word' id='word_1_460' title='bbox 2324 3057 2527 3122; x_wconf 82' lang='grc' dir='ltr'>αὐτοῖς.</span> 
     </span>
    </p>
   </div>
   <div class='ocr_carea' id='block_1_66' title="bbox 436 3130 3685 3212">
    <p class='ocr_par' dir='ltr' id='par_1_66' title="bbox 436 3130 3685 3212">
     <span class='ocr_line' id='line_1_66' title="bbox 436 3130 3685 3212; baseline -0.002 -19"><span class='ocrx_word' id='word_1_461' title='bbox 436 3142 564 3204; x_wconf 76' lang='grc' dir='ltr'>εισι,</span> <span class='ocrx_word' id='word_1_462' title='bbox 596 3139 691 3190; x_wconf 80' lang='grc' dir='ltr'>καὶ</span> <span class='ocrx_word' id='word_1_463' title='bbox 714 3137 847 3190; x_wconf 78' lang='grc' dir='ltr'>ὅπου</span> <span class='ocrx_word' id='word_1_464' title='bbox 872 3134 1136 3187; x_wconf 85' lang='grc' dir='ltr'>οἰκοῦσιν.</span> <span class='ocrx_word' id='word_1_465' title='bbox 1173 3130 1299 3184; x_wconf 91' lang='grc' dir='ltr'>Ὅτι</span> <span class='ocrx_word' id='word_1_466' title='bbox 1318 3131 1455 3200; x_wconf 83' lang='grc' dir='ltr'>δόλῳ</span> <span class='ocrx_word' id='word_1_467' title='bbox 1485 3130 1713 3200; x_wconf 82' lang='grc' dir='ltr'>συνέσχε</span> <span class='ocrx_word' id='word_1_468' title='bbox 1745 3132 1838 3184; x_wconf 86' lang='grc' dir='ltr'>τὸν</span> <span class='ocrx_word' id='word_1_469' title='bbox 1880 3132 2004 3203; x_wconf 81' lang='grc' dir='ltr'>’Δρ-</span> <span class='ocrx_word' id='word_1_470' title='bbox 2033 3146 2079 3207; x_wconf 73' lang='grc' dir='ltr'>α</span> <span class='ocrx_word' id='word_1_471' title='bbox 2179 3139 2247 3195; x_wconf 83' lang='grc' dir='ltr'>Ν,</span> <span class='ocrx_word' id='word_1_472' title='bbox 2268 3138 2557 3196; x_wconf 69' lang='lat' dir='ltr'><strong>XXXVIII,</strong></span> <span class='ocrx_word' id='word_1_473' title='bbox 2586 3142 2724 3212; x_wconf 73' lang='grc' dir='ltr'>Περὶ</span> <span class='ocrx_word' id='word_1_474' title='bbox 2751 3140 2844 3196; x_wconf 81' lang='grc' dir='ltr'>τοῦ</span> <span class='ocrx_word' id='word_1_475' title='bbox 2874 3142 3061 3206; x_wconf 81' lang='grc' dir='ltr'>τέλους</span> <span class='ocrx_word' id='word_1_476' title='bbox 3083 3143 3176 3196; x_wconf 77' lang='grc' dir='ltr'>τοῦ</span> <span class='ocrx_word' id='word_1_477' title='bbox 3207 3143 3524 3212; x_wconf 70' lang='grc' dir='ltr'>Αὐγούστου</span> <span class='ocrx_word' id='word_1_478' title='bbox 3553 3144 3685 3198; x_wconf 73' lang='grc' dir='ltr'>καί.</span> 
     </span>
    </p>
   </div>
   <div class='ocr_carea' id='block_1_67' title="bbox 439 3214 2009 3293">
    <p class='ocr_par' dir='ltr' id='par_1_67' title="bbox 439 3214 2009 3293">
     <span class='ocr_line' id='line_1_67' title="bbox 439 3214 2009 3293; baseline -0.004 -19"><span class='ocrx_word' id='word_1_479' title='bbox 439 3222 621 3293; x_wconf 83' lang='grc' dir='ltr'>μένιον</span> <span class='ocrx_word' id='word_1_480' title='bbox 647 3222 674 3273; x_wconf 97' lang='lat'>6</span> <span class='ocrx_word' id='word_1_481' title='bbox 707 3217 1011 3279; x_wconf 69' lang='grc' dir='ltr'>Ἀντώνιος.</span> <span class='ocrx_word' id='word_1_482' title='bbox 1047 3215 1170 3268; x_wconf 89' lang='grc' dir='ltr'>Ὅτι</span> <span class='ocrx_word' id='word_1_483' title='bbox 1204 3220 1300 3267; x_wconf 76' lang='grc' dir='ltr'>καὶ</span> <span class='ocrx_word' id='word_1_484' title='bbox 1330 3215 1421 3268; x_wconf 82' lang='grc' dir='ltr'>τὸν</span> <span class='ocrx_word' id='word_1_485' title='bbox 1454 3215 1738 3284; x_wconf 75' lang='grc' dir='ltr'>Ἀρμένιον</span> <span class='ocrx_word' id='word_1_486' title='bbox 1771 3214 2009 3278; x_wconf 77' lang='grc' dir='ltr'>καὶτοὺς</span> 
     </span>
    </p>
   </div>
   <div class='ocr_carea' id='block_1_68' title="bbox 436 3296 2011 3374">
    <p class='ocr_par' dir='ltr' id='par_1_68' title="bbox 436 3296 2011 3374">
     <span class='ocr_line' id='line_1_68' title="bbox 436 3296 2011 3374; baseline -0.006 -15"><span class='ocrx_word' id='word_1_487' title='bbox 436 3305 600 3359; x_wconf 87' lang='grc' dir='ltr'>αὐτοῦ</span> <span class='ocrx_word' id='word_1_488' title='bbox 622 3305 690 3374; x_wconf 82' lang='grc' dir='ltr'>τῇ</span> <span class='ocrx_word' id='word_1_489' title='bbox 718 3300 1046 3371; x_wconf 62' lang='grc' dir='ltr'>Κλεοπάτρᾳ.</span> <span class='ocrx_word' id='word_1_490' title='bbox 1070 3299 1099 3351; x_wconf 91' lang='lat'>6</span> <span class='ocrx_word' id='word_1_491' title='bbox 1146 3296 1429 3360; x_wconf 81' lang='grc' dir='ltr'>’Δντώνιος</span> <span class='ocrx_word' id='word_1_492' title='bbox 1457 3299 1774 3368; x_wconf 85' lang='grc' dir='ltr'>ἐχαρίσατο,</span> <span class='ocrx_word' id='word_1_493' title='bbox 1817 3300 1910 3351; x_wconf 78' lang='grc' dir='ltr'>καὶ</span> <span class='ocrx_word' id='word_1_494' title='bbox 1930 3299 2011 3350; x_wconf 78' lang='grc' dir='ltr'>ὅτι</span> 
     </span>
    </p>
   </div>
   <div class='ocr_carea' id='block_1_69' title="bbox 437 3382 2011 3458">
    <p class='ocr_par' dir='ltr' id='par_1_69' title="bbox 437 3382 2011 3458">
     <span class='ocr_line' id='line_1_69' title="bbox 437 3382 2011 3458; baseline -0.004 -15"><span class='ocrx_word' id='word_1_495' title='bbox 437 3389 793 3443; x_wconf 82' lang='grc' dir='ltr'>ἀταπείνωτοι</span> <span class='ocrx_word' id='word_1_496' title='bbox 847 3388 985 3458; x_wconf 67' lang='grc' dir='ltr'>πρὸς</span> <span class='ocrx_word' id='word_1_497' title='bbox 1024 3384 1192 3453; x_wconf 82' lang='grc' dir='ltr'>αὐτὴν</span> <span class='ocrx_word' id='word_1_498' title='bbox 1229 3384 1431 3436; x_wconf 78' lang='grc' dir='ltr'>ἐκεῖνοι</span> <span class='ocrx_word' id='word_1_499' title='bbox 1470 3384 1714 3452; x_wconf 76' lang='grc' dir='ltr'>ἔμειναν.</span> <span class='ocrx_word' id='word_1_500' title='bbox 1749 3383 1872 3435; x_wconf 90' lang='grc' dir='ltr'>Ὅτι</span> <span class='ocrx_word' id='word_1_501' title='bbox 1913 3382 2011 3453; x_wconf 85' lang='grc' dir='ltr'>τὴν</span> 
     </span>
    </p>
   </div>
   <div class='ocr_carea' id='block_1_70' title="bbox 441 3466 2011 3544">
    <p class='ocr_par' dir='ltr' id='par_1_70' title="bbox 441 3466 2011 3544">
     <span class='ocr_line' id='line_1_70' title="bbox 441 3466 2011 3544; baseline -0.003 -19"><span class='ocrx_word' id='word_1_502' title='bbox 441 3475 541 3544; x_wconf 76' lang='grc' dir='ltr'>μὲν</span> <span class='ocrx_word' id='word_1_503' title='bbox 577 3472 953 3542; x_wconf 82' lang='grc' dir='ltr'>δημοκρατίαν</span> <span class='ocrx_word' id='word_1_504' title='bbox 1016 3468 1067 3520; x_wconf 82' lang='grc' dir='ltr'>οι</span> <span class='ocrx_word' id='word_1_505' title='bbox 1101 3466 1362 3538; x_wconf 82' lang='grc' dir='ltr'>Ῥωμαῖοι</span> <span class='ocrx_word' id='word_1_506' title='bbox 1393 3467 1707 3529; x_wconf 80' lang='grc' dir='ltr'>ἀπώλεσαν,</span> <span class='ocrx_word' id='word_1_507' title='bbox 1768 3468 1923 3519; x_wconf 84' lang='grc' dir='ltr'>ούπω</span> <span class='ocrx_word' id='word_1_508' title='bbox 1953 3468 2011 3520; x_wconf 77' lang='grc' dir='ltr'>δὲ</span> 
     </span>
    </p>
   </div>
   <div class='ocr_carea' id='block_1_71' title="bbox 437 3551 2012 3627">
    <p class='ocr_par' dir='ltr' id='par_1_71' title="bbox 437 3551 2012 3627">
     <span class='ocr_line' id='line_1_71' title="bbox 437 3551 2012 3627; baseline -0.003 -17"><span class='ocrx_word' id='word_1_509' title='bbox 437 3564 493 3622; x_wconf 79' lang='grc' dir='ltr'>ἐς</span> <span class='ocrx_word' id='word_1_510' title='bbox 519 3558 764 3627; x_wconf 73' lang='grc' dir='ltr'>φανερὰν</span> <span class='ocrx_word' id='word_1_511' title='bbox 819 3552 1192 3624; x_wconf 79' lang='grc' dir='ltr'>περιέστησαν</span> <span class='ocrx_word' id='word_1_512' title='bbox 1245 3553 1566 3621; x_wconf 83' lang='grc' dir='ltr'>μοναρχίαν.</span> <span class='ocrx_word' id='word_1_513' title='bbox 1615 3553 1795 3605; x_wconf 82' lang='grc' dir='ltr'>Αίτίαι</span> <span class='ocrx_word' id='word_1_514' title='bbox 1841 3552 1909 3605; x_wconf 86' lang='grc' dir='ltr'>δι’</span> <span class='ocrx_word' id='word_1_515' title='bbox 1944 3551 2012 3617; x_wconf 77' lang='grc' dir='ltr'>ἀς</span> 
     </span>
    </p>
   </div>
   <div class='ocr_carea' id='block_1_72' title="bbox 432 3634 2009 3710">
    <p class='ocr_par' dir='ltr' id='par_1_72' title="bbox 432 3634 2009 3710">
     <span class='ocr_line' id='line_1_72' title="bbox 432 3634 2009 3710; baseline -0.002 -16"><span class='ocrx_word' id='word_1_516' title='bbox 432 3645 463 3695; x_wconf 92' lang='lat'>6</span> <span class='ocrx_word' id='word_1_517' title='bbox 490 3643 703 3710; x_wconf 83' lang='grc' dir='ltr'>Καῖσαρ</span> <span class='ocrx_word' id='word_1_518' title='bbox 731 3639 827 3691; x_wconf 82' lang='grc' dir='ltr'>καὶ</span> <span class='ocrx_word' id='word_1_519' title='bbox 856 3639 885 3690; x_wconf 89' lang='lat'>6</span> <span class='ocrx_word' id='word_1_520' title='bbox 925 3635 1207 3698; x_wconf 79' lang='grc' dir='ltr'>Ἀντώνιος</span> <span class='ocrx_word' id='word_1_521' title='bbox 1240 3635 1429 3706; x_wconf 79' lang='grc' dir='ltr'>ἐχθροὶ</span> <span class='ocrx_word' id='word_1_522' title='bbox 1459 3636 1709 3705; x_wconf 82' lang='grc' dir='ltr'>ἀλλήλων</span> <span class='ocrx_word' id='word_1_523' title='bbox 1737 3634 2009 3703; x_wconf 80' lang='grc' dir='ltr'>ἐγένοντο.</span> 
     </span>
    </p>
   </div>
   <div class='ocr_carea' id='block_1_73' title="bbox 438 3719 2007 3792">
    <p class='ocr_par' dir='ltr' id='par_1_73' title="bbox 438 3719 2007 3792">
     <span class='ocr_line' id='line_1_73' title="bbox 438 3719 2007 3792; baseline -0.003 -15"><span class='ocrx_word' id='word_1_524' title='bbox 438 3725 627 3785; x_wconf 87' lang='grc' dir='ltr'>Ὅπως</span> <span class='ocrx_word' id='word_1_525' title='bbox 660 3724 692 3792; x_wconf 90' lang='grc' dir='ltr'>ή</span> <span class='ocrx_word' id='word_1_526' title='bbox 722 3722 1053 3790; x_wconf 77' lang='grc' dir='ltr'>Κλεοπάτρα</span> <span class='ocrx_word' id='word_1_527' title='bbox 1096 3719 1190 3772; x_wconf 79' lang='grc' dir='ltr'>τὸν</span> <span class='ocrx_word' id='word_1_528' title='bbox 1255 3720 1541 3773; x_wconf 80' lang='grc' dir='ltr'>Ἀντώνιον</span> <span class='ocrx_word' id='word_1_529' title='bbox 1578 3719 1937 3784; x_wconf 80' lang='grc' dir='ltr'>ἐδουλώσατο,</span> <span class='ocrx_word' id='word_1_530' title='bbox 1972 3722 2007 3792; x_wconf 80' lang='grc' dir='ltr'><strong>ἢ</strong></span> 
     </span>
    </p>
   </div>
   <div class='ocr_carea' id='block_1_74' title="bbox 436 3802 2011 3876">
    <p class='ocr_par' dir='ltr' id='par_1_74' title="bbox 436 3802 2011 3876">
     <span class='ocr_line' id='line_1_74' title="bbox 436 3802 2011 3876; baseline -0.003 -15"><span class='ocrx_word' id='word_1_531' title='bbox 436 3813 503 3861; x_wconf 85' lang='grc' dir='ltr'>ἐκ</span> <span class='ocrx_word' id='word_1_532' title='bbox 525 3805 811 3876; x_wconf 85' lang='grc' dir='ltr'>γοητειῶν,</span> <span class='ocrx_word' id='word_1_533' title='bbox 838 3804 873 3874; x_wconf 82' lang='grc' dir='ltr'>ἢ</span> <span class='ocrx_word' id='word_1_534' title='bbox 921 3805 980 3868; x_wconf 78' lang='grc' dir='ltr'>ἐξ</span> <span class='ocrx_word' id='word_1_535' title='bbox 1005 3805 1228 3872; x_wconf 77' lang='grc' dir='ltr'>ἐρωτος.</span> <span class='ocrx_word' id='word_1_536' title='bbox 1259 3802 1385 3855; x_wconf 88' lang='grc' dir='ltr'>Ὅτι</span> <span class='ocrx_word' id='word_1_537' title='bbox 1427 3805 1786 3873; x_wconf 76' lang='grc' dir='ltr'>ἡτοιμάζοντο</span> <span class='ocrx_word' id='word_1_538' title='bbox 1811 3808 1891 3868; x_wconf 79' lang='grc' dir='ltr'>εἰς</span> <span class='ocrx_word' id='word_1_539' title='bbox 1918 3806 2011 3857; x_wconf 78' lang='grc' dir='ltr'>τὸν</span> 
     </span>
    </p>
   </div>
   <div class='ocr_carea' id='block_1_75' title="bbox 437 3886 2011 3960">
    <p class='ocr_par' dir='ltr' id='par_1_75' title="bbox 437 3886 2011 3960">
     <span class='ocr_line' id='line_1_75' title="bbox 437 3886 2011 3960; baseline -0.004 -15"><span class='ocrx_word' id='word_1_540' title='bbox 437 3891 557 3945; x_wconf 82' lang='grc' dir='ltr'>κατ’</span> <span class='ocrx_word' id='word_1_541' title='bbox 577 3891 826 3960; x_wconf 73' lang='grc' dir='ltr'>ἀλλήλων</span> <span class='ocrx_word' id='word_1_542' title='bbox 851 3887 1088 3956; x_wconf 78' lang='grc' dir='ltr'>πόλεμον</span> <span class='ocrx_word' id='word_1_543' title='bbox 1109 3888 1136 3938; x_wconf 88' lang='lat'>6</span> <span class='ocrx_word' id='word_1_544' title='bbox 1166 3886 1386 3956; x_wconf 73' lang='grc' dir='ltr'>Καῖσαρ</span> <span class='ocrx_word' id='word_1_545' title='bbox 1410 3889 1546 3940; x_wconf 80' lang='grc' dir='ltr'>καὶὸ</span> <span class='ocrx_word' id='word_1_546' title='bbox 1583 3886 1889 3952; x_wconf 84' lang='grc' dir='ltr'>Ἀντώνιος,</span> <span class='ocrx_word' id='word_1_547' title='bbox 1916 3889 2011 3940; x_wconf 76' lang='grc' dir='ltr'>καὶ</span> 
     </span>
    </p>
   </div>
   <div class='ocr_carea' id='block_1_76' title="bbox 439 3968 1378 4045">
    <p class='ocr_par' dir='ltr' id='par_1_76' title="bbox 439 3968 1378 4045">
     <span class='ocr_line' id='line_1_76' title="bbox 439 3968 1378 4045; baseline -0.005 -17"><span class='ocrx_word' id='word_1_548' title='bbox 439 3976 566 4045; x_wconf 75' lang='grc' dir='ltr'>περὶ</span> <span class='ocrx_word' id='word_1_549' title='bbox 592 3973 836 4042; x_wconf 81' lang='grc' dir='ltr'>σημείων</span> <span class='ocrx_word' id='word_1_550' title='bbox 862 3970 985 4022; x_wconf 84' lang='grc' dir='ltr'>τότε</span> <span class='ocrx_word' id='word_1_551' title='bbox 1026 3968 1378 4040; x_wconf 82' lang='grc' dir='ltr'>συμϐάντων.</span> 
     </span>
    </p>
   </div>
   <div class='ocr_carea' id='block_1_77' title="bbox 504 4052 2006 4126">
    <p class='ocr_par' dir='ltr' id='par_1_77' title="bbox 504 4052 2006 4126">
     <span class='ocr_line' id='line_1_77' title="bbox 504 4052 2006 4126; baseline -0.004 -12"><span class='ocrx_word' id='word_1_552' title='bbox 504 4060 571 4114; x_wconf 90' lang='grc' dir='ltr'>Ν.</span> <span class='ocrx_word' id='word_1_553' title='bbox 599 4056 792 4112; x_wconf 77' lang='lat' dir='ltr'><strong>XXIX.</strong></span> <span class='ocrx_word' id='word_1_554' title='bbox 823 4058 958 4123; x_wconf 77' lang='grc' dir='ltr'>Περὶ</span> <span class='ocrx_word' id='word_1_555' title='bbox 986 4055 1081 4107; x_wconf 89' lang='grc' dir='ltr'>τοῦ</span> <span class='ocrx_word' id='word_1_556' title='bbox 1136 4052 1473 4123; x_wconf 79' lang='grc' dir='ltr'>καλουμένου</span> <span class='ocrx_word' id='word_1_557' title='bbox 1507 4053 1740 4118; x_wconf 86' lang='grc' dir='ltr'>Γλυκέος</span> <span class='ocrx_word' id='word_1_558' title='bbox 1765 4053 2006 4126; x_wconf 77' lang='grc' dir='ltr'>λιμένος.</span> 
     </span>
    </p>
   </div>
   <div class='ocr_carea' id='block_1_78' title="bbox 435 4137 2009 4208">
    <p class='ocr_par' dir='ltr' id='par_1_78' title="bbox 435 4137 2009 4208">
     <span class='ocr_line' id='line_1_78' title="bbox 435 4137 2009 4208; baseline -0.003 -11"><span class='ocrx_word' id='word_1_559' title='bbox 435 4143 754 4205; x_wconf 72' lang='grc' dir='ltr'>Συνέλενσις</span> <span class='ocrx_word' id='word_1_560' title='bbox 786 4139 1073 4195; x_wconf 73' lang='grc' dir='ltr'>Ἀντωνίου</span> <span class='ocrx_word' id='word_1_561' title='bbox 1110 4138 1206 4192; x_wconf 75' lang='grc' dir='ltr'>καὶ</span> <span class='ocrx_word' id='word_1_562' title='bbox 1241 4137 1540 4207; x_wconf 87' lang='grc' dir='ltr'>Καίσαρος.</span> <span class='ocrx_word' id='word_1_563' title='bbox 1572 4137 1874 4208; x_wconf 81' lang='grc' dir='ltr'>Ναυμοιχία</span> <span class='ocrx_word' id='word_1_564' title='bbox 1913 4138 2009 4192; x_wconf 77' lang='grc' dir='ltr'>καὶ</span> 
     </span>
    </p>
   </div>
   <div class='ocr_carea' id='block_1_79' title="bbox 436 4220 2009 4299">
    <p class='ocr_par' dir='ltr' id='par_1_79' title="bbox 436 4220 2009 4299">
     <span class='ocr_line' id='line_1_79' title="bbox 436 4220 2009 4299; baseline -0.003 -20"><span class='ocrx_word' id='word_1_565' title='bbox 436 4231 559 4299; x_wconf 85' lang='grc' dir='ltr'>νίκη</span> <span class='ocrx_word' id='word_1_566' title='bbox 589 4227 699 4281; x_wconf 83' lang='grc' dir='ltr'>τῶν</span> <span class='ocrx_word' id='word_1_567' title='bbox 742 4224 834 4278; x_wconf 84' lang='grc' dir='ltr'>τοῦ</span> <span class='ocrx_word' id='word_1_568' title='bbox 867 4223 1169 4293; x_wconf 87' lang='grc' dir='ltr'>Καίσαρος.</span> <span class='ocrx_word' id='word_1_569' title='bbox 1199 4220 1324 4274; x_wconf 89' lang='grc' dir='ltr'>Ὅτι</span> <span class='ocrx_word' id='word_1_570' title='bbox 1368 4223 1402 4292; x_wconf 86' lang='grc' dir='ltr'>ή</span> <span class='ocrx_word' id='word_1_571' title='bbox 1438 4222 1767 4290; x_wconf 79' lang='grc' dir='ltr'>Κλεοπάτρα</span> <span class='ocrx_word' id='word_1_572' title='bbox 1795 4223 2009 4291; x_wconf 82' lang='grc' dir='ltr'>ἀπᾶραι</span> 
     </span>
    </p>
   </div>
   <div class='ocr_carea' id='block_1_80' title="bbox 433 4304 2007 4381">
    <p class='ocr_par' dir='ltr' id='par_1_80' title="bbox 433 4304 2007 4381">
     <span class='ocr_line' id='line_1_80' title="bbox 433 4304 2007 4381; baseline -0.004 -16"><span class='ocrx_word' id='word_1_573' title='bbox 433 4316 515 4377; x_wconf 84' lang='grc' dir='ltr'>εἰς</span> <span class='ocrx_word' id='word_1_574' title='bbox 546 4313 824 4381; x_wconf 76' lang='grc' dir='ltr'>Αἴγυπτον</span> <span class='ocrx_word' id='word_1_575' title='bbox 853 4306 1239 4361; x_wconf 83' lang='grc' dir='ltr'>συνεϐούλευσε</span> <span class='ocrx_word' id='word_1_576' title='bbox 1267 4304 1349 4377; x_wconf 81' lang='grc' dir='ltr'>τῷ</span> <span class='ocrx_word' id='word_1_577' title='bbox 1383 4305 1674 4376; x_wconf 83' lang='grc' dir='ltr'>Ἀντωνίῳ.</span> <span class='ocrx_word' id='word_1_578' title='bbox 1704 4304 2007 4377; x_wconf 87' lang='grc' dir='ltr'>Ναυμαχία</span> 
     </span>
    </p>
   </div>
   <div class='ocr_carea' id='block_1_81' title="bbox 432 4388 2007 4462">
    <p class='ocr_par' dir='ltr' id='par_1_81' title="bbox 432 4388 2007 4462">
     <span class='ocr_line' id='line_1_81' title="bbox 432 4388 2007 4462; baseline -0.004 -14"><span class='ocrx_word' id='word_1_579' title='bbox 432 4398 541 4451; x_wconf 83' lang='grc' dir='ltr'>τῶν</span> <span class='ocrx_word' id='word_1_580' title='bbox 579 4395 671 4450; x_wconf 85' lang='grc' dir='ltr'>τοῦ</span> <span class='ocrx_word' id='word_1_581' title='bbox 699 4392 1129 4462; x_wconf 51' lang='grc' dir='ltr'>Καίσαροςμιαὶ</span> <span class='ocrx_word' id='word_1_582' title='bbox 1155 4389 1266 4442; x_wconf 81' lang='grc' dir='ltr'>τῶν</span> <span class='ocrx_word' id='word_1_583' title='bbox 1292 4388 1386 4442; x_wconf 88' lang='grc' dir='ltr'>τοῦ</span> <span class='ocrx_word' id='word_1_584' title='bbox 1432 4390 1743 4453; x_wconf 73' lang='grc' dir='ltr'>Ἀντωνίου,</span> <span class='ocrx_word' id='word_1_585' title='bbox 1782 4393 1878 4443; x_wconf 82' lang='grc' dir='ltr'>καὶ</span> <span class='ocrx_word' id='word_1_586' title='bbox 1906 4392 2007 4460; x_wconf 79' lang='grc' dir='ltr'>τῆς</span> 
     </span>
    </p>
   </div>
   <div class='ocr_carea' id='block_1_82' title="bbox 436 4474 2005 4549">
    <p class='ocr_par' dir='ltr' id='par_1_82' title="bbox 436 4474 2005 4549">
     <span class='ocr_line' id='line_1_82' title="bbox 436 4474 2005 4549; baseline -0.003 -16"><span class='ocrx_word' id='word_1_587' title='bbox 436 4481 795 4549; x_wconf 84' lang='grc' dir='ltr'>Κλεοπάτρας</span> <span class='ocrx_word' id='word_1_588' title='bbox 841 4475 1099 4539; x_wconf 68' lang='grc' dir='ltr'>ἔκπλους,</span> <span class='ocrx_word' id='word_1_589' title='bbox 1137 4474 1233 4527; x_wconf 75' lang='grc' dir='ltr'>καὶ</span> <span class='ocrx_word' id='word_1_590' title='bbox 1274 4475 1563 4531; x_wconf 85' lang='grc' dir='ltr'>Ἀντωνίου</span> <span class='ocrx_word' id='word_1_591' title='bbox 1605 4477 1743 4547; x_wconf 77' lang='grc' dir='ltr'>αὐτῇ</span> <span class='ocrx_word' id='word_1_592' title='bbox 1776 4476 2005 4531; x_wconf 80' lang='grc' dir='ltr'>ἀκολού-</span> 
     </span>
    </p>
   </div>
   <div class='ocr_carea' id='block_1_83' title="bbox 434 4558 1931 4635">
    <p class='ocr_par' dir='ltr' id='par_1_83' title="bbox 434 4558 1931 4635">
     <span class='ocr_line' id='line_1_83' title="bbox 434 4558 1931 4635; baseline 0.001 -21"><span class='ocrx_word' id='word_1_593' title='bbox 434 4566 611 4635; x_wconf 78' lang='grc' dir='ltr'>οησις.</span> <span class='ocrx_word' id='word_1_594' title='bbox 651 4558 833 4614; x_wconf 78' lang='grc' dir='ltr'>Ἦττα</span> <span class='ocrx_word' id='word_1_595' title='bbox 862 4559 1131 4629; x_wconf 77' lang='grc' dir='ltr'>παντελὴς</span> <span class='ocrx_word' id='word_1_596' title='bbox 1179 4558 1275 4611; x_wconf 82' lang='grc' dir='ltr'>τοῦ</span> <span class='ocrx_word' id='word_1_597' title='bbox 1306 4560 1562 4613; x_wconf 79' lang='grc' dir='ltr'>ναυτικοῦ</span> <span class='ocrx_word' id='word_1_598' title='bbox 1621 4561 1931 4617; x_wconf 82' lang='grc' dir='ltr'>’Λντωνίου.</span> 
     </span>
    </p>
   </div>
   <div class='ocr_carea' id='block_1_84' title="bbox 504 4639 2006 4713">
    <p class='ocr_par' dir='ltr' id='par_1_84' title="bbox 504 4639 2006 4713">
     <span class='ocr_line' id='line_1_84' title="bbox 504 4639 2006 4713; baseline 0.001 -13"><span class='ocrx_word' id='word_1_599' title='bbox 504 4647 570 4701; x_wconf 93' lang='grc' dir='ltr'>Ν.</span> <span class='ocrx_word' id='word_1_600' title='bbox 604 4644 772 4699; x_wconf 84' lang='lat' dir='ltr'><strong>XXX.</strong></span> <span class='ocrx_word' id='word_1_601' title='bbox 830 4646 954 4697; x_wconf 89' lang='grc' dir='ltr'>Ὅτι</span> <span class='ocrx_word' id='word_1_602' title='bbox 1016 4644 1154 4713; x_wconf 88' lang='grc' dir='ltr'>μετά</span> <span class='ocrx_word' id='word_1_603' title='bbox 1214 4642 1312 4713; x_wconf 82' lang='grc' dir='ltr'>τὴν</span> <span class='ocrx_word' id='word_1_604' title='bbox 1356 4639 1526 4712; x_wconf 80' lang='grc' dir='ltr'>ἧτταν</span> <span class='ocrx_word' id='word_1_605' title='bbox 1577 4645 1672 4698; x_wconf 84' lang='grc' dir='ltr'>τοῦ</span> <span class='ocrx_word' id='word_1_606' title='bbox 1717 4647 2006 4701; x_wconf 83' lang='grc' dir='ltr'>Ἀντωνίου</span> 
     </span>
    </p>
   </div>
   <div class='ocr_carea' id='block_1_85' title="bbox 438 4727 2005 4802">
    <p class='ocr_par' dir='ltr' id='par_1_85' title="bbox 438 4727 2005 4802">
     <span class='ocr_line' id='line_1_85' title="bbox 438 4727 2005 4802; baseline 0 -17"><span class='ocrx_word' id='word_1_607' title='bbox 438 4736 707 4802; x_wconf 87' lang='grc' dir='ltr'>μόναρχος</span> <span class='ocrx_word' id='word_1_608' title='bbox 747 4732 777 4782; x_wconf 92' lang='lat'>6</span> <span class='ocrx_word' id='word_1_609' title='bbox 830 4731 1049 4798; x_wconf 85' lang='grc' dir='ltr'>Καῖσαρ</span> <span class='ocrx_word' id='word_1_610' title='bbox 1091 4727 1389 4793; x_wconf 73' lang='grc' dir='ltr'>ἐλογίζετο.</span> <span class='ocrx_word' id='word_1_611' title='bbox 1449 4729 1582 4798; x_wconf 74' lang='grc' dir='ltr'>Περὶ</span> <span class='ocrx_word' id='word_1_612' title='bbox 1630 4730 2005 4798; x_wconf 82' lang='grc' dir='ltr'>Νικοπόλεως,</span> 
     </span>
    </p>
   </div>
   <div class='ocr_carea' id='block_1_86' title="bbox 434 4810 2005 4887">
    <p class='ocr_par' dir='ltr' id='par_1_86' title="bbox 434 4810 2005 4887">
     <span class='ocr_line' id='line_1_86' title="bbox 434 4810 2005 4887; baseline -0.001 -18"><span class='ocrx_word' id='word_1_613' title='bbox 434 4818 530 4869; x_wconf 74' lang='grc' dir='ltr'>καὶ</span> <span class='ocrx_word' id='word_1_614' title='bbox 559 4815 688 4884; x_wconf 76' lang='grc' dir='ltr'>περὶ</span> <span class='ocrx_word' id='word_1_615' title='bbox 721 4811 817 4866; x_wconf 87' lang='grc' dir='ltr'>τοῦ</span> <span class='ocrx_word' id='word_1_616' title='bbox 851 4812 1139 4881; x_wconf 84' lang='grc' dir='ltr'>φάσματος</span> <span class='ocrx_word' id='word_1_617' title='bbox 1168 4810 1197 4862; x_wconf 85' lang='lat'>6</span> <span class='ocrx_word' id='word_1_618' title='bbox 1228 4811 1334 4881; x_wconf 87' lang='grc' dir='ltr'>πρὸ</span> <span class='ocrx_word' id='word_1_619' title='bbox 1356 4811 1457 4879; x_wconf 83' lang='grc' dir='ltr'>τῆς</span> <span class='ocrx_word' id='word_1_620' title='bbox 1487 4815 1799 4882; x_wconf 84' lang='grc' dir='ltr'>ναυμαχίας</span> <span class='ocrx_word' id='word_1_621' title='bbox 1831 4817 2005 4887; x_wconf 83' lang='grc' dir='ltr'>ἐφάνη</span> 
     </span>
    </p>
   </div>
   <div class='ocr_carea' id='block_1_87' title="bbox 433 4893 2008 4969">
    <p class='ocr_par' dir='ltr' id='par_1_87' title="bbox 433 4893 2008 4969">
     <span class='ocr_line' id='line_1_87' title="bbox 433 4893 2008 4969; baseline -0.007 -18"><span class='ocrx_word' id='word_1_622' title='bbox 433 4900 512 4969; x_wconf 85' lang='grc' dir='ltr'>τῷ</span> <span class='ocrx_word' id='word_1_623' title='bbox 539 4899 798 4967; x_wconf 79' lang='grc' dir='ltr'>Καίσαρι.</span> <span class='ocrx_word' id='word_1_624' title='bbox 836 4894 958 4947; x_wconf 86' lang='grc' dir='ltr'>Ὀτι</span> <span class='ocrx_word' id='word_1_625' title='bbox 1010 4896 1044 4965; x_wconf 82' lang='grc' dir='ltr'>ὴ</span> <span class='ocrx_word' id='word_1_626' title='bbox 1097 4893 1447 4963; x_wconf 78' lang='grc' dir='ltr'>Κλεοπάτρα,</span> <span class='ocrx_word' id='word_1_627' title='bbox 1481 4895 1563 4957; x_wconf 86' lang='grc' dir='ltr'>είς</span> <span class='ocrx_word' id='word_1_628' title='bbox 1606 4898 1884 4964; x_wconf 71' lang='grc' dir='ltr'>Αἴγυπτον</span> <span class='ocrx_word' id='word_1_629' title='bbox 1914 4915 2008 4965; x_wconf 87' lang='grc' dir='ltr'>γε..</span> 
     </span>
    </p>
   </div>
   <div class='ocr_carea' id='block_1_88' title="bbox 437 4978 2006 5055">
    <p class='ocr_par' dir='ltr' id='par_1_88' title="bbox 437 4978 2006 5055">
     <span class='ocr_line' id='line_1_88' title="bbox 437 4978 2006 5055; baseline 0 -18"><span class='ocrx_word' id='word_1_630' title='bbox 437 4987 656 5055; x_wconf 77' lang='grc' dir='ltr'>νομένη,</span> <span class='ocrx_word' id='word_1_631' title='bbox 691 4979 1141 5053; x_wconf 84' lang='grc' dir='ltr'>παρεσκευάζετο</span> <span class='ocrx_word' id='word_1_632' title='bbox 1163 4982 1246 5041; x_wconf 76' lang='grc' dir='ltr'>εἰς</span> <span class='ocrx_word' id='word_1_633' title='bbox 1296 4978 1535 5048; x_wconf 87' lang='grc' dir='ltr'>πόλεμον</span> <span class='ocrx_word' id='word_1_634' title='bbox 1576 4980 1675 5032; x_wconf 81' lang='grc' dir='ltr'>σὺν</span> <span class='ocrx_word' id='word_1_635' title='bbox 1699 4979 1777 5051; x_wconf 82' lang='grc' dir='ltr'>τῷ</span> <span class='ocrx_word' id='word_1_636' title='bbox 1813 4985 2006 5037; x_wconf 78' lang='grc' dir='ltr'>Ἀντω-</span> 
     </span>
    </p>
   </div>
   <div class='ocr_carea' id='block_1_89' title="bbox 441 5062 2002 5141">
    <p class='ocr_par' dir='ltr' id='par_1_89' title="bbox 441 5062 2002 5141">
     <span class='ocr_line' id='line_1_89' title="bbox 441 5062 2002 5141; baseline 0 -21"><span class='ocrx_word' id='word_1_637' title='bbox 441 5068 548 5138; x_wconf 69' lang='grc' dir='ltr'>θίῳ.</span> <span class='ocrx_word' id='word_1_638' title='bbox 585 5067 727 5120; x_wconf 78' lang='grc' dir='ltr'>Ὅσα</span> <span class='ocrx_word' id='word_1_639' title='bbox 757 5068 784 5118; x_wconf 89' lang='lat'>6</span> <span class='ocrx_word' id='word_1_640' title='bbox 808 5065 1023 5133; x_wconf 86' lang='grc' dir='ltr'>Καῖσαρ</span> <span class='ocrx_word' id='word_1_641' title='bbox 1051 5065 1116 5133; x_wconf 75' lang='grc' dir='ltr'>τῇ</span> <span class='ocrx_word' id='word_1_642' title='bbox 1163 5062 1492 5133; x_wconf 69' lang='grc' dir='ltr'>Κλεοπάτρα</span> <span class='ocrx_word' id='word_1_643' title='bbox 1543 5064 1800 5134; x_wconf 83' lang='grc' dir='ltr'>ἐμήνυσε.</span> <span class='ocrx_word' id='word_1_644' title='bbox 1837 5068 2002 5141; x_wconf 85' lang='grc' dir='ltr'>Μάχη</span> 
     </span>
    </p>
   </div>
   <div class='ocr_carea' id='block_1_90' title="bbox 433 5144 2005 5217">
    <p class='ocr_par' dir='ltr' id='par_1_90' title="bbox 433 5144 2005 5217">
     <span class='ocr_line' id='line_1_90' title="bbox 433 5144 2005 5217; baseline 0.009 -22"><span class='ocrx_word' id='word_1_645' title='bbox 433 5152 538 5203; x_wconf 78' lang='grc' dir='ltr'>τῶν</span> <span class='ocrx_word' id='word_1_646' title='bbox 567 5154 662 5203; x_wconf 84' lang='grc' dir='ltr'>τοῦ</span> <span class='ocrx_word' id='word_1_647' title='bbox 719 5150 995 5217; x_wconf 84' lang='grc' dir='ltr'>Καίσαρος</span> <span class='ocrx_word' id='word_1_648' title='bbox 1026 5152 1120 5201; x_wconf 80' lang='grc' dir='ltr'>καὶ</span> <span class='ocrx_word' id='word_1_649' title='bbox 1172 5144 1266 5198; x_wconf 87' lang='grc' dir='ltr'>τοῦ</span> <span class='ocrx_word' id='word_1_650' title='bbox 1304 5147 1611 5202; x_wconf 82' lang='grc' dir='ltr'>Ἀντωνίου.</span> <span class='ocrx_word' id='word_1_651' title='bbox 1657 5150 1777 5203; x_wconf 82' lang='grc' dir='ltr'>Ὅτι</span> <span class='ocrx_word' id='word_1_652' title='bbox 1809 5153 2005 5209; x_wconf 86' lang='grc' dir='ltr'>ἐαυτὸν</span> 
     </span>
    </p>
   </div>
   <div class='ocr_carea' id='block_1_91' title="bbox 431 5230 2001 5307">
    <p class='ocr_par' dir='ltr' id='par_1_91' title="bbox 431 5230 2001 5307">
     <span class='ocr_line' id='line_1_91' title="bbox 431 5230 2001 5307; baseline 0.004 -20"><span class='ocrx_word' id='word_1_653' title='bbox 431 5236 751 5287; x_wconf 79' lang='grc' dir='ltr'>ἀπέκτεινεν</span> <span class='ocrx_word' id='word_1_654' title='bbox 774 5236 803 5284; x_wconf 94' lang='lat'>6</span> <span class='ocrx_word' id='word_1_655' title='bbox 843 5230 1148 5297; x_wconf 77' lang='grc' dir='ltr'>Ἀντώνιος,</span> <span class='ocrx_word' id='word_1_656' title='bbox 1184 5231 1280 5283; x_wconf 73' lang='grc' dir='ltr'>καὶ</span> <span class='ocrx_word' id='word_1_657' title='bbox 1307 5232 1409 5286; x_wconf 88' lang='grc' dir='ltr'>ὃσα</span> <span class='ocrx_word' id='word_1_658' title='bbox 1428 5233 1462 5303; x_wconf 86' lang='grc' dir='ltr'>ή</span> <span class='ocrx_word' id='word_1_659' title='bbox 1495 5232 1823 5307; x_wconf 78' lang='grc' dir='ltr'>Κλεοπάτρα</span> <span class='ocrx_word' id='word_1_660' title='bbox 1849 5240 2001 5295; x_wconf 68' lang='grc' dir='ltr'>ἐποί-</span> 
     </span>
    </p>
   </div>
   <div class='ocr_carea' id='block_1_92' title="bbox 429 5316 1085 5390">
    <p class='ocr_par' dir='ltr' id='par_1_92' title="bbox 429 5316 1085 5390">
     <span class='ocr_line' id='line_1_92' title="bbox 429 5316 1085 5390; baseline 0 -20"><span class='ocrx_word' id='word_1_661' title='bbox 429 5335 562 5390; x_wconf 79' lang='grc' dir='ltr'>ησεν</span> <span class='ocrx_word' id='word_1_662' title='bbox 582 5317 790 5369; x_wconf 84' lang='grc' dir='ltr'>ἐκείνου</span> <span class='ocrx_word' id='word_1_663' title='bbox 813 5316 1085 5379; x_wconf 68' lang='grc' dir='ltr'>θανόντος.</span> 
     </span>
    </p>
   </div>
   <div class='ocr_carea' id='block_1_93' title="bbox 500 5400 2001 5480">
    <p class='ocr_par' dir='ltr' id='par_1_93' title="bbox 500 5400 2001 5480">
     <span class='ocr_line' id='line_1_93' title="bbox 500 5400 2001 5480; baseline 0.005 -23"><span class='ocrx_word' id='word_1_664' title='bbox 500 5402 564 5457; x_wconf 93' lang='grc' dir='ltr'>Ν.</span> <span class='ocrx_word' id='word_1_665' title='bbox 596 5400 790 5456; x_wconf 84' lang='lat' dir='ltr'><strong>XXXI.</strong></span> <span class='ocrx_word' id='word_1_666' title='bbox 849 5401 1038 5463; x_wconf 83' lang='grc' dir='ltr'>Ὅπως</span> <span class='ocrx_word' id='word_1_667' title='bbox 1092 5400 1379 5472; x_wconf 75' lang='grc' dir='ltr'>ἐζωγρήθη</span> <span class='ocrx_word' id='word_1_668' title='bbox 1418 5403 1450 5472; x_wconf 85' lang='grc' dir='ltr'>ή</span> <span class='ocrx_word' id='word_1_669' title='bbox 1498 5404 1844 5480; x_wconf 83' lang='grc' dir='ltr'>Κλεοπάτρα.</span> <span class='ocrx_word' id='word_1_670' title='bbox 1881 5411 2001 5466; x_wconf 90' lang='grc' dir='ltr'>Ὅτι</span> 
     </span>
    </p>
   </div>
   <div class='ocr_carea' id='block_1_94' title="bbox 428 5485 1999 5561">
    <p class='ocr_par' dir='ltr' id='par_1_94' title="bbox 428 5485 1999 5561">
     <span class='ocr_line' id='line_1_94' title="bbox 428 5485 1999 5561; baseline 0.006 -22"><span class='ocrx_word' id='word_1_671' title='bbox 428 5486 640 5555; x_wconf 83' lang='grc' dir='ltr'>ἀπῆλθε</span> <span class='ocrx_word' id='word_1_672' title='bbox 677 5487 813 5557; x_wconf 75' lang='grc' dir='ltr'>πρὸς</span> <span class='ocrx_word' id='word_1_673' title='bbox 857 5486 957 5554; x_wconf 81' lang='grc' dir='ltr'>τὴν</span> <span class='ocrx_word' id='word_1_674' title='bbox 1014 5485 1373 5554; x_wconf 81' lang='grc' dir='ltr'>Κλεοπάτραν</span> <span class='ocrx_word' id='word_1_675' title='bbox 1413 5486 1442 5539; x_wconf 86' lang='lat'>6</span> <span class='ocrx_word' id='word_1_676' title='bbox 1496 5489 1749 5561; x_wconf 86' lang='grc' dir='ltr'>Καῖσαρ,</span> <span class='ocrx_word' id='word_1_677' title='bbox 1791 5498 1884 5549; x_wconf 70' lang='grc' dir='ltr'>καὶ</span> <span class='ocrx_word' id='word_1_678' title='bbox 1915 5497 1999 5549; x_wconf 85' lang='grc' dir='ltr'>ὅτι</span> 
     </span>
    </p>
   </div>
   <div class='ocr_carea' id='block_1_95' title="bbox 429 5568 2001 5646">
    <p class='ocr_par' dir='ltr' id='par_1_95' title="bbox 429 5568 2001 5646">
     <span class='ocr_line' id='line_1_95' title="bbox 429 5568 2001 5646; baseline 0.009 -25"><span class='ocrx_word' id='word_1_679' title='bbox 429 5571 709 5639; x_wconf 80' lang='grc' dir='ltr'>ὴπάτησεν</span> <span class='ocrx_word' id='word_1_680' title='bbox 758 5572 922 5625; x_wconf 79' lang='grc' dir='ltr'>αὐτὸν</span> <span class='ocrx_word' id='word_1_681' title='bbox 956 5568 1142 5639; x_wconf 81' lang='grc' dir='ltr'>ἐκείνη</span> <span class='ocrx_word' id='word_1_682' title='bbox 1174 5570 1253 5633; x_wconf 86' lang='grc' dir='ltr'>ὡς</span> <span class='ocrx_word' id='word_1_683' title='bbox 1283 5569 1676 5644; x_wconf 83' lang='grc' dir='ltr'>φιλοψυχοῦσα,</span> <span class='ocrx_word' id='word_1_684' title='bbox 1714 5578 1809 5631; x_wconf 74' lang='grc' dir='ltr'>καὶ</span> <span class='ocrx_word' id='word_1_685' title='bbox 1851 5579 2001 5646; x_wconf 85' lang='grc' dir='ltr'>ὅπως</span> 
     </span>
    </p>
   </div>
   <div class='ocr_carea' id='block_1_96' title="bbox 428 5652 1998 5732">
    <p class='ocr_par' dir='ltr' id='par_1_96' title="bbox 428 5652 1998 5732">
     <span class='ocr_line' id='line_1_96' title="bbox 428 5652 1998 5732; baseline 0.01 -29"><span class='ocrx_word' id='word_1_686' title='bbox 428 5653 699 5707; x_wconf 78' lang='grc' dir='ltr'>ἀπεθανεν</span> <span class='ocrx_word' id='word_1_687' title='bbox 722 5655 948 5717; x_wconf 82' lang='grc' dir='ltr'>ἀσπίδος</span> <span class='ocrx_word' id='word_1_688' title='bbox 976 5654 1052 5717; x_wconf 80' lang='grc' dir='ltr'>ὡς</span> <span class='ocrx_word' id='word_1_689' title='bbox 1078 5652 1305 5725; x_wconf 72' lang='grc' dir='ltr'>εἰκάσθη</span> <span class='ocrx_word' id='word_1_690' title='bbox 1335 5654 1576 5726; x_wconf 80' lang='grc' dir='ltr'>δήγματι</span> <span class='ocrx_word' id='word_1_691' title='bbox 1597 5699 1612 5724; x_wconf 90' lang='grc'>,</span> <span class='ocrx_word' id='word_1_692' title='bbox 1649 5659 1681 5731; x_wconf 79' lang='grc' dir='ltr'>ἢ</span> <span class='ocrx_word' id='word_1_693' title='bbox 1718 5661 1864 5732; x_wconf 83' lang='grc' dir='ltr'>ἀλλῳ</span> <span class='ocrx_word' id='word_1_694' title='bbox 1891 5669 1998 5719; x_wconf 73' lang='grc' dir='ltr'>τινὶ</span> 
     </span>
    </p>
   </div>
   <div class='ocr_carea' id='block_1_97' title="bbox 430 5739 1999 5823">
    <p class='ocr_par' dir='ltr' id='par_1_97' title="bbox 430 5739 1999 5823">
     <span class='ocr_line' id='line_1_97' title="bbox 430 5739 1999 5823; baseline 0.018 -37"><span class='ocrx_word' id='word_1_695' title='bbox 430 5740 726 5807; x_wconf 64' lang='grc' dir='ltr'>φαρμάκῳ.</span> <span class='ocrx_word' id='word_1_696' title='bbox 762 5739 1025 5808; x_wconf 79' lang='grc' dir='ltr'>Κνῆστις,</span> <span class='ocrx_word' id='word_1_697' title='bbox 1072 5740 1107 5810; x_wconf 78' lang='grc' dir='ltr'>ή</span> <span class='ocrx_word' id='word_1_698' title='bbox 1140 5741 1403 5810; x_wconf 82' lang='grc' dir='ltr'>μάχαιρα.</span> <span class='ocrx_word' id='word_1_699' title='bbox 1437 5741 1563 5791; x_wconf 84' lang='grc' dir='ltr'>Ὅτι</span> <span class='ocrx_word' id='word_1_700' title='bbox 1605 5747 1634 5799; x_wconf 88' lang='grc' dir='ltr'>ὁ</span> <span class='ocrx_word' id='word_1_701' title='bbox 1665 5750 1880 5823; x_wconf 77' lang='grc' dir='ltr'>Καῖσαρ</span> <span class='ocrx_word' id='word_1_702' title='bbox 1907 5755 1999 5806; x_wconf 73' lang='grc' dir='ltr'>τὸν</span> 
     </span>
    </p>
   </div>
   <div class='ocr_carea' id='block_1_98' title="bbox 2114 3225 3684 3298">
    <p class='ocr_par' dir='ltr' id='par_1_98' title="bbox 2114 3225 3684 3298">
     <span class='ocr_line' id='line_1_98' title="bbox 2114 3225 3684 3298; baseline 0.004 -21"><span class='ocrx_word' id='word_1_703' title='bbox 2114 3242 2301 3294; x_wconf 86' lang='grc' dir='ltr'>σαρος.</span> <span class='ocrx_word' id='word_1_704' title='bbox 2333 3225 2454 3279; x_wconf 91' lang='grc' dir='ltr'>Ὅτι</span> <span class='ocrx_word' id='word_1_705' title='bbox 2482 3226 2708 3297; x_wconf 84' lang='grc' dir='ltr'>ἀρχαῖόν</span> <span class='ocrx_word' id='word_1_706' title='bbox 2740 3228 2857 3279; x_wconf 89' lang='grc' dir='ltr'>ἐστι</span> <span class='ocrx_word' id='word_1_707' title='bbox 2885 3227 2948 3281; x_wconf 84' lang='grc' dir='ltr'>τὸ</span> <span class='ocrx_word' id='word_1_708' title='bbox 2991 3229 3089 3291; x_wconf 74' lang='grc' dir='ltr'>τὰς</span> <span class='ocrx_word' id='word_1_709' title='bbox 3120 3227 3424 3298; x_wconf 80' lang='grc' dir='ltr'>σφραγῖδας</span> <span class='ocrx_word' id='word_1_710' title='bbox 3443 3228 3551 3282; x_wconf 82' lang='grc' dir='ltr'>τῶν</span> <span class='ocrx_word' id='word_1_711' title='bbox 3574 3228 3684 3283; x_wconf 85' lang='grc' dir='ltr'>δια-</span> 
     </span>
    </p>
   </div>
   <div class='ocr_carea' id='block_1_99' title="bbox 2113 3307 3680 3384">
    <p class='ocr_par' dir='ltr' id='par_1_99' title="bbox 2113 3307 3680 3384">
     <span class='ocr_line' id='line_1_99' title="bbox 2113 3307 3680 3384; baseline 0.003 -25"><span class='ocrx_word' id='word_1_712' title='bbox 2113 3307 2295 3378; x_wconf 86' lang='grc' dir='ltr'>θηκῶν</span> <span class='ocrx_word' id='word_1_713' title='bbox 2335 3310 2461 3372; x_wconf 83' lang='grc' dir='ltr'>τούς</span> <span class='ocrx_word' id='word_1_714' title='bbox 2484 3309 2895 3379; x_wconf 80' lang='grc' dir='ltr'>σφραγίσαντας</span> <span class='ocrx_word' id='word_1_715' title='bbox 2925 3311 3376 3367; x_wconf 79' lang='grc' dir='ltr'>ἐπισκέπτεσθαι.</span> <span class='ocrx_word' id='word_1_716' title='bbox 3408 3308 3538 3377; x_wconf 74' lang='grc' dir='ltr'>Οἷος</span> <span class='ocrx_word' id='word_1_717' title='bbox 3559 3309 3626 3384; x_wconf 79' lang='grc' dir='ltr'>ἦν</span> <span class='ocrx_word' id='word_1_718' title='bbox 3652 3313 3680 3365; x_wconf 88' lang='lat'>6</span> 
     </span>
    </p>
   </div>
   <div class='ocr_carea' id='block_1_100' title="bbox 2110 3392 3684 3488">
    <p class='ocr_par' dir='ltr' id='par_1_100' title="bbox 2110 3392 3684 3488">
     <span class='ocr_line' id='line_1_100' title="bbox 2110 3392 3684 3488; baseline 0.004 -43"><span class='ocrx_word' id='word_1_719' title='bbox 2110 3392 2421 3488; x_wconf 72' lang='grc' dir='ltr'>Αὔγουστος</span> <span class='ocrx_word' id='word_1_720' title='bbox 2454 3397 2690 3467; x_wconf 87' lang='grc' dir='ltr'>Καῖσαρ.</span> <span class='ocrx_word' id='word_1_721' title='bbox 2750 3398 2886 3467; x_wconf 83' lang='grc' dir='ltr'>Περὶ</span> <span class='ocrx_word' id='word_1_722' title='bbox 2928 3395 3296 3468; x_wconf 81' lang='grc' dir='ltr'>Ἀθηνοδώρου</span> <span class='ocrx_word' id='word_1_723' title='bbox 3344 3398 3544 3471; x_wconf 79' lang='grc' dir='ltr'>ἀνδρὸς</span> <span class='ocrx_word' id='word_1_724' title='bbox 3598 3415 3684 3452; x_wconf 65' lang='grc' dir='ltr'>σου</span> 
     </span>
    </p>
   </div>
   <div class='ocr_carea' id='block_1_101' title="bbox 2112 3495 2238 3548">
    <p class='ocr_par' dir='ltr' id='par_1_101' title="bbox 2112 3495 2238 3548">
     <span class='ocr_line' id='line_1_101' title="bbox 2112 3495 2238 3548; baseline 0.016 -17"><span class='ocrx_word' id='word_1_725' title='bbox 2112 3495 2238 3548; x_wconf 77' lang='grc' dir='ltr'>φου.</span> 
     </span>
    </p>
   </div>
   <div class='ocr_carea' id='block_1_102' title="bbox 2552 3605 3226 3665">
    <p class='ocr_par' dir='ltr' id='par_1_102' title="bbox 2552 3605 3226 3665">
     <span class='ocr_line' id='line_1_102' title="bbox 2552 3605 3226 3665; baseline 0.007 -5"><span class='ocrx_word' id='word_1_726' title='bbox 2552 3605 2761 3662; x_wconf 78' lang='lat' dir='ltr'>LIBER</span> <span class='ocrx_word' id='word_1_727' title='bbox 2802 3605 3226 3665; x_wconf 80' lang='lat' dir='ltr'>UNDECIMUS.</span> 
     </span>
    </p>
   </div>
   <div class='ocr_carea' id='block_1_103' title="bbox 2183 3723 3680 3804">
    <p class='ocr_par' dir='ltr' id='par_1_103' title="bbox 2183 3723 3680 3804">
     <span class='ocr_line' id='line_1_103' title="bbox 2183 3723 3680 3804; baseline 0.007 -24"><span class='ocrx_word' id='word_1_728' title='bbox 2183 3723 2251 3780; x_wconf 93' lang='grc' dir='ltr'>Ν.</span> <span class='ocrx_word' id='word_1_729' title='bbox 2294 3724 2337 3781; x_wconf 88' lang='lat' dir='ltr'>I.</span> <span class='ocrx_word' id='word_1_730' title='bbox 2373 3725 2498 3780; x_wconf 91' lang='grc' dir='ltr'>Ὅτι</span> <span class='ocrx_word' id='word_1_731' title='bbox 2527 3727 2816 3783; x_wconf 87' lang='grc' dir='ltr'>ἀπέκτεινε</span> <span class='ocrx_word' id='word_1_732' title='bbox 2850 3729 2943 3784; x_wconf 87' lang='grc' dir='ltr'>τὸν</span> <span class='ocrx_word' id='word_1_733' title='bbox 2972 3730 3195 3800; x_wconf 81' lang='grc' dir='ltr'>ἔγγονον</span> <span class='ocrx_word' id='word_1_734' title='bbox 3228 3731 3325 3785; x_wconf 88' lang='grc' dir='ltr'>τοῦ</span> <span class='ocrx_word' id='word_1_735' title='bbox 3367 3733 3680 3804; x_wconf 80' lang='grc' dir='ltr'>Αὐγούστου</span> 
     </span>
    </p>
   </div>
   <div class='ocr_carea' id='block_1_104' title="bbox 2110 3809 3680 3890">
    <p class='ocr_par' dir='ltr' id='par_1_104' title="bbox 2110 3809 3680 3890">
     <span class='ocr_line' id='line_1_104' title="bbox 2110 3809 3680 3890; baseline 0.006 -25"><span class='ocrx_word' id='word_1_736' title='bbox 2110 3809 2202 3865; x_wconf 80' lang='grc' dir='ltr'>τὸν</span> <span class='ocrx_word' id='word_1_737' title='bbox 2236 3812 2569 3882; x_wconf 79' lang='grc' dir='ltr'>Ἀγρίππαν.</span> <span class='ocrx_word' id='word_1_738' title='bbox 2596 3813 2720 3868; x_wconf 75' lang='grc' dir='ltr'>Ὀτι</span> <span class='ocrx_word' id='word_1_739' title='bbox 2760 3818 2809 3870; x_wconf 82' lang='grc' dir='ltr'>οἱ</span> <span class='ocrx_word' id='word_1_740' title='bbox 2831 3819 2887 3872; x_wconf 86' lang='grc' dir='ltr'>ἐν</span> <span class='ocrx_word' id='word_1_741' title='bbox 2925 3821 2989 3890; x_wconf 81' lang='grc' dir='ltr'>τῇ</span> <span class='ocrx_word' id='word_1_742' title='bbox 3021 3817 3301 3889; x_wconf 86' lang='grc' dir='ltr'>Γερμανία</span> <span class='ocrx_word' id='word_1_743' title='bbox 3352 3822 3680 3890; x_wconf 79' lang='grc' dir='ltr'>στρατιῶται</span> 
     </span>
    </p>
   </div>
   <div class='ocr_carea' id='block_1_105' title="bbox 2110 3893 3679 3972">
    <p class='ocr_par' dir='ltr' id='par_1_105' title="bbox 2110 3893 3679 3972">
     <span class='ocr_line' id='line_1_105' title="bbox 2110 3893 3679 3972; baseline 0.006 -25"><span class='ocrx_word' id='word_1_744' title='bbox 2110 3894 2201 3947; x_wconf 82' lang='grc' dir='ltr'>τὸν</span> <span class='ocrx_word' id='word_1_745' title='bbox 2229 3893 2568 3966; x_wconf 82' lang='grc' dir='ltr'>Γερμανικὸν</span> <span class='ocrx_word' id='word_1_746' title='bbox 2585 3895 2877 3967; x_wconf 85' lang='grc' dir='ltr'>ὠνόμασαν</span> <span class='ocrx_word' id='word_1_747' title='bbox 2910 3901 3309 3972; x_wconf 80' lang='grc' dir='ltr'>αὐτοκράτορα,</span> <span class='ocrx_word' id='word_1_748' title='bbox 3359 3906 3390 3958; x_wconf 91' lang='lat'>6</span> <span class='ocrx_word' id='word_1_749' title='bbox 3412 3904 3471 3957; x_wconf 84' lang='grc' dir='ltr'>δὲ</span> <span class='ocrx_word' id='word_1_750' title='bbox 3498 3904 3679 3958; x_wconf 88' lang='grc' dir='ltr'>λαϐεῖν</span> 
     </span>
    </p>
   </div>
   <div class='ocr_carea' id='block_1_106' title="bbox 2108 3977 3675 4061">
    <p class='ocr_par' dir='ltr' id='par_1_106' title="bbox 2108 3977 3675 4061">
     <span class='ocr_line' id='line_1_106' title="bbox 2108 3977 3675 4061; baseline 0.008 -32"><span class='ocrx_word' id='word_1_751' title='bbox 2108 3979 2207 4048; x_wconf 83' lang='grc' dir='ltr'>τὴν</span> <span class='ocrx_word' id='word_1_752' title='bbox 2231 3982 2403 4050; x_wconf 77' lang='grc' dir='ltr'>ἀρχὴν</span> <span class='ocrx_word' id='word_1_753' title='bbox 2428 3981 2529 4034; x_wconf 81' lang='grc' dir='ltr'>οὐκ</span> <span class='ocrx_word' id='word_1_754' title='bbox 2551 3981 2804 4052; x_wconf 76' lang='grc' dir='ltr'>ἠθέλησε.</span> <span class='ocrx_word' id='word_1_755' title='bbox 2825 3977 2949 4048; x_wconf 73' lang='grc' dir='ltr'>υἷος</span> <span class='ocrx_word' id='word_1_756' title='bbox 2987 3978 3055 4056; x_wconf 83' lang='grc' dir='ltr'>ἦν</span> <span class='ocrx_word' id='word_1_757' title='bbox 3084 3989 3111 4039; x_wconf 90' lang='lat'>6</span> <span class='ocrx_word' id='word_1_758' title='bbox 3147 3985 3397 4058; x_wconf 82' lang='grc' dir='ltr'>Τιϐέριος</span> <span class='ocrx_word' id='word_1_759' title='bbox 3426 3988 3621 4061; x_wconf 84' lang='grc' dir='ltr'>μέχρις</span> <span class='ocrx_word' id='word_1_760' title='bbox 3646 3989 3675 4042; x_wconf 91' lang='lat'>6</span> 
     </span>
    </p>
   </div>
   <div class='ocr_carea' id='block_1_107' title="bbox 2110 4062 2696 4136">
    <p class='ocr_par' dir='ltr' id='par_1_107' title="bbox 2110 4062 2696 4136">
     <span class='ocr_line' id='line_1_107' title="bbox 2110 4062 2696 4136; baseline 0.01 -23"><span class='ocrx_word' id='word_1_761' title='bbox 2110 4062 2450 4133; x_wconf 85' lang='grc' dir='ltr'>Γερμανικὸς</span> <span class='ocrx_word' id='word_1_762' title='bbox 2482 4067 2696 4136; x_wconf 90' lang='grc' dir='ltr'>περιῆν.</span> 
     </span>
    </p>
   </div>
   <div class='ocr_carea' id='block_1_108' title="bbox 2179 4147 3671 4228">
    <p class='ocr_par' dir='ltr' id='par_1_108' title="bbox 2179 4147 3671 4228">
     <span class='ocr_line' id='line_1_108' title="bbox 2179 4147 3671 4228; baseline 0.006 -27"><span class='ocrx_word' id='word_1_763' title='bbox 2179 4148 2245 4201; x_wconf 92' lang='grc' dir='ltr'>Ν.</span> <span class='ocrx_word' id='word_1_764' title='bbox 2274 4147 2342 4202; x_wconf 88' lang='lat' dir='ltr'>II.</span> <span class='ocrx_word' id='word_1_765' title='bbox 2372 4149 2505 4219; x_wconf 70' lang='grc' dir='ltr'>Περὶ</span> <span class='ocrx_word' id='word_1_766' title='bbox 2528 4151 2845 4220; x_wconf 81' lang='grc' dir='ltr'>Κλήμεντος</span> <span class='ocrx_word' id='word_1_767' title='bbox 2871 4152 2965 4206; x_wconf 85' lang='grc' dir='ltr'>τοῦ</span> <span class='ocrx_word' id='word_1_768' title='bbox 2996 4152 3185 4209; x_wconf 84' lang='grc' dir='ltr'>δούλου</span> <span class='ocrx_word' id='word_1_769' title='bbox 3214 4155 3310 4209; x_wconf 88' lang='grc' dir='ltr'>τοῦ</span> <span class='ocrx_word' id='word_1_770' title='bbox 3345 4157 3671 4228; x_wconf 83' lang='grc' dir='ltr'>Ἀγρίππου.</span> 
     </span>
    </p>
   </div>
   <div class='ocr_carea' id='block_1_109' title="bbox 2108 4230 3675 4312">
    <p class='ocr_par' dir='ltr' id='par_1_109' title="bbox 2108 4230 3675 4312">
     <span class='ocr_line' id='line_1_109' title="bbox 2108 4230 3675 4312; baseline 0.008 -30"><span class='ocrx_word' id='word_1_771' title='bbox 2108 4230 2345 4300; x_wconf 86' lang='grc' dir='ltr'>Τελευτὴ</span> <span class='ocrx_word' id='word_1_772' title='bbox 2376 4232 2468 4284; x_wconf 92' lang='grc' dir='ltr'>τοῦ</span> <span class='ocrx_word' id='word_1_773' title='bbox 2492 4233 2853 4303; x_wconf 82' lang='grc' dir='ltr'>Γερμανικοῦ,</span> <span class='ocrx_word' id='word_1_774' title='bbox 2897 4236 2992 4289; x_wconf 82' lang='grc' dir='ltr'>καὶ</span> <span class='ocrx_word' id='word_1_775' title='bbox 3026 4232 3134 4298; x_wconf 78' lang='grc' dir='ltr'>οἷος</span> <span class='ocrx_word' id='word_1_776' title='bbox 3154 4232 3243 4310; x_wconf 84' lang='grc' dir='ltr'>ἦν.</span> <span class='ocrx_word' id='word_1_777' title='bbox 3268 4239 3393 4293; x_wconf 86' lang='grc' dir='ltr'>Ὅτι</span> <span class='ocrx_word' id='word_1_778' title='bbox 3417 4238 3514 4294; x_wconf 86' lang='grc' dir='ltr'>τοῦ</span> <span class='ocrx_word' id='word_1_779' title='bbox 3544 4242 3584 4294; x_wconf 88' lang='grc' dir='ltr'><strong>Γ</strong></span> <span class='ocrx_word' id='word_1_780' title='bbox 3586 4259 3675 4312; x_wconf 88' lang='grc' dir='ltr'>ερ-</span> 
     </span>
    </p>
   </div>
   <div class='ocr_carea' id='block_1_110' title="bbox 2112 4315 3672 4397">
    <p class='ocr_par' dir='ltr' id='par_1_110' title="bbox 2112 4315 3672 4397">
     <span class='ocr_line' id='line_1_110' title="bbox 2112 4315 3672 4397; baseline 0.008 -32"><span class='ocrx_word' id='word_1_781' title='bbox 2112 4315 2341 4397; x_wconf 85' lang='grc' dir='ltr'>μανικοῦ</span> <span class='ocrx_word' id='word_1_782' title='bbox 2378 4315 2796 4387; x_wconf 84' lang='grc' dir='ltr'>τελευτήσαντος</span> <span class='ocrx_word' id='word_1_783' title='bbox 2828 4320 2856 4372; x_wconf 93' lang='lat'>6</span> <span class='ocrx_word' id='word_1_784' title='bbox 2887 4318 3139 4388; x_wconf 84' lang='grc' dir='ltr'>Τιϐέριος</span> <span class='ocrx_word' id='word_1_785' title='bbox 3164 4323 3254 4373; x_wconf 73' lang='grc' dir='ltr'>ἐπὶ</span> <span class='ocrx_word' id='word_1_786' title='bbox 3282 4323 3344 4375; x_wconf 87' lang='grc' dir='ltr'>τὸ</span> <span class='ocrx_word' id='word_1_787' title='bbox 3368 4328 3552 4397; x_wconf 85' lang='grc' dir='ltr'>χεῖρον</span> <span class='ocrx_word' id='word_1_788' title='bbox 3581 4327 3672 4396; x_wconf 85' lang='grc' dir='ltr'>ήλ-</span> 
     </span>
    </p>
   </div>
   <div class='ocr_carea' id='block_1_111' title="bbox 2108 4396 3676 4478">
    <p class='ocr_par' dir='ltr' id='par_1_111' title="bbox 2108 4396 3676 4478">
     <span class='ocr_line' id='line_1_111' title="bbox 2108 4396 3676 4478; baseline 0.01 -29"><span class='ocrx_word' id='word_1_789' title='bbox 2108 4396 2317 4451; x_wconf 86' lang='grc' dir='ltr'>λοίωτο.</span> <span class='ocrx_word' id='word_1_790' title='bbox 2349 4397 2540 4461; x_wconf 84' lang='grc' dir='ltr'>Ὅπως</span> <span class='ocrx_word' id='word_1_791' title='bbox 2560 4401 2588 4451; x_wconf 91' lang='lat'>6</span> <span class='ocrx_word' id='word_1_792' title='bbox 2615 4399 2849 4470; x_wconf 86' lang='grc' dir='ltr'>Δροῦσος</span> <span class='ocrx_word' id='word_1_793' title='bbox 2874 4400 3138 4458; x_wconf 83' lang='grc' dir='ltr'>ἀπώλετο.</span> <span class='ocrx_word' id='word_1_794' title='bbox 3192 4404 3430 4478; x_wconf 81' lang='grc' dir='ltr'>Τελευτὴ</span> <span class='ocrx_word' id='word_1_795' title='bbox 3457 4396 3560 4478; x_wconf 86' lang='grc' dir='ltr'>τῆς</span> <span class='ocrx_word' id='word_1_796' title='bbox 3582 4412 3676 4464; x_wconf 88' lang='grc' dir='ltr'>Λι-</span> 
     </span>
    </p>
   </div>
   <div class='ocr_carea' id='block_1_112' title="bbox 2037 4478 3674 4562">
    <p class='ocr_par' dir='ltr' id='par_1_112' title="bbox 2037 4478 3674 4562">
     <span class='ocr_line' id='line_1_112' title="bbox 2037 4478 3674 4562; baseline 0.008 -32"><span class='ocrx_word' id='word_1_797' title='bbox 2037 4502 2083 4560; x_wconf 77' lang='lat' dir='ltr'><strong>D</strong></span> <span class='ocrx_word' id='word_1_798' title='bbox 2115 4478 2252 4542; x_wconf 85' lang='grc' dir='ltr'>ϐίας.</span> <span class='ocrx_word' id='word_1_799' title='bbox 2294 4481 2401 4534; x_wconf 77' lang='grc' dir='ltr'>Καὶ</span> <span class='ocrx_word' id='word_1_800' title='bbox 2430 4482 2579 4543; x_wconf 83' lang='grc' dir='ltr'>ὅπως</span> <span class='ocrx_word' id='word_1_801' title='bbox 2607 4482 2635 4533; x_wconf 92' lang='lat'>6</span> <span class='ocrx_word' id='word_1_802' title='bbox 2668 4482 2919 4555; x_wconf 87' lang='grc' dir='ltr'>Τιϐέριος</span> <span class='ocrx_word' id='word_1_803' title='bbox 2960 4485 3097 4555; x_wconf 86' lang='grc' dir='ltr'>πρὸς</span> <span class='ocrx_word' id='word_1_804' title='bbox 3125 4487 3296 4558; x_wconf 81' lang='grc' dir='ltr'>αὐτὴν</span> <span class='ocrx_word' id='word_1_805' title='bbox 3322 4490 3561 4562; x_wconf 82' lang='grc' dir='ltr'>διετέθη,</span> <span class='ocrx_word' id='word_1_806' title='bbox 3586 4494 3674 4545; x_wconf 81' lang='grc' dir='ltr'>καὶ</span> 
     </span>
    </p>
   </div>
   <div class='ocr_carea' id='block_1_113' title="bbox 2110 4562 3673 4648">
    <p class='ocr_par' dir='ltr' id='par_1_113' title="bbox 2110 4562 3673 4648">
     <span class='ocr_line' id='line_1_113' title="bbox 2110 4562 3673 4648; baseline 0.007 -31"><span class='ocrx_word' id='word_1_807' title='bbox 2110 4563 2191 4648; x_wconf 70' lang='grc' dir='ltr'>δτι</span> <span class='ocrx_word' id='word_1_808' title='bbox 2218 4564 2250 4634; x_wconf 86' lang='grc' dir='ltr'>ή</span> <span class='ocrx_word' id='word_1_809' title='bbox 2282 4562 2446 4636; x_wconf 85' lang='grc' dir='ltr'>βουλή</span> <span class='ocrx_word' id='word_1_810' title='bbox 2464 4566 2635 4636; x_wconf 80' lang='grc' dir='ltr'>αὐτὴν</span> <span class='ocrx_word' id='word_1_811' title='bbox 2667 4567 2916 4637; x_wconf 83' lang='grc' dir='ltr'>ἐτίμησε,</span> <span class='ocrx_word' id='word_1_812' title='bbox 2950 4573 3045 4622; x_wconf 81' lang='grc' dir='ltr'>καὶ</span> <span class='ocrx_word' id='word_1_813' title='bbox 3097 4568 3184 4623; x_wconf 80' lang='grc' dir='ltr'>οἵα</span> <span class='ocrx_word' id='word_1_814' title='bbox 3214 4565 3281 4642; x_wconf 82' lang='grc' dir='ltr'>ἦν</span> <span class='ocrx_word' id='word_1_815' title='bbox 3309 4575 3520 4646; x_wconf 82' lang='grc' dir='ltr'>ἐκείνη.</span> <span class='ocrx_word' id='word_1_816' title='bbox 3546 4578 3673 4648; x_wconf 72' lang='grc' dir='ltr'>Περὶ</span> 
     </span>
    </p>
   </div>
   <div class='ocr_carea' id='block_1_114' title="bbox 2109 4647 2949 4713">
    <p class='ocr_par' dir='ltr' id='par_1_114' title="bbox 2109 4647 2949 4713">
     <span class='ocr_line' id='line_1_114' title="bbox 2109 4647 2949 4713; baseline 0.01 -15"><span class='ocrx_word' id='word_1_817' title='bbox 2109 4647 2349 4707; x_wconf 82' lang='grc' dir='ltr'>Σειανοῦ,</span> <span class='ocrx_word' id='word_1_818' title='bbox 2382 4648 2478 4700; x_wconf 83' lang='grc' dir='ltr'>καὶ</span> <span class='ocrx_word' id='word_1_819' title='bbox 2502 4651 2646 4713; x_wconf 79' lang='grc' dir='ltr'>ὅπως</span> <span class='ocrx_word' id='word_1_820' title='bbox 2680 4650 2949 4706; x_wconf 85' lang='grc' dir='ltr'>ἀπώλετο.</span> 
     </span>
    </p>
   </div>
   <div class='ocr_carea' id='block_1_115' title="bbox 2179 4730 3673 4810">
    <p class='ocr_par' dir='ltr' id='par_1_115' title="bbox 2179 4730 3673 4810">
     <span class='ocr_line' id='line_1_115' title="bbox 2179 4730 3673 4810; baseline 0.006 -25"><span class='ocrx_word' id='word_1_821' title='bbox 2179 4730 2245 4785; x_wconf 90' lang='grc' dir='ltr'>Ν.</span> <span class='ocrx_word' id='word_1_822' title='bbox 2276 4731 2364 4786; x_wconf 91' lang='lat' dir='ltr'><strong>III.</strong></span> <span class='ocrx_word' id='word_1_823' title='bbox 2396 4733 2519 4784; x_wconf 85' lang='grc' dir='ltr'>Ὅτι</span> <span class='ocrx_word' id='word_1_824' title='bbox 2549 4733 2646 4785; x_wconf 60' lang='grc' dir='ltr'>καὶΙ</span> <span class='ocrx_word' id='word_1_825' title='bbox 2679 4734 2914 4806; x_wconf 80' lang='grc' dir='ltr'>ἀσελγής</span> <span class='ocrx_word' id='word_1_826' title='bbox 2950 4731 3019 4807; x_wconf 79' lang='grc' dir='ltr'>ῆν</span> <span class='ocrx_word' id='word_1_827' title='bbox 3047 4737 3076 4789; x_wconf 91' lang='lat'>6</span> <span class='ocrx_word' id='word_1_828' title='bbox 3120 4734 3341 4807; x_wconf 84' lang='grc' dir='ltr'>Τιϐέριο</span> <span class='ocrx_word' id='word_1_829' title='bbox 3360 4759 3394 4798; x_wconf 72' lang='grc' dir='ltr'>ς.</span> <span class='ocrx_word' id='word_1_830' title='bbox 3439 4740 3673 4810; x_wconf 81' lang='grc' dir='ltr'>Τελευτή</span> 
     </span>
    </p>
   </div>
   <div class='ocr_carea' id='block_1_116' title="bbox 2105 4813 3674 4895">
    <p class='ocr_par' dir='ltr' id='par_1_116' title="bbox 2105 4813 3674 4895">
     <span class='ocr_line' id='line_1_116' title="bbox 2105 4813 3674 4895; baseline 0.008 -30"><span class='ocrx_word' id='word_1_831' title='bbox 2105 4813 2201 4867; x_wconf 89' lang='grc' dir='ltr'>τοῦ</span> <span class='ocrx_word' id='word_1_832' title='bbox 2232 4813 2486 4885; x_wconf 81' lang='grc' dir='ltr'>Τιϐερίου</span> <span class='ocrx_word' id='word_1_833' title='bbox 2529 4818 2831 4891; x_wconf 85' lang='grc' dir='ltr'>Καίσαρος.</span> <span class='ocrx_word' id='word_1_834' title='bbox 2868 4819 3059 4886; x_wconf 87' lang='grc' dir='ltr'>Ὅπως</span> <span class='ocrx_word' id='word_1_835' title='bbox 3109 4820 3341 4876; x_wconf 86' lang='grc' dir='ltr'>διέκειτο</span> <span class='ocrx_word' id='word_1_836' title='bbox 3369 4825 3503 4895; x_wconf 74' lang='grc' dir='ltr'>περὶ</span> <span class='ocrx_word' id='word_1_837' title='bbox 3553 4827 3674 4890; x_wconf 62' lang='grc' dir='ltr'>τοὺς</span> 
     </span>
    </p>
   </div>
   <div class='ocr_carea' id='block_1_117' title="bbox 2107 4900 2838 4975">
    <p class='ocr_par' dir='ltr' id='par_1_117' title="bbox 2107 4900 2838 4975">
     <span class='ocr_line' id='line_1_117' title="bbox 2107 4900 2838 4975; baseline 0.011 -23"><span class='ocrx_word' id='word_1_838' title='bbox 2107 4900 2469 4970; x_wconf 75' lang='grc' dir='ltr'>Χριστιανοὺς</span> <span class='ocrx_word' id='word_1_839' title='bbox 2505 4903 2534 4954; x_wconf 90' lang='lat'>6</span> <span class='ocrx_word' id='word_1_840' title='bbox 2562 4903 2838 4975; x_wconf 87' lang='grc' dir='ltr'>Τιϐέριος.</span> 
     </span>
    </p>
   </div>
   <div class='ocr_carea' id='block_1_118' title="bbox 2176 4987 3674 5062">
    <p class='ocr_par' dir='ltr' id='par_1_118' title="bbox 2176 4987 3674 5062">
     <span class='ocr_line' id='line_1_118' title="bbox 2176 4987 3674 5062; baseline 0.005 -21"><span class='ocrx_word' id='word_1_841' title='bbox 2176 4987 2241 5042; x_wconf 87' lang='grc' dir='ltr'>Ν.</span> <span class='ocrx_word' id='word_1_842' title='bbox 2277 4987 2366 5042; x_wconf 89' lang='lat' dir='ltr'>IV.</span> <span class='ocrx_word' id='word_1_843' title='bbox 2400 4989 2543 5041; x_wconf 77' lang='grc' dir='ltr'>Ὅσα</span> <span class='ocrx_word' id='word_1_844' title='bbox 2592 4990 2684 5042; x_wconf 64' lang='grc' dir='ltr'>καὶ⁴</span> <span class='ocrx_word' id='word_1_845' title='bbox 2739 4989 2890 5054; x_wconf 83' lang='grc' dir='ltr'>ὅπως</span> <span class='ocrx_word' id='word_1_846' title='bbox 2941 4990 3232 5062; x_wconf 86' lang='grc' dir='ltr'>ἀνήλισκεν</span> <span class='ocrx_word' id='word_1_847' title='bbox 3284 4997 3312 5048; x_wconf 91' lang='lat'>6</span> <span class='ocrx_word' id='word_1_848' title='bbox 3339 4995 3522 5060; x_wconf 84' lang='grc' dir='ltr'>Γαῖος.</span> <span class='ocrx_word' id='word_1_849' title='bbox 3560 4997 3674 5049; x_wconf 80' lang='grc' dir='ltr'>Ὅτι</span> 
     </span>
    </p>
   </div>
   <div class='ocr_carea' id='block_1_119' title="bbox 2106 5070 3673 5155">
    <p class='ocr_par' dir='ltr' id='par_1_119' title="bbox 2106 5070 3673 5155">
     <span class='ocr_line' id='line_1_119' title="bbox 2106 5070 3673 5155; baseline 0.006 -29"><span class='ocrx_word' id='word_1_850' title='bbox 2106 5074 2201 5155; x_wconf 79' lang='grc' dir='ltr'>καὶ</span> <span class='ocrx_word' id='word_1_851' title='bbox 2225 5074 2619 5143; x_wconf 86' lang='grc' dir='ltr'>ἀσελγέστατος</span> <span class='ocrx_word' id='word_1_852' title='bbox 2644 5077 2673 5128; x_wconf 92' lang='lat'>6</span> <span class='ocrx_word' id='word_1_853' title='bbox 2699 5074 2858 5138; x_wconf 84' lang='grc' dir='ltr'>Γάϊος</span> <span class='ocrx_word' id='word_1_854' title='bbox 2884 5070 2971 5147; x_wconf 79' lang='grc' dir='ltr'>ἦν.</span> <span class='ocrx_word' id='word_1_855' title='bbox 3002 5078 3123 5131; x_wconf 88' lang='grc' dir='ltr'>Ὅτι</span> <span class='ocrx_word' id='word_1_856' title='bbox 3157 5080 3250 5132; x_wconf 70' lang='grc' dir='ltr'>καὶ</span> <span class='ocrx_word' id='word_1_857' title='bbox 3281 5079 3523 5136; x_wconf 79' lang='grc' dir='ltr'>ἄστατον</span> <span class='ocrx_word' id='word_1_858' title='bbox 3548 5079 3673 5155; x_wconf 80' lang='grc' dir='ltr'>ήθος</span> 
     </span>
    </p>
   </div>
   <div class='ocr_carea' id='block_1_120' title="bbox 2106 5154 2877 5228">
    <p class='ocr_par' dir='ltr' id='par_1_120' title="bbox 2106 5154 2877 5228">
     <span class='ocr_line' id='line_1_120' title="bbox 2106 5154 2877 5228; baseline 0.005 -19"><span class='ocrx_word' id='word_1_859' title='bbox 2106 5154 2270 5228; x_wconf 77' lang='grc' dir='ltr'>εἶχεν.</span> <span class='ocrx_word' id='word_1_860' title='bbox 2316 5159 2439 5212; x_wconf 92' lang='grc' dir='ltr'>Ὅτι</span> <span class='ocrx_word' id='word_1_861' title='bbox 2472 5159 2623 5212; x_wconf 84' lang='grc' dir='ltr'>ἐθέου</span> <span class='ocrx_word' id='word_1_862' title='bbox 2662 5159 2877 5214; x_wconf 78' lang='grc' dir='ltr'>ἑαυτόν.</span> 
     </span>
    </p>
   </div>
   <div class='ocr_carea' id='block_1_121' title="bbox 2174 5241 3671 5316">
    <p class='ocr_par' dir='ltr' id='par_1_121' title="bbox 2174 5241 3671 5316">
     <span class='ocr_line' id='line_1_121' title="bbox 2174 5241 3671 5316; baseline 0.004 -18"><span class='ocrx_word' id='word_1_863' title='bbox 2174 5242 2241 5298; x_wconf 90' lang='grc' dir='ltr'>Ν.</span> <span class='ocrx_word' id='word_1_864' title='bbox 2280 5241 2343 5298; x_wconf 85' lang='lat' dir='ltr'>V.</span> <span class='ocrx_word' id='word_1_865' title='bbox 2378 5244 2514 5313; x_wconf 72' lang='grc' dir='ltr'>Περὶ</span> <span class='ocrx_word' id='word_1_866' title='bbox 2546 5243 2814 5296; x_wconf 85' lang='grc' dir='ltr'>Κλαυδίου</span> <span class='ocrx_word' id='word_1_867' title='bbox 2845 5242 2939 5297; x_wconf 90' lang='grc' dir='ltr'>τοῦ</span> <span class='ocrx_word' id='word_1_868' title='bbox 2972 5241 3199 5315; x_wconf 76' lang='grc' dir='ltr'>ὕστερον</span> <span class='ocrx_word' id='word_1_869' title='bbox 3234 5244 3671 5316; x_wconf 84' lang='grc' dir='ltr'>βασιλεύσαντος.</span> 
     </span>
    </p>
   </div>
   <div class='ocr_carea' id='block_1_122' title="bbox 2107 5326 3671 5399">
    <p class='ocr_par' dir='ltr' id='par_1_122' title="bbox 2107 5326 3671 5399">
     <span class='ocr_line' id='line_1_122' title="bbox 2107 5326 3671 5399; baseline 0.006 -21"><span class='ocrx_word' id='word_1_870' title='bbox 2107 5326 2230 5379; x_wconf 84' lang='grc' dir='ltr'>Ὅτι</span> <span class='ocrx_word' id='word_1_871' title='bbox 2261 5326 2353 5379; x_wconf 87' lang='grc' dir='ltr'>καί</span> <span class='ocrx_word' id='word_1_872' title='bbox 2376 5344 2497 5379; x_wconf 86' lang='grc' dir='ltr'>τινα</span> <span class='ocrx_word' id='word_1_873' title='bbox 2527 5326 2668 5380; x_wconf 71' lang='grc' dir='ltr'>καλὰ</span> <span class='ocrx_word' id='word_1_874' title='bbox 2697 5327 2724 5377; x_wconf 84' lang='lat'>6</span> <span class='ocrx_word' id='word_1_875' title='bbox 2760 5327 2918 5391; x_wconf 84' lang='grc' dir='ltr'>Γάϊος</span> <span class='ocrx_word' id='word_1_876' title='bbox 2947 5327 3202 5399; x_wconf 82' lang='grc' dir='ltr'>ἔπραξεν.</span> <span class='ocrx_word' id='word_1_877' title='bbox 3247 5331 3439 5397; x_wconf 81' lang='grc' dir='ltr'>Ὅπως</span> <span class='ocrx_word' id='word_1_878' title='bbox 3467 5336 3671 5388; x_wconf 76' lang='grc' dir='ltr'>συνέλεο</span> 
     </span>
    </p>
   </div>
   <div class='ocr_carea' id='block_1_123' title="bbox 2104 5412 3670 5488">
    <p class='ocr_par' dir='ltr' id='par_1_123' title="bbox 2104 5412 3670 5488">
     <span class='ocr_line' id='line_1_123' title="bbox 2104 5412 3670 5488; baseline 0.006 -24"><span class='ocrx_word' id='word_1_879' title='bbox 2104 5429 2200 5481; x_wconf 90' lang='grc' dir='ltr'>γεν</span> <span class='ocrx_word' id='word_1_880' title='bbox 2228 5415 2255 5467; x_wconf 89' lang='lat'>6</span> <span class='ocrx_word' id='word_1_881' title='bbox 2309 5413 2470 5475; x_wconf 82' lang='grc' dir='ltr'>Γάϊος</span> <span class='ocrx_word' id='word_1_882' title='bbox 2495 5413 2780 5483; x_wconf 86' lang='grc' dir='ltr'>χρήματα.</span> <span class='ocrx_word' id='word_1_883' title='bbox 2820 5412 2948 5469; x_wconf 78' lang='grc' dir='ltr'>Ὀτι</span> <span class='ocrx_word' id='word_1_884' title='bbox 2978 5414 3074 5469; x_wconf 80' lang='grc' dir='ltr'>καὶ</span> <span class='ocrx_word' id='word_1_885' title='bbox 3108 5416 3297 5488; x_wconf 80' lang='grc' dir='ltr'>ῥήτωρ</span> <span class='ocrx_word' id='word_1_886' title='bbox 3327 5418 3510 5474; x_wconf 88' lang='grc' dir='ltr'>δοκεῖν</span> <span class='ocrx_word' id='word_1_887' title='bbox 3538 5417 3670 5474; x_wconf 76' lang='grc' dir='ltr'>εἶναι</span> 
     </span>
    </p>
   </div>
   <div class='ocr_carea' id='block_1_124' title="bbox 2102 5495 2854 5568">
    <p class='ocr_par' dir='ltr' id='par_1_124' title="bbox 2102 5495 2854 5568">
     <span class='ocr_line' id='line_1_124' title="bbox 2102 5495 2854 5568; baseline 0 -18"><span class='ocrx_word' id='word_1_888' title='bbox 2102 5496 2261 5568; x_wconf 85' lang='grc' dir='ltr'>ήθελε</span> <span class='ocrx_word' id='word_1_889' title='bbox 2288 5495 2589 5558; x_wconf 78' lang='grc' dir='ltr'>δεινότατος</span> <span class='ocrx_word' id='word_1_890' title='bbox 2613 5497 2641 5547; x_wconf 92' lang='lat'>6</span> <span class='ocrx_word' id='word_1_891' title='bbox 2673 5496 2854 5559; x_wconf 82' lang='grc' dir='ltr'>Γάϊος.</span> 
     </span>
    </p>
   </div>
   <div class='ocr_carea' id='block_1_125' title="bbox 2172 5579 3647 5656">
    <p class='ocr_par' dir='ltr' id='par_1_125' title="bbox 2172 5579 3647 5656">
     <span class='ocr_line' id='line_1_125' title="bbox 2172 5579 3647 5656; baseline 0.003 -20"><span class='ocrx_word' id='word_1_892' title='bbox 2172 5582 2237 5637; x_wconf 89' lang='grc' dir='ltr'>Ν.</span> <span class='ocrx_word' id='word_1_893' title='bbox 2267 5579 2354 5635; x_wconf 86' lang='lat' dir='ltr'>VI.</span> <span class='ocrx_word' id='word_1_894' title='bbox 2395 5580 2520 5632; x_wconf 90' lang='grc' dir='ltr'>Ὅτι</span> <span class='ocrx_word' id='word_1_895' title='bbox 2548 5579 2641 5633; x_wconf 77' lang='grc' dir='ltr'>καὶ</span> <span class='ocrx_word' id='word_1_896' title='bbox 2682 5579 2877 5648; x_wconf 85' lang='grc' dir='ltr'>φόνους</span> <span class='ocrx_word' id='word_1_897' title='bbox 2918 5582 3149 5646; x_wconf 79' lang='grc' dir='ltr'>πολλοὺς</span> <span class='ocrx_word' id='word_1_898' title='bbox 3197 5587 3441 5656; x_wconf 79' lang='grc' dir='ltr'>ἀκρίτως</span> <span class='ocrx_word' id='word_1_899' title='bbox 3474 5592 3647 5643; x_wconf 83' lang='grc' dir='ltr'>ἐποίει</span> 
     </span>
    </p>
   </div>
   <div class='ocr_carea' id='block_1_126' title="bbox 2104 5665 3671 5749">
    <p class='ocr_par' dir='ltr' id='par_1_126' title="bbox 2104 5665 3671 5749">
     <span class='ocr_line' id='line_1_126' title="bbox 2104 5665 3671 5749; baseline 0.004 -28"><span class='ocrx_word' id='word_1_900' title='bbox 2104 5668 2242 5740; x_wconf 70' lang='grc' dir='ltr'>Περὶ</span> <span class='ocrx_word' id='word_1_901' title='bbox 2271 5665 2564 5736; x_wconf 84' lang='grc' dir='ltr'>ἐπιϐουλῆς</span> <span class='ocrx_word' id='word_1_902' title='bbox 2593 5667 2735 5719; x_wconf 88' lang='grc' dir='ltr'>κατά</span> <span class='ocrx_word' id='word_1_903' title='bbox 2764 5666 2926 5719; x_wconf 70' lang='grc' dir='ltr'>Γαΐου</span> <span class='ocrx_word' id='word_1_904' title='bbox 2949 5671 3266 5745; x_wconf 78' lang='grc' dir='ltr'>γενομένης.</span> <span class='ocrx_word' id='word_1_905' title='bbox 3291 5675 3427 5747; x_wconf 74' lang='grc' dir='ltr'>Περὶ</span> <span class='ocrx_word' id='word_1_906' title='bbox 3462 5679 3671 5749; x_wconf 79' lang='grc' dir='ltr'>Πρωτο-</span> 
     </span>
    </p>
   </div>
   <div class='ocr_carea' id='block_1_127' title="bbox 2103 5752 3032 5823">
    <p class='ocr_par' dir='ltr' id='par_1_127' title="bbox 2103 5752 3032 5823">
     <span class='ocr_line' id='line_1_127' title="bbox 2103 5752 3032 5823; baseline 0.002 -15"><span class='ocrx_word' id='word_1_907' title='bbox 2103 5756 2313 5823; x_wconf 85' lang='grc' dir='ltr'>γένους,</span> <span class='ocrx_word' id='word_1_908' title='bbox 2342 5754 2436 5806; x_wconf 82' lang='grc' dir='ltr'>καὶ</span> <span class='ocrx_word' id='word_1_909' title='bbox 2475 5754 2582 5807; x_wconf 86' lang='grc' dir='ltr'>τῶν</span> <span class='ocrx_word' id='word_1_910' title='bbox 2613 5754 2778 5810; x_wconf 85' lang='grc' dir='ltr'>αὐτοῦ</span> <span class='ocrx_word' id='word_1_911' title='bbox 2810 5752 3032 5823; x_wconf 81' lang='grc' dir='ltr'>βίϐλων.</span> 
     </span>
    </p>
   </div>
  </div>
