3964 6252
263 387 369 450 36‘.)

1395 386 1796 447 ANNALIUM
1833 386 2338 458 ARGUMENTA.

3407 385 3515 443 370

263 497 531 566 φανέντος
595 497 674 567 τῷ
730 497 952 568 μεγάλῳ
1009 494 1409 566 Κωνσταντίνῳ
1469 495 1537 548 δι’
1589 492 1838 560 ἀστέρων
1869 492 1910 546 Α
1941 489 2280 545 ’Λποστασία
2314 495 2585 549 Σιλϐάνου
2619 496 2712 548 καὶ
2742 494 3047 565 ἀναίρεσις.
3078 495 3221 548 Ὅσα
3265 496 3291 547 6
3328 496 3526 547 Σαπώδ

232 646 238 650 η
269 581 540 650 σταυροῦ,
574 581 669 634 καὶ
696 581 848 644 ὅπως
874 581 1127 635 ἀπώλετο
1163 584 1192 635 6
1227 580 1553 645 Μαξέντιος.
1594 579 1716 628 ’Ότι
1751 573 1845 625 καὶ

262 669 368 736 τῆς
410 665 634 736 Ῥώμης
681 667 775 719 καὶ
815 667 917 737 τῆς
951 667 1188 729 Ἰταλίας
1241 666 1552 736 ἐκράτησεν
1601 663 1630 715 6
1672 661 1846 731 μέγας

266 753 705 813 Κωνσταντῖνος.
733 751 855 804 Ὅτι
887 751 1031 803 κατά
1081 752 1330 805 Λικινίου
1366 745 1778 818 ἐκστρατεύσας
1817 745 1845 796 6

264 838 458 903 Μέγας
484 836 895 898 Κωνσταντῖνος
926 836 1182 902 ἐνίκησεν
1202 853 1214 867 ·
1242 836 1320 897 είς
1347 835 1404 888 δέ
1435 832 1844 899 Θεσσαλονίκην

262 920 431 972 αὐτὸν
458 919 806 988 περιώρισεν,
833 919 964 973 ἔνθα
995 923 1087 973 καὶ
1113 919 1375 990 ἀνῃρέθη.
1409 919 1543 988 Περὶ
1565 915 1845 969 όπτασιῶν

261 1004 341 1073 τῷ
365 1003 604 1070 Μεγάλῳ
629 1005 1029 1074 Κωνσταντίνῳ
1057 1005 1358 1070 φανεισῶν.

334 1091 409 1144 Ν.
437 1092 504 1144 II.
544 1091 667 1142 "0::
698 1089 976 1158 λελώϐητο
1001 1090 1062 1141 :6
1089 1090 1250 1158 σῶμα
1293 1082 1450 1150 οὗτος
1489 1089 1517 1140 6
1561 1085 1842 1155 βασιλεὺς,

262 1174 363 1228 καὶ
391 1178 542 1239 ὅπως
570 1175 780 1229 παίδων
803 1176 998 1244 αἵματι
1026 1173 1325 1227 λούσασθαι
1356 1173 1718 1241 προτραπεὶς,
1743 1171 1845 1225 οὐκ

259 1259 558 1326 ἠθέλησεν.
588 1260 714 1311 "0::
736 1261 786 1312 οί
815 1261 1107 1329 κορυφαῖοι
1127 1260 1235 1310 τῶν
1259 1257 1578 1311 ἀποστόλων
1607 1255 1744 1324 όναρ
1766 1253 1847 1321 τῷ

262 1343 482 1410 βασιλεῖ
545 1343 848 1412 ἐφάνησαν,
902 1345 1000 1396 καὶ
1062 1343 1327 1396 ὑπέθεντο
1391 1342 1617 1410 τρόπον,
1680 1342 1747 1394 δι’
1783 1332 1844 1393 οὗ

263 1427 556 1494 ἰαθήσεται
577 1444 590 1459 ο
617 1430 712 1482 καὶ
745 1427 820 1489 ὡς
851 1427 1170 1497 βαπτισθεὶς
1194 1427 1345 1496 ίάθη.
1381 1429 1490 1481 Καὶ
1507 1428 1575 1480 τά
1599 1426 1847 1479 είδωλεῖα

261 1511 640 1566 ἀπέκλεισεν(
668 1514 807 1582 Περὶ
835 1513 946 1566 τῶν
995 1513 1268 1566 Ἰουδαίων
1299 1513 1394 1566 καὶ
1431 1512 1534 1580 τῆς
1562 1512 1700 1580 πρὸς
1743 1509 1845 1562 αὐ-

257 1599 390 1660 τοὺς
428 1598 721 1662 διαλέξεως
765 1599 860 1652 :06
907 1599 1065 1664 ἁγίου
1101 1598 1458 1667 Σιλϐέστρου,
1483 1597 1577 1650 καὶ
1629 1595 1722 1648 :06
1753 1595 1847 1646 ἐπὶ

257 1681 339 1749 τῷ
371 1681 561 1750 ταύρῳ
587 1681 891 1750 θαύματος.
929 1683 1067 1750 Περὶ
1097 1682 1197 1751 τῆς
1229 1681 1504 1750 εὑρέσεως
1552 1679 1648 1732 τοῦ
1701 1678 1844 1730 θείου

260 1766 529 1831 σταυροῦ.
553 1768 691 1834 Περὶ
715 1767 827 1820 τῶν
862 1766 1068 1819 παίδων
1088 1767 1182 1819 τοῦ
1209 1766 1466 1833 Μεγάλου
1502 1762 1846 1817 Κωνσταντί-

1952 590 2050 642 ρης
2092 575 2168 644 τῷ
2199 579 2565 644 Κωνσταντίῳ
2613 579 2921 645 ἐπέστειλε,
2959 579 3052 633 καὶ
3082 580 3110 632 6
3143 580 3526 640 Κωνστάντιος

1947 656 2104 721 αὖθις
2138 661 2359 730 ἐκείνῳ.

2015 741 2086 794 Ν.
2127 743 2196 795 Χ.
2240 743 2366 796 Ὅτι
2396 743 2656 813 Καίσαρα
2686 746 2779 798 τὸν
2810 745 3103 799 Ίουλιανδν
3130 746 3320 799 ἀνεῖπε
3365 746 3526 798 Κων-

1951 826 2202 888 στάντιος
2229 867 2244 891 ,
2279 827 2377 880 καὶ
2408 828 2508 896 τὴν
2539 829 2778 898 ἀδελφὴν
2822 829 3044 899 Ἑλένην
3073 829 3226 900 αὐτῷ
3267 829 3526 892 συνέζευσ

1948 907 2063 973 ξεν.
2112 909 2237 962 Ὅτι
2275 911 2332 962 ἐν
2381 911 2640 980 πολέμοις
2691 913 2988 983 εὐτύχησεν
3045 913 3353 974 Ἰουλιανός.
3402 911 3527 965 "0::

1945 993 2328 1064 ἀπεστάτησεν
2350 993 2640 1058 Ἰουλιανὸς
2676 998 2769 1048 καὶ
2792 996 3098 1064 Αὐγουστος
3119 997 3224 1048 61:6
3240 995 3334 1050 :06
3358 1012 3526 1064 στρα-

1945 1076 2040 1148 τοῦ
2063 1079 2429 1146 ἀνηγορεύθη.
2451 1072 2552 1131 Οἷα
2573 1077 2652 1147 τῷ
2675 1079 3040 1148 Κωνσταντίῳ
3064 1078 3528 1132 ἐπέστειλενῚου-

1951 1147 2157 1224 λὶανός.
2189 1157 2310 1228 ,Οἷα
2354 1160 2522 1224 αὖθις
2559 1163 2799 1232 ἐμήνυσε
2857 1165 2934 1231 τῷ
2976 1147 3246 1234 Ἰουλιανῷ
3302 1164 3330 1215 6
3374 1165 3528 1216 Κων-

1949 1240 2341 1316 στάντιος.οἷα
2383 1247 2521 1313 πρὸς
2559 1249 2628 1298 τα
2657 1245 2750 1298 τοῦ
2796 1247 3180 1298 Κώνσταντίου
3229 1245 3525 1316 μηνύματα

1947 1315 2203 1380 ἀντέθετο
2246 1330 2273 1380 6
2312 1327 2626 1390 Ἰουλιανὸς,
2663 1331 2760 1381 καὶ
2799 1331 2900 1382 ὅσα
2945 1328 3094 1398 αὐτῷ
3121 1315 3455 1382 ἐπέστειλεν.

2018 1415 2086 1468 Ν.
2126 1415 2352 1470 Χ1.Ὅτι
2377 1417 2521 1470 κατά
2552 1417 2650 1470 τοῦ
2686 1417 3072 1471 Κωνσταντίου
3097 1417 3255 1488 ἐπῄει
3287 1418 3314 1469 6
3338 1414 3532 1486 ιῑςύραν⁸

1948 1515 2038 1560 νος
2073 1501 2240 1569 μήπω
2274 1501 2375 1568 τήν
2421 1500 2618 1554 ἑαυτοῦ
2670 1503 2915 1572 ἐκφήνας
2960 1501 3242 1554 ἀσέϐειαν.
3287 1498 3531 1561 Τελευτὴ

1948 1583 2362 1636 Κωνσταντίου.
2412 1579 2540 1646 Οἷος
2601 1587 2630 1636 6
2679 1585 3062 1645 Κωνστάντιος
3104 1579 3195 1654 ἦν.
3256 1584 3396 1653 Περὶ
3431 1582 3532 1650 τῆς

1948 1665 2165 1739 Ἀρείου
2195 1668 2521 1739 διαφθορᾶς.
2557 1670 2696 1738 Περί¹
2723 1669 3108 1740 πατριαρχῶν.
3135 1669 3263 1722 "0::
3291 1670 3317 1722 6
3343 1669 3534 1721 Μακε-

1953 1745 2128 1810 δὸνιος
2162 1748 2222 1800 τὸ
2251 1749 2413 1816 σῶμα
2440 1747 2535 1802 τοῦ
2573 1749 2834 1816 Μεγάλου
2884 1749 3300 1803 Κωνσταντίνου
3328 1749 3407 1811 είς
3441 1747 3532 1799 τὸν

256 1866 380 1901 νου.
410 1829 524 1901 Καὶ
549 1829 700 1910 ὅπως
725 1850 909 1902 ἀνεῖλε
941 1851 1034 1902 τδν
1068 1850 1185 1903 υἱὸν
1214 1829 1384 1902 αὐτοῦ
1417 1847 1689 1918 Κρίσπον,
1731 1846 1845 1899 διαο
1874 1850 1922 1912 Β
1953 1829 2083 1918 γβδν
2124 1831 2220 1918 ττξῧ
2263 1833 2425 1918 ἅγιον
2476 1833 2819 1918 με-τήνεῖκεν
2839 1833 3149 1918 ,Ἀδξςικίουο
3188 1831 3350 1918 βμδθις
3504 1830 3534 1879 ὁ

257 1931 395 2000 ϐολῇ
439 1933 537 2000 τῆς
582 1933 812 2002 μητρὸς,
845 1929 966 1986 εἶτα
997 1934 1280 2002 κάκείνην.
1320 1935 1442 1986 Ὀτι
1471 1931 1601 1993 τούς
1629 1932 1848 2002 Σαρμά-

255 2035 358 2068 τας
392 2017 492 2068 καὶ
526 2017 655 2079 τοὺς
687 2018 920 2081 Γότθους
963 2019 1242 2089 ἐνίκησεν.

331 2101 404 2155 Ν.
455 2101 551 2154 III.
593 2103 728 2170 Περὶ
757 2103 855 2169 τῆς
901 2103 1132 2165 κτίσεως
1187 2099 1840 2160 Κωνσταντινουπόλεως.

257 2187 375 2238 Καὶ
406 2179 520 2237 οἷον
545 2181 614 2254 ἦν
639 2187 701 2238 :6
732 2186 1046 2250 Βυζάντιον.
1078 2185 1209 2257 Περὶ
1242 2185 1338 2238 τοῦ
1365 2187 1454 2239 ἐπὶ
1481 2183 1561 2254 τῷ
1585 2183 1847 2253 γενεθλίῳ

255 2269 362 2334 τῆς
408 2268 618 2330 πόλεως
671 2271 969 2339 γενομένου
1005 2268 1476 2338 θεματίου.οΠερὶ
1507 2269 1600 2320 :06
1634 2267 1841 2330 Βυζανο

254 2350 402 2412 τίοι),
441 2353 533 2404 καὶ
557 2353 658 2405 ὅσα
688 2355 715 2404 6
743 2352 883 2404 Δίων
927 2354 1057 2422 περὶ
1099 2353 1264 2406 αὐτοῦ
1305 2354 1528 2422 ίστορεῖ.
1585 2353 1718 2422 Περὶ
1753 2351 1848 2405 :06

255 2436 318 2485 ἐν
342 2433 423 2501 τῷ
446 2433 726 2504 Πλακωτῷ
760 2435 959 2497 κίονος,
991 2437 1083 2488 καὶ
1113 2435 1206 2490 τοῦ
1245 2438 1302 2488 ἐν
1333 2434 1482 2503 αὐτῷ
1509 2436 1844 2504 ἀγάλματος.

256 2520 405 2586 Περὶ
437 2518 531 2570 τοῦ
584 2520 989 2590 πατριαρχικοῦ
1046 2521 1241 2592 θρόνου
1282 2522 1382 2590 τῆς
1429 2520 1554 2583 νέας
1599 2520 1842 2590 Ῥώμης.

173 2633 180 2640 ι
259 2601 403 2669 Περὶ
426 2602 519 2656 τοῦ
551 2603 711 2670 ἁγίου
741 2604 1172 2674 Μητροφάνους.

330 2687 398 2739 Ν.
435 2685 524 2740 IV.
567 2688 702 2756 Περὶ
745 2687 964 2759 Ἀρείου
1013 2691 1107 2742 καὶ
1151 2689 1252 2756 τῆς
1291 2689 1614 2749 κακοδοξίας
1651 2688 1838 2742 αὐτοῦ.

259 2770 403 2838 Περὶ
435 2771 532 2838 τῆς
565 2773 622 2824 ἐν
652 2771 856 2842 Νικαίᾳ
888 2771 1108 2842 πρώτης
1145 2773 1385 2826 συνόδου.
1409 2774 1541 2840 Περὶ
1581 2772 1843 2826 Εὐσεϐίου

259 2849 364 2902 τοῦ
417 2851 730 2918 Παμφίλου.
781 2852 918 2920 Περὶ
971 2852 1066 2904 τοῦ
1111 2852 1269 2920 ἁγίου
1325 2851 1621 2917 συμϐόλου.
1657 2852 1845 2913 Ὅπως

265 2933 504 3002 ἐτίμησε
543 2937 669 2998 τοὺς
706 2936 898 3005 ἁγίους
924 2937 1176 3008 Πατέρας
1213 2940 1241 2991 6
1275 2937 1552 3006 βασιλεύς.
1589 2937 1713 2990 "0::
1749 2936 1842 2988 :06

260 3017 430 3080 ἁγίου
467 3019 863 3089 Μητροφάνους
900 3021 1180 3083 θανόντος,
1230 3024 1258 3073 6
1309 3021 1452 3083 θεῖος
1488 3020 1844 3089 Ἀλέξανδρος

259 3101 461 3165 γέγονε
508 3105 872 3174 πατριάρχης.
907 3105 1148 3174 Τελευτὴ
1220 3105 1321 3173 τῆς
1381 3106 1544 3172 ἁγίας
1595 3103 1840 3172 ⁹Ελένης.

1957 1911 2342 1974 Κωνστάντιος
2377 1915 2462 1976 είς
2501 1914 2594 1966 τὸν
2640 1913 2770 1966 ναὸν
2794 1915 2906 1966 τῶν
2945 1915 3145 1982 Ἀγίων
3177 1911 3533 1985 ΔἈιιοστόλων

1948 1992 2085 2044 αὐτὸ
2119 1995 2506 2064 μετεκόμισεν.
2543 1997 2682 2065 Περὶ
2705 1999 2815 2048 τῶν
2842 1995 3014 2064 ἁγίων
3042 1997 3361 2050 ἀποστόλων
3405 1995 3527 2046 ’Λν-

1953 2076 2113 2145 δρέου
2150 2079 2247 2131 καὶ
2278 2081 2648 2151 ΛουκᾶΑῙερὶ
2677 2081 2946 2144 Εὐσεϐίας
2970 2084 3068 2152 τῆς
3097 2081 3345 2152 γαμετῆς
3379 2080 3534 2132 Κων-

1949 2175 2223 2215 σταντιου.

2021 2245 2092 2298 Ν.
2131 2245 2382 2300 XII."0::
2413 2248 2644 2318 ἐτίμησε
2669 2249 2761 2302 τὸν
2792 2247 2888 2302 τοῦ
2919 2247 3307 2303 Κωνσταντίου
3337 2246 3534 2317 νεκρὸν

1948 2329 1977 2380 6
2008 2328 2318 2392 Ἰουλιανός.
2382 2331 2507 2384 Ὅτι
2536 2332 2814 2405 ίλιτότητα
2853 2334 2881 2385 6
2933 2332 3260 2403 παραϐάτης
3319 2331 3531 2402 μετῄει.

1953 2411 2076 2465 Ὅτι
2108 2414 2245 2484 μετά
2273 2414 2374 2485 τὴν
2402 2417 2704 2487 μοναρχίαν
2735 2417 2986 2487 φανερῶς
3009 2417 3078 2472 τὰ
3111 2417 3384 2487 Ἑλλήνων
3412 2415 3531 2468 ἐσέ-

1951 2496 2097 2550 ϐετο.
2135 2498 2259 2551 Ὀτι
2305 2498 2551 2552 ἐκώλυσε
2594 2502 2724 2563 τοὺς
2780 2501 3147 2573 Χριστιανοὺς
3190 2499 3534 2571 μαθημάτων

1949 2580 2224 2649 μετέχειν.
2265 2582 2391 2637 "0::
2429 2584 2704 2654 ἐπέτρεψε
2733 2588 2849 2647 τοῖς
2882 2585 3165 2645 Ἰουδαίοις
3203 2583 3295 2637 τὸν
3333 2587 3390 2636 ἐν
3435 2582 3535 2636 Ἱε-

1947 2665 2142 2733 ροσολύ
2153 2682 2281 2735 μοις
2315 2667 2446 2720 ναὸν
2479 2657 2792 2741 ἀνεγεῖραι.
2812 2671 2949 2740 Περὶ
2975 2668 3267 2732 Εὐσεϐίου,
3295 2667 3394 2722 καὶ
3422 2667 3532 2720 τῶν

1944 2747 2126 2800 ἀλλων
2178 2751 2472 2821 εὐνούχων.
2538 2754 2664 2807 Ὅτι
2723 2756 2788 2807 :6
2847 2757 2906 2808 ἐν
2950 2756 3073 2817 ταῖς
3137 2753 3378 2821 Δάφναις
3435 2753 3532 2804 τοῦ

1966 2829 2308 2897 ’Λπόλλωνος
2335 2835 2566 2905 ἄγαλμα
2588 2877 2602 2900 ,
2642 2838 2736 2890 καὶ
2768 2839 2863 2891 τὸν
2899 2839 3030 2892 ναὸν
3080 2835 3324 2906 σκηπτὸς
3368 2835 3531 2889 κατέ-

1947 2930 2172 2969 καυσεν.
2207 2919 2347 2989 Περὶ
2389 2919 2500 2974 τῶν
2525 2919 2699 2988 ἁγίων
2753 2921 3068 2991 Ἀρτεμίου,
3117 2921 3208 2975 καὶ
3246 2920 3527 2989 Εὐγενίουν

1948 2999 2042 3050 καὶ
2065 3001 2382 3070 Μακαρίου.

2021 3081 2086 3136 Ν.
2120 3085 2262 3137 XIII.
2308 3086 2501 3150 Ὅπως
2532 3088 2559 3140 6
2589 3088 2915 3160 παραϐάτης
2941 3089 3056 3152 τοῖς
3082 3088 3322 3158 Πέρσαις
3359 3088 3530 3158 μαχόο

257 3183 510 3254 Τελευτὴ
557 3185 652 3238 τοῦ
701 3171 958 3254 Μεγάλου
1007 3171 1442 3243 Κωνσταντίνου..
1497 3184 1623 3251 υἷος
1666 3183 1735 3260 ἦν
1773 3171 1842 3241 τά
1870 3201 1912 3257 c
1953 3185 2133 3238 μενθςν
2161 3171 2391 3260 ἀφᾳνῶξ
2419 3175 2563 3260 ’(9⁸τά
2595 3175 2696 3260 τῆς
2730 3176 2973 3246 πλευρᾶς
2996 3176 3234 3247 ἐτρώθη*
3268 3175 3362 3229 καὶ
3386 3175 3530 3260 rem"

259 3268 370 3337 ήθη
413 3271 442 3322 6
476 3270 620 3332 θεῖος
659 3273 847 3326 οὐτοσὶ
887 3276 1271 3346 αὐτοκράτωρ.

246 3372 250 3374 '
326 3353 402 3407 N.
435 3353 498 3407 V.
533 3355 724 3410 Ὅπως
759 3360 788 3426 ή
823 3358 1070 3428 βασιλεία
1110 3360 1401 3429 Ῥωμαίων
1423 3361 1504 3424 είς
1541 3366 1666 3421 τοὺς
1691 3362 1842 3429 τρεῖς

257 3438 536 3508 ἐμερίσθη
630 3442 824 3503 παῖδας
905 3445 1000 3498 τοῦ
1066 3447 1323 3512 Μεγάλου
1392 3447 1836 3502 Κωνσταντίνου.

257 3521 492 3575 Κοττίαι
534 3523 937 3595 ὠνομάσθησαν
989 3530 1095 3582 ἀπὸ
1138 3530 1370 3583 Κοττίου
1419 3530 1687 3600 βασιλέως
1731 3529 1841 3582 τῶν

249 3603 443 3657 τόπων
503 3609 717 3661 τούτων
779 3614 1102 3682 γενομένου.
1163 3615 1287 3668 Ὀτι
1338 3617 1367 3668 6
1423 3617 1841 3676 Κωνσταντῖνος

254 3687 510 3741 ἐπελθὼν
560 3691 640 3760 τῷ
688 3694 782 3747 τοῦ
841 3695 1202 3760 Κώνσταντος
1259 3699 1438 3770 λάχει,
1486 3697 1694 3769 ἡττήθη
1743 3698 1840 3752 καὶ

251 3773 526 3843 ἀνῃρέθη.
559 3775 684 3830 "0::
719 3779 747 3830 6
779 3779 1048 3844 Κώνστας
1077 3783 1171 3834 καὶ
1207 3782 1305 3852 τῆς
1339 3782 1636 3851 ἀδελφικῆς
1682 3781 1841 3850 ἐκρά-

251 3874 394 3939 τησε
433 3859 655 3930 μοίρας,
701 3864 795 3915 καὶ
838 3865 942 3918 ὑπὸ
987 3866 1333 3934 Μαγνεντίου
1377 3866 1642 3939 ἀνῃρέθη.
1701 3866 1842 3935 Περὶ

250 3938 356 4007 τῆς
409 3943 548 4009 1:96;
595 3943 810 4015 Πέρσας
878 3949 1057 4018 μάχης
1113 3947 1208 4002 :06
1255 3938 1665 4004 Κωνσταντίου.
1730 3949 1841 4002 Καὶ

250 4025 390 4092 περὶ
428 4025 727 4094 Ὀρμίσδου
776 4030 869 4082 τοῦ
899 4032 1136 4100 Πέρσου.

309 4106 402 4159 Ν.
437 4107 523 4163 VI.
558 4111 750 4176 Ὅπως
781 4115 809 4166 6
848 4115 1189 4188 Mayvévno;
1241 4117 1521 4188 τυραννίδι
1571 4117 1840 4188 ἐπικεχεί-

256 4207 457 4258 ρηκεν.
495 4191 805 4263 Ἀναίρεσις
854 4183 1238 4263 Κώνσταντος.
1279 4200 1408 4254 "0::
1447 4201 1678 4265 πολλοὺς
1731 4201 1840 4254 τῶν

251 4272 698 4346 ἀξιολογιυτέρων
727 4281 1008 4334 ἀπώλεσεν
1036 4285 1064 4336 6
1089 4285 1448 4352 Μαγνέντιος.

324 4359 395 4410 Ν.
431 4359 547 4414 VII.
602 4362 725 4415 "0::
749 4366 1021 4436 Σαπώρης
1075 4369 1103 4420 6
1160 4368 1390 4438 Περσῶν
1446 4367 1723 4436 βασιλεὺς,
1773 4371 1836 4439 τῇ

262 4443 566 4512 Ῥωμαίων
596 4445 756 4518 χώρᾳ
791 4451 1019 4504 ἐπέθετο
1047 4453 1144 4507 καὶ
1170 4455 1389 4508 Νίσιϐιν
1423 4454 1796 4524 πολιορκήσας
1821 4494 1835 4513 .

1948 3270 2094 3307 σκων
2129 3256 2271 3308 κατὰ
2302 3257 2396 3310 τοῦ
2444 3259 2684 3327 Χριστοῦ
2732 3260 3131 3330 ἐϐλασφήμησε
3158 3302 3171 3324 ,
3209 3261 3307 3313 κα)⁵
3343 3259 3524 3319 οὕτως

1944 3336 2045 3406 τὴν
2092 3337 2288 3392 ἀθλίαν
2322 3341 2492 3394 αὐτοῦ
2523 3343 2706 3413 ψυχὴν
2758 3344 3137 3415 ἀπηρεύξατο.
3184 3338 3312 3408 υἷος
3351 3339 3418 3416 ἦν
3458 3344 3529 3398 τά

1944 3419 2048 3491 ἢθη
2077 3423 2106 3476 6
2142 3422 2450 3488 Ἰουλιανός.
2501 3429 2636 3495 Περὶ
2682 3428 2777 3480 τοῦ
2814 3428 3056 3499 ὀνείρου.
3111 3429 3249 3503 Περὶ
3293 3429 3524 3498 σημείου

1943 3505 2231 3576 δηλοῦντος
2261 3509 2353 3562 τὸν
2383 3511 2480 3562 τοῦ
2521 3513 2849 3581 παραϐάτου
2876 3512 3131 3568 θάνατον.

2013 3599 2084 3653 Ν.
2124 3600 2265 3657 XIV.
2316 3602 2450 3666 Οἴας
2500 3605 2528 3657 6
2581 3602 2835 3669 Ἰοϐιανδς
2893 3605 3049 3660 ἔθετο
3102 3606 3243 3675 1:96;
3308 3607 3536 3676 Πέρσας,

1945 3688 2201 3751 σπονδάς.
2240 3691 2378 3761 Περὶ
2409 3692 2512 3762 τῆς
2544 3693 2810 3764 τελευτῆς
2849 3691 3130 3747 Ἰοϐιανοῦ.
3163 3694 3302 3763 Περὶ
3324 3693 3525 3747 Σαλου-

1946 3773 2121 3828 στίου.
2158 3774 2280 3828 "0::
2324 3776 2476 3847 παρά
2515 3777 2735 3831 πάντων
2773 3777 3030 3848 βασιλεὺς
3081 3776 3525 3838 Οὐαλεντινιανὸς

1945 3859 2245 3930 ἐψηφίσθη.
2273 3856 2403 3925 Οἷος
2425 3857 2494 3934 ἦν
2517 3863 2804 3926 Ἰοϐιανός.

1941 3944 1985 4002 3‘
2012 3942 2080 4000 N.
2116 3944 2231 4001 XV.
2267 3949 2402 4021 Περὶ
2429 3947 2807 4020 πατριάρχῶν.
2841 3950 2964 4004 "0::
2998 3952 3088 4001 τὸν
3119 3947 3349 4016 ἀδελφὺν
3385 3945 3522 4000 Οὐάσ

1942 4026 2103 4082 λεντα
2192 4031 2448 4084 κοινωνὸν
2510 4033 2607 4101 τῆς
2669 4032 2946 4101 βασιλείας
2997 4035 3024 4087 6
3083 4030 3527 4091 Οὐαλεντινιανὸς

1946 4114 2494 4185 προσελάϐετο.ῐῐερὶ
2538 4118 2813 4182 Ῥοδάνου,
2866 4120 2961 4171 καὶ
2995 4119 3144 4177 ὅπως
3187 4117 3377 4168 τοῦτον
3409 4115 3526 4165 ἀδι-

1944 4196 2147 4252 κοῦντα
2181 4201 2440 4254 ἐκόλασεν
2466 4201 2937 4264 Οὐαλεντινιανός.
2968 4198 3208 4270 Τελευτὴ
3236 4197 3332 4249 :06
3378 4196 3522 4248 Οὐα-

1943 4277 2298 4335 λεντινιανοῧ.

2013 4363 2080 4418 Ν.
2108 4364 2248 4420 XVI.
2285 4369 2420 4435 Περὶ
2460 4368 2553 4422 τοῦ
2605 4367 2872 4437 βασιλέως
2915 4367 3236 4429 Οὐάῧεντος,
3265 4364 3359 4418 καὶ
3409 4361 3518 4416 τῶν

1943 4450 2084 4501 κατὰ
2120 4451 2396 4505 θάλασσαν
2425 4453 2855 4523 ἐμπρησθέντων
2883 4452 3034 4523 παρά
3076 4450 3244 4505 αὐτοῦ
3301 4448 3518 4520 ἱερέων.

251 4528 545 4592 ἄπρακτος
567 4529 1068 4602 ἀνεχώρησεν.”οτι
1093 4538 1188 4591 καί¹
1213 4538 1528 4608 Βρετανίων
1557 4535 1836 4606 τυραννίδι
1872 4540 1916 4596 Ι)
1949 4533 2082 4602 Περὶ
2127 4534 2227 4603 τῆς
2277 4538 2334 4589 ἐν
2372 4537 2578 4608 Νικαίᾳ
2603 4537 2952 4606 Ἐκκλησία·,
3007 4535 3101 4587 καὶ
3146 4535 3240 4585 :06
3278 4530 3518 4602 μεγάλου

251 4611 706 4683 ἐπικεχείρηκεν.
747 4617 920 4687 Ὅναρ
962 4619 1040 4688 τῷ
1087 4623 1456 4692 Κωνσταντίῳ
1481 4621 1669 4691 όφθέν.
1710 4620 1836 4674 "0::

253 4695 570 4765 προσῆλθεν
599 4699 626 4750 6
650 4698 958 4766 Βρετανίων
980 4703 1060 4774 τῷ
1086 4705 1477 4778 Κωνσταντίῳ.

323 4779 396 4832 Ν.
456 4780 596 4834 VIII.
655 4784 790 4856 Περὶ
838 4787 1184 4856 Μαγνεντίου
1245 4791 1684 4861 τυραννήσαντος
1742 4793 1837 4845 καὶ

254 4861 634 4930 συμδαλόντος
714 4868 792 4938 τῷ
883 4873 1247 4940 Κωνσταντίῳ
1303 4874 1651 4944 ἡττηθέντος.
1711 4873 1837 4927 "0::

251 4945 516 5012 ἡττηθεὶς
573 4947 601 4998 6
662 4949 1004 5019 Μαγνέντιος
1064 4956 1293 5024 ἔφυγεν.
1351 4956 1477 5010 "0::
1532 4957 1627 5009 καὶ
1678 4955 1837 5020 αὖθις

252 5028 397 5097 πρὸς
429 5029 672 5100 πόλεμον
719 5037 746 5086 6
787 5038 1126 5106 Μαγνέντιος
1155 5040 1504 5110 ἡτοιμάζετο.
1530 5041 1654 5094 Ὅτι
1689 5042 1825 5093 ἐπε-

254 5111 558 5166 ϐούλευσεν
587 5115 616 5167 6
637 5116 984 5184 Μαγνέντιος
1004 5123 1083 5193 τῷ
1107 5123 1316 5194 Γάλλῳ.
1349 5124 1484 5194 Περὶ
1505 5123 1600 5176 :06
1641 5126 1834 5194 Ὀρόνα

252 5212 350 5250 του
422 5202 699 5270 ποταμοῦ.
756 5204 948 5271 Ὅπως
979 5209 1262 5281 ,ἐγνώσθη
1317 5211 1350 5280 ή
1419 5210 1560 5264 κατά
1629 5211 1836 5266 Γάλλου

255 5283 521 5353 ἐπιϐουλή
534 5324 548 5338 .

331 5369 397 5420 Ν.
436 5371 530 5423 ΙΧ.
567 5371 696 5425 Ὅτι
724 5375 820 5427 καὶ
845 5372 1005 5439 αὖθις
1035 5377 1242 5448 ἡττήθη
1277 5381 1303 5432 6
1329 5380 1692 5449 Μαγνέντιος,
1739 5381 1838 5435 καὶ

256 5451 452 5507 ἑαυτὸν
485 5455 842 5526 διεχρήσατο.
896 5460 1022 5513 "0::
1067 5462 1338 5532 μόναρχος
1381 5468 1408 5517 6
1457 5466 1838 5531 Κωνστάντιος

257 5537 502 5608 κατέστη
529 5539 626 5592 καὶ
673 5540 970 5612 ὁλοκλήρου
999 5544 1097 5613 τῆς
1129 5546 1305 5615 ἀρχῆς
1359 5547 1586 5616 γέγονεν
1633 5550 1838 5620 ἐγκρα-

259 5621 377 5689 τής.
415 5622 621 5686 Ὅπως
648 5625 676 5676 6
710 5625 908 5687 Γάλλος
943 5626 1358 5698 ὑπερεφρόνησε
1386 5673 1400 5696 ,
1435 5633 1677 5695 καὶτοὺς
1710 5649 1840 5702 συγ-

259 5703 559 5774 κλητικοὺς
597 5708 812 5760 ἀνεῖλεν
839 5709 1065 5779 ἄνδρας,
1100 5712 1194 5765 καὶ
1224 5713 1394 5781 αὐτῆς
1427 5714 1523 5767 τοῦ
1558 5709 1838 5786 Καίσαρος

264 5788 421 5850 ἀξίας
453 5792 686 5852 ἐξέπεσε
722 5793 816 5846 καὶ
851 5794 952 5857 τῆς
993 5793 1136 5859 ζωῆς
1179 5797 1448 5860 ἐστερήθη
1497 5800 1831 5862 ἀναιρεθείς.

1941 4616 2225 4669 Βασιλείου
2267 4619 2562 4691 γενομένου
2596 4620 2896 4690 θαύματος.
2933 4620 3067 4690 Περὶ
3111 4617 3214 4687 τῆς
3259 4615 3520 4684 τελευτῆς

1939 4699 2036 4752 τοῦ
2087 4701 2407 4769 Οὐάλεντος,
2459 4706 2552 4758 καὶ
2601 4705 2700 4773 τῆς
2751 4707 2880 4775 περὶ
2914 4705 3119 4776 ταύτης
3154 4704 3520 4775 προρρήσεως

1939 4782 2034 4835 :06
2078 4785 2228 4838 ὁσίου
2262 4786 2557 4843 Ἰλσαακίου.
2595 4789 2731 4861 Περὶ
2770 4793 2869 4860 τῆς
2904 4789 3212 4862 Προκοπίου
3260 4786 3519 4856 τυραννί-

1940 4869 2048 4933 δος,
2083 4872 2180 4924 καὶ
2229 4873 2328 4942 τῆς
2361 4873 2735 4946 καθαιρέσεως
2771 4877 2877 4927 τῶν
2912 4874 3104 4946 τειχῶν
3151 4872 3518 4942 Χαλκηδόνος.

1941 4955 2079 5025 Περὶ
2107 4958 2209 5024 τῆς
2238 4958 3079 5030 ἀλεκτορομαντείαςΊαμϐλίχου
3106 4959 3202 5011 καὶ
3230 4957 3514 5012 Λιϐανίου.
3549 5017 3558 5024 ,

2017 5039 2082 5094 Ν.
2110 5039 2270 5096 XVII.
2305 5042 2428 5095 "0::
2464 5043 2558 5094 τὸν
2586 5044 2704 5096 νέον
2745 5042 3188 5096 Οὐαλεντινιανὸν
3221 5044 3254 5110 ὴ
3288 5043 3516 5111 στρατιά

1943 5123 2171 5194 βασιλέα
2208 5129 2448 5181 ἀνεῖπεν.
2495 5129 2628 5196 Περὶ
2667 5127 2948 5181 Θε·.δοσίου
2980 5128 3074 5181 τοῦ
3128 5127 3188 5192 ἐξ
3219 5128 3516 5190 Ἱσπανίας,

1939 5209 2036 5260 καὶ
2097 5210 2246 5270 ὅπως
2298 5212 2422 5273 τούς
2477 5210 2692 5274 Σκύθας
2753 5213 3027 5282 ἐνίκησεν.
3081 5210 3326 5280 Τελευτὴ
3377 5209 3520 5281 Γρα-

1938 5307 2146 5345 τιανου.

2011 5373 2077 5430 Ν.
2115 5375 2304 5430 XVIII.
2345 5376 2464 5429 Ὅτι
2498 5375 2525 5429 ὁ
2558 5375 2811 5446 Μάξιμος
2839 5380 3117 5447 τυραννίδι
3163 5377 3514 5450 ἐπικεχείρη-

1940 5475 2036 5512 κεν
2064 5459 2417 5528 ἀπανθρώπῳ
2457 5461 2598 5513 κατά
2627 5461 2719 5514 :06
2748 5460 2870 5514 νεοῦ
2908 5461 3382 5526 Οὐαλεντινιανοῦ,
3420 5462 3513 5514 καὶ

1942 5541 2236 5612 κρατηθεὶς
2292 5543 2443 5612 παρὰ
2492 5543 2777 5597 Θεοδοσίου
2826 5544 3089 5614 ἀνῃρέθη.
3143 5546 3265 5597 "0::
3320 5544 3512 5598 ἑαυτὸν

1940 5631 2150 5684 ἀνεῖλεν
2181 5631 2207 5683 6
2239 5631 2706 5695 Οὐαλεντινιανός.
2747 5633 2870 5685 "0::
2894 5633 3184 5686 ἐστασίασε
3213 5634 3352 5686 κατᾶ
3383 5635 3514 5687 Θεο-

1941 5716 2120 5769 δοσίου
2166 5717 2193 5768 6
2231 5715 2402 5784 δῆμος
2450 5714 2558 5768 τῶν
2607 5715 3046 5770 Θεσσαλονικέων
3074 5735 3087 5748 ⁸
3127 5721 3154 5770 6
3183 5720 3238 5771 δὲ
3272 5719 3514 5774 ἔκτεινεν

1943 5798 2120 5854 αὐτῶν
2147 5800 2277 5854 ώσεὶ
2305 5798 2701 5854 πεντεκαίδεκα
2732 5800 2977 5871 χιλιάδας
3003 5843 3017 5868 ,
3055 5803 3151 5857 καὶ
3179 5805 3324 5869 ὅπως
3353 5805 3515 5876 ἠλέγ-
