3958 6242
401 365 504 430 371

1683 358 1999 424 JOANNIS
2039 357 2360 424 ΖΟΝΑΒιΕ

3553 366 3662 428 372

401 481 505 549 χθη
547 481 696 548 παρᾶ
726 480 819 533 τοῦ
858 481 1094 550 μεγάλου
1127 479 1481 550 ’Λμϐροσίοω
1530 478 1652 530 Ὅτι
1697 475 1910 530 ανεῖλεν
1957 474 1984 524 6
2013 472 2059 528 Δ
2087 473 2182 526 τοῦ
2217 477 2465 546 Ζήνωνος
2492 479 2643 550 αὐτῷ
2676 477 3109 549 προσετέθησαν.
3146 477 3270 529 Ὅτι
3301 477 3607 546 ἐπανῆλθεν
3634 481 3664 533 6

402 563 696 628 65066310;
730 565 817 618 τὸν
873 565 1132 634 τύραννον
1193 564 1470 632 Εὑγένιον.
1525 561 1657 632 Περὶ
1712 561 1806 629 τῆς
1867 557 1974 611 τῶν
2084 558 2271 626 Ζήνων
2302 562 2382 624 είς
2411 561 2481 614 τὰ
2518 561 2786 630 βασίλεια,
2836 562 2929 615 καὶ
2967 563 2996 614 6
3037 560 3350 627 βασιλίσκος
3379 561 3521 614 ἐάλω
3567 564 3664 614 καὶ

404 645 675 699 Ἰουδαίων
721 652 1064 718 συναγωγῆς.
1117 648 1182 719 ἢν
1234 649 1293 700 ἐν
1341 649 1455 708 τοῖς
1507 642 1976 712 Χαλκοπρατείοις
2082 641 2371 713 διεφθάρη.
2409 645 2545 713 Περὶ
2592 645 2689 697 τοῦ
2723 643 3058 716 ἐμπρησμοῦ
3113 645 3409 711 γενομένου
3457 646 3515 696 ἐν
3551 646 3663 706 τοῖς

405 730 650 795 ἐκτισαν,
681 734 776 786 καὶ⁷
811 734 956 796 ὅπως
983 733 1078 787 καὶ
1112 733 1202 787 διὰ
1231 731 1441 800 ταύτην
1469 733 1496 784 6
1531 730 1702 800 μέγας
1736 727 1976 798 ’Λμϐρό-

407 831 518 876 σιος
563 817 1032 887 ἐπαρρησιάσατο.
1073 815 1206 887 Περὶ
1243 818 1341 886 τῆς
1371 815 1428 867 ἐν
1459 813 1769 884 ’Λντιοχείᾳ
1822 827 1979 877 γενο-

409 902 579 970 μένης
610 898 862 964 ἀταξίας.

475 982 541 1036 Ν.
576 983 719 1039 XIX.
761 986 897 1052 Περὶ
943 986 1042 1054 τῆς
1087 982 1345 1052 δευτέρας
1395 983 1634 1037 συνόδου.
1698 982 1831 1052 Περὶ
1882 978 1977 1033 106

407 1065 560 1134 ἁγίου
612 1066 982 1137 Ἀμφιλοχίου.
1029 1068 1150 1120 Ὅτι
1196 1065 1438 1133 βασιλεῖς
1493 1065 1585 1117 καὶ
1635 1067 1802 1135 ἄμφω
1851 1064 1980 1125 τοὺς

407 1150 558 1213 υίους
594 1151 965 1221 ἀνηγόρευσεν
1000 1154 1027 1205 6
1055 1151 1356 1212 θεοδόσιος,
1382 1154 1477 1204 καὶ
1511 1154 1639 1220 περὶ
1689 1151 1783 1204 τοῦ
1819 1151 1979 1218 ἁγίου

418 1233 720 1301 Ἀρσενίου.
750 1235 992 1304 Τελευτὴ
1020 1236 1114 1288 106
1153 1233 1419 1303 βασιλέως
1447 1235 1752 1288 Θεοδοσίου.

479 1317 544 1372 Ν.
583 1318 706 1376 XX.
740 1320 875 1388 Περὶ
904 1321 996 1372 106
1027 1320 1441 1390 Χρυσοστόμου,
1473 1321 1620 1380 ὅπως
1649 1319 1840 1386 γέγονε
1872 1335 1980 1370 πα-

407 1404 696 1473 τριάρχης,
749 1404 842 1456 καὶ
889 1405 1036 1469 ὅπως
1087 1404 1379 1474 ἐξωρίσθη.
1415 1403 1651 1471 Τελευτὴ
1704 1402 1977 1468 Εὐδοξίας.

412 1483 569 1540 Τίνες
603 1482 742 1552 μετὰ
773 1485 866 1538 τὸν
897 1485 1285 1555 Χρυσόστομον
1327 1485 1578 1553 ἐγένοντο
1617 1484 1980 1554 πατριάρχαι.

413 1565 650 1636 Τελευτὴ
680 1568 990 1637 Ἀρκαδίου.

485 1647 548 1704 Ν.
589 1649 731 1706 XXI.
783 1653 918 1722 Περὶ
964 1653 1059 1706 τοῦ
1116 1651 1382 1722 βασιλέως
1428 1651 1709 1721 Ὀνωρίου.
1745 1649 1984 1720 Τελευτὴ

424 1729 682 1803 Ὀνωρίου
693 1772 704 1785 .

2085 729 2301 799 χρόνοις
2348 729 2442 784 τοῦ
2485 731 2841 794 Βασιλίσκου,
2877 731 2966 800 ὑφ’
2995 724 3058 783 οὗ
3093 730 3188 783 καὶ
3219 730 3467 797 Ὅμαροε
3495 731 3553 780 ἐν
3597 731 3663 799 τῇ

2088 813 2338 884 βασιλικῇ
2375 815 2696 885 βιϐλιοθήκῃ
2756 816 3048 884 διεφθάρη.
3087 816 3209 866 Ὅτι
3237 813 3472 874 πολλοὺς
3495 815 3525 864 ὁ
3556 815 3666 877 Ζή-

2085 917 2194 952 νων
2225 900 2486 967 ἐφόνευσε
2516 899 2844 970 βασιλεύσας
2872 899 2932 952 τὺ
2961 899 3243 968 δεύτερον.
3281 896 3525 967 Τελευτὴ
3561 897 3668 965 Ζή-

2089 999 2283 1034 νωνος.

2158 999 2198 1034 ιν
2269 1022 2283 1034 .

2158 999 2356 1121 ΝῗςΙΙΙ.
2394 1065 2560 1120 Ὅθεν
2611 1066 2835 1134 Δίκορος
2903 1065 3151 1118 ἐκαλεῖτο
3206 1067 3234 1119 6
3283 1067 3664 1127 Ἀναστάσιος.

2091 1150 2226 1220 Περὶ⁵
2276 1151 2654 1220 πατριαρχῶν.
2701 1151 2824 1203 ’Ὁτι
2864 1152 3215 1220 χρεωκοπίαν
3247 1153 3274 1204 6
3308 1151 3666 1212 Ἀναστάσιος

2088 1233 2265 1299 ἔθετο,
2313 1237 2410 1287 καὶ
2449 1235 2540 1286 τὸν
2590 1233 2684 1287 106
2721 1234 3124 1305 Χρυσαργύρου
3156 1235 3354 1302 δεσμὸν
3389 1232 3669 1300 ἐξέκοψεν.

2091 1318 2216 1372 Ὅτι
2265 1319 2367 1386 τῆς
2409 1317 2517 1372 τῶν
2569 1317 2913 1386 συγχυτικῶν
2956 1319 3222 1387 αἱρέσεως
3250 1321 3279 1370 6
3310 1316 3671 1376 ’Δνασεάσιος

2089 1404 2350 1472 γεγονὼς,
2405 1404 2496 1456 τὸν
2546 1403 2897 1473 πατριάρχην
2946 1402 3200 1472 ἐξώρισε.
3234 1402 3371 1471 Περὶ
3399 1400 3670 1467 Λογγίνου

2089 1490 2185 1543 τοῦ
2233 1488 2467 1558 ἀδελφοῦ
2518 1489 2766 1556 Ζήνωνος
2798 1487 3144 1556 τυραννῆσαι
3188 1485 3670 1555 ἐπιχειρήσαντος.

2091 1576 2187 1628 καὶ
2215 1575 2342 1643 περὶ
2369 1573 2475 1625 τῶν
2499 1571 2787 1638 Ἰσαύρων.
2826 1571 2962 1640 Περὶ
2991 1571 3085 1624 τοῦ
3119 1571 3280 1625 πάπα
3309 1570 3408 1638 τῆς
3423 1567 3671 1636 Ῥώμης.

2094 1659 2231 1729 Περὶ
2288 1655 2396 1709 τῶν
2441 1654 2786 1722 Μυλγάρων.
2837 1654 2974 1724 Περὶ
3022 1653 3342 1706 Βιταλιανοῦ
3392 1651 3671 1720 τυραννή-

2097 1758 2310 1802 σαντος.
2340 1739 2450 1793 Καὶ
2479 1739 2627 1799 ὅπως
2654 1737 3104 1808 κατεπολεμήθη,
3125 1738 3219 1790 καὶ
3248 1737 3378 1804 περὶ
3401 1733 3674 1804 Πρόκλου.

489 1815 551 1869 Ν·
587 1815 758 1873 xx”-
788 1818 922 1889 Περὶ
958 1819 1056 1888 τῆς
1081 1819 1140 1882 ἐξ
1171 1819 1416 1889 Ἀθηνῶν
1461 1820 1724 1882 Εὺδοκίας
1773 1818 1807 1889 ἢ
1858 1835 1986 1871 συν·
2024 1827 2068 1887 Β
2097 1828 2221 1880 Ὅτι
2245 1823 2568 1894 προσθήκην
2592 1825 2673 1884 είς
2704 1821 2765 1874 τὸ
2790 1821 3088 1891 Τρισάγιον
3121 1819 3480 1890 βουληθέντος
3512 1818 3673 1883 ποιή-

413 1897 598 1968 ᾠκησε
627 1900 704 1967 τῷ
734 1901 1024 1971 Θεοδοσίῳ.
1060 1903 1195 1972 Περὶ
1248 1903 1343 1958 τοῦ
1396 1903 1653 1973 εὐνούχου
1689 1902 1986 1971 Ἀντιόχου.

417 1981 550 2052 Περὶ
597 1983 703 2038 τῶν
743 1985 842 2048 τῆς
881 1985 1155 2053 βασιλίδος
1187 1985 1454 2054 ἀδελφῶν.
1503 1988 1637 2056 Περὶ
1663 1985 1759 2039 τοῦ
1793 1986 1873 2048 είς
1900 1986 1991 2037 τὸν

415 2067 728 2136 παραλυτον
772 2068 1024 2122 Ἰουδαῖον
1059 2071 1357 2139 θαύματος.

484 2147 548 2202 Ν.
585 2148 774 2205 XXIII.
809 2154 940 2220 Περὶ
967 2155 1346 2223 πατριαρχῶν,
1380 2155 1472 2206 καὶ
1512 2155 1642 2222 περὶ
1693 2151 1990 2222 Νεστορίου

418 2233 515 2284 καὶ
560 2232 659 2302 τῆς
690 2233 856 2288 αὑτοῦ
888 2235 1180 2305 αἱρέσεως.
1220 2238 1354 2305 Περὶ
1383 2239 1482 2307 τῆς
1509 2237 1699 2307 τρίτης
1747 2236 1989 2290 συνόδου.

420 2315 556 2383 Περὶ
589 2316 700 2367 τῶν
750 2317 1190 2387 ἀπολειφθέντων
1238 2320 1338 2388 τῆς
1388 2321 1610 2373 συνόδου
1668 2321 1992 2390 ἀρχιερέων,

417 2402 507 2448 καὶ
543 2397 642 2450 ὅσα
695 2399 984 2470 ἐποίησαν.
1023 2402 1147 2455 Ὅτι
1177 2402 1256 2464 είς
1287 2403 1862 2457 Κωνσταντινούπολιν
1900 2419 1996 2472 με-

417 2481 782 2550 τακληθέντες
849 2485 895 2536 οί
967 2485 1067 2553 τῆς
1135 2486 1398 2552 συνόδου,
1464 2486 1804 2556 ὡμονόησαν.
1861 2485 1996 2554 Περὶ

421 2565 798 2635 πατριαρχῶν.
861 2568 993 2638 ΠερὲΙ
1048 2567 1152 2638 τῆς
1211 2569 1546 2640 ἀνακομιδῆς
1591 2569 1686 2622 τοῦ
1743 2569 1996 2639 σώματος

420 2647 514 2701 τοῦ
569 2650 983 2722 Χρυσοστόμου.
1048 2652 1172 2705 Ὀτι
1225 2655 1253 2706 6
1304 2654 1421 2716 νέος
1483 2655 1764 2717 Θεοδίσιος
1832 2655 1994 2723 μετέ-

422 2734 545 2788 θετο
573 2735 644 2788 τὰ
694 2737 850 2806 τείχη
904 2737 1004 2808 τῆς
1061 2736 1290 2804 πόλεως,
1345 2739 1439 2792 καὶ
1493 2741 1622 2810 περὶ
1672 2738 1856 2809 Κύρου
1903 2739 1997 2792 τοῦ

423 2819 692 2889 ἐπάρχου.

496 2901 560 2956 Ν.
593 2901 780 2956 XXIV.
819 2904 953 2975 Περὶ
1001 2903 1096 2956 τοῦ
1147 2905 1488 2975 πατριάρχου
1526 2907 1850 2970 Φλαϐιανοῦ,
1904 2909 2000 2960 καὶ

424 2987 556 3056 περὶ⁵
582 2986 854 3056 Εὑτυχοῦς
888 2986 983 3040 τοῦ
1005 2989 1308 3058 αίρετικοῦ.
1333 2991 1457 3042 Ὅτι
1487 2990 1564 3061 τῷ
1592 2989 2003 3061 Ἀλεξανδρείας-

425 3071 702 3143 Διοσκόρῳ
749 3073 1036 3142 ἐπετράπη
1069 3075 1100 3142 ή
1138 3071 1368 3144 ζήτησις
1419 3074 1529 3128 τῶν
1578 3075 1672 3127 τοῦ
1726 3075 1999 3145 Εὑτυχοῦς

2099 1910 2296 1963 σασθαι
2325 1908 2419 1960 τοῦ
2439 1906 2818 1968 Ἀναστασίου,
2838 1905 2900 1957 τὸ
2930 1903 3212 1974 όρθόδοξον
3237 1902 3334 1956 106
3360 1899 3492 1953 λαοῦ
3516 1902 3675 1952 ἐστα-

2092 1996 2272 2054 σίασε,
2305 1991 2401 2045 καὶ
2431 1991 2530 2044 ὅσα
2561 1990 2840 2054 ἐποίησεν.

2164 2076 2231 2132 Ν.
2261 2074 2357 2128 IV.
2401 2074 2536 2143 Περὶ
2569 2071 3032 2141 Ἀλαμουνδάρου,
3083 2072 3180 2125 καὶ
3226 2070 3378 2134 ὅπως
3417 2072 3547 2133 τοὺς
3581 2065 3673 2122 τοῦ

2093 2162 2332 2231 Σευήρου
2377 2156 2713 2217 ἐπισκόπους
2758 2154 3060 2218 διέπαιζεν.
3102 2154 3238 2224 Περὶ
3281 2155 3392 2208 τῶν
3433 2152 3677 2219 Βουλγά-

2097 2265 2228 2317 ρων,
2266 2245 2360 2298 καὶ
2385 2243 2532 2300 ὅπως
2558 2242 2807 2310 ἥττησαν
2853 2240 2981 2301 τοὺς
3019 2239 3354 2307 Ῥωμαίους.
3393 2238 3529 2306 Περὶ
3575 2252 3679 2289 πα-

2094 2325 2392 2400 τριαρχῶν.
2413 2325 2545 2392 Περὶ
2561 2322 2656 2378 τοῦ
2669 2323 2765 2400 τῇς
2789 2323 2960 2391 τύχης
2976 2321 3078 2389 τῆς
3104 2321 3310 2385 πόλεως
3339 2321 3677 2390 ἀγάλματος.

2097 2414 2234 2482 Περὶ
2251 2410 2360 2464 τῶν
2377 2407 2674 2476 ὀνειράτων
2702 2399 2776 2458 ὧν
2809 2401 2948 2458 εἶδεν
2977 2408 3005 2458 6
3029 2404 3409 2467 Ἀναστάσιος.
3437 2401 3678 2469 Τελευτὴ

2096 2497 2192 2551 τοῦ
2229 2493 2497 2565 βασιλέως
2525 2487 2908 2544 Ἀναστασίου.
2941 2489 3066 2544 Ὅτι
3134 2488 3164 2540 6
3218 2488 3576 2548 ’Λναστάσιος
3625 2483 3682 2536 ε-

2097 2601 2250 2637 κτισε
2282 2580 2344 2633 τὸ
2367 2577 2593 2644 Μακρὸν
2621 2577 2817 2644 τεῖχος.

2172 2667 2237 2722 Ν.
2272 2664 2338 2719 V.
2381 2667 2573 2726 Ὅπως
2603 2663 2631 2714 6
2657 2663 2944 2722 Ίουστῖνος
2986 2661 3066 2722 είς
3099 2658 3199 2728 τὴν
3229 2656 3511 2728 βασιλείαν
3550 2653 3682 2725 ἀνή-

2098 2751 2226 2824 χθη.
2261 2749 2385 2802 Ὅτι
2448 2744 2691 2819 ἀνῃρέθη
2723 2746 2750 2798 6
2780 2743 3036 2812 εὐνοῦχος
3073 2742 3390 2810 ’Δμάντιος.
3426 2739 3551 2824 Ὅτι
3583 2737 3685 2824 τήν

2101 2820 2159 2889 ἐν
2191 2831 2498 2902 Χαλκηδόνι
2531 2828 2749 2882 σύνοδον
2780 2827 3063 2896 ἐκύρωσεν
3096 2826 3409 2888 Ἰουστῖνος,
3452 2821 3550 2874 καὶ
3585 2820 3682 2902 τὴν

2101 2913 2348 2984 γαμετὴν
2371 2898 2659 2978 ’ἔστεψενο
2713 2907 2807 2962 καὶ
2849 2906 2980 2976 περὶ
3032 2903 3379 2959 Βιταλιανοῦ.
3411 2903 3550 2969 Περὶ
3588 2898 3682 2951 106

2102 2996 2401 3058 δυσσεϐοῦς
2452 2993 2722 3063 Σεϐήρου,
2771 2991 2868 3045 καὶ
2915 2988 3012 3042 106
3054 2989 3175 3058 μετ’
3210 2988 3372 3040 αὐτὸν
3426 2987 3687 3056 ἀρχιερα-

2103 3083 2397 3143 τεύσαντος
2451 3077 2686 3132 Παύλου.
2749 3075 2884 3142 Περὶ
2918 3073 3300 3143 πατριαρχῶν.
3335 3072 3464 3125 Ὅτι
3503 3068 3688 3120 ἐσπεί-

423 3155 730 3224 δογμάτων,
763 3158 857 3209 καὶ
885 3157 986 3211 ὅσα
1011 3158 1222 3220 ἐκεῖνος
1254 3158 1538 3228 ἐποίησεν.
1572 3159 1694 3211 Ὅτι
1720 3158 1815 3211 τοῦ
1853 3160 1994 3211 Φλα-
2022 3168 2066 3227 c
2103 3185 2238 3223 σατο
2292 3165 2408 3226 τοῖς
2457 3162 2696 3230 Πέρσαις
2757 3159 3070 3218 ἰουστῖνος.
3131 3158 3256 3210 Ὅτι
3318 3153 3477 3215 αὖθις
3537 3152 3684 3219 μάχη

427 3241 617 3296 ϐιανοῦ
647 3242 922 3306 θανόντος,
952 3245 1301 3316 πατριάρχης
1336 3246 1747 3315 κεχειροτόνητο
1773 3243 1998 3296 ’Δνατό-

426 3324 558 3388 λιος,
580 3325 704 3380 Ὀτι
732 3326 830 3398 τὴν
855 3328 1189 3399 Πουλχερίαν
1215 3330 1519 3398 μετέστησε
1551 3327 1651 3398 τῆς
1679 3327 2000 3398 διοικήσεως

427 3411 457 3460 6
505 3409 805 3474 Θεοδόσιος.
848 3411 972 3464 Ὅτι
1023 3410 1180 3474 αὖθις
1224 3415 1291 3483 τῇ
1351 3411 1553 3481 ἀδελφῇ
1578 3411 1679 3481 τὴν
1707 3411 1997 3480 διοίκησιν.

431 3495 617 3554 ’Ὅπως
675 3497 708 3565 ή
757 3496 1060 3567 Πουλχερία
1113 3496 1353 3550 ἐϐελτίου
1401 3498 1495 3550 τὶν
1532 3496 1780 3564 ἀδελφόν.
1810 3497 2002 3561 Ὅπως

427 3579 528 3648 τὴν
568 3579 886 3646 Αύγούσταν
940 3581 1203 3633 Εὐδοκίαν
1251 3579 1582 3650 ἀπέστερξῖν
1623 3581 1652 3632 6
1701 3579 1998 3645 Θεοδόσιος.

431 3662 668 3730 Τελευτὴ
695 3663 999 3714 Θεοδοσίου.
1032 3659 1156 3724 Οἷος
1186 3660 1255 3734 ἦν
1287 3666 1316 3718 6
1351 3665 1654 3728 Θεοδόσιος.

501 3741 567 3798 Ν.
619 3743 786 3797 XXV.
861 3745 994 3814 Περὶ
1062 3747 1307 3814 σημείων
1390 3748 1819 3817 προμηνυόντων
1903 3749 2004 3820 τὴν

436 3828 715 3896 βασιλείαν
754 3827 830 3898 τῷ
881 3829 1204 3900 Μαρκιανῷ.
1260 3829 1394 3901 Περὶ
1442 3830 1542 3900 τῆς
1565 3831 1834 3902 τετάρτης
1875 3849 2005 3886 συν-

433 3912 574 3966 όδου.

508 3995 572 4048 Ν.
606 3992 798 4050 XXVI.
837 3996 970 4066 Περὶ
1000 3996 1376 4066 πατριαρχών.
1411 3997 1548 4066 Περὶ
1583 3997 1672 4051 τοῦ
1706 3997 2004 4066 γενομένου

437 4080 718 4152 θαύματος
753 4082 901 4152 παρὰ
935 4083 1034 4148 τῆς
1067 4081 1228 4148 ἁγίας
1265 4082 1545 4153 μάρτυρος
1596 4083 1886 4156 Εὐφημίας
1913 4086 2008 4140 ἐπὶ

437 4169 500 4238 τῇ
538 4167 716 4238 κρίσει
763 4166 870 4219 τῶν
904 4167 1086 4236 τὸμων
1119 4165 1217 4234 τῆς
1272 4165 1527 4229 πίστεως.
1569 4167 1806 4239 Τελευτὴ
1837 4170 2009 4223 Πουλ-

436 4251 628 4323 χερίας
672 4251 772 4318 τῆς
826 4249 1168 4321 βασιλίσσης.
1221 4251 1355 4321 Περὶ
1402 4249 1853 4306 Οὐαλεντινιανοῧ
1909 4253 2004 4308 τοῦ

436 4334 656 4404 ἀνεψιοῦ
684 4335 944 4404 Ὀνωρίου
971 4333 1063 4387 τοῦ
1092 4335 1147 4387 ἐν
1167 4332 1352 4403 Ῥώμῃ
1370 4332 2008 4405 βασιλεύσαντος.Ὅπως

436 4419 578 4472 ἐάλω
607 4420 757 4489 παρὰ
785 4418 1066 4488 Γιζερίχου
1089 4418 1182 4470 τοῦ
1208 4419 1499 4489 Ούαδήλων
1530 4420 1696 4490 ῥηγὸς
1728 4422 1759 4491 ὴ
1799 4417 2005 4492 Ῥώμη.

438 4502 481 4554 Τ
487 4502 680 4572 ελευτὴ
712 4502 807 4555 106
841 4502 1110 4572 βασιλέως
1144 4503 1490 4570 διαρκιανοῦ.

754 4626 956 4681 LIBER
1001 4626 1299 4683 DECIMUS
1337 4628 1691 4695 QUARTUS.

510 4747 578 4803 Ν.
615 4747 656 4801 I.
693 4748 818 4800 Ὅτι
846 4747 937 4799 τὸν
964 4747 1078 4798 υἱὸν
1105 4746 1201 4799 106
1236 4748 1516 4816 ’Λσπαρος
1545 4748 1572 4799 6
1602 4749 1754 4802 Λέων
1789 4749 2016 4820 ἐποίησε

445 4834 723 4902 Καίσαρα,
757 4832 848 4883 καὶ
876 4831 959 4884 ὅτι
1003 4833 1030 4884 6
1065 4830 1238 4900 δῆμος
1269 4833 1559 4884 ἐστασίασε
1591 4834 1680 4886 διὰ
1708 4835 1885 4899 τοῦτο,
1923 4836 2019 4890 καὶ

442 4923 524 4972 ὅτι
569 4917 646 4978 ὡς
693 4914 1143 4977 ἐπιϐουλεύοντας
1193 4917 1342 4983 αὑτῷ
1392 4917 1604 4969 ἀνεῖλεν
1645 4919 1674 4970 6
1717 4919 1871 4973 Λέων
1927 4921 2019 4973 τὸν

446 5005 706 5070 Ἀσπιρα
735 5001 828 5053 καὶ
856 4999 946 5052 τὸν
975 5000 1087 5052 υίὸν
1119 4999 1281 5053 αὐτοῦ
1307 4999 1364 5052 ’Λ
1377 5000 1714 5071 ρδαϐούριον.
1752 5003 1888 5072 Περὶ⁵
1924 5006 2017 5058 τοῦ

451 5085 808 5154 Κοιαίστορος
840 5083 1163 5140 Ἰσοκασίου.
1181 5086 1326 5154 Περὶ
1353 5083 1444 5136 τοῦ
1482 5085 1773 5154 γενομένου
1798 5087 2018 5157 ἐμπρη-

450 5167 587 5238 σμοῦ
622 5171 710 5219 ἐπὶ
738 5169 833 5236 τῆς
869 5165 1148 5235 βασιλείας
1177 5167 1420 5228 Λέοντος.
1447 5168 1579 5236 Περὶ
1609 5169 1702 5221 τοῦ
1727 5169 2016 5240 γενομένου

453 5256 510 5306 ἐν
555 5252 857 5323 Ἀντιοχείᾳ
893 5251 1138 5320 σεισμοῦ.
1186 5251 1310 5303 Ὂτι
1343 5252 1371 5303 6
1408 5252 1736 5316 Βασιλίσκος
1788 5273 2017 5325 στρατο-

452 5338 730 5408 πεδάρχης
789 5336 1156 5407 προϐληθεὶς,
1216 5334 1309 5388 καὶ
1372 5337 1696 5407 προσϐαλὼν
1750 5342 1864 5404 τοῖς
1921 5343 2018 5396 106

450 5423 775 5492 Γιςερίχου,
837 5421 1064 5491 ήττήθη.
1100 5419 1224 5473 Ὅτι
1275 5419 1504 5487 ἔγγονον
1563 5423 1727 5476 αὑτοῦ
1784 5425 1810 5476 6
1867 5425 2020 5479 Λέων

453 5504 648 5575 ἔστεφε
695 5505 986 5573 διαδήματι
1045 5504 1124 5566 είς
1181 5503 1426 5572 βασιλέα.
1488 5507 1622 5576 Περὶ
1675 5509 1772 5576 τῆς
1832 5510 2020 5578 τιμίας

451 5590 676 5658 ἐσθῆτος
702 5591 799 5657 τῆς
835 5589 1120 5640 Θεοτόκου.
1178 5589 1313 5660 Περὶ
1359 5591 1735 5662 πατριαρχῶν.
1780 5591 2019 5663 Τελευτὴ

452 5674 490 5727 Λ
503 5674 614 5722 ἐοντ
623 5691 678 5733 ος
710 5673 803 5725 106
841 5673 1096 5742 μεγάλου.

531 5757 591 5810 Ν.
631 5758 670 5809 II
730 5759 849 5808 "Ut:
886 5761 932 5810 οἱ
960 5759 1106 5829 παρὰ
1142 5761 1472 5818 Βασιλίσκου
1507 5763 1846 5835 πεμφθέντες
1879 5766 2020 5816 κατὰ

2107 3256 2275 3328 μέσον
2307 3248 2599 3319 Ῥωμαίων
2647 3245 2744 3299 καὶ
2793 3245 3021 3315 Περσῶν
3049 3243 3332 3328 γέγονεν..
3363 3239 3500 3328 [1591
3522 3239 3689 3328 Μανιο

2103 3323 2294 3410 χαίων.
2326 3333 2462 3402 Περὶ
2487 3329 2959 3399 Ἀναϐάρζου,κσ.ὶ
2982 3326 3224 3392 Ἐδέσης,
3253 3325 3347 3410 καὶ
3371 3323 3688 3392 Πομπηϊου-

2104 3409 2334 3484 πόλεως.
2382 3415 2518 3487 I'IepI.
2549 3413 2810 3483 γυναικὸς
2836 3410 3233 3481 γιγαντώδους.
3273 3409 3397 3461 Ὀτι
3451 3421 3690 3475 στρατη-

2102 3508 2276 3577 λάτης
2325 3505 2354 3555 6
2411 3498 2796 3558 ἰουστινιανὺς
2848 3493 3185 3564 προεϐλήθη.
3242 3493 3377 3577 Ὅτι
3427 3487 3602 3577 νοσιῦν

2119 3566 2404 3649 Ἰουστῐνος
2438 3582 2632 3652 ἐστεψε
2663 3580 2888 3652 βασιλέα
2913 3579 3005 3632 τὸν
3027 3575 3433 3632 Ἱουστινιανόν.
3450 3566 3692 3638 Τελευτὴ

2119 3671 2433 3728 Ἰουστίνου.

2177 3755 2247 3810 Ν.
2273 3751 2365 3808 VI.
2400 3751 2536 3821 Περὶ
2585 3747 2850 3817 κομήτου.
2886 3744 3026 3814 Περὶ
3077 3744 3174 3814 τῆς
3206 3740 3510 3812 γενομένης
3559 3735 3693 3821 a167-

2110 3857 2247 3902 σεως
2282 3836 2392 3889 τῶν
2437 3820 2648 3906 δήμων.
2687 3832 2812 3885 Ὅτι
2862 3828 3094 3883 ὐπάτιόν
3129 3843 3254 3881 τινα
3304 3823 3546 3893 συγγενῆ
3596 3820 3691 3874 106

2111 3921 2374 3994 βασιλέως
2404 3905 2771 3972 ’Λναστασίου
2807 3914 2857 3967 οἱ
2903 3912 3069 3982 δῆμοι
3107 3908 3511 3994 ἀνηγόρευσαν.
3534 3905 3693 3994 ’Περὶ

2107 3989 2219 4062 τῶν
2280 4002 2684 4072 ἀναιρεθέντων
2723 4001 2791 4052 ἐκ
2847 3995 2943 4050 106
2995 3997 3171 4066 δήμου
3205 3996 3262 4046 ἐν
3313 3992 3391 4060 τῷ
3454 3989 3690 4058 θεάτρῳ.

2110 4092 2248 4162 Περὶ
2317 4088 2419 4157 τῆς
2495 4082 2856 4152 ἀνοικοδομῆς
2907 4080 3009 4149 τῆς
3061 4078 3323 4162 Μεγάλης
3375 4072 3688 4162 ἐκκλησίαςέ

2110 4152 2250 4240 Περὶ
2305 4152 2398 4224 106
2460 4166 2899 4238 Αύγουστεῶνος.
2963 4163 3100 4233 Περ)⁴
3161 4159 3256 4215 τοῦ
3320 4152 3691 4228 τερατουργοῦ

2110 4257 2292 4319 κυνός.

2186 4339 2247 4394 Ν.
2294 4335 2409 4396 VII.
2448 4335 2589 4405 Περί⁵
2620 4329 3005 4404 πατριαρχῶν.
3031 4328 3172 4398 Περὶ
3200 4325 3314 4379 τῶν
3347 4321 3688 4405 υύανδήλων,

2116 4425 2212 4479 καὶ
2241 4424 2390 4484 ὅπως
2425 4400 2760 4488 τῆς-Λιϐύης
2786 4400 3126 4485 ἐκράτησαν,
3158 4409 3252 4464 καὶ
3282 4407 3375 4460 ἐπὶ
3409 4405 3578 4459 πόσον
3599 4400 3692 4488 καί

2039 4499 2094 4560 D
2120 4511 2269 4569 ὅπως
2301 4482 2393 4558 ἐπί.
2425 4482 2808 4554 ’1ουστινιανοῦ
2842 4482 3382 4564 κατεπολεμήθησαν
3419 4488 3573 4558 παρὰ
3601 4482 3692 4539 106

2122 4586 2494 4658 Βελλισαρίου.
2547 4577 2730 4636 Ἦττα
2767 4580 2864 4635 τοῦ
2912 4579 3234 4648 Γελίμερος,
3288 4572 3578 4658 πολιορκία
3633 4584 3691 4658 τε

2121 4678 2214 4733 καὶ
2254 4652 2611 4740 κατ’άσχεσις.
2641 4661 2766 4729 Οἷος
2793 4668 2821 4720 6
2848 4662 3118 4734 θρίαμϐος
3144 4661 3390 4730 γέγονεν.
3436 4654 3572 4724 Περὶ
3598 4652 3693 4719 τῆς

2119 4761 2228 4816 τῶν
2259 4756 2516 4826 λαφύρων
2543 4750 2788 4820 πομπῆς.

2191 4845 2261 4900 Ν.
2298 4819 2433 4896 γἰ-ιιζ
2467 4837 2592 4890 Ὅτι
2616 4819 2645 4887 6
2673 4831 3023 4900 Βελλισάριος
3047 4829 3126 4891 είς
3151 4826 3250 4896 τὴν
3281 4823 3514 4878 Ἰταλίαν
3541 4819 3696 4873 ἐστά-

2121 4931 2210 4997 λη,
2243 4925 2450 4992 ταύτην
2476 4937 2534 4974 τε
2565 4919 2659 4972 καὶ
2689 4917 2789 4987 τὴν
2840 4916 3058 4984 Ῥώμην
3091 4907 3359 4997 ὑπέταξεν
3384 4906 3464 4972 τῷ
3493 4901 3695 4997 βασιλεί

2286 4989 2500 5060 Γότθων
2559 4999 2956 5070 κατεχομένην.
3014 4995 3149 5065 Περὶ
3202 4991 3297 5044 τοῦ
3352 4989 3695 5058 πατριάρχου

2121 5099 2288 5168 Μηνᾶ
2354 5092 2447 5146 καὶ
2500 5088 2630 5156 περὶ
2672 5085 2904 5156 μερικῆς
2968 5080 3191 5168 συνόδου
3373 5073 3555 5168 ⁸αὑτοῦ
3609 5070 3698 5124 καὶ

2123 5161 2280 5234 πάπα
2324 5175 2540 5244 Ῥώμης
2573 5168 2882 5239 ’Λγαπητοῦ
2919 5166 3214 5234 συστάσης.
3259 5161 3396 5228 Περὶ
3431 5171 3694 5244 πατριαρι-

2122 5267 2254 5338 χῶν.
2291 5240 2552 5330 Περὶντής
2598 5254 2856 5338 πέμπτης
2889 5251 3127 5338 συνόδου.
3162 5248 3352 5338 Ὅπως
3392 5245 3420 5295 6
3449 5240 3696 5295 Βελλισά·

2126 5333 2241 5422 ριος
2272 5341 2623 5415 τὴν,Ῥώμην
2647 5337 2830 5422 ἔλαϐε,
2861 5337 2954 5389 καὶ
2987 5336 3170 5422 πόλεις
3203 5333 3416 5422 ἐτέρας.

2195 5407 2261 5484 Ν.
2427 5407 2553 5479 Ὅτι
2577 5407 2699 5476 ’καὶ
2752 5421 2936 5474 πᾶσαν
2981 5419 3081 5489 τὴν
3113 5414 3345 5468 Ἰταλίαν
3376 5409 3644 5474 ὑπέταξεν
3669 5407 3694 5458 6

2125 5513 2492 5580 Βελλισάριος.
2563 5503 2802 5574 Τελευτὴ
2879 5501 3162 5571 Θεοδώρας
3238 5498 3350 5582 τῆςΔ
3405 5494 3692 5582 βασιλίδοςί

2127 5597 2264 5663 Περὶ
2295 5579 2388 5645 106
2418 5595 2639 5660 κήτους.
2676 5589 2800 5640 Ὅτι
2835 5587 2893 5637 ἐν
2923 5587 3038 5646 τοῖς
3067 5583 3281 5663 χρόνοις
3311 5579 3691 5663 ’ίουστινιανου

2128 5654 2293 5746 ήτῆς
2349 5654 2586 5743 μετάξης
2637 5671 2850 5735 γένεσις
2896 5665 3141 5733 ἐγνώσθη
3193 5660 3270 5730 τῷ
3320 5659 3558 5746 βασιλεξ,
3612 5654 3698 5746 καὶ

2130 5741 2259 5824 τοῖς.
2281 5741 2596 5828 Ῥωμαίοις.
2633 5753 2765 5825 Περὶ
2801 5749 3114 5819 ἐπιϐουλῆς,
3143 5749 3235 5799 καὶ
3268 5744 3396 5812 περὶ
3437 5742 3535 5794 106
3573 5741 3694 5796 Βελ-
