  <div class='ocr_page' id='page_1' title='image "/cluster/home/n/w/nwhite01/storage/ocr_20150623/135/mdp.39015029921197/197.png"; bbox 0 0 3912 6244; ppageno 0'>
   <div class='ocr_carea' id='block_1_1' title="bbox 432 277 537 344">
    <p class='ocr_par' dir='ltr' id='par_1_1' title="bbox 432 277 537 344">
     <span class='ocr_line' id='line_1_1' title="bbox 432 277 537 344; baseline -0.105 0"><span class='ocrx_word' id='word_1_1' title='bbox 432 277 537 344; x_wconf 77' lang='lat'>379</span> 
     </span>
    </p>
   </div>
   <div class='ocr_carea' id='block_1_2' title="bbox 1693 271 2375 337">
    <p class='ocr_par' dir='ltr' id='par_1_2' title="bbox 1693 271 2375 337">
     <span class='ocr_line' id='line_1_2' title="bbox 1693 271 2375 337; baseline -0.009 0"><span class='ocrx_word' id='word_1_2' title='bbox 1693 273 1938 337; x_wconf 76' lang='lat' dir='ltr'><strong>JOANN</strong></span> <span class='ocrx_word' id='word_1_3' title='bbox 1952 273 2020 331; x_wconf 84' lang='lat' dir='ltr'>IS</span> <span class='ocrx_word' id='word_1_4' title='bbox 2051 271 2375 332; x_wconf 67' lang='lat' dir='ltr'>ZONAILE</span> 
     </span>
    </p>
   </div>
   <div class='ocr_carea' id='block_1_3' title="bbox 3565 278 3677 341">
    <p class='ocr_par' dir='ltr' id='par_1_3' title="bbox 3565 278 3677 341">
     <span class='ocr_line' id='line_1_3' title="bbox 3565 278 3677 341; baseline 0 -1"><span class='ocrx_word' id='word_1_5' title='bbox 3565 278 3677 341; x_wconf 81' lang='lat'>380</span> 
     </span>
    </p>
   </div>
   <div class='ocr_carea' id='block_1_4' title="bbox 430 380 3685 465">
    <p class='ocr_par' dir='ltr' id='par_1_4' title="bbox 430 380 3685 465">
     <span class='ocr_line' id='line_1_4' title="bbox 430 380 3685 465; baseline 0 -21"><span class='ocrx_word' id='word_1_6' title='bbox 430 392 553 445; x_wconf 87' lang='grc' dir='ltr'>τεία</span> <span class='ocrx_word' id='word_1_7' title='bbox 608 393 749 447; x_wconf 79' lang='grc' dir='ltr'>κατᾶ</span> <span class='ocrx_word' id='word_1_8' title='bbox 781 391 1123 464; x_wconf 73' lang='grc' dir='ltr'>’Λγαρηνῶν.</span> <span class='ocrx_word' id='word_1_9' title='bbox 1173 392 1266 445; x_wconf 69' lang='grc' dir='ltr'>καὶ</span> <span class='ocrx_word' id='word_1_10' title='bbox 1314 391 1470 455; x_wconf 76' lang='grc' dir='ltr'>αὖθις</span> <span class='ocrx_word' id='word_1_11' title='bbox 1508 384 1645 462; x_wconf 76' lang='grc' dir='ltr'>ἧττα</span> <span class='ocrx_word' id='word_1_12' title='bbox 1703 385 2012 456; x_wconf 85' lang='grc' dir='ltr'>Ῥωμαίων.</span> <span class='ocrx_word' id='word_1_13' title='bbox 2041 385 2090 444; x_wconf 79' lang='grc' dir='ltr'><strong>Α</strong></span> <span class='ocrx_word' id='word_1_14' title='bbox 2117 380 2259 434; x_wconf 85' lang='grc' dir='ltr'>λείου</span> <span class='ocrx_word' id='word_1_15' title='bbox 2284 384 2590 455; x_wconf 78' lang='grc' dir='ltr'>προσῆλθεν</span> <span class='ocrx_word' id='word_1_16' title='bbox 2614 384 2761 455; x_wconf 85' lang='grc' dir='ltr'>αύτῷ</span> <span class='ocrx_word' id='word_1_17' title='bbox 2794 386 2825 457; x_wconf 87' lang='grc' dir='ltr'>ή</span> <span class='ocrx_word' id='word_1_18' title='bbox 2869 386 3007 456; x_wconf 82' lang='grc' dir='ltr'>γυνή</span> <span class='ocrx_word' id='word_1_19' title='bbox 3041 387 3180 457; x_wconf 80' lang='grc' dir='ltr'>μετά</span> <span class='ocrx_word' id='word_1_20' title='bbox 3216 388 3310 443; x_wconf 92' lang='grc' dir='ltr'>τοῦ</span> <span class='ocrx_word' id='word_1_21' title='bbox 3341 388 3459 443; x_wconf 90' lang='grc' dir='ltr'>υίοῦ</span> <span class='ocrx_word' id='word_1_22' title='bbox 3493 393 3685 465; x_wconf 62' lang='grc' dir='ltr'>αὐτῆς,</span> 
     </span>
    </p>
   </div>
   <div class='ocr_carea' id='block_1_5' title="bbox 435 468 2016 547">
    <p class='ocr_par' dir='ltr' id='par_1_5' title="bbox 435 468 2016 547">
     <span class='ocr_line' id='line_1_5' title="bbox 435 468 2016 547; baseline -0.005 -19"><span class='ocrx_word' id='word_1_23' title='bbox 435 475 560 529; x_wconf 82' lang='grc' dir='ltr'>’Ότι</span> <span class='ocrx_word' id='word_1_24' title='bbox 592 478 620 530; x_wconf 99' lang='lat'>6</span> <span class='ocrx_word' id='word_1_25' title='bbox 657 478 949 547; x_wconf 83' lang='grc' dir='ltr'>Πετρωνᾶς</span> <span class='ocrx_word' id='word_1_26' title='bbox 986 475 1190 540; x_wconf 80' lang='grc' dir='ltr'>ἐστάλη</span> <span class='ocrx_word' id='word_1_27' title='bbox 1226 475 1365 529; x_wconf 86' lang='grc' dir='ltr'>κατὰ</span> <span class='ocrx_word' id='word_1_28' title='bbox 1400 477 1509 529; x_wconf 86' lang='grc' dir='ltr'>τῶν</span> <span class='ocrx_word' id='word_1_29' title='bbox 1549 472 1889 544; x_wconf 83' lang='grc' dir='ltr'>’Λγαρηνῶν,</span> <span class='ocrx_word' id='word_1_30' title='bbox 1922 468 2016 521; x_wconf 74' lang='grc' dir='ltr'>καὶ</span> 
     </span>
    </p>
   </div>
   <div class='ocr_carea' id='block_1_6' title="bbox 436 553 2016 632">
    <p class='ocr_par' dir='ltr' id='par_1_6' title="bbox 436 553 2016 632">
     <span class='ocr_line' id='line_1_6' title="bbox 436 553 2016 632; baseline -0.005 -18"><span class='ocrx_word' id='word_1_31' title='bbox 436 564 519 614; x_wconf 80' lang='grc' dir='ltr'>ὅτι</span> <span class='ocrx_word' id='word_1_32' title='bbox 556 561 855 632; x_wconf 85' lang='grc' dir='ltr'>συμϐαλὼν</span> <span class='ocrx_word' id='word_1_33' title='bbox 908 562 1095 623; x_wconf 84' lang='grc' dir='ltr'>αὐτοῖς</span> <span class='ocrx_word' id='word_1_34' title='bbox 1145 559 1386 629; x_wconf 81' lang='grc' dir='ltr'>ἐνίκησε,</span> <span class='ocrx_word' id='word_1_35' title='bbox 1440 559 1676 629; x_wconf 88' lang='grc' dir='ltr'>μοναχοῦ</span> <span class='ocrx_word' id='word_1_36' title='bbox 1725 573 1870 619; x_wconf 86' lang='grc' dir='ltr'>τινος</span> <span class='ocrx_word' id='word_1_37' title='bbox 1916 553 2016 624; x_wconf 82' lang='grc' dir='ltr'>τὴν</span> 
     </span>
    </p>
   </div>
   <div class='ocr_carea' id='block_1_7' title="bbox 439 640 2017 716">
    <p class='ocr_par' dir='ltr' id='par_1_7' title="bbox 439 640 2017 716">
     <span class='ocr_line' id='line_1_7' title="bbox 439 640 2017 716; baseline -0.006 -17"><span class='ocrx_word' id='word_1_38' title='bbox 439 647 598 714; x_wconf 86' lang='grc' dir='ltr'>νίκην</span> <span class='ocrx_word' id='word_1_39' title='bbox 626 645 777 716; x_wconf 85' lang='grc' dir='ltr'>αὐτῷ</span> <span class='ocrx_word' id='word_1_40' title='bbox 805 646 1184 715; x_wconf 82' lang='grc' dir='ltr'>προειπόντος.</span> <span class='ocrx_word' id='word_1_41' title='bbox 1213 646 1336 697; x_wconf 84' lang='grc' dir='ltr'>Ὅτι</span> <span class='ocrx_word' id='word_1_42' title='bbox 1364 643 1458 696; x_wconf 88' lang='grc' dir='ltr'>τοῦ</span> <span class='ocrx_word' id='word_1_43' title='bbox 1485 642 1743 712; x_wconf 69' lang='grc' dir='ltr'>Μανςυὴλ</span> <span class='ocrx_word' id='word_1_44' title='bbox 1763 640 2017 703; x_wconf 87' lang='grc' dir='ltr'>θανόντος</span> 
     </span>
    </p>
   </div>
   <div class='ocr_carea' id='block_1_8' title="bbox 436 722 1873 799">
    <p class='ocr_par' dir='ltr' id='par_1_8' title="bbox 436 722 1873 799">
     <span class='ocr_line' id='line_1_8' title="bbox 436 722 1873 799; baseline -0.003 -17"><span class='ocrx_word' id='word_1_45' title='bbox 436 731 464 782; x_wconf 94' lang='lat'>6</span> <span class='ocrx_word' id='word_1_46' title='bbox 504 731 791 799; x_wconf 79' lang='grc' dir='ltr'>Πετρωνᾶς</span> <span class='ocrx_word' id='word_1_47' title='bbox 822 728 1137 798; x_wconf 80' lang='grc' dir='ltr'>προεϐλήθη</span> <span class='ocrx_word' id='word_1_48' title='bbox 1169 727 1484 796; x_wconf 88' lang='grc' dir='ltr'>δομέστικος</span> <span class='ocrx_word' id='word_1_49' title='bbox 1506 727 1615 779; x_wconf 81' lang='grc' dir='ltr'>τῶν</span> <span class='ocrx_word' id='word_1_50' title='bbox 1647 722 1873 795; x_wconf 85' lang='grc' dir='ltr'>σχολῶν.</span> 
     </span>
    </p>
   </div>
   <div class='ocr_carea' id='block_1_9' title="bbox 508 808 2016 880">
    <p class='ocr_par' dir='ltr' id='par_1_9' title="bbox 508 808 2016 880">
     <span class='ocr_line' id='line_1_9' title="bbox 508 808 2016 880; baseline -0.003 -14"><span class='ocrx_word' id='word_1_51' title='bbox 508 812 575 866; x_wconf 88' lang='grc' dir='ltr'><strong>Ν.</strong></span> <span class='ocrx_word' id='word_1_52' title='bbox 618 812 708 867; x_wconf 83' lang='lat' dir='ltr'><strong>IV.</strong></span> <span class='ocrx_word' id='word_1_53' title='bbox 747 811 870 865; x_wconf 88' lang='grc' dir='ltr'>Ὅτι</span> <span class='ocrx_word' id='word_1_54' title='bbox 923 812 1129 880; x_wconf 83' lang='grc' dir='ltr'>ἡνιόχει</span> <span class='ocrx_word' id='word_1_55' title='bbox 1184 811 1214 861; x_wconf 91' lang='lat'>6</span> <span class='ocrx_word' id='word_1_56' title='bbox 1261 810 1516 879; x_wconf 82' lang='grc' dir='ltr'>βασιλεὺς</span> <span class='ocrx_word' id='word_1_57' title='bbox 1560 809 1781 880; x_wconf 76' lang='grc' dir='ltr'>Μιχαὴλ</span> <span class='ocrx_word' id='word_1_58' title='bbox 1827 808 1921 862; x_wconf 77' lang='grc' dir='ltr'>καὶ</span> <span class='ocrx_word' id='word_1_59' title='bbox 1962 810 2016 864; x_wconf 85' lang='grc' dir='ltr'>οἱ</span> 
     </span>
    </p>
   </div>
   <div class='ocr_carea' id='block_1_10' title="bbox 441 893 2017 964">
    <p class='ocr_par' dir='ltr' id='par_1_10' title="bbox 441 893 2017 964">
     <span class='ocr_line' id='line_1_10' title="bbox 441 893 2017 964; baseline 0 -16"><span class='ocrx_word' id='word_1_60' title='bbox 441 897 701 964; x_wconf 79' lang='grc' dir='ltr'>ἄρχοντες</span> <span class='ocrx_word' id='word_1_61' title='bbox 741 894 928 947; x_wconf 85' lang='grc' dir='ltr'>αὐτοῦ.</span> <span class='ocrx_word' id='word_1_62' title='bbox 975 894 1166 957; x_wconf 85' lang='grc' dir='ltr'>Ὅπως</span> <span class='ocrx_word' id='word_1_63' title='bbox 1203 893 1314 945; x_wconf 84' lang='grc' dir='ltr'>τῶν</span> <span class='ocrx_word' id='word_1_64' title='bbox 1364 894 1570 963; x_wconf 85' lang='grc' dir='ltr'>κριτῶν</span> <span class='ocrx_word' id='word_1_65' title='bbox 1625 894 1940 963; x_wconf 73' lang='grc' dir='ltr'>ἐφρόντιζεν</span> <span class='ocrx_word' id='word_1_66' title='bbox 1989 894 2017 948; x_wconf 77' lang='grc' dir='ltr'>ὁ</span> 
     </span>
    </p>
   </div>
   <div class='ocr_carea' id='block_1_11' title="bbox 444 971 2017 1046">
    <p class='ocr_par' dir='ltr' id='par_1_11' title="bbox 444 971 2017 1046">
     <span class='ocr_line' id='line_1_11' title="bbox 444 971 2017 1046; baseline 0 -18"><span class='ocrx_word' id='word_1_67' title='bbox 444 977 721 1045; x_wconf 83' lang='grc' dir='ltr'>βέλτιστος</span> <span class='ocrx_word' id='word_1_68' title='bbox 746 974 1000 1046; x_wconf 78' lang='grc' dir='ltr'>βασιλεὺς</span> <span class='ocrx_word' id='word_1_69' title='bbox 1032 971 1205 1038; x_wconf 72' lang='grc' dir='ltr'>οὗτος.</span> <span class='ocrx_word' id='word_1_70' title='bbox 1232 975 1423 1035; x_wconf 82' lang='grc' dir='ltr'>Ὅπως</span> <span class='ocrx_word' id='word_1_71' title='bbox 1451 977 1579 1044; x_wconf 79' lang='grc' dir='ltr'>περὶ</span> <span class='ocrx_word' id='word_1_72' title='bbox 1607 976 1797 1043; x_wconf 81' lang='grc' dir='ltr'>λόγους</span> <span class='ocrx_word' id='word_1_73' title='bbox 1824 975 2017 1028; x_wconf 81' lang='grc' dir='ltr'>ἐσπού-</span> 
     </span>
    </p>
   </div>
   <div class='ocr_carea' id='block_1_12' title="bbox 440 1056 2017 1129">
    <p class='ocr_par' dir='ltr' id='par_1_12' title="bbox 440 1056 2017 1129">
     <span class='ocr_line' id='line_1_12' title="bbox 440 1056 2017 1129; baseline -0.001 -17"><span class='ocrx_word' id='word_1_74' title='bbox 440 1060 604 1112; x_wconf 85' lang='grc' dir='ltr'>δασεν</span> <span class='ocrx_word' id='word_1_75' title='bbox 636 1060 665 1111; x_wconf 89' lang='lat'>6</span> <span class='ocrx_word' id='word_1_76' title='bbox 718 1058 948 1129; x_wconf 81' lang='grc' dir='ltr'>Βάρδας.</span> <span class='ocrx_word' id='word_1_77' title='bbox 997 1058 1132 1126; x_wconf 74' lang='grc' dir='ltr'>Περὶ</span> <span class='ocrx_word' id='word_1_78' title='bbox 1179 1056 1274 1109; x_wconf 85' lang='grc' dir='ltr'>τοῦ</span> <span class='ocrx_word' id='word_1_79' title='bbox 1307 1057 1603 1127; x_wconf 75' lang='grc' dir='ltr'>Φιλοσόφου</span> <span class='ocrx_word' id='word_1_80' title='bbox 1635 1060 1882 1121; x_wconf 87' lang='grc' dir='ltr'>Λέοντος,</span> <span class='ocrx_word' id='word_1_81' title='bbox 1920 1058 2017 1111; x_wconf 75' lang='grc' dir='ltr'>καὶ</span> 
     </span>
    </p>
   </div>
   <div class='ocr_carea' id='block_1_13' title="bbox 438 1138 2018 1211">
    <p class='ocr_par' dir='ltr' id='par_1_13' title="bbox 438 1138 2018 1211">
     <span class='ocr_line' id='line_1_13' title="bbox 438 1138 2018 1211; baseline 0.001 -17"><span class='ocrx_word' id='word_1_82' title='bbox 438 1141 533 1194; x_wconf 85' lang='grc' dir='ltr'>τοῦ</span> <span class='ocrx_word' id='word_1_83' title='bbox 581 1139 1114 1211; x_wconf 83' lang='grc' dir='ltr'>αίχμαλωτισθέντος</span> <span class='ocrx_word' id='word_1_84' title='bbox 1173 1138 1418 1209; x_wconf 74' lang='grc' dir='ltr'>μαθητοῦ</span> <span class='ocrx_word' id='word_1_85' title='bbox 1469 1138 1657 1195; x_wconf 87' lang='grc' dir='ltr'>αὐτοῦ.</span> <span class='ocrx_word' id='word_1_86' title='bbox 1720 1140 1858 1210; x_wconf 77' lang='grc' dir='ltr'>Περὶ</span> <span class='ocrx_word' id='word_1_87' title='bbox 1911 1159 2018 1195; x_wconf 86' lang='grc' dir='ltr'>πα-</span> 
     </span>
    </p>
   </div>
   <div class='ocr_carea' id='block_1_14' title="bbox 440 1222 2017 1296">
    <p class='ocr_par' dir='ltr' id='par_1_14' title="bbox 440 1222 2017 1296">
     <span class='ocr_line' id='line_1_14' title="bbox 440 1222 2017 1296; baseline 0.001 -19"><span class='ocrx_word' id='word_1_88' title='bbox 440 1225 743 1295; x_wconf 82' lang='grc' dir='ltr'>τριαρχῶν.</span> <span class='ocrx_word' id='word_1_89' title='bbox 778 1224 919 1278; x_wconf 87' lang='grc' dir='ltr'>Ὅσα</span> <span class='ocrx_word' id='word_1_90' title='bbox 949 1226 977 1276; x_wconf 97' lang='lat'>6</span> <span class='ocrx_word' id='word_1_91' title='bbox 1028 1223 1171 1287; x_wconf 87' lang='grc' dir='ltr'>θεῖος</span> <span class='ocrx_word' id='word_1_92' title='bbox 1215 1222 1484 1292; x_wconf 77' lang='grc' dir='ltr'>Ἰγνάτιος</span> <span class='ocrx_word' id='word_1_93' title='bbox 1512 1223 1714 1279; x_wconf 76' lang='grc' dir='ltr'>ἔπαθεν</span> <span class='ocrx_word' id='word_1_94' title='bbox 1747 1225 2017 1296; x_wconf 82' lang='grc' dir='ltr'>ἀφορίσας</span> 
     </span>
    </p>
   </div>
   <div class='ocr_carea' id='block_1_15' title="bbox 440 1307 1103 1378">
    <p class='ocr_par' dir='ltr' id='par_1_15' title="bbox 440 1307 1103 1378">
     <span class='ocr_line' id='line_1_15' title="bbox 440 1307 1103 1378; baseline 0.003 -18"><span class='ocrx_word' id='word_1_95' title='bbox 440 1309 531 1361; x_wconf 77' lang='grc' dir='ltr'>τὸν</span> <span class='ocrx_word' id='word_1_96' title='bbox 568 1310 825 1378; x_wconf 82' lang='grc' dir='ltr'>Καίσαρα</span> <span class='ocrx_word' id='word_1_97' title='bbox 863 1307 1103 1377; x_wconf 86' lang='grc' dir='ltr'>Βάρδαν.</span> 
     </span>
    </p>
   </div>
   <div class='ocr_carea' id='block_1_16' title="bbox 514 1388 2018 1464">
    <p class='ocr_par' dir='ltr' id='par_1_16' title="bbox 514 1388 2018 1464">
     <span class='ocr_line' id='line_1_16' title="bbox 514 1388 2018 1464; baseline 0.002 -23"><span class='ocrx_word' id='word_1_98' title='bbox 514 1389 580 1443; x_wconf 88' lang='grc' dir='ltr'><strong>Ν.</strong></span> <span class='ocrx_word' id='word_1_99' title='bbox 638 1388 701 1444; x_wconf 78' lang='grc' dir='ltr'>ν.</span> <span class='ocrx_word' id='word_1_100' title='bbox 763 1389 899 1460; x_wconf 78' lang='grc' dir='ltr'>Περὶ</span> <span class='ocrx_word' id='word_1_101' title='bbox 957 1390 1067 1444; x_wconf 85' lang='grc' dir='ltr'>τῶν</span> <span class='ocrx_word' id='word_1_102' title='bbox 1116 1388 1272 1455; x_wconf 80' lang='grc' dir='ltr'>Ῥὼς.</span> <span class='ocrx_word' id='word_1_103' title='bbox 1311 1392 1448 1464; x_wconf 74' lang='grc' dir='ltr'>Περὶ</span> <span class='ocrx_word' id='word_1_104' title='bbox 1508 1389 1616 1445; x_wconf 86' lang='grc' dir='ltr'>τῶν</span> <span class='ocrx_word' id='word_1_105' title='bbox 1675 1394 1740 1444; x_wconf 87' lang='grc' dir='ltr'>ἐκ</span> <span class='ocrx_word' id='word_1_106' title='bbox 1789 1393 2018 1463; x_wconf 78' lang='grc' dir='ltr'>Κρήτης</span> 
     </span>
    </p>
   </div>
   <div class='ocr_carea' id='block_1_17' title="bbox 443 1471 2020 1546">
    <p class='ocr_par' dir='ltr' id='par_1_17' title="bbox 443 1471 2020 1546">
     <span class='ocr_line' id='line_1_17' title="bbox 443 1471 2020 1546; baseline 0.002 -21"><span class='ocrx_word' id='word_1_107' title='bbox 443 1472 781 1543; x_wconf 84' lang='grc' dir='ltr'>Ἀγαρηνῶν.</span> <span class='ocrx_word' id='word_1_108' title='bbox 811 1474 946 1544; x_wconf 69' lang='grc' dir='ltr'>Περὶ</span> <span class='ocrx_word' id='word_1_109' title='bbox 977 1475 1085 1527; x_wconf 86' lang='grc' dir='ltr'>τῶν</span> <span class='ocrx_word' id='word_1_110' title='bbox 1104 1476 1286 1530; x_wconf 88' lang='grc' dir='ltr'>τόπων</span> <span class='ocrx_word' id='word_1_111' title='bbox 1319 1477 1378 1529; x_wconf 88' lang='grc' dir='ltr'>ἐν</span> <span class='ocrx_word' id='word_1_112' title='bbox 1417 1471 1499 1538; x_wconf 76' lang='grc' dir='ltr'>οἷς</span> <span class='ocrx_word' id='word_1_113' title='bbox 1533 1476 1837 1546; x_wconf 82' lang='grc' dir='ltr'>ἀνήπτοντο</span> <span class='ocrx_word' id='word_1_114' title='bbox 1875 1494 2020 1546; x_wconf 84' lang='grc' dir='ltr'>πυρ-</span> 
     </span>
    </p>
   </div>
   <div class='ocr_carea' id='block_1_18' title="bbox 445 1555 2019 1629">
    <p class='ocr_par' dir='ltr' id='par_1_18' title="bbox 445 1555 2019 1629">
     <span class='ocr_line' id='line_1_18' title="bbox 445 1555 2019 1629; baseline 0.005 -24"><span class='ocrx_word' id='word_1_115' title='bbox 445 1555 554 1613; x_wconf 87' lang='grc' dir='ltr'>σοί.</span> <span class='ocrx_word' id='word_1_116' title='bbox 584 1557 717 1627; x_wconf 79' lang='grc' dir='ltr'>Περὶ</span> <span class='ocrx_word' id='word_1_117' title='bbox 747 1557 842 1626; x_wconf 80' lang='grc' dir='ltr'>τῆς</span> <span class='ocrx_word' id='word_1_118' title='bbox 876 1560 1106 1627; x_wconf 84' lang='grc' dir='ltr'>ἀνοήτου</span> <span class='ocrx_word' id='word_1_119' title='bbox 1140 1559 1235 1611; x_wconf 91' lang='grc' dir='ltr'>τοῦ</span> <span class='ocrx_word' id='word_1_120' title='bbox 1267 1558 1487 1629; x_wconf 80' lang='grc' dir='ltr'>Μιχαὴλ</span> <span class='ocrx_word' id='word_1_121' title='bbox 1518 1560 1891 1628; x_wconf 76' lang='grc' dir='ltr'>μετριότητος,</span> <span class='ocrx_word' id='word_1_122' title='bbox 1924 1559 2019 1614; x_wconf 81' lang='grc' dir='ltr'>καὶ</span> 
     </span>
    </p>
   </div>
   <div class='ocr_carea' id='block_1_19' title="bbox 2120 469 3682 540">
    <p class='ocr_par' dir='ltr' id='par_1_19' title="bbox 2120 469 3682 540">
     <span class='ocr_line' id='line_1_19' title="bbox 2120 469 3682 540; baseline 0.008 -21"><span class='ocrx_word' id='word_1_123' title='bbox 2120 469 2210 520; x_wconf 76' lang='grc' dir='ltr'>καὶ</span> <span class='ocrx_word' id='word_1_124' title='bbox 2242 471 2604 540; x_wconf 84' lang='grc' dir='ltr'>ἐτιμήθησαν.</span> <span class='ocrx_word' id='word_1_125' title='bbox 2639 472 2828 535; x_wconf 85' lang='grc' dir='ltr'>Ὅπως</span> <span class='ocrx_word' id='word_1_126' title='bbox 2867 471 2929 524; x_wconf 82' lang='grc' dir='ltr'>τὸ</span> <span class='ocrx_word' id='word_1_127' title='bbox 2959 471 3114 535; x_wconf 79' lang='grc' dir='ltr'>ἔθνος</span> <span class='ocrx_word' id='word_1_128' title='bbox 3144 471 3253 527; x_wconf 83' lang='grc' dir='ltr'>τῶν</span> <span class='ocrx_word' id='word_1_129' title='bbox 3298 474 3435 539; x_wconf 88' lang='grc' dir='ltr'>Ῥὼς</span> <span class='ocrx_word' id='word_1_130' title='bbox 3459 478 3539 540; x_wconf 88' lang='grc' dir='ltr'>εἰς</span> <span class='ocrx_word' id='word_1_131' title='bbox 3569 479 3682 532; x_wconf 51' lang='grc' dir='ltr'>ἐπίκ</span> 
     </span>
    </p>
   </div>
   <div class='ocr_carea' id='block_1_20' title="bbox 2117 548 2769 626">
    <p class='ocr_par' dir='ltr' id='par_1_20' title="bbox 2117 548 2769 626">
     <span class='ocr_line' id='line_1_20' title="bbox 2117 548 2769 626; baseline 0.003 -20"><span class='ocrx_word' id='word_1_132' title='bbox 2117 568 2319 619; x_wconf 86' lang='grc' dir='ltr'>γνωσιν</span> <span class='ocrx_word' id='word_1_133' title='bbox 2345 548 2476 623; x_wconf 74' lang='grc' dir='ltr'>ἦλθε</span> <span class='ocrx_word' id='word_1_134' title='bbox 2508 555 2769 626; x_wconf 81' lang='grc' dir='ltr'>Χριστοῦ.</span> 
     </span>
    </p>
   </div>
   <div class='ocr_carea' id='block_1_21' title="bbox 2185 636 3688 705">
    <p class='ocr_par' dir='ltr' id='par_1_21' title="bbox 2185 636 3688 705">
     <span class='ocr_line' id='line_1_21' title="bbox 2185 636 3688 705; baseline 0.004 -15"><span class='ocrx_word' id='word_1_135' title='bbox 2185 636 2251 691; x_wconf 88' lang='grc' dir='ltr'>Ν.</span> <span class='ocrx_word' id='word_1_136' title='bbox 2294 637 2386 694; x_wconf 82' lang='lat' dir='ltr'>XI.</span> <span class='ocrx_word' id='word_1_137' title='bbox 2429 640 2576 705; x_wconf 89' lang='grc' dir='ltr'>Ὅτι,</span> <span class='ocrx_word' id='word_1_138' title='bbox 2619 638 2871 702; x_wconf 73' lang='grc' dir='ltr'>θανόντος</span> <span class='ocrx_word' id='word_1_139' title='bbox 2902 639 2997 694; x_wconf 86' lang='grc' dir='ltr'>τοῦ</span> <span class='ocrx_word' id='word_1_140' title='bbox 3040 639 3158 694; x_wconf 79' lang='grc' dir='ltr'>υἱοῦ</span> <span class='ocrx_word' id='word_1_141' title='bbox 3206 640 3373 694; x_wconf 75' lang='grc' dir='ltr'>αὐτοῦ</span> <span class='ocrx_word' id='word_1_142' title='bbox 3402 642 3688 696; x_wconf 81' lang='grc' dir='ltr'>Κωνσταν-</span> 
     </span>
    </p>
   </div>
   <div class='ocr_carea' id='block_1_22' title="bbox 2115 721 3692 795">
    <p class='ocr_par' dir='ltr' id='par_1_22' title="bbox 2115 721 3692 795">
     <span class='ocr_line' id='line_1_22' title="bbox 2115 721 3692 795; baseline 0.004 -21"><span class='ocrx_word' id='word_1_143' title='bbox 2115 721 2290 782; x_wconf 85' lang='grc' dir='ltr'>τίνου.</span> <span class='ocrx_word' id='word_1_144' title='bbox 2345 726 2373 778; x_wconf 87' lang='grc' dir='ltr'>ὁ</span> <span class='ocrx_word' id='word_1_145' title='bbox 2417 722 2675 793; x_wconf 81' lang='grc' dir='ltr'>βασιλεὺς</span> <span class='ocrx_word' id='word_1_146' title='bbox 2725 724 3155 795; x_wconf 87' lang='grc' dir='ltr'>ἀπαρηγόρητος</span> <span class='ocrx_word' id='word_1_147' title='bbox 3200 722 3289 795; x_wconf 78' lang='grc' dir='ltr'>ἦν,</span> <span class='ocrx_word' id='word_1_148' title='bbox 3338 727 3432 779; x_wconf 77' lang='grc' dir='ltr'>καὶ</span> <span class='ocrx_word' id='word_1_149' title='bbox 3468 728 3618 788; x_wconf 86' lang='grc' dir='ltr'>ὅπως</span> <span class='ocrx_word' id='word_1_150' title='bbox 3664 728 3692 779; x_wconf 87' lang='lat'>6</span> 
     </span>
    </p>
   </div>
   <div class='ocr_carea' id='block_1_23' title="bbox 2117 806 3689 879">
    <p class='ocr_par' dir='ltr' id='par_1_23' title="bbox 2117 806 3689 879">
     <span class='ocr_line' id='line_1_23' title="bbox 2117 806 3689 879; baseline 0.003 -19"><span class='ocrx_word' id='word_1_151' title='bbox 2117 806 2534 879; x_wconf 78' lang='grc' dir='ltr'>Σανταϐαρηνὸς</span> <span class='ocrx_word' id='word_1_152' title='bbox 2575 807 2774 875; x_wconf 73' lang='grc' dir='ltr'>ἔδειξεν</span> <span class='ocrx_word' id='word_1_153' title='bbox 2807 808 2956 875; x_wconf 80' lang='grc' dir='ltr'>αὐτῷ</span> <span class='ocrx_word' id='word_1_154' title='bbox 2984 810 3076 862; x_wconf 84' lang='grc' dir='ltr'>τὸν</span> <span class='ocrx_word' id='word_1_155' title='bbox 3123 809 3394 864; x_wconf 83' lang='grc' dir='ltr'>τεθνεῶτα</span> <span class='ocrx_word' id='word_1_156' title='bbox 3426 812 3689 878; x_wconf 83' lang='grc' dir='ltr'>ἐφιππον.</span> 
     </span>
    </p>
   </div>
   <div class='ocr_carea' id='block_1_24' title="bbox 2121 888 3690 963">
    <p class='ocr_par' dir='ltr' id='par_1_24' title="bbox 2121 888 3690 963">
     <span class='ocr_line' id='line_1_24' title="bbox 2121 888 3690 963; baseline 0.001 -21"><span class='ocrx_word' id='word_1_157' title='bbox 2121 888 2258 943; x_wconf 88' lang='grc' dir='ltr'>Ὅσα</span> <span class='ocrx_word' id='word_1_158' title='bbox 2300 891 2329 943; x_wconf 91' lang='lat'>6</span> <span class='ocrx_word' id='word_1_159' title='bbox 2364 889 2783 963; x_wconf 81' lang='grc' dir='ltr'>Σανταϐαρηνὸς</span> <span class='ocrx_word' id='word_1_160' title='bbox 2836 891 2977 945; x_wconf 86' lang='grc' dir='ltr'>κατά</span> <span class='ocrx_word' id='word_1_161' title='bbox 3010 891 3105 944; x_wconf 87' lang='grc' dir='ltr'>τοῦ</span> <span class='ocrx_word' id='word_1_162' title='bbox 3155 892 3272 945; x_wconf 87' lang='grc' dir='ltr'>υίοῦ</span> <span class='ocrx_word' id='word_1_163' title='bbox 3300 893 3396 945; x_wconf 86' lang='grc' dir='ltr'>τοῦ</span> <span class='ocrx_word' id='word_1_164' title='bbox 3425 892 3690 960; x_wconf 81' lang='grc' dir='ltr'>βασιλέως</span> 
     </span>
    </p>
   </div>
   <div class='ocr_carea' id='block_1_25' title="bbox 2116 971 3692 1046">
    <p class='ocr_par' dir='ltr' id='par_1_25' title="bbox 2116 971 3692 1046">
     <span class='ocr_line' id='line_1_25' title="bbox 2116 971 3692 1046; baseline 0.001 -20"><span class='ocrx_word' id='word_1_165' title='bbox 2116 971 2345 1037; x_wconf 86' lang='grc' dir='ltr'>Λέοντος</span> <span class='ocrx_word' id='word_1_166' title='bbox 2398 973 2692 1046; x_wconf 88' lang='grc' dir='ltr'>ἐτύρευσε,</span> <span class='ocrx_word' id='word_1_167' title='bbox 2744 976 2840 1028; x_wconf 81' lang='grc' dir='ltr'>καὶ</span> <span class='ocrx_word' id='word_1_168' title='bbox 2885 974 3035 1037; x_wconf 83' lang='grc' dir='ltr'>ὅπως</span> <span class='ocrx_word' id='word_1_169' title='bbox 3083 974 3251 1028; x_wconf 85' lang='grc' dir='ltr'>αὐτοῦ</span> <span class='ocrx_word' id='word_1_170' title='bbox 3287 977 3514 1028; x_wconf 87' lang='grc' dir='ltr'>κατεῖπε</span> <span class='ocrx_word' id='word_1_171' title='bbox 3556 975 3692 1043; x_wconf 73' lang='grc' dir='ltr'>πρὸς</span> 
     </span>
    </p>
   </div>
   <div class='ocr_carea' id='block_1_26' title="bbox 2116 1055 3691 1127">
    <p class='ocr_par' dir='ltr' id='par_1_26' title="bbox 2116 1055 3691 1127">
     <span class='ocr_line' id='line_1_26' title="bbox 2116 1055 3691 1127; baseline 0.002 -20"><span class='ocrx_word' id='word_1_172' title='bbox 2116 1055 2209 1108; x_wconf 76' lang='grc' dir='ltr'>τὸν</span> <span class='ocrx_word' id='word_1_173' title='bbox 2235 1058 2468 1127; x_wconf 79' lang='grc' dir='ltr'>πατέρα,</span> <span class='ocrx_word' id='word_1_174' title='bbox 2499 1057 2595 1111; x_wconf 73' lang='grc' dir='ltr'>καὶ</span> <span class='ocrx_word' id='word_1_175' title='bbox 2622 1058 2724 1111; x_wconf 86' lang='grc' dir='ltr'>ὅσα</span> <span class='ocrx_word' id='word_1_176' title='bbox 2744 1058 2771 1110; x_wconf 94' lang='lat'>6</span> <span class='ocrx_word' id='word_1_177' title='bbox 2805 1056 2960 1111; x_wconf 87' lang='grc' dir='ltr'>Λέων</span> <span class='ocrx_word' id='word_1_178' title='bbox 2994 1057 3219 1112; x_wconf 74' lang='grc' dir='ltr'>ἔπαθεν.</span> <span class='ocrx_word' id='word_1_179' title='bbox 3256 1057 3346 1124; x_wconf 82' lang='grc' dir='ltr'>Ἐξ</span> <span class='ocrx_word' id='word_1_180' title='bbox 3372 1057 3490 1120; x_wconf 76' lang='grc' dir='ltr'>οἵας</span> <span class='ocrx_word' id='word_1_181' title='bbox 3517 1057 3691 1125; x_wconf 77' lang='grc' dir='ltr'>λαϐῆς</span> 
     </span>
    </p>
   </div>
   <div class='ocr_carea' id='block_1_27' title="bbox 2116 1139 3692 1213">
    <p class='ocr_par' dir='ltr' id='par_1_27' title="bbox 2116 1139 3692 1213">
     <span class='ocr_line' id='line_1_27' title="bbox 2116 1139 3692 1213; baseline 0.003 -22"><span class='ocrx_word' id='word_1_182' title='bbox 2116 1139 2468 1209; x_wconf 79' lang='grc' dir='ltr'>ἐτελεύτησεν</span> <span class='ocrx_word' id='word_1_183' title='bbox 2498 1143 2526 1194; x_wconf 91' lang='lat'>6</span> <span class='ocrx_word' id='word_1_184' title='bbox 2567 1141 2843 1208; x_wconf 81' lang='grc' dir='ltr'>βασιλεὺς,</span> <span class='ocrx_word' id='word_1_185' title='bbox 2878 1143 2971 1195; x_wconf 82' lang='grc' dir='ltr'>καὶ</span> <span class='ocrx_word' id='word_1_186' title='bbox 3029 1142 3159 1213; x_wconf 81' lang='grc' dir='ltr'>περὶ</span> <span class='ocrx_word' id='word_1_187' title='bbox 3195 1140 3291 1195; x_wconf 90' lang='grc' dir='ltr'>τοῦ</span> <span class='ocrx_word' id='word_1_188' title='bbox 3322 1143 3692 1207; x_wconf 83' lang='grc' dir='ltr'>διασώσαντος</span> 
     </span>
    </p>
   </div>
   <div class='ocr_carea' id='block_1_28' title="bbox 2118 1220 2746 1291">
    <p class='ocr_par' dir='ltr' id='par_1_28' title="bbox 2118 1220 2746 1291">
     <span class='ocr_line' id='line_1_28' title="bbox 2118 1220 2746 1291; baseline 0.008 -18"><span class='ocrx_word' id='word_1_189' title='bbox 2118 1220 2281 1274; x_wconf 81' lang='grc' dir='ltr'>αὑτὸν</span> <span class='ocrx_word' id='word_1_190' title='bbox 2311 1222 2374 1275; x_wconf 86' lang='grc' dir='ltr'>ἐκ</span> <span class='ocrx_word' id='word_1_191' title='bbox 2402 1222 2496 1277; x_wconf 89' lang='grc' dir='ltr'>τοῦ</span> <span class='ocrx_word' id='word_1_192' title='bbox 2524 1223 2746 1291; x_wconf 77' lang='grc' dir='ltr'>ἐλάφου.</span> 
     </span>
    </p>
   </div>
   <div class='ocr_carea' id='block_1_29' title="bbox 2186 1301 3694 1376">
    <p class='ocr_par' dir='ltr' id='par_1_29' title="bbox 2186 1301 3694 1376">
     <span class='ocr_line' id='line_1_29' title="bbox 2186 1301 3694 1376; baseline 0.001 -20"><span class='ocrx_word' id='word_1_193' title='bbox 2186 1301 2254 1357; x_wconf 89' lang='grc' dir='ltr'>Ν.</span> <span class='ocrx_word' id='word_1_194' title='bbox 2302 1302 2420 1359; x_wconf 81' lang='grc' dir='ltr'>ΧΗ.</span> <span class='ocrx_word' id='word_1_195' title='bbox 2458 1306 2582 1359; x_wconf 89' lang='grc' dir='ltr'>Ὅτι</span> <span class='ocrx_word' id='word_1_196' title='bbox 2611 1305 2852 1376; x_wconf 80' lang='grc' dir='ltr'>ἐξώθησε</span> <span class='ocrx_word' id='word_1_197' title='bbox 2880 1306 2981 1375; x_wconf 84' lang='grc' dir='ltr'>τῆς</span> <span class='ocrx_word' id='word_1_198' title='bbox 3018 1304 3345 1375; x_wconf 83' lang='grc' dir='ltr'>Ἐκκλησίας</span> <span class='ocrx_word' id='word_1_199' title='bbox 3366 1307 3395 1359; x_wconf 92' lang='lat'>6</span> <span class='ocrx_word' id='word_1_200' title='bbox 3425 1306 3581 1360; x_wconf 84' lang='grc' dir='ltr'>Λέων</span> <span class='ocrx_word' id='word_1_201' title='bbox 3600 1304 3694 1358; x_wconf 80' lang='grc' dir='ltr'>τὸν</span> 
     </span>
    </p>
   </div>
   <div class='ocr_carea' id='block_1_30' title="bbox 2117 1384 3696 1461">
    <p class='ocr_par' dir='ltr' id='par_1_30' title="bbox 2117 1384 3696 1461">
     <span class='ocr_line' id='line_1_30' title="bbox 2117 1384 3696 1461; baseline 0.002 -24"><span class='ocrx_word' id='word_1_202' title='bbox 2117 1384 2344 1451; x_wconf 81' lang='grc' dir='ltr'>Φώτιον,</span> <span class='ocrx_word' id='word_1_203' title='bbox 2377 1388 2472 1442; x_wconf 83' lang='grc' dir='ltr'>καὶ</span> <span class='ocrx_word' id='word_1_204' title='bbox 2495 1390 2587 1442; x_wconf 85' lang='grc' dir='ltr'>τὸν</span> <span class='ocrx_word' id='word_1_205' title='bbox 2608 1391 2837 1461; x_wconf 80' lang='grc' dir='ltr'>ἀδελφὸν</span> <span class='ocrx_word' id='word_1_206' title='bbox 2869 1390 3138 1458; x_wconf 74' lang='grc' dir='ltr'>Στέφανον</span> <span class='ocrx_word' id='word_1_207' title='bbox 3179 1389 3527 1459; x_wconf 82' lang='grc' dir='ltr'>πατριάρχην</span> <span class='ocrx_word' id='word_1_208' title='bbox 3557 1404 3696 1456; x_wconf 83' lang='grc' dir='ltr'>προ-</span> 
     </span>
    </p>
   </div>
   <div class='ocr_carea' id='block_1_31' title="bbox 2120 1469 3697 1545">
    <p class='ocr_par' dir='ltr' id='par_1_31' title="bbox 2120 1469 3697 1545">
     <span class='ocr_line' id='line_1_31' title="bbox 2120 1469 3697 1545; baseline 0.004 -25"><span class='ocrx_word' id='word_1_209' title='bbox 2120 1471 2449 1538; x_wconf 85' lang='grc' dir='ltr'>εχειρίσατο.</span> <span class='ocrx_word' id='word_1_210' title='bbox 2476 1473 2667 1536; x_wconf 84' lang='grc' dir='ltr'>Ὅπως</span> <span class='ocrx_word' id='word_1_211' title='bbox 2695 1473 2922 1545; x_wconf 83' lang='grc' dir='ltr'>ἐτίμησε</span> <span class='ocrx_word' id='word_1_212' title='bbox 2952 1474 3044 1526; x_wconf 78' lang='grc' dir='ltr'>τὸν</span> <span class='ocrx_word' id='word_1_213' title='bbox 3072 1473 3167 1526; x_wconf 88' lang='grc' dir='ltr'>τοῦ</span> <span class='ocrx_word' id='word_1_214' title='bbox 3192 1472 3455 1541; x_wconf 78' lang='grc' dir='ltr'>βασιλέως</span> <span class='ocrx_word' id='word_1_215' title='bbox 3476 1469 3697 1540; x_wconf 80' lang='grc' dir='ltr'>Μιχαὴλ</span> 
     </span>
    </p>
   </div>
   <div class='ocr_carea' id='block_1_32' title="bbox 2119 1555 3698 1629">
    <p class='ocr_par' dir='ltr' id='par_1_32' title="bbox 2119 1555 3698 1629">
     <span class='ocr_line' id='line_1_32' title="bbox 2119 1555 3698 1629; baseline 0.002 -25"><span class='ocrx_word' id='word_1_216' title='bbox 2119 1555 2333 1625; x_wconf 87' lang='grc' dir='ltr'>νεκρόν.</span> <span class='ocrx_word' id='word_1_217' title='bbox 2391 1558 2515 1611; x_wconf 89' lang='grc' dir='ltr'>Ὅτι</span> <span class='ocrx_word' id='word_1_218' title='bbox 2569 1558 2991 1629; x_wconf 86' lang='grc' dir='ltr'>πυρποληθέντα</span> <span class='ocrx_word' id='word_1_219' title='bbox 3036 1558 3128 1610; x_wconf 78' lang='grc' dir='ltr'>τὸν</span> <span class='ocrx_word' id='word_1_220' title='bbox 3174 1556 3266 1609; x_wconf 91' lang='grc' dir='ltr'>τοῦ</span> <span class='ocrx_word' id='word_1_221' title='bbox 3316 1557 3475 1624; x_wconf 81' lang='grc' dir='ltr'>ἁγίου</span> <span class='ocrx_word' id='word_1_222' title='bbox 3523 1555 3698 1624; x_wconf 77' lang='grc' dir='ltr'>Θωμᾶ</span> 
     </span>
    </p>
   </div>
   <div class='ocr_carea' id='block_1_33' title="bbox 442 1637 3700 1712">
    <p class='ocr_par' dir='ltr' id='par_1_33' title="bbox 442 1637 3700 1712">
     <span class='ocr_line' id='line_1_33' title="bbox 442 1637 3700 1712; baseline 0.001 -21"><span class='ocrx_word' id='word_1_223' title='bbox 442 1641 551 1691; x_wconf 76' lang='grc' dir='ltr'>τῦν</span> <span class='ocrx_word' id='word_1_224' title='bbox 594 1641 966 1712; x_wconf 88' lang='grc' dir='ltr'>ἀνοητοτέρων</span> <span class='ocrx_word' id='word_1_225' title='bbox 1014 1642 1286 1711; x_wconf 77' lang='grc' dir='ltr'>παιγνίων</span> <span class='ocrx_word' id='word_1_226' title='bbox 1330 1642 1518 1696; x_wconf 83' lang='grc' dir='ltr'>αὑτοῦ.</span> <span class='ocrx_word' id='word_1_227' title='bbox 1555 1644 1691 1712; x_wconf 70' lang='grc' dir='ltr'>Περὶ</span> <span class='ocrx_word' id='word_1_228' title='bbox 1727 1642 2010 1696; x_wconf 84' lang='grc' dir='ltr'>Βασιλείου</span> <span class='ocrx_word' id='word_1_229' title='bbox 2051 1700 2090 1712; x_wconf 40' lang='lat' dir='ltr'><strong>ﬁ</strong></span> <span class='ocrx_word' id='word_1_230' title='bbox 2124 1639 2252 1690; x_wconf 79' lang='grc' dir='ltr'>ναὸν</span> <span class='ocrx_word' id='word_1_231' title='bbox 2280 1641 2306 1693; x_wconf 90' lang='lat'>6</span> <span class='ocrx_word' id='word_1_232' title='bbox 2338 1638 2592 1709; x_wconf 81' lang='grc' dir='ltr'>βασιλεὺς</span> <span class='ocrx_word' id='word_1_233' title='bbox 2614 1637 2766 1703; x_wconf 78' lang='grc' dir='ltr'>οὗτος</span> <span class='ocrx_word' id='word_1_234' title='bbox 2801 1642 3130 1696; x_wconf 86' lang='grc' dir='ltr'>ἀνεκαίνισε.</span> <span class='ocrx_word' id='word_1_235' title='bbox 3159 1641 3348 1702; x_wconf 85' lang='grc' dir='ltr'>Ὅπως</span> <span class='ocrx_word' id='word_1_236' title='bbox 3374 1639 3467 1691; x_wconf 77' lang='grc' dir='ltr'>τὸν</span> <span class='ocrx_word' id='word_1_237' title='bbox 3492 1640 3700 1693; x_wconf 84' lang='grc' dir='ltr'>Σαντα-</span> 
     </span>
    </p>
   </div>
   <div class='ocr_carea' id='block_1_34' title="bbox 442 1723 900 1788">
    <p class='ocr_par' dir='ltr' id='par_1_34' title="bbox 442 1723 900 1788">
     <span class='ocr_line' id='line_1_34' title="bbox 442 1723 900 1788; baseline 0.007 -14"><span class='ocrx_word' id='word_1_238' title='bbox 442 1723 535 1775; x_wconf 88' lang='grc' dir='ltr'>τοῦ</span> <span class='ocrx_word' id='word_1_239' title='bbox 568 1724 900 1788; x_wconf 84' lang='grc' dir='ltr'>Μακεδόνος.</span> 
     </span>
    </p>
   </div>
   <div class='ocr_carea' id='block_1_35' title="bbox 510 1805 2020 1883">
    <p class='ocr_par' dir='ltr' id='par_1_35' title="bbox 510 1805 2020 1883">
     <span class='ocr_line' id='line_1_35' title="bbox 510 1805 2020 1883; baseline 0.003 -24"><span class='ocrx_word' id='word_1_240' title='bbox 510 1805 578 1859; x_wconf 92' lang='grc' dir='ltr'>Ν.</span> <span class='ocrx_word' id='word_1_241' title='bbox 623 1809 712 1861; x_wconf 83' lang='lat' dir='ltr'><strong>VI.</strong></span> <span class='ocrx_word' id='word_1_242' title='bbox 751 1807 983 1877; x_wconf 78' lang='grc' dir='ltr'>Σημεῐον</span> <span class='ocrx_word' id='word_1_243' title='bbox 1014 1810 1142 1879; x_wconf 82' lang='grc' dir='ltr'>περὶ</span> <span class='ocrx_word' id='word_1_244' title='bbox 1172 1809 1264 1862; x_wconf 79' lang='grc' dir='ltr'>τὸν</span> <span class='ocrx_word' id='word_1_245' title='bbox 1296 1809 1582 1864; x_wconf 84' lang='grc' dir='ltr'>Βασίλειον</span> <span class='ocrx_word' id='word_1_246' title='bbox 1614 1811 1838 1878; x_wconf 81' lang='grc' dir='ltr'>γεγονὸς</span> <span class='ocrx_word' id='word_1_247' title='bbox 1887 1828 2020 1883; x_wconf 85' lang='grc' dir='ltr'>προ-</span> 
     </span>
    </p>
   </div>
   <div class='ocr_carea' id='block_1_36' title="bbox 441 1889 2017 1965">
    <p class='ocr_par' dir='ltr' id='par_1_36' title="bbox 441 1889 2017 1965">
     <span class='ocr_line' id='line_1_36' title="bbox 441 1889 2017 1965; baseline 0.004 -24"><span class='ocrx_word' id='word_1_248' title='bbox 441 1889 635 1958; x_wconf 77' lang='grc' dir='ltr'>δηλοῦν</span> <span class='ocrx_word' id='word_1_249' title='bbox 661 1891 736 1953; x_wconf 85' lang='grc' dir='ltr'>ὡς</span> <span class='ocrx_word' id='word_1_250' title='bbox 762 1891 1094 1961; x_wconf 84' lang='grc' dir='ltr'>βασιλεύσει.</span> <span class='ocrx_word' id='word_1_251' title='bbox 1123 1893 1254 1964; x_wconf 73' lang='grc' dir='ltr'>Περὶ</span> <span class='ocrx_word' id='word_1_252' title='bbox 1277 1894 1369 1947; x_wconf 90' lang='grc' dir='ltr'>τοῦ</span> <span class='ocrx_word' id='word_1_253' title='bbox 1394 1893 1605 1965; x_wconf 76' lang='grc' dir='ltr'>ὀνείρου</span> <span class='ocrx_word' id='word_1_254' title='bbox 1633 1894 1725 1947; x_wconf 86' lang='grc' dir='ltr'>τοῦ</span> <span class='ocrx_word' id='word_1_255' title='bbox 1759 1896 2017 1963; x_wconf 80' lang='grc' dir='ltr'>φανέντος</span> 
     </span>
    </p>
   </div>
   <div class='ocr_carea' id='block_1_37' title="bbox 439 1972 2019 2046">
    <p class='ocr_par' dir='ltr' id='par_1_37' title="bbox 439 1972 2019 2046">
     <span class='ocr_line' id='line_1_37' title="bbox 439 1972 2019 2046; baseline 0.006 -23"><span class='ocrx_word' id='word_1_256' title='bbox 439 1972 516 2041; x_wconf 80' lang='grc' dir='ltr'>τῷ</span> <span class='ocrx_word' id='word_1_257' title='bbox 566 1976 823 2046; x_wconf 81' lang='grc' dir='ltr'>νεωκόρῳ</span> <span class='ocrx_word' id='word_1_258' title='bbox 865 1975 959 2028; x_wconf 82' lang='grc' dir='ltr'>τοῦ</span> <span class='ocrx_word' id='word_1_259' title='bbox 1006 1976 1133 2029; x_wconf 91' lang='grc' dir='ltr'>ναοῦ</span> <span class='ocrx_word' id='word_1_260' title='bbox 1190 1976 1284 2029; x_wconf 88' lang='grc' dir='ltr'>τοῦ</span> <span class='ocrx_word' id='word_1_261' title='bbox 1321 1978 1478 2044; x_wconf 85' lang='grc' dir='ltr'>ἁγίου</span> <span class='ocrx_word' id='word_1_262' title='bbox 1534 1977 1856 2046; x_wconf 72' lang='grc' dir='ltr'>Διομήδους.</span> <span class='ocrx_word' id='word_1_263' title='bbox 1894 1979 2019 2032; x_wconf 83' lang='grc' dir='ltr'>Ὅτι</span> 
     </span>
    </p>
   </div>
   <div class='ocr_carea' id='block_1_38' title="bbox 439 2053 2017 2128">
    <p class='ocr_par' dir='ltr' id='par_1_38' title="bbox 439 2053 2017 2128">
     <span class='ocr_line' id='line_1_38' title="bbox 439 2053 2017 2128; baseline 0.006 -25"><span class='ocrx_word' id='word_1_264' title='bbox 439 2053 706 2124; x_wconf 78' lang='grc' dir='ltr'>πρότερον</span> <span class='ocrx_word' id='word_1_265' title='bbox 751 2057 777 2105; x_wconf 92' lang='lat'>6</span> <span class='ocrx_word' id='word_1_266' title='bbox 808 2055 1085 2117; x_wconf 84' lang='grc' dir='ltr'>Βασίλειος</span> <span class='ocrx_word' id='word_1_267' title='bbox 1126 2054 1204 2124; x_wconf 87' lang='grc' dir='ltr'>τῷ</span> <span class='ocrx_word' id='word_1_268' title='bbox 1233 2055 1556 2128; x_wconf 77' lang='grc' dir='ltr'>Θεοφιλίτζῃ</span> <span class='ocrx_word' id='word_1_269' title='bbox 1588 2055 2017 2127; x_wconf 77' lang='grc' dir='ltr'>ἐξυπηρέτησεν.</span> 
     </span>
    </p>
   </div>
   <div class='ocr_carea' id='block_1_39' title="bbox 442 2136 2016 2210">
    <p class='ocr_par' dir='ltr' id='par_1_39' title="bbox 442 2136 2016 2210">
     <span class='ocr_line' id='line_1_39' title="bbox 442 2136 2016 2210; baseline 0.006 -23"><span class='ocrx_word' id='word_1_270' title='bbox 442 2136 606 2188; x_wconf 83' lang='grc' dir='ltr'>Ὅθεν</span> <span class='ocrx_word' id='word_1_271' title='bbox 636 2138 728 2191; x_wconf 82' lang='grc' dir='ltr'>καὶ</span> <span class='ocrx_word' id='word_1_272' title='bbox 755 2138 903 2201; x_wconf 86' lang='grc' dir='ltr'>ὅπως</span> <span class='ocrx_word' id='word_1_273' title='bbox 930 2140 1010 2201; x_wconf 82' lang='grc' dir='ltr'>εἰς</span> <span class='ocrx_word' id='word_1_274' title='bbox 1039 2137 1107 2190; x_wconf 78' lang='grc' dir='ltr'>τὰ</span> <span class='ocrx_word' id='word_1_275' title='bbox 1139 2137 1387 2208; x_wconf 83' lang='grc' dir='ltr'>βασίλεια</span> <span class='ocrx_word' id='word_1_276' title='bbox 1426 2139 1655 2209; x_wconf 75' lang='grc' dir='ltr'>εἰσήχθη</span> <span class='ocrx_word' id='word_1_277' title='bbox 1682 2142 1707 2191; x_wconf 81' lang='lat'>6</span> <span class='ocrx_word' id='word_1_278' title='bbox 1744 2141 2016 2210; x_wconf 82' lang='grc' dir='ltr'>βασιλεὺς,</span> 
     </span>
    </p>
   </div>
   <div class='ocr_carea' id='block_1_40' title="bbox 440 2218 2019 2296">
    <p class='ocr_par' dir='ltr' id='par_1_40' title="bbox 440 2218 2019 2296">
     <span class='ocr_line' id='line_1_40' title="bbox 440 2218 2019 2296; baseline 0.004 -26"><span class='ocrx_word' id='word_1_279' title='bbox 440 2218 535 2270; x_wconf 83' lang='grc' dir='ltr'>καὶ</span> <span class='ocrx_word' id='word_1_280' title='bbox 564 2218 714 2282; x_wconf 60' lang='grc' dir='ltr'>ὅπως</span> <span class='ocrx_word' id='word_1_281' title='bbox 758 2219 1043 2290; x_wconf 86' lang='grc' dir='ltr'>ᾠκειώθη,</span> <span class='ocrx_word' id='word_1_282' title='bbox 1098 2222 1194 2274; x_wconf 77' lang='grc' dir='ltr'>καὶ</span> <span class='ocrx_word' id='word_1_283' title='bbox 1239 2221 1495 2293; x_wconf 89' lang='grc' dir='ltr'>ἐτιμήθη.</span> <span class='ocrx_word' id='word_1_284' title='bbox 1539 2220 1676 2292; x_wconf 78' lang='grc' dir='ltr'>Περὶ</span> <span class='ocrx_word' id='word_1_285' title='bbox 1712 2223 1808 2293; x_wconf 81' lang='grc' dir='ltr'>τῆς</span> <span class='ocrx_word' id='word_1_286' title='bbox 1847 2225 2019 2296; x_wconf 83' lang='grc' dir='ltr'>προῤ-</span> 
     </span>
    </p>
   </div>
   <div class='ocr_carea' id='block_1_41' title="bbox 442 2301 2022 2378">
    <p class='ocr_par' dir='ltr' id='par_1_41' title="bbox 442 2301 2022 2378">
     <span class='ocr_line' id='line_1_41' title="bbox 442 2301 2022 2378; baseline 0.006 -27"><span class='ocrx_word' id='word_1_287' title='bbox 442 2301 657 2369; x_wconf 78' lang='grc' dir='ltr'>ρήσεως</span> <span class='ocrx_word' id='word_1_288' title='bbox 692 2303 791 2371; x_wconf 84' lang='grc' dir='ltr'>τῆς</span> <span class='ocrx_word' id='word_1_289' title='bbox 824 2304 1031 2375; x_wconf 79' lang='grc' dir='ltr'>μητρὸς</span> <span class='ocrx_word' id='word_1_290' title='bbox 1071 2303 1167 2358; x_wconf 89' lang='grc' dir='ltr'>τοῦ</span> <span class='ocrx_word' id='word_1_291' title='bbox 1203 2305 1466 2376; x_wconf 79' lang='grc' dir='ltr'>βασιλέως</span> <span class='ocrx_word' id='word_1_292' title='bbox 1495 2306 1594 2375; x_wconf 79' lang='grc' dir='ltr'>τῆς</span> <span class='ocrx_word' id='word_1_293' title='bbox 1626 2306 1758 2378; x_wconf 80' lang='grc' dir='ltr'>περὶ</span> <span class='ocrx_word' id='word_1_294' title='bbox 1787 2305 1881 2361; x_wconf 89' lang='grc' dir='ltr'>τοῦ</span> <span class='ocrx_word' id='word_1_295' title='bbox 1917 2308 2022 2361; x_wconf 87' lang='grc' dir='ltr'>Βα-</span> 
     </span>
    </p>
   </div>
   <div class='ocr_carea' id='block_1_42' title="bbox 446 2384 669 2438">
    <p class='ocr_par' dir='ltr' id='par_1_42' title="bbox 446 2384 669 2438">
     <span class='ocr_line' id='line_1_42' title="bbox 446 2384 669 2438; baseline 0.022 -4"><span class='ocrx_word' id='word_1_296' title='bbox 446 2384 669 2438; x_wconf 77' lang='grc' dir='ltr'>σιὶείου.</span> 
     </span>
    </p>
   </div>
   <div class='ocr_carea' id='block_1_43' title="bbox 508 2467 2018 2543">
    <p class='ocr_par' dir='ltr' id='par_1_43' title="bbox 508 2467 2018 2543">
     <span class='ocr_line' id='line_1_43' title="bbox 508 2467 2018 2543; baseline 0.005 -22"><span class='ocrx_word' id='word_1_297' title='bbox 508 2467 574 2521; x_wconf 90' lang='grc' dir='ltr'>Ν.</span> <span class='ocrx_word' id='word_1_298' title='bbox 623 2468 733 2523; x_wconf 70' lang='lat' dir='ltr'><strong>VII.</strong></span> <span class='ocrx_word' id='word_1_299' title='bbox 778 2469 913 2538; x_wconf 81' lang='grc' dir='ltr'>Περὶ</span> <span class='ocrx_word' id='word_1_300' title='bbox 959 2469 1059 2540; x_wconf 85' lang='grc' dir='ltr'>τῆς</span> <span class='ocrx_word' id='word_1_301' title='bbox 1111 2473 1471 2542; x_wconf 74' lang='grc' dir='ltr'>προρρήσεως</span> <span class='ocrx_word' id='word_1_302' title='bbox 1521 2472 1621 2543; x_wconf 83' lang='grc' dir='ltr'>τῆς</span> <span class='ocrx_word' id='word_1_303' title='bbox 1681 2474 1886 2542; x_wconf 72' lang='grc' dir='ltr'>μητρὸς</span> <span class='ocrx_word' id='word_1_304' title='bbox 1922 2474 2018 2528; x_wconf 87' lang='grc' dir='ltr'>τοῦ</span> 
     </span>
    </p>
   </div>
   <div class='ocr_carea' id='block_1_44' title="bbox 441 2549 2017 2622">
    <p class='ocr_par' dir='ltr' id='par_1_44' title="bbox 441 2549 2017 2622">
     <span class='ocr_line' id='line_1_44' title="bbox 441 2549 2017 2622; baseline 0.006 -21"><span class='ocrx_word' id='word_1_305' title='bbox 441 2549 708 2619; x_wconf 72' lang='grc' dir='ltr'>βασιλέως</span> <span class='ocrx_word' id='word_1_306' title='bbox 735 2554 836 2620; x_wconf 83' lang='grc' dir='ltr'>τῆς</span> <span class='ocrx_word' id='word_1_307' title='bbox 865 2554 993 2622; x_wconf 77' lang='grc' dir='ltr'>περὶ</span> <span class='ocrx_word' id='word_1_308' title='bbox 1022 2553 1118 2607; x_wconf 87' lang='grc' dir='ltr'>τοῦ</span> <span class='ocrx_word' id='word_1_309' title='bbox 1155 2554 1460 2609; x_wconf 84' lang='grc' dir='ltr'>Βασιλείου.</span> <span class='ocrx_word' id='word_1_310' title='bbox 1502 2556 1628 2608; x_wconf 89' lang='grc' dir='ltr'>Ὅτι</span> <span class='ocrx_word' id='word_1_311' title='bbox 1658 2556 2017 2612; x_wconf 88' lang='grc' dir='ltr'>ἐπεϐούλευον</span> 
     </span>
    </p>
   </div>
   <div class='ocr_carea' id='block_1_45' title="bbox 439 2632 2019 2711">
    <p class='ocr_par' dir='ltr' id='par_1_45' title="bbox 439 2632 2019 2711">
     <span class='ocr_line' id='line_1_45' title="bbox 439 2632 2019 2711; baseline 0.006 -25"><span class='ocrx_word' id='word_1_312' title='bbox 439 2632 705 2703; x_wconf 77' lang='grc' dir='ltr'>ἀλλήλους</span> <span class='ocrx_word' id='word_1_313' title='bbox 726 2636 754 2687; x_wconf 91' lang='lat'>6</span> <span class='ocrx_word' id='word_1_314' title='bbox 786 2638 1005 2706; x_wconf 81' lang='grc' dir='ltr'>Καῖσαρ</span> <span class='ocrx_word' id='word_1_315' title='bbox 1036 2638 1132 2690; x_wconf 73' lang='grc' dir='ltr'>καὶ</span> <span class='ocrx_word' id='word_1_316' title='bbox 1158 2639 1186 2688; x_wconf 89' lang='lat'>6</span> <span class='ocrx_word' id='word_1_317' title='bbox 1213 2638 1511 2701; x_wconf 83' lang='grc' dir='ltr'>Βασίλειος.</span> <span class='ocrx_word' id='word_1_318' title='bbox 1543 2640 1774 2705; x_wconf 83' lang='grc' dir='ltr'>Σημεῖόν</span> <span class='ocrx_word' id='word_1_319' title='bbox 1808 2659 1859 2694; x_wconf 91' lang='grc' dir='ltr'>τι</span> <span class='ocrx_word' id='word_1_320' title='bbox 1889 2642 2019 2711; x_wconf 82' lang='grc' dir='ltr'>περὶ</span> 
     </span>
    </p>
   </div>
   <div class='ocr_carea' id='block_1_46' title="bbox 437 2715 2021 2794">
    <p class='ocr_par' dir='ltr' id='par_1_46' title="bbox 437 2715 2021 2794">
     <span class='ocr_line' id='line_1_46' title="bbox 437 2715 2021 2794; baseline 0.006 -27"><span class='ocrx_word' id='word_1_321' title='bbox 437 2715 531 2768; x_wconf 84' lang='grc' dir='ltr'>τὸν</span> <span class='ocrx_word' id='word_1_322' title='bbox 589 2718 846 2789; x_wconf 87' lang='grc' dir='ltr'>Καίσαρα</span> <span class='ocrx_word' id='word_1_323' title='bbox 884 2720 1129 2787; x_wconf 77' lang='grc' dir='ltr'>γεγονός.</span> <span class='ocrx_word' id='word_1_324' title='bbox 1172 2721 1297 2775; x_wconf 74' lang='grc' dir='ltr'>Ὀτι</span> <span class='ocrx_word' id='word_1_325' title='bbox 1352 2720 1525 2774; x_wconf 79' lang='grc' dir='ltr'>πολλὰ</span> <span class='ocrx_word' id='word_1_326' title='bbox 1578 2722 1688 2774; x_wconf 86' lang='grc' dir='ltr'>τῶν</span> <span class='ocrx_word' id='word_1_327' title='bbox 1740 2723 2021 2794; x_wconf 84' lang='grc' dir='ltr'>ᾠκονομη-</span> 
     </span>
    </p>
   </div>
   <div class='ocr_carea' id='block_1_47' title="bbox 440 2800 2019 2875">
    <p class='ocr_par' dir='ltr' id='par_1_47' title="bbox 440 2800 2019 2875">
     <span class='ocr_line' id='line_1_47' title="bbox 440 2800 2019 2875; baseline 0.005 -24"><span class='ocrx_word' id='word_1_328' title='bbox 440 2800 624 2868; x_wconf 82' lang='grc' dir='ltr'>μένων</span> <span class='ocrx_word' id='word_1_329' title='bbox 673 2802 971 2872; x_wconf 86' lang='grc' dir='ltr'>ἀνέτρεπεν</span> <span class='ocrx_word' id='word_1_330' title='bbox 1001 2805 1030 2857; x_wconf 91' lang='lat'>6</span> <span class='ocrx_word' id='word_1_331' title='bbox 1075 2803 1353 2874; x_wconf 83' lang='grc' dir='ltr'>βασιλεύς.</span> <span class='ocrx_word' id='word_1_332' title='bbox 1401 2805 1707 2875; x_wconf 80' lang='grc' dir='ltr'>’Λναίρεσις</span> <span class='ocrx_word' id='word_1_333' title='bbox 1751 2806 1846 2860; x_wconf 91' lang='grc' dir='ltr'>τοῦ</span> <span class='ocrx_word' id='word_1_334' title='bbox 1883 2807 2019 2861; x_wconf 83' lang='grc' dir='ltr'>Καί-</span> 
     </span>
    </p>
   </div>
   <div class='ocr_carea' id='block_1_48' title="bbox 440 2885 2018 2960">
    <p class='ocr_par' dir='ltr' id='par_1_48' title="bbox 440 2885 2018 2960">
     <span class='ocr_line' id='line_1_48' title="bbox 440 2885 2018 2960; baseline 0.006 -25"><span class='ocrx_word' id='word_1_335' title='bbox 440 2900 610 2954; x_wconf 89' lang='grc' dir='ltr'>σαρος</span> <span class='ocrx_word' id='word_1_336' title='bbox 661 2885 866 2956; x_wconf 81' lang='grc' dir='ltr'>Βάρδα.</span> <span class='ocrx_word' id='word_1_337' title='bbox 901 2889 1238 2960; x_wconf 77' lang='grc' dir='ltr'>’Λνάρρησις</span> <span class='ocrx_word' id='word_1_338' title='bbox 1304 2889 1397 2943; x_wconf 88' lang='grc' dir='ltr'>τοῦ</span> <span class='ocrx_word' id='word_1_339' title='bbox 1431 2888 1735 2944; x_wconf 85' lang='grc' dir='ltr'>Βασιλείου.</span> <span class='ocrx_word' id='word_1_340' title='bbox 1781 2891 1945 2944; x_wconf 88' lang='grc' dir='ltr'>Ὅθεν</span> <span class='ocrx_word' id='word_1_341' title='bbox 1989 2893 2018 2946; x_wconf 90' lang='lat'>6</span> 
     </span>
    </p>
   </div>
   <div class='ocr_carea' id='block_1_49' title="bbox 441 2967 2020 3046">
    <p class='ocr_par' dir='ltr' id='par_1_49' title="bbox 441 2967 2020 3046">
     <span class='ocr_line' id='line_1_49' title="bbox 441 2967 2020 3046; baseline 0.008 -28"><span class='ocrx_word' id='word_1_342' title='bbox 441 2967 720 3031; x_wconf 72' lang='grc' dir='ltr'>Βασίλειος</span> <span class='ocrx_word' id='word_1_343' title='bbox 764 2970 972 3024; x_wconf 81' lang='grc' dir='ltr'>ἀνελεῖν</span> <span class='ocrx_word' id='word_1_344' title='bbox 1014 2973 1279 3044; x_wconf 76' lang='grc' dir='ltr'>ἠρεθίσθη</span> <span class='ocrx_word' id='word_1_345' title='bbox 1305 2971 1398 3027; x_wconf 79' lang='grc' dir='ltr'>τὸν</span> <span class='ocrx_word' id='word_1_346' title='bbox 1424 2974 1663 3045; x_wconf 87' lang='grc' dir='ltr'>Μιχαήλ.</span> <span class='ocrx_word' id='word_1_347' title='bbox 1711 2975 2020 3046; x_wconf 82' lang='grc' dir='ltr'>’Λναίρεσις</span> 
     </span>
    </p>
   </div>
   <div class='ocr_carea' id='block_1_50' title="bbox 438 3049 1110 3126">
    <p class='ocr_par' dir='ltr' id='par_1_50' title="bbox 438 3049 1110 3126">
     <span class='ocr_line' id='line_1_50' title="bbox 438 3049 1110 3126; baseline 0.013 -23"><span class='ocrx_word' id='word_1_348' title='bbox 438 3049 531 3104; x_wconf 90' lang='grc' dir='ltr'>τοῦ</span> <span class='ocrx_word' id='word_1_349' title='bbox 564 3051 827 3121; x_wconf 86' lang='grc' dir='ltr'>βασιλέως</span> <span class='ocrx_word' id='word_1_350' title='bbox 864 3056 917 3108; x_wconf 90' lang='grc' dir='ltr'><em>Μ</em></span> <span class='ocrx_word' id='word_1_351' title='bbox 924 3057 1110 3126; x_wconf 82' lang='grc' dir='ltr'>ιχαήλ.</span> 
     </span>
    </p>
   </div>
   <div class='ocr_carea' id='block_1_51' title="bbox 510 3134 2016 3214">
    <p class='ocr_par' dir='ltr' id='par_1_51' title="bbox 510 3134 2016 3214">
     <span class='ocr_line' id='line_1_51' title="bbox 510 3134 2016 3214; baseline 0.007 -26"><span class='ocrx_word' id='word_1_352' title='bbox 510 3134 578 3193; x_wconf 88' lang='grc' dir='ltr'>Ν.</span> <span class='ocrx_word' id='word_1_353' title='bbox 621 3136 754 3192; x_wconf 85' lang='lat' dir='ltr'><strong>VIII.</strong></span> <span class='ocrx_word' id='word_1_354' title='bbox 798 3138 921 3193; x_wconf 88' lang='grc' dir='ltr'>Ὅτι</span> <span class='ocrx_word' id='word_1_355' title='bbox 971 3140 1081 3195; x_wconf 82' lang='grc' dir='ltr'>τῶν</span> <span class='ocrx_word' id='word_1_356' title='bbox 1126 3139 1313 3205; x_wconf 85' lang='grc' dir='ltr'>κακῶς</span> <span class='ocrx_word' id='word_1_357' title='bbox 1341 3140 1764 3207; x_wconf 82' lang='grc' dir='ltr'>δαπανηθέντων</span> <span class='ocrx_word' id='word_1_358' title='bbox 1799 3143 2016 3214; x_wconf 69' lang='grc' dir='ltr'>χρημόιο</span> 
     </span>
    </p>
   </div>
   <div class='ocr_carea' id='block_1_52' title="bbox 434 3221 2015 3296">
    <p class='ocr_par' dir='ltr' id='par_1_52' title="bbox 434 3221 2015 3296">
     <span class='ocr_line' id='line_1_52' title="bbox 434 3221 2015 3296; baseline 0.008 -26"><span class='ocrx_word' id='word_1_359' title='bbox 434 3236 565 3287; x_wconf 84' lang='grc' dir='ltr'>των,</span> <span class='ocrx_word' id='word_1_360' title='bbox 586 3222 612 3273; x_wconf 91' lang='lat'>6</span> <span class='ocrx_word' id='word_1_361' title='bbox 629 3221 885 3290; x_wconf 80' lang='grc' dir='ltr'>βασιλεὺς</span> <span class='ocrx_word' id='word_1_362' title='bbox 900 3224 1132 3289; x_wconf 81' lang='grc' dir='ltr'>συνάξας</span> <span class='ocrx_word' id='word_1_363' title='bbox 1154 3227 1232 3288; x_wconf 90' lang='grc' dir='ltr'>είς</span> <span class='ocrx_word' id='word_1_364' title='bbox 1248 3222 1372 3293; x_wconf 85' lang='grc' dir='ltr'>τρία</span> <span class='ocrx_word' id='word_1_365' title='bbox 1404 3224 1645 3277; x_wconf 85' lang='grc' dir='ltr'>ἐπέσωσε</span> <span class='ocrx_word' id='word_1_366' title='bbox 1663 3228 2015 3296; x_wconf 81' lang='grc' dir='ltr'>κεντηνάρια.</span> 
     </span>
    </p>
   </div>
   <div class='ocr_carea' id='block_1_53' title="bbox 436 3302 2017 3378">
    <p class='ocr_par' dir='ltr' id='par_1_53' title="bbox 436 3302 2017 3378">
     <span class='ocr_line' id='line_1_53' title="bbox 436 3302 2017 3378; baseline 0.006 -23"><span class='ocrx_word' id='word_1_367' title='bbox 436 3302 626 3366; x_wconf 83' lang='grc' dir='ltr'>Ὅπως</span> <span class='ocrx_word' id='word_1_368' title='bbox 655 3306 684 3358; x_wconf 90' lang='lat'>6</span> <span class='ocrx_word' id='word_1_369' title='bbox 714 3306 917 3371; x_wconf 81' lang='grc' dir='ltr'>Φώτιος</span> <span class='ocrx_word' id='word_1_370' title='bbox 954 3308 1163 3378; x_wconf 81' lang='grc' dir='ltr'>ἐξώσθη</span> <span class='ocrx_word' id='word_1_371' title='bbox 1207 3312 1305 3378; x_wconf 79' lang='grc' dir='ltr'>τῆς</span> <span class='ocrx_word' id='word_1_372' title='bbox 1334 3308 1684 3378; x_wconf 81' lang='grc' dir='ltr'>Ἐκκλησίας.</span> <span class='ocrx_word' id='word_1_373' title='bbox 1728 3311 1861 3378; x_wconf 69' lang='grc' dir='ltr'>Περὶ</span> <span class='ocrx_word' id='word_1_374' title='bbox 1895 3313 2017 3365; x_wconf 90' lang='grc' dir='ltr'>ἐπι-</span> 
     </span>
    </p>
   </div>
   <div class='ocr_carea' id='block_1_54' title="bbox 440 3388 2015 3461">
    <p class='ocr_par' dir='ltr' id='par_1_54' title="bbox 440 3388 2015 3461">
     <span class='ocr_line' id='line_1_54' title="bbox 440 3388 2015 3461; baseline 0.006 -24"><span class='ocrx_word' id='word_1_375' title='bbox 440 3388 664 3457; x_wconf 82' lang='grc' dir='ltr'>ϐουλῆς,</span> <span class='ocrx_word' id='word_1_376' title='bbox 695 3390 820 3443; x_wconf 87' lang='grc' dir='ltr'>Ὅτι</span> <span class='ocrx_word' id='word_1_377' title='bbox 852 3389 1043 3461; x_wconf 75' lang='grc' dir='ltr'>ἔστςψε</span> <span class='ocrx_word' id='word_1_378' title='bbox 1075 3391 1315 3461; x_wconf 83' lang='grc' dir='ltr'>βασιλεῖς</span> <span class='ocrx_word' id='word_1_379' title='bbox 1348 3395 1474 3447; x_wconf 70' lang='grc' dir='ltr'>τοὺς</span> <span class='ocrx_word' id='word_1_380' title='bbox 1501 3395 1649 3453; x_wconf 77' lang='grc' dir='ltr'>υἱοὺς</span> <span class='ocrx_word' id='word_1_381' title='bbox 1694 3395 1882 3459; x_wconf 85' lang='grc' dir='ltr'>αὑτοῦ,</span> <span class='ocrx_word' id='word_1_382' title='bbox 1918 3398 2015 3459; x_wconf 75' lang='grc' dir='ltr'>τὰς</span> 
     </span>
    </p>
   </div>
   <div class='ocr_carea' id='block_1_55' title="bbox 435 3468 2015 3548">
    <p class='ocr_par' dir='ltr' id='par_1_55' title="bbox 435 3468 2015 3548">
     <span class='ocr_line' id='line_1_55' title="bbox 435 3468 2015 3548; baseline 0.008 -28"><span class='ocrx_word' id='word_1_383' title='bbox 435 3468 491 3520; x_wconf 78' lang='grc' dir='ltr'>δὲ</span> <span class='ocrx_word' id='word_1_384' title='bbox 523 3470 832 3541; x_wconf 82' lang='grc' dir='ltr'>θυγατέρας</span> <span class='ocrx_word' id='word_1_385' title='bbox 871 3475 1156 3544; x_wconf 80' lang='grc' dir='ltr'>ἀπέκειρε.</span> <span class='ocrx_word' id='word_1_386' title='bbox 1197 3475 1322 3528; x_wconf 80' lang='grc' dir='ltr'>Ὀτι</span> <span class='ocrx_word' id='word_1_387' title='bbox 1356 3478 1414 3528; x_wconf 89' lang='grc' dir='ltr'>ἐν</span> <span class='ocrx_word' id='word_1_388' title='bbox 1444 3479 1511 3548; x_wconf 80' lang='grc' dir='ltr'>τῇ</span> <span class='ocrx_word' id='word_1_389' title='bbox 1556 3478 1750 3548; x_wconf 82' lang='grc' dir='ltr'>Κρήτῃ</span> <span class='ocrx_word' id='word_1_390' title='bbox 1781 3478 2015 3548; x_wconf 85' lang='grc' dir='ltr'>ἐκστρα-</span> 
     </span>
    </p>
   </div>
   <div class='ocr_carea' id='block_1_56' title="bbox 436 3552 2015 3634">
    <p class='ocr_par' dir='ltr' id='par_1_56' title="bbox 436 3552 2015 3634">
     <span class='ocr_line' id='line_1_56' title="bbox 436 3552 2015 3634; baseline 0.008 -30"><span class='ocrx_word' id='word_1_391' title='bbox 436 3552 638 3618; x_wconf 83' lang='grc' dir='ltr'>τεύσας</span> <span class='ocrx_word' id='word_1_392' title='bbox 683 3556 917 3632; x_wconf 88' lang='grc' dir='ltr'>ήττήθη.</span> <span class='ocrx_word' id='word_1_393' title='bbox 967 3560 1155 3621; x_wconf 85' lang='grc' dir='ltr'>Ὅπως</span> <span class='ocrx_word' id='word_1_394' title='bbox 1199 3562 1227 3612; x_wconf 93' lang='lat'>6</span> <span class='ocrx_word' id='word_1_395' title='bbox 1265 3561 1571 3630; x_wconf 85' lang='grc' dir='ltr'>Χρυσόχειρ</span> <span class='ocrx_word' id='word_1_396' title='bbox 1616 3563 1826 3632; x_wconf 78' lang='grc' dir='ltr'>ἡττήθη</span> <span class='ocrx_word' id='word_1_397' title='bbox 1865 3563 2015 3634; x_wconf 87' lang='grc' dir='ltr'>παρά</span> 
     </span>
    </p>
   </div>
   <div class='ocr_carea' id='block_1_57' title="bbox 449 3634 2014 3712">
    <p class='ocr_par' dir='ltr' id='par_1_57' title="bbox 449 3634 2014 3712">
     <span class='ocr_line' id='line_1_57' title="bbox 449 3634 2014 3712; baseline 0.01 -25"><span class='ocrx_word' id='word_1_398' title='bbox 449 3634 738 3705; x_wconf 82' lang='grc' dir='ltr'>Ῥωμαίων</span> <span class='ocrx_word' id='word_1_399' title='bbox 780 3640 874 3691; x_wconf 77' lang='grc' dir='ltr'>καὶ</span> <span class='ocrx_word' id='word_1_400' title='bbox 920 3641 1183 3712; x_wconf 78' lang='grc' dir='ltr'>ἀνῃρέθη.</span> <span class='ocrx_word' id='word_1_401' title='bbox 1216 3642 1364 3707; x_wconf 65' lang='lat' dir='ltr'>&quot;Ou,</span> <span class='ocrx_word' id='word_1_402' title='bbox 1399 3642 1494 3696; x_wconf 85' lang='grc' dir='ltr'>τοῦ</span> <span class='ocrx_word' id='word_1_403' title='bbox 1535 3644 1800 3711; x_wconf 84' lang='grc' dir='ltr'>Ἰγνατίου</span> <span class='ocrx_word' id='word_1_404' title='bbox 1830 3646 2014 3701; x_wconf 77' lang='grc' dir='ltr'>τελευο</span> 
     </span>
    </p>
   </div>
   <div class='ocr_carea' id='block_1_58' title="bbox 435 3720 2013 3801">
    <p class='ocr_par' dir='ltr' id='par_1_58' title="bbox 435 3720 2013 3801">
     <span class='ocr_line' id='line_1_58' title="bbox 435 3720 2013 3801; baseline 0.011 -33"><span class='ocrx_word' id='word_1_405' title='bbox 435 3720 722 3787; x_wconf 82' lang='grc' dir='ltr'>τήσαντος,</span> <span class='ocrx_word' id='word_1_406' title='bbox 748 3723 776 3775; x_wconf 93' lang='lat'>6</span> <span class='ocrx_word' id='word_1_407' title='bbox 812 3723 1016 3787; x_wconf 80' lang='grc' dir='ltr'>Φώτιος</span> <span class='ocrx_word' id='word_1_408' title='bbox 1048 3724 1203 3788; x_wconf 82' lang='grc' dir='ltr'>αὖθις</span> <span class='ocrx_word' id='word_1_409' title='bbox 1238 3726 1451 3799; x_wconf 87' lang='grc' dir='ltr'>ἀνήχθη</span> <span class='ocrx_word' id='word_1_410' title='bbox 1478 3731 1556 3791; x_wconf 84' lang='grc' dir='ltr'>είς</span> <span class='ocrx_word' id='word_1_411' title='bbox 1584 3729 1674 3782; x_wconf 76' lang='grc' dir='ltr'>τὸν</span> <span class='ocrx_word' id='word_1_412' title='bbox 1702 3728 1893 3801; x_wconf 88' lang='grc' dir='ltr'>θρόνον</span> <span class='ocrx_word' id='word_1_413' title='bbox 1921 3733 2013 3787; x_wconf 73' lang='grc' dir='ltr'>τὸν</span> 
     </span>
    </p>
   </div>
   <div class='ocr_carea' id='block_1_59' title="bbox 438 3807 863 3874">
    <p class='ocr_par' dir='ltr' id='par_1_59' title="bbox 438 3807 863 3874">
     <span class='ocr_line' id='line_1_59' title="bbox 438 3807 863 3874; baseline 0.014 -21"><span class='ocrx_word' id='word_1_414' title='bbox 438 3807 863 3874; x_wconf 83' lang='grc' dir='ltr'>πατριαρχικόν.</span> 
     </span>
    </p>
   </div>
   <div class='ocr_carea' id='block_1_60' title="bbox 508 3886 2005 3969">
    <p class='ocr_par' dir='ltr' id='par_1_60' title="bbox 508 3886 2005 3969">
     <span class='ocr_line' id='line_1_60' title="bbox 508 3886 2005 3969; baseline 0.009 -29"><span class='ocrx_word' id='word_1_415' title='bbox 508 3886 574 3942; x_wconf 88' lang='grc' dir='ltr'>Ν.</span> <span class='ocrx_word' id='word_1_416' title='bbox 592 3887 682 3943; x_wconf 85' lang='lat' dir='ltr'><strong>IX.</strong></span> <span class='ocrx_word' id='word_1_417' title='bbox 708 3890 842 3960; x_wconf 75' lang='grc' dir='ltr'>Περὶ</span> <span class='ocrx_word' id='word_1_418' title='bbox 865 3890 1181 3962; x_wconf 73' lang='grc' dir='ltr'>ἐπιϐουλῆς.</span> <span class='ocrx_word' id='word_1_419' title='bbox 1227 3892 1587 3963; x_wconf 85' lang='grc' dir='ltr'>Ἐκστρατεία</span> <span class='ocrx_word' id='word_1_420' title='bbox 1608 3897 1750 3951; x_wconf 85' lang='grc' dir='ltr'>κατά</span> <span class='ocrx_word' id='word_1_421' title='bbox 1778 3898 2005 3969; x_wconf 79' lang='grc' dir='ltr'>Συρίας.</span> 
     </span>
    </p>
   </div>
   <div class='ocr_carea' id='block_1_61' title="bbox 440 3968 2011 4052">
    <p class='ocr_par' dir='ltr' id='par_1_61' title="bbox 440 3968 2011 4052">
     <span class='ocr_line' id='line_1_61' title="bbox 440 3968 2011 4052; baseline 0.008 -29"><span class='ocrx_word' id='word_1_422' title='bbox 440 3968 585 4035; x_wconf 88' lang='grc' dir='ltr'>Ὅτι,</span> <span class='ocrx_word' id='word_1_423' title='bbox 623 3972 926 4046; x_wconf 82' lang='grc' dir='ltr'>πολιορκῶν</span> <span class='ocrx_word' id='word_1_424' title='bbox 962 3975 1062 4045; x_wconf 77' lang='grc' dir='ltr'>τὴν</span> <span class='ocrx_word' id='word_1_425' title='bbox 1093 3977 1331 4031; x_wconf 78' lang='grc' dir='ltr'>Ἀδαταν</span> <span class='ocrx_word' id='word_1_426' title='bbox 1359 3980 1387 4032; x_wconf 93' lang='lat'>6</span> <span class='ocrx_word' id='word_1_427' title='bbox 1420 3979 1702 4049; x_wconf 78' lang='grc' dir='ltr'>βασιλεὺς,</span> <span class='ocrx_word' id='word_1_428' title='bbox 1737 3982 1835 4036; x_wconf 83' lang='grc' dir='ltr'>καὶ</span> <span class='ocrx_word' id='word_1_429' title='bbox 1862 3968 2011 4052; x_wconf 78' lang='grc' dir='ltr'>ὁρῶν</span> 
     </span>
    </p>
   </div>
   <div class='ocr_carea' id='block_1_62' title="bbox 437 4054 2010 4137">
    <p class='ocr_par' dir='ltr' id='par_1_62' title="bbox 437 4054 2010 4137">
     <span class='ocr_line' id='line_1_62' title="bbox 437 4054 2010 4137; baseline 0.008 -30"><span class='ocrx_word' id='word_1_430' title='bbox 437 4054 563 4137; x_wconf 82' lang='grc' dir='ltr'>τοὺς</span> <span class='ocrx_word' id='word_1_431' title='bbox 590 4056 740 4121; x_wconf 81' lang='grc' dir='ltr'>ἐντὸς</span> <span class='ocrx_word' id='word_1_432' title='bbox 786 4057 863 4130; x_wconf 81' lang='grc' dir='ltr'>μή</span> <span class='ocrx_word' id='word_1_433' title='bbox 899 4057 1285 4129; x_wconf 80' lang='grc' dir='ltr'>φροντίζοντας</span> <span class='ocrx_word' id='word_1_434' title='bbox 1319 4060 1417 4132; x_wconf 81' lang='grc' dir='ltr'>τῆς</span> <span class='ocrx_word' id='word_1_435' title='bbox 1448 4063 1789 4135; x_wconf 86' lang='grc' dir='ltr'>πολιορκίας,</span> <span class='ocrx_word' id='word_1_436' title='bbox 1844 4066 2010 4137; x_wconf 76' lang='grc' dir='ltr'>ἤρετο</span> 
     </span>
    </p>
   </div>
   <div class='ocr_carea' id='block_1_63' title="bbox 433 4136 2009 4221">
    <p class='ocr_par' dir='ltr' id='par_1_63' title="bbox 433 4136 2009 4221">
     <span class='ocr_line' id='line_1_63' title="bbox 433 4136 2009 4221; baseline 0.011 -32"><span class='ocrx_word' id='word_1_437' title='bbox 433 4136 525 4195; x_wconf 74' lang='grc' dir='ltr'>τὸν</span> <span class='ocrx_word' id='word_1_438' title='bbox 549 4139 770 4210; x_wconf 89' lang='grc' dir='ltr'>τρόπον,</span> <span class='ocrx_word' id='word_1_439' title='bbox 805 4144 899 4198; x_wconf 82' lang='grc' dir='ltr'>καὶ</span> <span class='ocrx_word' id='word_1_440' title='bbox 924 4145 1211 4218; x_wconf 82' lang='grc' dir='ltr'>ἀπηγγέλη</span> <span class='ocrx_word' id='word_1_441' title='bbox 1260 4145 1428 4217; x_wconf 79' lang='grc' dir='ltr'>αὐτῷ.</span> <span class='ocrx_word' id='word_1_442' title='bbox 1460 4148 1645 4211; x_wconf 85' lang='grc' dir='ltr'>Ὅπως</span> <span class='ocrx_word' id='word_1_443' title='bbox 1689 4150 1739 4202; x_wconf 84' lang='grc' dir='ltr'>οί</span> <span class='ocrx_word' id='word_1_444' title='bbox 1771 4150 1836 4204; x_wconf 88' lang='grc' dir='ltr'>ἐκ</span> <span class='ocrx_word' id='word_1_445' title='bbox 1864 4136 2009 4221; x_wconf 81' lang='grc' dir='ltr'>Ταρ-</span> 
     </span>
    </p>
   </div>
   <div class='ocr_carea' id='block_1_64' title="bbox 437 4222 2008 4305">
    <p class='ocr_par' dir='ltr' id='par_1_64' title="bbox 437 4222 2008 4305">
     <span class='ocr_line' id='line_1_64' title="bbox 437 4222 2008 4305; baseline 0.011 -33"><span class='ocrx_word' id='word_1_446' title='bbox 437 4222 531 4274; x_wconf 80' lang='grc' dir='ltr'>σοῦ</span> <span class='ocrx_word' id='word_1_447' title='bbox 566 4228 659 4277; x_wconf 77' lang='grc' dir='ltr'>καὶ</span> <span class='ocrx_word' id='word_1_448' title='bbox 690 4227 999 4299; x_wconf 66' lang='grc' dir='ltr'>Μελιτηνῑκ</span> <span class='ocrx_word' id='word_1_449' title='bbox 1041 4232 1334 4302; x_wconf 75' lang='grc' dir='ltr'>Ἀγαρηνοὶ</span> <span class='ocrx_word' id='word_1_450' title='bbox 1360 4231 1697 4301; x_wconf 83' lang='grc' dir='ltr'>ἡττήθησαν.</span> <span class='ocrx_word' id='word_1_451' title='bbox 1734 4233 1869 4305; x_wconf 79' lang='grc' dir='ltr'>Περὶ</span> <span class='ocrx_word' id='word_1_452' title='bbox 1898 4235 2008 4290; x_wconf 84' lang='grc' dir='ltr'>τῶν</span> 
     </span>
    </p>
   </div>
   <div class='ocr_carea' id='block_1_65' title="bbox 435 4306 2006 4387">
    <p class='ocr_par' dir='ltr' id='par_1_65' title="bbox 435 4306 2006 4387">
     <span class='ocr_line' id='line_1_65' title="bbox 435 4306 2006 4387; baseline 0.009 -30"><span class='ocrx_word' id='word_1_453' title='bbox 435 4306 499 4359; x_wconf 83' lang='grc' dir='ltr'>ἐκ</span> <span class='ocrx_word' id='word_1_454' title='bbox 549 4309 901 4380; x_wconf 82' lang='grc' dir='ltr'>Καρχηδόνος</span> <span class='ocrx_word' id='word_1_455' title='bbox 952 4313 1297 4385; x_wconf 82' lang='grc' dir='ltr'>Ἀγαρηνῶν.</span> <span class='ocrx_word' id='word_1_456' title='bbox 1343 4314 1466 4367; x_wconf 89' lang='grc' dir='ltr'>Ὅτι</span> <span class='ocrx_word' id='word_1_457' title='bbox 1516 4315 1544 4368; x_wconf 91' lang='lat'>6</span> <span class='ocrx_word' id='word_1_458' title='bbox 1582 4314 1682 4387; x_wconf 79' lang='grc' dir='ltr'><strong>ρὴξ</strong></span> <span class='ocrx_word' id='word_1_459' title='bbox 1727 4317 2006 4387; x_wconf 82' lang='grc' dir='ltr'>Φραγγίας</span> 
     </span>
    </p>
   </div>
   <div class='ocr_carea' id='block_1_66' title="bbox 2044 1700 3699 1795">
    <p class='ocr_par' dir='ltr' id='par_1_66' title="bbox 2044 1700 3699 1795">
     <span class='ocr_line' id='line_1_66' title="bbox 2044 1700 3699 1795; baseline -0.001 -22"><span class='ocrx_word' id='word_1_460' title='bbox 2044 1700 2093 1760; x_wconf 80' lang='grc' dir='ltr'><strong>Β</strong></span> <span class='ocrx_word' id='word_1_461' title='bbox 2121 1700 2358 1792; x_wconf 78' lang='grc' dir='ltr'>ϐαρηνὸν</span> <span class='ocrx_word' id='word_1_462' title='bbox 2416 1700 2683 1793; x_wconf 74' lang='grc' dir='ltr'>ἠμύνατο.</span> <span class='ocrx_word' id='word_1_463' title='bbox 2743 1700 2879 1795; x_wconf 72' lang='grc' dir='ltr'>Περὶ</span> <span class='ocrx_word' id='word_1_464' title='bbox 2927 1723 3303 1794; x_wconf 83' lang='grc' dir='ltr'>πατριαρχῶν.</span> <span class='ocrx_word' id='word_1_465' title='bbox 3331 1700 3494 1792; x_wconf 25' lang='grc' dir='ltr'>*Περὶ</span> <span class='ocrx_word' id='word_1_466' title='bbox 3531 1722 3699 1773; x_wconf 89' lang='grc' dir='ltr'>Βουλ-</span> 
     </span>
    </p>
   </div>
   <div class='ocr_carea' id='block_1_67' title="bbox 2120 1804 3700 1878">
    <p class='ocr_par' dir='ltr' id='par_1_67' title="bbox 2120 1804 3700 1878">
     <span class='ocr_line' id='line_1_67' title="bbox 2120 1804 3700 1878; baseline -0.001 -21"><span class='ocrx_word' id='word_1_467' title='bbox 2120 1806 2307 1874; x_wconf 83' lang='grc' dir='ltr'>γάρων</span> <span class='ocrx_word' id='word_1_468' title='bbox 2355 1806 2571 1859; x_wconf 77' lang='grc' dir='ltr'>καὶτοῦ</span> <span class='ocrx_word' id='word_1_469' title='bbox 2620 1809 2881 1878; x_wconf 76' lang='grc' dir='ltr'>ἄρχοντος</span> <span class='ocrx_word' id='word_1_470' title='bbox 2930 1807 3112 1860; x_wconf 79' lang='grc' dir='ltr'>αὐτῶν</span> <span class='ocrx_word' id='word_1_471' title='bbox 3164 1805 3412 1876; x_wconf 84' lang='grc' dir='ltr'>Συμεὼν,</span> <span class='ocrx_word' id='word_1_472' title='bbox 3456 1804 3552 1857; x_wconf 77' lang='grc' dir='ltr'>καὶ</span> <span class='ocrx_word' id='word_1_473' title='bbox 3600 1804 3700 1858; x_wconf 84' lang='grc' dir='ltr'>ὅσα</span> 
     </span>
    </p>
   </div>
   <div class='ocr_carea' id='block_1_68' title="bbox 2122 1888 3700 1961">
    <p class='ocr_par' dir='ltr' id='par_1_68' title="bbox 2122 1888 3700 1961">
     <span class='ocr_line' id='line_1_68' title="bbox 2122 1888 3700 1961; baseline -0.001 -21"><span class='ocrx_word' id='word_1_474' title='bbox 2122 1888 2320 1960; x_wconf 79' lang='grc' dir='ltr'>συνέϐη</span> <span class='ocrx_word' id='word_1_475' title='bbox 2389 1888 2446 1954; x_wconf 81' lang='grc' dir='ltr'>ἐξ</span> <span class='ocrx_word' id='word_1_476' title='bbox 2501 1890 2712 1944; x_wconf 86' lang='grc' dir='ltr'>ἐκείνου</span> <span class='ocrx_word' id='word_1_477' title='bbox 2767 1891 3080 1961; x_wconf 84' lang='grc' dir='ltr'>Ῥωμαίοις.</span> <span class='ocrx_word' id='word_1_478' title='bbox 3145 1891 3270 1944; x_wconf 88' lang='grc' dir='ltr'>Ὅτι</span> <span class='ocrx_word' id='word_1_479' title='bbox 3316 1889 3557 1960; x_wconf 84' lang='grc' dir='ltr'>ἐπῆλθον</span> <span class='ocrx_word' id='word_1_480' title='bbox 3589 1890 3700 1951; x_wconf 82' lang='grc' dir='ltr'>τοῖς</span> 
     </span>
    </p>
   </div>
   <div class='ocr_carea' id='block_1_69' title="bbox 2120 1970 3703 2044">
    <p class='ocr_par' dir='ltr' id='par_1_69' title="bbox 2120 1970 3703 2044">
     <span class='ocr_line' id='line_1_69' title="bbox 2120 1970 3703 2044; baseline 0.001 -22"><span class='ocrx_word' id='word_1_481' title='bbox 2120 1971 2448 2041; x_wconf 80' lang='grc' dir='ltr'>Βουλγὸῳοις</span> <span class='ocrx_word' id='word_1_482' title='bbox 2493 1974 2543 2026; x_wconf 81' lang='grc' dir='ltr'>οἱ</span> <span class='ocrx_word' id='word_1_483' title='bbox 2577 1973 2838 2044; x_wconf 85' lang='grc' dir='ltr'>Οῦγγροι.</span> <span class='ocrx_word' id='word_1_484' title='bbox 2902 1973 3193 2042; x_wconf 82' lang='grc' dir='ltr'>Ἐπιϐουλὴ</span> <span class='ocrx_word' id='word_1_485' title='bbox 3233 1973 3374 2026; x_wconf 83' lang='grc' dir='ltr'>κατὰ</span> <span class='ocrx_word' id='word_1_486' title='bbox 3408 1970 3505 2025; x_wconf 84' lang='grc' dir='ltr'>τοῦ</span> <span class='ocrx_word' id='word_1_487' title='bbox 3543 1972 3703 2042; x_wconf 87' lang='grc' dir='ltr'>βασι-</span> 
     </span>
    </p>
   </div>
   <div class='ocr_carea' id='block_1_70' title="bbox 2117 2054 3700 2129">
    <p class='ocr_par' dir='ltr' id='par_1_70' title="bbox 2117 2054 3700 2129">
     <span class='ocr_line' id='line_1_70' title="bbox 2117 2054 3700 2129; baseline 0 -22"><span class='ocrx_word' id='word_1_488' title='bbox 2117 2054 2255 2117; x_wconf 88' lang='grc' dir='ltr'>λέως</span> <span class='ocrx_word' id='word_1_489' title='bbox 2302 2056 2554 2120; x_wconf 90' lang='grc' dir='ltr'>Λέοντος.</span> <span class='ocrx_word' id='word_1_490' title='bbox 2584 2059 2707 2111; x_wconf 83' lang='grc' dir='ltr'>Ὀτι</span> <span class='ocrx_word' id='word_1_491' title='bbox 2734 2059 2833 2129; x_wconf 77' lang='grc' dir='ltr'>τήν</span> <span class='ocrx_word' id='word_1_492' title='bbox 2886 2058 2980 2111; x_wconf 88' lang='grc' dir='ltr'>τοῦ</span> <span class='ocrx_word' id='word_1_493' title='bbox 3019 2056 3282 2126; x_wconf 74' lang='grc' dir='ltr'>Ῥαούτζη</span> <span class='ocrx_word' id='word_1_494' title='bbox 3315 2057 3475 2128; x_wconf 82' lang='grc' dir='ltr'>Ζωὴν</span> <span class='ocrx_word' id='word_1_495' title='bbox 3508 2055 3700 2125; x_wconf 67' lang='grc' dir='ltr'>ἐστειιιε</span> 
     </span>
    </p>
   </div>
   <div class='ocr_carea' id='block_1_71' title="bbox 2117 2141 2355 2195">
    <p class='ocr_par' dir='ltr' id='par_1_71' title="bbox 2117 2141 2355 2195">
     <span class='ocr_line' id='line_1_71' title="bbox 2117 2141 2355 2195; baseline 0.008 -2"><span class='ocrx_word' id='word_1_496' title='bbox 2117 2142 2146 2193; x_wconf 85' lang='lat'>6</span> <span class='ocrx_word' id='word_1_497' title='bbox 2178 2141 2355 2195; x_wconf 83' lang='grc' dir='ltr'>Λέων.</span> 
     </span>
    </p>
   </div>
   <div class='ocr_carea' id='block_1_72' title="bbox 2195 2222 3699 2294">
    <p class='ocr_par' dir='ltr' id='par_1_72' title="bbox 2195 2222 3699 2294">
     <span class='ocr_line' id='line_1_72' title="bbox 2195 2222 3699 2294; baseline -0.001 -15"><span class='ocrx_word' id='word_1_498' title='bbox 2195 2225 2261 2279; x_wconf 90' lang='grc' dir='ltr'>Ν.</span> <span class='ocrx_word' id='word_1_499' title='bbox 2294 2223 2436 2279; x_wconf 87' lang='lat' dir='ltr'><strong>XIII.</strong></span> <span class='ocrx_word' id='word_1_500' title='bbox 2474 2224 2597 2278; x_wconf 83' lang='grc' dir='ltr'>Ὅτι</span> <span class='ocrx_word' id='word_1_501' title='bbox 2619 2223 2714 2278; x_wconf 73' lang='grc' dir='ltr'>καὶ</span> <span class='ocrx_word' id='word_1_502' title='bbox 2735 2222 2928 2294; x_wconf 89' lang='grc' dir='ltr'>τρίτην</span> <span class='ocrx_word' id='word_1_503' title='bbox 2950 2222 3198 2293; x_wconf 76' lang='grc' dir='ltr'>γαμετὴν</span> <span class='ocrx_word' id='word_1_504' title='bbox 3219 2225 3247 2275; x_wconf 94' lang='lat'>6</span> <span class='ocrx_word' id='word_1_505' title='bbox 3267 2223 3418 2277; x_wconf 86' lang='grc' dir='ltr'>Λέων</span> <span class='ocrx_word' id='word_1_506' title='bbox 3437 2223 3699 2293; x_wconf 78' lang='grc' dir='ltr'>ἠγάγετο.</span> 
     </span>
    </p>
   </div>
   <div class='ocr_carea' id='block_1_73' title="bbox 2122 2306 3701 2379">
    <p class='ocr_par' dir='ltr' id='par_1_73' title="bbox 2122 2306 3701 2379">
     <span class='ocr_line' id='line_1_73' title="bbox 2122 2306 3701 2379; baseline 0.001 -18"><span class='ocrx_word' id='word_1_507' title='bbox 2122 2308 2247 2361; x_wconf 90' lang='grc' dir='ltr'>Ὅτι</span> <span class='ocrx_word' id='word_1_508' title='bbox 2284 2309 2379 2361; x_wconf 67' lang='grc' dir='ltr'>καὶ</span> <span class='ocrx_word' id='word_1_509' title='bbox 2423 2309 2661 2379; x_wconf 81' lang='grc' dir='ltr'>τετάρτῃ</span> <span class='ocrx_word' id='word_1_510' title='bbox 2704 2306 2947 2376; x_wconf 83' lang='grc' dir='ltr'>ὡμίλησε</span> <span class='ocrx_word' id='word_1_511' title='bbox 2976 2308 3220 2376; x_wconf 84' lang='grc' dir='ltr'>γυναικί.</span> <span class='ocrx_word' id='word_1_512' title='bbox 3254 2307 3389 2378; x_wconf 83' lang='grc' dir='ltr'>Περὶ</span> <span class='ocrx_word' id='word_1_513' title='bbox 3422 2324 3701 2378; x_wconf 83' lang='grc' dir='ltr'>πατριαρ-</span> 
     </span>
    </p>
   </div>
   <div class='ocr_carea' id='block_1_74' title="bbox 2118 2390 3703 2462">
    <p class='ocr_par' dir='ltr' id='par_1_74' title="bbox 2118 2390 3703 2462">
     <span class='ocr_line' id='line_1_74' title="bbox 2118 2390 3703 2462; baseline 0.001 -19"><span class='ocrx_word' id='word_1_514' title='bbox 2118 2390 2252 2462; x_wconf 86' lang='grc' dir='ltr'>χῶν.</span> <span class='ocrx_word' id='word_1_515' title='bbox 2308 2392 2431 2444; x_wconf 86' lang='grc' dir='ltr'>Ὅτι</span> <span class='ocrx_word' id='word_1_516' title='bbox 2488 2393 2547 2444; x_wconf 88' lang='grc' dir='ltr'>ἐν</span> <span class='ocrx_word' id='word_1_517' title='bbox 2609 2394 2678 2461; x_wconf 82' lang='grc' dir='ltr'>τῇ</span> <span class='ocrx_word' id='word_1_518' title='bbox 2730 2392 2811 2452; x_wconf 86' lang='grc' dir='ltr'>είς</span> <span class='ocrx_word' id='word_1_519' title='bbox 2866 2390 3021 2458; x_wconf 82' lang='grc' dir='ltr'>διγιον</span> <span class='ocrx_word' id='word_1_520' title='bbox 3079 2392 3303 2444; x_wconf 85' lang='grc' dir='ltr'>Μώκιον</span> <span class='ocrx_word' id='word_1_521' title='bbox 3371 2395 3703 2460; x_wconf 87' lang='grc' dir='ltr'>προελεύσει</span> 
     </span>
    </p>
   </div>
   <div class='ocr_carea' id='block_1_75' title="bbox 2118 2473 3701 2546">
    <p class='ocr_par' dir='ltr' id='par_1_75' title="bbox 2118 2473 3701 2546">
     <span class='ocr_line' id='line_1_75' title="bbox 2118 2473 3701 2546; baseline 0 -19"><span class='ocrx_word' id='word_1_522' title='bbox 2118 2474 2332 2545; x_wconf 85' lang='grc' dir='ltr'>ἐπλήγη</span> <span class='ocrx_word' id='word_1_523' title='bbox 2364 2476 2392 2528; x_wconf 91' lang='grc' dir='ltr'>ό</span> <span class='ocrx_word' id='word_1_524' title='bbox 2430 2473 2689 2543; x_wconf 82' lang='grc' dir='ltr'>βασιλεὺς</span> <span class='ocrx_word' id='word_1_525' title='bbox 2734 2473 2833 2541; x_wconf 85' lang='grc' dir='ltr'>τὴν</span> <span class='ocrx_word' id='word_1_526' title='bbox 2877 2474 3148 2543; x_wconf 83' lang='grc' dir='ltr'>κεφαλήν.</span> <span class='ocrx_word' id='word_1_527' title='bbox 3185 2473 3322 2543; x_wconf 79' lang='grc' dir='ltr'>Περὶ</span> <span class='ocrx_word' id='word_1_528' title='bbox 3372 2475 3477 2543; x_wconf 85' lang='grc' dir='ltr'>τῆς</span> <span class='ocrx_word' id='word_1_529' title='bbox 3527 2478 3701 2546; x_wconf 84' lang='grc' dir='ltr'>προῤ-</span> 
     </span>
    </p>
   </div>
   <div class='ocr_carea' id='block_1_76' title="bbox 2122 2556 3702 2629">
    <p class='ocr_par' dir='ltr' id='par_1_76' title="bbox 2122 2556 3702 2629">
     <span class='ocr_line' id='line_1_76' title="bbox 2122 2556 3702 2629; baseline 0 -19"><span class='ocrx_word' id='word_1_530' title='bbox 2122 2560 2337 2629; x_wconf 79' lang='grc' dir='ltr'>ρήσεως</span> <span class='ocrx_word' id='word_1_531' title='bbox 2370 2557 2465 2610; x_wconf 90' lang='grc' dir='ltr'>τοῦ</span> <span class='ocrx_word' id='word_1_532' title='bbox 2500 2556 2739 2628; x_wconf 84' lang='grc' dir='ltr'>μοναχοῦ</span> <span class='ocrx_word' id='word_1_533' title='bbox 2770 2557 3021 2626; x_wconf 84' lang='grc' dir='ltr'>Μάρκου.</span> <span class='ocrx_word' id='word_1_534' title='bbox 3066 2558 3191 2610; x_wconf 88' lang='grc' dir='ltr'>Ὅτι</span> <span class='ocrx_word' id='word_1_535' title='bbox 3224 2557 3642 2627; x_wconf 76' lang='grc' dir='ltr'>ἀποδιδράσκων</span> <span class='ocrx_word' id='word_1_536' title='bbox 3671 2559 3702 2610; x_wconf 88' lang='lat'>6</span> 
     </span>
    </p>
   </div>
   <div class='ocr_carea' id='block_1_77' title="bbox 2119 2640 3704 2713">
    <p class='ocr_par' dir='ltr' id='par_1_77' title="bbox 2119 2640 3704 2713">
     <span class='ocr_line' id='line_1_77' title="bbox 2119 2640 3704 2713; baseline 0.001 -19"><span class='ocrx_word' id='word_1_537' title='bbox 2119 2642 2387 2711; x_wconf 81' lang='grc' dir='ltr'>Σαμωνᾶς</span> <span class='ocrx_word' id='word_1_538' title='bbox 2422 2641 2764 2712; x_wconf 79' lang='grc' dir='ltr'>κατελήφθη.</span> <span class='ocrx_word' id='word_1_539' title='bbox 2800 2640 2925 2694; x_wconf 85' lang='grc' dir='ltr'>Ὅτι</span> <span class='ocrx_word' id='word_1_540' title='bbox 2968 2640 3196 2713; x_wconf 82' lang='grc' dir='ltr'>ἐξώρισε</span> <span class='ocrx_word' id='word_1_541' title='bbox 3224 2640 3316 2693; x_wconf 80' lang='grc' dir='ltr'>τὸν</span> <span class='ocrx_word' id='word_1_542' title='bbox 3346 2642 3704 2713; x_wconf 78' lang='grc' dir='ltr'>πατριάρχην</span> 
     </span>
    </p>
   </div>
   <div class='ocr_carea' id='block_1_78' title="bbox 2118 2724 2667 2781">
    <p class='ocr_par' dir='ltr' id='par_1_78' title="bbox 2118 2724 2667 2781">
     <span class='ocr_line' id='line_1_78' title="bbox 2118 2724 2667 2781; baseline 0.002 -2"><span class='ocrx_word' id='word_1_543' title='bbox 2118 2724 2390 2779; x_wconf 85' lang='grc' dir='ltr'>Νικόλαον</span> <span class='ocrx_word' id='word_1_544' title='bbox 2424 2728 2452 2778; x_wconf 89' lang='grc' dir='ltr'>ό</span> <span class='ocrx_word' id='word_1_545' title='bbox 2492 2725 2667 2781; x_wconf 87' lang='grc' dir='ltr'>Λέων.</span> 
     </span>
    </p>
   </div>
   <div class='ocr_carea' id='block_1_79' title="bbox 2187 2806 3698 2877">
    <p class='ocr_par' dir='ltr' id='par_1_79' title="bbox 2187 2806 3698 2877">
     <span class='ocr_line' id='line_1_79' title="bbox 2187 2806 3698 2877; baseline -0.001 -14"><span class='ocrx_word' id='word_1_546' title='bbox 2187 2811 2258 2865; x_wconf 88' lang='grc' dir='ltr'>Ν.</span> <span class='ocrx_word' id='word_1_547' title='bbox 2298 2807 2439 2863; x_wconf 81' lang='lat' dir='ltr'><strong>XIV.</strong></span> <span class='ocrx_word' id='word_1_548' title='bbox 2480 2808 2600 2862; x_wconf 87' lang='grc' dir='ltr'>Ὅτι</span> <span class='ocrx_word' id='word_1_549' title='bbox 2642 2807 2701 2875; x_wconf 79' lang='grc' dir='ltr'>ἐξ</span> <span class='ocrx_word' id='word_1_550' title='bbox 2746 2807 3036 2876; x_wconf 81' lang='grc' dir='ltr'>ἐπιϐουλῆς</span> <span class='ocrx_word' id='word_1_551' title='bbox 3083 2806 3180 2860; x_wconf 86' lang='grc' dir='ltr'>τοῦ</span> <span class='ocrx_word' id='word_1_552' title='bbox 3216 2807 3457 2877; x_wconf 82' lang='grc' dir='ltr'>Σαμωνᾶ</span> <span class='ocrx_word' id='word_1_553' title='bbox 3509 2810 3539 2861; x_wconf 92' lang='lat'>6</span> <span class='ocrx_word' id='word_1_554' title='bbox 3570 2808 3698 2875; x_wconf 81' lang='grc' dir='ltr'>δοῦξ</span> 
     </span>
    </p>
   </div>
   <div class='ocr_carea' id='block_1_80' title="bbox 2131 2887 3698 2965">
    <p class='ocr_par' dir='ltr' id='par_1_80' title="bbox 2131 2887 3698 2965">
     <span class='ocr_line' id='line_1_80' title="bbox 2131 2887 3698 2965; baseline 0 -17"><span class='ocrx_word' id='word_1_555' title='bbox 2131 2893 2468 2965; x_wconf 81' lang='grc' dir='ltr'>Ἀνδρόνικος</span> <span class='ocrx_word' id='word_1_556' title='bbox 2496 2897 2610 2956; x_wconf 85' lang='grc' dir='ltr'>τοῖς</span> <span class='ocrx_word' id='word_1_557' title='bbox 2642 2894 2966 2964; x_wconf 86' lang='grc' dir='ltr'>Ἀγαρηνοῖς</span> <span class='ocrx_word' id='word_1_558' title='bbox 2995 2890 3387 2961; x_wconf 82' lang='grc' dir='ltr'>προσελήλυθε.</span> <span class='ocrx_word' id='word_1_559' title='bbox 3417 2887 3529 2946; x_wconf 78' lang='grc' dir='ltr'>Οἷα</span> <span class='ocrx_word' id='word_1_560' title='bbox 3560 2895 3698 2963; x_wconf 81' lang='grc' dir='ltr'>ἐμη-</span> 
     </span>
    </p>
   </div>
   <div class='ocr_carea' id='block_1_81' title="bbox 2120 2973 3692 3048">
    <p class='ocr_par' dir='ltr' id='par_1_81' title="bbox 2120 2973 3692 3048">
     <span class='ocr_line' id='line_1_81' title="bbox 2120 2973 3692 3048; baseline -0.001 -17"><span class='ocrx_word' id='word_1_561' title='bbox 2120 2979 2324 3048; x_wconf 81' lang='grc' dir='ltr'>χανᾶτο</span> <span class='ocrx_word' id='word_1_562' title='bbox 2349 2979 2377 3030; x_wconf 83' lang='lat'>6</span> <span class='ocrx_word' id='word_1_563' title='bbox 2406 2978 2665 3046; x_wconf 68' lang='grc' dir='ltr'>Σαμωνᾶς</span> <span class='ocrx_word' id='word_1_564' title='bbox 2695 2976 2833 3030; x_wconf 85' lang='grc' dir='ltr'>κατά</span> <span class='ocrx_word' id='word_1_565' title='bbox 2857 2973 2949 3028; x_wconf 90' lang='grc' dir='ltr'>τοῦ</span> <span class='ocrx_word' id='word_1_566' title='bbox 2992 2975 3331 3043; x_wconf 71' lang='grc' dir='ltr'>Ἀνδρονίκου</span> <span class='ocrx_word' id='word_1_567' title='bbox 3357 2974 3450 3026; x_wconf 87' lang='grc' dir='ltr'>τοῦ</span> <span class='ocrx_word' id='word_1_568' title='bbox 3479 2974 3692 3040; x_wconf 83' lang='grc' dir='ltr'>δουκὸς.</span> 
     </span>
    </p>
   </div>
   <div class='ocr_carea' id='block_1_82' title="bbox 2044 3053 3693 3129">
    <p class='ocr_par' dir='ltr' id='par_1_82' title="bbox 2044 3053 3693 3129">
     <span class='ocr_line' id='line_1_82' title="bbox 2044 3053 3693 3129; baseline -0.003 -15"><span class='ocrx_word' id='word_1_569' title='bbox 2044 3053 2090 3114; x_wconf 82' lang='lat' dir='ltr'><strong><em>C</em></strong></span> <span class='ocrx_word' id='word_1_570' title='bbox 2123 3061 2248 3114; x_wconf 82' lang='grc' dir='ltr'>’Ὀτι</span> <span class='ocrx_word' id='word_1_571' title='bbox 2296 3058 2479 3129; x_wconf 89' lang='grc' dir='ltr'>διέδρα</span> <span class='ocrx_word' id='word_1_572' title='bbox 2528 3060 2938 3119; x_wconf 81' lang='grc' dir='ltr'>Κωνσταντίνος</span> <span class='ocrx_word' id='word_1_573' title='bbox 2971 3058 3000 3109; x_wconf 93' lang='lat'>6</span> <span class='ocrx_word' id='word_1_574' title='bbox 3047 3057 3139 3109; x_wconf 90' lang='grc' dir='ltr'>τοῦ</span> <span class='ocrx_word' id='word_1_575' title='bbox 3170 3056 3522 3128; x_wconf 83' lang='grc' dir='ltr'>Ἀνδρονίκου</span> <span class='ocrx_word' id='word_1_576' title='bbox 3558 3057 3693 3120; x_wconf 78' lang='grc' dir='ltr'>υίὸς,</span> 
     </span>
    </p>
   </div>
   <div class='ocr_carea' id='block_1_83' title="bbox 2118 3138 3695 3212">
    <p class='ocr_par' dir='ltr' id='par_1_83' title="bbox 2118 3138 3695 3212">
     <span class='ocr_line' id='line_1_83' title="bbox 2118 3138 3695 3212; baseline -0.003 -15"><span class='ocrx_word' id='word_1_577' title='bbox 2118 3147 2213 3197; x_wconf 79' lang='grc' dir='ltr'>καὶ</span> <span class='ocrx_word' id='word_1_578' title='bbox 2243 3144 2343 3197; x_wconf 82' lang='grc' dir='ltr'>ὅσα</span> <span class='ocrx_word' id='word_1_579' title='bbox 2371 3143 2579 3197; x_wconf 84' lang='grc' dir='ltr'>ἐλθόντι</span> <span class='ocrx_word' id='word_1_580' title='bbox 2625 3139 2774 3212; x_wconf 79' lang='grc' dir='ltr'>αύτῷ</span> <span class='ocrx_word' id='word_1_581' title='bbox 2801 3141 2829 3193; x_wconf 92' lang='lat'>6</span> <span class='ocrx_word' id='word_1_582' title='bbox 2864 3139 3116 3204; x_wconf 83' lang='grc' dir='ltr'>βασιλεὺς</span> <span class='ocrx_word' id='word_1_583' title='bbox 3152 3138 3542 3208; x_wconf 81' lang='grc' dir='ltr'>προεφοίϐασε.</span> <span class='ocrx_word' id='word_1_584' title='bbox 3574 3140 3695 3193; x_wconf 86' lang='grc' dir='ltr'>Ὅτι</span> 
     </span>
    </p>
   </div>
   <div class='ocr_carea' id='block_1_84' title="bbox 2118 3220 3691 3296">
    <p class='ocr_par' dir='ltr' id='par_1_84' title="bbox 2118 3220 3691 3296">
     <span class='ocr_line' id='line_1_84' title="bbox 2118 3220 3691 3296; baseline -0.003 -17"><span class='ocrx_word' id='word_1_585' title='bbox 2118 3226 2342 3296; x_wconf 78' lang='grc' dir='ltr'>ἔστεψεν</span> <span class='ocrx_word' id='word_1_586' title='bbox 2366 3227 2395 3279; x_wconf 91' lang='lat'>6</span> <span class='ocrx_word' id='word_1_587' title='bbox 2432 3228 2586 3280; x_wconf 83' lang='grc' dir='ltr'>Λέων</span> <span class='ocrx_word' id='word_1_588' title='bbox 2628 3225 2719 3278; x_wconf 85' lang='grc' dir='ltr'>τὸν</span> <span class='ocrx_word' id='word_1_589' title='bbox 2767 3226 2966 3278; x_wconf 74' lang='grc' dir='ltr'>οἰκεῖον</span> <span class='ocrx_word' id='word_1_590' title='bbox 2994 3223 3130 3277; x_wconf 76' lang='grc' dir='ltr'>υίόν.</span> <span class='ocrx_word' id='word_1_591' title='bbox 3168 3220 3311 3275; x_wconf 78' lang='grc' dir='ltr'>Ὅσα</span> <span class='ocrx_word' id='word_1_592' title='bbox 3343 3226 3616 3276; x_wconf 83' lang='grc' dir='ltr'>κατεῖπεν</span> <span class='ocrx_word' id='word_1_593' title='bbox 3663 3225 3691 3274; x_wconf 86' lang='lat'>6</span> 
     </span>
    </p>
   </div>
   <div class='ocr_carea' id='block_1_85' title="bbox 2118 3308 3694 3378">
    <p class='ocr_par' dir='ltr' id='par_1_85' title="bbox 2118 3308 3694 3378">
     <span class='ocr_line' id='line_1_85' title="bbox 2118 3308 3694 3378; baseline -0.003 -14"><span class='ocrx_word' id='word_1_594' title='bbox 2118 3313 2385 3377; x_wconf 80' lang='grc' dir='ltr'>Σαμωνᾶς</span> <span class='ocrx_word' id='word_1_595' title='bbox 2422 3311 2520 3364; x_wconf 88' lang='grc' dir='ltr'>τοῦ</span> <span class='ocrx_word' id='word_1_596' title='bbox 2556 3310 2813 3378; x_wconf 86' lang='grc' dir='ltr'>ἐκτομίου</span> <span class='ocrx_word' id='word_1_597' title='bbox 2853 3309 3293 3368; x_wconf 81' lang='grc' dir='ltr'>Κωνσταντίνου.</span> <span class='ocrx_word' id='word_1_598' title='bbox 3325 3309 3421 3360; x_wconf 75' lang='grc' dir='ltr'>καὶ</span> <span class='ocrx_word' id='word_1_599' title='bbox 3458 3308 3567 3361; x_wconf 81' lang='grc' dir='ltr'>ὅσα</span> <span class='ocrx_word' id='word_1_600' title='bbox 3614 3308 3694 3370; x_wconf 83' lang='grc' dir='ltr'>είς</span> 
     </span>
    </p>
   </div>
   <div class='ocr_carea' id='block_1_86' title="bbox 2117 3390 3691 3462">
    <p class='ocr_par' dir='ltr' id='par_1_86' title="bbox 2117 3390 3691 3462">
     <span class='ocr_line' id='line_1_86' title="bbox 2117 3390 3691 3462; baseline -0.002 -16"><span class='ocrx_word' id='word_1_601' title='bbox 2117 3396 2326 3448; x_wconf 82' lang='grc' dir='ltr'>ἐκεῖνον</span> <span class='ocrx_word' id='word_1_602' title='bbox 2379 3396 2622 3462; x_wconf 84' lang='grc' dir='ltr'>ἐγένετο.</span> <span class='ocrx_word' id='word_1_603' title='bbox 2656 3393 2960 3462; x_wconf 78' lang='grc' dir='ltr'>Ἐξὼθησις</span> <span class='ocrx_word' id='word_1_604' title='bbox 3000 3394 3065 3445; x_wconf 79' lang='grc' dir='ltr'>ἐκ</span> <span class='ocrx_word' id='word_1_605' title='bbox 3114 3392 3222 3445; x_wconf 82' lang='grc' dir='ltr'>τῶν</span> <span class='ocrx_word' id='word_1_606' title='bbox 3258 3390 3553 3460; x_wconf 85' lang='grc' dir='ltr'>βασιλείων</span> <span class='ocrx_word' id='word_1_607' title='bbox 3597 3390 3691 3445; x_wconf 85' lang='grc' dir='ltr'>τοῦ</span> 
     </span>
    </p>
   </div>
   <div class='ocr_carea' id='block_1_87' title="bbox 2117 3473 3350 3548">
    <p class='ocr_par' dir='ltr' id='par_1_87' title="bbox 2117 3473 3350 3548">
     <span class='ocr_line' id='line_1_87' title="bbox 2117 3473 3350 3548; baseline -0.002 -17"><span class='ocrx_word' id='word_1_608' title='bbox 2117 3479 2374 3544; x_wconf 78' lang='grc' dir='ltr'>Σαμωνᾶ.</span> <span class='ocrx_word' id='word_1_609' title='bbox 2409 3477 2650 3548; x_wconf 82' lang='grc' dir='ltr'>Τελευτὴ</span> <span class='ocrx_word' id='word_1_610' title='bbox 2675 3474 2770 3530; x_wconf 82' lang='grc' dir='ltr'>τοῦ</span> <span class='ocrx_word' id='word_1_611' title='bbox 2803 3473 3072 3547; x_wconf 85' lang='grc' dir='ltr'>βασιλέως</span> <span class='ocrx_word' id='word_1_612' title='bbox 3098 3474 3350 3536; x_wconf 88' lang='grc' dir='ltr'>Λέοντος.</span> 
     </span>
    </p>
   </div>
   <div class='ocr_carea' id='block_1_88' title="bbox 2183 3558 3692 3629">
    <p class='ocr_par' dir='ltr' id='par_1_88' title="bbox 2183 3558 3692 3629">
     <span class='ocr_line' id='line_1_88' title="bbox 2183 3558 3692 3629; baseline -0.002 -14"><span class='ocrx_word' id='word_1_613' title='bbox 2183 3559 2251 3615; x_wconf 90' lang='grc' dir='ltr'>Ν.</span> <span class='ocrx_word' id='word_1_614' title='bbox 2293 3560 2409 3617; x_wconf 80' lang='lat' dir='ltr'><strong>XV.</strong></span> <span class='ocrx_word' id='word_1_615' title='bbox 2449 3561 2575 3616; x_wconf 76' lang='grc' dir='ltr'>Ὀτι</span> <span class='ocrx_word' id='word_1_616' title='bbox 2607 3560 2699 3613; x_wconf 76' lang='grc' dir='ltr'>τὸν</span> <span class='ocrx_word' id='word_1_617' title='bbox 2731 3559 2952 3629; x_wconf 74' lang='grc' dir='ltr'>ἀνεψιὸν</span> <span class='ocrx_word' id='word_1_618' title='bbox 2981 3560 3396 3613; x_wconf 81' lang='grc' dir='ltr'>Κωνσταντῖνον</span> <span class='ocrx_word' id='word_1_619' title='bbox 3428 3558 3692 3625; x_wconf 85' lang='grc' dir='ltr'>ἐκτομίαν</span> 
     </span>
    </p>
   </div>
   <div class='ocr_carea' id='block_1_89' title="bbox 2115 3641 3689 3714">
    <p class='ocr_par' dir='ltr' id='par_1_89' title="bbox 2115 3641 3689 3714">
     <span class='ocr_line' id='line_1_89' title="bbox 2115 3641 3689 3714; baseline -0.003 -17"><span class='ocrx_word' id='word_1_620' title='bbox 2115 3644 2339 3714; x_wconf 83' lang='grc' dir='ltr'>ποιῆσαι</span> <span class='ocrx_word' id='word_1_621' title='bbox 2367 3644 2718 3714; x_wconf 80' lang='grc' dir='ltr'>Ἀλέξανδρος</span> <span class='ocrx_word' id='word_1_622' title='bbox 2741 3642 3014 3697; x_wconf 83' lang='grc' dir='ltr'>ἐϐούλετο.</span> <span class='ocrx_word' id='word_1_623' title='bbox 3035 3641 3274 3712; x_wconf 79' lang='grc' dir='ltr'>Τελευτὴ</span> <span class='ocrx_word' id='word_1_624' title='bbox 3304 3641 3399 3694; x_wconf 85' lang='grc' dir='ltr'>τοῦ</span> <span class='ocrx_word' id='word_1_625' title='bbox 3441 3641 3689 3707; x_wconf 81' lang='grc' dir='ltr'>Ἀλεξάν-</span> 
     </span>
    </p>
   </div>
   <div class='ocr_carea' id='block_1_90' title="bbox 2112 3723 3688 3799">
    <p class='ocr_par' dir='ltr' id='par_1_90' title="bbox 2112 3723 3688 3799">
     <span class='ocr_line' id='line_1_90' title="bbox 2112 3723 3688 3799; baseline -0.002 -19"><span class='ocrx_word' id='word_1_626' title='bbox 2112 3728 2264 3796; x_wconf 72' lang='lat'><strong>6900.</strong></span> <span class='ocrx_word' id='word_1_627' title='bbox 2328 3728 2496 3791; x_wconf 85' lang='grc' dir='ltr'>Τίνας</span> <span class='ocrx_word' id='word_1_628' title='bbox 2549 3727 2885 3799; x_wconf 81' lang='grc' dir='ltr'>ἐπιτρόπους</span> <span class='ocrx_word' id='word_1_629' title='bbox 2940 3724 3203 3781; x_wconf 84' lang='grc' dir='ltr'>κατέλιπε</span> <span class='ocrx_word' id='word_1_630' title='bbox 3261 3723 3339 3795; x_wconf 85' lang='grc' dir='ltr'>τῷ</span> <span class='ocrx_word' id='word_1_631' title='bbox 3394 3724 3607 3795; x_wconf 80' lang='grc' dir='ltr'>ἀνεψιῷ</span> <span class='ocrx_word' id='word_1_632' title='bbox 3661 3725 3688 3776; x_wconf 88' lang='lat'>6</span> 
     </span>
    </p>
   </div>
   <div class='ocr_carea' id='block_1_91' title="bbox 2127 3812 2497 3881">
    <p class='ocr_par' dir='ltr' id='par_1_91' title="bbox 2127 3812 2497 3881">
     <span class='ocr_line' id='line_1_91' title="bbox 2127 3812 2497 3881; baseline 0.005 -17"><span class='ocrx_word' id='word_1_633' title='bbox 2127 3812 2497 3881; x_wconf 82' lang='grc' dir='ltr'>Ἀλέξανδρος.</span> 
     </span>
    </p>
   </div>
   <div class='ocr_carea' id='block_1_92' title="bbox 2180 3889 3685 3956">
    <p class='ocr_par' dir='ltr' id='par_1_92' title="bbox 2180 3889 3685 3956">
     <span class='ocr_line' id='line_1_92' title="bbox 2180 3889 3685 3956; baseline -0.002 -9"><span class='ocrx_word' id='word_1_634' title='bbox 2180 3893 2247 3950; x_wconf 89' lang='grc' dir='ltr'>Ν.</span> <span class='ocrx_word' id='word_1_635' title='bbox 2289 3894 2428 3951; x_wconf 75' lang='lat' dir='ltr'><strong>XVI.</strong></span> <span class='ocrx_word' id='word_1_636' title='bbox 2477 3892 2811 3947; x_wconf 85' lang='grc' dir='ltr'>Ἀποστασία</span> <span class='ocrx_word' id='word_1_637' title='bbox 2856 3891 3271 3946; x_wconf 86' lang='grc' dir='ltr'>Κωνσταντίνου</span> <span class='ocrx_word' id='word_1_638' title='bbox 3323 3889 3417 3944; x_wconf 84' lang='grc' dir='ltr'>τοῦ</span> <span class='ocrx_word' id='word_1_639' title='bbox 3475 3891 3685 3956; x_wconf 81' lang='grc' dir='ltr'>δουκός.</span> 
     </span>
    </p>
   </div>
   <div class='ocr_carea' id='block_1_93' title="bbox 2113 3974 3687 4048">
    <p class='ocr_par' dir='ltr' id='par_1_93' title="bbox 2113 3974 3687 4048">
     <span class='ocr_line' id='line_1_93' title="bbox 2113 3974 3687 4048; baseline -0.003 -16"><span class='ocrx_word' id='word_1_640' title='bbox 2113 3979 2423 4048; x_wconf 79' lang='grc' dir='ltr'>Ἀναίρεσις</span> <span class='ocrx_word' id='word_1_641' title='bbox 2472 3977 2568 4032; x_wconf 89' lang='grc' dir='ltr'>τοῦ</span> <span class='ocrx_word' id='word_1_642' title='bbox 2603 3976 2773 4030; x_wconf 90' lang='grc' dir='ltr'>δούκα</span> <span class='ocrx_word' id='word_1_643' title='bbox 2810 3975 3252 4031; x_wconf 83' lang='grc' dir='ltr'>Κωνσταντίνου.</span> <span class='ocrx_word' id='word_1_644' title='bbox 3301 3974 3427 4027; x_wconf 86' lang='grc' dir='ltr'>Ὅτι</span> <span class='ocrx_word' id='word_1_645' title='bbox 3463 3974 3687 4036; x_wconf 76' lang='grc' dir='ltr'>πολλοὺς</span> 
     </span>
    </p>
   </div>
   <div class='ocr_carea' id='block_1_94' title="bbox 2110 4058 3686 4134">
    <p class='ocr_par' dir='ltr' id='par_1_94' title="bbox 2110 4058 3686 4134">
     <span class='ocr_line' id='line_1_94' title="bbox 2110 4058 3686 4134; baseline -0.006 -15"><span class='ocrx_word' id='word_1_646' title='bbox 2110 4067 2160 4119; x_wconf 86' lang='grc' dir='ltr'>οί</span> <span class='ocrx_word' id='word_1_647' title='bbox 2213 4065 2309 4118; x_wconf 88' lang='grc' dir='ltr'>τοῦ</span> <span class='ocrx_word' id='word_1_648' title='bbox 2368 4062 2633 4134; x_wconf 83' lang='grc' dir='ltr'>βασιλέως</span> <span class='ocrx_word' id='word_1_649' title='bbox 2698 4060 2987 4132; x_wconf 85' lang='grc' dir='ltr'>ἐπίτροποι</span> <span class='ocrx_word' id='word_1_650' title='bbox 3038 4058 3148 4114; x_wconf 85' lang='grc' dir='ltr'>τῶν</span> <span class='ocrx_word' id='word_1_651' title='bbox 3174 4059 3571 4130; x_wconf 78' lang='grc' dir='ltr'>συναραμένων</span> <span class='ocrx_word' id='word_1_652' title='bbox 3616 4058 3686 4126; x_wconf 80' lang='grc' dir='ltr'>τῷ</span> 
     </span>
    </p>
   </div>
   <div class='ocr_carea' id='block_1_95' title="bbox 2109 4144 3680 4220">
    <p class='ocr_par' dir='ltr' id='par_1_95' title="bbox 2109 4144 3680 4220">
     <span class='ocr_line' id='line_1_95' title="bbox 2109 4144 3680 4220; baseline -0.003 -19"><span class='ocrx_word' id='word_1_653' title='bbox 2109 4148 2392 4220; x_wconf 81' lang='grc' dir='ltr'>ἀποστάτῃ</span> <span class='ocrx_word' id='word_1_654' title='bbox 2421 4146 2711 4201; x_wconf 84' lang='grc' dir='ltr'>ἐκόλασαν.</span> <span class='ocrx_word' id='word_1_655' title='bbox 2740 4146 2866 4198; x_wconf 89' lang='grc' dir='ltr'>Ὅτι</span> <span class='ocrx_word' id='word_1_656' title='bbox 2894 4144 3207 4215; x_wconf 84' lang='grc' dir='ltr'>διεφέροντο</span> <span class='ocrx_word' id='word_1_657' title='bbox 3242 4145 3490 4214; x_wconf 87' lang='grc' dir='ltr'>ἀλλήλων</span> <span class='ocrx_word' id='word_1_658' title='bbox 3521 4146 3573 4197; x_wconf 79' lang='grc' dir='ltr'>οί</span> <span class='ocrx_word' id='word_1_659' title='bbox 3595 4145 3680 4198; x_wconf 84' lang='grc' dir='ltr'>τοῦ</span> 
     </span>
    </p>
   </div>
   <div class='ocr_carea' id='block_1_96' title="bbox 2112 4227 3678 4303">
    <p class='ocr_par' dir='ltr' id='par_1_96' title="bbox 2112 4227 3678 4303">
     <span class='ocr_line' id='line_1_96' title="bbox 2112 4227 3678 4303; baseline -0.004 -17"><span class='ocrx_word' id='word_1_660' title='bbox 2112 4231 2376 4303; x_wconf 80' lang='grc' dir='ltr'>βασιλέως</span> <span class='ocrx_word' id='word_1_661' title='bbox 2408 4231 2716 4298; x_wconf 86' lang='grc' dir='ltr'>ἐπίτροποι.</span> <span class='ocrx_word' id='word_1_662' title='bbox 2751 4228 2875 4282; x_wconf 84' lang='grc' dir='ltr'>Ὅτι</span> <span class='ocrx_word' id='word_1_663' title='bbox 2904 4228 3114 4299; x_wconf 85' lang='grc' dir='ltr'>ἀνήχθη</span> <span class='ocrx_word' id='word_1_664' title='bbox 3140 4230 3237 4282; x_wconf 88' lang='grc' dir='ltr'>τοῦ</span> <span class='ocrx_word' id='word_1_665' title='bbox 3275 4227 3548 4299; x_wconf 82' lang='grc' dir='ltr'>βασιλέως</span> <span class='ocrx_word' id='word_1_666' title='bbox 3582 4228 3678 4299; x_wconf 81' lang='grc' dir='ltr'>μή·</span> 
     </span>
    </p>
   </div>
   <div class='ocr_carea' id='block_1_97' title="bbox 2110 4311 3546 4387">
    <p class='ocr_par' dir='ltr' id='par_1_97' title="bbox 2110 4311 3546 4387">
     <span class='ocr_line' id='line_1_97' title="bbox 2110 4311 3546 4387; baseline -0.001 -18"><span class='ocrx_word' id='word_1_667' title='bbox 2110 4333 2217 4387; x_wconf 84' lang='grc' dir='ltr'>τηρ</span> <span class='ocrx_word' id='word_1_668' title='bbox 2239 4318 2317 4377; x_wconf 88' lang='grc' dir='ltr'>είς</span> <span class='ocrx_word' id='word_1_669' title='bbox 2349 4314 2417 4367; x_wconf 83' lang='grc' dir='ltr'>τὰ</span> <span class='ocrx_word' id='word_1_670' title='bbox 2444 4313 2713 4383; x_wconf 85' lang='grc' dir='ltr'>βασίλεια,</span> <span class='ocrx_word' id='word_1_671' title='bbox 2742 4312 2838 4366; x_wconf 75' lang='grc' dir='ltr'>καὶ</span> <span class='ocrx_word' id='word_1_672' title='bbox 2867 4311 2965 4382; x_wconf 81' lang='grc' dir='ltr'>τῆς</span> <span class='ocrx_word' id='word_1_673' title='bbox 2993 4312 3312 4379; x_wconf 88' lang='grc' dir='ltr'>διοικήσεως</span> <span class='ocrx_word' id='word_1_674' title='bbox 3339 4312 3546 4382; x_wconf 77' lang='grc' dir='ltr'>εἴχετο.</span> 
     </span>
    </p>
   </div>
   <div class='ocr_carea' id='block_1_98' title="bbox 437 4393 3686 4473">
    <p class='ocr_par' dir='ltr' id='par_1_98' title="bbox 437 4393 3686 4473">
     <span class='ocr_line' id='line_1_98' title="bbox 437 4393 3686 4473; baseline 0.004 -30"><span class='ocrx_word' id='word_1_675' title='bbox 437 4393 780 4463; x_wconf 65' lang='grc' dir='ltr'>συνεμάχησε</span> <span class='ocrx_word' id='word_1_676' title='bbox 819 4398 932 4457; x_wconf 83' lang='grc' dir='ltr'>τοῖς</span> <span class='ocrx_word' id='word_1_677' title='bbox 992 4397 1285 4466; x_wconf 84' lang='grc' dir='ltr'>Ῥωμαίοις</span> <span class='ocrx_word' id='word_1_678' title='bbox 1335 4399 1477 4451; x_wconf 87' lang='grc' dir='ltr'>κατά</span> <span class='ocrx_word' id='word_1_679' title='bbox 1506 4397 1615 4451; x_wconf 83' lang='grc' dir='ltr'>τῶν</span> <span class='ocrx_word' id='word_1_680' title='bbox 1664 4399 2002 4473; x_wconf 85' lang='grc' dir='ltr'>’Λγαρηνῶν,</span> <span class='ocrx_word' id='word_1_681' title='bbox 2037 4396 2086 4458; x_wconf 85' lang='lat' dir='ltr'><strong>D</strong></span> <span class='ocrx_word' id='word_1_682' title='bbox 2183 4397 2251 4451; x_wconf 82' lang='lat' dir='ltr'>N-</span> <span class='ocrx_word' id='word_1_683' title='bbox 2294 4396 2456 4451; x_wconf 63' lang='lat' dir='ltr'>XVIL</span> <span class='ocrx_word' id='word_1_684' title='bbox 2494 4397 2683 4457; x_wconf 83' lang='grc' dir='ltr'>Ὅπως</span> <span class='ocrx_word' id='word_1_685' title='bbox 2711 4396 2740 4448; x_wconf 72' lang='grc' dir='ltr'><strong>ὁ</strong></span> <span class='ocrx_word' id='word_1_686' title='bbox 2772 4395 3101 4465; x_wconf 75' lang='grc' dir='ltr'>Λακαπηνδς</span> <span class='ocrx_word' id='word_1_687' title='bbox 3125 4394 3276 4464; x_wconf 75' lang='grc' dir='ltr'>παρὰ</span> <span class='ocrx_word' id='word_1_688' title='bbox 3302 4395 3400 4449; x_wconf 74' lang='grc' dir='ltr'>τοῦ</span> <span class='ocrx_word' id='word_1_689' title='bbox 3429 4394 3686 4461; x_wconf 78' lang='grc' dir='ltr'>βασιλέως</span> 
     </span>
    </p>
   </div>
   <div class='ocr_carea' id='block_1_99' title="bbox 437 4474 3685 4557">
    <p class='ocr_par' dir='ltr' id='par_1_99' title="bbox 437 4474 3685 4557">
     <span class='ocr_line' id='line_1_99' title="bbox 437 4474 3685 4557; baseline 0.001 -31"><span class='ocrx_word' id='word_1_690' title='bbox 437 4474 531 4557; x_wconf 55' lang='grc' dir='ltr'>καςι</span> <span class='ocrx_word' id='word_1_691' title='bbox 582 4477 945 4545; x_wconf 80' lang='grc' dir='ltr'>ἡττηθέντων,</span> <span class='ocrx_word' id='word_1_692' title='bbox 990 4479 1134 4534; x_wconf 84' lang='grc' dir='ltr'>ἐάλω</span> <span class='ocrx_word' id='word_1_693' title='bbox 1174 4482 1269 4535; x_wconf 80' lang='grc' dir='ltr'>καὶ</span> <span class='ocrx_word' id='word_1_694' title='bbox 1298 4485 1325 4534; x_wconf 92' lang='lat'>6</span> <span class='ocrx_word' id='word_1_695' title='bbox 1360 4481 1603 4552; x_wconf 80' lang='grc' dir='ltr'>ἀρχηγὸς</span> <span class='ocrx_word' id='word_1_696' title='bbox 1633 4483 1815 4537; x_wconf 86' lang='grc' dir='ltr'>αὐτῶν</span> <span class='ocrx_word' id='word_1_697' title='bbox 1860 4487 2012 4557; x_wconf 73' lang='grc' dir='ltr'>παρὰ</span> <span class='ocrx_word' id='word_1_698' title='bbox 2114 4480 2524 4535; x_wconf 83' lang='grc' dir='ltr'>Κωνσταντίνου</span> <span class='ocrx_word' id='word_1_699' title='bbox 2557 4480 2639 4542; x_wconf 89' lang='grc' dir='ltr'>είς</span> <span class='ocrx_word' id='word_1_700' title='bbox 2670 4478 2992 4548; x_wconf 84' lang='grc' dir='ltr'>ἐπικουρίαν</span> <span class='ocrx_word' id='word_1_701' title='bbox 3022 4477 3399 4549; x_wconf 84' lang='grc' dir='ltr'>προσελήφθη.</span> <span class='ocrx_word' id='word_1_702' title='bbox 3433 4478 3620 4541; x_wconf 87' lang='grc' dir='ltr'>Ὅπως</span> <span class='ocrx_word' id='word_1_703' title='bbox 3656 4482 3685 4530; x_wconf 79' lang='lat'>6</span> 
     </span>
    </p>
   </div>
   <div class='ocr_carea' id='block_1_100' title="bbox 433 4554 3685 4638">
    <p class='ocr_par' dir='ltr' id='par_1_100' title="bbox 433 4554 3685 4638">
     <span class='ocr_line' id='line_1_100' title="bbox 433 4554 3685 4638; baseline 0.002 -31"><span class='ocrx_word' id='word_1_704' title='bbox 433 4554 530 4608; x_wconf 76' lang='grc' dir='ltr'>τοῦ</span> <span class='ocrx_word' id='word_1_705' title='bbox 563 4558 754 4628; x_wconf 81' lang='grc' dir='ltr'>ρηγδς,</span> <span class='ocrx_word' id='word_1_706' title='bbox 799 4562 893 4613; x_wconf 82' lang='grc' dir='ltr'>καὶ</span> <span class='ocrx_word' id='word_1_707' title='bbox 937 4563 1036 4615; x_wconf 83' lang='grc' dir='ltr'>ὅσα</span> <span class='ocrx_word' id='word_1_708' title='bbox 1081 4565 1494 4633; x_wconf 85' lang='grc' dir='ltr'>ἐμηχανήσατο,</span> <span class='ocrx_word' id='word_1_709' title='bbox 1546 4567 1644 4619; x_wconf 64' lang='grc' dir='ltr'>καὶ</span> <span class='ocrx_word' id='word_1_710' title='bbox 1680 4567 1884 4638; x_wconf 82' lang='grc' dir='ltr'>διέδρα,</span> <span class='ocrx_word' id='word_1_711' title='bbox 1915 4554 2009 4622; x_wconf 73' lang='grc' dir='ltr'>καὶ</span> <span class='ocrx_word' id='word_1_712' title='bbox 2114 4563 2612 4634; x_wconf 84' lang='grc' dir='ltr'>παρακοιμὼμενος</span> <span class='ocrx_word' id='word_1_713' title='bbox 2658 4560 2968 4631; x_wconf 85' lang='grc' dir='ltr'>κατεσχέθη</span> <span class='ocrx_word' id='word_1_714' title='bbox 3013 4560 3165 4628; x_wconf 88' lang='grc' dir='ltr'>παρά</span> <span class='ocrx_word' id='word_1_715' title='bbox 3204 4558 3299 4612; x_wconf 88' lang='grc' dir='ltr'>τοῦ</span> <span class='ocrx_word' id='word_1_716' title='bbox 3330 4560 3685 4631; x_wconf 83' lang='grc' dir='ltr'>Λακαπηνοῦ.</span> 
     </span>
    </p>
   </div>
   <div class='ocr_carea' id='block_1_101' title="bbox 433 4640 3677 4724">
    <p class='ocr_par' dir='ltr' id='par_1_101' title="bbox 433 4640 3677 4724">
     <span class='ocr_line' id='line_1_101' title="bbox 433 4640 3677 4724; baseline 0 -34"><span class='ocrx_word' id='word_1_717' title='bbox 433 4640 534 4724; x_wconf 81' lang='grc' dir='ltr'>ὅσα</span> <span class='ocrx_word' id='word_1_718' title='bbox 584 4642 860 4724; x_wconf 75' lang='grc' dir='ltr'>ἐποίησεν.</span> <span class='ocrx_word' id='word_1_719' title='bbox 893 4647 1016 4700; x_wconf 78' lang='grc' dir='ltr'>Ὀτι</span> <span class='ocrx_word' id='word_1_720' title='bbox 1072 4649 1135 4701; x_wconf 87' lang='grc' dir='ltr'>ἐκ</span> <span class='ocrx_word' id='word_1_721' title='bbox 1191 4648 1407 4717; x_wconf 83' lang='grc' dir='ltr'>Ταρσοῦ</span> <span class='ocrx_word' id='word_1_722' title='bbox 1461 4652 1620 4704; x_wconf 86' lang='grc' dir='ltr'>πλοῖα</span> <span class='ocrx_word' id='word_1_723' title='bbox 1655 4652 2009 4724; x_wconf 83' lang='grc' dir='ltr'>ἐπολιόρκουν</span> <span class='ocrx_word' id='word_1_724' title='bbox 2111 4648 2236 4701; x_wconf 88' lang='grc' dir='ltr'>Ὅτι</span> <span class='ocrx_word' id='word_1_725' title='bbox 2263 4648 2290 4699; x_wconf 96' lang='lat'>6</span> <span class='ocrx_word' id='word_1_726' title='bbox 2332 4646 2584 4716; x_wconf 82' lang='grc' dir='ltr'>βασιλεὺς</span> <span class='ocrx_word' id='word_1_727' title='bbox 2610 4646 2961 4711; x_wconf 86' lang='grc' dir='ltr'>κατενεγκεῖν</span> <span class='ocrx_word' id='word_1_728' title='bbox 2984 4642 3083 4712; x_wconf 81' lang='grc' dir='ltr'>τὴν</span> <span class='ocrx_word' id='word_1_729' title='bbox 3112 4641 3307 4694; x_wconf 82' lang='grc' dir='ltr'>ἐαυτοῦ</span> <span class='ocrx_word' id='word_1_730' title='bbox 3342 4642 3557 4712; x_wconf 85' lang='grc' dir='ltr'>μητέρα</span> <span class='ocrx_word' id='word_1_731' title='bbox 3585 4641 3677 4694; x_wconf 83' lang='grc' dir='ltr'>τοῦ</span> 
     </span>
    </p>
   </div>
   <div class='ocr_carea' id='block_1_102' title="bbox 432 4722 3687 4809">
    <p class='ocr_par' dir='ltr' id='par_1_102' title="bbox 432 4722 3687 4809">
     <span class='ocr_line' id='line_1_102' title="bbox 432 4722 3687 4809; baseline 0 -33"><span class='ocrx_word' id='word_1_732' title='bbox 432 4723 534 4809; x_wconf 73' lang='grc' dir='ltr'>τήν</span> <span class='ocrx_word' id='word_1_733' title='bbox 559 4722 815 4809; x_wconf 76' lang='grc' dir='ltr'>Εὔριπον.</span> <span class='ocrx_word' id='word_1_734' title='bbox 845 4729 1049 4809; x_wconf 41' lang='grc' dir='ltr'>ήξυσαν</span> <span class='ocrx_word' id='word_1_735' title='bbox 1076 4731 1132 4783; x_wconf 81' lang='grc' dir='ltr'>δὲ</span> <span class='ocrx_word' id='word_1_736' title='bbox 1164 4732 1336 4796; x_wconf 75' lang='grc' dir='ltr'>οὐδὲν,</span> <span class='ocrx_word' id='word_1_737' title='bbox 1367 4735 1460 4786; x_wconf 77' lang='grc' dir='ltr'>καὶ</span> <span class='ocrx_word' id='word_1_738' title='bbox 1489 4735 1553 4788; x_wconf 84' lang='grc' dir='ltr'>ἐκ</span> <span class='ocrx_word' id='word_1_739' title='bbox 1595 4737 1817 4807; x_wconf 77' lang='grc' dir='ltr'>Κρήτης</span> <span class='ocrx_word' id='word_1_740' title='bbox 1845 4722 2008 4809; x_wconf 65' lang='grc' dir='ltr'>ἔτερα</span> <span class='ocrx_word' id='word_1_741' title='bbox 2110 4730 2371 4784; x_wconf 90' lang='grc' dir='ltr'>παλατίου</span> <span class='ocrx_word' id='word_1_742' title='bbox 2425 4729 2737 4800; x_wconf 83' lang='grc' dir='ltr'>ἐπεχείρει,</span> <span class='ocrx_word' id='word_1_743' title='bbox 2767 4729 2881 4791; x_wconf 88' lang='grc' dir='ltr'>τοῖς</span> <span class='ocrx_word' id='word_1_744' title='bbox 2907 4725 2964 4779; x_wconf 80' lang='grc' dir='ltr'>δὲ</span> <span class='ocrx_word' id='word_1_745' title='bbox 3008 4726 3273 4809; x_wconf 75' lang='grc' dir='ltr'>δάκρυτιν</span> <span class='ocrx_word' id='word_1_746' title='bbox 3317 4725 3535 4809; x_wconf 82' lang='grc' dir='ltr'>ἐκείνης</span> <span class='ocrx_word' id='word_1_747' title='bbox 3583 4741 3687 4794; x_wconf 82' lang='grc' dir='ltr'>μα-</span> 
     </span>
    </p>
   </div>
   <div class='ocr_carea' id='block_1_103' title="bbox 434 4802 3682 4884">
    <p class='ocr_par' dir='ltr' id='par_1_103' title="bbox 434 4802 3682 4884">
     <span class='ocr_line' id='line_1_103' title="bbox 434 4802 3682 4884; baseline 0.001 -30"><span class='ocrx_word' id='word_1_748' title='bbox 434 4802 530 4865; x_wconf 81' lang='grc' dir='ltr'>τάς</span> <span class='ocrx_word' id='word_1_749' title='bbox 578 4807 847 4874; x_wconf 87' lang='grc' dir='ltr'>παραλίας</span> <span class='ocrx_word' id='word_1_750' title='bbox 894 4802 1209 4875; x_wconf 75' lang='grc' dir='ltr'>Ῥωμαϊκὰς</span> <span class='ocrx_word' id='word_1_751' title='bbox 1249 4812 1438 4882; x_wconf 80' lang='grc' dir='ltr'>ἐδῄουν</span> <span class='ocrx_word' id='word_1_752' title='bbox 1479 4802 1713 4884; x_wconf 38' lang='grc' dir='ltr'>χώρας(</span> <span class='ocrx_word' id='word_1_753' title='bbox 1738 4802 1874 4871; x_wconf 79' lang='grc' dir='ltr'>ἀλλὰ</span> <span class='ocrx_word' id='word_1_754' title='bbox 1905 4802 2006 4872; x_wconf 62' lang='grc' dir='ltr'>κᾶ-</span> <span class='ocrx_word' id='word_1_755' title='bbox 2107 4812 2327 4884; x_wconf 71' lang='grc' dir='ltr'>λαχθεὶς</span> <span class='ocrx_word' id='word_1_756' title='bbox 2360 4813 2571 4883; x_wconf 71' lang='grc' dir='ltr'>ἀφῆκεν</span> <span class='ocrx_word' id='word_1_757' title='bbox 2621 4810 2816 4881; x_wconf 78' lang='grc' dir='ltr'>αὒτήν.</span> <span class='ocrx_word' id='word_1_758' title='bbox 2846 4810 2971 4863; x_wconf 89' lang='grc' dir='ltr'>Ὅτι</span> <span class='ocrx_word' id='word_1_759' title='bbox 3018 4808 3117 4880; x_wconf 82' lang='grc' dir='ltr'>τὴν</span> <span class='ocrx_word' id='word_1_760' title='bbox 3151 4808 3347 4862; x_wconf 88' lang='grc' dir='ltr'>ἐαυτοῦ</span> <span class='ocrx_word' id='word_1_761' title='bbox 3403 4808 3682 4876; x_wconf 74' lang='grc' dir='ltr'>θυγατέρα</span> 
     </span>
    </p>
   </div>
   <div class='ocr_carea' id='block_1_104' title="bbox 435 4888 3681 4970">
    <p class='ocr_par' dir='ltr' id='par_1_104' title="bbox 435 4888 3681 4970">
     <span class='ocr_line' id='line_1_104' title="bbox 435 4888 3681 4970; baseline 0.001 -33"><span class='ocrx_word' id='word_1_762' title='bbox 435 4888 592 4938; x_wconf 89' lang='grc' dir='ltr'>κεῖνα</span> <span class='ocrx_word' id='word_1_763' title='bbox 638 4891 820 4953; x_wconf 82' lang='grc' dir='ltr'>κακῶς</span> <span class='ocrx_word' id='word_1_764' title='bbox 866 4892 1282 4963; x_wconf 85' lang='grc' dir='ltr'>ἀπηλλάγησαν.</span> <span class='ocrx_word' id='word_1_765' title='bbox 1335 4897 1468 4966; x_wconf 69' lang='grc' dir='ltr'>Περὶ</span> <span class='ocrx_word' id='word_1_766' title='bbox 1497 4898 1605 4950; x_wconf 85' lang='grc' dir='ltr'>τῶν</span> <span class='ocrx_word' id='word_1_767' title='bbox 1641 4897 1697 4963; x_wconf 81' lang='grc' dir='ltr'>ἐξ</span> <span class='ocrx_word' id='word_1_768' title='bbox 1741 4900 2009 4970; x_wconf 78' lang='grc' dir='ltr'>’Λιρρικῆς</span> <span class='ocrx_word' id='word_1_769' title='bbox 2108 4896 2514 4967; x_wconf 82' lang='grc' dir='ltr'>ἐμνηστεύσατο</span> <span class='ocrx_word' id='word_1_770' title='bbox 2536 4894 2909 4962; x_wconf 83' lang='grc' dir='ltr'>ὁΛακαπηνὺς</span> <span class='ocrx_word' id='word_1_771' title='bbox 2928 4893 3005 4962; x_wconf 81' lang='grc' dir='ltr'>τῷ</span> <span class='ocrx_word' id='word_1_772' title='bbox 3027 4891 3236 4961; x_wconf 84' lang='grc' dir='ltr'>βασιλεῖ</span> <span class='ocrx_word' id='word_1_773' title='bbox 3261 4891 3681 4959; x_wconf 80' lang='grc' dir='ltr'>Κωνσταντίνῳ.</span> 
     </span>
    </p>
   </div>
   <div class='ocr_carea' id='block_1_105' title="bbox 435 4970 2009 5048">
    <p class='ocr_par' dir='ltr' id='par_1_105' title="bbox 435 4970 2009 5048">
     <span class='ocr_line' id='line_1_105' title="bbox 435 4970 2009 5048; baseline 0.011 -27"><span class='ocrx_word' id='word_1_774' title='bbox 435 4970 602 5040; x_wconf 77' lang='grc' dir='ltr'>νηῶν.</span> <span class='ocrx_word' id='word_1_775' title='bbox 638 4974 732 5027; x_wconf 80' lang='grc' dir='ltr'>καὶ</span> <span class='ocrx_word' id='word_1_776' title='bbox 764 4978 1023 5046; x_wconf 74' lang='grc' dir='ltr'>περὶτῶν</span> <span class='ocrx_word' id='word_1_777' title='bbox 1054 4981 1116 5030; x_wconf 88' lang='grc' dir='ltr'>ἐκ</span> <span class='ocrx_word' id='word_1_778' title='bbox 1147 4980 1237 5032; x_wconf 82' lang='grc' dir='ltr'>τοῦ</span> <span class='ocrx_word' id='word_1_779' title='bbox 1281 4979 1592 5048; x_wconf 80' lang='grc' dir='ltr'>Ῥωμαϊκοῦ</span> <span class='ocrx_word' id='word_1_780' title='bbox 1639 4984 1825 5035; x_wconf 81' lang='grc' dir='ltr'>στόλου</span> <span class='ocrx_word' id='word_1_781' title='bbox 1873 4986 2009 5038; x_wconf 83' lang='grc' dir='ltr'>ἀπο-</span> 
     </span>
    </p>
   </div>
   <div class='ocr_carea' id='block_1_106' title="bbox 433 5055 2009 5141">
    <p class='ocr_par' dir='ltr' id='par_1_106' title="bbox 433 5055 2009 5141">
     <span class='ocr_line' id='line_1_106' title="bbox 433 5055 2009 5141; baseline 0.01 -34"><span class='ocrx_word' id='word_1_782' title='bbox 433 5055 699 5141; x_wconf 72' lang='grc' dir='ltr'>δράντων.</span> <span class='ocrx_word' id='word_1_783' title='bbox 733 5063 827 5113; x_wconf 72' lang='grc' dir='ltr'>καὶ</span> <span class='ocrx_word' id='word_1_784' title='bbox 854 5063 1001 5126; x_wconf 82' lang='grc' dir='ltr'>ὅπως</span> <span class='ocrx_word' id='word_1_785' title='bbox 1023 5064 1213 5118; x_wconf 77' lang='grc' dir='ltr'>οὐδένα</span> <span class='ocrx_word' id='word_1_786' title='bbox 1242 5064 1468 5119; x_wconf 86' lang='grc' dir='ltr'>ἐκείνων</span> <span class='ocrx_word' id='word_1_787' title='bbox 1501 5066 1706 5119; x_wconf 83' lang='grc' dir='ltr'>ἀνελὼν</span> <span class='ocrx_word' id='word_1_788' title='bbox 1739 5071 1849 5130; x_wconf 82' lang='grc' dir='ltr'>τοῖς</span> <span class='ocrx_word' id='word_1_789' title='bbox 1894 5069 2009 5122; x_wconf 83' lang='grc' dir='ltr'>λοι-</span> 
     </span>
    </p>
   </div>
   <div class='ocr_carea' id='block_1_107' title="bbox 433 5141 1084 5215">
    <p class='ocr_par' dir='ltr' id='par_1_107' title="bbox 433 5141 1084 5215">
     <span class='ocr_line' id='line_1_107' title="bbox 433 5141 1084 5215; baseline 0.017 -24"><span class='ocrx_word' id='word_1_790' title='bbox 433 5143 556 5203; x_wconf 85' lang='grc' dir='ltr'>ποῖς</span> <span class='ocrx_word' id='word_1_791' title='bbox 589 5141 870 5212; x_wconf 83' lang='grc' dir='ltr'>ἐνεποίησε</span> <span class='ocrx_word' id='word_1_792' title='bbox 898 5147 1084 5215; x_wconf 70' lang='grc' dir='ltr'>φόϐον.</span> 
     </span>
    </p>
   </div>
   <div class='ocr_carea' id='block_1_108' title="bbox 505 5221 2007 5306">
    <p class='ocr_par' dir='ltr' id='par_1_108' title="bbox 505 5221 2007 5306">
     <span class='ocr_line' id='line_1_108' title="bbox 505 5221 2007 5306; baseline 0.009 -30"><span class='ocrx_word' id='word_1_793' title='bbox 505 5221 571 5278; x_wconf 89' lang='grc' dir='ltr'>Ν.</span> <span class='ocrx_word' id='word_1_794' title='bbox 609 5224 676 5278; x_wconf 76' lang='grc' dir='ltr'>Χ.</span> <span class='ocrx_word' id='word_1_795' title='bbox 721 5227 840 5282; x_wconf 89' lang='grc' dir='ltr'>Ὅτι</span> <span class='ocrx_word' id='word_1_796' title='bbox 890 5232 1150 5299; x_wconf 86' lang='grc' dir='ltr'>ἐνίκησαν</span> <span class='ocrx_word' id='word_1_797' title='bbox 1201 5234 1250 5286; x_wconf 78' lang='grc' dir='ltr'>οἱ</span> <span class='ocrx_word' id='word_1_798' title='bbox 1298 5233 1559 5303; x_wconf 83' lang='grc' dir='ltr'>Ῥωμαῖοι</span> <span class='ocrx_word' id='word_1_799' title='bbox 1611 5235 1735 5295; x_wconf 67' lang='grc' dir='ltr'>τοὺς</span> <span class='ocrx_word' id='word_1_800' title='bbox 1769 5234 2007 5306; x_wconf 77' lang='grc' dir='ltr'>Ἀγορή-</span> 
     </span>
    </p>
   </div>
   <div class='ocr_carea' id='block_1_109' title="bbox 431 5307 2005 5388">
    <p class='ocr_par' dir='ltr' id='par_1_109' title="bbox 431 5307 2005 5388">
     <span class='ocr_line' id='line_1_109' title="bbox 431 5307 2005 5388; baseline 0.009 -30"><span class='ocrx_word' id='word_1_801' title='bbox 431 5307 556 5374; x_wconf 82' lang='grc' dir='ltr'>νοὺς</span> <span class='ocrx_word' id='word_1_802' title='bbox 587 5310 644 5361; x_wconf 88' lang='grc' dir='ltr'>ἐν</span> <span class='ocrx_word' id='word_1_803' title='bbox 671 5315 736 5381; x_wconf 82' lang='grc' dir='ltr'>τῇ</span> <span class='ocrx_word' id='word_1_804' title='bbox 771 5317 1065 5388; x_wconf 75' lang='grc' dir='ltr'>ναυμαχίᾳ.</span> <span class='ocrx_word' id='word_1_805' title='bbox 1097 5317 1220 5370; x_wconf 85' lang='grc' dir='ltr'>’Ότι</span> <span class='ocrx_word' id='word_1_806' title='bbox 1248 5319 1357 5371; x_wconf 86' lang='grc' dir='ltr'>τῶν</span> <span class='ocrx_word' id='word_1_807' title='bbox 1407 5318 1501 5371; x_wconf 88' lang='grc' dir='ltr'>τοῦ</span> <span class='ocrx_word' id='word_1_808' title='bbox 1535 5319 1723 5371; x_wconf 86' lang='grc' dir='ltr'>στόλου</span> <span class='ocrx_word' id='word_1_809' title='bbox 1749 5320 1829 5381; x_wconf 83' lang='grc' dir='ltr'>είς</span> <span class='ocrx_word' id='word_1_810' title='bbox 1859 5323 2005 5372; x_wconf 80' lang='grc' dir='ltr'>οἱκο-</span> 
     </span>
    </p>
   </div>
   <div class='ocr_carea' id='block_1_110' title="bbox 430 5392 2004 5473">
    <p class='ocr_par' dir='ltr' id='par_1_110' title="bbox 430 5392 2004 5473">
     <span class='ocr_line' id='line_1_110' title="bbox 430 5392 2004 5473; baseline 0.008 -28"><span class='ocrx_word' id='word_1_811' title='bbox 430 5392 602 5463; x_wconf 80' lang='grc' dir='ltr'>δομά;</span> <span class='ocrx_word' id='word_1_812' title='bbox 643 5397 1079 5468; x_wconf 75' lang='grc' dir='ltr'>ἀσχολουμένων,</span> <span class='ocrx_word' id='word_1_813' title='bbox 1112 5403 1160 5454; x_wconf 77' lang='grc' dir='ltr'>οἱ</span> <span class='ocrx_word' id='word_1_814' title='bbox 1205 5403 1493 5473; x_wconf 75' lang='grc' dir='ltr'>’Λγαρηνοὶ</span> <span class='ocrx_word' id='word_1_815' title='bbox 1525 5403 1695 5465; x_wconf 81' lang='grc' dir='ltr'>ἀδεῶς</span> <span class='ocrx_word' id='word_1_816' title='bbox 1724 5403 1791 5455; x_wconf 83' lang='grc' dir='ltr'>τὰ</span> <span class='ocrx_word' id='word_1_817' title='bbox 1822 5406 2004 5472; x_wconf 84' lang='grc' dir='ltr'>παρά-</span> 
     </span>
    </p>
   </div>
   <div class='ocr_carea' id='block_1_111' title="bbox 431 5476 2002 5559">
    <p class='ocr_par' dir='ltr' id='par_1_111' title="bbox 431 5476 2002 5559">
     <span class='ocr_line' id='line_1_111' title="bbox 431 5476 2002 5559; baseline 0.007 -31"><span class='ocrx_word' id='word_1_818' title='bbox 431 5476 807 5559; x_wconf 11' lang='grc' dir='ltr'>λιανέκάκουν.</span> <span class='ocrx_word' id='word_1_819' title='bbox 845 5482 982 5552; x_wconf 75' lang='grc' dir='ltr'>Περὶ</span> <span class='ocrx_word' id='word_1_820' title='bbox 1011 5486 1106 5554; x_wconf 80' lang='grc' dir='ltr'>τῆς</span> <span class='ocrx_word' id='word_1_821' title='bbox 1152 5487 1411 5553; x_wconf 83' lang='grc' dir='ltr'>γυναικὸς</span> <span class='ocrx_word' id='word_1_822' title='bbox 1455 5488 1487 5555; x_wconf 84' lang='grc' dir='ltr'><strong>ἢ</strong></span> <span class='ocrx_word' id='word_1_823' title='bbox 1537 5488 1796 5554; x_wconf 85' lang='grc' dir='ltr'>προεῖπεν</span> <span class='ocrx_word' id='word_1_824' title='bbox 1837 5488 1894 5539; x_wconf 82' lang='grc' dir='ltr'>ἐν</span> <span class='ocrx_word' id='word_1_825' title='bbox 1925 5488 2002 5559; x_wconf 86' lang='grc' dir='ltr'>τῷ</span> 
     </span>
    </p>
   </div>
   <div class='ocr_carea' id='block_1_112' title="bbox 431 5558 1999 5640">
    <p class='ocr_par' dir='ltr' id='par_1_112' title="bbox 431 5558 1999 5640">
     <span class='ocr_line' id='line_1_112' title="bbox 431 5558 1999 5640; baseline 0.007 -29"><span class='ocrx_word' id='word_1_826' title='bbox 431 5558 544 5629; x_wconf 80' lang='grc' dir='ltr'>ναῷ</span> <span class='ocrx_word' id='word_1_827' title='bbox 587 5562 679 5616; x_wconf 87' lang='grc' dir='ltr'>τοῦ</span> <span class='ocrx_word' id='word_1_828' title='bbox 727 5564 882 5631; x_wconf 84' lang='grc' dir='ltr'>ἁγίου</span> <span class='ocrx_word' id='word_1_829' title='bbox 943 5568 1189 5639; x_wconf 79' lang='grc' dir='ltr'>Ἀνδρέου</span> <span class='ocrx_word' id='word_1_830' title='bbox 1242 5568 1460 5640; x_wconf 84' lang='grc' dir='ltr'>μοναχῷ</span> <span class='ocrx_word' id='word_1_831' title='bbox 1505 5567 1633 5636; x_wconf 77' lang='grc' dir='ltr'>περὶ</span> <span class='ocrx_word' id='word_1_832' title='bbox 1686 5568 1779 5622; x_wconf 87' lang='grc' dir='ltr'>τοῦ</span> <span class='ocrx_word' id='word_1_833' title='bbox 1836 5558 1999 5622; x_wconf 50' lang='lat' dir='ltr'>Baci-</span> 
     </span>
    </p>
   </div>
   <div class='ocr_carea' id='block_1_113' title="bbox 430 5640 1998 5725">
    <p class='ocr_par' dir='ltr' id='par_1_113' title="bbox 430 5640 1998 5725">
     <span class='ocr_line' id='line_1_113' title="bbox 430 5640 1998 5725; baseline 0.008 -31"><span class='ocrx_word' id='word_1_834' title='bbox 430 5640 597 5713; x_wconf 84' lang='grc' dir='ltr'>λείου,</span> <span class='ocrx_word' id='word_1_835' title='bbox 626 5645 700 5711; x_wconf 84' lang='grc' dir='ltr'>ὡς</span> <span class='ocrx_word' id='word_1_836' title='bbox 735 5646 1067 5717; x_wconf 78' lang='grc' dir='ltr'>βασιλεύσει.</span> <span class='ocrx_word' id='word_1_837' title='bbox 1107 5652 1229 5705; x_wconf 85' lang='grc' dir='ltr'>’Ότι</span> <span class='ocrx_word' id='word_1_838' title='bbox 1254 5650 1679 5725; x_wconf 72' lang='grc' dir='ltr'>βασιλεύσαντος</span> <span class='ocrx_word' id='word_1_839' title='bbox 1706 5651 1802 5706; x_wconf 89' lang='grc' dir='ltr'>τοῦ</span> <span class='ocrx_word' id='word_1_840' title='bbox 1836 5653 1998 5707; x_wconf 87' lang='grc' dir='ltr'>Βασι-</span> 
     </span>
    </p>
   </div>
   <div class='ocr_carea' id='block_1_114' title="bbox 2108 4974 3687 5047">
    <p class='ocr_par' dir='ltr' id='par_1_114' title="bbox 2108 4974 3687 5047">
     <span class='ocr_line' id='line_1_114' title="bbox 2108 4974 3687 5047; baseline -0.003 -15"><span class='ocrx_word' id='word_1_841' title='bbox 2108 4978 2231 5032; x_wconf 69' lang='lat' dir='ltr'>&quot;Ott</span> <span class='ocrx_word' id='word_1_842' title='bbox 2274 4981 2302 5033; x_wconf 89' lang='lat'>6</span> <span class='ocrx_word' id='word_1_843' title='bbox 2344 4980 2537 5041; x_wconf 83' lang='grc' dir='ltr'>Φωκᾶς</span> <span class='ocrx_word' id='word_1_844' title='bbox 2587 4979 2742 5030; x_wconf 82' lang='grc' dir='ltr'>Λέων</span> <span class='ocrx_word' id='word_1_845' title='bbox 2796 4976 3078 5045; x_wconf 87' lang='grc' dir='ltr'>τυραννίδι</span> <span class='ocrx_word' id='word_1_846' title='bbox 3131 4974 3546 5047; x_wconf 84' lang='grc' dir='ltr'>ἐπικεχείρηκε,</span> <span class='ocrx_word' id='word_1_847' title='bbox 3588 4976 3687 5027; x_wconf 78' lang='grc' dir='ltr'>καὶ</span> 
     </span>
    </p>
   </div>
   <div class='ocr_carea' id='block_1_115' title="bbox 2106 5059 3572 5131">
    <p class='ocr_par' dir='ltr' id='par_1_115' title="bbox 2106 5059 3572 5131">
     <span class='ocr_line' id='line_1_115' title="bbox 2106 5059 3572 5131; baseline 0 -17"><span class='ocrx_word' id='word_1_848' title='bbox 2106 5061 2267 5124; x_wconf 85' lang='grc' dir='ltr'>ἁλοὺς</span> <span class='ocrx_word' id='word_1_849' title='bbox 2298 5060 2606 5131; x_wconf 83' lang='grc' dir='ltr'>ἐτυφλώθη.</span> <span class='ocrx_word' id='word_1_850' title='bbox 2654 5060 2945 5127; x_wconf 76' lang='grc' dir='ltr'>Ἐπιϐουλὴ</span> <span class='ocrx_word' id='word_1_851' title='bbox 2978 5060 3120 5112; x_wconf 84' lang='grc' dir='ltr'>κατά</span> <span class='ocrx_word' id='word_1_852' title='bbox 3154 5059 3247 5111; x_wconf 87' lang='grc' dir='ltr'>τοῦ</span> <span class='ocrx_word' id='word_1_853' title='bbox 3284 5060 3572 5127; x_wconf 76' lang='grc' dir='ltr'>βασιλέως.</span> 
     </span>
    </p>
   </div>
   <div class='ocr_carea' id='block_1_116' title="bbox 2177 5142 3688 5214">
    <p class='ocr_par' dir='ltr' id='par_1_116' title="bbox 2177 5142 3688 5214">
     <span class='ocr_line' id='line_1_116' title="bbox 2177 5142 3688 5214; baseline -0.003 -16"><span class='ocrx_word' id='word_1_854' title='bbox 2177 5142 2241 5199; x_wconf 90' lang='grc' dir='ltr'>Ν.</span> <span class='ocrx_word' id='word_1_855' title='bbox 2283 5144 2465 5200; x_wconf 74' lang='lat' dir='ltr'><strong>XVIII.</strong></span> <span class='ocrx_word' id='word_1_856' title='bbox 2530 5146 2654 5197; x_wconf 85' lang='grc' dir='ltr'>Ὅτι</span> <span class='ocrx_word' id='word_1_857' title='bbox 2712 5144 2829 5213; x_wconf 76' lang='grc' dir='ltr'>ἥλω</span> <span class='ocrx_word' id='word_1_858' title='bbox 2886 5143 3036 5211; x_wconf 79' lang='grc' dir='ltr'>ποιρά</span> <span class='ocrx_word' id='word_1_859' title='bbox 3104 5143 3213 5196; x_wconf 84' lang='grc' dir='ltr'>τῶν</span> <span class='ocrx_word' id='word_1_860' title='bbox 3272 5142 3593 5213; x_wconf 71' lang='grc' dir='ltr'>Βουλγάρων</span> <span class='ocrx_word' id='word_1_861' title='bbox 3647 5144 3688 5214; x_wconf 70' lang='grc' dir='ltr'><strong>ἡ</strong></span> 
     </span>
    </p>
   </div>
   <div class='ocr_carea' id='block_1_117' title="bbox 2106 5226 3687 5297">
    <p class='ocr_par' dir='ltr' id='par_1_117' title="bbox 2106 5226 3687 5297">
     <span class='ocr_line' id='line_1_117' title="bbox 2106 5226 3687 5297; baseline -0.001 -16"><span class='ocrx_word' id='word_1_862' title='bbox 2106 5228 2571 5297; x_wconf 81' lang='grc' dir='ltr'>Ἀδριανούπολις.</span> <span class='ocrx_word' id='word_1_863' title='bbox 2606 5228 2730 5281; x_wconf 87' lang='grc' dir='ltr'>Ὅτι</span> <span class='ocrx_word' id='word_1_864' title='bbox 2765 5229 2793 5279; x_wconf 89' lang='lat'>6</span> <span class='ocrx_word' id='word_1_865' title='bbox 2840 5230 2907 5281; x_wconf 87' lang='grc' dir='ltr'>ἐκ</span> <span class='ocrx_word' id='word_1_866' title='bbox 2945 5227 3261 5297; x_wconf 85' lang='grc' dir='ltr'>Τριπόλεως</span> <span class='ocrx_word' id='word_1_867' title='bbox 3306 5228 3494 5289; x_wconf 80' lang='grc' dir='ltr'>στόλος</span> <span class='ocrx_word' id='word_1_868' title='bbox 3526 5226 3687 5281; x_wconf 78' lang='grc' dir='ltr'>ἀπῶ-</span> 
     </span>
    </p>
   </div>
   <div class='ocr_carea' id='block_1_118' title="bbox 2104 5310 3690 5382">
    <p class='ocr_par' dir='ltr' id='par_1_118' title="bbox 2104 5310 3690 5382">
     <span class='ocr_line' id='line_1_118' title="bbox 2104 5310 3690 5382; baseline 0 -16"><span class='ocrx_word' id='word_1_869' title='bbox 2104 5314 2244 5367; x_wconf 86' lang='grc' dir='ltr'>λετο.</span> <span class='ocrx_word' id='word_1_870' title='bbox 2283 5315 2404 5367; x_wconf 89' lang='grc' dir='ltr'>Ὅτι</span> <span class='ocrx_word' id='word_1_871' title='bbox 2439 5313 2728 5381; x_wconf 85' lang='grc' dir='ltr'>ὡμίλησαν</span> <span class='ocrx_word' id='word_1_872' title='bbox 2759 5312 3012 5382; x_wconf 75' lang='grc' dir='ltr'>ἀλλήλοις</span> <span class='ocrx_word' id='word_1_873' title='bbox 3043 5315 3068 5361; x_wconf 82' lang='lat'>6</span> <span class='ocrx_word' id='word_1_874' title='bbox 3100 5310 3356 5379; x_wconf 67' lang='grc' dir='ltr'>βασιλεὺς</span> <span class='ocrx_word' id='word_1_875' title='bbox 3392 5311 3690 5381; x_wconf 84' lang='grc' dir='ltr'>Ῥωμαίων</span> 
     </span>
    </p>
   </div>
   <div class='ocr_carea' id='block_1_119' title="bbox 2104 5395 3692 5467">
    <p class='ocr_par' dir='ltr' id='par_1_119' title="bbox 2104 5395 3692 5467">
     <span class='ocr_line' id='line_1_119' title="bbox 2104 5395 3692 5467; baseline -0.003 -14"><span class='ocrx_word' id='word_1_876' title='bbox 2104 5401 2197 5453; x_wconf 76' lang='grc' dir='ltr'>καὶ</span> <span class='ocrx_word' id='word_1_877' title='bbox 2224 5402 2251 5453; x_wconf 92' lang='lat'>6</span> <span class='ocrx_word' id='word_1_878' title='bbox 2295 5397 2542 5467; x_wconf 86' lang='grc' dir='ltr'>Συμεὼν,</span> <span class='ocrx_word' id='word_1_879' title='bbox 2592 5400 2693 5451; x_wconf 76' lang='grc' dir='ltr'>οὐκ</span> <span class='ocrx_word' id='word_1_880' title='bbox 2736 5399 3061 5466; x_wconf 88' lang='grc' dir='ltr'>είρήνευσαν</span> <span class='ocrx_word' id='word_1_881' title='bbox 3100 5395 3175 5447; x_wconf 80' lang='grc' dir='ltr'>δέ.</span> <span class='ocrx_word' id='word_1_882' title='bbox 3232 5396 3540 5458; x_wconf 74' lang='grc' dir='ltr'>Μεταθεςις</span> <span class='ocrx_word' id='word_1_883' title='bbox 3569 5395 3692 5449; x_wconf 80' lang='grc' dir='ltr'>τῶν</span> 
     </span>
    </p>
   </div>
   <div class='ocr_carea' id='block_1_120' title="bbox 2103 5476 3688 5554">
    <p class='ocr_par' dir='ltr' id='par_1_120' title="bbox 2103 5476 3688 5554">
     <span class='ocr_line' id='line_1_120' title="bbox 2103 5476 3688 5554; baseline -0.018 2"><span class='ocrx_word' id='word_1_884' title='bbox 2103 5485 2427 5554; x_wconf 80' lang='grc' dir='ltr'>ἀρχιερέων.</span> <span class='ocrx_word' id='word_1_885' title='bbox 2475 5481 2602 5536; x_wconf 78' lang='grc' dir='ltr'>Ὀτι</span> <span class='ocrx_word' id='word_1_886' title='bbox 2648 5482 2855 5550; x_wconf 84' lang='grc' dir='ltr'>Πέτρος</span> <span class='ocrx_word' id='word_1_887' title='bbox 2901 5484 2928 5534; x_wconf 89' lang='lat'>6</span> <span class='ocrx_word' id='word_1_888' title='bbox 2959 5481 3049 5533; x_wconf 86' lang='grc' dir='ltr'>τοῦ</span> <span class='ocrx_word' id='word_1_889' title='bbox 3076 5476 3308 5547; x_wconf 85' lang='grc' dir='ltr'>Συμεὼν</span> <span class='ocrx_word' id='word_1_890' title='bbox 3356 5479 3472 5540; x_wconf 80' lang='grc' dir='ltr'>υίὸς</span> <span class='ocrx_word' id='word_1_891' title='bbox 3498 5480 3688 5531; x_wconf 75' lang='grc' dir='ltr'>ἐσπεί-</span> 
     </span>
    </p>
   </div>
   <div class='ocr_carea' id='block_1_121' title="bbox 2104 5563 3583 5637">
    <p class='ocr_par' dir='ltr' id='par_1_121' title="bbox 2104 5563 3583 5637">
     <span class='ocr_line' id='line_1_121' title="bbox 2104 5563 3583 5637; baseline -0.004 -16"><span class='ocrx_word' id='word_1_892' title='bbox 2104 5586 2257 5632; x_wconf 90' lang='grc' dir='ltr'>σατο,</span> <span class='ocrx_word' id='word_1_893' title='bbox 2290 5569 2389 5621; x_wconf 67' lang='grc' dir='ltr'>καὶ</span> <span class='ocrx_word' id='word_1_894' title='bbox 2417 5567 2663 5637; x_wconf 73' lang='grc' dir='ltr'>συνήφθη</span> <span class='ocrx_word' id='word_1_895' title='bbox 2697 5565 2845 5635; x_wconf 74' lang='grc' dir='ltr'>αὐτῷ</span> <span class='ocrx_word' id='word_1_896' title='bbox 2873 5567 2905 5635; x_wconf 88' lang='grc' dir='ltr'>ή</span> <span class='ocrx_word' id='word_1_897' title='bbox 2941 5564 3036 5617; x_wconf 88' lang='grc' dir='ltr'>τοῦ</span> <span class='ocrx_word' id='word_1_898' title='bbox 3064 5563 3330 5634; x_wconf 83' lang='grc' dir='ltr'>βασιλέως</span> <span class='ocrx_word' id='word_1_899' title='bbox 3367 5565 3583 5633; x_wconf 79' lang='grc' dir='ltr'>ἐγγόνη.</span> 
     </span>
    </p>
   </div>
   <div class='ocr_carea' id='block_1_122' title="bbox 2176 5646 3695 5718">
    <p class='ocr_par' dir='ltr' id='par_1_122' title="bbox 2176 5646 3695 5718">
     <span class='ocr_line' id='line_1_122' title="bbox 2176 5646 3695 5718; baseline -0.005 -11"><span class='ocrx_word' id='word_1_900' title='bbox 2176 5653 2241 5707; x_wconf 88' lang='grc' dir='ltr'>Ν.</span> <span class='ocrx_word' id='word_1_901' title='bbox 2283 5650 2424 5706; x_wconf 70' lang='lat' dir='ltr'>XIX.</span> <span class='ocrx_word' id='word_1_902' title='bbox 2464 5651 2653 5714; x_wconf 77' lang='grc' dir='ltr'>Ὅπως</span> <span class='ocrx_word' id='word_1_903' title='bbox 2689 5648 2783 5704; x_wconf 76' lang='grc' dir='ltr'>καὶ</span> <span class='ocrx_word' id='word_1_904' title='bbox 2822 5648 2913 5703; x_wconf 75' lang='grc' dir='ltr'>τὸν</span> <span class='ocrx_word' id='word_1_905' title='bbox 2951 5648 3062 5701; x_wconf 76' lang='grc' dir='ltr'>υἱὸν</span> <span class='ocrx_word' id='word_1_906' title='bbox 3098 5646 3263 5701; x_wconf 81' lang='grc' dir='ltr'>αὑτοῦ</span> <span class='ocrx_word' id='word_1_907' title='bbox 3312 5646 3695 5718; x_wconf 72' lang='grc' dir='ltr'>Χριστοφὸρον</span> 
     </span>
    </p>
   </div>
  </div>
