3942 6250
401 337 508 397 383

1665 339 1988 403 JOANNIS
2019 341 2338 404 ZONAR/E

3562 345 3672 410 3:4

405 445 700 512 αὐτόμολον
730 445 941 516 έπεμψε
984 447 1076 502 τὸν
1116 448 1231 502 υίὸν
1259 449 1424 504 αὐτοῦ
1460 452 1592 522 πρὸς
1621 453 1714 505 τὸν
1763 450 1988 521 βασιλέα
2013 451 2068 510 Α
2093 451 2432 522 ἀντιγράφου
2507 451 2803 522 ἐπιστολῆς
2863 453 2958 507 τοῦ
3023 453 3286 524 Χριστοῦ.
3355 455 3492 523 Περὶ¹
3558 456 3672 507 τῶν

403 529 431 580 ὁ
463 529 724 598 Σκληρός.
763 532 894 598 Περὶ
925 530 1016 582 τοῦ
1053 532 1306 601 Δελφινᾶ.
1335 535 1525 598 Ὅπως
1553 535 1698 588 ἐάλω
1728 536 1825 588 καὶ
1863 537 1985 586 ἀνε-

407 612 759 680 σκολοπίσθη.
799 613 986 677 Ὅπως
1020 616 1048 667 6
1071 617 1266 679 Φωκᾶς
1300 617 1640 686 κατέστρεψε
1679 619 1778 688 τὴν
1807 618 1984 686 ζωήν.

406 690 530 756 Οίος
564 698 591 747 6
626 695 880 764 βασιλεὺς
910 697 1194 762 Βασίλειος
1213 701 1270 752 :6
1288 696 1418 771 ἦθος
1450 701 1670 768 ἐγένετο
1698 701 1839 770 μετὰ
1884 701 1986 770 τὴν

404 780 699 832 κατάλυσιν
732 779 830 832 τοῦ
877 782 1060 835 Φωκᾶ.
1116 783 1305 847 Ὅπως
1341 785 1431 836 τὸν
1483 783 1986 854 παρακοιμώμενον

404 867 432 914 6
480 863 738 931 βασιλεὺς
794 866 1233 930 ἀπεσκευάσατο,
1267 869 1364 922 καὶ
1412 868 1562 931 ὅπως
1595 870 1734 938 πρὸς
1773 871 1984 922 ἐκεῖνον

403 947 635 1018 διετέθη.
692 948 931 1019 Τελευτὴ
983 950 1076 1002 :06
1119 951 1651 1030 παρακοιμωμένουἶ
1687 947 1810 1014 Οἷος
1849 947 1918 1022 ἦν
1956 953 1985 1004 6

406 1031 660 1098 βασιλεὺς
705 1035 812 1102 πρὸ
855 1034 948 1086 τοῦ
996 1035 1094 1104 τῆς
1138 1034 1390 1099 ἐξουσίας
1440 1036 1823 1100 ἐπιλαϐέσθαι,
1889 1037 1984 1089 καὶ

401 1112 512 1180 οἷος
566 1118 704 1185 μετά
762 1119 939 1172 ταῦτα
982 1121 1220 1184 ἐγένετο.
1255 1120 1350 1172 καὶ
1393 1122 1541 1180 ὅπως
1591 1120 1860 1191 ἐκέχρητο
1904 1119 1982 1188 τῷ

404 1200 639 1269 ἀδελφῷ,
693 1203 786 1253 καὶ
817 1198 930 1264 οἷος
968 1198 1034 1272 ἦν
1067 1205 1274 1263 ἐκεῖνος
1307 1203 1368 1256 :6
1413 1199 1563 1273 ἦθος.
1603 1204 1725 1255 Ὅτι
1754 1198 1908 1267 αὖθις
1955 1206 1983 1258 6

403 1283 644 1352 Σκληρὸς
670 1283 768 1350 τῆς
797 1286 1110 1353 τυραννίδος
1131 1288 1333 1355 είχετο,
1364 1288 1459 1340 καὶ
1489 1288 1638 1347 ὅπως
1665 1286 1978 1352 ἐσπείσατο,

403 1367 498 1417 καὶ
531 1365 802 1433 προσῆλθε
848 1369 922 1437 τῷ
958 1367 1192 1434 βασιλεῖ,
1234 1371 1326 1422 καὶ
1364 1369 1581 1438 ἐδέχθη.
1626 1369 1748 1422 Ὅτι
1783 1369 1983 1438 κληροο

404 1448 568 1516 νόμος
610 1447 709 1516 τῆς
747 1448 992 1519 Ἰϐηρίας
1034 1451 1419 1519 καταλειφθεὶς
1457 1455 1483 1504 6
1515 1451 1773 1522 βασιλεὺς
1801 1452 1980 1520 ἀπῆλ-

404 1531 494 1581 θεν
538 1531 671 1583 ἐκεῖ.
727 1533 865 1584 Ὅσα.
898 1534 954 1584 ἐν
995 1535 1200 1604 Ἰϐηρίᾳ
1236 1535 1330 1587 καὶ
1364 1537 1587 1608 Φοινίκῃ
1626 1536 1976 1607 κατώρθωσε.

474 1623 543 1676 Ν.
581 1621 709 1676 VIII.
751 1625 886 1693 Περὶ
943 1628 1314 1696 πατριαρχῶν.
1374 1629 1509 1700 Περὶ
1575 1629 1670 1682 τοῦ
1725 1629 1982 1699 Σαμουὴλ

403 1705 498 1755 καὶ
541 1705 653 1757 τῶν
691 1707 1031 1776 Βουλγάρων,
1071 1710 1164 1762 καὶ
1205 1711 1305 1763 ὅσα
1351 1714 1472 1764 κατ’
1527 1712 1708 1764 αὐτῶν
1746 1713 1774 1765 6
1825 1711 1978 1780 βασι-

2091 536 2606 604 μεταναστευόντων
2647 535 2736 588 διὰ
2770 536 2860 589 τὸν
2889 537 3067 608 λιμόν.
3103 538 3239 607 Περὶ
3269 540 3535 605 σεισμῶν.

2161 619 2227 674 Ν.
2263 619 2402 674 XIII.
2450 621 2569 672 Ὅτι
2618 621 2886 689 πρότερον
2939 621 2966 672 6
3026 620 3287 690 βασιλεὺς
3343 621 3669 673 κατέτεινεν

2086 699 2304 768 ἐαυτὸν,
2330 702 2458 769 περὶ
2493 701 2644 770 μίξιν
2670 701 3017 764 παιδοποιίας
3052 704 3364 772 ἐφιέμενος,
3389 705 3670 772 ἀπογνοὺς

2083 783 2140 835 δέ
2170 785 2394 854 ταύτης,
2439 785 2501 837 o6
2544 785 2783 853 συνεχῶς
2821 787 3049 856 προσῄει
3087 789 3152 856 τῇ
3190 786 3502 856 βασιλίσσῃ.
3541 791 3574 855 ὴ
3613 787 3671 837 δέ

2085 868 2249 920 αὑτὸν
2277 869 2563 939 ἐμίσησεν.
2595 869 2787 932 Ὅπως
2811 871 2839 921 6
2871 869 3181 938 Παφλαγὼν
3212 871 3433 940 Μιχαὴλ
3464 887 3673 940 προσε-

2084 953 2264 1022 λήφθη
2299 955 2451 1021 παρά
2482 953 2574 1006 :06
2611 953 2900 1024 βασιλέως,
2942 956 3036 1006 καὶ
3063 955 3140 1018 ὼς
3176 956 3392 1024 ἠράσθη
3431 953 3601 1006 αὑτοῦ
3630 955 3664 1023 ὴ

2083 1036 2229 1105 Ζωὴ,
2268 1037 2360 1090 καὶ
2385 1037 2467 1090 ὅτι
2519 1035 2605 1089 διὰ
2651 1035 2743 1086 τὸν
2776 1035 2960 1106 ἔρωτα
2999 1040 3028 1090 6
3079 1037 3333 1105 βασιλεὺς
3380 1037 3662 1105 Ῥωμανὸς

2083 1119 2454 1190 ἐπεϐουλεύθη
2503 1120 2599 1172 καὶ
2644 1116 2899 1188 τέθνηκε.
2942 1120 3184 1191 Τελευτὴ
3234 1120 3329 1173 τοῦ
3385 1119 3660 1187 βασιλέως

2097 1201 2402 1269 Ῥωμανοῦ.

2155 1287 2223 1338 Ν.
2279 1285 2413 1340 XIV.
2476 1287 2621 1352 Οἴως
2677 1289 2892 1359 διετέθη
2960 1288 3100 1357 πρὸς
3169 1289 3271 1358 τὴν
3327 1287 3579 1356 βασιλίδα
3635 1291 3668 1340 6

2081 1369 2320 1439 Μιχαήλ.
2356 1365 2489 1444 r070;
2532 1367 2599 1442 ὴν
2643 1374 2704 1426 :6
2753 1369 2885 1444 ἦθος
2923 1375 2952 1426 6
2985 1373 3081 1425 :06
3131 1372 3398 1441 βασιλέως
3433 1371 3665 1439 ἀδελφὸς

2094 1454 2368 1524 Ἰωάννης.
2419 1457 2556 1526 Περὶ
2599 1458 2698 1526 τῆς
2745 1459 2908 1510 νόσου
2960 1457 3054 1509 τοῦ
3103 1455 3371 1525 βασιλέως
3411 1455 3659 1524 Μιχαὴλ.

2083 1537 2222 1606 Περὶ
2248 1539 2343 1590 τοῦ
2368 1540 2722 1607 Δαλασσηνοῦ
2745 1541 2842 1594 καὶ
2862 1540 2951 1594 διὰ
2976 1541 3096 1593 τίνα
3123 1541 3307 1593 αἰτίαν
3329 1539 3661 1610 καθείρχθη.

2081 1621 2218 1691 Περὶ
2247 1622 2342 1674 τοῦ
2375 1623 2434 1688 ἐξ
2474 1624 2739 1694 Ἀφρικῆς
2770 1624 2984 1677 στόλου.
3015 1625 3150 1693 Περὶ
3181 1623 3539 1692 Παγκρατίου
3566 1625 3662 1676 τοῦ

2083 1697 2345 1774 ἄρχοντος
2389 1706 2707 1776 ’Λϐασγίας.
2747 1709 2883 1780 Περὶ⁵
2919 1707 3166 1760 Σκυθῶν.
3209 1708 3344 1778 Περὶ
3388 1707 3659 1775 Ἀράϐων.

402 1787 530 1842 λεὺς
581 1789 847 1855 ἐστήσατο
880 1791 1140 1860 τρόπαια,
1192 1795 1258 1848 τά
1297 1793 1397 1864 μὲν
1450 1795 1518 1846 δι’
1551 1794 1772 1858 ἑαυτοῦ,
1813 1797 1881 1849 τὰ
1913 1796 1975 1850 δέ
2011 1793 2054 1849 Β
2091 1794 2124 1852 Ξ
2150 1790 2215 1844 Ν.
2265 1789 2381 1844 XV.
2434 1791 2558 1844 Ὅτι
2607 1792 2748 1861 μετὰ
2787 1791 2898 1844 τῶν
2926 1791 3246 1859 Αἰγυπτίων
3296 1791 3346 1842 οί
3397 1790 3663 1856 Ῥωμαῖοι

401 1871 489 1923 διὰ
520 1871 630 1923 τῶν
663 1873 1005 1941 στρατηγῶν,
1038 1877 1132 1927 καὶ
1178 1877 1309 1940 ὅσας
1338 1877 1518 1940 πόλεις
1546 1873 1656 1930 εἷλε
1690 1869 1782 1932 καὶ
1811 1880 1979 1948 φρού-

404 1970 514 2021 ρια.
546 1948 644 2006 Οἷα
673 1957 699 2006 6
733 1954 985 2023 βασιλεὺς
1017 1958 1367 2026 ἐδογμάτισε.
1404 1957 1528 2021 Οἷος
1555 1957 1624 2029 ἦν
1663 1965 1690 2014 6
1723 1962 1978 2030 βασιλεὺς

400 2030 555 2098 06:0;
592 2039 651 2089 :6
684 2034 834 2107 ἦθος.
869 2041 975 2092 Καὶ
1005 2039 1115 2103 οἷος
1140 2039 1208 2113 ἦν
1254 2046 1382 2112 περὶ
1423 2049 1704 2116 χρήματα,
1743 2048 1840 2101 καὶ
1875 2048 1979 2102 ὅσα

401 2123 592 2190 συνῆξε
628 2123 722 2174 καὶ
756 2122 1140 2193 ἐθησαύρισεν.

469 2204 536 2258 Ν.
574 2203 665 2258 IX.
691 2205 815 2256 ’Ότι
855 2209 902 2258 οἱ
947 2207 1239 2277 Ἀγαρηνοὶ
1274 2208 1363 2261 τὸν
1394 2211 1450 2261 ἐν
1495 2211 1849 2284 Ἰερουσαλὴμ
1881 2233 1979 2269 κα-

400 2287 579 2339 θεῖλον
611 2287 756 2339 ναόν.
792 2289 933 2340 Ὅσα
953 2290 1009 2340 ἐν
1042 2290 1355 2361 Βουλγαρία
1385 2293 1643 2362 ἐποίησεν
1669 2297 1694 2347 6
1725 2298 1978 2368 βασιλεὺς

401 2369 706 2431 Βασίλειος.
736 2370 922 2432 Ὅπως
956 2372 1085 2434 τοὺς
1120 2375 1410 2443 φραγμοὺς
1435 2376 1541 2428 τῶν
1562 2377 1703 2445 ὀρῶν
1729 2380 1977 2435 καθεῖλεν

400 2455 428 2504 ὁ
458 2451 736 2520 βασιλεὺς,
769 2455 862 2506 καὶ
912 2455 991 2516 είς
1026 2455 1368 2527 Βουλγαρίαν
1413 2461 1686 2527 εἰσέϐαλε,
1719 2465 1812 2516 καὶ
1845 2466 1978 2533 περὶ

399 2537 498 2604 τῆς
551 2537 808 2606 τελευτῆς
855 2541 1125 2610 Σαμουὴλ..
1183 2542 1306 2594 Ὅτι
1344 2543 1372 2593 6
1419 2543 1510 2595 :06
1565 2546 1822 2615 Σαμουὴλ
1862 2549 1976 2610 υίὸς

401 2619 644 2688 ἀνῃρέθη
681 2622 831 2689 παρὰ
888 2624 1182 2690 συγγενοῦς
1235 2625 1426 2679 αὐτοῦ.
1471 2627 1592 2680 Ὅτι
1632 2630 1817 2684 πολλοὶ
1863 2632 1978 2685 τῶν

403 2706 693 2773 ἐπισήμων
744 2706 1072 2775 Βουλγάρων
1126 2711 1551 2780 προσερῤύησαν
1609 2714 1684 2782 τῷ
1742 2715 1973 2784 βασιλεῖ.

402 2787 528 2838 Ὅτι
565 2789 658 2840 καὶ
689 2789 843 2854 αὖθις
876 2793 903 2843 6
927 2791 1181 2860 βασιλεὺς
1212 2792 1601 2864 ἐξεστράτευσε
1635 2801 1776 2852 κατὰ
1819 2801 1979 2853 Βουλ-

399 2871 606 2938 γάρων,
634 2871 729 2926 καὶ
752 2874 852 2925 ὅσα
874 2875 1120 2943 ἐποίησε.
1155 2878 1276 2929 Ὅτι
1299 2880 1618 2951 προσερῤύη
1652 2884 1730 2950 τῷ
1764 2882 1980 2952 βασιλεῖ

398 2954 431 3019 ἡ
469 2953 603 3022 γυνὴ
623 2956 716 3006 καὶ
742 2957 790 3007 οί
821 2958 1002 3020 παῖδες
1026 2959 1120 3011 τοῦ
1155 2960 1550 3016 Βλαδισθλάϐου
1587 2966 1857 3032 Ἰωάννου,
1882 2969 1974 3022 τοῦ

402 3034 520 3086 υἱοῦ
573 3035 801 3107 ’Λαρών.
840 3040 957 3093 Ὅτι
996 3045 1286 3114 κατασχὼν
1318 3046 1416 3114 τὴν
1446 3048 1782 3119 Βουλγαρίαν
1810 3053 1838 3104 6
1876 3055 1974 3122 βα-

2082 1871 2432 1927 ἐσπείσαντο.
2495 1874 2618 1926 Ὅτι
2663 1877 2690 1926 6
2743 1874 3036 1942 Μανιάκης
3089 1875 3190 1944 τὴν
3244 1873 3501 1926 Σικελίαν
3553 1873 3663 1926 ὑπὸ

2083 1955 2419 2026 Σαρακηνῶν
2444 1959 2824 2028 κατεχομένην
2861 1956 3153 2026 Ῥωμαίοις
3180 1954 3439 2018 ὑπέταξε.
3467 1955 3662 2017 Ὅπως

2081 2039 2186 2094 67:6
2251 2040 2504 2109 Ἀράϐων
2550 2039 2924 2106 ἐπεϐουλεύθη
2988 2042 3019 2107 ἡ
3082 2040 3303 2101 Ἐδεσα,
3362 2038 3458 2090 καὶ
3511 2038 3660 2095 ὅπως

2081 2121 2330 2190 ἐγνώσθη
2364 2124 2424 2176 :6
2452 2124 2550 2192 τῆς
2581 2123 2898 2192 ἐπιϐουλῆς.
2935 2123 3057 2176 Ὅτι
3084 2123 3112 2174 6
3141 2122 3493 2192 Καρχηδόνος
3529 2138 3661 2189 κρα-

2078 2206 2188 2259 τῶν
2222 2206 2363 2260 κατὰ
2398 2210 2497 2274 τῆς
2545 2207 2794 2268 Σικελίας
2827 2207 3054 2275 ἐπῆλθε.
3106 2208 3214 2258 Καὶ
3250 2208 3400 2267 ὅπως
3434 2205 3648 2275 ἡττήθη

2081 2288 2234 2357 παρὰ
2255 2289 2350 2342 τοῦ
2375 2289 2660 2356 Μανιάκη,
2687 2289 2782 2342 καὶ
2805 2289 2999 2357 ἐφυγε,
3029 2289 3125 2341 καὶ
3145 2289 3291 2349 ὅπως
3316 2291 3344 2340 6
3369 2289 3659 2354 Μανιάκηε

2078 2372 2298 2440 δέσμιος
2339 2373 2546 2425 ἐκεῖθεν
2577 2373 2784 2442 ἀχθεὶς,
2825 2372 3151 2442 καθείρχθη.
3187 2372 3312 2424 "0::
3347 2373 3382 2437 ἡ
3431 2371 3657 2423 Σικελία

2081 2453 2238 2518 αὖθις
2280 2457 2488 2526 ἐλήφθη
2522 2457 2627 2510 ὑπὸ
2648 2457 2756 2509 τῶν
2792 2458 3112 2527 Ἀγαρηνῶν
3139 2456 3268 2510 ἄνευ
3300 2459 3429 2525 μιᾶς
3449 2455 3660 2515 πόλεως

2079 2539 2180 2606 τῆς
2247 2538 2520 2608 Μεσήνης.
2601 2540 2727 2592 ’Ότι
2784 2540 2968 2608 ἐφίετο
3029 2539 3123 2591 :06
3176 2539 3574 2608 πατριάρχείου
3629 2538 3660 2589 ὁ

2091 2622 2547 2690 Ὀρερανοτρόιρος.
2583 2622 2773 2685 Ὅπως
2819 2624 2954 2690 πρὸς
2984 2624 3046 2673 :6
3075 2623 3318 2687 ὑπήκοον
3349 2622 3588 2673 διέκειτο
3628 2621 3660 2670 ὸ

2091 2704 2554 2775 Ὀρφανοτρόιρος,
2588 2707 2682 2758 καὶ
2718 2708 2750 2774 ἡ
2783 2705 2988 2774 ἀδελφὴ
3021 2705 3214 2759 αὑτοῦ.
3257 2706 3380 2758 Ὅτι
3417 2704 3656 2755 ἐπεϐου-

2076 2785 2240 2856 λεύθη
2278 2788 2432 2857 παρὰ,
2464 2790 2561 2856 τὴς
2602 2789 2872 2858 βασιλίδος
2915 2791 3071 2859 Ζωὴς
3102 2791 3128 2841 6
3183 2789 3647 2858 Ὀρφανοτρὸφος.

2149 2872 2215 2926 Ν.
2243 2871 2380 2925 XVI.
2405 2871 2528 2923 Ὅτι
2551 2872 2582 2940 ὴ
2607 2872 2761 2932 νόσος
2785 2872 2884 2940 τῆς
2910 2873 3242 2940 παραφορᾶς
3270 2869 3654 2939 κατεκράτησε

2080 2955 2285 3023 σφόδρα
2308 2953 2402 3006 τοῦ
2431 2953 2718 3023 βασιλέως.
2754 2954 2944 3016 Ὅπως
2975 2954 3102 3023 ἔσχε
3128 2956 3254 3022 περὶ
3281 2954 3380 3024 τὴν
3401 2953 3651 3022 βασίλισ-

2085 3058 2183 3092 σαν
2213 3040 2240 3090 6
2271 3039 2524 3108 βασιλεὺς
2561 3038 2801 3108 Μιχαὴλ.
2843 3041 2966 3091 ’Ὁτι
3001 3041 3092 3092 καὶ
3123 3041 3297 3109 ὑδέρῳ
3326 3039 3653 3108 περιέπεσεν

403 3118 606 3205 σιλείις,
653 3123 732 3186 εἰς
775 3124 1005 3193 Ἀθήνας
1039 3127 1247 3194 ἀπῆλθε
1281 3132 1346 3198 τῇ
1389 3118 1693 3205 θεομήτορι
1740 3118 1972 3205 ἀνθομο-
2001 3133 2042 3190 (ζ
2075 3126 2100 3176 6
2122 3123 2376 3193 βασιλεὺς
2396 3124 2638 3192 Μιχαὴλ.
2669 3122 2791 3175 Ὅτι
2815 3125 2841 3174 ὁ
2871 3125 3204 3192 Καλαφάτης
3233 3123 3452 3194 Μιχαὴλ
3480 3123 3652 3175 υἱοθε-

398 3199 753 3272 λογούμενος.
802 3207 936 3276 Περὶ
975 3212 1357 3281 πατριαρχῶν.
1426 3199 1786 3285 Ἐκστρατεία
1834 3199 1973 3273 κατὰ

413 3285 732 3373 ’Δϐασγίας.
758 3289 900 3358 Νίκη
932 3291 1220 3358 Ῥωμαίων
1249 3295 1391 3349 κατὰ
1419 3297 1528 3352 τῶν
1565 3299 1815 3370 Ἰϐήρων.
1843 3303 1975 3373 Περὶ

397 3372 778 3441 πατριαρχῶν.
813 3373 1052 3442 Τελευτὴ
1083 3377 1392 3433 Βασιλείου.

469 3452 534 3506 Ν.
565 3453 631 3539 Χ.
677 3449 803 3517 Οἴος
831 3451 897 3526 ἦν
946 3459 1008 3510 τὸ
1060 3456 1191 3530 ἦθος
1230 3464 1258 3514 6
1295 3464 1704 3529 Κωνσταντῖνος
1752 3469 1845 3521 καὶ
1878 3469 1976 3539 τὴν

396 3535 692 3618 διαγωγήν.
724 3539 862 3603 Περὶ
912 3541 1019 3592 τῶν
1061 3540 1377 3613 θυγατέρων
1411 3539 1504 3601 :06
1554 3550 1844 3618 βασιλέως,
1880 3535 1975 3604 καὶ

399 3616 509 3668 τῶν
575 3619 846 3689 ἐκτομιῶν
885 3622 1053 3676 αὑτοῦ
1101 3625 1474 3696 θεραπόντων.
1528 3616 1664 3702 Περὶ
1714 3635 1973 3698 Πατζινά-

402 3715 538 3753 κων.
576 3700 765 3764 Ὅπως
795 3707 916 3767 ταῖς
947 3707 1300 3777 είσπράξεσιν
1332 3715 1358 3765 6
1390 3700 1643 3782 βασιλεὺς
1673 3711 1824 3779 οὗτος
1856 3720 1975 3784 ἐξέ-

399 3785 556 3870 τριψε
593 3785 651 3836 :6
698 3786 958 3856 ὑπήκοον.
1007 3791 1199 3854 Ὅπως
1244 3797 1335 3847 τὸν
1382 3799 1804 3870 Ἀργυρόπωλον
1841 3802 1976 3856 Ῥω·

405 3868 572 3932 μανὸν
601 3871 850 3954 γαμϐρὸν
881 3875 960 3936 είς
990 3876 1088 3943 τὴν
1120 3876 1396 3949 θυγατέρα
1436 3885 1463 3934 ὁ
1491 3868 1747 3952 βασιλεὺς
1779 3889 1972 3954 ἐποιή-

401 3965 553 4013 σατο,
610 3952 710 4021 τὴν
769 3955 979 4008 ἐκείνου
1038 3957 1265 4027 σύμϐιον
1320 3966 1666 4036 ἀποκαρῆναι
1722 3952 1972 4036 ποιήσας.

401 4033 511 4121 μοι
551 4034 810 4121 Καίσαρα
843 4039 1034 4093 τοῦτον
1067 4043 1258 4096 ἀνεῖπε
1288 4049 1381 4099 καὶ
1419 4033 1661 4118 διάδοχον
1687 4053 1785 4121 τῆς
1818 4033 1973 4121 βασι-

398 4114 548 4179 λείας
599 4119 913 4176 κατέλιπεν.
961 4123 1200 4197 Τελευτὴ
1237 4127 1328 4181 τοῦ
1376 4114 1640 4200 βασιλέως
1685 4114 1976 4191 Κωνσταν-

395 4217 564 4254 τινου.

465 4287 569 4372 NL
635 4288 728 4344 XI.
779 4292 904 4346 Ὅτι
984 4292 1210 4366 ἐξέκοψε
1277 4298 1338 4351 :6
1404 4299 1812 4372 ἀλληλέγγυον,
1879 4309 1973 4359 καὶ

396 4370 674 4458 ἐπηύξησε
728 4375 828 4445 τὴν
877 4379 1046 4444 ρογάν
1094 4381 1202 4434 τῶν
1247 4370 1535 4450 κληρικῶν
1571 4386 1669 4454 τῆς
1711 4388 1970 4458 Μεγάλης

2076 3207 2211 3277 τήθη
2241 3211 2304 3276 τῇ
2333 3207 2642 3278 βασιλίσσῃ,
2674 3209 2763 3258 καὶ
2799 3208 3013 3275 Καῖσαρ
3045 3207 3416 3276 ἀνηγορεύθη.

2147 3293 2212 3346 [ξ.
2248 3292 2411 3345 XVII.
2446 3293 2633 3354 Ὅπως
2666 3293 3020 3360 ἀπεστάτησε
3053 3293 3217 3346 πάλιν
3249 3294 3310 3346 :6
3342 3293 3454 3345 τῶν
3490 3291 3654 3346 Βουλ-

2075 3374 2260 3443 γάρων
2288 3375 2469 3440 ἔθνος,
2503 3375 2600 3427 καὶ
2630 3377 2775 3437 ὅπως
2810 3377 2891 3438 είς
2926 3374 3018 3427 δύο
3051 3377 3329 3444 ἀρχηγοὺς
3360 3375 3646 3446 περιέστη,

2075 3459 2169 3510 καὶ
2199 3459 2345 3520 ὅπως
2387 3459 2414 3510 6
2460 3452 2540 3521 εἷς
2570 3459 2660 3510 τὸν
2706 3459 2866 3511 ἄλλον
2893 3459 3190 3527 διέφθειρε,
3221 3459 3644 3526 παρασκευάσας

2074 3541 2136 3594 :6
2167 3541 2368 3610 πλῆθος
2397 3541 2805 3612 λιθολευστῆοαι
2841 3544 3025 3596 αὐτόν.
3059 3544 3181 3595 Ὅτι
3203 3545 3230 3594 6
3257 3543 3521 3611 βασιλεὺς
3540 3542 3652 3594 66¢-

2079 3625 2207 3695 ριῶν
2278 3627 2672 3695 ἐξεστράτευσε
2749 3627 2892 3680 κατὰ
2961 3628 3315 3695 Βουλγάρων.
3379 3627 3572 3689 Ὅπως
3626 3628 3653 3678 ὁ

2089 3709 2428 3772 Ἀλουσιάνος
2485 3710 2688 3778 ἔφυγεν
2743 3712 2807 3764 ἐκ
2864 3711 2974 3764 τῶν
3037 3713 3328 3782 Ῥωμαίων
3386 3711 3466 3774 είς
3529 3711 3652 3771 :06;

2075 3794 2442 3864 Βουλγάρους,
2476 3796 2568 3847 καὶ
2592 3796 2738 3856 ὅπως
2778 3795 3090 3866 ἐγνωρίσθη
3118 3796 3214 3849 τοῦ
3258 3793 3474 3864 Ἀαρὼν
3508 3790 3647 3846 εἶναι

2075 3879 2212 3940 υἱός.
2245 3879 2355 3930 Καὶ
2392 3879 2540 3943 ὅπως
2580 3882 2670 3932 τὸν
2701 3879 2954 3933 Δολιάνον
3001 3880 3288 3950 κατασχὼν
3331 3878 3650 3946 ἀπετύφλω-

2077 3979 2158 4016 σε.
2188 3964 2309 4015 Ὅτι
2335 3963 2646 4032 προσῆλθεν
2672 3965 2699 4017 6
2733 3963 3078 4024 Ἀλουσιάνος
3101 3965 3180 4035 τῷ
3206 3964 3438 4034 βασιλεῖ.
3465 3964 3651 4024 Ὅπως

2074 4045 2318 4115 ἀπῆλθεν
2343 4047 2370 4098 6
2400 4046 2652 4116 βασιλεὺς
2679 4049 2757 4110 είς
2795 4047 2892 4116 τὴν
2923 4049 3089 4116 μονὴν
3120 4051 3228 4100 τῶν
3250 4049 3422 4114 ἁγίων
3458 4048 3650 4114 Ἀναρτ

2073 4131 2283 4201 γύρων,
2313 4132 2409 4183 καὶ
2441 4130 2720 4202 ἀπεκάρη.
2753 4132 2995 4202 Ἰέλευτὴ
3020 4131 3113 4185 :06
3141 4132 3408 4203 βασιλέως
3432 4129 3648 4201 Μιχαὴλ

2073 4213 2167 4268 τοῦ
2200 4214 2576 4282 Παφλαγόνος.

2146 4296 2208 4350 Ν.
2242 4297 2425 4351 XVIII.
2462 4297 2584 4348 "0::
2609 4298 2863 4368 εἰσῆλθεν
2888 4300 2967 4360 εἰς
2997 4299 3062 4352 τὰ
3093 4297 3341 4368 βασίλεια
3375 4300 3403 4351 6
3429 4302 3646 4369 Καῖσαρ

2075 4382 2317 4452 Μιχαήλ.
2363 4381 2691 4450 ⁹Λνάρῤησ;ς
2722 4383 2800 4442 εἰς
2827 4382 3053 4450 βασιλέα
3079 4381 3173 4435 :06
3203 4383 3508 4452 Καίσαρος,
3549 4383 3644 4434 καὶ

397 4454 716 4520 ἐκκλησίας,
772 4461 866 4510 καὶ
916 4465 1261 4528 χρεωκοπίαν
1303 4468 1548 4535 ἐποίησε.
1580 4469 1704 4522 Ὅτι
1744 4474 1769 4524 6
1797 4454 1966 4541 Πρου-
2007 4477 2046 4530 [)
2075 4460 2186 4527 οἷος
2227 4460 2295 4533 ἦν
2327 4465 2385 4516 :6
2415 4459 2544 4530 ἦθος
2570 4468 2594 4514 ο
2623 4465 2866 4533 Μιχαὴλ.
2912 4467 3098 4528 Ὅπως
3139 4466 3354 4536 διετέθη
3388 4467 3523 4535 πρὸς
3556 4465 3648 4517 τὸν

399 4539 583 4600 σιάνος
622 4541 989 4604 ὑποπτευθεὶς
1040 4546 1131 4596 ἐπὶ
1187 4551 1459 4616 τυραννίδι
1503 4553 1808 4624 ἐτυφλώθη.
1849 4539 1969 4608 Καὶ

394 4625 717 4710 ονΔιογένης
769 4627 1179 4692 Κωνσταντῖνος
1233 4633 1397 4703 ὁμοίᾳ
1439 4638 1591 4708 αἰτίᾳ
1641 4639 1966 4710 καθείρχθη.

401 4707 524 4758 Ὅτι
557 4708 848 4761 ἐσπείσατο
895 4715 1009 4772 τοῖς
1051 4714 1358 4782 ’Λϐασγοίς,
1395 4723 1492 4772 καὶ
1523 4707 1622 4790 τὴν
1673 4707 1813 4776 ἰδίαν
1841 4707 1966 4777 ἀνε-

393 4789 526 4855 ιξαιάν
557 4790 772 4862 νύμφην
807 4793 1022 4847 ἔδωκεν.
1053 4796 1173 4849 Ὅτι
1207 4803 1252 4853 οἱ
1311 4789 1624 4872 Ἀγαρηνολ,
1654 4808 1842 4876 καιρὸν
1875 4807 1970 4860 λα-

394 4874 636 4941 ϐόμενοι,
661 4876 770 4927 τῶν
802 4879 1007 4931 πόλεων
1031 4881 1380 4945 ἐπελάϐοντο,
1409 4885 1474 4948 ἃς
1507 4889 1657 4957 παρὰ
1686 4874 1778 4941 :06
1805 4893 1970 4944 Φωκᾶ

393 4959 488 5030 καὶ
510 4958 602 5010 :06
627 4958 900 5032 Τζιμισκῆ
926 4965 1306 5034 ἀςῃρέθησαν.
1339 4969 1458 5022 Ὅτι
1477 4970 1806 5039 ἐστράτευσε
1827 4976 1968 5028 κατὰ

393 5041 452 5092 :6
501 5041 709 5127 Χάλεπ,
743 5045 841 5097 ταὶ
877 5050 1183 5118 προσῆλθεν
1232 5053 1387 5120 αὐτῷ
1429 5055 1703 5122 πρεσϐεία
1738 5058 1969 5127 εἰρήνην

393 5126 637 5189 αἰτοῦσα,
669 5131 696 5180 6
729 5128 782 5181 δὲ
813 5131 912 5183 οὐκ
947 5132 1259 5187 ἐσπείσατο.
1299 5136 1422 5188 Ὅτι
1484 5139 1724 5207 Ἀραϐες
1774 5126 1967 5212 ἀθρόον

393 5211 468 5279 τῷ
515 5211 724 5279 χάρακι
751 5213 1089 5296 ἐπελθξντες,
1125 5218 1424 5287 ἐτρέψαντο
1471 5223 1596 5282 τοὺς
1640 5211 1964 5292 Ῥωμαίους,

392 5297 487 5346 καὶ
511 5297 536 5347 6
563 5296 814 5361 βασιλεὺς
843 5300 1035 5367 ἔφυγε,
1069 5302 1161 5353 καὶ
1192 5303 1249 5352 :6
1272 5303 1637 5372 στρατόπεδον
1664 5306 1964 5378 διηρπάγη.

461 5376 524 5430 Ν.
556 5378 670 5432 ΧΗ.
707 5383 828 5434 ’Ὀτι
852 5383 1165 5436 ἐπανελθὼν
1193 5387 1219 5435 6
1248 5386 1502 5452 βασιλεὺς
1533 5389 1614 5448 είς
1645 5389 1744 5455 τὴν
1782 5376 1959 5456 πόλιν,

394 5461 605 5530 βαρέως
640 5468 752 5526 τοίς
784 5465 876 5516 ὑπ’
907 5467 1072 5518 αὑτὸν
1105 5470 1494 5538 προσεφέρετο.
1521 5471 1654 5540 Περὶ
1687 5471 1786 5540 τῆς
1816 5474 1967 5542 παρὰ

324 5571 333 5590 ι
393 5544 485 5595 τοῦ
524 5545 808 5612 Ῥωμανοῦ
832 5549 1159 5619 ὃομηθείσης
1197 5555 1386 5618 μονῆς.
1423 5553 1558 5624 Περὶ
1587 5553 1682 5606 :06
1721 5555 1838 5608 υίοῦ
1871 5556 1963 5609 τοῦ

394 5626 722 5682 Χαλεπίτου.
761 5633 895 5696 Περὶ
920 5634 1334 5688 Κωνσταντίνου
1364 5635 1458 5689 τοῦ
1490 5636 1796 5704 Διογένους.
1831 5640 1965 5710 Περὶ

395 5707 666 5778 διαφόρων
737 5712 904 5767 ἐθνῶν
973 5714 1078 5766 τῶν
1141 5716 1242 5768 ὑπὸ
1302 5716 1625 5788 ’1³ιυμαίους.
1685 5722 1818 5792 Περὶ
1866 5707 1962 5792 τῆς

2074 4547 2216 4601 θεῖον
2250 4548 2414 4600 αὑτοῦ
2453 4549 2544 4600 τὸν
2597 4547 3054 4617 Ὀρερανυτρόιρον.
3121 4548 3340 4618 Ἐξορία
3371 4548 3467 4601 τοῦ
3525 4549 3647 4617 Ὀρ-

2072 4635 2439 4703 φανοτρόφου.
2476 4635 2600 4687 Ὅτι
2633 4635 2759 4695 τοὺς
2784 4635 3018 4695 οἰκείους
3053 4637 3339 4700 συγγενεῖς
3375 4637 3404 4686 ὁ
3431 4633 3646 4702 Μιχαὴλ

2073 4719 2308 4788 ὑϐρίζει.

2144 4803 2207 4854 Ν.
2247 4801 2386 4855 XIX.
2420 4803 2544 4853 Ὅτι
2577 4801 2845 4862 αἰτιάσεις
2893 4801 3034 4853 κατὰ
3066 4800 3163 4867 τῆς
3195 4800 3470 4869 βασιλίδος
3490 4800 3646 4866 Ζωῆς

2073 4888 2423 4955 πλασάμενος
2465 4886 2492 4937 6
2533 4886 2756 4954 Μιχαὴλ
2795 4887 3082 4952 ἀποκείρει
3134 4885 3308 4950 αὐτὴν
3354 4885 3646 4956 πρότερον,

2070 4973 2149 5032 είς
2174 4972 2271 5038 τὴν
2329 4969 2424 5021 τοῦ
2484 4970 2793 5037 ίιρίγκιπος
2851 4969 3014 5035 νῆσον
3074 4967 3400 5038 περιορίσας
3451 4969 3645 5036 αὑτήν.

2073 5055 2195 5106 Ὅτι
2234 5054 2319 5106 διά
2353 5054 2450 5120 τὴν
2495 5055 2684 5105 στάσιν
2719 5051 3053 5121 ἀνεκομίσθη
3102 5053 3133 5121 ὴ
3181 5051 3415 5120 βασιλὶς,
3468 5051 3560 5104 καὶ
3609 5052 3636 5103 6

2069 5138 2197 5200 λαὸς
2221 5135 2650 5206 μελενδυτοῦσαν
2679 5136 2800 5188 ἰδὼν
2825 5135 2994 5204 αὐτὴν
3017 5137 3096 5198 είς
3119 5137 3282 5188 πλέον
3306 5136 3643 5204 τεθύμωται.

2072 5223 2195 5275 Ὅτι
2245 5222 2378 5290 πρὸς
2413 5221 2512 5290 τὴν
2542 5221 2638 5288 τῆς
2663 5223 2822 5290 Ζωῆς
2857 5221 3092 5290 ἀδελφὴν
3127 5221 3226 5292 τὴν
3269 5221 3556 5292 Θεοδὼραν
3585 5222 3646 5274 τὸ

2068 5305 2270 5373 πλῆθος
2294 5305 2524 5376 τραπὲν,
2553 5306 2872 5371 Αύγούσταν
2898 5306 3070 5368 αὐτὴν
3097 5306 3470 5375 ἀνηγόρευσεν
3497 5311 3552 5360 ἐν
3573 5311 3642 5378 τῇ

2068 5390 2296 5458 Μεγάλῃ
2388 5389 2676 5458 ἐκκλησίᾳ,
2733 5392 2826 5441 καὶ
2881 5389 2962 5441 ὅτι
3021 5390 3100 5450 εἰς
3153 5388 3252 5458 τὴν
3316 5391 3489 5460 μονὴν
3546 5391 3642 5443 τοῦ

2068 5473 2317 5524 Στουδίου
2349 5475 2374 5523 6
2416 5471 2639 5540 Μιχαὴλ
2674 5471 2769 5524 καὶ
2812 5472 2840 5524 6
2884 5473 3026 5535 θεῖος
3069 5473 3234 5525 αὐτοῦ
3287 5475 3317 5522 6
3359 5476 3643 5527 Κωνστανο

2067 5558 2208 5618 τίνος
2237 5555 2496 5624 ἀπῆλθον.
2525 5557 2645 5608 Ὅτι
2673 5556 3064 5624 ἐτυφλώθησαν
3089 5556 3116 5606 6
3139 5556 3394 5624 βασιλεὺς
3421 5560 3633 5626 Μιχαὴλ

2069 5641 2220 5692 καὶὸ
2266 5640 2408 5702 θεῖος
2466 5639 2630 5692 αὑτοῦ
2680 5643 2706 5692 6
2767 5641 3140 5710 νοϐελλίσιμος
3199 5643 3635 5707 Κωνσταντίνος,

2069 5719 2188 5777 εἶτα
2219 5725 2311 5775 καὶ
2345 5725 2441 5775 67::
2454 5724 2823 5792 ριιιρίσθησάν.
