3912 6244
266 347 363 412 389

1534 355 1631 415 DE
1671 355 2039 421 HERDOMO
2080 364 2188 427 CP.

360 457 600 524 rrdfﬁria,
640 466 794 528 alque
826 459 877 510 iu
920 462 981 513 iis
1018 460 1271 516 Tribuual
1302 472 1351 519 et
1376 464 1651 520 Palatium
1678 466 1811 520 Heb-

357 530 517 605 dumi.
552 528 606 579 In
642 527 917 605 'l‘ribumtli
943 530 1108 605 levari
1132 535 1281 605 soliti
1297 536 1645 605 imperatores
1671 537 1809 590 Con-

3370 393 3476 455 390

1839 471 1888 529 Λ
1918 470 2212 568 X1
2245 481 2542 550 npodorsm
2574 501 2663 540 seu
2692 489 2998 547 suburbana
3020 497 3226 566 Oppidis
3243 503 3487 568 proxima

2020 546 2212 608 fuerint
2223 588 2235 600 .

357 598 1178 693 i_q:¢§_flflqd‘
1199 598 1639 693 ttrbisq'ruteuibus
1671 607 1809 661 illud
1910 609 1959 664 Χ
1974 598 2122 693 Vill.
2165 598 2479 677 suburbana
2511 626 2670 680 etiam
2702 630 2970 686 interdum
3012 636 3155 690 intra
3188 640 3369 693 urbem
3401 655 3488 693 ea:-

351 674 625 732 adiuceret,
665 670 719 720 in
751 671 876 722 urbe
902 671 1062 724 levati
1101 675 1367 727 interdum
1395 677 1665 731 dicuntur.

2019 687 2217 741 stitere.

264 733 763 846 lA'.Al’:am'1;:',_ibztnali
806 747 854 790 et
899 742 954 794 in
993 741 1195 814 Campo
1248 745 1562 816 inaugurati
1593 747 1807 818 ‘passim
1909 733 2660 846 XI.’l.“':I-ii_v_llebdo‘mlo,.seuin
2689 767 2890 846 Campo
2918 775 2992 827 ita
3014 776 3305 846 appellato,
3327 782 3483 834 varia

352 810 586 875 Augusti.

259 874 312 926 Χ.
350 874 595 951 Campus,
633 880 894 937 Tribunal
931 892 980 935 et
1016 882 1285 938 Palatium
1320 884 1437 939 urbi
1471 885 1802 951 adiunctum,

347 950 1161 1024 promiscuellebdomikttomiue
1192 972 1225 1007 a
1247 956 1588 1024 scriptoribus
1628 950 1801 1013 dona4

349 1031 451 1097 tur.
504 1019 756 1097 llebdomi
778 1040 869 1097 seu
904 1022 1090 1097 Campi
1117 1019 1469 1080 llebdom'iaui
1495 1043 1620 1097 pars
1656 1031 1799 1083 intra

355 1086 526 1139 urbem
561 1091 783 1145 subinde
810 1093 1038 1146 inclusa.

253 1154 338 1208 ΧΙ.
368 1156 1072 1236 Prementoriuntﬂebdomi
1103 1165 1407 1234 proximum
1446 1166 1608 1236 fuisse
1651 1171 1796 1225 urbis

348 1229 590 1283 ntwnibus
619 1233 930 1287 ostenditur.

252 1293 383 1373 XII;
408 1297 731 1373 llebdomum
776 1319 881 1357 non
915 1303 985 1358 ad
1025 1303 1426 1373 Propontidem,
1471 1305 1563 1361 sed
1613 1325 1792 1367 versus

344 1365 573 1442 (feratiui
599 1373 745 1424 sinus
777 1384 930 1442 caput
962 1365 1182 1429 exstitit.

431 1438 499 1513 id
521 1444 786 1513 astruitur
807 1434 1121 1513 scriptorum
1149 1446 1331 1501 allatis
1362 1450 1792 1506 auctoritatibus.

249 1504 375 1559 XIV.
416 1507 747 1582 DeAPalatii,
798 1504 939 1582 quod
977 1518 1117 1569 nuda
1164 1519 1427 1572 interdum
1466 1504 1794 1577 Hebdomunt

342 1579 621 1660 appellari_
647 1579 897 1660 diluimus,
917 1587 1071 1660 _situ,_
1091 1595 1139 1640 et
1166 1605 1257 1660 an
1285 1589 1421 1641 idem
1469 1590 1627 1660 fuerit
1672 1610 1792 1648 cum

338 1651 658 1707 tonsistorio
682 1653 929 1709 Gratiani
966 1664 1016 1708 et
1037 1655 1348 1712 Iustiniani.

243 1713 709 1803 XVqllebdamum.
747 1733 1107 1803 nuncupatum
1148 1728 1291 1782 istud
1338 1727 1613 1785 Palatium
1666 1749 1790 1803 pro-

335 1788 486 1862 batur
505 1807 572 1845 ea:
599 1788 964 1862 scriptoribus.

239 1854 801 1985 Xi'l.Hilt’ic_tTribuual
843 1866 1108 1933 uestibuli,
1156 1884 1249 1924 seu
1282 1871 1599 1942 προαυλιου,
1631 1874 1793 1930 vicem

339 1947 443 1985 ora:
476 1948 528 1985 ui
557 1972 573 1985 .

336 1947 573 2001 priuauit.

294 2040 335 2096 Ι.
373 2045 653 2104 Hactenus
676 2050 1011 2119 quidem,'ni
1037 2051 1223 2121 fallor,
1249 2056 1608 2126 praestitimus
1637 2060 1783 2130 quod
1818 2079 1861 2134 Β

232 2131 278 2188 in
312 2134 533 2206 hujusce
557 2140 751 2211 operis
778 2143 1107 2201 Praefatione
1132 2162 1330 2204 sumus
1362 2150 1616 2219 polliciti,
1642 2152 1780 2206 nihil

229 2239 318 2280 nos
339 2229 436 2283 nisi
472 2246 642 2296 nova.
674 2249 740 2289 ac
772 2236 828 2291 in
866 2237 1039 2294 hocce
1061 2255 1262 2310 genere
1281 2246 1589 2313 argumenti
1622 2246 1783 2301 nobis

228 2316 437 2387 indicta,
473 2327 538 2380 de
588 2326 663 2382 iis
707 2343 830 2397 quae
862 2331 932 2385 ad
967 2333 1122 2387 urbis
1155 2332 1781 2406 Constantinopolitanae

229 2409 301 2462 vel
347 2413 571 2471 aedifica
635 2420 721 2474 vel
772 2421 1026 2490 regiones
1069 2425 1368 2492 pertinent,
1420 2428 1475 2481 in
1519 2428 1678 2483 Notis
1712 2429 1779 2489 ad

229 2497 435 2560 Zonaras
483 2506 738 2566 Annales
771 2512 1185 2571 observaturos.
1241 2517 1444 2573 Verum
1481 2528 1541 2574 ut
1581 2520 1778 2575 faciam

227 2597 348 2649 satis
378 2598 494 2653 viro
523 2604 849 2670 pererudito
898 2604 1179 2664 Hadriano
1212 2609 1449 2673 Valesio,
1500 2613 1590 2665 cui
1631 2612 1775 2667 Petri

223 2681 364 2755 Gyllii
412 2691 574 2764 longe
621 2694 958 2764 doctissimi,
1000 2711 1058 2755 et
1112 2712 1357 2757 nostram
1395 2703 1464 2758 de
1506 2704 1775 2762 Hebdomi

221 2775 317 2829 situ
346 2785 677 2839 sententiam
708 2789 941 2844 minime
976 2792 1200 2860 probari
1245 2794 1605 2860 advertimus,
1642 2797 1778 2855 huic

221 2879 418 2925 rursum
447 2878 790 2945 asserenda,
820 2896 995 2951 pauca
1026 2901 1094 2939 ex
1142 2885 1212 2940 iis
1236 2902 1361 2956 quas
1387 2887 1443 2941 in
1468 2887 1777 2947 Constanti-

220 2963 379 3026 uopoli
408 2964 723 3023 Christiana
774 2973 999 3042 capiose
1070 2978 1205 3032 satis
1239 2992 1269 3031 a
1312 2979 1475 3035 nobis
1498 2980 1775 3054 descripta

216 3060 348 3116 sunt,
378 3056 467 3110 hic
516 3075 749 3117 rursum
785 3062 1015 3119 delibari
1068 3069 1209 3123 haud
1256 3069 1529 3140 ingratum
1577 3073 1774 3130 lectori

216 3138 424 3202 fortasse
455 3149 653 3219 fuerit,
679 3154 770 3210 cui
793 3155 863 3211 de
892 3155 997 3211 hac
1020 3138 1373 3229 dijudicanda
1396 3165 1771 3220 controversia

215 3232 427 3295 liberum
467 3244 576 3298 erit
610 3247 929 3303 arbitrium.
964 3249 1024 3305 In
1058 3266 1122 3305 ea
1176 3267 1310 3308 vero
1355 3257 1767 3324 pertractanda,

213 3336 267 3419 ut
299 3335 465 3389 sancti
502 3338 803 3407 Augustini
841 3342 1024 3398 verbis
1054 3344 1189 3398 mihi
1216 3345 1438 3414 prazl'ari
1477 3347 1643 3403 liceat
1685 3351 1768 3419 (in

2011 828 2257 947 cxstlitere
2289 831 2539 900 redi/icio,
2583 845 2691 890 tum
2736 828 2871 895 a'des
2911 828 3103 911 sacrm:

2016 910 2107 947 seu
2138 912 2221 947 ur.

2016 910 2221 952 sentur.

1903 963 2014 1018 XX.
2059 967 2220 1052 dides
2336 972 2563 1052 Joannis
2600 975 2877 1047 Baptistae,
2933 1000 3093 1052 quam
3145 986 3479 1041 Hebdomum

2013 1039 2149 1159 nudis
2184 1041 2447 1122 interdum
2478 1058 2661 1101 uocant
2685 1039 2987 1120 scriptores,
3019 1072 3088 1108 an
3122 1059 3264 1111 intra
3296 1039 3478 1112 urbem

2015 1123 2105 1159 eas
2133 1119 2297 1159 item-

2015 1119 2297 1163 ϐξῑδιιτϐἵὶτ.

1903 1173 2059 1250 XXI.
2094 1177 2171 1230 De
2193 1180 2315 1234 aliis
2341 1183 2484 1240 intra
2512 1189 2695 1241 urbem
2726 1189 2893 1242 eidem
2934 1202 3116 1246 sancto
3144 1193 3475 1250 I'ra’cursori

2008 1249 2197 1303 dicatis
2222 1252 2468 1309 ecclesiis.

1902 1315 2081 1405 XXl'l.
2095 1322 2198 1405 'A‘n
2217 1324 2526 1405 dissertator
2545 1326 2933 1405 llebdontianus
2952 1349 3068 1386 uere
3089 1335 3293 1405 primus
3316 1337 3476 1388 sitqu

2008 1388 2266 1462 Hebdomi
2297 1396 2626 1462 ca'pliczterit.

1900 1456 2108 1536 XXI”:
2151 1461 2214 1514 In
2231 1456 2509 1536 litterariis
2524 1472 2886 1525 controversiis
2910 1475 3021 1527 sine
3045 1486 3223 1527 nostro
3256 1476 3475 1536 inuicem

2005 1529 2189 1612 dolore
2221 1532 2340 1585 licet
2374 1534 2574 1600 ludere,
2606 1539 2660 1590 id
2682 1549 2779 1605 est,
2810 1544 3114 1598 urbanitate
3139 1561 3203 1599 ac
3227 1529 3475 1606 maderet:

2007 1609 2145 1654 ιιοηε
2172 1613 2402 1657 servata.

1894 1667 2096 1746 XXIX.
2150 1675 2346 1746 Auctor
2386 1674 2519 1731 nihil
2573 1678 2692 1732 novi
2741 1678 2958 1737 docetur
3005 1700 3071 1738 ea:
3115 1685 3474 1746 dissertator»

2011 1738 2419 1798 Dissertatione.

1903 1809 2069 1891 XXV.
2106 1811 2381 1891 Conclusio
2422 1815 2639 1891 hujusce
2684 1816 3094 1891 Disceptationis
3124 1825 3187 1877 de
3210 1826 3307 1879 hac
3332 1827 3475 1882 Con-

2013 1882 2307 1957 trouersia,
2357 1882 2518 1953 quam
2558 1882 2864 1957 impeditam
2910 1895 3244 1948 existimabat
3305 1897 3469 1953 Henr.

2017 1949 2274 2006 Valesius.

1962 2063 2055 2118 III.
2102 2063 2348 2120 Tametsi
2397 2066 2567 2139 igitur
2614 2070 2959 2128 liebdomum
3009 2074 3082 2130 ita
3130 2077 3467 2146 appellatum

1893 2164 2127 2222 constet,
2178 2159 2326 2227 quod
2363 2163 2605 2229 septimo
2644 2163 2711 2216 ad
2758 2165 2897 2218 urbe
2941 2166 3164 2222 milliari
3215 2170 3471 2232 distaret.

1891 2248 2188 2304 difﬁcultas
2214 2259 2399 2305 tamen
2436 2254 2505 2306 de
2534 2252 2807 2309 Hebdomi
2839 2256 3021 2323 istius,
3073 2261 3234 2330 cujus
3262 2262 3466 2330 passim

1889 2340 2098 2395 mentio
2122 2342 2266 2412 apud
2285 2344 2581 2413 scriptores
2603 2349 2886 2410 occurrit,
2914 2351 3046 2412 situ,
3075 2352 3302 2406 minime
3331 2352 3463 2406 inde

1888 2432 2142 2498 solvitur,
2159 2448 2285 2487 cum
2310 2434 2456 2488 aliud
2476 2446 2533 2491 et
2555 2437 2836 2492 diversum
2863 2440 2983 2494 sita
3003 2442 3241 2510 septimo
3259 2429 3468 2513 lapide,

1890 2523 2025 2579 licet
2060 2525 2262 2589 eidem,
2295 2537 2355 2581 ut
2391 2537 2447 2581 et
2475 2528 2598 2582 urbi
2626 2528 3250 2601 Constantinopolitana:
3279 2536 3464 2588 conti-

1887 2630 2082 2686 guum,
2110 2633 2236 2672 cum
2269 2618 2418 2673 inter
2448 2621 2746 2685 septimum
2781 2621 3019 2690 lapidem
3051 2632 3105 2678 et
3134 2623 3333 2678 urbem
3375 2625 3464 2680 in-

1886 2708 2115 2765 tersitas
2138 2726 2289 2782 ager,
2319 2713 2403 2766 vel
2432 2712 2693 2784 Canipus.
2728 2713 2995 2770 l‘lebdzmi
3027 2718 3237 2786 pariter
3262 2719 3463 2789 appel-

1884 2798 2150 2857 lationem
2186 2804 2417 2859 haberet
2448 2847 2462 2870 ,
2508 2811 2652 2876 quod
2708 2824 2817 2863 non
2851 2809 3016 2863 modo
3052 2811 3107 2863 in
3144 2810 3246 2865 hac
3273 2812 3462 2867 Disce-

1883 2896 2129 2964 ptatione
2151 2898 2500 2965 probandum
2526 2901 2769 2970 suscepi,
2797 2902 2891 2955 sed
2913 2913 2970 2955 et
2996 2900 3263 2972 Campum
3290 2904 3457 2958 istum

1882 2984 2320 3042 Hebdomianum
2358 3005 2466 3043 non
2498 2993 2563 3045 ad
2610 2991 3026 3061 Pwpontidem,
3061 2993 3156 3047 sed
3202 2994 3268 3047 ad
3300 2995 3456 3049 sinus

1880 3076 2148 3142 Ceratini,
2172 3094 2367 3135 versus
2400 3082 2546 3136 illius
2570 3092 2767 3151 caput,
2802 3084 2988 3137 littora
3018 3125 3033 3148 ,
3077 3085 3355 3149 extitisse,
3395 3096 3456 3140 ut

1879 3180 1935 3225 et
1966 3172 2208 3227 tribunal
2232 3183 2288 3228 et
2312 3174 2573 3244 palatium
2616 3175 2903 3239 Hebdomi,
2941 3177 3229 3231 ecclesiam
3262 3176 3451 3232 Sancti

1879 3262 2105 3319 Joannis
2128 3264 2387 3335 Baptism:
2408 3305 2423 3329 ,
2453 3275 2762 3335 caeleraque
2801 3266 3074 3321 recensita
3110 3280 3140 3319 a
3163 3267 3450 3334 scriptori-

1882 3353 1985 3407 bus
2018 3355 2071 3408 in
2106 3355 2390 3409 Hebdomo
2436 3356 2694 3417 aedificia,
2734 3356 2786 3409 in
2836 3356 2941 3410 hoc
2967 3357 3136 3410 fuisse
3176 3364 3451 3426 postremo

214 3414 364 3486 Epist.
384 3426 451 3478 ad
474 3426 533 3482 S.
565 3430 934 3502 Hieron.):Si
964 3434 1124 3490 aliter
1140 3453 1301 3507 quant
1328 3439 1610 3493 issensisse
1631 3414 1775 3513 repe—
1800 3433 1846 3496 C
1882 3439 2186 3511 Hebdomo,
2234 3460 2330 3498 seu
2386 3445 2440 3497 in
2485 3414 2691 3512 Campo
2735 3444 3027 3509 He'bdomi,
3075 3414 3192 3498 noni
3210 3459 3345 3499 vero
3378 3446 3449 3502 ad

209 3512 326 3577 riar,
352 3531 455 3569 non
482 3531 680 3575 contra
709 3523 861 3578 illum
888 3526 1111 3592 dictum,
1137 3531 1231 3582 sed
1255 3530 1394 3600 quod
1414 3531 1543 3583 mihi
1565 3532 1774 3588 uidebo.

211 3609 337 3657 tura
378 3624 457 3661 me
483 3616 749 3684 scriptum
780 3631 898 3670 esse
942 3626 1120 3686 putem
1168 3618 1414 3674 lectorem
1451 3621 1638 3677 debere
1681 3639 1771 3677 co-

207 3708 432 3761 gnoscere
454 3717 473 3754 :
504 3714 599 3757 aut
636 3705 686 3758 si
705 3708 943 3776 cognosci
972 3725 1078 3761 non
1103 3718 1291 3779 potest,
1319 3712 1534 3767 credere
1564 3714 1767 3771 debere.

268 3788 327 3843 ll.
358 3795 538 3865 Atque
580 3809 647 3853 ut
682 3799 915 3870 hujusce
944 3801 1363 3872 disceptationis
1388 3805 1625 3861 ducatur
1659 3804 1769 3859 ini-

206 3877 348 3946 tium,
395 3885 448 3940 in
493 3889 759 3944 confesso
786 3891 989 3947 debere
1020 3907 1142 3946 esse
1172 3897 1521 3962 agnoscimus
1547 3896 1770 3951 Hebdo-

206 3985 334 4025 Inum
365 3975 438 4030 i:a
468 3981 839 4048 appellatum,
864 3982 1011 4051 quod
1045 3984 1281 4053 septimo
1312 3986 1381 4039 ab
1408 3986 1544 4041 urbe
1568 3986 1767 4056 (veteri

202 4065 397 4123 scilicet
456 4072 733 4142 Byzantio
797 4073 867 4127 ad
931 4078 1367 4142 promontorium
1422 4080 1766 4151 Ceratinum)

205 4154 402 4240 milliari
455 4165 701 4218 distaret
748 4181 764 4219 :
812 4164 1010 4220 indeve
1071 4167 1220 4235 quod
1251 4166 1427 4223 Graeci
1463 4168 1756 4240 Ἔδδομον,

202 4239 364 4302 Latini
412 4250 725 4321 Septimum
770 4263 1003 4320 vocant,
1062 4256 1333 4324 quosdam
1383 4239 1765 4328 Septimilliare

203 4347 503 4409 nuncupare
546 4362 566 4403 ;
612 4346 1107 4415 quemadmodum.
1136 4349 1194 4405 in
1238 4357 1476 4421 utroque
1523 4352 1764 4420 isthmo,

204 4422 425 4489 Thraciae
470 4435 822 4492 Chersonesi
881 4449 941 4495 et
987 4440 1369 4509 Corinthiaco,
1412 4458 1446 4498 a
1506 4447 1646 4500 mari
1695 4446 1765 4501 ad

203 4533 337 4576 mare
385 4528 637 4585 deducto
710 4546 870 4585 muro
918 4532 1206 4591 Hexamilii
1254 4552 1286 4590 a
1327 4552 1422 4591 sex
1446 4538 1764 4593 milliarium

198 4617 358 4682 spatio
378 4636 582 4677 nomen
616 4622 864 4677 inditum
892 4634 997 4679 est.
1025 4625 1079 4681 Id
1122 4637 1178 4682 at
1210 4628 1403 4684 multis
1437 4630 1494 4682 in
1519 4645 1583 4683 ea
1608 4631 1766 4685 lucu-

1874 3536 2168 3602 septimum
2208 3534 2279 3589 ab
2308 3532 2443 3587 urbe
2473 3534 2727 3595 miliiare,
2775 3535 2922 3603 quod
2964 3535 3082 3589 vult
3119 3535 3450 3590 dissertator

1873 3624 2307 3680 Hebdomianus.
2339 3624 2669 3694 Priusquam
2704 3640 2834 3680 vero
2872 3641 2985 3680 rem
3024 3626 3335 3696 aggrediar,
3387 3636 3450 3682 ut

1873 3731 1962 3770 res
1990 3716 2208 3785 planior
2255 3716 2521 3785 deinceps
2560 3717 2695 3783 fiat,
2730 3732 3002 3786 ponemus
3044 3718 3098 3771 in
3135 3719 3446 3788 exemplum

1872 3806 2255 3861 suburbanum
2291 3807 2627 3872 Parisiense,
2657 3822 2753 3861 seu
2793 3808 2938 3877 regis
2973 3812 3148 3863 nostri
3178 3807 3449 3864 Christia-

1874 3896 2093 3950 nissimi
2155 3896 2456 3965 palatium,
2521 3897 2668 3966 quod
2731 3898 3009 3952 Versalias
3060 3900 3444 3966 appellamus,

1870 3987 2037 4042 simili
2059 3986 2174 4042 fere
2204 3988 2276 4041 ab
2309 3988 2445 4042 urbe
2478 3987 2779 4042 Galliarum
2808 3986 3068 4056 primaria
3105 3988 3446 4055 disparatum

1869 4077 2074 4147 spatio,
2129 4092 2242 4145 quo
2290 4077 2639 4133 Hebdomum
2688 4092 2717 4130 a
2757 4076 3041 4147 Byzantio.
3082 4076 3203 4141 Quo
3240 4078 3447 4146 positu,

1869 4170 2049 4239 primo
2075 4169 2299 4238 quidem
2332 4185 2442 4223 non
2468 4168 2775 4238 septimum
2817 4169 3081 4222 duntaxat
3106 4166 3360 4229 milliare,
3389 4165 3446 4222 id

1868 4268 1954 4314 est
1984 4261 2282 4329 septimum
2314 4260 2382 4313 ab
2413 4260 2549 4313 urbe
2582 4257 2848 4326 lapidem,
2882 4255 3147 4326 Ἐϐδόμου
3197 4255 3446 4325 appella-

1869 4350 2078 4405 tionem
2104 4350 2384 4415 habuisse,
2414 4349 2510 4404 sed
2548 4351 2717 4404 etiam
2763 4349 2909 4405 inter
2953 4353 3249 4419 septimum
3294 4349 3441 4404 istud

1866 4440 2101 4495 milliare
2142 4450 2200 4495 et
2247 4440 2442 4494 urbem
2492 4439 3159 4509 Constantinopolitanam
3210 4440 3441 4510 interje-

1867 4543 2017 4588 ctum
2047 4530 2334 4601 Campum,
2367 4531 2422 4586 in
2455 4547 2565 4602 quo
2597 4533 2830 4588 aediﬁcia
2858 4533 3042 4587 omnia
3063 4546 3299 4600 quorum
3330 4547 3446 4586 me-

1867 4624 2131 4679 minerint
2154 4624 2437 4695 Byzantini
2462 4626 2785 4695 scriptores,
2815 4626 3077 4695 nullaque
3099 4625 3158 4679 in
3179 4626 3297 4694 ipso
3317 4624 3442 4679 mil-

201 4702 432 4765 bratione
486 4713 819 4779 docuimus,
878 4714 1058 4769 allatis
1112 4726 1403 4771 auctorum
1448 4718 1588 4772 locis
1650 4717 1765 4772 fere
1797 4721 1841 4775 D
1870 4717 1994 4771 liari
2034 4716 2269 4786 septimo
2310 4717 2533 4773 stetisse
2567 4717 2746 4772 ausim
2784 4718 3012 4772 omnino
3057 4716 3439 4774 contendere:

199 4802 457 4868 erunibus,
506 4816 723 4876 praeter
756 4822 897 4877 quos
929 4807 1002 4863 ab
1041 4814 1239 4865 eodem
1272 4809 1393 4865 viro
1424 4809 1587 4866 docto
1629 4809 1768 4866 alios

202 4892 419 4956 proferri
470 4913 587 4951 non
629 4898 1011 4965 advertimus,
1059 4903 1198 4957 adeo
1255 4911 1313 4956 ut
1352 4902 1556 4973 pudeat
1605 4903 1768 4957 toties

201 4984 438 5038 eramhcn
490 4996 755 5057 repetere
782 5027 796 5051 ,
849 4998 1007 5060 atque
1055 4992 1234 5045 eadem
1277 5002 1496 5047 cantate
1539 4992 1768 5047 uersibus

200 5072 382 5129 iisdem.
428 5080 539 5132 Sed
583 5094 719 5133 cum
772 5078 888 5134 haec
929 5086 1161 5151 quaxstio
1205 5083 1422 5139 deﬁniri
1463 5084 1552 5138 vix
1601 5095 1768 5154 queat

199 5163 389 5234 absque
417 5170 660 5238 prolatis
693 5178 753 5223 et
797 5170 853 5224 in
884 5173 1124 5228 mi-dinm
1153 5175 1409 5230 adductis
1442 5177 1762 5231 earumdem

199 5260 509 5325 scriptorum
550 5262 1023 5329 auctoritatibus,
1054 5280 1121 5319 ac
1148 5265 1217 5319 iis
1257 5267 1581 5335 praesertim,
1626 5283 1764 5337 quas

199 5358 284 5400 aut
341 5370 447 5408 nun
497 5357 872 5419 observasse,
927 5366 1023 5411 aut
1069 5359 1135 5411 de
1195 5358 1466 5413 industria
1514 5362 1765 5414 omisisse

199 5438 418 5505 videtur.
466 5457 529 5501 ut
578 5463 711 5517 qum
760 5449 1045 5502 sententia:
1080 5464 1243 5517 quam
1279 5450 1534 5504 tuendam
1574 5467 1765 5505 susce-

198 5541 336 5595 petat
363 5535 831 5607 adversarentur,
863 5537 1105 5591 breviter
1134 5548 1401 5608 quantum
1444 5538 1658 5606 licebit,
1707 5548 1765 5595 et

198 5625 402 5680 selectis
453 5630 738 5681 duntaxat
783 5631 877 5698 qui
920 5629 989 5683 ad
1038 5629 1181 5685 hanc
1213 5631 1579 5687 dirimendum
1632 5649 1767 5688 con-

196 5719 502 5773 troversiam
522 5718 851 5775 conducunt
870 5721 1028 5784 locis,
1048 5737 1168 5790 qme
1188 5721 1243 5776 in
1264 5722 1404 5780 hanc
1422 5738 1535 5778 rem
1560 5722 1766 5778 habent

197 5809 440 5877 expedire
467 5827 666 5883 operte
690 5812 932 5882 pretium
971 5812 1211 5868 videtur.

1865 4806 2016 4876 quod
2044 4805 2177 4860 mihi
2212 4807 2518 4876 presertim
2543 4806 2890 4878 probandum
2922 4807 3212 4871 incumbit,
3247 4815 3310 4860 ut
3332 4806 3446 4860 dis~

1865 4897 2174 4967 putationis
2207 4899 2373 4952 totius
2414 4898 2873 4952 fundamentum:
2920 4898 3068 4970 quod
3119 4898 3268 4953 haud
3296 4914 3442 4969 aegre

1866 4991 2123 5054 fecerim,
2160 4993 2205 5045 si
2241 4992 2311 5044 ita
2345 4992 2681 5060 appellatum
2725 4990 2796 5045 ab
2829 4991 3023 5046 iisdem
3067 4991 3445 5060 scriptoribus

1867 5082 2144 5136 estenderi
2155 5098 2226 5135 nt.

1940 5174 2030 5229 IV.
2073 5175 2294 5227 Primus
2326 5174 2496 5243 igitur
2526 5190 2593 5229 ex
2630 5175 2697 5229 iis
2721 5175 2955 5245 prodeat
2987 5172 3440 5243 Theophylactus

1872 5262 2201 5324 Simoeatta,
2240 5268 2335 5334 qui
2368 5266 2514 5319 libro
2558 5283 2680 5331 vm,
2730 5282 2852 5337 cap.
2892 5269 2980 5327 15.
3022 5264 3218 5320 scribit
3258 5262 3438 5316 deﬁxa

1868 5358 1933 5412 ad
1965 5361 2336 5428 spectaculum
2370 5375 2401 5413 a
2436 5369 2666 5430 tyranno
2695 5360 2896 5419 Phoen.
2926 5355 3172 5411 Mauricii
3208 5363 3265 5408 et
3298 5354 3441 5406 ﬁlio-

1870 5467 1989 5504 rum
2013 5449 2212 5521 capita.
2246 5452 2383 5521 πρὸς
2408 5454 2467 5504 τὸ
2493 5451 2676 5505 πεδίον
2702 5452 2765 5503 τὸ
2782 5449 3137 5515 ἀνακείμενον
3160 5447 3219 5497 ὲν
3239 5444 3318 5511 τῷ
3345 5443 3438 5494 λε-

1870 5544 2089 5611 γομένῳ
2128 5542 2400 5609 Ἐὅόὁμῳ,
2428 5539 2487 5593 ὃν
2518 5539 2752 5607 Κὰμπον
2805 5536 3070 5604 Ῥωμαῖοι
3116 5531 3434 5596 κατονομά.

1871 5633 2074 5697 (auctir.
2100 5631 2204 5687 Ubi
2234 5628 2576 5685 observanda
2604 5644 2709 5683 vox
2730 5626 3110 5693 ἀνακείμενον,
3135 5634 3258 5687 quae
3281 5635 3402 5674 eam
3426 5648 3438 5661 -

1870 5739 2001 5792 pum
2071 5722 2193 5775 urbi
2238 5720 2545 5790 adjacuissc
2596 5720 2732 5773 satis
2773 5715 2997 5784 prodit:
3044 5724 3224 5778 neque
3281 5714 3435 5766 enim

1869 5814 2107 5883 Campus
2136 5812 2191 5866 in
2227 5810 2346 5879 ipso
2375 5809 2610 5879 septimo
2637 5806 2893 5861 miliiario
2924 5815 3042 5857 esse
3065 5799 3264 5870 potuit,
3295 5802 3432 5858 alio-
