3912 6244
395 284 497 350 391

1452 273 1940 347 DlSQUlSITlO
1982 276 2572 339 TOPOGRAPHICA

3554 272 3659 339 392

390 398 485 470 qui
524 396 767 467 Campus
798 394 852 450 in
880 392 1201 449 suburbano
1228 405 1323 446 seu
1358 388 1413 443 in
1446 388 1577 443 villa
1605 403 1727 442 esse
1762 385 1976 441 (Προτο-
2003 393 2050 450 Α
2148 390 2213 446 Vl
2255 390 2457 446 Verum
2477 396 2541 444 ut
2567 385 2987 455 disceptationis
3004 383 3204 440 seriem
3233 396 3658 455 prosequamur.

391 501 502 561 tur,
521 494 666 559 quod
688 492 820 543 alisu
831 488 988 542 rdum
1009 496 1178 541 esset.
1199 483 1408 538 Deinde
1432 480 1796 541 Hebdomum,
1811 479 1973 534 Cam-

393 596 522 650 pum
538 578 705 632 fuisse
731 577 1068 647 appellatum
1106 575 1313 629 diserte
1334 572 1412 627 ait
1435 571 1762 639 Simocatta;
1783 574 1971 641 proin.

394 671 462 724 de
487 670 630 724 idem
653 677 739 723 est
769 666 1116 722 Hebdomum
1160 680 1286 720 cum
1332 662 1560 733 Campo.
1607 662 1974 732 Theophanes

393 762 559 815 etiam
579 759 846 828 Campum
872 758 938 812 ad
957 757 1152 811 urbem
1171 752 1839 822 Constantinopolitanam
1864 761 1975 806 sta-

400 853 654 917 tuit,cum
670 853 747 905 ait
765 850 832 905 ad
851 866 983 904 ann.
1003 849 1071 902 '50
1102 844 1396 901 Theodosii
1418 842 1976 914 Junioris,l3yzantios

397 956 558 999 terra:
577 951 731 998 motu
749 950 1136 997 consternatos
1160 952 1226 993 ac
1245 936 1494 1001 territos,
1515 935 1621 999 ἔξω
1638 936 1734 1005 τῆς
1761 935 1971 996 πόλεως

397 1039 455 1089 ὲν
475 1036 554 1105 τῷ
574 1035 852 1105 λεγομένῳ
872 1032 1094 1101 Κάμπῳ
1112 1030 1410 1084 secessisse
1435 1046 1448 1082 :
1474 1029 1634 1098 cujus
1660 1036 1823 1081 terra:
1858 1040 1975 1079 n.0-

396 1139 488 1183 tus
509 1129 835 1182 memoriam
860 1128 1160 1195 quotannis
1185 1123 1269 1193 agi
1293 1121 1650 1182 261anuarii,
1687 1136 1797 1189 quo
1822 1122 1867 1174 is
1885 1135 1977 1174 ac-

397 1221 555 1284 cidit,
574 1222 627 1273 in
645 1218 872 1287 Campo,
892 1217 1086 1271 scribit
1108 1223 1302 1268 auctor
1320 1212 1567 1268 Cltronici
1585 1210 1974 1265 Alexandrini:

399 1310 565 1370 Ὅθεν
585 1316 731 1383 καὶὴ
754 1318 944 1382 μνήμη
961 1311 1080 1364 κατ’
1110 1311 1230 1373 ἔτος
1251 1309 1588 1361 ἐπιτελεῖται
1607 1307 1706 1376 τῆς
1729 1304 1974 1369 λιτανιχς

402 1406 566 1475 μέχρι
589 1404 684 1456 καὶ
701 1402 795 1455 νῦν
820 1402 878 1452 ἐν
911 1398 988 1469 τῷ
1017 1398 1235 1467 Κάμπῳ
1266 1397 1407 1464 ὑπὲρ
1430 1397 1528 1464 τῆς
1548 1394 1640 1447 τοῦ
1667 1392 1975 1462 φιλανθρώ-

399 1510 505 1550 που
527 1494 662 1548 Θεοῦ
684 1491 1088 1564 μακροθυμίας.
1115 1490 1173 1544 ln
1193 1504 1300 1559 qua
1321 1487 1546 1557 quidem
1568 1486 1976 1554 supplicatione

400 1589 814 1657 imperatorem,
840 1595 1122 1645 senatum,
1159 1581 1420 1651 p0pulum
1438 1588 1495 1633 et
1509 1578 1719 1631 clerum
1740 1576 1977 1644 pedibus

399 1679 565 1733 nudis
626 1677 959 1748 processisse
1037 1673 1202 1728 tradit
1267 1672 1411 1726 idem
1461 1670 1748 1738 scriptor:
1801 1667 1978 1719 Καὶό

401 1770 654 1840 βασιλεὺς
687 1768 999 1821 ἐλιτάνευσε
1027 1765 1165 1833 μετὰ
1183 1764 1281 1833 τῆς
1302 1763 1632 1831 συγκλήτου,
1664 1758 1759 1812 καὶ
1787 1757 1970 1827 ὀχλου,

399 1866 495 1919 καὶ
523 1860 616 1916 τοῦ
645 1861 873 1931 κλήρου,
913 1858 1243 1918 ἁνυπόδετος
1272 1855 1491 1926 ἡμέρας
1515 1851 1741 1915 πολλάς.
1793 1849 1977 1903 Theo-

400 1957 570 2011 dorus
603 1953 805 2007 Lector
832 1951 939 2005 ecl.
998 1966 1035 2014 I,
1073 1959 1127 2002 et
1151 1964 1217 2002 ex
1247 1961 1314 2001 eo
1344 1946 1487 2000 idem
1516 1948 1543 1998 't
1563 1943 1887 2012 heophanes
1921 1950 1979 1996 et

406 2047 643 2118 Symeon
679 2042 986 2114 Logotheta
1010 2041 1066 2095 in
1098 2039 1306 2095 Chron.
1342 2052 1444 2090 ms.
1472 2035 1723 2090 scribunt
1750 2031 1981 2086 Marcia-

400 2152 534 2193 num
555 2138 613 2187 ὲν
646 2138 763 2196 ταῖς
794 2134 970 2194 λιταῖς
990 2130 1316 2198 γενομέναις
1350 2133 1409 2178 ὲν
1448 2126 1526 2194 τῷ
1563 2126 1782 2193 Κάμπρ
1813 2121 1976 2183 πεζὸν

400 2225 784 2295 ὲξερχόμενον,
808 2222 1010 2275 multas
1034 2232 1297 2289 pecunias
1323 2216 1666 2286 pauperibus
1685 2224 1977 2281 erogasse:

403 2316 717 2372 Anatolium
768 2326 902 2367 vero
962 2309 1361 2380 patriarcham,
1405 2324 1530 2361 cum
1602 2320 1631 2359 a
1674 2304 1860 2358 Tauro
1908 2300 1978 2355 ad

402 2393 891 2476 Catnpum,‘juxta
919 2415 1131 2456 morem
1172 2401 1559 2469 epiSCOporum
1589 2397 1744 2450 urbis
1796 2394 1977 2464 regiae,

404 2497 603 2552 lectica
670 2502 866 2549 vectus
913 2494 979 2545 ad
1022 2487 1479 2559 supplicationem
1536 2484 1887 2554 procederet,
1925 2488 1982 2533 et

404 2586 741 2644 Marcianum
793 2584 1030 2655 pedibus
1090 2580 1438 2636 incedentem
1490 2577 1755 2637 vidisset,
1799 2573 1980 2643 ipsum

405 2694 625 2749 quoque
648 2677 945 2740 πεζεύοντα
978 2674 1340 2746 processisse.
1365 2671 1502 2737 Quis
1521 2684 1689 2739 porro
1721 2666 1979 2720 Theodo-

405 2772 547 2826 sium
581 2770 866 2825 Juniorem
887 2769 1238 2827 ἁνυπόὀετον,
1284 2779 1411 2818 cum
1446 2765 1702 2817 universa
1737 2758 1896 2829 plebe
1925 2766 1982 2813 et

405 2864 577 2926 clero,
600 2862 686 2916 vel
722 2860 1054 2914 Marcianum
1095 2856 1332 2928 pedibus
1365 2870 1539 2924 usque
1575 2854 1643 2908 ad
1683 2853 1979 2922 septimum

405 2953 642 3006 milliare
685 2948 933 3020 quotidie
992 2948 1327 3018 processisse
1380 2944 1577 3016 putet?
1637 2945 1827 3012 Neque
1887 2943 1980 2997 hic

405 3054 648 3115 opponat
688 3045 773 3098 vir
810 3042 1086 3105 eruditus,
1128 3042 1276 3110 quod
1325 3039 1642 3111 patriarcha
1692 3037 1981 3093 Anatolius

2077 484 2423 555 Nicephorus
2478 480 2797 554 patriarcha
2879 476 3554 547 Constantinopolitanus,
3604 477 3657 530 iu

2077 576 2342 643 Historia,
2373 591 2543 648 agens
2563 577 2633 631 de
2656 572 2930 628 Avaribus
2953 573 3104 628 circa
3128 571 3327 625 urbem
3349 570 3620 640 dispersis
3637 609 3656 636 ,

2078 671 2329 728 Heraclio
2351 671 2656 742 imperante
2681 688 2694 724 :
2721 669 2832 724 Καὶ
2852 669 3008 742 μόλις
3030 666 3168 737 πρὸς
3187 667 3248 718 τὸ
3270 665 3455 718 πεδίον
3472 663 3533 717 τὺ
3555 664 3657 733 πρὸ

2075 767 2180 835 τῆς
2226 765 2459 830 πόλεως,
2515 763 2543 817 ὅ
2611 763 2887 834 Ἐὀδομον
2948 761 3202 823 καλοῦσι,
3255 758 3659 822 καταλαϐόντες

2081 856 2386 929 ἱδρύσαντο,
2427 854 2582 910 ἔνθεν
2629 854 2687 908 δέ
2737 872 2798 908 τε
2849 854 3244 917 σκεδαννύντες
3296 854 3427 924 ἄχρι
3456 854 3553 906 καὶ
3577 853 3656 914 εἰς

2074 946 2174 1001 τοῦ
2228 946 2548 1018 Βαρνύσσου
2598 945 2853 1015 ποταμοῦ
2888 948 3159 1018 γέφυραν.
3212 946 3290 999 Ex
3340 944 3448 1000 hoc
3495 943 3660 999 unico

2077 1049 2347 1109 praeterea
2372 1042 2495 1092 loco
2520 1046 2674 1107 patet
2693 1038 2922 1091 omnino
2956 1052 3093 1092 voce
3123 1036 3389 1091 ilcbdomi
3410 1051 3520 1089 non
3546 1049 3663 1105 scp-

2082 1131 2279 1187 timum
2323 1130 2393 1185 ab
2441 1129 2581 1186 urbe
2628 1129 2887 1195 milliare,
2910 1129 3010 1185 sed
3044 1128 3314 1199 Campum
3356 1131 3425 1183 ad
3466 1127 3660 1182 urbem

2079 1222 2384 1293 indigitari,
2424 1237 2589 1292 quem
2623 1236 2970 1290 occupavere
2999 1221 3208 1275 Avares
3236 1220 3432 1274 urbem
3466 1220 3661 1274 obses-

2079 1317 2219 1380 suri,
2266 1330 2441 1385 usque
2467 1314 2534 1369 ad
2567 1314 2824 1385 Barnyssi
2855 1313 3006 1368 ﬂuvii
3034 1324 3256 1385 pontem
3280 1331 3294 1367 :
3318 1316 3414 1384 qui
3451 1313 3662 1368 scilicet

2079 1407 2282 1463 ﬂuvius
2320 1406 2527 1477 Campo
2561 1407 2852 1462 Hebdomo
2882 1408 3156 1478 appellato
3183 1407 3492 1478 adjacebat.
3553 1406 3660 1460 Sed

2080 1499 2219 1569 quin
2274 1499 2424 1553 idem
2465 1497 2708 1567 Campus
2745 1496 3018 1552 Hebdomi
3059 1498 3306 1566 proxime
3350 1496 3478 1551 urbi
3509 1496 3660 1567 adja-

2082 1590 2300 1652 Cttcril,
2353 1590 2680 1658 scrupulum
2732 1603 2953 1643 onmem
3009 1588 3204 1643 eximit
3259 1583 3661 1660 Euchologium

2083 1680 2269 1761 Goari,
2303 1695 2429 1751 pag.
2479 1678 2603 1746 8l0,
2636 1678 2730 1733 ubi
2768 1678 3108 1734 describitur
3139 1679 3273 1750 εὐχὴ
3300 1679 3570 1750 λεγομένη
3602 1681 3663 1731 ὲν

2004 1789 2051 1850 Β
2077 1772 2200 1842 λιτῇ
2226 1772 2497 1843 γενομένῃ
2517 1770 2607 1824 διὰ
2625 1772 2760 1840 φόὂο
2774 1794 2788 1820 ι
2808 1773 2888 1834 εἰς
2904 1771 2995 1823 τὸν
3015 1772 3275 1841 Κάμπον,
3292 1772 3377 1832 εἰς
3395 1772 3487 1823 τὸν
3504 1770 3663 1840 ἅγιον

2080 1864 2356 1935 Διομήδην
2387 1863 2694 1933 ὲξὼπορτα,
2740 1863 2835 1916 καὶ
2884 1865 2965 1927 εἰς
2995 1862 3093 1934 τὴν
3142 1863 3380 1917 παλαιὰν
3432 1864 3659 1934 πέτραν.

2082 1954 2424 2024 Supplicatio
2453 1955 2625 2025 igitur
2653 1954 2818 2009 ﬁebat
2841 1971 2872 2009 a
2908 1954 3111 2019 Tauro,
3145 1970 3244 2010 seu
3271 1970 3301 2009 a
3327 1955 3449 2009 foro
3471 1950 3662 2018 Tauri,

2085 2045 2153 2099 ad
2188 2045 2361 2100 aedem
2401 2043 2457 2099 S.
2502 2045 2785 2099 Diomedis
2821 2053 2979 2099 extra
3024 2054 3266 2115 portam,
3308 2055 3365 2100 et
3410 2046 3479 2100 ad
3515 2053 3666 2100 vete—

2082 2150 2199 2189 rem
2247 2134 2488 2201 Petram,
2544 2152 2709 2206 quam
2749 2137 3075 2208 Anonymus
3123 2135 3565 2193 Combelisianus
3605 2137 3664 2190 in

2082 2226 2436 2282 Constantini
2458 2228 2922 2300 Porphyrogeniti
2946 2229 3088 2295 Vita,
3111 2231 3174 2282 τὸ
3202 2230 3440 2283 παλαιὸν
3470 2230 3666 2301 iterin

2083 2325 2263 2372 vocat.
2284 2317 2477 2387 Neque
2504 2318 2611 2372 alia
2634 2327 2719 2373 est
2754 2319 2912 2389 εὐχὴ,
2945 2333 3068 2389 quae
3097 2333 3222 2391 pag.
3243 2333 3361 2389 seq.
3386 2320 3442 2374 in
3464 2319 3661 2375 eodem

2083 2408 2427 2478 Euchologio
2480 2409 2738 2482 habetur,
2776 2412 2946 2466 hocce
2991 2411 3290 2466 lemmate:
3330 2412 3486 2477 τάξις
3515 2427 3666 2479 γινο-

2090 2505 2228 2574 μένη
2257 2504 2323 2556 ὲν
2353 2504 2434 2575 τῷ
2479 2504 2852 2575 Τριεουναλιῳ
2879 2508 2938 2558 ἐν
2965 2507 3087 2569 ταῖς
3114 2504 3174 2570 ἐξ
3215 2505 3374 2569 ἔθους
3426 2507 3668 2576 ἀπερχο-

2089 2594 2281 2665 μέναις
2321 2597 2506 2649 ἐκεῖσε
2554 2596 2749 2660 λιταῖς.
2792 2597 2893 2654 Ubi
2929 2598 3232 2654 observare
3257 2598 3388 2653 licet
3444 2598 3666 2654 litanias

2088 2689 2403 2758 promiscue
2427 2686 2539 2742 dici
2580 2688 2756 2743 factas
2787 2691 2840 2743 in
2872 2689 3081 2760 Campo
3124 2700 3183 2745 et
3223 2689 3510 2745 tribunali.
3552 2688 3664 2746 Sed

2085 2794 2270 2849 neque
2298 2779 2466 2833 etiam
2495 2778 2714 2834 diversa
2748 2780 2966 2835 videtur
3001 2781 3106 2835 ista
3134 2780 3465 2851 supplicatio
3486 2780 3556 2835 ah
3572 2794 3664 2846 ea,

2086 2871 2245 2942 cujus
2274 2870 2571 2941 quotannis
2600 2871 2921 2924 memoriam
2957 2870 3223 2926 celebrari
3257 2872 3317 2925 ὲν
3340 2870 3419 2937 τῷ
3440 2870 3667 2942 Κάμπῳ

2085 2965 2464 3029 λιτανεύοντος
2520 2964 2618 3017 τοῦ
2667 2964 2823 3029 λαοῦ,
2873 2964 2948 3019 ob
3002 2974 3163 3020 terra:
3204 2975 3417 3020 motum
3465 2965 3560 3035 qui
3600 2965 3668 3019 l5

2087 3057 2328 3127 Augusti
2363 3072 2511 3111 anno
2552 3057 2619 3109 27
2659 3054 2958 3111 Justiniani
2986 3056 3211 3123 accidit,
3248 3057 3446 3112 scribit
3474 3056 3663 3112 Theo-

407 3153 574 3193 eurru
606 3145 799 3190 vectus
821 3134 1277 3203 supplicationem
1315 3133 1644 3199 instituerit,
1696 3131 1823 3185 inde
1846 3132 1982 3186 satis
2008 3138 2050 3195 c
2085 3148 2296 3216 phanes
2323 3161 2378 3201 θι
2402 3164 2472 3203 εχ
2501 3163 2567 3203 eo
2619 3146 2907 3203 Cedrenus
2951 3155 3010 3201 ει
3047 3145 3288 3218 symeon
3332 3146 3666 3217 ιοεοιιιειε,

407 3237 594 3298 patere
622 3227 837 3296 longius
870 3226 1040 3279 fuisse
1087 3224 1213 3288 iter,
1265 3241 1428 3294 quam
1479 3234 1536 3278 ut
1561 3228 1629 3278 ad
1670 3239 1983 3293 proximum

409 3318 530 3372 urbi
562 3331 819 3384 campum
844 3313 1013 3367 fuerit
1044 3327 1424 3382 processurus.
1452 3312 1591 3366 Nam
1616 3320 1983 3381 praeterquam

405 3409 557 3479 quod
587 3409 639 3462 id
665 3408 871 3462 factum
899 3420 1043 3459 more
1086 3407 1452 3476 episcoporum
1500 3406 1642 3457 urbis
1687 3405 1845 3474 regia:
1875 3412 1987 3456 tra-

406 3504 547 3555 dunt
578 3499 743 3554 iidem
772 3500 1095 3568 scriptores,
1124 3499 1291 3552 etiam
1320 3498 1376 3550 in
1400 3496 1540 3550 urbe
1576 3495 1683 3550 hoc
1713 3503 1982 3564 apparatu

407 3593 626 3646 litanias
642 3591 947 3645 instituisse
965 3589 1309 3658 patriarchas
1324 3590 1585 3659 colligere
1602 3597 1689 3643 est
1705 3604 1773 3642 ex
1788 3587 1984 3642 eodem

409 3682 745 3751 Theophane
777 3697 867 3736 an.
914 3682 972 3735 ll
1003 3681 1340 3735 Justiniani:
1385 3683 1494 3733 Καὶ
1532 3680 1759 3746 ἐξῆλθεν
1792 3681 1824 3749 ή
1863 3680 1985 3749 λιτὴ

407 3775 505 3844 τῆς
521 3774 631 3828 ἀπὸ
642 3774 832 3841 Ἀγίας
863 3773 1245 3837 Ἀναστασὶας,
1270 3773 1580 3843 καθημένου
1599 3772 1760 3842 Μηνᾶ
1771 3772 1865 3824 τοῦ
1886 3789 1988 3824 πα-

407 3867 668 3936 τριάρχου
693 3867 751 3918 ὲν
781 3866 859 3934 τῷ
893 3863 1158 3933 βασιλικῷ
1188 3864 1448 3933 ὀχήματι,
1469 3864 1564 3916 καὶ
1595 3865 1690 3914 τοῦ
1722 3861 1986 3931 βασιλέως

411 3954 889 4017 συλλιτανεύοντος
912 3954 991 4024 τῷ
1018 3953 1154 4023 λαῷ.
1187 3953 1257 4008 Et
1285 3969 1376 4007 an.
1409 3954 1520 4008 25:
1558 3955 1670 4007 Καὶ
1711 3953 1927 4022 διῆλθεν
1958 3953 1987 4005 ὁ

411 4045 708 4110 ἐπίσκοπος
723 4047 920 4118 Μηνᾶς
935 4047 1075 4116 μετὰ
1086 4046 1194 4099 τῶν
1210 4046 1381 4114 ἁγίων
1393 4045 1664 4114 λειψάνων
1677 4046 1985 4115 καθήμενος

407 4143 468 4194 ἐν
504 4141 741 4211 ὀχήματι
774 4138 964 4211 χρυσῷ
1010 4138 1279 4209 βασιλικῷ
1327 4139 1574 4209 διαλίθῳ,
1622 4137 1846 4208 κρατῶν
1884 4137 1984 4199 τὰς

407 4236 559 4305 τρεῖς
598 4234 775 4305 θήκας
819 4233 928 4286 τῶν
968 4233 1143 4301 ἁγίων
1177 4232 1520 4285 ’Δποστόλων
1564 4233 1643 4296 εις
1673 4231 1745 4284 τὰ
1776 4229 1984 4300 γόνατα

407 4325 601 4392 αὑτοῦ,
625 4329 719 4380 καὶ
745 4325 920 4390 οὕτως
956 4327 1183 4396 εποίησε
1208 4326 1278 4378 τὰ
1306 4325 1583 4393 ὲγκαίνια,
1609 4324 1820 4381 scilicet
1847 4324 1984 4379 aedis

409 4419 510 4474 SS.
538 4419 949 4490 Apostolorum.
993 4418 1147 4473 Idem
1176 4417 1547 4487 Theophanes
1595 4432 1687 4472 an.
1732 4417 1806 4471 25
1838 4418 1984 4488 ejus-

408 4513 532 4564 dem
593 4511 868 4581 Augusti:
933 4510 1195 4578 Γεγόνασι
1243 4512 1313 4562 τὰ
1367 4510 1624 4577 ὲγκαίνια
1667 4511 1771 4580 τῆς
1816 4511 1981 4579 ἁγίας

409 4604 646 4673 Εἰρήνης
664 4605 840 4673 πέραν
857 4604 916 4654 ὲν
935 4603 1156 4665 Συκαῖς,
1174 4602 1270 4654 καὶ
1285 4601 1508 4671 ἐξῆλθεν
1524 4604 1594 4655 τὰ
1604 4602 1735 4671 ἅγιοι
1752 4602 1984 4672 λείψανα

292 4710 302 4719 ·
410 4696 476 4747 ὲκ
499 4694 595 4761 τῆς
627 4693 890 4762 Μεγάλης
920 4693 1217 4763 ἐκκλησίας
1275 4696 1414 4764 μετὰ
1453 4695 1564 4747 τῶν
1591 4693 1685 4745 δύο
1708 4710 1983 4764 πατριαρ-

409 4784 521 4854 χῶν
553 4784 716 4854 Μηνᾶ
748 4782 846 4852 τῆς
871 4784 994 4838 ΚΠ.
1027 4784 1123 4837 καὶ
1164 4784 1573 4854 ’Δπολλιναρίου
1607 4784 1710 4855 τῆς
1737 4784 1986 4849 Ἀλεξαν-

408 4875 618 4947 δρείας,
656 4876 752 4930 καὶ
804 4874 1071 4930 ἐκάθισαν
1117 4877 1422 4948 ἀμφότεροι
1485 4878 1544 4928 ὲν
1590 4877 1669 4947 τῷ
1713 4875 1984 4947 βασιλικῷ

409 4969 670 5039 ὀχήματι,
707 4967 1031 5038 κατέχοντες
1058 4970 1117 5023 ὲν
1142 4952 1257 5032 τοῖς
1289 4969 1517 5037 γόνασιν
1547 4968 1728 5023 αὐτῶν
1752 4969 1819 5022 τὰ
1849 4969 1986 5036 ἅγια

409 5060 661 5130 λείψανα,
688 5072 799 5115 etc.
832 5059 1082 5129 Denique
1109 5061 1255 5115 idem
1278 5059 1529 5127 Scriptor
1551 5072 1697 5115 anno
1731 5057 1800 5114 56
1833 5058 1984 5128 ejus-

370 5166 374 5169 ‘
411 5156 536 5210 dem
591 5153 963 5223 imperatoris,
992 5154 1087 5209 ubi
1130 5153 1199 5209 de
1246 5153 1501 5209 fecundis
1542 5152 1803 5208 Enceniis
1848 5151 1983 5207 tedis

412 5244 740 5316 Sophianat:
810 5245 872 5296 'H
925 5243 982 5297 δὲ
1022 5247 1285 5315 παννυχὶς
1328 5244 1437 5299 τῶν
1473 5242 1651 5297 αὐτῶν
1689 5242 1984 5313 ὲγκαινίων

409 5342 635 5409 γέγονεν
669 5340 750 5404 εὶς
779 5338 871 5390 τὸν
894 5334 1050 5404 ἅγιον
1077 5336 1362 5403 Πλάτωνα,
1394 5335 1491 5392 καὶ
1514 5334 1739 5407 ἐξῆλθεν
1767 5336 1982 5390 ἐκεῖθεν

409 5433 438 5483 ὀ
460 5429 804 5501 πατριάρχης
823 5428 946 5483 ΚΠ.
966 5427 1226 5500 Εὑτύχιος
1247 5429 1390 5500 μετὰ
1413 5429 1511 5500 τῆς
1525 5429 1701 5499 λιτῆς,
1723 5446 1983 5499 συμπαρ-

409 5522 563 5584 όντος
621 5522 718 5573 καὶ
760 5519 859 5573 τοῦ
923 5520 1216 5591 βασιλέως,
1260 5518 1626 5593 καθεζόμενος
1656 5523 1715 5575 ὲν
1752 5519 1830 5591 τῷ
1854 5520 1987 5591 ὀχή-

416 5628 567 5681 ματι,
589 5612 685 5665 καὶ
718 5611 902 5682 φορῶν
935 5612 997 5665 τὸ
1027 5612 1385 5668 ἁποστολικὸν
1407 5615 1613 5684 σχῆμα,
1647 5611 1739 5667 καὶ
1764 5612 1985 5683 κρατῶν

411 5704 473 5758 τὸ
504 5704 656 5773 ἅγιον
682 5706 1031 5776 Εὐσγγέλιον.

2090 3239 2182 3294 Sic
2224 3240 2281 3293 in
2326 3238 2584 3295 Chronico
2632 3238 3021 3304 Alexandrino,
3072 3253 3163 3293 an.
3226 3240 3251 3293 1
3324 3239 3559 3294 Heraclii
3609 3240 3668 3294 in

2090 3341 2250 3386 terra:
2284 3344 2434 3387 motu
2486 3335 2580 3403 qui
2616 3333 2819 3388 accidit
2852 3333 2923 3387 20
2961 3334 3180 3404 Aprilis,
3222 3332 3379 3404 λιτήν
3409 3331 3671 3401 γενέσθαι

2087 3426 2168 3487 εις
2200 3426 2293 3477 τὸν
2328 3426 2584 3494 Κάμπον,
2618 3425 2718 3479 καὶ
2738 3424 3015 3494 ψαλθῆναι
3057 3425 3119 3478 τὺ
3150 3425 3194 3476 Τ
3200 3425 3450 3494 ρισάγιον
3469 3423 3669 3478 decre-

2089 3527 2205 3572 tum
2251 3517 2473 3589 legitur.
2532 3519 2835 3573 Enimvero
2895 3532 3059 3573 nemo
3089 3519 3217 3583 erit,
3286 3515 3507 3586 opinor,
3567 3515 3667 3585 qui

2087 3609 2233 3678 quod
2267 3609 2414 3664 nude
2463 3609 2669 3665 dicitur
2699 3625 2823 3666 esse
2866 3620 3021 3665 extra
3061 3622 3274 3681 portam
3301 3650 3318 3678 ,
3372 3609 3442 3665 ad
3493 3611 3672 3679 septi-

2090 3718 2239 3757 mum
2274 3704 2512 3759 milliare
2539 3703 2822 3759 exstitisse
2853 3705 2989 3759 velit
3031 3719 3303 3769 asserere,
3350 3703 3457 3758 nisi
3499 3706 3672 3757 etiam

2091 3796 2220 3851 velit
2243 3796 2473 3851 Romam
2501 3796 2611 3850 dici
2634 3795 2912 3852 exstitisse
2957 3803 3115 3852 extra
3165 3795 3318 3851 urbis
3344 3794 3672 3851 Constanti-

2088 3889 2423 3958 nopolitanae
2468 3897 2682 3958 portas.
2712 3890 2965 3946 Meminit
3015 3890 3258 3961 denique
3286 3890 3432 3946 idem
3482 3891 3675 3945 Theo-

2087 3980 2300 4049 phanes
2321 3995 2467 4034 anno
2489 3980 2558 4034 36
2595 3981 2897 4037 Justiniani
2922 3982 3344 4052 supplicationis
3362 3982 3431 4037 ad
3457 3980 3517 4036 S.
3543 3980 3678 4035 Dio-

2088 4072 2475 4138 medisazdem,
2500 4072 2753 4127 scribens
2772 4072 3106 4144 Eutychium
3131 4072 3523 4142 patriarcham,
3541 4088 3673 4129 cum

2089 4180 2277 4220 mense
2302 4165 2570 4235 Augusto,
2604 4165 2723 4220 solo
2745 4164 2964 4236 vigente
2988 4166 3161 4220 Borea
3193 4181 3259 4220 ac
3288 4165 3477 4229 ﬂante,
3506 4167 3676 4221 navi-

2085 4258 2173 4327 gia
2199 4257 2265 4311 ad
2299 4256 2491 4310 urbem
2518 4271 2628 4335 non
2665 4266 2895 4326 possent
2919 4257 3202 4322 accedere,
3232 4255 3384 4321 λιτάς
3416 4257 3676 4311 ἐκϐαλεῖν

2087 4355 2166 4414 εἰς
2206 4350 2584 4421 Ἰερουσαλὴμ,
2614 4349 2761 4403 τοῦτ’
2793 4349 2909 4406 ἔστι
2937 4353 3019 4414 εἰς
3056 4350 3147 4405 τὸν
3181 4350 3338 4418 ἅγιον
3368 4352 3676 4422 Διομήδην.

2014 4472 2058 4527 D
2086 4441 2164 4495 Ex
2199 4440 2404 4510 quibus
2429 4440 2695 4496 docemur
2723 4441 2868 4496 hanc
2896 4442 2954 4497 S.
3012 4442 3290 4498 Diomedis
3319 4442 3519 4508 aedem,
3548 4460 3678 4515 quae

2087 4543 2243 4587 extra
2288 4541 2504 4603 portam
2544 4532 2700 4587 urbis
2763 4540 2905 4597 erat,
2946 4532 3255 4588 Jerusalem
3309 4534 3675 4604 appellatam,

2086 4629 2363 4699 aliamque
2407 4629 2579 4683 fuisse
2622 4629 2694 4685 ab
2738 4629 2856 4688 aede
2899 4628 2958 4684 S.
3004 4629 3304 4693 Diomedis,
3351 4646 3478 4701 quae
3510 4643 3679 4686 antea

2087 4719 2145 4774 S.
2192 4719 2327 4775 Elia:
2362 4720 2808 4791 nuncupabatur,
2854 4731 2916 4777 ut
2951 4729 3183 4777 testatur
3212 4722 3452 4793 Symeon
3490 4722 3677 4792 Logo—

2089 4811 2240 4866 theta
2293 4814 2347 4865 in
2382 4811 2650 4867 Michaele
2696 4823 2755 4868 et
2799 4811 3113 4879 Theodora,
3157 4823 3214 4867 et
3267 4813 3415 4869 intra
3473 4815 3677 4870 urbem

2089 4913 2230 4970 erat,
2255 4904 2323 4960 ad
2353 4915 2570 4976 portam
2619 4906 2778 4962 urbis
2822 4910 3085 4964 Auream.
3131 4907 3453 4964 Monasterii
3504 4927 3680 4981 porro

2088 4996 2395 5052 Jerusalem
2444 4996 2708 5067 appellati
2750 4996 2982 5053 abbates
3047 4998 3302 5051 conciliis
3344 4998 3680 5056 Constanti-

2086 5088 2273 5161 nopoli
2322 5087 2648 5145 interfuisse
2704 5089 2837 5143 alibi
2892 5089 3251 5144 observamus
3294 5107 3307 5143 :
3362 5106 3491 5147 nam
3541 5109 3679 5148 cum

2087 5180 2244 5248 prius
2267 5178 2537 5234 catholica
2563 5188 2711 5234 esset
2748 5179 3005 5244 ecclesia,
3038 5195 3134 5245 seu
3186 5182 3444 5250 plebalis,
3476 5200 3684 5241 mona-

2088 5273 2209 5327 chis
2264 5282 2349 5328 est
2391 5272 2683 5327 attributa.
2727 5271 3055 5329 Consimiles
3111 5275 3247 5330 alias
3295 5277 3355 5331 in
3398 5278 3682 5350 Campum

2088 5364 2358 5420 Hebdomi
2413 5365 2700 5421 institutas
2745 5365 2968 5422 litanias
3014 5367 3084 5421 ob
3134 5375 3296 5423 terra;
3325 5381 3535 5437 motus,
3586 5374 3682 5428 Vel

2090 5456 2162 5511 ob
2207 5456 2342 5510 alias
2388 5457 2611 5527 quasvis
2661 5457 3027 5522 calamitates,
3082 5457 3292 5513 habent
3338 5463 3680 5531 scriptores,

2087 5562 2151 5603 ac
2179 5549 2486 5618 praesertim
2532 5549 2678 5605 illam
2703 5548 2772 5605 de
2794 5567 2901 5622 qua
2927 5551 3214 5607 Cedrenus
3239 5552 3356 5624 agit
3379 5555 3433 5609 in
3450 5556 3683 5612 Justiuo

2088 5642 2330 5706 seniore,
2362 5657 2525 5712 quem
2554 5654 2817 5715 percepto
2850 5657 3010 5701 terrae
3036 5657 3191 5700 motu
3232 5663 3445 5703 eversa:
3469 5648 3687 5705 Antio-

2090 5734 2229 5789 chia:
2269 5735 2466 5791 nuntio
2513 5736 2777 5808 lugubres
2824 5747 3008 5796 vestes
3052 5739 3299 5797 induisse
3348 5742 3571 5810 scribit,
3624 5754 3686 5799 et
