3942 6250
193 308 303 372 393

1475 294 1574 358 DE
1612 296 1981 359 HERDOth
2015 297 2126 358 (ΣΡ.

3350 299 3456 363 394

191 412 487 493 Byzantios
536 429 636 484 per
693 421 903 482 septem
955 408 1075 465 dies
1142 407 1223 470 εἷς
1270 405 1376 478 πρὸ
1420 407 1517 477 τῆς
1565 405 1767 469 πόλεως

1882 406 2128 460 Romano
2194 403 2503 477 Lacapeno,
2573 404 2844 479 Symeone
2910 404 3270 480 Bulgarorum
3330 426 3458 481 rege

205 512 392 565 πεδίον
427 506 569 561 ἑπτὰ
624 503 877 575 σημείοις
923 502 1130 571 ἀπέχον
1182 499 1401 553 litanias
1442 497 1771 552 instituisse.

193 601 314 670 Qua
348 599 573 670 quidem
622 592 884 663 loquendi
911 591 1148 646 formula
1183 604 1318 644 usus
1361 595 1448 643 est
1489 587 1774 643 Cedrenus

195 701 424 762 recepta
466 688 612 758 apud
674 684 896 741 Graecos
946 692 1005 738 et
1038 683 1267 737 Latinos
1318 682 1618 751 scriptores
1675 681 1772 750 qui

192 784 398 853 lingua:
439 776 718 835 venustati
764 774 1108 830 studebant:
1157 771 1307 842 quod
1343 772 1480 826 satis
1525 770 1610 824 vel
1644 769 1772 825 inde

192 875 486 946 percipere
517 880 624 933 est,
670 866 819 938 quod
853 866 1040 922 statim
1088 866 1257 920 addat
1304 878 1556 933 campum
1596 863 1773 917 exsti-

194 967 329 1022 tisse
364 964 473 1034 πρὸ
501 962 603 1031 τῆς
640 960 873 1022 πόλεως.
901 957 1091 1028 Neque
1119 957 1266 1012 enim
1306 969 1532 1025 campus
1566 955 1620 1008 in
1648 968 1777 1024 pro-

193 1065 388 1125 spectu
417 1052 575 1108 urbis
594 1065 715 1105 esse
738 1049 993 1119 potuit.si
1018 1049 1086 1103 ah
1114 1062 1178 1102 ea
1205 1054 1415 1115 septem
1447 1045 1775 1100 milliaribus

192 1147 429 1203 dissitus
462 1144 585 1210 fuit,
620 1158 724 1198 nec
758 1141 926 1197 indici
963 1148 1061 1195 aut
1096 1139 1214 1195 tieri
1237 1146 1465 1210 potuere
1495 1136 1772 1207 supplica-

196 1244 398 1305 tiones,
431 1242 609 1310 neque
656 1237 813 1310 plebs
856 1234 1136 1291 continuis
1180 1244 1393 1303 septem
1423 1232 1619 1288 diebus
1648 1247 1776 1286 ora-

194 1334 369 1389 tionis
387 1332 561 1404 gratia
595 1330 663 1385 ad
693 1330 993 1400 septimum
1022 1330 1092 1384 ab
1127 1329 1266 1383 urbe
1312 1327 1547 1383 milliare
1581 1332 1776 1397 proce-

189 1430 329 1485 dere
362 1426 534 1498 (quod
569 1426 732 1481 velim
765 1426 914 1479 serio
944 1424 1199 1479 attendat
1241 1424 1326 1476 vir
1357 1420 1598 1493 dottus),
1632 1437 1773 1492 quo-

193 1521 328 1575 tidie
383 1518 452 1573 ad
493 1518 691 1573 urbem
734 1516 818 1570 vel
847 1514 917 1571 ad
963 1512 1123 1569 urbis’
1160 1514 1409 1585 proxima
1460 1527 1771 1570 reversura.

191 1612 339 1668 Urbs
373 1610 710 1667 Parisiorum
736 1618 897 1663 terra:
928 1616 1082 1663 motu
1101 1622 1369 1662 concussa
1394 1604 1587 1672 fuerit,
1620 1607 1773 1662 cives

189 1718 261 1757 ne
289 1702 497 1757 aedium
548 1700 709 1754 ruina
754 1699 1079 1764 obruantur,
1134 1697 1405 1753 Versalias
1431 1712 1554 1753 sese
1587 1695 1775 1752 confe-

1877 499 1944 553 ad
2006 498 2200 553 urbem
2255 514 2380 554 cum
2441 499 2624 555 valido
2672 500 2919 556 exercitu
2978 501 3277 569 tendente,
3332 519 3457 559 eam

1876 603 2292 662 oppugnatum,
2350 592 2659 649 Romanum
2723 595 3151 666 imperatorem,
3209 612 3279 653 ne
3333 613 3458 668 quae

1875 695 2001 741 ante
2027 686 2220 741 urbem
2248 697 2410 741 erant
2436 688 2780 744 amoenitates
2803 690 2872 745 ab
2900 690 3058 746 hoste
3083 700 3455 757 vastarentur,

1874 780 2061 849 cepias
2088 794 2216 834 suas
2245 789 2399 833 extra
2434 779 2637 834 mmnia
2664 780 2927 838 eduxisse
2971 803 2984 838 :
3037 783 3096 837 Ὀ
3135 781 3364 853 Συμεὼν
3397 774 3456 839 δὲ

1875 863 2020 927 κατᾶ
2074 873 2174 942 τῆς
2222 873 2435 936 πόλεως
2484 874 2763 945 ἐκπέμπει
2805 877 3073 946 στρατόν*
3106 876 3197 930 ἵνα
3247 876 3304 930 δὲ
3355 877 3454 949 μὴ,

1875 962 2124 1023 ἐλθόντες
2170 963 2266 1024 τὰς
2308 962 2409 1032 τῆς
2472 963 2576 1034 πρὸ
2629 967 2727 1034 τῆς
2804 964 3011 1029 πόλεως
3067 952 3456 1039 διαφθείρωσιν

1874 1054 1969 1126 ἀγ)
1982 1056 2126 1120 αῖας,
2149 1054 2242 1108 ἕπε
2254 1055 2361 1125 μψε
2387 1055 2480 1109 καὶ
2500 1055 2529 1108 ὁ
2555 1054 2830 1125 Ῥωμανὸς
2853 1057 2978 1121 τοὺς
2995 1058 3455 1130 ἀντιταξαμένους

1875 1145 2039 1218 αὐτῷ.
2058 1147 2247 1218 Neque
2265 1147 2421 1202 aliter
2438 1147 2802 1202 Continuator
2816 1148 3063 1220 ejusdem
3077 1148 3453 1222 Theophanis.

1874 1239 1972 1294 lib.
2006 1255 2089 1305 lli,
2126 1255 2184 1294 ιι.
2215 1240 2269 1306 4,
2302 1238 2433 1295 dum
2469 1239 2662 1295 scribit
2695 1238 3064 1310 Theophilum
3098 1242 3231 1312 imp.
3268 1244 3454 1313 palatii

1875 1346 2064 1386 muros
2104 1330 2410 1396 excedisse,
2461 1338 2522 1386 ut
2565 1330 2706 1386 liber
2734 1340 2881 1387 esset
2911 1331 2968 1386 in
3019 1331 3172 1388 urbis
3204 1337 3455 1404 proxima

1875 1430 2224 1494 prospectus,
2281 1429 2447 1493 atque
2488 1422 2630 1478 adeo
2679 1423 2732 1478 in
2787 1425 2962 1494 ipsam
3014 1423 3403 1496 Propontidem
3440 1447 3457 1482 :

1877 1515 2039 1570 Ὅθεν
2065 1516 2160 1571 ὲπί
2187 1533 2311 1570 τινα
2341 1518 2449 1570 τῶν
2494 1516 2793 1588 ὀφθαλμῶν
2840 1518 3089 1574 ἑστίασιν
3120 1521 3188 1576 τὰ
3222 1520 3326 1590 πρὸ
3358 1523 3454 1592 τῆς

1874 1607 2084 1673 πόλεως
2127 1609 2342 1680 ἔχοντα.
2377 1607 2452 1672 ὡς
2509 1609 2604 1662 ἐπὶ
2640 1610 2700 1663 τὸ
2740 1608 2992 1663 πλεῖστον
3023 1612 3102 1676 είς
3141 1613 3312 1668 ἑαυτὰ
3351 1631 3454 1668 κα-

1873 1698 2028 1754 λοῦσι
2056 1700 2182 1765 τοὺς
2213 1700 2473 1771 βασιλεῖς,
2498 1701 2566 1755 τὰ
2595 1702 2730 1774 πρὸς
2760 1701 2860 1774 τὴν
2895 1702 3174 1759 Θάλασσαν
3201 1703 3296 1760 τοῦ
3330 1726 3453 1761 πα·-

196 1805 323 1849 rent
353 1812 368 1848 :
399 1803 457 1848 et
500 1792 547 1848 si
593 1791 828 1862 publicae
861 1790 1177 1845 indicantur
1208 1789 1660 1859 supplicationes,
1705 1788 1767 1843 ad

1874 1790 2063 1845 λατίου
2094 1793 2248 1862 τείχη
2297 1792 2407 1846 τῶν
2436 1793 2682 1864 ἀρχαίων
2735 1794 3006 1865 θεμελίων
3038 1793 3195 1862 οὗτος
3240 1816 3452 1870 παρεκ-

191 1894 307 1939 tres
340 1894 440 1938 aut
473 1891 713 1953 quatuor
757 1881 947 1936 leucas
989 1880 1240 1950 quotidie
1284 1880 1547 1935 secedent
1588 1895 1774 1935 rever-

190 1975 348 2028 suri?
407 1989 479 2027 an
521 1972 720 2043 aliquis
755 1987 900 2027 sanae
934 1972 1144 2027 mentis
1175 1972 1227 2025 id
1262 1971 1369 2026 sibi
1406 1971 1775 2042 persu::deat?

189 2064 244 2119 In
271 2065 433 2120 urbis
455 2072 607 2120 certe
637 2063 836 2118 vicinis
859 2063 999 2118 locis
1025 2064 1264 2118 tentoria
1292 2063 1630 2134 explicuisse
1659 2078 1771 2118 non

188 2158 488 2212 abnuerim
538 2156 594 2210 in
639 2156 913 2226 ejusmodi
954 2165 1112 2211 terrae
1157 2166 1404 2212 motuum
1438 2156 1768 2223 terroribus;

186 2252 454 2320 civesque
473 2261 625 2305 extra
651 2249 871 2315 urbem,
901 2265 1011 2303 non
1034 2264 1166 2304 vero
1179 2250 1244 2303 ad
1269 2250 1563 2320 septimum
1596 2265 1772 2320 usque

186 2345 451 2406 milliare,
495 2342 842 2413 prorupisse,
888 2344 1065 2420 donec
1111 2342 1149 2398 ii
1197 2343 1557 2400 desinerent:
1609 2353 1669 2399 ut
1715 2345 1770 2398 in

188 2443 352 2490 terra:
399 2447 592 2499 motu,
637 2433 732 2504 qui
777 2417 981 2488 accidit
1031 2433 1063 2488 9
1111 2433 1638 2502 Februarii,indict.
1680 2437 1769 2500 ιδ,

185 2540 335 2581 anno
367 2526 430 2577 ιο
449 2523 803 2579 Constantini
833 2533 890 2579 et
918 2524 1126 2589 lrenes,
1154 2540 1286 2594 quo,
1329 2537 1392 2579 ut
1420 2526 1499 2580 ait
1529 2524 1769 2598 Symeon

186 2620 498 2692 Logotheta
543 2620 598 2675 in
635 2621 844 2675 Chron.
880 2634 985 2675 ms.
1028 2627 1084 2674 et
1116 2618 1506 2689 Theophanes,
1546 2620 1769 2690 σεισμὸς

187 2720 390 2784 γέγονε
433 2714 837 2784 φοϐερώτατος,
868 2711 1008 2766 ὥστε
1052 2712 1148 2766 καὶ
1184 2711 1260 2782 μὴ
1288 2710 1599 2782 τολμῶντός
1621 2728 1769 2774 τινος

183 2808 247 2858 ὲν
275 2806 419 2873 οἴκῳ
446 2805 806 2877 καθευδῆσαι,
837 2804 977 2858 ἀλλὰ
1027 2804 1238 2867 πάντας
1269 2804 1351 2867 είς
1381 2804 1509 2867 τοὺς
1532 2805 1765 2873 κήπους,

183 2901 285 2952 καὶ
328 2900 404 2953 τὰ
444 2899 648 2970 ἑξάερα
704 2899 913 2969 σκηνὰς
966 2899 1300 2968 ποιήσαντας
1342 2897 1592 2965 διάγειν·
1629 2898 1664 2968 ἡ
1711 2897 1767 2949 δὲ

186 2989 487 3060 βασίλισσα
523 2992 640 3061 ἄρα
664 2989 742 3060 τῷ
781 2988 880 3060 υἱῷ
921 2991 1091 3061 αὐτῆς
1125 2988 1352 3059 ἐξῆλθεν
1378 2991 1435 3040 ὲν
1472 2988 1553 3059 τῷ
1589 2986 1765 3058 Ἀγίῳ

184 3083 484 3153 blattam,
552 3084 619 3137 ad
687 3083 951 3153 palatium
999 3081 1255 3147 scilicet,
1312 3078 1462 3150 quod
1498 3078 1565 3134 ad
1608 3079 1767 3134 urbis

185 3188 387 3231 muros
412 3191 613 3233 versus
646 3178 835 3231 sinum
869 3174 1193 3231 Ceratinum
1240 3185 1381 3238 erat,
1412 3173 1638 3229 secessit
1666 3173 1767 3226 im-

182 3270 478 3340 pcratrix:
517 3285 628 3340 quo
655 3253 821 3325 etiam
865 3284 987 3324 sese
1032 3267 1307 3337 recepisse
1339 3267 1577 3321 Leonem
1605 3266 1678 3321 M.
1712 3266 1768 3321 in

182 3362 362 3419 simili
395 3373 560 3418 terra!
584 3370 736 3417 motu
760 3356 955 3418 scribit
991 3360 1291 3417 Chronica):
1317 3359 1764 3414 Alexandrinum.

250 3452 348 3516 Vl.
384 3457 612 3523 Deinde,
634 3466 694 3512 ut
713 3457 971 3522 diximus,
991 3455 1086 3526 qui
1110 3453 1229 3509 ﬁeri
1254 3463 1436 3524 potest
1454 3454 1769 3524 utCampus

182 3550 293 3621 πρὸ
323 3549 427 3619 τῆς
466 3538 688 3613 ’πόλεως
733 3548 923 3613 fuerit,
971 3546 1018 3602 si
1049 3546 1117 3601 ab
1148 3562 1213 3601 ea
1261 3555 1471 3617 septem
1518 3546 1768 3601 millibus

179 3642 422 3697 dissitas
476 3639 582 3695 fuit
625 3639 786 3694 ihac
840 3648 990 3694 certe
1050 3637 1308 3707 loquendi
1365 3637 1600 3693 formula
1647 3652 1770 3707 quae

181 3734 473 3789 mmnibus
498 3733 743 3802 proxima
771 3741 899 3787 sunt
920 3741 976 3786 et
1007 3730 1064 3784 in
1099 3730 1248 3785 illius
1278 3739 1575 3801 prospectu
1602 3732 1769 3801 vulgo

180 3826 503 3896 intelligere
545 3823 842 3894 scriptores
881 3825 1059 3893 palam
1101 3832 1207 3878 est.
1248 3826 1424 3892 Atque
1460 3830 1519 3876 ut
1565 3822 1619 3877 id
1656 3838 1766 3877 uno

179 3932 279 3975 aut
343 3918 522 3973 altero
580 3917 790 3971 ﬁrmem
844 3917 985 3980 loco,
1045 3916 1239 3970 scribit
1302 3924 1496 3970 auctor
1525 3916 1769 3970 Chronici

175 4009 545 4068 Alexandrini
593 4009 1016 4066 Constantinum
1051 4010 1121 4063 Μ.
1155 4009 1455 4064 instaurata
1485 4009 1760 4080 Drepane,

175 4103 457 4175 Bithynia:
507 4102 669 4167 urbe,
719 4116 892 4171 eaque
934 4099 1254 4169 liclcnopoli
1301 4099 1371 4154 de
1424 4103 1615 4155 matris
1657 4116 1761 4155 no-

174 4198 329 4250 mine
367 4195 658 4265 appellata,
696 4194 840 4248 hanc
869 4193 1217 4264 vectigalium
1268 4193 1618 4247 immunitate
1662 4192 1763 4247 do-

173 4305 344 4344 nasse
410 4289 519 4351 ἒως
592 4287 830 4355 φανερᾶς
890 4284 1154 4355 περιοχῆς
1210 4283 1317 4355 πρὸ
1386 4284 1485 4352 τῆς
1533 4283 1763 4350 πόλεως,

170 4398 452 4453 quousque
480 4388 625 4452 patet
654 4387 777 4433 ante
807 4378 983 4432 urbem
1026 4387 1347 4448 prospectus,
1395 4377 1450 4431 in
1500 4378 1765 4432 honorem

1877 1884 2079 1953 ϐαλὼν,
2126 1884 2225 1940 καὶ
2252 1885 2388 1955 πρὸς
2421 1886 2488 1939 τὰ
2519 1887 2720 1958 ἡλιακὰ
2758 1917 2826 1929 --
2866 1891 3235 1962 παραδείσους
3281 1891 3453 1962 ἔργα.

1878 1977 2132 2047 σάμενος,
2173 1976 2383 2032 ἐκεῖθεν
2416 1978 2479 2031 τὸ
2504 1980 2695 2033 λοιπὸν
2726 1978 2796 2032 ἂν
2827 1981 3096 2053 ἐπλήρου,
3132 1985 3227 2036 καὶ
3255 1985 3451 2037 ἑαυτὴν

1875 2069 2072 2141 ἔτερπε
2114 2069 2350 2135 τούτοις,
2388 2070 2480 2124 καὶ
2528 2070 2897 2142 ἐψυχαγώγει,
2932 2074 3006 2138 ὡς
3034 2075 3093 2127 τὸ
3141 2075 3312 2138 εἰκός.
3344 2076 3449 2130 Di-

1874 2171 2064 2217 ruerat
2110 2163 2433 2234 Lacapenus
2480 2164 2673 2220 Palatii
2724 2180 2932 2231 muros,
2971 2175 3032 2221 ut
3088 2182 3279 2223 eorum
3330 2185 3453 2240 qua:

1875 2255 1980 2327 πρὸ
2009 2254 2109 2326 τῆς
2129 2254 2337 2321 πόλεως
2361 2265 2521 2313 erant
2550 2266 2849 2328 conspectu
2882 2257 3062 2313 visum
3097 2259 3409 2316 oblectaret
3436 2281 3448 2314 :

1876 2346 1949 2400 ita
2000 2357 2214 2402 exserte
2267 2347 2361 2403 hic
2409 2348 2666 2418 scriptor.
2692 2347 2798 2404 Sed
2855 2350 3006 2405 etita
3066 2351 3206 2406 hanc
3259 2369 3452 2409 vocem

1876 2448 2106 2508 usurpat
2135 2438 2534 2497 Constantinus
2560 2442 3072 2515 Porphyrogenitus
3101 2445 3154 2499 in
3187 2446 3274 2499 avi
3310 2447 3449 2514 Vita,

1873 2546 1931 2585 ιι.
1958 2531 2029 2585 2‘2
2081 2530 2343 2587 editionis
2375 2531 2783 2598 Combclisii,nt
2814 2533 2952 2589 alios
2976 2534 3248 2590 omittam.

1942 2622 2059 2677 VII.
2115 2624 2235 2678 Non
2281 2622 2420 2678 alius
2465 2623 2629 2695 igitur
2676 2623 2781 2679 fuit
2829 2623 3068 2694 Campus
3116 2625 3218 2681 iste
3266 2627 3335 2681 ab
3386 2642 3454 2683 co

1873 2717 1967 2786 qui
2005 2717 2160 2771 urbis
2191 2715 2469 2772 moenibus
2506 2717 2863 2772 terrestribus
2903 2732 3000 2771 seu
3048 2717 3454 2778 Theodosianis

1873 2811 2311 2875 obversabatur,
2366 2811 2460 2881 qui
2491 2808 2757 2865 llebdomi
2786 2824 2988 2865 nomen
3023 2810 3273 2877 retinuit,
3303 2813 3454 2882 quod

1872 2904 2016 2960 inter
2050 2906 2240 2959 urbem
2275 2911 2332 2958 et
2376 2903 2674 2973 septimum
2721 2901 2961 2958 milliare
3002 2904 3452 2972 protenderetur.

1871 2996 2334 3068 quemadmodum
2382 2995 2642 3066 planities
2689 2995 2831 3050 inter
2874 2993 3151 3051 Lutetiam
3201 3002 3258 3051 et
3315 2996 3454 3052 San-

1871 3088 2258 3159 dionysianum
2285 3087 2572 3159 oppidum,
2593 3103 2705 3143 non
2733 3087 3049 3153 Lutetiana,
3092 3086 3188 3146 sed
3213 3088 3451 3147 Sandio-

1872 3181 2101 3252 nysiana
2129 3180 2456 3251 appellatur.
2476 3179 2528 3235 Is
2559 3195 2693 3235 vero
2717 3177 2905 3249 Campi
2937 3179 3115 3236 Martii
3149 3181 3267 3237 vice
3299 3183 3453 3239 urbis

1874 3271 2493 3340 ConstantinOpolitanae
2548 3270 2654 3325 fuit
2705 3286 2719 3324 :
2777 3288 2901 3325 nam
2964 3273 3200 3342 majores
3252 3289 3449 3330 omnes

1873 3364 2125 3420 civitates
2176 3363 2448 3435 ejusmodi
2504 3361 2572 3416 ad
2628 3361 2828 3418 moenia
2894 3377 3120 3431 compos
3185 3362 3449 3421 habuisse

1871 3455 2002 3511 alibi
2029 3456 2104 3528 (in
2128 3455 2297 3514 Class.
2319 3455 2455 3509 med.
2482 3453 2603 3523 lat.)
2624 3453 2935 3519 docuimus,
2957 3455 3012 3509 in
3030 3456 3231 3525 quibus
3252 3457 3450 3514 milita-

1871 3562 1959 3603 res
1989 3547 2192 3603 civium
2230 3547 2428 3603 tierent
2451 3546 2882 3602 exercitationes
2913 3562 2927 3601 :
2971 3563 3112 3619 quos
3145 3548 3272 3604 ideo
3300 3550 3446 3617 κάμε

1872 3658 2005 3705 non;
2037 3640 2463 3712 στρατιωτικούς
2495 3648 2649 3695 vocat
2681 3638 3007 3695 Theodorus
3042 3640 3449 3713 Hermopolites

1872 3733 2113 3788 ineditus
2136 3732 2275 3802 (Lib.
2306 3749 2319 3787 t
2349 3733 2443 3803 [οι.
2477 3732 2562 3798 12,
2595 3731 2724 3787 Cod.
2752 3731 2905 3804 Reg.)
2938 3751 2953 3788 :
2989 3733 3059 3786 "H
3089 3734 3278 3804 γέγονε
3304 3735 3451 3808 κάμ-

1872 3844 1971 3892 πος
2006 3826 2412 3898 στρατιωτικὸς,
2443 3827 2537 3879 καὶ
2565 3826 2933 3895 ἐγυμνάζοντο
2953 3825 3014 3876 ἐν
3037 3825 3185 3894 αὐτῷ
3203 3829 3249 3880 οἱ
3283 3845 3450 3899 στρασ-

1868 3922 2087 3977 τιῶται.
2136 3918 2249 3975 Hos
2294 3919 2576 3989 Μαρτίους
2654 3920 2814 3975 unice
2862 3918 3101 3990 appellat
3126 3918 3446 3986 Mauricius,

1869 4014 1968 4069 lib.
2009 4029 2069 4068 Ill
2098 4011 2333 4079 Strateg.
2366 4026 2488 4083 cap.
2524 4012 2579 4066 2.
2638 4012 2735 4064 Ὃν
2768 4011 2985 4083 πρῶτον
3022 4010 3081 4064 ἐν
3108 4010 3188 4079 τῷ
3214 4013 3446 4082 Μαρτίῳ

1872 4107 2003 4160 ποτὲ
2061 4106 2111 4160 οἱ
2178 4104 2536 4174 καόαλλὰριοι
2590 4101 2815 4166 ἔπαιζον
2879 4105 2937 4155 ὲν
3005 4104 3119 4165 τοῖς
3174 4121 3448 4174 παραχει-

1875 4198 2104 4267 μαδίοις.
2139 4196 2215 4251 De
2248 4196 2316 4251 iis
2356 4195 2522 4250 etiam
2572 4193 2648 4248 ita
2677 4193 2957 4262 Vegetius,
3001 4191 3097 4245 lib.
3134 4190 3179 4256 Ι,
3210 4208 3331 4259 cap.
3369 4211 3396 4247 ι
3427 4211 3442 4247 :

1874 4290 2099 4344 Romani
2124 4299 2340 4354 veteres,
2364 4303 2491 4356 quos
2522 4294 2593 4339 tot
2622 4282 2758 4337 bella
2791 4291 2840 4336 et
2869 4283 3182 4337 continuata
3207 4283 3445 4351 pericula

1873 4377 1942 4435 ad
1969 4397 2176 4435 omnem
2208 4381 2284 4433 rei
2314 4378 2564 4433 militaris
2597 4376 2903 4431 erudierant
2950 4385 3145 4439 artem,
3184 4373 3444 4443 Campum

172 4475 232 4530 S.
280 4474 513 4528 aniani
546 4474 821 4542 martyris.
873 4471 1027 4526 Unde
1069 4480 1218 4539 patet
1245 4469 1508 4540 quidquid
1542 4471 1597 4523 in
1631 4485 1761 4539 pro-
1800 4494 1839 4548 ι)
1870 4472 2125 4526 Martium
2155 4469 2383 4524 vicinum
2412 4465 2585 4520 Tiberi
2615 4463 2942 4535 delegerunt,
2976 4465 3030 4517 in
3064 4479 3167 4535 quo
3189 4463 3447 4533 juventus

173 4577 377 4637 Specto
425 4574 512 4621 est
562 4565 823 4628 civitatis,
877 4563 985 4618 dici
1039 4579 1162 4618 esse
1221 4564 1327 4632 πρὸ
1376 4562 1474 4630 τῆς
1527 4560 1758 4623 πελεως.

170 4657 383 4712 Latino
414 4656 638 4711 Barbari
691 4657 744 4708 in
796 4653 1049 4706 banleuca
1101 4651 1370 4705 dicerent.
1429 4648 1536 4704 Sed
1587 4654 1642 4701 et
1692 4647 1760 4700 de

173 4750 428 4819 quadam
485 4747 555 4800 ad
610 4745 771 4800 sinus
832 4743 1077 4799 Ceratini
1137 4750 1301 4811 caput
1356 4740 1537 4795 insula
1595 4728 1773 4793 verba

172 4842 392 4896 [sciens
446 4837 674 4892 Michael
726 4836 939 4891 Psellus
988 4835 1043 4888 in
1088 4833 1228 4888 lliSt.
1288 4846 1390 4886 ms.
1449 4832 1503 4885 in
1556 4829 1763 4885 lsaacio

170 4933 487 4998 Conmeno,
524 4932 599 4986 ita
641 4931 755 4985 haec
787 4929 954 4984 verba
995 4934 1227 4996 usurpat
1269 4942 1283 4978 :
1336 4925 1445 4977 Καὶ
1491 4923 1762 4994 βασίλειος

165 5026 369 5079 τοῦτον
404 5023 704 5092 καταγωγὴ
747 5020 913 5075 αὐτοῦ
949 5036 1051 5073 που
1084 5019 1189 5090 πρὸ
1224 5017 1324 5087 τῆς
1370 5016 1576 5079 πόλεως
1626 5016 1760 5068 ὑπο-

163 5116 394 5186 δέχεται
455 5111 786 5181 περίκυκλος
844 5112 911 5182 τῇ
981 5109 1226 5179 Θαλάσσῃ
1300 5106 1422 5160 καθ’
1489 5105 1753 5177 ἐκατέρου

165 5209 403 5277 μέρους,
447 5205 603 5275 ἀνδρὶ
644 5194 930 5273 αὐτάρκης
977 5199 1281 5271 θηρατικῷ,
1338 5197 1454 5253 ἁλλ’
1506 5198 1625 5267 οὐχὶ
1662 5197 1756 5250 καὶ

162 5300 243 5367 τῷ
266 5298 487 5368 βασιλεῖ
509 5296 703 5366 τούτῳ.
730 5294 993 5365 Scylitzes
1013 5293 1070 5346 in
1094 5292 1289 5347 eodem
1315 5290 1523 5344 lsaacio
1550 5307 1563 5342 :
1592 5288 1758 5341 ’Όῦεν

160 5392 228 5462 δὴ
255 5391 368 5460 τῆς
391 5391 499 5442 τῶν
535 5386 914 5459 ’Δρχαγγέὶων
944 5384 1312 5454 ὲφισταμένης
1339 5382 1531 5453 ἑορτῆς
1559 5381 1760 5447 ἔξεισιν

162 5485 246 5548 είς
287 5484 358 5536 τδ
392 5482 502 5552 πρὸ
541 5481 640 5550 τῆς
680 5480 908 5544 πόλεως,
962 5476 1260 5547 φιλοτίμως
1300 5475 1370 5528 τὰ
1410 5474 1511 5543 τῆς
1566 5475 1761 5542 ἑορτῆς

160 5578 457 5633 ἐκτελέσαι
492 5572 826 5637 σπουδάζων,
860 5572 917 5626 in
942 5571 1111 5626 :edem
1139 5570 1348 5626 scilicet
1368 5568 1437 5623 XI
1470 5552 1759 5631 Ordinum,

162 5686 290 5740 quae
334 5668 514 5723 muris
565 5662 926 5721 terrestribus
959 5663 1268 5733 adjaecbat,
1319 5660 1402 5714 uti
1441 5657 1763 5714 observavi-

163 5776 293 5817 mus
339 5763 397 5815 in
431 5768 623 5815 nostra
665 5754 1152 5822 Con..tantin0pa!i.
1187 5753 1378 5808 Tradit
1424 5752 1666 5808 Zonaras
1705 5750 1759 5804 in

536 5862 810 5921 Γλτιιοι..
841 5857 959 5918 Gn.
998 5854 1298 5916 CXXXV.

1867 4571 1979 4632 post
2005 4561 2309 4615 exercitium
2337 4574 2607 4613 armorum
2633 4556 2878 4611 sudorem
2906 4555 3276 4628 pulveremque
3309 4555 3451 4610 dilu-

1867 4662 1995 4708 eret.
2052 4652 2191 4706 lliuc
2242 4650 2510 4722 ejusmodi
2569 4647 2786 4719 Campi,
2839 4647 2933 4703 ubi
2960 4657 3017 4703 et
3074 4647 3449 4703 censebantur

1865 4741 2091 4806 milites,
2157 4750 2219 4795 ut
2270 4748 2356 4794 est
2409 4737 2555 4809 apud
2607 4736 2848 4792 Leonem
2901 4735 3328 4792 Grammaticum
3389 4749 3447 4793 et

1864 4835 2207 4903 Anonymum
2230 4828 2715 4894 Combeﬁsianum,
2744 4828 2800 4883 in
2832 4826 3143 4898 Lacapeno.
3172 4842 3227 4880 n.
3257 4826 3315 4892 6,
3351 4818 3459 4884 ubi

1868 4926 1935 4979 de
1951 4925 2156 4994 Campo
2170 4922 2235 4977 ad
2254 4921 2446 4977 urbem
2464 4920 3149 4990 ConstantinOpolitanam,
3165 4922 3446 4988 γυμνάσια

1871 5016 2141 5084 πολεμικὰ
2165 5014 2427 5070 dicuntur
2457 5013 2500 5067 Τ
2507 5011 2819 5077 heodorito,
2853 5012 2955 5067 lib.
3014 5029 3064 5066 IV
3098 5011 3240 5067 Ilist.
3293 5016 3441 5071 Eccl.

1866 5122 1984 5177 cap.
2012 5106 2083 5160 23
2119 5115 2175 5159 et
2201 5103 2291 5169 26,
2316 5103 2361 5157 si
2389 5102 2514 5156 novi
2544 5102 2867 5172 interpretis
2901 5103 3086 5157 versio
3113 5117 3436 5174 spectetur:
3506 5095 3520 5109 ’

1869 5196 2032 5250 Hasta.
2077 5195 2145 5247 τὰ
2200 5191 2437 5260 πολέμου
2488 5190 2754 5261 δεχόμενα
2789 5189 3047 5258 μελέτας,
3079 5190 3335 5257 Libanio,
3384 5190 3440 5243 in

1866 5287 2221 5345 Presbeutico
2245 5284 2311 5340 ad
2337 5284 2614 5341 lulianum
2644 5283 2775 5352 imp.
2806 5297 2916 5352 quo
2940 5284 3182 5352 respexit
3203 5283 3396 5338 Cicero
3425 5320 3438 5343 ,

1865 5398 1990 5437 cum
2027 5380 2149 5434 ludo
2197 5378 2479 5448 campestri
2528 5387 2578 5430 et
2620 5376 2992 5430 exercitatione
3042 5374 3119 5427 uti
3170 5374 3330 5428 dixit.
3363 5373 3438 5426 De

1866 5475 2090 5530 militari
2138 5486 2272 5526 vero
2324 5469 2711 5541 Byzantiorum
2776 5468 2833 5522 in
2901 5467 3107 5535 Campo
3160 5466 3436 5520 exercita-

1869 5566 2311 5636 tione..qnzrdain
2346 5565 2513 5619 habet
2539 5559 2925 5630 Theophanes,
2951 5574 3040 5612 an.
3068 5557 3101 5609 7
3139 5557 3354 5620 Pltocte,
3380 5564 3442 5609 ut

1864 5669 1921 5715 et
1986 5659 2264 5714 Palladius
2325 5656 2382 5710 in
2450 5654 2572 5709 Vita
2633 5649 3032 5722 Chrysoctomi,
3092 5647 3187 5702 ubi
3247 5645 3443 5702 scribit

1865 5750 2159 5807 Arcadium
2204 5748 2339 5804 urbe
2378 5759 2662 5816 egressum
2704 5742 2798 5797 τοῦ
2849 5738 3232 5813 γυμνασθῆναι
3262 5739 3321 5794 ὲν
3361 5736 3443 5812 τῷ
