3942 6250
500 243 607 307 395

1558 235 2038 308 DlSQUlSlTlO
2071 235 2662 296 TOPOGRAPHICX

3648 240 3758 303 396

493 350 885 423 παρικειμίνρ
919 350 1096 404 assii».
1140 351 1241 417 Qui
1277 350 1498 420 quidem
1533 351 1771 419 Campus
1805 366 1909 402 non
1940 349 2060 401 alin:

2185 348 2430 402 attendat
2460 349 2542 402 vir
2570 350 2767 403 doetus
2815 346 3056 402 Proinde
3088 355 3307 403 matrem
3336 365 3447 402 sua:
3472 350 3776 420 inaugura-

488 458 574 500 cst
606 445 675 499 ab
718 445 1095 499 llebdomiano
1130 463 1142 498 :
1176 445 1323 517 quod
1364 453 1624 512 pr.ctcrca
1656 443 1782 497 inde
1817 444 2081 512 colligere

484 539 620 612 licet
652 538 796 608 quod
850 537 1122 602 Bullinus,
1162 537 1450 607 prarfectus
1487 535 1768 604 pra-torio.
1810 535 1864 589 in
1915 536 2082 589 Chro-

489 631 604 683 nico
626 629 988 682 Alexandrino
1020 630 1381 697 interemptus
1408 628 1626 681 dicatur
1665 627 1720 681 in
1755 627 2036 682 Hebdomo
2065 646 2080 692 ;

486 720 633 787 apud
685 720 1115 790 Philostorgium
1150 734 1282 773 vero
1335 718 1432 772 lib.
1477 734 1553 784 xi,
1599 734 1721 788 cap.
1768 720 1833 784 3,
1896 719 1955 771 ὲν
2005 717 2081 788 τῷ

487 811 766 883 ὶεγομένῳ
805 813 1183 883 τριϐουναλίῳ,
1221 812 1363 881 apud
1405 813 1706 878 Zosimum,
1759 814 1856 867 lib.
1914 826 1967 874 ν,
2024 820 2080 865 et

488 900 790 964 Socratem,
854 904 952 957 lib.
1006 920 1076 965 v1,
1128 917 1248 969 cap.
1304 904 1356 963 l.
1418 905 1522 973 πρὸ
1569 902 1680 955 τῶν
1735 901 1922 953 πυλῶν
1982 901 2079 968 τῆς

489 994 1120 1056 Κωντταντινουπόλεως
1195 993 1338 1063 apud
1380 993 1752 1047 Marcellinum
1800 991 2076 1047 Comitem

485 1092 610 1137 aut:
634 1086 775 1137 urbis
803 1092 1028 1154 portas:
1065 1084 1206 1154 apud
1274 1083 1636 1138 Claudianum
1687 1082 1923 1153 denique
1974 1083 2073 1138 lib.

486 1189 548 1236 tt,
581 1176 636 1228 in
669 1191 735 1228 eu
764 1176 924 1230 ndem
963 1176 1246 1240 tiullnum,
1295 1178 1347 1230 in
1378 1175 1586 1246 Campo
1617 1176 1740 1230 urbi
1792 1177 2073 1245 proximo,

484 1285 648 1339 quem
686 1269 759 1324 ita
789 1269 1053 1324 describit
1085 1286 1099 1323 :
1217 1341 1221 1345 ὓ

555 1384 706 1440 Urbis
733 1386 798 1437 ab
832 1385 1063 1453 Angusto
1092 1392 1290 1449 tractu,
1324 1399 1431 1453 qua
1468 1384 1635 1454 vergit
1670 1385 1723 1437 in
1752 1394 2017 1446 austrum,

552 1455 812 1508 Planities
846 1456 1017 1507 vicina
1054 1463 1219 1521 patet,
1261 1470 1383 1506 nam
1412 1463 1602 1507 cwtera
1634 1463 1827 1523 pontus

553 1526 775 1586 Circuit,
804 1530 989 1594 exiguo
1018 1526 1196 1578 dirimi
1217 1541 1270 1577 se
1295 1525 1511 1577 tramite
1538 1540 1748 1593 passus.

482 1639 605 1693 Mox
647 1639 700 1694 in
729 1653 792 1693 ea
842 1639 1067 1708 planitie
1114 1638 1389 1694 exstitisse
1440 1638 1718 1710 tribunal,_
1749 1638 1831 1695 sic
1863 1639 2067 1707 innuit,

480 1733 611 1787 dum
653 1732 898 1788 Rulﬁnus
930 1732 1226 1787 Arcadium
1260 1732 1551 1801 compellat
1591 1751 1603 1785 :

556 1890 567 1902 .
609 1887 624 1901 .
662 1889 674 1902 .
715 1889 730 1902 .
766 1887 779 1901 .
812 1850 1149 1916 graviterque
1192 1862 1458 1914 apprensa
1492 1853 1627 1900 veste
1663 1856 1956 1902 morantem

550 1918 703 1973 Inrre
727 1927 795 1971 vat
831 1921 1140 1985 Augustum,
1168 1916 1390 1970 scandat
1421 1916 1644 1969 sublime
1684 1917 1942 1981 tribunal,

549 1989 871 2055 Participem
891 1987 1100 2056 sceptri,
1133 1989 1433 2056 sociumque
1461 1987 1695 2040 declaret
1730 1988 1960 2042 honoris.

488 2101 626 2168 Quis
691 2117 799 2156 non
845 2100 999 2154 videt
1047 2099 1200 2154 hisce
1252 2099 1490 2153 laudatis
1534 2100 1711 2165 locis,
1754 2117 1865 2156 non
1909 2102 2072 2156 modo

478 2193 851 2260 llebdomum,
880 2192 1170 2256 Tribunal,
1196 2204 1253 2246 et
1281 2190 1547 2261 Campum
1586 2208 1685 2265 pro
1713 2207 1820 2247 uno
1844 2193 2068 2247 eodem-

475 2301 584 2353 que
644 2285 766 2338 loco
810 2282 977 2347 sumi,
1038 2282 1133 2337 sed
1176 2283 1343 2338 etiam
1390 2282 1655 2353 Campum
1710 2286 1889 2353 ipsum
1947 2285 2069 2339 urbi

475 2375 785 2445 proximum
838 2375 1028 2441 fuisse,
1078 2391 1189 2430 non
1221 2391 1353 2430 vero
1397 2375 1464 2429 ad
1510 2377 1537 2427 7
1575 2376 1860 2430 milliare?
1906 2377 2065 2446 cujus

478 2469 701 2522 tandem
731 2468 840 2522 situ
887 2468 1132 2538 cognito,
1170 2478 1424 2537 superest
1476 2478 1535 2522 ut
1567 2484 1690 2538 qnze
1726 2469 1871 2523 ineo
1898 2470 2064 2525 exsti-

479 2559 645 2613 terint
672 2558 901 2612 :edilicia
930 2573 1322 2628 percurramus
1344 2597 1358 2613 .

563 2650 699 2706 Vlll.
727 2649 802 2702 Ex
827 2649 913 2704 his
939 2649 1214 2720 prazcipua
1241 2649 1394 2705 luere
1422 2648 1681 2705 Tribunal
1704 2662 1752 2706 et
1790 2650 2066 2706 Palatium

473 2740 1022 2794 Constantinianeum
1118 2740 1202 2794 vel
1270 2739 1699 2806 Justinianeum,
1768 2753 2066 2813 utrumque

476 2830 740 2884 llebdomi
793 2831 1216 2885 nomenclatura
1272 2833 1477 2901 pariter
1538 2834 1797 2888 donatum
1844 2850 1872 2887 a
1927 2835 2065 2889 serio

474 2920 774 2991 ptoribus:
821 2922 966 2991 quod
1001 2922 1089 2985 hic
1143 2922 1303 2978 nobis
1352 2922 1407 2977 in
1459 2924 1655 2995 primis
1700 2926 2065 2994 probandum.

473 3018 653 3084 Atque
706 3022 766 3067 ut
823 3029 855 3070 a
905 3014 1192 3069 Tribunali
1249 3014 1562 3080 ordiamur,
1610 3016 1666 3070 in
1726 3033 1838 3088 quo
1893 3019 2067 3073 levari

473 3118 529 3160 et
589 3107 911 3178 inaugurari
976 3108 1227 3162 solebant
1282 3108 1669 3178 imperatores,
1734 3111 1871 3165 illud
1928 3127 2055 3167 cum

472 3204 526 3254 in
556 3199 780 3269 Callipo,
822 3210 937 3254 tum
999 3202 1050 3254 in
1083 3201 1391 3266 llebdomu,
1441 3212 1605 3272 atque
1654 3203 1794 3258 adeo
1827 3204 1883 3259 in
1939 3206 2055 3276 ipsa

474 3294 608 3346 urbe
657 3293 936 3348 exstitisse
979 3293 1202 3347 tradunt
1258 3294 1461 3364 passim
1503 3296 1821 3365 scriptores,
1874 3298 1947 3351 ita
1999 3307 2058 3352 ut

470 3384 748 3440 interdum
794 3382 1023 3453 Campus
1073 3382 1347 3449 Hebdomi,
1379 3386 1449 3440 ab
1480 3401 1547 3440 eo
1595 3384 1828 3457 Campus
1866 3388 2056 3441 Tribu-

471 3478 615 3532 nalis
671 3494 688 3532 :
761 3477 1044 3531 interdum
1122 3477 1384 3533 Tribunal
1442 3478 1715 3545 Hebdomi,
1778 3480 2059 3537 interdum

470 3569 711 3638 denique
759 3585 825 3623 ac
881 3569 1030 3624 unde
1084 3569 1409 3626 Hebdomum
1466 3572 1534 3627 ab
1600 3573 1666 3627 iis
1726 3575 2055 3644 appelletur.

471 3659 604 3713 Nam
649 3676 800 3725 ecce,
849 3660 894 3714 si
950 3662 1113 3715 liceat
1161 3662 1300 3717 alias
1356 3679 1386 3717 a
1439 3664 1601 3719 nobis
1651 3664 1911 3720 adnotata
1967 3668 2057 3724 hic

472 3769 692 3808 rursum
737 3754 1021 3818 recudere,
1072 3755 1122 3807 in
1155 3755 1414 3809 Chronico
1439 3756 1821 3823 Alexandrino,
1859 3760 2056 3818 Valens

471 3864 501 3900 a
537 3846 703 3901 fratre
745 3846 1120 3902 Valentiniano
1155 3850 1234 3910 ei;
1272 3851 1844 3903 Κωνστοιντινούπολιν
1886 3856 1944 3906 ὲν
1976 3854 2052 3924 τῷ

486 3939 727 4009 Ἐὁδόμῳ
791 3939 1006 3994 levatus
1065 3934 1365 4009 imperator
1407 3940 1610 3995 dicitur
1661 3958 1676 3994 :
1733 3942 1802 3998 ab
1856 3942 2052 4013 Idalio,

470 4029 925 4100 Constantinopoli
967 4032 1021 4084 in
1074 4030 1329 4085 milliaria
1392 4032 1423 4085 7
1477 4034 1531 4087 in
1586 4032 1882 4089 Tribunali.
1939 4037 2051 4092 Nec

467 4123 682 4178 abludit
707 4120 1069 4188 Tliemistius,
1099 4125 1259 4195 cujus
1291 4123 1460 4179 verba
1490 4135 1715 4195 praestat
1748 4126 1842 4180 hic
1872 4126 2053 4183 addu-

466 4233 615 4280 cere,
642 4215 788 4286 quod
814 4217 1193 4271 suburbanum
1227 4217 1396 4280 istud,
1444 4217 1788 4272 llebdomum
1812 4219 2052 4286 scilicet,

468 4307 526 4368 in
573 4310 709 4362 urbe
737 4310 1014 4364 exstitisse
1042 4320 1261 4365 exserte
1294 4318 1547 4365 testetur.
1572 4309 1653 4364 Ita
1686 4311 1778 4366 ille
1809 4311 1865 4366 in
1899 4311 2050 4367 Phil-

2160 510 2165 515 ,
2193 443 2351 494 tionis
2384 442 2574 495 urbem
2605 442 3277 510 Constantinoliolilanam
3305 442 3431 510 jure
3467 443 3775 511 appellave-

2193 532 2268 586 rit
2317 532 2535 597 Valens,
2584 533 2732 601 quod
2780 548 2971 587 revera
3024 533 3078 585 in
3112 516 3178 587 ea
3212 531 3355 586 facta
3392 542 3548 588 esset
3579 549 3594 590 :
3632 533 3774 602 quod

2189 626 2417 679 minime
2450 626 2700 688 dixisset,
2749 627 2789 679 si
2831 625 2885 679 in
2932 625 3172 694 septimo
3223 626 3290 678 ab
3324 627 3463 681 urbe
3511 627 3768 681 milliaria

2186 717 2380 771 fuisset
2435 727 2679 787 peracta.
2740 718 2809 771 Et
2860 733 2993 771 sane
3062 718 3409 784 Ammianus,
3466 718 3571 775 lib.
3628 735 3772 782 XXVt,

2186 809 2471 874 Valentem
2509 824 2540 862 a
2587 807 2753 863 fratre
2795 808 3184 864 Valentiniano
3232 809 3631 877 imperatorem
3685 810 3765 864 di-

2185 909 2333 956 ctum
2368 899 2845 968 Constantinopoli
2875 900 2930 953 in
2969 899 3305 954 Suburbano
3338 915 3574 969 prorsus
3603 902 3768 955 etiam

2186 992 2389 1053 innuit,
2416 992 2572 1061 cujus
2599 992 2764 1045 verba
2793 991 2880 1044 hic
2900 1005 3196 1059 apponam,
3222 989 3369 1061 quod
3395 990 3774 1045 Themistiana

2188 1084 2475 1138 illustrem
2512 1103 2525 1137 :
2560 1083 2795 1152 Indeque
2821 1099 2938 1135 cum
2980 1083 3201 1136 venisset
3233 1082 3774 1153 Constantinopolim,

2182 1175 2450 1245 (loquitur
2477 1175 2547 1231 de
2592 1176 3003 1243 Valentiniano)
3046 1173 3215 1229 multa
3244 1191 3422 1228 secum
3463 1177 3576 1243 ipse
3606 1176 3777 1228 devol-

2179 1283 2336 1332 vens,
2387 1277 2437 1321 et
2487 1269 2857 1340 magnitudine
2918 1270 3221 1339 urgentium
3274 1269 3615 1338 negotiorum
3662 1268 3777 1337 jam

2178 1373 2233 1410 se
2299 1360 2543 1428 superari
2601 1359 2963 1420 considerans,
3032 1357 3163 1411 nihil
3233 1356 3551 1410 morandum
3610 1373 3672 1408 ra
3701 1373 3774 1415 us,

2175 1452 2418 1522 quintum
2454 1449 2582 1504 Kal.
2612 1449 2814 1519 Aprilis
2857 1450 3173 1519 productum
3224 1449 3462 1500 eumdem
3498 1446 3774 1501 Valentem

2176 1544 2233 1598 in
2294 1543 2693 1604 Suburbanum,
2743 1543 3110 1595 universorum
3157 1540 3430 1593 sententiis
3481 1540 3772 1592 concinen-

2179 1635 2339 1700 tibus,
2377 1636 2493 1705 (ucc
2535 1636 2673 1687 enim
2720 1634 2946 1707 audebat
2997 1633 3279 1703 quisquam
3322 1630 3613 1701 refragari)
3667 1631 3772 1683 Ait-

2102 1724 2145 1780 B
2178 1734 2386 1798 gustum
2432 1726 2791 1795 pronuntiavit
2824 1740 2841 1778 :
2890 1724 3177 1794 decoreque
3207 1723 3539 1793 imperatorii
3592 1720 3762 1775 cultus

2184 1826 2456 1885 ornatum,
2518 1828 2564 1871 et
2623 1828 2861 1885 tempora
2930 1818 3236 1873 diademate
3301 1817 3656 1878 redimitum,
3724 1815 3773 1867 in

2179 1909 2359 1963 eodem
2396 1910 2630 1963 vehiculo
2660 1910 2894 1965 reduxit.
2937 1908 3042 1964 Ubi
3077 1924 3177 1979 per
3203 1906 3607 1971 Suburbanum,
3638 1906 3778 1960 ηει-

2181 2002 2404 2056 domum
2454 2002 2683 2072 intelligi
2723 2012 2954 2066 constat,
3001 2001 3149 2072 quod
3185 2000 3254 2056 ad
3299 2001 3486 2055 urbem
3537 2001 3773 2065 exstitit,

2179 2110 2247 2150 ex
2291 2111 2401 2166 quo
2449 2097 2506 2150 in
2560 2095 2827 2149 Palatium
2865 2095 3066 2152 Valens
3100 2110 3208 2150 una
3241 2111 3366 2150 cum
3412 2095 3588 2149 fratre
3624 2095 3777 2148 vehi-

2180 2190 2306 2244 culo
2363 2204 2621 2244 reversus
2680 2188 2891 2243 est.lta
2956 2203 3128 2257 porro
3192 2186 3340 2257 apud
3390 2186 3773 2241 Marcellinum

2178 2283 2458 2345 comitem,
2491 2280 2757 2336 Arcadius
2800 2282 3004 2334 levatus
3053 2284 3343 2350 Augustus.
3382 2278 3601 2334 dicitur
3636 2280 3774 2334 Cou—

2177 2375 2547 2444 stantinopoli,
2587 2376 2639 2430 in
2688 2375 2943 2429 milliario
2974 2375 3219 2445 septimo.
3260 2373 3363 2431 Ubi
3412 2375 3562 2429 idem
3606 2374 3772 2430 Chro-

2181 2483 2338 2520 ntcon
2418 2466 2880 2533 Alexandrinum,
2974 2465 3259 2537 Ἀρκάδιος
3332 2464 3660 2533 Αὔγουστος
3715 2469 3770 2520 ἐν

2181 2558 2753 2613 Κωνσταντινουπὸλει
2798 2560 2858 2610 ἐν
2886 2557 2961 2628 τῷ
2985 2558 3344 2630 τριὸουναλίῳ
3367 2557 3461 2611 τοῦ
3502 2558 3770 2629 Ἐϐδόμου

2179 2649 2540 2721 ἀνηγορεύθη.
2571 2650 2730 2720 Apud
2767 2652 3021 2705 eumdem
3056 2650 3431 2707 Marcellinum
3468 2652 3766 2711 comitem.

2176 2741 2470 2795 Honorium
2502 2750 2653 2804 pater
2680 2759 2805 2795 suus
2838 2742 3153 2796 Theodosius
3182 2745 3234 2797 in
3268 2744 3449 2796 eodem
3504 2743 3626 2798 loco
3672 2761 3772 2812 quo

2176 2832 2400 2902 fratrem
2430 2833 2543 2902 ejus
2587 2832 2898 2897 Arcadium,
2936 2831 3199 2887 Caesarem
3241 2833 3383 2902 fecit,
3422 2835 3479 2888 id
3508 2843 3590 2889 est
3623 2837 3772 2903 [oras

2175 2927 2398 2995 septimo
2450 2926 2513 2979 ab
2576 2926 2702 2979 urbe
2754 2926 3029 2981 milliario.
3098 2926 3245 2983 Idem
3302 2926 3603 2982 Clirouicon
3654 2930 3771 2981 Ale-

2173 3018 2504 3073 xandrinum
2542 3018 2915 3073 Theodosium
2963 3019 3248 3075 Juniorem
3298 3019 3544 3074 levatum
3592 3022 3760 3074 etiam

2172 3115 2475 3181 Augustum
2496 3111 2689 3167 scribit
2713 3114 2768 3167 ὲν
2791 3111 3359 3167 Κωνσταντινουπίλει
3378 3113 3460 3174 είς
3484 3115 3548 3165 τὸ
3569 3114 3761 3165 Ἕϐδοο

2174 3221 2273 3272 μον
2327 3205 2384 3256 ὲν
2429 3204 2504 3274 τῷ
2555 3203 2936 3273 τριεουναλίῳ,
2999 3203 3334 3258 Marcianum
3392 3220 3529 3259 vero
3579 3206 3640 3257 ὲν
3692 3203 3766 3274 τῷ

2185 3293 2449 3366 Ἑϐδόμῳ,
2478 3296 2678 3350 omissa
2704 3311 2838 3351 voce
2863 3296 3200 3351 'l'ribunalis.
3230 3295 3414 3350 Zenon
3442 3298 3495 3350 in
3542 3300 3767 3367 septimo

2169 3386 2401 3441 levatus.
2453 3388 2719 3442 scribitur
2782 3388 2927 3457 apud
2995 3387 3270 3442 Victorem
3324 3388 3692 3444 Tuunensetn
3743 3407 3757 3445 :

2168 3477 2433 3534 Basilicus
2476 3481 2532 3533 ὲν
2571 3481 2811 3550 Κάμπῳ.
2857 3480 2998 3549 apud
3049 3479 3405 3534 Theodorum
3454 3481 3755 3548 lectorem,

2168 3568 2583 3640 Tnenpbinem,
2639 3573 2967 3643 Symconem
3027 3570 3411 3641 Logotbetam,
3447 3572 3756 3640 Zunaram,

2163 3675 2218 3718 et
2270 3664 2403 3718 alios
2455 3681 2468 3718 :
2525 3664 2820 3718 Mauricius
2871 3680 2902 3718 a
2956 3664 3181 3718 Tiberio
3240 3664 3298 3715 ἐν
3341 3662 3757 3735 Τριὸουναλὶῳ,

2165 3757 2308 3825 apud
2374 3757 2631 3812 eumdem
2708 3757 3101 3826 Theophanem
3160 3766 3215 3811 et
3269 3757 3545 3813 Zonaram
3625 3779 3641 3814 :
3703 3761 3759 3813 ὲν

2165 3850 2448 3920 προκένπῳ
2477 3850 2568 3904 τοῦ
2617 3850 2899 3919 Ἐὅδόμοῃ
2947 3852 3001 3903 in
3044 3849 3303 3915 Chronico
3346 3850 3755 3907 Alexandrino:

2165 3943 2378 3997 Phocas
2420 3942 2472 3996 in
2507 3942 2623 3997 aede
2652 3941 2690 3997 S
2734 3943 2960 3997 Joannis
2993 3941 3247 4011 Baptista:
3276 3945 3334 3998 ὲν
3362 3945 3438 4013 τῷ
3478 3943 3757 4015 Ἑϐδόμῳ,

2163 4033 2308 4103 apud
2373 4033 2728 4088 Simocattam
2782 4043 2837 4087 et
2891 4032 3287 4102 Theophanem
3350 4053 3364 4090 :
3420 4037 3470 4090 in
3525 4039 3756 4107 septimo

2164 4127 2302 4196 quod
2346 4130 2537 4181 dicitur
2580 4128 2973 4194 Secundianas,
3022 4128 3166 4197 apud
3207 4128 3533 4199 Gregorium
3564 4130 3640 4183 Μ.
3686 4128 3754 4184 Ut

2168 4233 2338 4289 porro
2372 4227 2646 4288 tyrannus
2674 4222 2727 4271 in
2771 4220 2960 4273 urbem
2993 4221 3224 4282 venerit,
3257 4220 3337 4272 sic
3354 4229 3541 4272 narrat
3573 4219 3756 4274 Theo-

2165 4311 2415 4379 phanes:
2474 4311 2613 4363 Οἱδὲ
2647 4310 2931 4380 Πρὰσινοι,
2970 4309 3278 4377 ἐξελθόντες
3299 4313 3380 4374 είς
3405 4311 3462 4363 τὸ
3498 4312 3753 4381 Ῥήγιον,

469 4401 760 4471 adelphis:
813 4402 977 4454 Ὅσον
1002 4401 1110 4471 γὰρ
1130 4401 1375 4466 πλείονος
1397 4402 1547 4466 ἄξιον
1567 4402 1627 4455 τὸ
1646 4403 1954 4475 κτήσασθαι
1984 4406 2051 4459 τὰ
2088 4428 2129 4482 ι)
2161 4401 2427 4468 μεγάλαις
2457 4401 2759 4470 εὐφημίαις
2813 4400 3020 4470 ἐτίμων
3077 4399 3168 4453 τὸν
3215 4402 3478 4472 τύραννον
3527 4403 3750 4469 Φωκῶν,

472 4495 657 4563 ἀγαθὰ
687 4493 780 4546 τοῦ
820 4494 913 4546 τὸν
947 4494 1288 4563 κεκτημένον
1319 4493 1491 4563 μείζω
1516 4496 1763 4565 ποιῆσαι,
1795 4496 2053 4549 τοσοῦτον

477 4586 571 4639 καὶ
597 4587 680 4638 σοὶ
711 4585 1031 4656 δικαιοτέρα.
1073 4587 1210 4656 πρὸς
1250 4584 1351 4656 τὴν
1380 4585 1538 4640 πόλιν
1580 4585 1790 4660 ἐστὶνὴ
1826 4587 1925 4657 τῆς
1960 4588 2051 4641 εὐ-

469 4673 614 4737 νοίας
633 4675 913 4738 ὑπόθεσις.
941 4675 1012 4727 Ἦ
1044 4675 1161 4738 πῶς
1187 4675 1288 4728 οὐκ
1309 4676 1508 4729 ἄτοπον
1533 4675 1633 4746 τὴν
1655 4677 1754 4747 μὲν
1773 4678 2052 4747 ἐσχατιὰν,

473 4767 557 4836 ἐφ’
580 4761 649 4839 ἧς
674 4766 772 4837 τὴν
806 4766 1100 4838 ἁλουργίδι
1133 4768 1353 4839 ὲνῆῲαι,
1382 4769 1856 4838 περιφανεστέραν
1890 4769 2052 4839 ποιῆ-

482 4874 574 4912 σαι
605 4859 860 4929 κρηπῖδι,
898 4862 994 4913 καὶ
1026 4859 1234 4930 βήμασι
1277 4861 1373 4914 καὶ
1413 4860 1690 4930 ἀνδριᾶσι,
1720 4862 1785 4929 τῇ
1818 4860 1971 4914 πόλει
1998 4860 2053 4913 δὲ

477 4951 545 5023 ἦν
567 4953 667 5005 οὐκ
705 4953 886 5015 ὀκνεῖς
918 4952 1210 5024 ὀνομάζειν
1265 4953 1484 5023 μητέρα.
1524 4953 1624 5022 τῆς
1664 4955 2049 5022 ἀναρρήσεως,

418 5064 427 5076 ·
468 5028 546 5115 μὴ
574 5044 780 5099 οέσθαι
825 5045 1174 5114 ὲποφλίσκειν
1222 5048 1290 5098 τὰ
1319 5045 1689 5115 χαριστήρια;
1737 5045 1817 5099 Ex
1845 5045 2051 5115 quibus

462 5138 649 5191 verbis
676 5138 902 5192 omnino
946 5137 1257 5204 conﬁcitur,
1303 5148 1362 5191 ut
1394 5146 1541 5197 recte
1587 5137 1861 5210 conjectat
1890 5137 2050 5192 Peta-

463 5231 607 5295 vius,
639 5232 897 5299 ἐσχατιάν
930 5231 1104 5293 illam,
1135 5245 1258 5285 esse
1285 5230 1690 5294 suburbanum,
1721 5228 1867 5298 quod
1900 5229 2048 5283 lleb-

462 5321 688 5377 domum
716 5322 1087 5392 appellabant,
1122 5321 1178 5377 in
1210 5332 1458 5375 extrema
1483 5321 1638 5374 urbis
1668 5330 1825 5389 parte
1853 5320 2046 5386 situm,

463 5413 552 5467 ubi
605 5414 659 5466 in
694 5412 979 5477 tribunali,
1014 5413 1171 5481 cujus
1201 5411 1304 5466 hoc
1348 5410 1471 5465 loco
1503 5409 1776 5475 meminit,
1818 5408 2050 5480 inaugu-

464 5503 575 5556 rari
652 5503 906 5558 solebant
951 5508 1315 5572 imperatores
1371 5518 1385 5555 :
1455 5516 1634 5571 neque
1695 5500 1843 5556 enim
1880 5501 2046 5578 qurbis

463 5596 692 5665 ἐσχατιὰ
716 5595 1191 5666 appellariﬂebuit
1225 5593 1495 5665 septimus
1525 5594 1596 5648 ab
1625 5609 1691 5649 ea
1716 5593 1880 5663 lapis,
1917 5608 2043 5648 cum

461 5683 608 5739 illius
654 5691 964 5740 extremum
1010 5700 1131 5740 esse
1189 5700 1301 5741 non
1351 5685 1618 5756 potuerit,
1669 5684 1819 5756 quod
1875 5684 2040 5740 velim

2160 4492 2255 4545 καὶ
2307 4491 2588 4546 πείθουσιν
2616 4491 2763 4561 αὐτῷ
2809 4493 2868 4545 ἐν
2898 4492 2974 4562 τῷ
3021 4491 3264 4566 Ἐῢδόμῳ
3308 4498 3749 4567 παρκγενέσθαι.

2161 4582 2373 4652 Πέμπει
2431 4583 2611 4637 τοίνυν
2672 4584 2865 4645 Φακᾶς
2926 4582 3202 4652 Θεόδωρον
3259 4586 3352 4638 τὸν
3410 4590 3751 4659 άσηκρῆτις,

2159 4676 2249 4727 καὶ
2284 4674 2544 4728 εἰσελθὼν
2597 4677 2655 4728 ὲν
2698 4679 2763 4746 τῇ
2806 4676 3040 4744 Μεγάλῃ
3079 4678 3370 4749 ἐκκλησίᾳ,
3425 4680 3750 4749 ὲποινέγνω-

2160 4783 2253 4819 σεν
2312 4766 2390 4837 τῷ
2420 4766 2534 4838 λαῷ
2574 4767 2717 4829 ὅπω,
2749 4772 2777 4823 ὁ
2808 4772 3152 4842 πατριάρχης
3204 4774 3300 4824 καὶ
3345 4773 3393 4825 οἱ
3427 4773 3617 4842 δῆμοι,
3653 4775 3747 4829 καὶ

2157 4861 2189 4929 ἡ
2246 4858 2549 4931 σύγκλητος
2605 4861 2910 4930 ἀφίκωνται
2957 4865 3016 4916 ὲν
3075 4864 3154 4936 τῷ
3204 4865 3475 4937 Ἑϐδόμῳ.
3533 4866 3747 4921 Τούτου

2154 4955 2334 5007 τοίνυν
2368 4955 2674 5023 γεγονότος,
2708 4957 2802 5008 καὶ
2832 4956 3049 5010 πάντων
3089 4958 3146 5010 ὲν
3174 4957 3252 5025 τῷ
3315 4958 3565 5031 Ἑϐδόμῳ
3606 4961 3742 5029 ἀφι-

2155 5046 2422 5114 κομένων,
2494 5046 2774 5117 Κυριακὸς
2829 5047 2856 5099 ὁ
2929 5049 3278 5119 πατριάρχης
3338 5051 3592 5124 ἅπῄτησε
3647 5055 3743 5107 τὸν

2152 5135 2415 5204 τύραννον
2463 5137 2753 5206 ὁμολογίαν
2804 5142 2929 5208 περὶ
2975 5140 3073 5206 τῆς
3120 5141 3408 5211 ὁρθοδόξου
3468 5145 3735 5211 πίστεως·

2151 5232 2182 5295 ἡ
2243 5228 2299 5280 δὲ
2355 5230 2713 5297 ἀναγόρευσίς
2761 5230 2855 5282 τοῦ
2911 5234 3179 5302 τυράννου
3219 5237 3300 5298 είς
3332 5237 3424 5288 τὸν
3464 5239 3593 5292 ναὸν
3643 5239 3739 5293 τοῦ

2167 5318 2348 5386 Ἀγίου
2389 5319 2636 5373 Ἰωάννου
2675 5321 2769 5373 τοῦ
2814 5323 3123 5377 Βαπτιστοῦ
3160 5326 3409 5394 γέγονεν.
3459 5329 3741 5388 Nimirum

2149 5409 2363 5464 Prasini
2400 5409 2636 5465 Phocam
2680 5413 2745 5466 ad
2777 5411 3118 5470 llebdomum
3169 5419 3434 5476 accedere
3473 5424 3737 5489 suadent,

2151 5503 2240 5557 ubi
2271 5502 2482 5558 scilitet
2517 5504 2839 5574 inaugurari
2872 5516 2928 5563 et
2964 5508 3131 5564 levari
3179 5512 3439 5569 solebant
3484 5519 3735 5585 impera-

2150 5602 2297 5649 tores
2338 5612 2351 5649 :
2390 5610 2496 5663 quo
2538 5610 2662 5649 cum
2715 5601 3058 5664 accessisset,
3119 5600 3172 5655 in
3221 5603 3339 5659 aede
3385 5604 3443 5661 S.
3497 5606 3737 5664 Joannis

2148 5685 2425 5754 Baptistic,
2478 5687 2682 5756 palatio
2722 5688 3105 5749 llcbdeiniano
3166 5698 3395 5765 vicina,
3455 5713 3487 5754 a
3544 5701 3732 5769 patri-
