3942 6250
204 292 352 368 ’3οῚ

1536 306 1633 365 DE
1674 304 2046 365 llEBDOMO
2080 304 2189 365 CP.

3397 311 3504 372 393

238 420 414 477 archa
454 416 689 492 Cyriaro
750 418 962 476 solenni
1017 420 1124 477 ritu
1180 428 1477 476 coronatus
1534 430 1641 484 est,
1705 434 1829 474 cum
1863 428 1907 483 Α
1939 417 2134 472 Martio
2183 418 2274 489 qui
2316 418 2437 473 urbi
2473 421 2759 491 proximus
2796 417 2899 473 fuit
2938 437 2949 471 :
2987 420 3079 475 ubi
3113 420 3331 475 locutus
3368 420 3522 475 vide-

238 515 383 569 alias
410 515 775 583 imperatores
804 513 856 566 iu
886 513 1001 567 aede
1030 513 1298 569 duntaxat
1324 511 1598 585 Sophiana
1622 526 1827 566 corona

239 608 444 661 donari
472 606 731 661 solerent.
768 606 821 659 ls
842 621 975 659 vero
1010 605 1194 660 triduo
1220 615 1512 679 postquam
1544 605 1599 659 iu
1632 603 1827 659 urbem

239 697 422 763 venit,
467 697 767 753 Eudociam
807 712 1033 752 uxorem
1084 696 1379 768 Augustam
1430 698 1734 758 coronavit,
1775 696 1830 749 in

243 790 364 845 aede
389 790 603 847 scilicet
630 789 929 860 Sophiana,
963 806 1087 844 eum
1122 791 1210 846 ille
1238 802 1399 846 antea
1432 792 1484 845 in
1520 790 1827 852 Ilebdomo,

196 954 203 962 ἢ
242 882 447 938 seu°in
476 882 594 937 aede
631 882 688 937 S.
734 881 963 937 Joannis
996 884 1277 954 Baptistae,
1316 901 1343 939 a
1387 884 1700 956 patriarcha
1733 899 1830 938 co-

242 985 480 1031 ronatus
520 975 735 1030 fuisset.
785 976 863 1030 Ita
898 993 1066 1047 porro
1121 977 1522 1032 Constantinus
1551 976 1834 1048 Cnprony-

244 1083 375 1122 mus
427 1082 459 1123 a
519 1079 675 1138 patre
720 1068 907 1123 Leone
961 1069 1153 1124 Isauro
1211 1071 1269 1122 ὲν
1318 1070 1396 1139 τῷ
1449 1070 1830 1141 τριεουναὶλιε),

220 1165 303 1214 'et
338 1159 449 1213 Leo
489 1159 788 1215 Armenius
839 1162 897 1213 ὲν
943 1161 1021 1232 τῷ
1067 1161 1173 1233 πρδ
1212 1162 1309 1232 τῆς
1363 1161 1571 1225 πόλεως
1621 1162 1836 1233 τριεου-

243 1253 439 1324 vallo),
464 1253 632 1309 levati
659 1255 917 1327 leguntur
941 1255 1090 1326 apud
1135 1254 1391 1310 eumdem
1420 1255 1834 1325 Theophanem,

240 1344 577 1418 Symeouem
608 1342 997 1417 Logmhe‘tam,
1036 1355 1092 1402 et
1119 1345 1421 1418 Georgium
1454 1346 1833 1401 llamartolum

244 1437 303 1493 in
338 1438 627 1494 Chronicis
656 1455 816 1505 mss.,
850 1441 908 1492 ἐν
952 1440 1030 1510 τῷ
1078 1439 1283 1511 κάμπῳ
1308 1438 1401 1492 τοῦ
1436 1437 1833 1509 τριϐουναλίου,

244 1530 304 1584 in
329 1529 606 1585 Chronico
636 1546 738 1586 ms.
774 1531 842 1585 ab
873 1530 1085 1585 Adamo
1117 1530 1181 1583 ad
1220 1530 1461 1584 Leonem
1497 1528 1833 1600 Sapientem.

245 1622 411 1677 Hisce
446 1622 651 1677 addere
685 1623 861 1693 placet
890 1622 1037 1693 quod
1068 1621 1295 1677 tradunt
1332 1622 1656 1682 Simocatta,
1688 1619 1834 1674 idem

238 1711 665 1780 Theophanes,
723 1720 778 1766 et
827 1712 1098 1785 Georgius
1151 1712 1525 1775 llamartolus,
1584 1709 1836 1764 Mauricii

242 1804 387 1875 imp.
415 1812 472 1858 et
501 1803 739 1859 ﬁliorum
782 1807 836 1860 in
870 1806 1119 1877 EutrOpii
1159 1806 1226 1859 ad
1273 1804 1682 1860 Calehcdoncm
1712 1818 1839 1874 por-

244 1904 307 1950 tu
344 1911 615 1952 caesorum
654 1896 855 1967 capita,
911 1914 1012 1968 per
1047 1899 1261 1968 aliquot
1301 1897 1421 1952 dies
1468 1896 1615 1966 plebi
1668 1911 1837 1965 expo-

240 1986 685 2045 suisse'Phoeam
705 1990 760 2044 iu
786 1989 992 2059 Campo
1017 1990 1353 2045 Tribunalis.
1382 1987 1539 2056 Quod
1562 1988 1604 2042 si
1633 1986 1835 2041 factum

242 2082 303 2136 id
339 2092 486 2137 esset
515 2083 757 2152 septimo
786 2083 853 2137 ab
887 2084 1019 2137 urbe
1058 2083 1305 2145 milliari,
1352 2098 1418 2137 eo
1450 2090 1598 2136 certe
1641 2095 1839 2134 conce~

238 2175 383 2232 dere
460 2176 800 2244 oportuisset
870 2177 1089 2247 plebem
1137 2174 1833 2246 Constantinopolitanam,

241 2268 397 2339 quod
431 2284 593 2325 nemo
618 2270 819 2340 opinor
850 2269 955 2325 sibi
987 2270 1342 2341 persuadeat.

318 2360 414 2416 1X.
467 2362 546 2417 Ex
610 2363 695 2417 his
750 2362 919 2434 igitur
982 2370 1133 2434 patet
1185 2363 1413 2417 omnino
1467 2360 1834 2423 Hebdomum,

240 2452 539 2519 Tribunal,
589 2464 645 2510 et
672 2454 965 2526 Campum,
1020 2457 1341 2526 promiscae
1392 2457 1650 2526 usurpari
1686 2456 1835 2526 apud

226 2546 502 2602 'iaudatos
546 2549 847 2617 scriptores
890 2564 991 2619 pro
1046 2565 1158 2605 uno
1214 2549 1522 2619 eodemque
1562 2548 1705 2614 loco,
1743 2547 1836 2602 ubi

244 2641 542 2696 acclamari
566 2651 620 2696 et
646 2641 965 2713 inaugurari
997 2642 1247 2698 solebant
1275 2644 1659 2713 imperatores,
1687 2658 1837 2698 more

240 2732 317 2787 ab
361 2736 591 2803 antiquo
637 2744 879 2804 recepto,
930 2749 1054 2789 cum
1102 2735 1158 2788 in
1206 2733 1427 2804 Campis
1474 2734 1707 2800 Martiis,
1738 2750 1835 2790 seu

239 2826 343 2895 qui
386 2826 453 2879 ad
495 2826 735 2898 majores
781 2826 1033 2882 civitates
1076 2837 1260 2893 erant,
1314 2826 1368 2881 id
1415 2827 1587 2881 ferme
1617 2843 1839 2897 semper

241 2920 436 2989 peragi
488 2920 711 2973 solitum
760 2920 997 2975 doceant
1046 2920 1372 2991 scriptores,
1418 2936 1484 2976 ac
1532 2920 1585 2975 in
1644 2919 1838 2990 primis

244 3010 472 3066 Flavius
502 3011 793 3081 Vopiscus.
823 3028 932 3082 quo
960 3013 1084 3067 loco
1114 3013 1333 3075 scribit,
1360 3012 1553 3069 Tacito
1580 3028 1610 3067 a
1636 3022 1832 3067 senatu

1938 521 2028 565 tur
2076 510 2449 580 TheOphanes
2498 528 2675 577 more,
2726 523 2787 567 ut
2822 513 2897 568 ita
2949 513 3156 577 dicam,
3203 511 3523 569 Constanti-

1934 604 2265 675 nopolitano
2327 623 2341 670 ;
2396 622 2507 679 quo
2569 607 2692 664 loco
2738 607 3039 663 Chronicon
3096 607 3524 687 Altxandrinugu

1937 693 2141 761 habet,
2195 697 2252 748 ἐν
2308 696 2385 765 τῷ
2460 698 2676 769 Κάμπῳ
2744 698 3120 768 τριΰουνάλιον
3174 696 3262 769 ἐφ’
3318 697 3522 768 ὑψηλοῦ

1939 791 2194 858 ποιήσας,
2239 801 2374 855 etc.,
2414 792 2570 863 cujus
2616 793 2839 863 quidem
2884 794 3198 848 Tribunalis
3248 792 3524 848 Constan-

1938 882 1995 936 tii
2028 883 2278 938 meminit
2308 885 2648 942 Themistius
2698 894 2836 941 orat.
2873 889 2924 943 5.
2964 887 3083 957 Non
3122 887 3323 941 mirum
3356 887 3525 957 igitur

1939 975 1982 1028 si
2015 977 2108 1045 qui
2144 994 2446 1048 purpuram
2486 978 2848 1049 arripiebaut,
2877 980 3199 1050 priusquam
3234 980 3290 1034 in
3325 981 3520 1034 urbem

1939 1069 2214 1135 venirent,
2254 1070 2319 1122 ad
2374 1068 2669 1139 Campum,
2716 1080 2771 1126 ct
2821 1072 2888 1126 ad
2940 1072 3206 1127 Tribunal
3265 1073 3411 1144 quod
3468 1073 3523 1125 iu

1938 1157 2145 1229 Campo
2179 1161 2302 1215 urbi
2352 1162 2603 1231 proximo
2634 1171 2774 1227 crat,
2821 1164 3177 1229 accedebant,
3210 1165 3363 1219 utab
3408 1180 3530 1223 0m-

1938 1251 2123 1318 nibus,
2176 1270 2239 1307 ae
2297 1255 2568 1310 militibus
2623 1255 2957 1325 praesertim,
2995 1272 3232 1326 quorum
3276 1272 3341 1311 ea
3386 1267 3527 1329 tem-

1940 1354 2147 1414 pt'state
2184 1347 2236 1400 id
2259 1349 2404 1418 juris
2441 1364 2564 1404 esse
2609 1350 2924 1417 videbatur,
2976 1351 3344 1421 imperatores
3378 1365 3531 1413 more

1940 1437 2164 1500 recepto
2216 1431 2682 1487 acclamarentur.
2745 1432 2890 1500 Quin
2947 1433 3112 1489 etiam
3167 1433 3528 1489 observatum

1942 1523 2151 1593 pridem
2184 1540 2212 1577 a
2242 1525 2373 1579 viris
2398 1524 2595 1591 doctis,
2616 1525 2907 1599 lEgyptios
2926 1542 3087 1599 reges
3108 1542 3233 1598 pOSt
3253 1526 3534 1583 celebrata
3572 1570 3586 1576 -

1941 1613 2337 1687 ἀνακλητῇρια,
2360 1615 2598 1687 Memphi
2636 1618 2689 1671 in
2716 1618 2927 1673 Palatio
2962 1618 3157 1674 solitos
3187 1617 3530 1689 inaugurari,
3556 1680 3559 1685 _

1941 1723 2052 1761 non
2085 1724 2218 1762 vero
2236 1709 2602 1776 Alexandriae,
2630 1726 2751 1781 qute
2771 1711 2989 1783 {Egypti
3008 1721 3175 1780 caput
3192 1721 3333 1777 erat,
3353 1719 3414 1765 ut
3442 1725 3533 1764 re-

1946 1817 2072 1873 gum
2099 1803 2391 1857 Persarum
2409 1803 2609 1874 inaugu
2620 1803 2911 1872 rationem,
2928 1820 3093 1875 quam
3111 1806 3333 1874 τελετὴν
3346 1804 3538 1876 appel-

1946 1893 2157 1955 labant,
2186 1892 2385 1948 factam
2428 1895 2752 1967 Parasgadis
2784 1912 2798 1949 :
2840 1895 3122 1965 quomodo
3157 1896 3327 1950 etiam
3376 1911 3536 1968 reges

1948 1985 2121 2038 nostri
2146 1984 2497 2040 Durocottori
2523 1985 2820 2041 Remorum
2838 1986 3161 2058 inaugurari
3188 1996 3245 2042 et
3271 1988 3534 2042 coronari

1947 2077 2143 2141 solent,
2185 2094 2294 2132 non
2345 2094 2478 2134 vero
2520 2078 2769 2140 Parisiis,
2821 2079 2959 2135 urbe
3001 2081 3156 2150 regni
3200 2081 3485 2151 primaria.

2019 2167 2084 2223 Χ.
2122 2167 2283 2222 Aliud
2317 2167 2547 2239 proinde
2587 2168 2691 2223 fuit
2734 2168 3102 2235 llebdomum,
3135 2186 3236 2226 seu
3261 2173 3536 2242 septimus

1856 2271 1865 2277 '
1947 2261 2016 2316 ab
2042 2262 2175 2316 urbe
2205 2260 2365 2332 lapis,
2403 2261 2549 2317 aliud
2584 2260 2824 2331 Campus
2878 2262 2945 2317 ad
2994 2263 3212 2327 urbem,
3266 2262 3535 2319 Hebdomi

1946 2351 2315 2421 appellatione
2370 2349 2632 2415 donatus,
2691 2350 2842 2407 aliud
2895 2351 3187 2419 Tribunal,
3232 2353 3399 2424 eique
3436 2352 3537 2407 ad-

1942 2446 2194 2515 junctum
2258 2444 2529 2499 Palatium
2583 2444 3175 2511 ConStantinianeum,
3238 2456 3538 2516 utrumque

1944 2539 2113 2594 etiam
2148 2538 2340 2593 eadem
2382 2538 2799 2593 uomenclatura
2832 2538 3186 2594 notissimum
3222 2539 3370 2609 apud
3400 2553 3538 2593 scrt-

1946 2642 2133 2702 ptorcs
2164 2629 2516 2702 Byzantinos,
2575 2630 2724 2700 quod
2773 2632 2908 2687 satis
2960 2647 3239 2702 superque
3268 2634 3537 2702 probasse

1945 2722 2299 2777 arbitramur.
2333 2720 2463 2788 Qua:
2493 2721 2715 2792 quidem
2748 2739 2857 2776 non
2894 2722 3187 2779 observata
3222 2723 3532 2785 distinctio.

1945 2814 2068 2870 viro
2115 2815 2360 2879 erudito,
2410 2814 2644 2885 aliisque
2701 2813 2844 2870 forte
2884 2816 3073 2872 lucum
3122 2804 3277 2881 fecit,
3313 2816 3453 2871 adeo
3478 2829 3539 2873 ut

1945 2908 2032 2961 vix
2066 2923 2129 2962 ac
2165 2924 2234 2962 ne
2284 2908 2371 2962 vix
2412 2908 2632 2979 quidem
2683 2909 2785 2964 sibi
2842 2908 3177 2979 persuadere
3228 2910 3535 2979 potuerint,

1948 2998 2292 3054 Hebdomum
2345 3017 2454 3055 non
2509 3001 2675 3057 modo
2701 3000 2767 3056 ad
2808 3003 3001 3055 urbem
3033 3001 3389 3071 pertinuisse,
3441 3004 3539 3057 sed

242 3103 305 3158 in
366 3102 758 3174 imperatorem
821 3107 1019 3167 electo,
1080 3106 1202 3159 inde
1249 3105 1382 3158 itum
1449 3106 1518 3159 ad
1572 3105 1835 3175 Campum
1868 3133 1911 3191 Ο
1945 3107 2001 3146 ct
2047 3101 2257 3162 partem
2326 3093 2473 3149 illius
2520 3093 2664 3149 intra
2706 3093 2881 3163 ipsius
2939 3109 3129 3150 muros
3166 3093 3401 3158 includi,
3452 3096 3539 3149 vel

248 3193 539 3261 Martium,
562 3196 633 3250 ibi
673 3195 955 3252 Comitiale
980 3195 1236 3251 Tribunal
1260 3198 1556 3251 ascendisse
1581 3196 1837 3252 eumdem

245 3288 553 3354 Tacitum,
618 3300 674 3343 et
718 3289 1035 3360 prtefectum
1083 3289 1208 3345 urbi
1258 3288 1462 3344 Elium
1522 3286 1837 3344 Cmsonium

244 3381 545 3436 nuntiasse
598 3378 873 3436 militibus
932 3394 988 3436 ct
1041 3381 1258 3436 civibus
1304 3382 1358 3434 in
1422 3381 1716 3451 principem
1776 3380 1840 3433 de

241 3475 517 3528 sententia
566 3476 803 3529 omnium
859 3474 1183 3529 exercituum
1234 3472 1488 3528 Tacitum
1554 3490 1583 3527 a
1640 3483 1838 3527 senatu

242 3567 513 3621 electum.
572 3565 769 3621 Tradit
816 3575 1084 3637 praetcrea
1135 3565 1281 3620 idem
1344 3564 1585 3633 scriptor
1655 3563 1836 3619 Probo

242 3658 479 3715 militari
518 3658 755 3728 quodam
806 3673 1075 3713 consensu
1120 3657 1172 3711 in
1224 3659 1611 3728 imperatorem
1663 3656 1838 3711 accla-

244 3763 425 3813 niato,
479 3738 676 3822 factum
720 3768 1053 3815 concursum,
1100 3760 1148 3805 et
1195 3750 1510 3821 cespititium
1558 3749 1834 3813 Tribunal,

243 3834 685 3916 appellatumque
726 3845 1127 3916 imperatorem,
1182 3852 1339 3914 atque
1373 3853 1622 3896 ornatum
1667 3841 1835 3913 pallio

241 3954 538 4010 purpureo,
572 3937 713 4000 quod
742 3940 805 3991 de
835 3945 1015 3991 statua
1047 3934 1226 4005 templi
1261 3934 1503 3990 ablatum
1543 3945 1640 4002 est,
1677 3942 1836 4005 atque

240 4026 373 4083 inde
397 4030 467 4082 ad
495 4027 767 4083 Palatium
804 4028 1096 4082 reductum.
1132 4027 1200 4081 Et
1228 4026 1566 4090 Lactantius,
1600 4026 1654 4081 in
1690 4025 1835 4080 libro

243 4122 328 4177 De
380 4122 634 4176 mortibus
678 4131 1074 4193 persecutorum
1127 4138 1185 4176 ιι.
1238 4121 1331 4185 52,
1378 4120 1447 4176 de
1495 4119 1830 4176 Maximino:

245 4215 428 4269 Victus
476 4217 830 4281 contumacia,
879 4214 1018 4269 tollit
1072 4215 1373 4270 Cwsareum
1424 4231 1639 4276 nomen,
1679 4224 1729 4267 et
1778 4230 1834 4268 se

243 4303 617 4377 Liciniumque
647 4306 908 4376 Augustos
945 4305 1205 4377 appellat,
1240 4303 1572 4360 Maxentium
1604 4314 1650 4359 et
1694 4302 1830 4360 Con-

242 4401 512 4453 stantium
561 4398 700 4468 ﬁlios
728 4400 1091 4469 Augustorum
1124 4398 1200 4468 (id
1240 4407 1326 4453 est
1356 4396 1622 4468 Caasares)
1661 4396 1833 4451 Maxi-

1946 3183 2138 3238 saltcm
2190 3185 2257 3240 ad
2324 3183 2439 3255 ipsa
2494 3186 2759 3242 suburbia
2818 3187 3067 3256 potuisse
3134 3187 3422 3256 protendij,
3474 3202 3541 3240 ac

1947 3272 2217 3329 Hebdomi
2262 3277 2471 3330 servari
2509 3278 2960 3347 appellationem.
3011 3276 3174 3344 Quod
3225 3292 3357 3331 sane
3389 3278 3540 3332 acci-

1943 3368 2049 3434 dit,
2096 3371 2595 3439 qucmadmodum,
2653 3378 2713 3424 ut
2768 3371 3074 3442 attigimus.
3145 3369 3412 3440 Campum
3464 3370 3533 3424 ad

1942 3460 2173 3515 Lutetiae
2216 3462 2417 3516 mmnia
2469 3476 2661 3516 versus
2693 3460 3163 3531 Septentrionem,
3227 3459 3539 3535 Sandiony-

1943 3552 2159 3607 sianum
2178 3554 2341 3622 vulgo
2374 3553 2735 3624 appellamus,
2766 3555 2835 3609 ab
2873 3554 3077 3624 oppido
3108 3564 3166 3610 et
3197 3555 3539 3609 monasterio

1943 3645 2003 3700 S.
2038 3645 2305 3717 Dionysii,
2356 3654 2596 3715 quatuor
2650 3645 2979 3703 milliaribus
3026 3647 3094 3702 ab
3135 3646 3274 3701 urbe
3317 3645 3535 3702 dissito.

1942 3735 2082 3789 Vere
2122 3736 2267 3790 enim
2307 3736 2415 3791 dici
2448 3746 2627 3807 potest
2664 3744 2875 3808 partem
2920 3737 3081 3792 istius
3114 3737 3267 3807 agri,
3306 3737 3535 3807 prolatis

1940 3829 2175 3885 subinde
2204 3829 2443 3885 civitatis
2479 3830 2789 3901 pommriis,
2833 3846 2957 3884 esse
2981 3832 3128 3885 intra
3176 3832 3352 3900 ipsam
3384 3829 3539 3883 Pari-

1941 3920 2153 3976 siorum
2186 3920 2403 3989 urbem,
2430 3932 2489 3976 ut
2516 3932 2646 3992 pars
2666 3919 3028 3978 llebdomiani
3055 3922 3208 3992 agri,
3240 3921 3332 3992 qui
3363 3937 3538 3991 usque

1939 4014 2006 4068 ad
2034 4024 2190 4069 vetus
2212 4016 2533 4085 Byzantium
2561 4013 3486 4084 protendebatur,prolatispariter
3503 4028 3537 4068 a

1936 4106 2301 4163 Constantino
2358 4110 2663 4180 pommriis,
2689 4111 2835 4167 intra
2859 4123 3055 4162 novam
3091 4108 3283 4163 urbem
3316 4106 3534 4162 inclusa

1936 4210 2021 4255 est
2079 4219 2093 4255 :
2159 4199 2306 4270 quod
2355 4199 2578 4271 quidem
2647 4200 2873 4270 planum
2925 4199 3045 4266 ﬁet,
3108 4198 3338 4268 prolatis
3389 4200 3537 4253 scri-

1935 4306 2156 4367 ptorum
2189 4293 2635 4358 auctoritatibus,
2656 4308 2725 4347 ne
2747 4292 2918 4362 gratis
2940 4291 2993 4346 id
3021 4292 3254 4361 proferri
3284 4291 3533 4347 dicatur“

2005 4387 2099 4442 XI.
2145 4386 2513 4457 TheOphanes
2557 4400 2703 4441 anno
2749 4385 2783 4440 5
2837 4385 3183 4441 Constantini
3241 4384 3534 4456 Pogonati,

245 4490 427 4543 minus
470 4488 802 4558 postmodum
832 4488 1017 4541 scribit
1051 4488 1206 4559 quasi
1243 4488 1516 4549 nuntians,
1553 4488 1607 4540 in
1640 4485 1839 4556 Campo
1875 4491 1917 4546 ο
1942 4496 2105 4550 quem
2147 4480 2494 4535 laudavimus
2522 4480 2577 4534 in
2609 4489 2796 4533 nostra
2825 4477 3305 4547 Constantinopoli,
3338 4477 3536 4533 scribit

246 4580 455 4638 Martio
491 4584 731 4654 proxime
771 4583 1036 4637 celebrato
1073 4584 1369 4654 Augustum
1411 4597 1466 4635 se
1509 4580 1571 4634 ab
1605 4581 1837 4635 exercitu

244 4686 639 4747 nuncupatum.
720 4675 875 4730 Mitto
935 4692 1058 4744 quae
1132 4677 1200 4730 de
1253 4674 1453 4730 Juliani
1525 4673 1579 4727 in
1630 4672 1837 4741 Campo

243 4777 304 4820 et
336 4765 394 4819 in
441 4763 733 4819 Tribunali
780 4766 832 4818 in
879 4764 1055 4821 Callia
1101 4764 1423 4818 Ammianus
1461 4761 1834 4823 Marcellinus,

243 4869 307 4915 et
340 4858 410 4913 de
449 4856 695 4913 Gratiani
735 4857 878 4926 apud
913 4858 1198 4911 Ambianos
1225 4855 1280 4909 in
1323 4854 1619 4918 Tribunali,
1655 4862 1711 4909 ct
1740 4853 1840 4907 Va-

244 4938 544 5008 lentiniani
574 4950 818 5005 Junioris
847 4950 910 5003 ab
937 4951 1168 5004 exercitu
1208 4954 1264 5002 in
1306 4947 1581 5002 Tribunali
1623 4949 1677 5001 in
1707 4946 1837 5001 cici-

244 5051 359 5097 tate
392 5043 612 5106 Acinca,
636 5041 1073 5111 inauguratione,
1111 5039 1339 5103 ldatitts,
1389 5039 1641 5095 scribunt
1673 5056 1686 5103 ;
1745 5038 1837 5092 ubi

245 5134 524 5190 duntaxat
550 5133 847 5188 observare
879 5133 1065 5196 liccat,
1109 5131 1376 5186 Tribunal
1427 5131 1537 5185 dici
1576 5131 1746 5185 fuisse
1784 5129 1839 5183 in

244 5228 500 5290 civitate,
559 5226 777 5282 tametsi
834 5241 949 5280 rem
1004 5236 1183 5280 actam
1237 5224 1291 5278 in
1347 5222 1581 5292 Campo,
1653 5223 1841 5293 proxi-

248 5340 401 5379 mum
447 5335 585 5377 vero
617 5319 711 5388 sit,
754 5317 1063 5374 secundum
1114 5327 1396 5386 receptum
1444 5332 1676 5370 morem.
1732 5314 1840 5369 Sed

242 5425 303 5471 et
338 5414 611 5484 Campum
655 5420 710 5466 et
754 5409 1017 5465 Tribunal
1056 5411 1222 5465 etiam
1260 5408 1450 5464 Romae
1492 5406 1636 5462 idem
1674 5406 1844 5461 fuisse

247 5506 428 5564 ﬁrmat
491 5504 889 5576 Theophanes,
947 5503 1038 5557 ubi
1091 5503 1160 5557 de
1222 5500 1549 5557 Constantio
1607 5500 1843 5555 solemni

244 5617 441 5673 pompa
473 5599 676 5655 urbem
707 5597 956 5668 ingresso
988 5614 1001 5650 :
1037 5594 1302 5660 Ἑξελοὼν
1334 5593 1391 5646 δὲ
1425 5598 1483 5648 ἐν
1520 5593 1596 5664 τῷ
1623 5593 1845 5666 τριόου-

243 5696 411 5767 ratio)
466 5694 719 5762 Κὰμπῳ,
775 5691 868 5743 καὶ
912 5689 1040 5753 στὰς
1094 5691 1177 5759 ἐφ’
1232 5688 1420 5760 ὕψους,
1464 5688 1844 5757 συμπαρόντος

250 5785 396 5858 αὖτῷ
418 5783 516 5840 τοῦ
552 5780 948 5852 στρατοπέδου,
974 5779 1328 5851 ἐδημηγόρει,
1361 5778 1413 5834 id
1440 5788 1522 5836 cst
1548 5780 1602 5832 in
1631 5777 1839 5849 Campo

1943 4574 2249 4630 Saracenos
2288 4576 2343 4629 in
2390 4574 2682 4631 Thracicas
2721 4584 2908 4643 partes
2960 4573 3262 4644 appulisse,
3314 4572 3541 4628 urbem-

1942 4684 2052 4737 que
2110 4667 2393 4723 obsedisse
2442 4668 2511 4722 ab
2571 4665 2900 4722 occidentali
2970 4666 3351 4737 promontorio
3388 4665 3540 4721 lleb-

1945 4761 2134 4825 domi,
2227 4776 2325 4816 seu
2420 4760 2777 4832 Magnaura,
2851 4775 3027 4831 usque
3106 4758 3176 4814 ad
3266 4758 3538 4816 orientale

1943 4854 2417 4922 promontorium,
2479 4854 2626 4923 quod
2686 4852 3010 4924 Cyelobium
3076 4862 3296 4909 vocant.
3382 4852 3537 4910 Illius

1945 4946 2116 5001 verba
2189 4956 2319 5001 sunt
2396 4946 2793 5016 expendenda,
2866 4947 3015 5017 quod
3093 4949 3537 5003 controversiam

1943 5055 2164 5094 onlnem
2213 5039 2481 5094 dirimant
2522 5051 2537 5097 :
2594 5039 2782 5110 Τούτῳ
2828 5040 2907 5109 τῷ
2957 5040 3071 5095 ἔτει
3128 5043 3156 5093 ὁ
3208 5041 3533 5111 προλεχοεὶς

1944 5130 2055 5184 τῶν
2115 5130 2403 5203 θεομάχων
2460 5130 2644 5196 στόλος
2715 5131 2925 5196 ἀναϐὰς
2995 5134 3404 5206 προσώρμησειν
3472 5133 3534 5183 ὲν

1945 5225 2056 5286 τοῖς
2086 5220 2372 5293 θρᾳκῴοις
2406 5223 2631 5294 μέρεσιν
2667 5222 2775 5276 ἀπὸ
2815 5224 2916 5292 τῆς
2947 5224 3082 5294 πρὸς
3112 5224 3267 5276 δύσιν
3297 5222 3536 5291 ἀκρότη-

1946 5331 2036 5377 τος
2059 5315 2154 5369 τοῦ
2198 5314 2487 5386 Ἐεδόμου,
2550 5318 2668 5388 ἦτοι
2700 5316 2798 5388 τῆς
2823 5316 3127 5388 λεγομένης
3167 5313 3535 5385 Μαγναύρας,

1955 5411 2115 5480 μέχρι
2169 5408 2330 5463 πάλιν
2378 5408 2472 5461 τοῦ
2505 5409 2642 5478 πρὸς
2707 5409 2973 5478 ἀνατολὴν
3028 5405 3378 5480 ἀκρωτηρίου
3437 5407 3532 5463 τοῦ

1950 5500 2247 5570 λεγομένου
2282 5498 2609 5554 Κυκλοὸιου.
2639 5500 2794 5555 Κατὰ
2823 5503 3003 5555 πᾶσαν
3028 5500 3127 5569 τὴν
3159 5499 3373 5571 ἡμέραν
3397 5515 3538 5568 συμ-

1948 5592 2080 5663 ϐολὴ
2119 5591 2358 5663 πολέμου
2401 5593 2681 5662 ἐκροτεῖτο
2726 5595 2836 5649 ἀπὸ
2902 5593 3044 5664 πρωϊ
3101 5593 3205 5658 ἓως
3269 5591 3536 5666 ἑσπέρας,

1948 5685 2059 5739 ἀπὸ
2114 5684 2425 5756 βραχιοΜου
2488 5687 2587 5754 τῆς
2640 5686 2861 5756 Χρυσῆς
2937 5686 3146 5758 nem;
3214 5684 3378 5757 μέχρι
3438 5691 3533 5740 τοῦ

1953 5778 2261 5831 Κυκ>.ο6ἰου
2300 5777 2525 5840 ἑαυτοὺς
2568 5777 2857 5843 ὠθοῦντες,
2923 5781 3017 5835 καὶ
3050 5777 3373 5851 ὠθούμενοι.
3406 5777 3540 5845 Quae
