3912 6244
437 267 554 334 399

411 381 665 452 'qnidem
702 379 775 435 ita
809 380 1047 435 reddidit
1075 388 1268 435 auctor
1301 379 1554 435 Miscella:
1602 396 1618 433 :

438 477 572 547 perii
616 473 980 539 Constantini,
1036 475 1319 544 prtedictus
1381 472 1551 527 Deum
1594 474 2022 543 impngnantium

435 570 604 623 stolas
629 568 915 623 ascendens
954 565 1240 637 appiicavit
1273 567 1328 621 in
1352 565 1732 620 Thracensibns
1762 565 2023 634 partibus,

434 676 471 715 lt
492 661 797 715 summitate
826 657 1065 714 videlicet
1084 659 1317 725 septimi,
1348 673 1467 728 quis
1485 660 1651 726 vergit
1682 657 1753 711 ad
1776 656 2012 712 Occiden-

440 760 564 815 tem,
597 752 650 805 id
672 759 747 806 est
772 770 804 806 α
841 751 995 805 domo
1019 766 1138 821 qna:
1172 750 1475 820 Magnanra
1506 750 1720 814 dicitur,
1754 759 1803 803 et
1840 766 2022 804 rursus

436 858 598 914 usque
636 844 706 897 ad
740 858 942 910 arcem,
984 855 1145 914 quam
1197 841 1503 912 Cyclobium
1554 843 1757 908 dicunt,
1808 860 2025 916 quicque

435 944 636 1006 spectat
664 936 731 990 ad
758 933 1050 990 Orientem.
1109 933 1212 987 Per
1249 940 1419 987 totum
1462 935 1643 1004 itaque
1700 936 1839 989 diem
1898 952 2027 990 con-

436 1029 633 1098 gressio
669 1026 793 1080 belli
822 1027 1115 1090 tenebatur,
1151 1025 1207 1077 id
1249 1033 1325 1079 est
1371 1042 1404 1079 a
1442 1042 1599 1080 mane
1638 1043 1802 1097 usque
1831 1028 1902 1081 ad
1931 1044 2027 1082 re-

437 1135 674 1189 speram.
718 1135 750 1172 a
786 1115 1080 1171 brachialio
1120 1117 1304 1171 Aurem
1333 1126 1500 1187 porta:
1522 1134 1685 1189 usque
1705 1117 2024 1189 Cyclobium,

435 1213 660 1267 invicem
694 1221 915 1280 utraque
938 1217 1091 1277 parte
1112 1209 1169 1263 in
1190 1222 1293 1264 uno
1315 1208 1528 1280 pulvere
1563 1210 1883 1282 impellente.
1918 1211 2026 1268 Ce-

438 1304 645 1358 drenus
691 1301 932 1370 idipsum
971 1315 1244 1355 enarratis
1268 1317 1287 1355 :
1331 1300 1454 1355 Τῶν
1491 1302 1780 1373 Θεομάχων
1836 1303 2024 1367 στόλος

438 1392 613 1444 ἐλθὼν
654 1390 1063 1462 προσώρμησεν
1090 1394 1148 1444 ἐν
1170 1396 1280 1454 τοῖς
1306 1392 1592 1463 Θρᾳκῴοις
1622 1397 1867 1465 μέρεσιν,
1917 1396 2027 1450 ἀπὸ

438 1483 533 1535 τοῦ
583 1481 843 1552 Ἐϐδόμου
878 1483 1044 1553 μέχρι
1079 1482 1413 1537 Κυκλοόἱου.
1440 1484 1542 1540 Ubi
1575 1485 1846 1556 Ἕϐδομον
1878 1487 2026 1544 nude

436 1582 626 1640 vocat,
656 1573 803 1643 quod
845 1573 1213 1644 Theophanes
1243 1577 1684 1646 promontorium
1728 1578 2024 1636 Hebdomi.

438 1665 680 1721 Zonaras
708 1665 903 1719 iisdem
922 1664 1037 1720 fere
1067 1665 1251 1720 verbis
1274 1666 1478 1736 quibus
1507 1667 1874 1739 Theophanes
1910 1687 2024 1726 rem

438 1766 693 1813 recenset
734 1775 750 1805 τ
785 1752 920 1811 Εῐτα
982 1758 1156 1830 στόλῳ
1193 1758 1355 1828 βαρεῖ
1380 1759 1502 1813 κατ’
1551 1762 1720 1831 αὐτῆς
1782 1762 2026 1834 ἀπῆλθον

439 1850 544 1920 τῆς
603 1847 872 1919 βασιλίδος
922 1846 1065 1901 τῶν-
1096 1848 1308 1903 πόλεων
1332 1892 1348 1917 ,
1415 1850 1510 1904 καὶ
1560 1854 1905 1924 ναύσταθμον
1930 1855 2024 1909 τοῦ

441 1942 705 2011 σερετέρου
761 1940 954 1994 στόλου
1018 1940 1317 2012 πεποίηντο
1366 1941 1476 1995 ἀπὸ
1530 1943 1627 1997 τοῦ
1673 1947 1811 2014 πρὸς
1874 1947 2026 2003 δύσιν

438 2034 810 2104 ἀκρωτηρίου,
848 2033 943 2088 τοῦ
983 2034 1124 2087 κατὰ
1164 2034 1452 2104 Ἕϐδομον,
1497 2036 1660 2107 μέχρι
1685 2038 1777 2091 τοῦ
1815 2041 2026 2094 Κυκλο-

437 2126 578 2180 ϐίου.
610 2126 714 2182 Ubi
760 2124 1000 2196 scriptor
1044 2125 1398 2181 Narrationis
1426 2127 1705 2185 historicas
1734 2129 1787 2185 in
1824 2130 2024 2187 festum

433 2220 538 2287 τῆς
572 2217 917 2282 Ἀκαθίστου,
955 2216 1023 2271 de
1059 2217 1193 2287 ipsis
1227 2216 1496 2289 Agarenis
1532 2220 1725 2276 urbem
1758 2222 2025 2279 obsiden-

436 2311 585 2366 tibus
608 2311 711 2366 sub
734 2309 929 2365 eodem
958 2308 1237 2381 Pogonato
1272 2310 1441 2366 verba
1474 2312 1686 2368 iaciens
1718 2330 1735 2372 :
1768 2314 2030 2386 Προσώρ-

444 2421 624 2473 μησαν
657 2405 724 2474 τῇ
757 2401 1186 2475 πατραοαλασσίῳ
1211 2402 1306 2457 τοῦ
1349 2403 1630 2474 Έϐδὸμου.
1663 2405 1733 2461 Ει
1759 2407 2028 2478 Georgius

438 2496 787 2550 Hatnartoltts
819 2494 874 2548 in
900 2493 1179 2549 Chronico
1216 2509 1321 2549 ms.
1354 2511 1373 2550 :
1406 2496 1515 2548 Kal.
1540 2499 2027 2568 προσορμήσαντες

437 2590 580 2643 κατὰ
636 2590 736 2657 τὴν
791 2585 1060 2658 παράλιον
1104 2584 1202 2639 τοῦ
1263 2585 1568 2657 Ἐὀδόμου,
1623 2596 1762 2655 etc.,
1816 2588 2028 2645 scilicet

439 2695 633 2734 versus
656 2679 1002 2749 ἀκρωτήριον
1044 2676 1142 2732 τοῦ
1173 2676 1468 2747 Ἐσδόμου,
1528 2693 1558 2733 a
1603 2695 1717 2749 quo
1756 2695 1930 2749 usque
1957 2681 2026 2737 ad

439 2773 787 2845 Cyelobium,
818 2787 927 2825 non
963 2770 1237 2836 terrestri,
1274 2769 1371 2825 sed
1402 2771 1681 2827 maritima
1711 2773 2024 2839 obsidione,

446 2879 509 2923 ut
542 2876 758 2923 exserte
792 2867 990 2922 scribit
1027 2865 1414 2935 Theophanes,
1437 2864 1629 2919 urbem
1660 2866 2030 2923 circumsede-

440 2962 663 3016 derunt.
689 2960 936 3029 Denique
962 2957 1132 3013 tradit
1162 2958 1309 3013 idem
1353 2957 1722 3028 Theophanes
1756 2960 1812 3015 in
1842 2959 2027 3015 Leone

407 3034 627 3111 'lsauro
669 3071 760 3110 an.
809 3056 861 3120 l,
911 3053 1135 3109 eosdem
1170 3052 1477 3107 Saracenos
1510 3053 1701 3108 urbem
1744 3053 2027 3110 obsedisse

438 3150 548 3203 ἀπὸ
582 3149 678 3218 τῆξ
711 3146 1052 3218 Μαγναύρας
1109 3146 1214 3207 ἕως
1241 3144 1572 3210 Κυκλοόἱου,
1609 3145 1888 3200 maritima
1919 3145 2028 3201 sci-

439 3243 571 3297 licet
599 3240 808 3311 pariter
840 3238 1152 3294 obsidione.
1185 3237 1261 3292 Ex
1298 3236 1502 3307 quibus
1534 3236 1624 3292 hic
1659 3238 1841 3293 allatis
1866 3239 2028 3307 locis,

438 3351 579 3405 quas
637 3334 800 3405 paulo
860 3330 1179 3387 accuratius
1220 3344 1347 3386 cum
1415 3331 1571 3385 urbis
1634 3331 2029 3402 topographica

438 3426 811 3495 descriptione
847 3439 911 3479 ac
940 3422 1357 3493 ichnographia,
1393 3439 1553 3495 quam
1581 3425 1635 3477 in
1671 3432 1858 3479 nostra
1889 3422 2030 3479 Con-

438 3519 788 3590 stantinopoli
814 3518 1118 3573 Christiana
1150 3515 1416 3571 deliueari
1443 3517 1783 3580 curavimus,
1818 3532 2027 3586 expen-

440 3613 534 3666 dat
555 3612 715 3666 velim
764 3624 945 3664 novus
979 3624 1042 3663 ac
1077 3609 1289 3678 primus
1323 3617 1566 3663 assertor
1593 3608 2027 3672 liebdomianus,

441 3718 607 3759 nemo
650 3704 762 3757 nisi
811 3702 1044 3756 nimium
1075 3701 1333 3771 pervicax
1370 3698 1608 3755 inliciari
1645 3700 1851 3765 poterit
1876 3700 2025 3755 Heb-

441 3797 667 3849 domum
705 3795 772 3847 ad
803 3793 996 3846 urbem
1028 3792 1339 3863 pertigisse,
1370 3793 1600 3863 ejusque
1634 3800 1845 3862 partem
1883 3793 2025 3847 intra

443 3887 637 3940 urbem
677 3884 923 3955 potuisse
959 3883 1190 3949 includi,
1224 3899 1349 3938 cum
1372 3881 1697 3953 Cyclobium
1730 3884 1798 3939 ad
1832 3898 2026 3939 muros

443 3979 600 4033 urbis
653 3986 945 4032 terrestres
992 3991 1181 4032 versus
1214 3976 1481 4031 orientem
1516 3984 1573 4030 et
1612 3975 2026 4047 Propontidem,

439 4072 733 4142 Magnaura
766 4085 899 4125 vero
920 4069 989 4124 ad
1014 4070 1236 4124 eosdem
1271 4084 1481 4132 muros,
1528 4070 1640 4124 imo
1670 4070 1814 4125 intra
1848 4071 2020 4141 ipsam

438 4166 632 4219 urbem
675 4177 870 4218 versus
922 4161 1266 4217 occidentem
1308 4170 1363 4216 et
1405 4162 1844 4231 promontorium
1885 4162 2028 4217 “ub-

437 4257 587 4311 doml
618 4257 954 4319 exstiterint,
1015 4254 1162 4325 quod
1209 4255 1397 4308 multis
1450 4255 1505 4310 in
1551 4264 1736 4308 nostra
1763 4255 2024 4309 lucubra-

439 4349 588 4404 tione
617 4349 925 4403 docuimus.
985 4347 1039 4402 Si
1079 4346 1227 4402 enim
1261 4348 1700 4417 promontorium
1751 4344 2021 4401 llebdomi

1505 260 1987 332 DISQUISITIO
2025 260 2269 322 TOPOG
2286 262 2645 322 RAPHICM

1672 377 1826 431 Auno
1866 378 1899 432 5
1931 379 2001 430 im
2058 388 2097 440 Α
2130 377 2292 433 bilius
2338 379 2554 443 afferat,
2605 393 2669 431 ut
2718 392 2843 432 cum
2888 377 3098 433 Seneca
3152 379 3367 450 loquar,
3422 388 3540 435 tum
3599 400 3701 436 non

3592 265 3697 329 “‘0

2127 481 2347 540 gravate
2375 473 2443 523 ab
2483 470 2745 539 opinione
2797 484 2919 524 mea
2950 469 3005 524 in
3048 473 3379 527 sententiam
3416 473 3561 528 illius
3591 473 3701 528 dis-

2127 561 2433 614 cessionem
2471 560 2676 615 fecero.

2198 651 2316 704 XII.
2363 652 2467 706 Sed
2526 662 2583 705 ut
2628 667 2730 707 nec
2782 653 3218 723 promontorium
3284 652 3574 715 llebdomi,
3630 652 3701 708 ita

2128 759 2305 814 neque
2339 743 2681 799 llehdomum
2712 745 2889 815 ipsum
2922 749 2987 802 ad
3027 746 3348 817 l’ropontidt
3369 762 3423 800 ιιι
3451 746 3573 812 fut,
3610 746 3700 801 sed

2127 837 2193 891 ad
2234 837 2388 891 sinus
2420 837 2659 892 Ceratini
2703 850 2891 908 caput,
2923 840 3014 894 ubi
3053 839 3286 911 Cydaris
3316 849 3371 896 et
3403 839 3701 910 Barhysses

2127 930 2338 986 ﬂuviali
2393 932 2710 998 confluunt,
2764 932 2913 987 haud
2967 934 3157 1004 procul
3212 933 3283 988 ab
3336 933 3498 996 urbe,
3552 932 3697 1003 quod

2127 1037 2292 1092 supra
2323 1023 2470 1076 allati
2499 1024 2605 1078 loci
2641 1024 2870 1080 omnino
2903 1023 3210 1080 declarant.
3244 1025 3320 1079 Ex
3349 1024 3558 1095 quibus
3589 1025 3703 1078 evi-

2127 1112 2324 1168 denter
2354 1125 2521 1184 patet,
2550 1131 2660 1169 non
2695 1115 2856 1170 modo
2885 1115 3226 1171 llebdomum
3252 1116 3319 1171 ad
3349 1118 3692 1172 occidentem

2127 1221 2320 1260 versus
2352 1206 2706 1277 Magnauram
2743 1220 2892 1264 recte
2932 1214 3125 1275 statui,
3169 1210 3316 1280 quod
3352 1210 3576 1280 quidem
3608 1212 3705 1266 Pa-

2126 1297 2319 1353 latium
2367 1299 2678 1368 proximum
2717 1301 2819 1355 fuit
2854 1301 2997 1356 sinui
3047 1300 3336 1369 Ceratino;
3382 1302 3478 1357 sed
3526 1312 3585 1357 et
3610 1318 3704 1373 per

2126 1390 2382 1445 eumdem
2415 1394 2596 1446 sinum
2637 1392 2942 1449 Saracenos
2994 1393 3051 1448 in
3095 1394 3463 1461 Hebdomum,
3515 1410 3613 1449 seu
3649 1395 3701 1450 in

2110 1480 2391 1553 'Campum
2445 1483 2568 1537 urbi
2624 1485 2956 1554 proximum,
3018 1488 3357 1557 pervenisse,
3408 1502 3439 1541 a
3484 1503 3598 1556 quo
3639 1487 3703 1540 ad

2126 1575 2445 1648 Gyelobium
2493 1592 2666 1648 usque
2716 1577 2906 1632 urbem
2945 1580 3080 1633 mari
3126 1579 3421 1634 obsedere.
3469 1579 3705 1634 Proinde

2128 1683 2253 1723 cum
2298 1669 2564 1740 παράλιον
2610 1669 2705 1723 τοῦ
2762 1670 3065 1741 Ἑϐδόμου,
3110 1672 3382 1744 Georgius
3421 1672 3708 1728 llanmrtu-

2059 1744 2099 1795 Β
2127 1762 2235 1825 lus,
2269 1771 2325 1816 et
2366 1762 2647 1831 αἰγιαλοὺς
2682 1763 2776 1818 τοῦ
2816 1763 3079 1835 Ἔϐδόμου
3110 1764 3251 1819 dixit
3297 1766 3534 1835 scriptor
3583 1767 3707 1820 vitii:

2132 1849 2190 1906 S.
2225 1851 2409 1907 Basilii
2440 1854 2709 1921 Junioris,
2751 1871 2806 1909 n.
2846 1856 2899 1917 7,
2926 1856 3176 1925 ejusdem
3219 1858 3524 1927 superioris
3553 1858 3711 1912 sinus

2128 1943 2312 2000 littora
2348 1946 2577 2019 intelligi
2631 1949 2860 2012 debent,
2921 1950 3012 2005 ubi
3072 1959 3269 2020 portus
3306 1951 3401 2021 qui
3456 1952 3511 2006 in
3565 1946 3711 2006 [inb-

2129 2040 2291 2096 domo
2329 2043 2605 2099 exstitisse
2654 2050 2934 2110 narratur,
2977 2060 3140 2115 quem
3192 2045 3328 2116 πρὸς
3369 2045 3704 2116 Βλαχὲρνειις

2128 2133 2328 2189 κόλπον
2367 2146 2528 2191 vocat
2559 2138 2847 2208 Scylitzes,
2901 2139 3067 2193 statui
3099 2133 3285 2201 debet,
3331 2152 3441 2192 non
3468 2138 3535 2192 ad
3573 2136 3706 2193 Prop

2127 2225 2438 2295 pontidem.
2499 2226 2603 2293 Qui
2659 2227 2882 2298 quidem
2941 2239 3135 2298 portus
3175 2228 3224 2285 is
3266 2228 3511 2291 videtur,
3541 2244 3702 2299 quem

2128 2317 2325 2388 λιμένα
2371 2317 2466 2372 τοῦ
2517 2317 2784 2388 Ἐσδόμου
2836 2330 3021 2385 vocat,
3077 2330 3134 2377 et
3186 2330 3482 2391 purgatum
3535 2322 3707 2378 fuisse

2127 2426 2273 2465 anno
2309 2412 2380 2466 25
2406 2410 2706 2467 Justiniani
2739 2413 2935 2468 scribit
2977 2413 3125 2468 idem
3166 2413 3584 2485 Theophanes:
3636 2414 3703 2468 ad

2127 2519 2290 2572 quem
2323 2504 2540 2560 scilicet
2579 2504 2786 2561 Tiberii
2815 2504 3168 2561 Constantini
3198 2506 3577 2576 imperatoris,
3609 2506 3703 2576 qui

2128 2594 2187 2648 ἐν
2212 2594 2504 2666 προκέσσῳ
2552 2594 2645 2649 τοῦ
2699 2595 2963 2677 Ἐὄδρμου
2997 2596 3236 2658 obierat,
3284 2596 3526 2652 cadaver
3561 2598 3701 2661 πλοῖ,

2129 2700 2226 2741 seu
2267 2686 2505 2757 navigio,
2546 2696 2606 2742 ut
2642 2697 2725 2742 est
2772 2688 2829 2742 in
2861 2687 3112 2744 Chronico
3142 2690 3525 2755 Alexandrino,
3554 2690 3704 2746 dela-

2131 2786 2245 2831 tum
2274 2786 2378 2833 est.
2413 2777 2520 2833 Sed
2549 2787 2605 2833 et
2630 2777 2699 2834 de
2732 2779 3010 2834 similibus
3054 2780 3180 2834 aliis
3227 2781 3281 2835 in
3310 2780 3622 2847 Hebdomo,
3650 2789 3706 2834 et

2129 2869 2196 2923 ad
2253 2869 2432 2924 sinunt
2488 2869 2809 2925 Ceratinum
2869 2871 3115 2942 νεωρίοις
3176 2873 3389 2943 egimus
3428 2872 3482 2926 in
3514 2882 3703 2927 nostra

2131 2960 2612 3033 Constantinopoli.
2666 2963 2785 3018 Non
2824 2963 3023 3018 mirum
3074 2964 3240 3034 igitur
3279 2966 3322 3020 si
3361 2964 3704 3019 llebdomum

2132 3057 2577 3128 παραθαλάσσεος
2627 3058 2794 3120 τόπος
2846 3058 3065 3114 dicatur
3114 3059 3384 3128 Procopio
3435 3068 3493 3113 ct
3545 3058 3703 3112 Nice-

2134 3149 2307 3220 phoro
2335 3150 2817 3221 Coustantinopol.
2843 3150 2897 3205 in
2935 3149 3075 3205 Hist.
3118 3150 3266 3220 quod
3310 3149 3526 3209 scilicet
3557 3150 3705 3205 sines

2131 3241 2371 3297 Ceratini
2398 3243 2679 3298 littoribus
2713 3243 3039 3313 adjacuerit.

2204 3333 2342 3388 Xlll.
2382 3334 2590 3390 Scribit
2643 3333 3012 3404 TheOphanes
3063 3334 3434 3404 Nicephorum
3469 3334 3703 3388 Phocam

2132 3428 2521 3497 imperatorem
2579 3425 2963 3489 acclamatum,
3042 3425 3384 3498 Chrysogtoii,
3418 3441 3531 3496 quo
3581 3439 3702 3480 cum

2131 3518 2305 3572 classe
2330 3516 2636 3586 appulerat,
2672 3516 3034 3584 imperatorio
3086 3515 3354 3568 dromone
3394 3522 3697 3581 assumpto,

2130 3611 2210 3673 ei;
2240 3609 2298 3662 τὺ
2326 3608 2588 3678 "necom
2617 3624 2647 3663 a
2679 3607 2923 3663 Prasinis
2964 3607 3290 3674 deductum,
3336 3608 3430 3661 ubi
3471 3609 3701 3668 scilicet,

2131 3701 2433 3756 secundum
2468 3709 2751 3769 receptum
2796 3714 3030 3765 morem,
3075 3698 3380 3768 imperator
3419 3698 3474 3752 in
3508 3698 3703 3752 Tribu-

2129 3791 2239 3846 nali
2274 3791 2691 3845 acclamaretur.
2730 3788 3054 3862 Chrysopoli
3087 3803 3306 3860 nempe,
3363 3804 3489 3858 quae
3537 3788 3702 3844 Cera-

2131 3883 2246 3937 tino
2308 3883 2682 3949 promontorio
2726 3881 3170 3948 obversabatur,
3231 3896 3339 3935 non
3393 3880 3450 3934 in
3508 3881 3695 3935 urbem

2131 3979 2368 4041 transiit,
2417 3977 2511 4032 sed
2552 3991 2778 4030 emenso
2806 3974 2925 4046 ipso
2959 3973 3385 4036 sinuCeratino,
3431 3973 3502 4028 ad
3557 3973 3698 4027 llcbo

2127 4072 2353 4125 domum
2402 4069 2658 4139 pervenit
2695 4085 2708 4124 :
2745 4067 2892 4138 quod
2944 4066 3148 4123 clarius
3191 4074 3379 4120 narrat
3410 4065 3697 4137 Scylitzcs,

2130 4164 2353 4219 tradens
2385 4163 2757 4232 Nicephorum
2794 4176 2918 4215 cum
2955 4169 3068 4215 tota
3100 4160 3276 4214 classe
3316 4157 3695 4228 Chrysopolim

2130 4256 2429 4326 traiecisse,
2467 4254 2709 4322 indeque
2756 4251 2822 4306 ad
2899 4249 3267 4316 llebdomum,
3358 4259 3528 4319 atque
3575 4248 3698 4302 hinc

2128 4351 2305 4403 πάντα
2356 4350 2448 4401 τὸν
2490 4348 2664 4419 δῆμον
2714 4346 2813 4416 τῆς
2860 4345 3066 4410 πόλεως
3108 4346 3227 4413 μετ’
3259 4342 3551 4412 εὐφημιῶν
3608 4341 3696 4395 καὶ

437 4443 503 4495 ad
537 4443 835 4512 septimum
875 4441 1111 4495 milliare
1156 4440 1369 4495 exstitit
1419 4456 1615 4494 versus
1641 4440 1923 4495 Orientem
1961 4448 2018 4494 et

2131 4444 2350 4515 κρότων,
2395 4443 2658 4512 δημοσίας
2705 4440 3002 4510 γινομένης
3073 4437 3339 4507 προόδου,
3391 4437 3446 4491 in
3513 4436 3694 4490 urbem

441 4533 853 4601 Propontidem,
886 4531 1033 4600 quod
1065 4534 1113 4585 is
1145 4531 1367 4585 videtur
1393 4530 1551 4597 velle,
1580 4533 1675 4600 qui
1703 4533 1819 4585 tieri
1850 4540 2028 4599 potest

440 4636 502 4677 ut
544 4626 853 4695 proximum
911 4624 1082 4677 fuerit
1137 4622 1443 4693 Magnaura:
1491 4623 1715 4692 palatio,
1766 4624 1913 4694 quod
1973 4625 2029 4678 in

428 4717 587 4770 ‘urbe
624 4726 680 4770 ct
716 4715 782 4769 ad
816 4715 970 4768 urbis
1018 4729 1206 4769 muros
1250 4729 1451 4768 versus
1484 4729 1739 4769 occasum
1784 4716 2030 4771 exstitit?

431 4807 589 4872 'Quis
620 4805 855 4876 denique
896 4806 949 4859 in
985 4813 1224 4859 mentem
1268 4805 1372 4860 sibi
1413 4805 1718 4868 induxerit,
1768 4807 1852 4860 vel
1889 4807 2029 4860 scri-

456 4902 589 4955 bere
638 4898 894 4963 voluerit,
944 4894 1246 4951 Saracenos
1296 4896 1484 4950 urbem
1535 4897 1816 4950 obscdissc
1864 4912 1893 4951 a
1943 4912 2030 4951 se-

440 4993 620 5063 ptimo
653 4990 874 5045 milliari
907 5003 1102 5044 versus
1147 4989 1445 5059 Rhegium,
1489 4988 1657 5059 (quod
1698 4988 1760 5040 12
1783 4989 1850 5042 ab
1886 4990 2025 5042 urbe

438 5084 624 5157 lapide
667 5083 735 5138 ad
781 5081 1173 5152 Propontidem
1239 5082 1294 5135 in
1338 5080 1541 5135 Charta
1600 5081 2025 5151 Peutingeriana

438 5175 828 5247 statuitur)'ad
859 5172 1205 5244 Cyclohium.
1258 5189 1354 5227 seu
1388 5172 1672 5227 castellum
1704 5172 2019 5238 rotundum,

440 5271 589 5344 quod
621 5271 799 5325 eidem
830 5266 1153 5336 Propontidi
1197 5265 1460 5337 adjacuit,
1508 5264 1674 5319 hodie
1718 5267 2019 5320 etiamnum

441 5362 805 5435 lleptapyrgio
830 5359 1141 5414 inclusum?
1161 5358 1339 5413 Veluti
1368 5357 1413 5411 si
1448 5358 1575 5427 quis
1603 5358 1817 5413 diceret
1844 5358 2024 5413 Lute—

440 5460 567 5513 tiam
605 5457 790 5510 hostes
812 5453 1218 5507 circumsedere
1248 5468 1277 5504 a
1314 5449 1576 5505 Versaliis
1604 5449 1673 5504 ad
1709 5450 2019 5522 Lupareum

438 5568 613 5621 usque
667 5550 976 5611 Palatium,
1030 5548 1078 5604 is
1127 5557 1277 5602 certe
1328 5546 1633 5602 deridiculo
1697 5547 2019 5602 haberetur.

444 5645 634 5700 Videat
669 5644 800 5714 quid
858 5651 1109 5711 reponat,
1158 5651 1214 5696 et
1265 5641 1472 5696 nodmn
1504 5641 1654 5695 hunc
1707 5643 1884 5695 solvat
1934 5638 2021 5695 vir

441 5736 717 5803 eruditus,
753 5734 798 5790 si
833 5744 1013 5789 tamen
1049 5742 1247 5804 potest,
1286 5735 1369 5789 vel
1401 5744 1554 5791 certe
1588 5732 1794 5803 aliquid
1821 5731 2020 5802 proba-

2130 4534 2519 4597 introduxissc,
2576 4532 2665 4586 διὰ
2712 4532 2807 4600 τῆς
2831 4529 3055 4601 Χρνσῆς
3098 4529 3324 4598 πόρπας.
3387 4543 3488 4596 per
3540 4541 3697 4597 quam

2131 4626 2338 4682 scilicet
2365 4625 2618 4680 solennes
2658 4623 2938 4694 ingressus
2979 4620 3094 4676 ﬁeri
3137 4622 3330 4676 solitos
3358 4619 3490 4674 alibi
3514 4621 3703 4674 obser-

2130 4718 2397 4779 vavimus,
2449 4715 2597 4786 quod
2630 4722 2686 4770 et
2726 4723 2944 4769 exserte
2997 4711 3161 4766 docet
3201 4710 3606 4765 Constantinus
3649 4706 3699 4759 in

2129 4810 2251 4866 Vita
2281 4809 2465 4865 Basilii
2494 4809 2625 4877 imp.
2671 4821 2730 4861 n.
2773 4805 2843 4859 40
2888 4805 3023 4860 edit.
3055 4800 3397 4858 Comhelisi’t.
3431 4801 3503 4856 Et
3530 4801 3703 4855 Zona-

2131 4916 2219 4955 ras
2255 4917 2270 4955 :
2308 4901 2410 4952 Τὸν
2444 4898 2774 4970 ⁸Νικηφόρον
2818 4894 3027 4949 ἐκεῖθεν
3090 4892 3462 4965 (Cltrysopoli)
3515 4895 3593 4955 et;
3639 4889 3699 4942 τὸ

2131 4993 2400 5061 Ἕϐδομον
2460 4994 2675 5062 ἄγουσι,
2727 4988 2978 5045 κάκεῖθεν
3014 4992 3109 5040 σὺν
3148 4985 3362 5056 προόδῳ
3412 4983 3702 5054 δημοτελεί

2131 5087 2211 5149 εἰς
2264 5086 2361 5155 τὴν
2392 5085 2654 5154 Μεγάλην
2701 5082 3013 5152 ἐκκλησίαν.
3049 5079 3151 5136 Ubi
3181 5092 3364 5139 nemo,
3395 5081 3615 5147 opinor,
3637 5090 3699 5130 ex

2129 5177 2197 5234 iis
2233 5178 2433 5249 quibus
2474 5186 2640 5231 notus
2672 5185 2755 5231 est
2799 5172 3360 5242 Constantinopoleos
3402 5173 3568 5237 situs,
3599 5169 3698 5225 sibi

2127 5266 2182 5321 in
2220 5266 2461 5322 animum
2496 5265 2795 5330 induxerit,
2843 5264 3214 5332 Nicephorum
3261 5262 3329 5316 ad
3370 5262 3554 5316 locum
3586 5270 3702 5316 ten-

2127 5362 2371 5424 dentem,
2403 5359 2495 5414 ubi
2537 5357 2947 5427 inaugurandus
2995 5364 3115 5410 erat
3172 5355 3503 5423 imperator,
3539 5353 3705 5424 siqui—

2126 5451 2249 5506 dem
2291 5449 2358 5504 ad
2402 5450 2795 5520 Pr0pontidem
2843 5445 3146 5508 exstiterit,
3202 5461 3329 5499 cum
3367 5455 3483 5500 tota
3535 5446 3704 5501 classe

2123 5540 2507 5613 ChrySOpolim
2554 5528 2874 5610 appulisse,
2923 5553 2992 5593 eo
3034 5551 3254 5590 rursum
3301 5552 3695 5592 reversurum:

2126 5644 2187 5689 ut
2220 5633 2484 5688 urbanam
2535 5648 2754 5687 omnem
2816 5627 3226 5684 multitudinem
3287 5628 3355 5684 ad
3410 5629 3703 5701 scptimutn

2126 5743 2299 5798 usque
2332 5727 2570 5798 lapidem
2598 5740 2891 5798 egressam,
2928 5722 3163 5793 indeque
3182 5722 3419 5779 solemni
3452 5736 3707 5795 processu
