3912 6244
237 386 335 453 lill

1547 398 1647 459 DE
1689 398 2060 460 HEBDOMO
2092 399 2198 459 ΟΡ.

3403 408 3513 473 402

234 504 614 578 Nicephorum
649 506 885 563 Pbocam
928 509 993 563 ad
1041 511 1227 567 urbem
1260 512 1574 570 deduxisse.
1626 513 1815 585 Neque
1851 520 1886 575 Δ
1921 515 1978 570 1ἱί
2040 513 2158 570 Vita
2218 530 2272 568 ιι.
2331 514 2400 568 90
2449 515 2719 586 ejusmodi
2772 515 2972 586 palatia
3029 531 3127 575 seu
3183 517 3509 576 suburbana

241 603 396 657 aliter
427 602 833 674 intelligendus
864 603 1189 661 Anastasius
1220 606 1697 671 Bibliothecarius.
1725 626 1835 676 quo

255 694 374 748 loco
429 703 625 749 narrat
661 694 1082 751 Constantinum
1139 714 1328 768 papam
1371 716 1494 754 cum
1544 701 1609 755 ad
1656 702 1832 758 Czeam

245 782 476 836 imulam
540 785 889 854 appulisset,
978 787 1271 845 deductum
1361 791 1528 847 fuisse
1591 795 1641 847 in
1692 794 1834 848 Heb-

241 875 488 939 domum,
522 874 764 947 indeque
796 878 849 932 in
896 878 1086 933 urbem
1125 901 1137 934 :
1169 899 1200 934 a
1236 899 1337 952 quo
1375 885 1485 938 loco
1523 887 1831 956 navigantes

240 973 500 1021 cencrnnt
535 986 569 1022 a
608 970 832 1039 septima
864 970 1119 1025 milliaria
1149 971 1683 1043 Constantinopolim.
1727 977 1829 1033 Ubi

238 1056 472 1128 Septimi
515 1059 768 1115 milliaris
794 1062 1062 1117 vocabulo
1109 1064 1417 1136 Magnanime
1443 1068 1703 1133 palatium
1747 1070 1831 1125 in-

241 1151 532 1221 teliigitur,
562 1152 617 1206 in
646 1169 758 1222 quo
795 1154 972 1224 excipi
1008 1156 1183 1225 primo
1212 1159 1460 1214 solebant
1489 1161 1662 1216 exteri
1712 1178 1829 1216 ma-

236 1253 453 1315 gnates,
494 1246 577 1299 vel
606 1248 774 1301 etiam
804 1247 993 1318 legati,
1029 1250 1174 1318 quod
1222 1267 1331 1320 prae
1356 1255 1569 1308 caeteris
1596 1264 1829 1310 testatur

234 1351 404 1404 supra
427 1336 684 1391 laudatus
711 1337 1109 1396 Constantinus
1135 1341 1187 1395 in
1214 1342 1299 1396 avi
1330 1344 1536 1412 Vita,n.
1564 1347 1654 1411 τι,
1688 1357 1745 1403 et
1772 1348 1827 1401 in

236 1435 428 1480 nostra
504 1427 571 1482 de
633 1427 772 1482 urbe
848 1428 1243 1512 lucubratione
1289 1433 1574 1490 docemus.
1623 1436 1827 1493 Eadem

234 1519 399 1585 plane
429 1520 645 1574 ratione
684 1520 1023 1592 intelligendi
1051 1524 1216 1578 etiam
1247 1527 1566 1598 Anonymus
1591 1529 1826 1585 Combe-

236 1608 490 1672 ﬁsianus,
542 1611 827 1683 Scylitzes,
884 1623 941 1669 et
985 1617 1082 1671 alii
1119 1618 1172 1672 in
1219 1618 1466 1675 Romano
1517 1621 1822 1692 Lacapeno,

232 1696 365 1751 dum
406 1701 657 1755 scribunt
691 1703 833 1757 Ριξξι-Ξ
861 1705 1223 1775 Bulgarorutn
1256 1709 1399 1779 regis
1430 1725 1554 1764 cum
1577 1713 1823 1784 ejusdem

236 1790 593 1859 imperatoris
627 1795 736 1848 lilia
789 1795 953 1852 Maria
999 1798 1051 1852 in
1094 1798 1231 1854 urbe
1265 1801 1557 1857 celebratis
1595 1804 1822 1873 nuptiis.

231 1883 487 1938 eamdem
533 1885 759 1940 Mariam
805 1903 912 1941 una
975 1904 1099 1944 cum
1150 1893 1383 1963 conjuge
1416 1894 1470 1948 in
1518 1894 1824 1965 Bulgariam

233 1976 634 2044 proferturam,
660 1981 728 2034 ad
758 1981 1097 2038 llebdomum
1120 2000 1295 2055 usque
1327 2002 1356 2042 a
1383 1989 1702 2058 parentibus
1726 1989 1824 2046 do-

234 2067 505 2135 ductam,
576 2071 778 2141 bicque
829 2075 1011 2129 navim
1065 2079 1478 2137 conscendisse.
1528 2083 1826 2151 Appulerat

235 2177 366 2214 vero
419 2163 619 2218 Petrus
650 2163 1186 2238 Constantinopolim
1236 2187 1427 2228 versus
1466 2174 1822 2244 Blaebernas,

236 2263 529 2310 utexserte
559 2257 729 2313 tradit
751 2258 1016 2331 Georgius
1039 2266 1439 2330 monachus,ad
1466 2268 1690 2324 Portum
1720 2270 1826 2327 sci-

232 2347 361 2403 licet
388 2350 700 2418 proximum
737 2337 1174 2409 llebdomianum
1209 2373 1223 2411 :
1283 2359 1379 2413 ubi
1412 2368 1465 2414 et
1498 2376 1824 2418 reversurus

236 2437 287 2491 in
316 2440 557 2508 patriam
588 2441 773 2495 navim
799 2446 1142 2500 conscendit.
1180 2446 1287 2501 Sed
1315 2456 1370 2502 et
1402 2449 1546 2505 idem
1586 2454 1824 2523 scriptor

234 2531 444 2591 subdit,
473 2531 643 2589 Maria
667 2549 695 2587 a
738 2536 1055 2603 parentibus
1084 2539 1149 2592 ad
1184 2537 1527 2596 Ilebdomum
1562 2543 1820 2611 deducta,

236 2619 383 2688 ipsos
415 2637 545 2676 cum
581 2623 746 2678 Petro
779 2625 831 2679 in
876 2626 1069 2682 eodem
1098 2629 1382 2687 llebdomo
1410 2635 1681 2704 epulatos,
1714 2639 1822 2693 sci-

233 2712 360 2768 l’cet
393 2714 447 2767 in
492 2715 869 2773 llebdomiano
923 2719 1146 2777 Palatio.
1186 2723 1483 2781 Enimvero
1535 2729 1679 2798 quod
1713 2731 1824 2787 Leo

231 2805 660 2873 Grammaticus,
680 2808 915 2881 Synteon
939 2813 1271 2883 Logotheta,
1294 2826 1350 2872 et
1371 2817 1514 2872 idem
1535 2819 1824 2892 Scylitzes,

232 2895 563 2968 Symcoucm
594 2900 954 2971 Bulgarorum
998 2921 1182 2975 regem
1209 2908 1401 2964 urbem
1429 2911 1667 2980 primum
1710 2914 1825 2969 circ

231 2990 577 3045 cumsedisse
639 3005 1124 3063 commemorant,
1183 2997 1353 3055 ducto
1410 3015 1440 3054 a
1504 3000 1824 3060 Blaehernis

229 3080 368 3135 vallo
398 3081 469 3135 ad
496 3093 710 3151 portam
740 3083 998 3145 Auream.
1035 3103 1098 3142 ac
1130 3089 1329 3145 deinde
1359 3091 1512 3148 urbis
1541 3094 1822 3163 potiundae

1938 605 2192 676 βασιλικὰ
2236 606 2539 677 μεταϐολῆς
2572 608 2735 663 ἕνεκα
2757 607 3077 678 καταγώγια
3120 611 3378 680 appellat,
3416 611 3511 665 ubi

1934 700 2003 754 de
2033 700 2249 770 Pegano
2275 696 2477 769 palatio
2517 700 2647 769 agit,
2694 700 2840 770 quod
2878 701 2944 755 ad
2981 702 3134 756 urbis
3173 717 3360 757 muros
3393 712 3514 759 erat

1933 806 2125 846 versus
2154 799 2366 860 portam
2403 790 2663 856 Auream,
2698 800 2759 845 ut
2794 802 2851 846 et
2881 793 3148 861 palatium
3185 794 3332 863 quad
3360 794 3511 850 ileb-

1933 882 2079 937 domi
2114 881 2460 952 appellabant
2482 896 2673 937 versus
2702 882 3027 939 Blaehcrnas
3048 896 3102 940 et
3132 887 3313 941 sinum
3341 887 3513 942 Cera-

1935 976 2135 1046 tinum,
2163 985 2220 1031 et
2245 975 2349 1044 πρὸ
2390 975 2489 1045 τῆς
2528 975 2736 1039 πόλεως
2769 986 2910 1039 erat,
2950 988 3009 1032 ut
3037 987 3123 1034 est
3151 980 3293 1049 apud
3332 980 3514 1036 Theo-

1933 1068 2166 1138 pbanetn
2207 1067 2261 1122 in
2293 1067 2558 1122 Michaele
2607 1082 2701 1121 an.
2748 1067 2969 1123 2.111ιι‹1
3008 1085 3175 1140 porro
3224 1071 3401 1141 ipsum
3427 1081 3514 1128 est

1929 1160 2074 1229 quod
2107 1161 2162 1215 in
2199 1162 2419 1232 regione
2456 1162 2519 1219 14
2581 1161 2813 1224 exstitit,
2864 1173 2924 1218 ut
2956 1172 3040 1217 est
3070 1164 3125 1217 in
3156 1164 3327 1218 veteri
3359 1165 3514 1219 urbis

1929 1253 2324 1322 descriptione,
2351 1263 2406 1309 et
2438 1252 2789 1309 Constantini
2816 1269 3014 1309 nomen
3053 1255 3275 1318 retinet,
3307 1272 3336 1310 a
3377 1272 3512 1311 cou-

1929 1343 2106 1398 ditorc
2136 1343 2494 1399 Constantino
2525 1343 2661 1409 M.,a
2695 1359 2803 1413 quo
2831 1344 3117 1399 conditum
3152 1346 3329 1415 primo
3356 1357 3512 1402 extra

1929 1437 2080 1492 orbis
2105 1438 2326 1503 muenia,
2375 1445 2564 1507 postea
2596 1438 2661 1492 iis
2697 1439 2981 1508 productis
3009 1438 3150 1494 intra
3180 1441 3393 1501 urbem,
3426 1443 3513 1494 vel

1927 1534 2077 1582 certe
2106 1527 2172 1581 ad
2210 1528 2325 1596 ipsa
2370 1527 2571 1582 mcenia
2602 1529 2906 1582 etiamnum
2954 1530 3314 1600 conspicitur.
3363 1530 3418 1583 In
3445 1544 3515 1584 eo

1928 1634 2059 1675 vero
2105 1619 2318 1673 exstitit
2351 1618 2759 1674 Consistorium
2807 1618 3054 1676 Gratiani
3110 1629 3165 1676 ct
3218 1622 3515 1678 Justiniani

1927 1710 2339 1780 imperatorum,
2371 1709 2439 1764 de
2464 1724 2572 1777 quo
2598 1710 2785 1764 multis
2811 1711 3045 1780 egimus.
3065 1709 3217 1765 Istud
3245 1712 3513 1765 vero-Pa-

1927 1798 2149 1858 latium.
2178 1796 2525 1853 Hebdomum
2562 1797 2708 1852 unde
2750 1811 2777 1849 a
2820 1797 3189 1867 scriptoribus
3220 1796 3332 1853 fere
3368 1813 3514 1852 sem-

1928 1904 2026 1959 per
2062 1887 2366 1957 nuncupari
2418 1896 2665 1950 constat;
2726 1888 2871 1957 quod
2910 1888 3218 1956 pnescrtim
3262 1890 3514 1945 eruimus

1927 1996 1996 2035 ex
2021 1980 2268 2051 ejusdem
2308 1979 2606 2035 Iustiniani
2645 1978 3157 2036 Constitutionibus
3195 1980 3339 2034 ineo
3368 1980 3514 2035 Con-

1925 2073 2147 2129 sistorio
2169 2073 2425 2139 exaratis,
2456 2087 2579 2142 qua:
2596 2070 2868 2127 subscribi
2898 2073 3076 2128 solent
3104 2072 3207 2127 bac
3233 2071 3505 2126 formula:

1924 2166 2163 2221 Recitata
2201 2164 2429 2233 Septimo
2468 2164 2719 2219 milliaria
2757 2166 2915 2234 hujus
2952 2164 3164 2235 inclytae
3205 2167 3428 2219 ciuitatis
3453 2167 3509 2219 in

1923 2258 2070 2315 Novo
2094 2258 2412 2316 Consistoria
2436 2258 2751 2322 Iustiniani,
2778 2257 2862 2311 vel
2888 2255 3268 2326 Septimiliario
3289 2260 3342 2312 in
3366 2257 3512 2311 Novo

1926 2351 2163 2410 Palatia,
2214 2351 2299 2405 vel
2348 2348 2579 2421 Septimo
2622 2349 2676 2403 in
2729 2346 2881 2403 Novo
2943 2348 3285 2403 Cansistaria.
3334 2348 3511 2403 Locos

1926 2444 2156 2514 protulit
2223 2441 2463 2497 lacobns
2523 2440 2818 2510 Cuiacius,
2876 2440 2976 2495 lib.
3059 2456 3169 2505 xx,
3217 2439 3508 2495 Obscrvat.

1923 2552 2047 2605 cap.
2081 2540 2160 2598 iit,
2220 2549 2324 2589 nos
2357 2533 2527 2589 etiam
2567 2534 2664 2588 lib.
2712 2548 2746 2586 ll
2794 2531 3325 2602 Constantinopoleos
3355 2532 3510 2588 Chri-

1924 2630 2137 2684 stianae.
2178 2626 2256 2681 Ex
2279 2627 2481 2697 quibus
2505 2625 2733 2681 omnino
2759 2625 3051 2680 coniicitur
3083 2623 3427 2689 chdamum,
3451 2631 3509 2678 et

1925 2720 2219 2791 Septimum
2290 2718 2558 2783 milliare,
2617 2718 2703 2772 vel
2756 2715 3201 2786 Septimiliarium
3281 2717 3509 2771 civitatis

1924 2809 2551 2879 Constantinopolitanae
2576 2808 2701 2863 ideo
2726 2806 3014 2879 appellari,
3048 2805 3197 2875 quod
3218 2821 3413 2860 revera
3438 2806 3507 2861 ad

1926 2904 2117 2958 urbem
2147 2911 2314 2966 esset,
2346 2911 2403 2957 ct
2429 2901 2496 2956 ad
2530 2900 2679 2955 illius
2700 2901 2925 2966 moenia,
2960 2899 3033 2953 ita
3055 2907 3118 2953 ut
3148 2899 3322 2968 ipsius
3353 2897 3508 2952 urbis

1925 3012 2052 3067 pars
2076 2996 2264 3059 fuerit,
2299 2994 2404 3051 etsi
2449 2994 2707 3064 primitus
2733 3003 2886 3049 extra
2913 2994 3061 3063 ipsos
3090 3007 3300 3052 muros.
3340 3001 3517 3060 atque

1923 3090 2063 3145 adeo
2096 3098 2155 3143 ut
2181 3105 2211 3144 a
2237 3088 2485 3159 Septimo
2514 3087 2583 3143 ab
2603 3087 2751 3144 Urbe
2784 3087 3007 3142 milliari
3037 3085 3505 3155 distingueretur:

228 3186 323 3241 spe
348 3173 596 3245 abjecta,
629 3176 688 3228 ὲν
708 3176 787 3247 τῷ
814 3176 1047 3250 λεγομὲν
1067 3205 1093 3247 ει
1132 3182 1380 3253 Ἑϐδόμῳ
1409 3186 1721 3251 recessisse,
1754 3188 1821 3242 de

1928 3181 2075 3237 unde
2100 3196 2225 3252 quae
2255 3181 2309 3234 in
2337 3179 2608 3249 Septimo,
2636 3179 2689 3233 id
2720 3187 2825 3246 est,
2859 3179 2944 3233 vel
2974 3179 3029 3233 in
3053 3177 3160 3231 hoc
3182 3174 3394 3229 Palatio
3420 3175 3519 3229 vel

228 3263 378 3331 pacis
476 3266 891 3325 conditionibus
976 3283 1263 3340 acturum,
1347 3276 1464 3332 haec
1559 3278 1823 3349 capienda

226 3366 352 3411 sunt
380 3373 498 3411 non
530 3358 598 3413 dc
625 3358 861 3429 septimo
916 3362 1158 3430 milliari,
1205 3366 1303 3422 sed
1346 3367 1415 3423 de
1443 3384 1638 3440 campo
1672 3371 1822 3426 Heb-

226 3446 400 3515 domi,
427 3451 487 3505 in
520 3467 631 3521 quo
668 3463 850 3509 castra
880 3454 1061 3512 ﬁxerit
1089 3474 1103 3511 :
1140 3473 1266 3514 cum
1300 3468 1411 3517 tota
1437 3462 1554 3519 haec
1580 3464 1826 3533 interpo-

223 3540 325 3595 sita
399 3543 670 3612 planities
731 3543 807 3600 ita
856 3557 1294 3618 nuncuparetur,
1347 3560 1409 3606 ut
1462 3554 1665 3623 passim
1730 3554 1824 3611 hic

223 3630 612 3690 observamus.
635 3635 797 3692 Unde
811 3652 935 3693 cum
952 3650 1148 3696 auctor
1170 3639 1418 3697 Chronici
1442 3643 1820 3711 Alexandrini,

222 3723 316 3779 ubi
346 3724 420 3781 de
453 3724 895 3784 Victoriatorum
925 3731 1197 3789 seditione
1223 3733 1327 3789 sub
1346 3732 1658 3790 Iustiniano
1686 3737 1815 3806 agit,

218 3816 429 3873 milites
468 3818 698 3875 venisse
752 3820 945 3877 scribit
998 3822 1105 3875 ἀπὸ
1140 3824 1235 3877 τοῦ
1275 3823 1559 3891 Ἐσὸόμου,
1596 3827 1691 3880 καὶ
1724 3823 1819 3880 τοῦ

229 3903 484 3978 Ῥηγίου,
522 3911 619 3966 καὶ
651 3911 749 3965 τοῦ
796 3912 1038 3986 ’Δούρα,
1084 3917 1181 3969 καὶ
1230 3918 1338 3971 ἀπὸ
1375 3918 1729 3991 Καλασρίας,
1764 3919 1818 3975 id

216 3994 289 4050 ita
318 3996 785 4070 intelligendum,
840 4012 901 4056 ut
923 4020 990 4059 ex
1023 4005 1222 4061 vicinis
1252 4006 1374 4062 urbi
1404 4008 1539 4064 locis
1581 4010 1618 4065 ii
1657 4012 1817 4068 acciti

216 4083 449 4153 fuerint,
483 4096 609 4144 sum
635 4105 704 4146 ex
749 4090 1032 4150 Hebdomo
1061 4111 1253 4153 versus
1278 4097 1651 4167 Occidentem,
1700 4111 1816 4157 tum

215 4191 283 4232 ex
311 4180 541 4254 Rbegio
576 4192 635 4237 et
656 4183 863 4255 Atbyra
897 4201 1088 4243 versus
1119 4189 1424 4255 Orientem,
1463 4198 1578 4245 tum
1602 4207 1671 4248 ex
1710 4192 1819 4249 Ca-

216 4268 429 4342 labrya,
496 4275 628 4331 loco
677 4276 889 4333 scilicet
935 4279 990 4335 in
1044 4280 1170 4337 Asia
1197 4281 1279 4338 sic
1309 4284 1604 4353 appellato,
1653 4300 1817 4356 quem

215 4362 557 4437 Καλοσρύην
589 4375 755 4422 vocat
794 4369 1116 4441 Bryennius,
1164 4373 1517 4447 Καλαὸρΰην,
1548 4375 1819 4448 Scylitzes

213 4462 269 4509 ct
292 4455 555 4513 Zonaras
588 4474 603 4511 :
638 4458 797 4514 Anna
824 4477 958 4517 vero
987 4461 1290 4530 Comnena,
1324 4466 1645 4538 Καλαύρην.

1929 3274 1983 3329 in
2016 3272 2306 3329 Tribunali
2341 3281 2461 3327 acta
2495 3271 2780 3337 dicuntur,
2806 3279 2956 3325 recte
2987 3270 3041 3323 in
3073 3268 3195 3337 ipsa
3219 3266 3354 3321 urbe
3384 3274 3506 3320 acta

1924 3365 2243 3421 referuntur
2277 3365 2333 3420 in
2360 3378 2526 3434 supra
2568 3363 2750 3418 allatis
2802 3369 3088 3415 auctorum
3123 3358 3281 3413 locis.
3325 3358 3506 3426 Atque

1925 3457 2051 3512 inde
2069 3456 2365 3512 Justiniani
2387 3455 2576 3511 Palatii
2600 3454 3026 3524 appellationem
3054 3450 3315 3520 deinceps
3336 3448 3506 3502 etiam

1922 3549 2175 3614 retinuit,
2208 3556 2270 3602 ut
2298 3564 2364 3603 ex
2395 3546 2818 3602 Bondelmontio
2865 3544 3180 3610 docuimus,
3200 3557 3233 3596 a
3270 3555 3380 3611 quo
3406 3556 3505 3595 su-

1922 3657 2019 3713 pra
2051 3641 2255 3696 mmnia
2281 3639 2563 3704 statuitur,
2596 3648 2653 3695 ct
2692 3638 2846 3708 juxta
2886 3635 3059 3692 aedem
3094 3635 3299 3691 Novem
3339 3632 3508 3689 Ordi-

1921 3748 2075 3799 num,
2104 3747 2201 3788 seu
2228 3731 2327 3788 SS.
2374 3731 2734 3802 Angelorum,
2776 3743 2941 3800 quam
2972 3726 3391 3784 Cantacuzcnus
3434 3724 3524 3778 ad~

1921 3826 2069 3897 ipsos
2109 3825 2265 3881 urbis
2309 3841 2499 3881 muros
2542 3825 2750 3894 pariter
2793 3822 3008 3887 statuit,
3063 3821 3203 3877 adeo
3232 3829 3294 3875 ut
3319 3819 3521 3874 nullus

1920 3917 2207 3974 dubitandi
2242 3916 2487 3988 supersit
2519 3921 2695 3977 locus.
2727 3917 2861 3986 quin
2892 3913 3297 3971 Consistorium
3326 3911 3503 3968 Justi-

1920 4010 2069 4066 niani
2105 4011 2161 4066 in
2194 4010 2442 4080 Septimo
2489 4008 2737 4072 milliari,
2790 4007 2925 4064 illud
2972 4006 3232 4076 idemque
3267 4003 3343 4059 sit
3374 4018 3517 4058 eum-

1919 4103 2113 4159 eodcm
2141 4101 2433 4158 Iustiniani
2474 4100 2705 4163 Palatio,
2753 4098 2899 4169 quod
2953 4094 3303 4153 Constantini
3333 4093 3526 4148 etiam~

1920 4199 2139 4246 vocant.
2183 4191 2289 4245 Sed
2329 4199 2387 4245 et
2410 4190 2541 4244 hinc
2569 4188 2828 4259 colligere
2861 4188 2991 4242 licet
3022 4202 3124 4241 cur
3155 4184 3525 4240 Marcellinus,

1919 4298 2107 4340 eomes
2136 4282 2359 4346 scribat,
2399 4282 2695 4336 Honorium
2725 4297 2758 4334 a
2805 4289 2959 4349 patre
2992 4293 3091 4333 suo
3136 4276 3419 4334 Theodosio
3444 4279 3525 4332 in-

1918 4377 2098 4431 cadem
2142 4375 2254 4430 loco
2290 4392 2391 4445 quo
2426 4376 2648 4445 fratrem
2701 4375 2815 4443 ejus
2868 4373 3180 4435 Arcadium,
3232 4371 3521 4427 Caenum-

1918 4466 2122 4535 fecisse,
2170 4465 2227 4518 id
2265 4475 2343 4518 est
2384 4464 2615 4534 Septimo
2673 4462 2738 4518 ab
2787 4462 2915 4517 urbe
2957 4459 3235 4516 milliaria.
3283 4457 3502 4530 Quippe

280 4545 425 4602 XIV.
474 4548 781 4605 Tribunali
824 4565 1011 4621 porro,
1058 4553 1129 4610 de
1163 4569 1273 4623 quo
1301 4571 1424 4610 mox
1451 4557 1687 4625 egimus,
1723 4558 1818 4614 ad-
1849 4558 1894 4612 Ι)
1924 4572 2051 4612 cum
2079 4554 2352 4611 Arcadius
2386 4553 2847 4624 Constantinopoli
2888 4555 2947 4609 in
2986 4552 3248 4608 Milliario
3277 4554 3503 4622 septima

208 4635 381 4705 iacuit
404 4640 666 4709 amplum
697 4647 756 4694 et
788 4643 1089 4711 spatiosum
1120 4643 1409 4712 Palatium,
1438 4647 1584 4717 quod
1608 4657 1669 4703 ut
1690 4647 1816 4704 Tri-

212 4727 402 4799 buna],
460 4733 546 4789 ita
577 4744 637 4787 et
669 4733 805 4788 illud
857 4734 1125 4792 Hebdomi
1173 4739 1539 4808 appellatione
1576 4741 1814 4797 donatur

212 4822 421 4889 passim
452 4839 485 4878 a
517 4823 913 4890 scriptoribus,
946 4829 1039 4882 cui
1067 4826 1336 4884 Tribunal
1376 4830 1554 4885 vicem
1607 4830 1816 4901 praesti-

213 4913 277 4965 tit
301 4914 610 4981 vestibuli,
641 4915 783 4970 adeo
804 4928 863 4970 ut
892 4934 992 4987 pro
1020 4933 1129 4973 uno
1154 4921 1462 4992 eodemque
1494 4923 1813 4978 suburbano

211 5001 321 5059 fere
352 5021 596 5077 semper
627 5017 946 5076 usurpetur,
981 5011 1050 5066 ad
1090 5012 1237 5081 quod
1281 5028 1601 5082 processum
1634 5015 1816 5070 facere

212 5097 483 5155 dicuntur
520 5099 916 5168 imperatores,
954 5103 1009 5157 in
1038 5119 1106 5159 eo
1137 5104 1349 5160 scilicet
1382 5121 1588 5161 moram
1611 5107 1810 5171 acturi,

212 5188 265 5242 in
293 5191 578 5246 Chronico
616 5191 999 5260 Alexandrino,
1031 5196 1174 5265 apud
1210 5212 1543 5268 anonymum
1571 5198 1813 5255 Combe-

213 5281 499 5350 ﬁsianum,
538 5284 793 5340 Leonem
837 5284 1290 5354 Grammatieum,
1331 5299 1387 5345 et
1415 5290 1724 5346 Cedrenum
1756 5294 1812 5349 in

213 5372 463 5430 Romano
486 5376 814 5444 Lacapeno,
843 5379 923 5435 uti
944 5380 999 5433 in
1024 5378 1486 5451 Constantinopoli
1510 5382 1816 5441 Christiana

214 5464 529 5523 docuimus.
565 5465 875 5525 Processus
900 5471 1051 5525 cutim
1080 5472 1136 5526 in
1162 5473 1269 5527 alia
1298 5475 1499 5543 palatia
1525 5475 1813 5542 duntaxat,

214 5573 305 5615 seu
348 5563 528 5617 etiam
580 5559 930 5625 suburbana,
991 5565 1109 5620 fieri
1160 5566 1508 5633 dicebantur,
1564 5570 1815 5625 mutandi

215 5656 357 5711 aeris
382 5656 572 5727 gratia
609 5670 627 5707 :
664 5654 813 5723 quod
845 5655 1027 5713 facere
1056 5658 1238 5713 solent
1259 5661 1459 5715 summi
1498 5662 1812 5732 pontiﬁces,

216 5758 336 5801 cum
394 5764 427 5803 a
480 5743 774 5814 Quirinali
810 5747 876 5802 sd
912 5749 1261 5816 Vaticanum,
1308 5760 1403 5808 aut
1430 5762 1626 5809 contra
1659 5769 1816 5810 sece-

222 5838 373 5897 dunt.
407 5840 576 5901 Unde
609 5839 1013 5900 Constantinus
1044 5841 1552 5916 Porpbyrogenitus
1584 5847 1640 5903 in
1663 5846 1815 5903 Basi-

686 6022 712 6047 Ρ

1921 4650 2135 4705 levatus
2171 4648 2390 4703 dicatur
2412 4646 2696 4717 Augustus
2734 4647 2806 4702 ab
2835 4646 3042 4711 idacio,
3073 4645 3328 4715 sequitur
3348 4644 3524 4711 quod-

1918 4741 2125 4796 factum
2143 4750 2228 4795 est
2244 4739 2491 4811 Septimo
2516 4740 2585 4795 ab
2604 4739 2741 4795 urbe
2773 4739 3074 4805 millllario,
3108 4753 3221 4794 non
3253 4740 3513 4809 potuisse-

1920 4833 2040 4889 neri
2074 4833 2127 4888 in
2156 4833 2317 4898 urbe.
2337 4832 2449 4889 nisi
2473 4834 2576 4889 bac
2603 4832 2902 4888 locutionis
2918 4832 3178 4897 formula,
3206 4839 3320 4887 tum
3350 4831 3501 4902 apud

1918 4924 2317 4989 Marcellinum,
2371 4932 2489 4979 tum
2549 4922 2707 4995 apud
2743 4923 3027 4980 Socratem
3072 4935 3129 4979 et
3162 4924 3499 4983 Gedreaum.

1919 5016 2056 5071 locis
2104 5016 2243 5070 intra
2278 5014 2478 5081 allatis,
2522 5015 2701 5086 ipsum
2750 5015 3021 5071 Palatium
3077 5014 3371 5081 Hebdomi,
3411 5015 3499 5070 vel

1919 5106 2358 5177 Tribunalquod-
2380 5106 2446 5161 ad
2476 5106 2669 5161 urbem
2707 5108 2886 5169 stetit,
2919 5105 3284 5175 intelligatur.

1990 5199 2108 5255 XV.
2148 5199 2385 5254 Proinde
2413 5198 2582 5270 igitur
2602 5198 2746 5268 apud
2783 5199 3082 5267 scriptores
3143 5194 3513 5250 Hebdomum'

1918 5310 2018 5365 pro
2060 5295 2178 5365 ipso
2225 5293 2430 5348 Palatio
2471 5294 2727 5364 usurpari
2772 5292 3002 5348 omnino
3046 5296 3285 5346 constat.
3334 5286 3513 5355 Apud

1918 5387 2189 5441 Zonaram
2213 5385 2270 5440 in
2300 5385 2612 5442 Theodosio
2645 5384 2874 5441 luniorc
2893 5392 2949 5438 et
2976 5380 3348 5449 Nicephorum
3375 5376 3507 5432 Gala

1918 5478 2053 5540 iisti,
2084 5478 2376 5533 Pulcheria
2412 5479 2559 5548 regia
2601 5485 2811 5539 exacta,
2864 5476 2945 5537 εις
2973 5474 3035 5526 τὸ
3059 5469 3330 5537 “nosam
3355 5483 3493 5522 con-

1918 5572 2149 5628 cessisse
2182 5571 2402 5640 legitur,
2433 5570 2493 5625 id
2515 5578 2598 5625 est
2628 5570 2683 5623 in
2703 5568 2972 5623 Palatium
3006 5561 3294 5618 ilcbdomi.
3320 5559 3497 5614 Rulli-

1917 5681 2022 5719 nus
2045 5665 2155 5719 'lib.
2192 5679 2252 5719 ιιι
2292 5663 2362 5717 De
2386 5665 2502 5717 uitis
2529 5661 2754 5717 Patrum
2785 5658 2854 5712 de
2880 5653 3118 5724 quodam
3162 5651 3437 5705 monacho
3473 5670 3489 5707 :

1918 5754 2207 5810 Habitabat
2235 5760 2409 5808 autem
2431 5754 2486 5807 in
2517 5767 2681 5821 parva
2707 5746 2839 5802 cella
2869 5746 2998 5815 faris
3023 5744 3311 5805 civitatem,
3331 5757 3496 5812 prope

1918 5848 2218 5919 proastiam
2234 5845 2325 5917 qui
2355 5854 2571 5899 vocatur
2590 5845 2645 5897 in
2656 5840 2913 5912 Septima,
2939 5836 3027 5890 ubi
3055 5832 3223 5890 solent
3250 5833 3495 5907 inspera-
