3912 6244
357 345 463 407 403

1419 348 1893 419 DISQUISITIO
1933 350 2529 414 TOPOGRAPHICA

3526 346 3631 409 404

349 470 485 512 tores
508 435 702 527 egressi
733 458 795 509 de
820 456 1032 510 civitate
1063 454 1286 510 libenter
1308 458 1730 529 degere.Neque
1763 458 1927 513 aliter
1959 467 2000 523 Α
2034 462 2170 515 tium
2213 472 2268 518 et
2300 463 2564 520 Tribunal
2605 464 2920 535 promiscue
2954 471 3016 517 ut
3048 476 3219 517 unum
3275 459 3535 531 idemque
3566 460 3635 515 ab

348 548 737 621 intelligendus
768 546 1167 618 Theophanes,
1213 565 1308 606 an.
1355 551 1418 606 51
1457 550 1795 617 Iustiniani,
1833 552 1925 608 ubi

344 643 412 697 de
461 652 620 696 terrae
674 649 827 695 motu
869 641 965 711 qui
1019 656 1086 698 eo
1132 658 1278 698 anno
1319 643 1556 711 accidit,
1610 659 1722 713 quo
1773 644 1929 700 urbis

344 732 545 788 muria
576 732 941 788 Constantino
1002 742 1057 789 et
1102 751 1132 789 a
1178 734 1494 791 Theodosio
1540 736 1780 801 conditi,
1820 753 1930 792 non

342 827 507 881 modo
547 825 932 890 conciderunt,
963 827 1059 882 sed
1094 836 1148 881 et
1169 829 1225 880 ὲν
1262 827 1529 899 ἐξαιρέτῳ
1584 826 1925 900 (prazsertim,

244 954 248 959 -
344 919 417 971 ita
455 917 573 973 haec
613 933 716 971 vox
755 918 1023 974 vertenda
1073 919 1200 987 luit)
1244 919 1559 991 ἐκκλησίαι,
1597 924 1692 978 καὶ
1732 924 1800 977 τὰ
1835 926 1931 978 ἐπ·

344 1010 528 1064 ἐκεινα
561 1011 653 1064 τοῦ
696 1011 986 1083 Ἐὅδὸμου,
1035 1011 1182 1068 aades
1223 1011 1280 1069 S.
1335 1015 1636 1081 Samuelis,
1683 1017 1930 1089 Deiparte

343 1102 542 1157 Petalte
575 1102 757 1167 dictae,
809 1111 863 1157 et
892 1103 949 1157 S.
986 1102 1283 1171 Vincentii,
1329 1105 1614 1177 multaque
1663 1108 1928 1163 ecclesia-

342 1209 465 1246 rum
495 1193 690 1247 altaria
725 1202 781 1248 ct
815 1192 1022 1249 ciboria
1048 1234 1061 1256 ,
1102 1209 1131 1247 a
1168 1205 1322 1266 porta
1365 1196 1549 1251 Aurea
1595 1197 1664 1252 ad
1710 1209 1928 1269 portam

342 1285 518 1340 Rusii.
568 1286 669 1341 llic
697 1287 847 1340 enim
884 1303 983 1357 per
1008 1287 1332 1342 llebdomum
1351 1300 1573 1346 exserte
1605 1292 1936 1362 intelligitur

350 1366 623 1432 Palatium
652 1376 1095 1433 Ilebdomianum
1126 1380 1249 1434 urbi
1274 1396 1337 1435 ac
1366 1381 1517 1436 illius
1545 1383 1721 1438 muris
1746 1383 1938 1456 adjun-

349 1482 525 1532 rtum,
558 1483 684 1522 cum
719 1469 786 1524 de
823 1470 997 1524 ruinis
1027 1471 1184 1527 urbis
1210 1471 1480 1527 duntaxat
1510 1473 1602 1529 hic
1632 1483 1842 1545 agatur.
1875 1476 1936 1531 In

348 1557 631 1613 Chronico
666 1574 768 1617 ms.
799 1559 866 1615 ab
897 1561 1110 1616 Adamo
1142 1562 1209 1617 ad
1242 1562 1486 1620 Leonem
1518 1565 1857 1637 Sapientem,
1882 1568 1939 1625 in

339 1648 631 1719 Mauricio,
686 1652 930 1724 Campus
964 1655 1284 1711 Tribunalis
1328 1658 1616 1715 Hebdomo
1652 1663 1940 1731 proximus

340 1743 547 1798 dicitur
577 1761 592 1798 :
620 1744 730 1797 Καὶ
765 1746 841 1816 μὴ
874 1744 1033 1799 τοῦτο
1055 1747 1502 1820 καταδεξαμένου
1526 1750 1619 1802 τοῦ
1647 1750 1937 1821 βασιλέως,

2036 556 2280 612 Himerio
2335 557 2600 611 Παλάτιον
2642 556 2702 610 τὸ
2746 555 3142 628 τριϐουνάὶιον,
3200 562 3254 607 et
3308 551 3641 607 Hebdomum

2034 650 2300 719 appellari
2331 651 2401 705 ab
2445 650 2568 705 aliis
2619 648 3006 720 scriptoribus.
3058 647 3176 703 Non
3215 646 3417 701 mirum
3470 647 3639 717 igitur

2033 742 2207 797 videri
2241 743 2401 799 debet
2431 744 2475 799 si
2503 753 2797 812 utrumque
2836 740 3119 795 exstitisse
3153 737 3634 809 Constantinopoli

2037 836 2255 891 tradant
2292 852 2432 907 quas
2483 852 2648 906 supra
2701 828 3050 890 laudavimus
3103 833 3452 901 scriptores,
3504 846 3633 885 cum

2033 929 2165 985 Urbi
2196 928 2790 999 proximeadjacuerit
2819 926 2874 981 in
2909 925 3290 981 Hebdomiano
3324 924 3533 994 Campo
3565 923 3635 978 ad

2037 1022 2153 1093 ipsa
2189 1022 2391 1077 moenia
2442 1020 2773 1075 aedificatum
2802 1036 2815 1072 :
2846 1015 3316 1088 quemadmodum
3369 1016 3639 1070 suburba-

2040 1129 2168 1168 num
2206 1102 2701 1182 SaltgermanenSe,
2736 1110 2821 1165 vel
2856 1110 2913 1165 S.
2942 1108 3204 1171 Marcelli,
3237 1106 3290 1161 in
3320 1107 3440 1176 ipsa
3480 1107 3635 1161 Pari-

2038 1204 2243 1258 siorum
2293 1204 2429 1259 urbe
2464 1218 2587 1258 esse
2620 1201 2879 1265 dicimus,
2915 1199 3019 1255 etsi
3073 1197 3351 1254 moenibus
3380 1204 3437 1252 et
3463 1197 3637 1267 portis

2038 1313 2216 1367 nuper
2262 1298 2329 1352 ab
2358 1312 2422 1352 ea
2462 1305 2761 1365 utrumque
2815 1295 3181 1365 disparatum.
3244 1292 3435 1362 Neque
3484 1291 3635 1346 enirn

2038 1389 2403 1456 Hebdomum,
2440 1388 2533 1445 ubi
2579 1386 2895 1459 inaugurari
2944 1384 3200 1441 solebant
3245 1384 3635 1454 imperatores,

2039 1482 2513 1553 Constantinopoli
2567 1496 2687 1538 esse
2738 1479 2936 1552 potuit,
2965 1476 3113 1550 quod
3151 1486 3370 1532 exserte
3411 1474 3639 1530 tradunt

2040 1574 2415 1646 supralaudati
2465 1573 2788 1644 scriptores,
2836 1571 2884 1627 si
2938 1569 3005 1626 ad
3054 1569 3350 1639 septimum
3402 1566 3637 1622 milliare

2041 1666 2294 1724 exstiait:
2331 1667 2489 1738 quasi
2544 1666 2745 1736 aliquis
2778 1663 2927 1736 quod
2958 1671 3143 1718 actum
3189 1660 3391 1731 legitur
3432 1658 3637 1714 Versa-

2041 1762 2154 1827 liis,
2189 1761 2242 1815 id
2274 1760 2503 1815 Parisiis
2555 1758 2864 1813 factitatum
2916 1755 3222 1817 scriberet,
3275 1749 3424 1822 quod
3472 1764 3638 1804 nemo

341 1833 616 1904 θυμωθεὶς
655 1839 682 1890 ὁ
722 1836 1020 1908 βάρϐαρος,
1061 1839 1386 1893 ἀπέκτεινεν
1435 1842 1680 1911 χιλιάδας
1706 1843 1837 1896 δέκα
1872 1846 1928 1896 ἐν

2035 1852 2410 1924 unquam,nisi
2437 1849 2713 1921 stupidus,
2742 1858 2798 1905 et
2829 1847 3015 1903 minus
3042 1860 3190 1902 same
3220 1844 3447 1910 mentis,
3476 1841 3634 1896 litte-

338 1927 417 1996 τῷ
459 1928 684 1999 Κάμπῳ
738 1929 1143 1999 τριὸουναλίοι),
1197 1929 1276 2001 τῷ
1323 1931 1552 2002 πλησίον
1603 1931 1698 1985 τοῦ
1744 1931 1931 1985 Ἑϐδό-

339 2039 466 2090 pou,
496 2023 601 2080 hoc
625 2033 741 2089 est,
773 2024 834 2079 ln
865 2024 1066 2097 Campo
1100 2025 1400 2082 Tribunalis
1434 2025 1649 2082 Palatio
1686 2029 1756 2083 ad
1788 2028 1929 2082 urbis
1956 2012 1965 2018 ’

338 2132 539 2178 muros,
572 2115 841 2171 Hebdomo
866 2118 1138 2189 appellato
1157 2158 1174 2181 ,
1202 2120 1465 2189 proximo.
1496 2119 1699 2174 Notant
1728 2121 1929 2175 ileneea

337 2209 406 2264 29
443 2207 596 2276 Julii,
632 2207 735 2263 SS.
784 2209 1093 2278 Benjamini
1137 2217 1193 2263 et
1238 2209 1386 2264 Verii
1434 2210 1758 2264 memoriam
1784 2209 1929 2264 cele-

340 2301 489 2354 brari
524 2300 767 2372 1:).q1lmf
794 2299 890 2352 τοῦ
927 2300 1194 2353 παὶατίου
1243 2301 1337 2353 τοῦ
1392 2300 1680 2370 Ἐὃδόμου.
1734 2300 1927 2371 Neque

341 2392 483 2463 forte
516 2390 666 2445 aliud
700 2402 784 2444 est
824 2390 1098 2444 Palatium
1149 2391 1219 2446 ab
1275 2390 1676 2455 Hebdomiano,
1718 2390 1786 2444 de
1814 2407 1926 2461 quo

340 2481 579 2537 Zonaras
609 2483 663 2537 in
687 2482 1051 2538 Constantino
1085 2483 1471 2549 Monomacho,
1506 2484 1758 2538 scribens
1790 2484 1927 2537 Tor-

337 2574 487 2637 nicio
513 2574 705 2628 urbem
734 2584 1089 2646 oppugnante
1119 2591 1310 2631 versus
1360 2576 1711 2639 Blachernas,
1747 2576 1925 2644 impc-

339 2676 576 2722 ratorem
608 2667 665 2720 ἕν
692 2685 799 2722 τινι
836 2668 1132 2739 βασιλικῶν
1182 2668 1444 2739 θαλάμων
1495 2667 1923 2739 προϐεϐλημένῳ

337 2759 446 2813 τῶν
477 2759 674 2826 ἄλλων,
700 2763 793 2813 καὶ
826 2759 919 2813 ἐπὶ
956 2762 1030 2830 τῷ
1063 2759 1167 2829 πρὸ
1197 2760 1296 2829 τῆς
1328 2758 1533 2822 πόλεως
1559 2759 1925 2830 ὲστραμμένῳ

338 2853 527 2921 πεδίῳ,
551 2869 650 2922 pro
675 2854 965 2923 majestate
988 2852 1333 2916 consedisse,
1366 2863 1426 2907 ut
1462 2851 1676 2907 videret
1710 2852 1919 2917 hostes,

337 2946 492 3001 etab
524 2945 593 3001 iis
635 2945 878 3000 vicissim
913 2946 1216 3001 videretur.
1252 2945 1355 3000 Ubi
1408 2944 1709 3000 observare
1769 2944 1919 3011 licet,

336 3054 448 3094 non
483 3039 645 3093 modo
678 3039 821 3094 hanc
849 3038 1153 3093 locutionis
1195 3037 1512 3103 formulam,
1549 3038 1658 3111 πρὸ
1689 3037 1786 3109 τῆς
1822 3041 1921 3114 τεό-

2034 1946 2113 2001 ris
2149 1944 2411 1999 mandare
2445 1943 2674 1999 audeat.

2102 2031 2268 2087 XVII.
2304 2032 2602 2087 Enimvero
2650 2046 2760 2088 non
2811 2029 3038 2085 omnino
3086 2041 3187 2098 pro
3235 2032 3388 2081 certo
3434 2022 3632 2079 haberi

2031 2125 2192 2181 debet
2225 2124 2373 2197 quod
2423 2125 2502 2179 ait
2532 2125 2615 2179 vir
2664 2124 2884 2189 doctus,
2939 2120 3265 2190 Προάστεια,
3321 2126 3378 2172 et
3425 2115 3633 2171 Subur-

2027 2219 2167 2274 bana
2202 2218 2312 2274 dici
2364 2217 2632 2272 duntaxat
2675 2231 2798 2287 quae
2851 2212 3096 2268 millibus
3145 2211 3356 2281 aliquot
3382 2208 3452 2264 ab
3483 2208 3625 2263 urbe

2029 2312 2256 2376 distant,
2309 2324 2543 2380 qumque
2599 2307 2903 2380 προάστεια
2959 2306 3059 2372 τῆς
3110 2302 3319 2366 πόλεως
3369 2300 3633 2355 videntur

2027 2403 2288 2474 appellari
2321 2419 2349 2457 a
2381 2402 2742 2472 Theophane,
2800 2417 2891 2456 an.
2928 2400 2981 2452 7.
3013 2396 3214 2454 Justini
3262 2394 3531 2457 Junioris,
3572 2402 3632 2449 et

2028 2512 2261 2567 quorum
2321 2512 2431 2567 pne
2494 2496 2709 2553 caeteris
2781 2492 3033 2549 meminit
3094 2489 3392 2546 concilium
3449 2486 3631 2543 Nicae-

2027 2604 2157 2642 num
2187 2605 2245 2654 ιι,
2275 2604 2397 2643 ean.
2437 2586 2525 2653 18,
2562 2587 2671 2642 imo
2716 2584 2926 2657 quaevis
2960 2581 3166 2655 praedia
3218 2580 3445 2641 rustica.
3478 2585 3540 2632 ut
3569 2579 3629 2632 in

2026 2682 2147 2737 Vita
2197 2680 2382 2736 Basilii
2409 2679 2676 2741 Junioris,
2722 2694 2778 2731 n.
2823 2676 2892 2732 4?.
2931 2684 2988 2730 et
3019 2675 3115 2740 44,
3154 2670 3626 2744 quemadmodum

2026 2772 2171 2842 apud
2226 2774 2575 2842 Anonymum
2644 2767 3057 2834 Sirmondeum,
3104 2765 3502 2823 Constantinus
3551 2762 3626 2818 Μ.

2026 2874 2275 2920 mortuus
2306 2863 2509 2918 dicitur
2536 2863 2591 2916 in
2640 2862 2960 2918 suburbano
2990 2857 3627 2928 Constantinopolitano,

2028 2955 2153 3009 villa
2185 2955 2426 3025 publica,
2461 2956 2619 3025 juxta
2652 2955 3057 3018 Nicomediam,
3090 2955 3299 3010 rectius
3351 2962 3533 3007 tamen
3566 2950 3626 3005 in

2027 3047 2285 3102 Chronico
2317 3046 2705 3113 Alexandrino,
2749 3050 2806 3101 ἐν
2835 3048 3147 3121 προαστείῳ
3186 3046 3286 3115 τῆς
3326 3046 3499 3114 αὐτῆς
3522 3043 3629 3096 πό-

338 3130 498 3199 λςως,
531 3130 794 3185 denotare
817 3128 966 3199 quod
995 3138 1079 3183 est
1106 3128 1161 3183 in
1191 3129 1346 3183 urbis
1368 3138 1684 3201 prospectu,
1726 3128 1823 3184 SCll
1863 3140 1919 3184 et
1943 3168 1989 3228 ρ
2022 3139 2178 3203 λεως,
2213 3140 2423 3195 scilicet
2454 3139 2809 3203 Nicomediae,
2848 3141 2985 3196 adeo
3017 3150 3075 3195 ut
3100 3140 3228 3195 inde
3261 3138 3465 3194 elicere
3493 3135 3629 3191 velit

339 3223 522 3276 πεδίον
585 3221 719 3277 illud
765 3222 872 3291 πρὸ
927 3221 1029 3291 τῆς
1075 3221 1289 3284 πόλεως
1340 3235 1451 3275 non
1508 3220 1656 3275 aliud
1713 3235 1834 3276 esse
1890 3235 1919 3273 a

336 3316 544 3385 Campo
576 3313 844 3373 Hebdomi
874 3315 962 3369 vel
999 3312 1338 3379 Tribunalis,
1385 3329 1549 3383 quem
1591 3315 1657 3369 ad
1701 3313 1919 3379 urbem,

336 3418 394 3462 et
421 3418 550 3461 ante
578 3406 771 3462 urbem
791 3406 1073 3462 exstitisse
1094 3406 1338 3476 produnt
1366 3404 1567 3476 passim
1595 3405 1918 3473 scriptores.

409 3496 549 3554 XVI.
586 3496 771 3565 Neque
810 3511 999 3567 porro,
1033 3497 1180 3567 quod
1210 3500 1398 3565 {supra
1436 3497 1612 3568 attigi,
1654 3496 1921 3551 Palatium

340 3587 608 3645 llebdomi
634 3597 687 3643 et
717 3587 980 3642 Tribunal
1017 3604 1186 3641 unum
1223 3588 1478 3658 idemque
1516 3589 1687 3652 fuere,
1723 3590 1767 3643 si
1795 3587 1917 3642 stri-

341 3690 428 3735 cte
475 3696 564 3736 res
612 3688 884 3737 sumatur.
922 3680 1057 3741 Nam
1102 3680 1369 3736 Tribunal
1420 3691 1666 3736 erectum
1717 3691 1835 3736 erat
1870 3681 1922 3733 in

340 3773 548 3843 Carnpo
590 3773 853 3828 Ilebdomi
887 3772 990 3833 sub
1021 3773 1134 3836 dio,
1167 3774 1222 3828 in
1253 3790 1361 3845 quo
1404 3773 1573 3830 levari
1605 3783 1661 3829 et
1691 3773 1925 3845 inaugu—

340 3870 450 3925 rari
487 3868 739 3924 solebant
791 3869 1175 3939 imperatores,
1208 3870 1297 3925 cui
1342 3871 1659 3940 adjunctum
1693 3879 1813 3924 erat
1843 3869 1931 3922 inn

343 3975 473 4029 gens
508 3959 800 4025 Palatium,
826 3976 960 4035 \quo
988 3976 1046 4017 se
1080 3960 1425 4031 recipiebant
1465 3969 1653 4018 exacta
1702 3960 1930 4029 inaugtb

345 4054 581 4116 ratione,
610 4051 757 4122 quod
790 4050 1059 4107 llebdomi
1108 4054 1316 4124 pariter
1368 4052 1737 4124 appellabant,
1782 4050 1928 4120 quod

344 4148 399 4207 in
449 4161 641 4216 eampo
694 4143 966 4203 Hebdomi
1004 4155 1152 4203 esset
1197 4146 1549 4203 aedificatum.
1600 4145 1659 4199 ld
1705 4144 1930 4199 omnino

343 4240 585 4295 det-lerat
632 4240 1075 4313 Theophylactus
1128 4239 1450 4304 Simocatta,
1503 4238 1600 4293 lib.
1639 4253 1674 4303 ι,
1704 4253 1828 4308 cap.
1881 4238 1926 4291 ι.

341 4331 479 4385 Nam
512 4330 605 4386 ubi
628 4332 868 4402 scriptor
900 4331 1148 4401 Cltronici
1178 4331 1529 4389 Alexandrini
1551 4330 1628 4385 ait
1655 4339 1929 4386 mortuum

346 4423 628 4479 Tiberium
659 4424 1079 4481 Constantinum
1115 4429 1171 4480 ὲν
1200 4426 1488 4497 προκέσσῳ
1514 4425 1608 4479 τοῦ
1647 4424 1928 4496 Ἑϐδόμου,

2023 3227 2406 3282 suburbanum
2463 3226 2808 3283 l-lebdomum
2859 3229 3051 3299 procul
3099 3228 3168 3284 ab
3218 3226 3359 3283 urbe
3406 3226 3624 3282 fuisse:

2027 3336 2152 3374 cum
2184 3336 2305 3391 quae
2340 3320 2463 3375 urbi
2514 3323 2698 3377 statim
2738 3322 3131 3390 obversantur,
3180 3322 3349 3376 etiam
3377 3322 3446 3375 ad
3477 3319 3629 3391 ipsos

2029 3414 2186 3469 urbis
2236 3430 2447 3476 muros.
2486 3416 2561 3470 ita
2591 3416 2866 3487 appellare
2915 3416 3093 3472 solere
3137 3417 3442 3486 scriptores
3482 3414 3630 3484 ipse-

2032 3516 2143 3570 met
2189 3523 2296 3563 non
2368 3507 2685 3565 diﬂiteatur.
2736 3509 2872 3564 Nam
2917 3509 3042 3564 ideo
3086 3508 3234 3564 dicta
3286 3508 3620 3577 προάστεια,

2030 3601 2177 3670 quod
2229 3600 2334 3672 πρὸ
2365 3600 2464 3670 τῆς
2500 3588 2731 3666 πόλεως.
2767 3609 2823 3657 et
2853 3601 2911 3656 in
2953 3601 3102 3657 illius
3139 3600 3252 3656 sint
3300 3610 3625 3671 prOSpectu.

2030 3693 2108 3748 lta
2153 3693 2302 3748 enim
2352 3692 2677 3762 προάστειον
2732 3693 2875 3763 apud
2916 3692 3248 3769 Hesychium
3304 3691 3627 3762 exponitur,

2031 3787 2139 3857 πρὸ
2169 3790 2266 3856 τῆς
2311 3786 2539 3850 πόλεως,
2570 3770 2625 3865 et
2649 3787 2795 3856 apud
2830 3788 3076 3858 Papiam,
3106 3786 3420 3842 viridarium
3460 3798 3627 3855 prope

2032 3896 2263 3945 murum,
2288 3881 2433 3950 apud
2466 3879 2836 3950 Hugutionem
2860 3896 2992 3936 vero
3016 3878 3159 3934 locus
3182 3887 3308 3933 ante
3336 3879 3624 3940 civitatem,

2031 3972 2087 4024 id
2119 3981 2196 4025 est
2229 3972 2614 4031 suburbanum.
2671 3972 2951 4042 Quidquid
3004 3972 3170 4043 igitur
3203 3979 3357 4026 extra
3400 3968 3623 4034 urbem,

2033 4065 2120 4119 vel
2153 4065 2298 4121 illius
2328 4067 2559 4132 "muros,
2583 4066 2718 4122 etin
2752 4066 2899 4122 illius
2947 4071 3243 4135 conspectu
3283 4073 3393 4131 est,
3426 4062 3625 4115 subur-

2035 4155 2234 4210 banum
2271 4155 2515 4221 dicitur,
2563 4156 2783 4212 etiamsi
2833 4155 3111 4210 interdum
3153 4152 3223 4207 ab
3266 4167 3330 4208 ea
3378 4150 3629 4205 millibus

2035 4245 2243 4314 aliquot
2286 4247 2572 4313 remotius,
2604 4258 2666 4303 ut
2708 4256 2793 4303 est
2825 4247 2877 4301 in
2908 4245 3116 4302 Glossis
3167 4242 3627 4302 interlinearibus

2035 4338 2101 4392 ad
2139 4338 2286 4394 hunc
2317 4355 2536 4394 versum
2585 4340 2837 4411 Gregorii
2882 4339 3144 4411 Theologi
3183 4339 3240 4393 in
3270 4338 3529 4393 Dramate
3554 4337 3626 4393 de

2035 4430 2239 4486 Christi
2270 4434 2560 4502 passione:
2599 4432 2998 4503 Ἐτνγχάνομεν
3027 4431 3256 4502 ἀγρόθεν
3287 4428 3475 4482 πυλῶν
3488 4428 3623 4493 ἔσω,

345 4515 403 4570 id
433 4525 516 4570 est
567 4517 695 4571 dum
732 4517 787 4571 in
828 4517 1038 4573 Palatio
1091 4517 1359 4573 llebdomi
1410 4527 1757 4580 moraretur,
1810 4526 1928 4587 poet

2042 4524 2135 4578 ubi
2182 4525 2483 4590 Glossator,
2529 4525 2562 4595 ἢ
2608 4524 2718 4579 ἀπὸ
2767 4523 3109 4593 προαστείου.
3159 4520 3443 4592 Ejusmodi
3495 4528 3627 4576 sunt

346 4608 720 4663 renuntiatum
756 4609 809 4662 in
839 4608 1144 4679 Augustum
1197 4609 1522 4665 Mauricium
1570 4626 1833 4679 generum
1875 4609 1930 4662 in

350 4699 662 4764 Tribunali,
694 4707 755 4754 ut
794 4700 993 4757 habent
1048 4702 1413 4771 Theophanes
1447 4713 1502 4757 et
1532 4702 1793 4769 Zonaras,
1819 4703 1934 4756 hmo

350 4794 448 4859 ait,
499 4792 594 4847 ubi
637 4792 704 4845 de
748 4792 1167 4863 inauguratione
1214 4794 1506 4850 Mauricii:
1536 4794 1778 4864 Φοράδην
1824 4796 1933 4863 γὰρ

222 4898 251 4933 ’,
350 4885 537 4955 ἀχθεὶς
566 4887 593 4936 ὁ
634 4884 886 4955 pactis-‘4;
931 4886 1179 4955 Τιϐέριος
1231 4886 1324 4938 ἐπὶ
1371 4885 1470 4956 τὴν
1516 4885 1781 4955 ὕπαιθρον
1828 4886 1934 4937 τῶν

354 4975 639 5045 βασιλείων
687 4975 892 5047 αὐλὴν,
941 4977 1061 5046 ἣτις
1105 4977 1428 5048 παρήνωται
1475 4979 1540 5047 τῇ
1587 4975 1932 5028 πολυστιϐἁδι

349 5070 457 5121 τῶν
483 5067 797 5138 ἀνακτόρων
824 5069 992 5141 cinia,
1020 5069 1296 5141 προαυλίῳ
1320 5071 1629 5136 περιφανεῖ,
1655 5068 1747 5122 καὶ
1775 5084 1933 5139 περι-

350 5163 486 5234 δζξῳ
515 5162 594 5235 τῷ
633 5164 953 5232 προσκηνίῳ
980 5202 997 5228 ,
1042 5162 1359 5219 Mauricium
1396 5162 1605 5217 scilicet
1640 5161 1934 5228 imperato—

350 5273 467 5313 rem
500 5255 858 5317 renuntiavit.
889 5254 1021 5322 Quae
1047 5255 1269 5325 quidem
1320 5254 1488 5310 verba
1520 5254 1593 5310 ita
1621 5254 1814 5309 Latine
1846 5269 1934 5308 so-

350 5358 485 5407 nant
511 5368 524 5404 :
555 5349 770 5418 Raptim
811 5349 1069 5404 adductus
1108 5348 1340 5403 Tiberius
1390 5350 1680 5420 imperator
1722 5350 1777 5403 in
1813 5349 1935 5401 sub-

351 5442 493 5499 tli'ule
530 5442 856 5513 palatiorum
899 5441 1119 5505 atrium,
1160 5439 1339 5494 multis
1392 5441 1652 5494 constanti
1691 5436 1931 5491 tricliniis

304 5522 673 5602 ﬁmiatiorum
711 5534 814 5588 α’άί
862 5534 1193 5599 adiunctum,
1242 5532 1552 5588 vestibulum
1592 5531 1821 5593 illustre,
1857 5530 1933 5583 vi-

350 5629 677 5697 sendumque
746 5627 1099 5696 prascenium.
1148 5627 1227 5681 Ex
1272 5626 1361 5681 his
1409 5626 1611 5695 quippe
1657 5623 1932 5694 colligitur

354 5719 569 5775 Atrium
598 5720 655 5774 in
680 5734 788 5788 quo
818 5729 1157 5774 exstructum
1197 5729 1317 5776 erat
1348 5718 1633 5780 Tribuual,
1670 5715 1932 5771 vestibuli

356 5812 529 5866 vcem
575 5811 876 5883 praebuisse
904 5813 1169 5884 adjaccnti
1222 5815 1464 5871 Palatio:
1501 5813 1748 5885 hincque
1772 5809 1931 5866 Pala-

2038 4618 2183 4672 villae
2214 4633 2335 4688 quae
2373 4616 2756 4689 delectationis
2794 4631 2957 4672 causa
2994 4616 3276 4680 coluntur,
3315 4612 3388 4668 de
3417 4611 3627 4683 quibus

2037 4721 2254 4766 cxsmnt
2276 4712 2485 4781 aliquot
2522 4712 2925 4782 Epigrammata
2951 4710 3004 4764 in
3036 4707 3381 4778 Anthologia,
3414 4707 3515 4761 lib.
3548 4722 3623 4771 Iv,

2036 4819 2154 4875 cap.
2187 4805 2275 4867 50,
2309 4815 2365 4860 et
2389 4805 2638 4869 Tullius,
2685 4803 3008 4858 Deliciarum
3057 4818 3220 4856 causa
3253 4810 3302 4854 et
3336 4800 3628 4870 voluptati:

2036 4900 2290 4963 quosdam
2320 4900 2376 4951 in
2411 4899 2575 4953 hortis
2605 4906 2699 4951 aut
2739 4895 3058 4952 suburbanis
3105 4896 3217 4949 suis
3254 4910 3378 4948 cum
3419 4893 3628 4949 mitella

2033 5007 2130 5044 sua
2161 4991 2416 5044 videmus.
2448 4989 2604 5045 Unde
2636 4989 2690 5044 in
2721 4989 2919 5044 horum
2971 4986 3241 5056 ejusmodi
3272 4985 3633 5041 suburbano-

2037 5094 2155 5131 rum
2196 5078 2489 5148 propylteis
2533 5078 2761 5133 Martem
2796 5077 3053 5146 ellingcre
3086 5075 3341 5131 solebant
3383 5085 3626 5141 veteres,

2035 5170 2181 5238 quod
2227 5186 2353 5224 cum
2392 5179 2547 5226 extra
2598 5171 2819 5226 urbium
2871 5180 3057 5225 essent
3101 5167 3326 5232 mmnia,
3380 5167 3632 5224 hostium

2036 5271 2289 5330 paterent
2342 5263 2703 5327 incursibus,
2756 5278 2882 5318 cum
2929 5262 3142 5318 ardibus
3197 5260 3633 5318 intramuraneis

2036 5353 2333 5409 Minervam
2377 5354 2760 5425 appingerent,
2807 5355 2960 5425 quia,
2996 5354 3176 5424 inquit
3217 5353 3462 5410 lsaacius
3484 5353 3633 5409 Τιθ-

2038 5458 2150 5504 tzes
2181 5448 2245 5502 ad
2278 5447 2718 5518 Lycophronem,
2748 5448 2807 5501 ἐν
2835 5449 2955 5510 ταῖς
2988 5446 3173 5499 πόλεσι
3212 5446 3305 5498 καὶ
3332 5448 3455 5511 ταῖς
3487 5444 3633 5500 οἰκί-

2036 5559 2122 5604 αις
2150 5540 2255 5612 χρὴ
2287 5540 2595 5610 συμϐουλῆς
2623 5540 2718 5594 καὶ
2748 5541 3080 5610 φρονήσεως,
3112 5542 3171 5592 ἐν
3209 5542 3324 5602 τοῖς
3367 5539 3525 5603 ἐκτὸς
3562 5539 3629 5593 δὲ

2036 5628 2426 5699 (προαστείοις,
2475 5637 2532 5682 ut
2563 5644 2624 5684 ea
2657 5646 2821 5699 supra
2858 5629 3183 5698 appellarat)
3235 5629 3377 5700 ὑπὲρ
3419 5628 3629 5683 τούτων

2036 5719 2337 5789 ἀμύνεσθαι
2391 5721 2516 5785 τοὺς
2572 5721 2883 5791 πολεμίους.
2921 5721 3055 5787 Qua:
3085 5720 3250 5791 igitur
3281 5722 3405 5776 urbi
3441 5721 3629 5787 vicina

2036 5821 2183 5879 sunt,
2225 5814 2537 5884 προάδῖεια,
2572 5822 2625 5870 et
2660 5830 2778 5870 esse
2810 5813 2915 5886 πρὸ
2950 5814 3045 5889 τῆς
3080 5814 3289 5879 πόλεως
3317 5813 3578 5871 dicuntur
3604 5830 3623 5866 :
