3942 6250
203 384 305 446 405

1512 377 1609 437 DE
1651 378 2020 439 HEBDOMO
2056 378 2164 438 (ΣΡ.

3361 374 3465 437 4(ιῦ

198 499 476 575 quomodo
533 496 854 569 accipienda
882 504 1100 552 constat
1148 495 1317 551 verba
1377 494 1774 567 TheOpbylacti

1891 484 2042 560 ὥστε,
2077 495 2170 550 καὶ
2197 495 2244 547 εί
2267 494 2324 549 ἐν
2348 495 2497 548 πόλει
2516 496 2652 556 ἐστὶ,
2687 495 2946 565 πρόσοδον
2967 494 3021 548 δὲ
3044 495 3287 566 παρέχει,
3317 496 3484 548 σουό-

208 596 548 657 Sitnocattm,
606 590 705 647 lib.
741 606 816 657 νι,
870 604 972 658 cap
1018 605 1077 653 ιι,
1112 604 1236 643 cum
1288 588 1405 644 ait:
1458 589 1538 651 εἰς
1579 588 1645 640 τὰ
1686 588 1789 658 πρὸ

200 684 291 753 τῆς
339 683 553 744 πέλεως
609 691 734 735 nata
783 679 1064 749 παράδοξοι
1112 680 1335 751 τέρατα,
1366 678 1420 734 id
1448 689 1532 735 est
1579 680 1630 734 in
1661 695 1789 749 agro

198 772 639 846 circumiacenti,
670 779 725 826 et
752 773 805 826 in
832 771 1173 836 suburbanis,
1207 780 1268 825 ut
1302 779 1449 826 recte
1502 772 1666 826 vertit
1703 771 1790 825 in-

201 876 428 934 terpres.
459 864 587 919 Jam
622 879 756 920 vero
790 861 1109 934 προάστεια,
1139 862 1790 934 urbi-Constantinopoli-

202 968 354 1020 tanzc,
397 964 571 1025 atque
612 954 749 1010 adeo
780 954 912 1024 ipsis
965 953 1238 1011 mmnibus
1287 954 1545 1025 adjuncta
1592 954 1787 1024 palatia

200 1064 386 1105 vocare
456 1049 769 1118 scriptores
833 1048 1163 1119 Byzantinus
1219 1048 1306 1102 vel
1370 1047 1494 1102 inde
1550 1056 1787 1116 constat,

200 1140 337 1208 quod
389 1138 583 1211 Sycas,
630 1155 728 1194 seu
755 1138 998 1194 Galatam
1052 1140 1215 1192 unico
1242 1138 1383 1193 freto
1413 1140 1480 1192 ab
1507 1140 1642 1194 urbe
1674 1141 1792 1194 dis-

198 1243 419 1293 cretam.
470 1233 638 1302 cuius
700 1234 870 1287 etiam
921 1232 1134 1288 decima
1172 1233 1332 1287 tertia
1365 1233 1513 1302 regio
1557 1233 1786 1295 exstitit,

200 1338 261 1377 ac
292 1322 524 1392 proinde
581 1322 732 1378 illius
775 1339 903 1394 pars
952 1323 1073 1388 fuit,
1105 1324 1177 1378 ita
1205 1325 1442 1395 appellet
1495 1324 1790 1381 Clironicon

204 1416 649 1481 Alexandrinum,
709 1431 800 1469 an.
857 1419 877 1470 1
938 1416 1280 1473 Iustiniani:
1324 1427 1382 1474 et
1426 1419 1788 1484 Cosmidium,

205 1524 293 1564 seu
337 1509 638 1571 Palatium.
689 1510 756 1564 ad
809 1510 979 1566 mdem
1026 1506 1125 1568 SS.
1178 1510 1388 1568 Cosmee
1426 1524 1481 1568 et
1522 1513 1788 1579 Damiani,

206 1601 341 1670 quod
387 1601 721 1671 Emporium
777 1603 983 1658 dicitur
1016 1604 1251 1675 Georgio
1298 1610 1568 1661 monacho
1600 1607 1653 1661 in
1698 1609 1793 1662 lli-

207 1693 382 1747 cbarle
435 1693 737 1763 Tthphili
785 1694 916 1759 tilio,
945 1704 1000 1750 et
1036 1696 1401 1766 scriptoribus
1455 1700 1659 1754 nostris
1689 1697 1793 1755 Ca-

205 1783 401 1865 stellam
451 1785 775 1851 Bocmundi,
809 1796 869 1841 ιιι
897 1803 998 1843 suo
1026 1788 1150 1845 loco
1195 1788 1507 1857 docuimus,
1535 1792 1601 1846 ad
1635 1793 1790 1849 littus

201 1874 432 1942 ejusdem
487 1874 739 1930 Ccratini
791 1878 971 1941 sinus.
1023 1880 1281 1951 ipsosque
1332 1898 1521 1937 muros
1576 1885 1788 1939 mariti-

207 1980 334 2029 mos,
368 1966 605 2034 proinde
661 1968 781 2022 urbi
817 1969 1158 2043 contiguum,
1196 1972 1520 2041 προάστειον
1561 1976 1789 2045 perinde

204 2071 232 2109 a
257 2056 514 2127 Symcone
564 2059 852 2130 lOgotheta
878 2061 932 2115 in
968 2063 1164 2117 eodem
1219 2063 1484 2119 Michaele
1515 2083 1569 2119 n.
1603 2068 1669 2121 15
1696 2083 1792 2137 ap-

208 2147 445 2216 pelletur.
482 2149 573 2206 Sic
608 2152 777 2206 etiam
824 2153 1093 2208 Palatium
1144 2154 1421 2227 Peganum
1454 2157 1522 2212 ad
1573 2168 1788 2227 portam

209 2238 467 2309 Auream,
527 2243 700 2312 eique
748 2244 1072 2301 continuum
1137 2264 1167 2302 a
1247 2249 1517 2303 Cinname
1572 2251 1671 2308 lib.
1733 2268 1788 2320 ιι,

208 2344 262 2383 ιι.
292 2332 347 2385 l7
374 2332 710 2403 appellatur,
765 2350 888 2389 cum
937 2337 1014 2392 ait
1051 2336 1390 2393 Ludovicum
1427 2341 1519 2396 Vll
1555 2342 1789 2398 Franco-

213 2438 319 2475 rum
348 2439 548 2499 regem,
577 2427 822 2483 salutato
857 2429 1105 2486 Manuele
1135 2431 1468 2503 imperatore
1501 2433 1555 2488 in
1595 2436 1789 2508 Magno

215 2513 421 2580 Palatio,
452 2519 530 2580 είς
554 2521 908 2588 προάστειον,
939 2522 966 2574 ὃ
989 2521 1311 2576 Φιλοπάτιον
1340 2525 1655 2596 ὠνόμασται
1677 2532 1792 2593 τοῖς

215 2604 429 2672 πολλοῖς,
475 2609 844 2665 concessisse.
897 2612 1086 2683 Neque
1121 2616 1267 2668 enim
1322 2616 1470 2672 aliud
1501 2630 1582 2674 est
1608 2620 1792 2676 Philo-

214 2695 405 2761 patium
433 2714 460 2753 a
492 2698 710 2755 Palatio
755 2703 995 2773 Pegano,
1037 2706 1183 2775 quod
1221 2708 1470 2777 pluribus
1498 2710 1632 2766 alias
1666 2729 1792 2782 pro-

217 2785 462 2855 bavimus,
524 2803 646 2848 tum
694 2795 745 2848 in
776 2796 934 2851 Notis
962 2797 1029 2852 ad
1062 2798 1525 2870 Villbarduinum,
1575 2814 1689 2858 tum
1731 2806 1788 2860 in

216 2890 381 2936 nostra
415 2883 906 2959 ConstantinOpOIi.
944 2887 1089 2945 Idem
1123 2909 1255 2947 vero
1284 2893 1586 2951 Cinnamus
1612 2913 1668 2952 n.
1699 2899 1787 2963 Η,

218 2970 335 3027 illud
366 2977 535 3044 ipsum
569 2976 841 3035 Palatium
871 2981 931 3034 τὸ
954 2987 1291 3055 καταντικρὺ
1330 2987 1554 3059 τειχέων
1582 2966 1797 3059 suam;

221 3060 304 3115 κὶν
349 3065 673 3138 ἐνδιαίτημα.
723 3082 902 3127 vocat.
950 3073 1069 3129 Non
1128 3076 1294 3146 igitur
1358 3080 1657 3136 contendat
1704 3082 1788 3137 vir

1892 605 1951 640 ου
1960 588 2153 657 ρὸἀνον
2189 585 2425 653 λέγεται’
2452 585 2547 639 καὶ
2569 585 2669 653 ἔξω
2692 586 2749 639 δὲ
2783 585 2993 646 πόλεως
3013 586 3061 638 εἰ
3081 583 3247 649 ἔστιν,
3277 586 3482 652 ἀπροσ-

1891 679 2103 732 όδευτον
2146 678 2202 731 δέ
2242 680 2362 730 ἐστι
2392 677 2451 729 τὸ
2495 679 2720 747 οἴκημα,
2769 677 2904 748 πρὸς
2941 675 3123 747 τέρψιν
3155 677 3315 748 μόνον
3347 695 3480 730 κστ-

1892 771 2290 839 εσκευοισμένον
2353 769 2592 836 λέγεται.
2644 769 2739 825 Vel
2789 768 2915 824 inde
2980 777 3129 838 patet
3178 768 3485 823 suburbana

1894 866 2036 919 intra
2067 865 2240 933 ipsam
2277 863 2468 917 urbem
2530 859 2829 926 exstitisse,
2866 862 3207 932 proindeque
3237 845 3482 916 nonmi-

1894 974 2014 1012 rum
2050 956 2095 1011 si
2131 972 2254 1027 qua:
2305 955 2435 1024 ipsis
2481 961 2633 1009 extra
2696 952 2970 1008 moenibus
3015 954 3274 1025 adjuncta
3326 960 3486 1008 erant

1893 1050 2141 1106 eamdem
2193 1046 2660 1103 nomenclaturam
2726 1044 3091 1101 obtinuerint.
3144 1045 3322 1115 Atque
3372 1045 3481 1100 hac

1894 1143 2120 1213 quidem
2159 1141 2406 1203 notione,
2451 1138 2503 1193 id
2543 1145 2626 1193 est
2656 1152 2756 1208 pro
2787 1136 3121 1193 suburbanis
3155 1139 3485 1192 intramura-

1894 1234 2034 1297 neis,
2080 1235 2380 1302 προᾶστεια
2425 1231 2663 1300 appellat
2695 1230 2992 1284 concilium
3023 1229 3483 1300 Constantinopo-

1895 1328 2125 1382 litanum
2178 1324 2281 1379 sub
2315 1325 2493 1387 Mena,
2544 1330 2652 1377 act.
2697 1338 2779 1387 ιιι,
2833 1320 2922 1376 ubi
2976 1321 3045 1377 dc
3089 1322 3483 1393 perquisitione

1894 1416 2173 1473 Anthemii
2216 1416 2270 1471 in
2304 1415 2441 1470 urbe
2489 1415 2631 1470 facta
2680 1414 2880 1484 agitur,
2935 1422 2992 1469 et
3044 1412 3337 1483 episcOpis,
3390 1412 3501 1482 quis

1894 1526 1922 1563 a
1958 1509 2210 1563 Patribns
2260 1506 2478 1560 concilii
2513 1504 2581 1559 ad
2617 1505 2720 1560 hoc
2751 1503 2901 1558 missi
2936 1503 3158 1558 fuerant
3187 1520 3201 1561 :
3235 1503 3485 1571 Ἕφησοιν

1894 1601 1951 1654 δὲ
1980 1600 2304 1670 προάστειον
2355 1596 2519 1652 αὐτὸν
2550 1597 2696 1667 ἔχειν
2737 1598 2964 1669 πλησίον
3000 1596 3093 1649 τοῦ
3131 1599 3482 1667 προφητεία),

1895 1696 1952 1746 ἐν
2093 1693 2480 1761 συνεχέστερον
2533 1690 2818 1760 εὑρίσκετο
2867 1687 3064 1742 ἀπιών.
3115 1686 3485 1756 Propheteum

1895 1797 2077 1842 autem
2127 1786 2273 1841 istud
2333 1786 2472 1840 intra
2503 1783 2560 1839 S.
2592 1784 2743 1839 lsaia:
2792 1782 3100 1852 appellatur
3130 1796 3143 1833 :
3178 1780 3304 1833 ’Ὀτι
3326 1780 3486 1850 ἴσμεν

1894 1881 2054 1935 αὐτὸν
2079 1881 2269 1952 ἔχοντα.
2308 1877 2631 1947 προάστειον
2656 1877 2881 1944 πλησίον
2906 1873 3000 1927 τοῦ
3033 1873 3364 1945 προφητείου
3388 1872 3483 1924 τοῦ

1907 1973 2089 2041 Ἀγίου
2132 1970 2381 2024 Ἡσαΐου.
2415 1968 2651 2024 Rursum
2681 1986 2692 2020 :
2728 1967 3151 2037 Παρεγενόμεοα
3185 1967 3278 2019 καὶ
3321 1966 3379 2019 ὲν
3406 1964 3484 2035 τῷ

1895 2065 2201 2136 προαστεῖῳ
2235 2064 2313 2135 τῷ
2368 2063 2680 2135 διαφέροντι
2721 2062 2797 2131 τῷ
2833 2060 2981 2127 αὒτῷ
3031 2060 3222 2130 Πέτρῳ
3255 2055 3484 2128 πλησίον

1891 2158 2005 2211 ὄντι
2035 2155 2127 2211 τοῦ
2156 2156 2444 2227 εὐκτηρίου
2468 2155 2618 2208 οἴκου
2649 2153 2742 2206 τοῦ
2774 2151 2928 2221 ἁγίου
2951 2152 3227 2223 μάρτυρος
3245 2151 3481 2220 Θύρσου.

1894 2249 2140 2319 Denique
2170 2265 2183 2300 :
2220 2247 2487 2301 Κάκεῖθεν
2538 2244 2986 2316 παραγενόμενος
3017 2244 3076 2296 ὲν
3101 2243 3179 2313 τῷ
3206 2243 3482 2312 εὐκτηρῖῳ

1894 2344 1986 2395 τοῦ
2026 2342 2181 2411 ἁγίου
2216 2341 2493 2412 μάρτυρος
2513 2339 2748 2409 Θύρσου,
2783 2338 3029 2408 ἔγνωμεν
3055 2336 3130 2400 ὡς
3155 2334 3483 2406 προάστειον

1895 2434 2124 2504 πλησίον
2200 2433 2470 2486 διάκειται
2538 2433 2746 2503 Πέτρου
2815 2428 2909 2483 τοῦ
2984 2444 3116 2483 ποτε
3169 2429 3267 2496 τῆς
3308 2421 3530 2480 ’Δπα-’

1898 2526 2042 2596 μὲων
2092 2526 2435 2589 ἐπισκόπου,
2518 2533 2626 2579 etc.
2672 2524 2764 2579 Eze
2830 2536 2999 2593 porro
3049 2521 3143 2576 hic
3192 2517 3483 2575 recensita

1892 2618 2139 2673 ecclesiae
2175 2618 2320 2673 intra
2392 2617 2549 2672 urbis
2600 2614 3222 2686 Constantinopolitanae
3291 2626 3483 2668 muros

1891 2709 2173 2764 aedificata
2231 2718 2408 2773 erant,
2459 2710 2527 2764 de
2574 2711 2753 2777 iisque
2808 2718 2891 2763 sat
2944 2707 3134 2762 multis
3180 2705 3395 2777 egimus
3424 2707 3482 2760 in

1891 2810 2078 2856 nostra
2115 2798 2595 2873 ConstantinOpoli,
2643 2800 2787 2856 libro
2818 2817 2890 2855 tv.
2923 2800 3112 2869 Neque
3150 2799 3298 2854 enim
3325 2807 3482 2854 extra

1894 2892 2088 2946 urbem
2129 2890 2285 2946 missi
2319 2891 2586 2962 episcopi,
2633 2908 2744 2963 quo
2790 2892 3146 2947 Anthemium
3175 2900 3231 2945 et
3257 2891 3482 2945 Petrum

1890 2983 2288 3053 Apameensem
2339 2984 2770 3054 perquirerent,
2828 3000 2950 3039 cum
2997 2982 3050 3039 id
3102 2998 3211 3038 non
3260 2982 3481 3054 exigant

1891 3074 2151 3139 eanones,
2177 3075 2273 3130 sed
2300 3075 2355 3130 in
2397 3070 2783 3147 suis‘ipsorum
2834 3076 2977 3132 intra
3010 3076 3202 3130 urbem
3241 3075 3479 3137 aedibus.

217 3154 391 3212 doctus
434 3162 759 3218 suburbana
794 3166 969 3221 solum
1025 3169 1288 3238 appellari
1324 3187 1443 3240 quae
1472 3173 1691 3244 longius
1719 3174 1787 3231 ab
1816 3176 1857 3234 C
1892 3167 1987 3222 ubi
2034 3167 2291 3223 habitare
2342 3158 2616 3223 solebant.
2666 3167 2810 3235 Quin
2863 3167 3029 3223 etiam
3066 3167 3134 3222 de
3163 3163 3479 3236 huiusmodi

218 3249 335 3302 u'be
359 3250 583 3319 distant,
624 3255 707 3309 vel
739 3259 939 3326 przedia
994 3259 1206 3316 deliciis
1234 3272 1291 3317 et
1322 3265 1586 3334 voluptati
1628 3267 1786 3322 addi-

217 3349 310 3405 cta,
340 3347 800 3412 quemadmodum
829 3348 1068 3405 Siciliam
1100 3353 1292 3423 populo
1319 3353 1555 3410 Romano
1579 3358 1782 3425 jucun—

218 3428 324 3484 dant
356 3435 812 3494 suburbanitatem
863 3441 1029 3498 fuisse
1075 3443 1212 3497 dixit
1259 3445 1452 3501 Cicero
1484 3463 1535 3502 Iv
1563 3448 1616 3502 in
1648 3451 1784 3506 Ver-

220 3534 317 3613 rem
342 3540 354 3579 :
379 3543 478 3596 qua
508 3529 733 3599 quidem
758 3548 891 3587 voce
923 3550 1054 3590 usus
1079 3537 1244 3592 etiam
1273 3539 1555 3606 Sidonius,
1582 3542 1676 3599 lib.
1704 3561 1783 3607 ut.

220 3613 360 3681 epist.
397 3618 415 3671 l
454 3639 468 3674 :
506 3621 799 3697 Ecclesium
830 3628 1052 3681 Arverni
1087 3631 1434 3700 municipioli,
1471 3634 1556 3686 cui
1580 3652 1786 3706 prpr-

218 3706 331 3761 situs
363 3712 455 3766 etsi
486 3716 778 3772 immeritus
815 3720 1028 3788 uideor,
1086 3735 1477 3796 peropportuna
1527 3728 1786 3786 oblatione

221 3796 584 3889 locupletando,
623 3811 774 3880 cujus
807 3816 1119 3882 possessioni
1158 3817 1449 3886 plurimum
1485 3820 1781 3889 contulisti,

221 3887 564 3953 Cuticiacensis
596 3905 785 3969 prwdii
806 3907 1228 3973 suburbanitate,
1259 3928 1362 3966 non
1387 3913 1559 3967 minus
1593 3922 1786 3972 nostra:

225 3992 534 4078 possessionis
572 3993 966 4064 fraternitatem
998 3998 1101 4053 loci
1148 4004 1487 4067 proximitate
1537 4006 1785 4078 dignatus

223 4077 390 4135 ditare.
428 4081 744 4141 Proximum
771 4089 936 4160 igitur
977 4091 1098 4145 urbi
1138 4094 1396 4151 Arverna:
1422 4096 1523 4152 fuit
1546 4077 1787 4155 Cuticia-

223 4184 366 4227 cense
398 4178 684 4244 pra-dium.

282 4258 455 4317 XVIII.
490 4267 680 4338 Neque
713 4284 844 4324 vero
879 4273 1126 4342 proxima
1161 4274 1427 4332 duntaxat
1468 4278 1787 4337 civitatibus

225 4350 348 4418 loca,
384 4359 463 4411 vel
502 4362 728 4429 pmdia,
767 4372 861 4417 aut
913 4366 1112 4432 palatia
1177 4370 1516 4438 προαστείων
1562 4372 1786 4429 nomine

224 4442 425 4513 donata,
472 4453 566 4506 sed
619 4455 783 4508 ctiam
844 4454 991 4511 intra
1030 4458 1200 4528 ipsam
1250 4461 1465 4526 urbem,
1517 4478 1582 4518 ac
1617 4464 1670 4518 in
1703 4479 1787 4518 re-

1889 3262 2322 3317 intramuraneis
2379 3261 2720 3316 suburbanis
2798 3258 3190 3331 intelligendus
3257 3258 3479 3312 videtur

1889 3356 2275 3425 Theophanes,
2330 3371 2419 3410 an.
2470 3356 2542 3409 2?.
2598 3350 2895 3415 Anastasii,
2953 3351 3046 3422 qui
3100 3351 3155 3405 in
3205 3349 3493 3405 seditione.

1889 3459 2006 3503 orta
2040 3448 2535 3518 Constantinopoli,
2573 3446 2711 3517 fuga:
2737 3461 2795 3502 se
2823 3444 2996 3509 dedit,
3024 3443 3163 3497 ὥστε
3195 3438 3473 3512 κρυῦῆνσιι

1888 3543 1945 3594 ὲν
1979 3539 2283 3611 προαστείῳ
2331 3540 2498 3607 ἐγγὺς
2543 3537 2884 3608 Βλαχερνῶν.
2931 3535 3059 3591 Sive
3087 3536 3233 3589 enim
3264 3532 3478 3588 Subura

1890 3633 2091 3685 bonum
2136 3631 2279 3685 istud
2313 3631 2452 3685 intra
2484 3639 2577 3683 aut
2602 3638 2758 3684 extra
2805 3627 2999 3682 urbem
3047 3626 3234 3689 fuerit,
3274 3624 3495 3679 saltem"

1886 3723 2287 3778 Blacherniano
2336 3722 2565 3789 Palatio,
2610 3720 2757 3791 quod
2793 3721 2937 3775 intra
2985 3718 3177 3773 urbem
3226 3726 3477 3787 post-meo

1889 3816 2018 3872 dum
2051 3817 2323 3872 inclusum
2357 3815 2461 3869 fuit
2492 3813 2744 3871 Heraclio
2785 3814 3112 3884 imperante,
3167 3811 3491 3878 proximum»

1889 3906 2062 3965 t‘nisse'
2109 3909 2401 3964 dicendum
2433 3916 2536 3962 est.
2579 3906 2780 3963 Verum
2812 3906 2938 3976 quis
2968 3903 3311 3959 dissertatori
3340 3917 3479 3957 con-

1890 4003 2049 4057 cedat
2099 4000 2320 4055 Petrum
2375 3999 2618 4073 Gyllium
2662 3998 2776 4054 sola
2831 3996 3121 4068 agnovisse
3159 3995 3493 4049 suburbanae

1893 4109 2013 4164 quae
2070 4093 2194 4147 urbi
2222 4092 2476 4164 contigua
2524 4102 2673 4155 sunt,
2702 4099 2757 4146 et
2787 4090 3066 4160 ignorasse
3099 4087 3173 4141 ita
3206 4085 3473 4154 appellari

1890 4202 2011 4256 qure
2037 4187 2245 4257 aliquot
2272 4187 2513 4240 millibus
2539 4187 2607 4239 ab
2636 4200 2701 4239 ea
2727 4185 2935 4238 distant
2963 4197 2978 4234 :
3011 4180 3165 4251 quasi
3196 4194 3327 4234 vero
3352 4179 3477 4233 sin-

1889 4277 2094 4346 gularis
2142 4277 2366 4330 omnino
2418 4274 2750 4330 eruditionis
2795 4272 3070 4343 scriptori,
3102 4279 3159 4325 et
3201 4283 3365 4340 quem
3402 4281 3483 4322 eo

1892 4371 2111 4424 nomine
2162 4369 2392 4425 summis
2426 4366 2684 4423 laudibus
2714 4382 2821 4422 non
2857 4365 3025 4421 semel
3068 4365 3287 4420 extollit
3310 4361 3477 4417 Jaco-

1888 4466 1994 4517 bus
2034 4462 2307 4533 Cujacins,
2347 4463 2529 4532 ignota
2570 4459 2773 4514 fuerint
2824 4474 2945 4530 quae
2995 4456 3154 4529 pueri
3199 4456 3384 4512 sciunt
3410 4455 3478 4510 in.

225 4539 527 4598 melioribus
576 4555 633 4599 et
678 4546 745 4600 ad
798 4548 947 4617 ipsos
997 4567 1184 4605 muros
1235 4552 1478 4621 partibus
1511 4594 1526 4619 ,
1573 4556 1781 4624 quaevis
1814 4568 1855 4623 θ
1886 4556 2133 4611 scholis:
2168 4554 2263 4610 sed
2305 4556 2349 4610 is
2375 4554 2535 4611 scivit
2571 4554 2718 4626 quod
2776 4554 3098 4624 ignoravere
3148 4550 3263 4614 alii,
3298 4546 3474 4616 προά-

222 4634 346 4688 mles
377 4641 584 4708 amplos
632 4642 819 4698 hortos
856 4643 1120 4700 habentes
1164 4645 1545 4700 delectationis
1579 4647 1775 4716 gratia,

225 4736 420 4784 insunt
462 4731 647 4798 hodie,
708 4751 846 4805 quas
903 4746 1121 4799 vocant,
1188 4736 1364 4792 Vinea:
1403 4738 1543 4793 intra
1586 4738 1775 4794 urbem

224 4813 453 4887 Rimam,
499 4841 621 4893 qua:
665 4829 1005 4898 προαστείων
1057 4830 1175 4885 vice
1219 4842 1345 4884 sunt
1382 4832 1725 4901 magnatibus
1760 4851 1774 4887 ε

225 4923 332 4963 eum
360 4913 428 4968 ita
459 4919 829 4986 appellentur,
849 4922 995 4990 quod
1030 4938 1216 4977 revera
1250 4924 1439 4991 primis
1466 4925 1796 4994 reipublicre'

225 5015 279 5055 ac
307 5004 507 5076 imperii
556 5011 785 5067 Romani
824 5016 1159 5083 temporibus
1215 5017 1356 5070 intra
1394 5016 1560 5071 urbes
1607 5019 1779 5074 vinea:

228 5096 536 5164 colerentur,
578 5105 721 5174 quod
780 5107 1020 5162 vetuisse
1083 5108 1452 5162 Domitianum
1506 5111 1776 5165 scribunt.

227 5184 365 5254 Nam,
398 5195 544 5248 utait
573 5197 654 5250 lex
685 5197 715 5250 6
746 5196 964 5253 Cedde
982 5201 1147 5269 prtcd.
1178 5211 1232 5255 et
1265 5201 1483 5267 al.rcb.,
1515 5202 1778 5257 Prwdium

232 5284 453 5339 rusticum
490 5288 567 5340 vel
609 5290 967 5346 suburbanum
1004 5297 1069 5348 ab
1106 5294 1320 5349 urbanis
1362 5312 1464 5348 non
1516 5296 1645 5359 loco,
1691 5297 1780 5349 sed

232 5373 464 5434 qualitate
490 5376 823 5435 discernitur.
856 5382 987 5449 Qute
1020 5384 1246 5439 totidem
1280 5386 1463 5439 verbis
1506 5385 1779 5440 habentur

234 5459 279 5513 in
323 5464 412 5521 lib.
441 5486 635 5526 xxxviii
687 5473 906 5529 Basilio.
956 5476 1037 5530 lit.
1069 5477 1122 5543 9,
1155 5492 1273 5547 cap.
1308 5478 1376 5533 37
1405 5497 1416 5532 :
1451 5480 1780 5549 Προάστειον

234 5552 325 5607 ἀπὸ
370 5561 456 5612 τοῦ
502 5564 780 5619 πολιτικοῦ
822 5570 1119 5638 οἰκήματος
1168 5573 1264 5641 οὐχ
1295 5572 1320 5624 ὁ
1351 5572 1533 5637 τόπος,
1597 5573 1778 5644 ἀλλ’ἢ

237 5647 432 5719 ποιότης
478 5656 714 5724 γωρὲζει.
754 5657 856 5714 Ubi
917 5660 1293 5717 Scholiastes:
1331 5664 1403 5716 Τὸ
1434 5667 1776 5733 προάστειον.

238 5738 368 5798 φασὶ,
396 5746 676 5812 χωρίζεται
700 5749 806 5801 ἀπὸ
835 5750 934 5819 τῆξ
960 5751 1053 5803 τοῦ
1085 5753 1248 5804 τόπου
1289 5752 1506 5815 θέσεως,
1534 5753 1612 5804 ὅτι
1648 5751 1777 5821 ἐξτίιο

240 5838 399 5885 ἵξεται
423 5833 522 5906 τῆς
552 5833 773 5907 πόλεώς,
812 5840 925 5895 ἀλλ’
958 5844 1018 5897 ἐκ
1046 5842 1138 5899 τοῦ
1196 5843 1483 5914 προσέχειν
1523 5842 1775 5914 πάροεον,

1884 4664 2035 4702 στειοι
2064 4665 2171 4703 non
2202 4648 2364 4703 modo
2406 4649 2528 4702 urbi
2560 4647 2844 4712 continua,
2888 4658 3125 4715 quorum
3165 4657 3279 4713 prae
3307 4646 3477 4696 catae

1883 4744 1957 4797 ris
2015 4740 2268 4796 meminit
2309 4742 2548 4796 Joannes
2592 4740 2946 4794 Biclariensis
2981 4780 2995 4803 ,
3032 4754 3124 4795 an.
3154 4737 3179 4789 l
3229 4733 3481 4800 Tiberii,

1881 4835 1973 4890 sed
2004 4836 2164 4890 etiam
2189 4852 2309 4905 quae
2343 4835 2396 4888 in
2428 4834 2542 4905 ipsa
2565 4834 2698 4887 urbe
2717 4842 2844 4887 sunt
2868 4831 3142 4886 interdum
3171 4827 3463 4899 appellari.

1952 4928 2094 4982 XIX.
2144 4927 2262 4983 Jam
2315 4944 2448 4982 vero
2503 4942 2626 4981 cum
2672 4925 3034 4990 Hebdomum,
3083 4939 3179 4980 seu
3225 4923 3481 4992 Campus~

1885 5017 2175 5083 Hebdomi,
2228 5018 2440 5088 amplus
2496 5026 2640 5072 esset
2692 5032 2841 5087 ager,
2879 5024 2935 5069 ut
2970 5014 3063 5086 qui
3095 5015 3166 5070 ab
3215 5014 3352 5068 urbe
3395 5008 3477 5066 ad

1882 5112 2176 5182 septimum
2231 5125 2404 5179 usque
2455 5109 2694 5179 lapidem
2747 5109 3120 5180 pertingeret,
3172 5105 3349 5168 varia,
3401 5113 3465 5159 ut

1882 5205 2143 5266 diximus,
2194 5203 2247 5257 in
2293 5218 2359 5257 eo
2413 5203 2674 5257 exstitere
2737 5202 2967 5257 aediﬁcia
3012 5207 3068 5255 ct
3121 5196 3460 5256 suburbana.

1882 5312 2003 5364 qum
2032 5295 2083 5348 in
2114 5293 2396 5348 Hebdomo
2450 5293 2685 5348 excitata
2718 5307 2839 5347 esse
2883 5291 3146 5346 dicuntur
3168 5303 3198 5342 a
3225 5285 3475 5354 scripto-

1884 5387 2057 5452 ribus,
2109 5402 2216 5440 non
2266 5386 2506 5440 indicato
2536 5385 2648 5440 fere
2690 5401 2906 5455 semper
2954 5398 3146 5437 eorum
3193 5376 3461 5450 peculiari

1882 5479 2015 5540 situ,
2057 5488 2110 5533 et
2140 5495 2208 5532 an
2261 5478 2407 5544 urbi,
2460 5478 2542 5532 vel
2591 5494 2660 5532 an
2712 5478 2950 5547 septimo
2995 5473 3165 5544 lapidi
3210 5471 3459 5542 proxima

1880 5568 2107 5623 fuerint.
2154 5568 2288 5623 Nam
2342 5576 2541 5639 prmter
2577 5567 2919 5623 Tribunalet
2947 5565 3263 5635 adjunctum
3307 5561 3459 5619 Con-

1882 5660 2308 5713 stantinianeum
2371 5659 2669 5723 Palatium,
2727 5658 2795 5712 de
2847 5658 3049 5726 quibus
3102 5656 3337 5726 egimus,
3395 5659 3461 5707 ut

1882 5750 2129 5804 omittam
2157 5750 2320 5804 etiam
2365 5750 2659 5804 Castellum
2704 5749 3172 5813 Theodosianum,
3222 5746 3371 5818 quod
3400 5749 3455 5803 in
3542 5796 3550 5803 .

1884 5841 2167 5898 Hebdomo
2193 5841 2379 5897 statuit
2398 5842 2784 5914 Theophanes,
2813 5858 2903 5897 an.
2937 5842 2965 5898 7
2989 5842 3186 5899 l‘hocze
3217 5841 3467 5915 legimus-
