3912 6244
444 306 547 409 itu

1501 327 1988 400 DISQUlSITlO
2027 329 2622 396 TOPOGRAPHICA

3600 339 3703 405 408

436 424 582 521 apud
608 425 965 501 Procopium,
990 431 1125 497 lib.t
1151 434 1231 491 De
1257 437 1448 508 wdiﬁc.
1478 437 1793 504 Iustiniani,
1819 453 1943 508 cap.
1966 441 2019 508 4,
2056 463 2094 515 Α
2129 443 2320 509 tidem,
2348 444 2441 500 sed
2469 444 2537 500 ad
2567 445 2747 501 sinum
2769 444 3088 504 Ceratinum
3117 447 3396 506 exstitisse
3422 459 3509 505 sat
3538 452 3709 521 pluri-

432 518 757 579 aediticatam
780 527 848 582 ab
880 528 1077 586 eodem
1096 530 1341 605 Augusto
1368 533 1425 591 S.
1452 534 1747 591 Theodotae
1769 535 1940 591 aedem
1962 537 2018 589 ἐν

431 615 749 689 προαστείῳ
780 618 856 690 τῷ
883 621 1206 697 καλουμένῳ
1245 627 1490 699 Ἑϐδόμῳ
1516 643 1530 682 :
1560 629 1723 683 aliam
1755 637 2018 699 praeterea

432 701 493 760 S.
518 703 749 765 Joannis
796 711 1055 784 Baptistae
1082 718 1140 771 ἐν
1169 718 1246 790 τῷ
1301 719 1547 792 Ἑϐδόμῳ
1590 720 1928 793 καλουμένῳ,
1964 732 2020 779 et

430 793 596 850 aliam
647 798 887 873 denique
932 806 988 860 in
1014 809 1210 864 eodem
1263 809 1548 868 Hebdomo
1598 813 1695 870 SS.
1746 813 1918 870 Menas
1963 824 2019 870 et

428 885 637 945 Menaeo
666 897 1007 966 martyribus
1058 900 1320 957 dicatam.
1369 904 1525 972 Quod
1551 922 1684 961 vero
1712 917 1926 978 spectat
1949 908 2017 962 ad

426 983 719 1039 ecclesiam
776 985 835 1042 S.
887 988 1272 1061 Prmcursoris,
1320 999 1452 1065 quin
1497 998 1591 1053 illa
1634 999 1725 1065 sit,
1777 1015 1940 1070 quam
1985 1016 2014 1054 a

427 1072 743 1134 Theodosio
791 1080 864 1136 Μ.
918 1083 1243 1141 aedificatam
1298 1089 1521 1145 tradunt
1577 1092 1913 1163 scriptores,
1960 1104 2017 1149 et

425 1182 588 1239 quam
619 1169 963 1229 Justinianus
1001 1177 1413 1247 instauraverit,
1445 1184 1700 1242 dubitare
1723 1201 1833 1242 non
1863 1185 2011 1254 licet,

424 1273 549 1331 quze
583 1262 718 1330 μονὴ
754 1262 847 1315 τοῦ
887 1264 1150 1337 Ἐὀδόμου
1201 1272 1407 1329 dicitur
1431 1275 1680 1349 Scylilzt'e
1706 1289 1763 1333 et
1785 1278 2015 1334 Zonaras

422 1349 479 1405 in
515 1349 725 1417 Alexio,
757 1366 813 1409 et
846 1356 1114 1430 Ἔϐδομον
1157 1365 1306 1422 nude
1339 1367 1393 1422 in
1429 1369 1553 1424 Vita
1597 1369 1858 1425 Auxentii
1910 1370 2014 1427 sub

421 1444 641 1503 initium
666 1465 682 1504 :
709 1466 873 1521 quam
900 1453 1241 1512 Sozomenus
1268 1459 1365 1513 lib.
1401 1476 1499 1526 vn,
1534 1476 1656 1531 cap.
1687 1462 1751 1515 21
1788 1460 1893 1531 πρὸ
1919 1460 2013 1515 τοῦ

420 1538 651 1607 ἄστεως,
686 1542 832 1601 idem
869 1563 991 1620 cap.
1023 1550 1093 1605 94
1125 1553 1183 1606 ἐν
1219 1552 1469 1625 Ἑϐδόμῳ
1500 1556 1686 1628 μιλὶῳ,
1718 1554 2014 1613 Chronith

421 1628 853 1693 Alexandrinum
884 1656 975 1697 an.
1001 1642 1068 1699 l5
1093 1644 1390 1702 Theodosii
1441 1646 1514 1701 Μ.
1547 1649 1605 1702 ἐν
1627 1648 1705 1721 τῷ
1734 1648 2014 1720 λεγομένῳ

431 1727 685 1801 Ἑϐδόμῳ
723 1734 1372 1807 Κωνσταντινουπόλεως,
1400 1742 1747 1815 Nicephorus
1773 1745 2014 1815 denique

2122 534 2225 592 bus
2262 553 2426 608 supra
2451 538 2831 609 probavimus.

2192 629 2310 685 XX.
2354 631 2654 687 Praeallatis
2697 649 2828 688 vero
2877 648 2985 689 non
3041 636 3222 691 obstat
3263 639 3412 707 quod
3456 637 3710 693 Socrates

2120 720 2217 775 lib.
2244 737 2320 788 vn,
2367 737 2489 793 cap.
2517 723 2571 786 6.
2601 723 2660 778 S.
2685 723 2972 781 Prodromi
3023 728 3343 799 Μαρτύριον
3388 737 3602 800 septem
3644 730 3725 785 ab

2122 812 2260 869 urbe
2324 814 2652 871 milliaribus
2694 816 2951 872 dissitum
3023 820 3249 887 scribat,
3303 821 3456 877 hisce
3504 820 3708 888 verbis,

2131 905 2302 960 Ἐπτὰ
2342 907 2399 961 δὲ
2444 910 2694 980 σημείοις
2740 909 2896 964 τοῦτο
2959 911 3168 983 ἀπέχον
3217 913 3318 984 τῆς
3364 915 3599 976 πόλεως.
3649 916 3709 971 Et

2117 1014 2242 1069 cap.
2272 999 2331 1053 Η
2366 1017 2381 1055 :
2413 999 2636 1071 Ἀπέχει
2669 1000 2726 1054 δὲ
2747 1000 2906 1055 τοῦτο
2934 1001 3075 1056 ἑπτὰ
3105 1006 3310 1073 σημεῖα
3340 1004 3441 1074 τῆς
3474 1005 3705 1069 πόλεως.

2117 1091 2245 1146 Haec
2281 1092 2429 1147 enim
2480 1092 2860 1165 intelligenda,
2892 1109 3002 1150 non
3027 1093 3096 1151 de
3122 1097 3389 1169 martyrio
3435 1098 3582 1168 ipso,
3615 1100 3705 1155 sed

2116 1184 2185 1240 de
2213 1186 2594 1242 Hebdomiano
2645 1203 2862 1258 campo,
2894 1189 2989 1255 qui
3037 1204 3226 1244 revera
3280 1190 3443 1246 initio
3485 1202 3707 1264 sumpto

2116 1296 2145 1335 a
2174 1281 2410 1350 septimo
2456 1281 2636 1351 lapide
2663 1281 2732 1337 ab
2765 1281 2959 1338 urbem
3005 1285 3341 1352 pertinente,
3392 1296 3605 1355 septem
3643 1286 3708 1341 ab

2115 1389 2180 1429 ea
2209 1373 2545 1428 milliaribus
2593 1372 2821 1430 dissitus
2855 1375 2979 1429 fuit.
3029 1374 3372 1431 chdomum
3414 1376 3590 1447 igitur
3612 1392 3710 1431 v0-

2115 1466 2343 1521 cabatur
2369 1465 2485 1520 haec
2511 1465 2678 1531 aedes,
2705 1466 2852 1537 quod
2881 1466 2935 1522 in
2963 1466 3248 1522 Ilebdomo
3273 1468 3511 1523 excitata
3540 1477 3706 1532 esset,

2116 1556 2223 1612 hoc
2266 1565 2352 1612 est
2390 1555 2445 1610 in
2484 1570 2679 1627 campo
2719 1556 2851 1613 Urbi
2894 1557 3168 1628 proximo,
3215 1567 3357 1613 utet
3382 1559 3491 1613 alia
3526 1558 3713 1621 eidem

2115 1647 2220 1703 aedi
2252 1649 2533 1713 adiuncta,
2565 1648 2624 1704 S.
2651 1649 2852 1705 Joanni
2889 1649 3241 1720 evangelista:
3286 1648 3491 1715 dicata,
3520 1658 3587 1705 ut
3625 1659 3710 1706 est

2116 1745 2261 1813 apud
2283 1742 2582 1812 Codinum,
2612 1743 2669 1799 in
2693 1741 2989 1814 Originibus
3015 1741 3521 1814 Constantinopotit.
3555 1745 3710 1816 cujus

417 1817 629 1877 Callisti
654 1825 761 1895 πρὸ
785 1828 885 1898 τῆς
917 1830 1329 1889 Κωνσταντίνου
1347 1837 1406 1890 ἐν
1433 1835 1510 1907 τῷ
1530 1835 1812 1908 λεγομένῳ
1828 1836 2006 1891 Ἐϐδό‹

2117 1837 2283 1893 verba
2346 1837 2634 1893 attulimus
2678 1838 2735 1893 in
2784 1847 2974 1895 nostra
3055 1837 3525 1909 Constantinopoli
3570 1855 3592 1894 :
3654 1848 3711 1895 et

419 1930 529 1986 μῳ.
567 1916 637 1972 ab
668 1920 864 1976 eodem
912 1923 1227 1984 Theodosio
1288 1930 1583 1986 excitatam
1630 1931 1904 1997 scribunt,
1956 1931 2013 1986 in

414 2005 705 2067 Hebdomo
755 2014 970 2073 scilicet
1001 2020 1151 2090 quod
1184 2022 1309 2078 urbi
1345 2023 1661 2093 proximum
1692 2032 1749 2079 et
1779 2023 1836 2078 in
1863 2024 2011 2079 illius

414 2113 718 2171 conspectu
772 2106 876 2163 fuit
906 2127 920 2164 :
954 2126 1106 2178 nam,
1144 2121 1206 2168 ut
1234 2122 1320 2169 est
1362 2114 1507 2184 apud
1532 2114 1832 2186 Georgium
1885 2115 2013 2170 Ale-

410 2194 744 2253 Xaudrinum
793 2201 849 2257 in
899 2203 1025 2260 Vita
1077 2205 1134 2261 S.
1188 2206 1417 2263 Joannis
1472 2206 1878 2280 Chrysostomi,
1934 2207 2009 2263 ita

411 2284 718 2343 vocabatur
747 2291 775 2344 ὁ
805 2291 970 2356 τόπος
1017 2294 1116 2366 τῆς
1156 2294 1250 2348 τοῦ
1300 2297 1458 2365 ἁγίου
1515 2298 1769 2363 Ἰωάννομ
1809 2297 2011 2367 ἐκκλη-

415 2377 558 2442 clzc.
599 2380 762 2439 llisce
799 2399 967 2454 porro
1008 2387 1271 2459 loquendi
1321 2377 1575 2447 formulis
1603 2389 1739 2446 satis
1768 2392 2010 2445 innuunt

412 2468 582 2528 iidem
613 2475 938 2545 scriptores,
970 2479 1117 2535 hanc
1166 2481 1340 2537 aedem
1371 2499 1481 2538 non
1511 2483 1579 2539 ad
1601 2483 1901 2553 septimum
1937 2481 2007 2537 ab

410 2564 552 2623 urbe
600 2567 836 2626 milliare
884 2573 1211 2630 aediﬁcatam
1268 2574 1468 2632 fuisse.
1510 2575 1655 2644 Quid
1700 2577 1846 2632 enim
1898 2574 2006 2630 sibi

408 2657 529 2712 vult
561 2656 738 2724 aliud.
775 2662 883 2735 πρὸ
922 2665 1023 2735 τῆς
1071 2669 1302 2736 πόλεως,
1337 2685 1501 2741 quam
1535 2671 1591 2726 in
1626 2670 1780 2727 urbis
1831 2671 2007 2741 ipsius

406 2755 771 2822 prospectu?
856 2757 944 2812 vel
1023 2758 1372 2817 llebdomum
1446 2760 2006 2834 Constantinopoleos

405 2859 573 2913 quam
633 2862 761 2916 pars
818 2847 1179 2908 Hebdomiani
1254 2852 1447 2925 Campi
1517 2854 1642 2910 urbi
1718 2855 2007 2925 proxima?

406 2935 608 2995 deinde
639 2939 877 2996 Phocam
899 2942 955 2999 in
983 2943 1089 3000 hac
1112 2945 1230 3002 aede
1263 2956 1587 3003 coronatum
1615 2948 2005 3018 imperatorem

405 3031 637 3087 tradunt
689 3033 1030 3104 Simocatta,
1083 3038 1386 3095 Chronicon
1435 3041 1899 3109 Alexandrinum,
1948 3052 2006 3100 et

406 3124 798 3224 Theophanes,
843 3131 1057 3188 scilicet
1081 3132 1237 3202 juxta
1269 3134 1560 3198 Tribunal.
1596 3135 1690 3191 ubi
1727 3137 2001 3192 acclama-
2029 3167 2072 3224 ο

404 3229 496 3274 tus
527 3220 708 3278 fuerat
729 3223 1034 3295 Augustus.
1081 3224 1350 3281 Tribunal
1377 3242 1508 3283 vero
1543 3228 1695 3283 urbis
1726 3229 2000 3286 iuuenibus

401 3312 719 3383 proximum
749 3317 919 3373 fuisse
949 3333 1117 3388 supra
1155 3321 1469 3376 docuimus.
1516 3322 1717 3378 Verum
1758 3322 1892 3394 quin
1926 3322 1997 3379 ad

403 3407 700 3477 septimum
735 3409 973 3466 milliare
1005 3427 1115 3466 non
1141 3412 1440 3478 exstiterit,
1461 3413 1752 3485 hincpatet
1770 3416 2000 3479 omnino

407 3501 560 3569 quod
589 3501 658 3557 ad
689 3502 847 3559 sinus
894 3501 1140 3560 Ceratini
1181 3506 1343 3562 littus
1388 3516 1664 3563 statuatur
1689 3525 1719 3564 a
1750 3509 1998 3576 Socrate,

403 3592 504 3648 lib.
557 3609 637 3661 τι,
676 3609 800 3664 cap.
848 3595 940 3663 Η,
984 3596 1133 3653 unde
1178 3607 1393 3667 septem
1446 3599 1517 3655 ab
1553 3599 1706 3658 Urbe
1757 3603 2001 3657 millibus

405 3685 687 3756 disparata
733 3703 997 3745 essenon
1024 3691 1227 3761 potuit,
1279 3692 1554 3763 siquidem
1596 3695 1754 3752 littus
1789 3695 2003 3751 Cerati—

407 3794 543 3835 num
580 3779 650 3835 ad
688 3781 843 3837 sinus
871 3792 1038 3853 caput
1067 3784 1212 3841 ultra
1258 3801 1430 3842 unum
1467 3786 1703 3843 milliare
1727 3803 1836 3842 non
1870 3803 2003 3858 pro-

407 3871 679 3939 tenditur,
705 3873 801 3929 ubi
827 3874 1058 3946 Cydaris
1079 3889 1136 3933 et
1161 3878 1430 3952 Barbyses
1455 3880 1663 3935 ﬂuvioli
1689 3879 2000 3945 conﬂuunt,

404 3971 463 4017 et
513 3962 570 4018 in
602 3962 791 4019 sinum
838 3964 1161 4023 Ceratinum
1211 3984 1381 4040 aquas
1411 3985 1542 4026 suas
1587 3970 1875 4026 evolvunt.
1921 3969 2001 4025 lta

403 4071 574 4126 porro
625 4055 886 4114 Socrates
928 4060 1024 4116 ubi
1063 4060 1133 4117 de
1174 4061 1486 4133 Epiphanio
1529 4061 1693 4133 Cypri
1738 4063 2000 4133 episcopo

400 4148 473 4203 ad
504 4149 705 4207 Urbem
736 4151 1053 4223 appellente
1082 4168 1095 4204 :
1137 4154 1540 4224 Προσορμήσας
1588 4147 1682 4207 οὖν
1713 4154 1772 4206 ὲν
1799 4151 1878 4221 τῷ
1907 4151 2003 4205 ἐπὶ

414 4238 671 4312 Ἰωάννην
703 4243 1013 4314 papa-cpio),
1046 4243 1244 4315 ἀπέχει
1272 4243 1331 4298 δὲ
1372 4242 1532 4299 τοῦτο
1580 4243 1720 4296 ἑπτὰ
1750 4242 2002 4314 σημείοις

399 4334 503 4404 τῆς
532 4333 766 4400 πόλεως,
809 4338 906 4390 καὶ
934 4334 1167 4400 ἐξελθὼν
1198 4337 1300 4406 τῆς
1339 4333 1499 4400 νεώς,
1527 4345 1633 4391 etc.
1682 4334 1854 4391 Paulo
1900 4333 2000 4389 ali-

402 4436 489 4481 ter
533 4426 897 4494 Sozomenus,
944 4428 1043 4482 lib.
1097 4443 1220 4494 vm,
1258 4444 1380 4499 cap.
1432 4430 1522 4495 η,
1570 4429 1667 4484 ubi
1706 4428 1775 4485 de
1804 4431 1998 4486 eodem

2113 1932 2259 2002 apud
2307 1931 2725 2004 Paehymerem,
2779 1932 2875 2003 qui
2919 1931 3019 1987 lib.
3054 1947 3115 1999 ιι,
3145 1947 3268 2002 cap.
3304 1932 3395 1997 21,
3433 1942 3708 2008 monaste-

2114 2024 2281 2089 rium,
2329 2025 2479 2095 quod
2520 2025 2620 2094 τὴν
2668 2024 2813 2078 κατά
2858 2024 2953 2080 τὸν
2997 2024 3266 2093 Ἐσδομον
3309 2025 3403 2079 τοῦ
3444 2025 3706 2096 Θεολόγου

2116 2117 2307 2188 μονήν,
2357 2116 2499 2173 infra
2532 2117 2630 2173 lib.
2665 2134 2763 2183 vn,
2813 2133 2932 2188 cap.
2967 2119 3068 2174 ult.
3112 2120 3261 2175 nude
3306 2119 3579 2190 Ἕϐδομον
3610 2134 3701 2176 vo-

2111 2217 2221 2276 cat,
2274 2209 2369 2265 ubi
2425 2210 2490 2265 de
2544 2211 2800 2281 sepulcro
2849 2210 3039 2267 Basilii
3089 2211 3482 2283 Bulgaroctoni
3535 2215 3611 2267 in'
3641 2226 3707 2268 eo

2112 2302 2315 2372 sepulti
2362 2303 2495 2374 agit,
2524 2303 2682 2375 cujus
2712 2298 3092 2373 Epitaphium,
3123 2304 3271 2375 quod
3309 2304 3707 2374 descripsimus

2113 2395 2169 2450 in
2218 2393 2375 2450 Notis
2444 2395 2512 2450 ad
2554 2395 2846 2456 Zonaram,
2893 2395 3153 2452 observat
3207 2397 3356 2452 illius
3406 2396 3619 2468 τύμὸον
3650 2399 3706 2450 ιν

2115 2486 2266 2558 μέσῳ
2297 2487 2404 2558 γῆς
2441 2487 2704 2559 Ἐὁδόμου
2752 2487 2943 2551 fuisse,
2976 2504 3087 2559 qua
3120 2489 3419 2545 verborum
3469 2486 3707 2543 romula

2110 2582 2246 2637 satis
2305 2580 2585 2637 indicatur
2637 2581 2783 2637 hanc
2833 2571 3009 2637 aedem
3072 2582 3352 2638 exstitisse
3399 2581 3457 2636 in
3505 2595 3703 2651 eampo

2110 2673 2402 2739 Hebdomi,
2438 2690 2547 2729 non
2577 2688 2713 2729 vero
2745 2673 2813 2728 ad
2842 2675 3138 2743 septimum
3165 2673 3235 2729 ab
3267 2672 3420 2729 Urbe
3443 2672 3701 2727 milliare.

2110 2766 2217 2824 Sed
2252 2781 2321 2821 an
2370 2765 2429 2822 S.
2464 2765 2753 2822 Prodromi
2809 2764 3190 2821 Hebdomiana
3239 2765 3388 2820 aedes
3436 2765 3582 2819 intra
3617 2780 3707 2817 ur-

2109 2861 2236 2915 bem
2273 2859 2624 2930 postmodum
2657 2858 2868 2915 inclusa
2902 2858 3092 2922 fuerit,
3130 2857 3278 2930 quod
3309 2857 3451 2913 velle
3483 2857 3704 2911 videtur

2105 2952 2337 3027 Gyllius,
2386 2953 2621 3009 dubium
2674 2953 2808 3009 facit
2855 2968 2926 3008 ne
2960 2952 3093 3023 quid
3128 2951 3497 3015 dissimulem,
3555 2948 3700 3020 quod

2107 3046 2505 3104 Constantinus
2601 3047 3108 3119 Porphyrogenitus
3183 3044 3362 3101 tradat
3438 3044 3698 3100 Basilium

2106 3159 2269 3199 avum
2318 3144 2490 3198 aedem
2529 3141 2587 3198 S.
2640 3140 2869 3196 Joannis
2920 3139 3218 3208 Baptistae,
3260 3137 3441 3193 eidem
3482 3136 3590 3192 abdi
3640 3135 3697 3191 8.

2107 3234 2337 3290 Joannis
2387 3233 2743 3304 evangelistae
2770 3232 2827 3287 in
2871 3230 3161 3286 Hebdomo
3207 3231 3543 3302 proximam,
3578 3239 3635 3286 et
3669 3246 3697 3285 ιι

2108 3326 2313 3383 Basilio
2363 3325 2751 3390 instauratam,
2788 3332 2943 3380 extra
2984 3323 3187 3380 Urbem
3226 3332 3454 3389 statuat,
3484 3338 3607 3393 cap.
3632 3321 3699 3377 65

2108 3419 2245 3475 edit.
2279 3418 2567 3474 Allatianae
2594 3434 2610 3470 :
2643 3416 2718 3472 ita
2746 3426 2809 3472 ut
2830 3416 2978 3472 aedes
3004 3414 3062 3471 S.
3091 3414 3488 3480 Precurscris,
3536 3429 3700 3485 quam

2109 3523 2209 3563 sua
2238 3515 2399 3563 aetate
2438 3507 2680 3562 dirutam
2722 3507 2894 3562 fuisse
2934 3521 2964 3561 a
2994 3506 3191 3561 Turcis
3229 3505 3420 3560 scribit
3469 3505 3699 3578 Gyllius,

2112 3602 2202 3657 illa
2234 3602 2374 3657 forte
2408 3600 2596 3668 fuerit,
2622 3616 2745 3672 quae
2771 3609 2932 3656 vetus
2972 3601 3281 3665 dicebatur,
3310 3609 3366 3654 et
3395 3600 3554 3656 urbis
3579 3618 3699 3656 mu-

2112 3694 2190 3748 ris
2230 3693 2606 3759 incumbebat,
2640 3708 2672 3749 a
2702 3692 3069 3749 Constantino
3093 3692 3164 3748 Μ.
3200 3691 3491 3758 aediﬁcata,
3522 3701 3582 3748 ut
3618 3701 3700 3749 est

2113 3787 2168 3842 in
2197 3786 2455 3857 Πατρίοις
2483 3785 2610 3841 ΚΠ.
2640 3800 2670 3840 a
2700 3770 2863 3841 nobis
2902 3785 3162 3842 laudatis.

2181 3876 2325 3931 XXI.
2361 3876 2546 3934 Mirari
2591 3891 2755 3947 porro
2787 3875 2893 3931 hoc
2936 3877 3057 3932 loco
3101 3876 3271 3943 subit,
3308 3886 3420 3932 tam
3465 3876 3699 3933 ﬁdenter

2110 3968 2383 4025 allirmare
2407 3969 2589 4025 virum
2615 3971 2923 4033 eruditum,
2955 3971 3238 4025 neminem
3284 3978 3541 4026 veterum
3591 3973 3697 4042 (in-

2109 4063 2447 4134 dulgendum
2508 4075 2692 4120 tamen
2740 4062 2890 4133 quod
2953 4061 3252 4127 addiderit,
3310 4080 3442 4134 quos
3494 4064 3695 4136 legerit)

2108 4155 2357 4211 ecclesia:
2388 4155 2446 4212 S.
2475 4155 2705 4213 Joannis
2736 4155 3027 4211 Prodromi
3058 4154 3265 4211 Christi
3318 4154 3465 4209 intra
3514 4170 3701 4212 muros

2109 4251 2265 4307 urbis
2309 4250 2867 4320 Constantinopoleos
2901 4249 3067 4304 ullam
3097 4246 3294 4303 fecisse
3318 4247 3696 4304 mentionem:

2109 4360 2235 4401 cum
2267 4352 2468 4414 praeter
2514 4342 2940 4397 celeberrimum
2992 4339 3128 4396 illud
3165 4338 3459 4395 Studiense
3506 4354 3697 4395 mona-

2108 4437 2338 4492 sterium
2367 4433 2577 4489 nemini
2603 4448 2712 4488 non
2743 4441 2957 4497 notum,
2984 4430 3052 4487 ad
3086 4429 3380 4486 duodecim
3415 4430 3601 4484 eidem
3639 4429 3693 4485 S.

403 4516 755 4587 Epiphanio:
801 4519 1140 4583 Ἐκπλεύσας
1193 4520 1293 4591 τῆς
1328 4520 1576 4590 Κύπρου,
1620 4521 1891 4592 κατῆλθεν
1917 4526 1997 4587 εἰς

2112 4529 2439 4585 Prmcursori
2471 4528 2615 4582 intra
2637 4526 2831 4583 urbem
2853 4526 3159 4581 dicatarum
3183 4523 3384 4579 mdium
3407 4522 3693 4578 historiam

401 4610 515 4680 πρὸ
558 4612 658 4682 τῆς
702 4610 911 4677 πόλεως
955 4612 1294 4682 καλούμενον
1350 4612 1656 4682 Ἐὅδομονο
1706 4611 2004 4683 εὐξάμενος

401 4703 461 4755 δὲ
485 4705 543 4756 ὲν
572 4705 639 4773 τῇ
669 4704 859 4757 ἐνθάδε
888 4705 1175 4777 ἐκκλησίᾳ,
1207 4700 1345 4776 ἧκεν
1371 4706 1453 4768 εἰς
1478 4706 1579 4776 τὴν
1606 4705 1781 4759 πόλιν.
1810 4707 2005 4777 Appu-

402 4792 546 4847 lerat
575 4793 790 4850 scilicet
835 4796 1180 4865 Epiphanius
1210 4796 1279 4852 ad
1309 4806 1529 4866 portum
1573 4797 1866 4864 liebdomi,
1901 4815 1999 4870 per

323 4956 327 4960 ι
402 4890 588 4945 sinum
621 4889 976 4957 Ceratinum,
1009 4894 1281 4963 indeque,
1311 4909 1436 4949 cum
1464 4891 1518 4947 in
1544 4892 1662 4949 aede
1694 4893 1750 4948 S.
1776 4894 2004 4951 Joannis

403 4979 668 5050 Baptistae
718 4990 953 5046 orasset,
987 4981 1044 5037 in
1084 4983 1277 5038 urbem
1330 4982 1633 5053 proximam
1678 4983 1849 5052 venit,
1890 5002 2001 5042 non

404 5073 646 5145 navigio,
708 5075 806 5130 sed
856 5076 1057 5131 itinere
1137 5079 1408 5135 terrestri.
1468 5078 1657 5149 Neque
1701 5089 1882 5135 tamen
1933 5083 1999 5137 ad

404 5169 585 5238 ipsum
614 5167 781 5223 maris
803 5168 1211 5224 sinusCeratini
1238 5170 1614 5236 littus,versus
1632 5173 1783 5229 illius
1809 5182 2002 5243 caput,

402 5260 618 5318 exstitit
672 5261 819 5317 a-des
863 5261 917 5316 S.
960 5262 1192 5318 Joannis
1236 5265 1515 5334 Baptism,
1571 5267 1667 5321 sed
1712 5267 1767 5321 in
1821 5267 2000 5321 conti-

403 5356 580 5420 nenti,
616 5354 748 5410 licet
776 5353 957 5412 eidem
999 5355 1141 5413 forte
1171 5356 1376 5411 vicina.
1412 5357 1570 5423 Quod
1620 5358 1883 5429 colligere
1916 5365 2002 5415 est

402 5463 471 5503 ex
497 5448 694 5504 eodem
744 5446 1034 5517 Procopio,
1072 5448 1170 5503 lib.
1208 5465 1245 5513 ι,
1282 5464 1402 5520 cap.
1434 5452 1488 5516 8,
1545 5451 1636 5508 ubi
1682 5450 1781 5505 οὐκ
1806 5450 2000 5508 ἐπιθα-

401 5539 624 5593 λάσσιον
649 5538 710 5591 τὸ
736 5539 830 5591 τοῦ
855 5537 1159 5591 Βαπτιστοῦ
1195 5543 1252 5594 ὲν
1273 5542 1350 5611 τῷ
1385 5542 1633 5612 Ἑϐδόμῳ
1676 5542 2001 5612 καλουμένῳ

401 5630 721 5700 Martyrium
772 5630 943 5685 fuisse
981 5630 1187 5686 diserte
1240 5634 1336 5700 ait,
1393 5645 1584 5689 contra
1634 5650 1800 5703 quam
1850 5634 1997 5692 {edes

405 5723 463 5778 8.
496 5722 779 5778 Michaelis
809 5723 861 5776 in
889 5723 1121 5793 Anaplo,
1152 5743 1274 5796 qua:
1300 5728 1478 5784 eidem
1526 5728 1706 5799 quoad
1753 5738 1996 5783 structu-

404 5829 520 5877 τωο
548 5815 741 5871 similis
773 5815 896 5871 fuit.
937 5815 1276 5877 llcbdomum
1303 5837 1468 5895 porro
1501 5838 1609 5878 non
1641 5820 1706 5877 ad
1748 5821 1996 5895 Propon:

2111 4624 2169 4679 in
2198 4631 2386 4679 nostra
2420 4620 2899 4687 Constantiniana“
2926 4617 3419 4689 perstrinxerimus
3445 4636 3459 4670 :
3494 4616 3695 4687 quibus

2106 4717 2247 4773 duas
2276 4718 2506 4787 insuper
2532 4715 2668 4770 alias
2709 4713 2919 4769 addere
2964 4712 3115 4776 licet,
3146 4711 3201 4766 in
3238 4725 3378 4781 quas
3412 4726 3529 4765 non
3557 4710 3693 4765 ioci-

2104 4810 2385 4875 deramus,
2449 4806 2581 4861 dum
2643 4806 2739 4861 illa
2786 4804 3013 4876 prodiit,
3079 4819 3314 4875 quarum
3385 4803 3566 4858 altera
3614 4808 3695 4857 est

2106 4900 2163 4956 8.
2191 4898 2425 4955 Joannis
2458 4896 2718 4967 Baptistae
2752 4897 2814 4950 ὲν
2848 4897 2927 4964 τῷ
2963 4896 3236 4966 Λοφαδίῳ,
3264 4894 3421 4965 cujus
3447 4892 3694 4950 meminit

2103 4991 2288 5046 Codex
2311 4989 2597 5046 Caesareus
2637 4988 2782 5059 apud
2830 4989 3057 5044 Petrum
3106 4986 3495 5050 Lambecium,
3531 4985 3631 5040 lib.
3660 4998 3693 5036 v

2102 5085 2475 5141 Commentar.
2531 5083 2600 5138 de
2660 5082 2803 5138 Bibl.
2853 5081 3059 5139 Caesar.
3106 5096 3229 5152 pag.
3279 5080 3397 5135 79:
3467 5080 3595 5133 Ἐπὶ
3637 5077 3691 5130 δὲ

2104 5174 2329 5245 ἡμερῶν
2357 5172 2450 5227 τοῦ
2494 5174 2806 5241 ἁγιωτάτου
2856 5173 3198 5243 πατριάρχου
3249 5173 3693 5225 Κωνσταντινου-

2103 5267 2313 5330 πόλεως
2367 5266 2640 5320 Νικολάου
2709 5264 2806 5319 τοῦ
2861 5265 3257 5336 Κυρδυνιάτου,
3312 5264 3411 5317 τοῦ
3478 5265 3546 5317 ἐκ
3596 5264 3691 5332 τῆς

2103 5346 2410 5429 σεϐασμίάς
2474 5358 2648 5428 μονῆς
2696 5357 2791 5411 τοῦ
2852 5359 3035 5428 τιμίου
3099 5356 3420 5428 Προδρόμου
3486 5355 3581 5410 τοῦ
3636 5356 3691 5408 ἐν

2102 5451 2697 5518 Κωνσταντινουπόλει,
2735 5450 3136 5521 ὲπιλεγομένης
3181 5448 3278 5502 τοῦ
3323 5448 3534 5517 Λοφάδ,
3560 5457 3688 5504 etc..

2101 5547 2195 5619 qui
2227 5545 2453 5617 quidem
2499 5543 2760 5599 Nicolaus
2804 5542 3118 5614 patriarcha
3155 5557 3263 5596 non
3304 5540 3452 5595 alius
3495 5551 3579 5594 tst
3623 5537 3690 5592 ab

2100 5656 2168 5696 eo
2204 5639 2298 5709 qui
2327 5638 2518 5692 Alexio
2542 5635 2827 5692 Comneno
2860 5637 3169 5706 imperante
3204 5634 3367 5698 vixit,
3419 5644 3483 5688 ut
3531 5634 3690 5688 doce-

2102 5749 2227 5787 mur
2258 5746 2325 5786 ex
2355 5730 2614 5800 Catalogo
2640 5729 2787 5784 Patr.
2808 5728 3290 5799 Constantinopol.
3319 5725 3608 5797 descripto
3629 5724 3682 5777 in

2101 5825 2233 5884 Jurc
2266 5822 2585 5879 Crassorum
2625 5839 2636 5876 :
2676 5822 2941 5888 Νικόλαος
2988 5819 3221 5893 μοναχδς
3245 5821 3274 5873 6
3298 5814 3687 5894 γραμματικὸς
