3942 6250
247 370 348 430 409

1573 367 1672 429 DE
1705 369 2083 432 HEBDOMO
2125 369 2234 430 CP.

3381 367 3490 431 410

243 487 270 538 ὀ
301 487 358 538 ἐν
384 482 636 552 Δοφαδίῳ
667 479 1065 551 θεοπρόόλητος
1083 479 1376 552 ἀρχιερεὺς
1407 483 1498 533 ἐπὶ
1524 481 1620 536 τοῦ
1646 482 1811 535 αὐτοῦ

1927 485 2180 547 Tullium,
2205 481 2397 538 eadem
2422 482 2591 538 ferme
2611 481 2680 538 de
2705 495 2870 539 causa
2893 481 2963 538 ab
2987 480 3053 537 lis
3071 480 3445 537 insimulatum
3471 500 3486 538 :

244 576 406 646 κυροῦ
457 574 722 638 Ἀλεξίου,
767 584 876 627 etc.
920 573 1122 637 Aliam,
1163 590 1285 643 qum
1320 574 1560 629 Danielis
1610 589 1811 629 nomen

243 667 497 742 prxetulit,
526 666 700 721 aedem
725 665 782 719 S.
818 665 1106 719 Prodromi
1138 665 1205 720 ad
1238 667 1296 722 S.
1336 666 1570 721 Mecium
1598 680 1810 722 memo-

249 771 328 816 rat
355 761 596 828 scriptor
630 757 871 812 ineditus
898 759 1034 814 Vitae
1071 758 1130 813 S.
1163 758 1420 814 Marciani
1452 759 1749 821 meonomi,
1783 775 1812 812 a

245 866 347 921 quo
379 857 716 905 exstructam
768 848 962 902 scribit
996 867 1010 902 :
1049 849 1124 901 Τὸ
1171 849 1268 918 μὲν
1309 848 1402 902 οὖν
1447 850 1590 918 ἱερὸν
1646 849 1810 902 αὐτοῦ

215 975 220 984 -
242 944 481 1012 λείψανον
507 941 587 1012 (S.
617 940 834 1009 lsidori)
863 943 895 1010 ἡ
921 940 1014 992 τοῦ
1037 939 1345 993 Βαπτιστοῦ
1383 942 1628 995 Ἰωάννου
1653 942 1812 1009 μονὴ,

243 1036 357 1106 ῆτ·ς
400 1033 509 1102 ἄρα.
535 1033 629 1085 καὶ
661 1030 754 1084 τοῦ
779 1031 976 1100 Δανιὴλ
1005 1031 1240 1098 λέγεται,
1265 1033 1499 1104 δέχεται,
1525 1035 1688 1100 ἐγγὺς
1716 1033 1814 1103 μὲν

245 1129 380 1182 θείου
403 1124 534 1178 vani}
554 1124 648 1177 τοῦ
671 1124 920 1194 λαμπροῦ
943 1124 1217 1196 μάρτυρος
1237 1123 1459 1177 Μωκιου
1475 1125 1814 1196 διακειμένη,

245 1222 398 1291 ἔργον
445 1221 540 1274 καὶ
566 1219 705 1286 αὑτὴ
736 1217 870 1272 οὖσα
904 1220 1002 1286 τῆς
1037 1219 1246 1270 ἐκείνου
1289 1216 1492 1287 χειρὸς,
1535 1217 1564 1286 ἢ
1617 1218 1817 1288 μᾶλλον

244 1315 338 1382 τῆς
387 1311 730 1383 προθέσεως,
783 1310 914 1363 ἔνθα.
963 1307 1030 1373 δὴ
1073 1308 1168 1361 καὶ
1213 1307 1290 1371 εις
1341 1308 1500 1378 δεῦρο
1549 1308 1818 1379 λαμπρῶς

243 1403 399 1458 αὑτοῦ
438 1402 533 1456 καὶ
595 1400 862 1470 φιλοθέως
906 1401 940 1470 ἡ
986 1400 1172 1469 μνήμη
1201 1400 1458 1452 τελεῖται.
1489 1398 1667 1470 Atque
1702 1401 1818 1456 haec

243 1497 454 1567 quidem
499 1511 600 1564 per
643 1495 922 1564 πάρεργον
982 1493 1074 1547 hic
1120 1491 1534 1561 descripsimus,
1574 1503 1636 1547 ut
1675 1493 1817 1548 bina:

245 1591 353 1644 ista:
385 1587 440 1643 S.
477 1585 850 1642 Praecursoris
893 1584 1042 1638 aedes
1067 1583 1286 1639 caeteris
1321 1599 1350 1637 a
1380 1585 1544 1640 nobis
1573 1600 1818 1640 comme-

244 1681 463 1737 moratis
485 1679 880 1750 adjungantur.
915 1677 993 1731 Ex
1017 1677 1295 1747 praedictis
1327 1677 1495 1748 igitur
1523 1679 1639 1732 ha'c
1663 1693 1817 1732 sum-

225 1774 418 1829 matim
483 1771 748 1840 colligere
799 1769 965 1824 liceat
1009 1769 1291 1835 ,Hebdomi
1351 1785 1544 1824 vocem
1601 1771 1751 1826 varie
1784 1786 1814 1826 a

243 1864 600 1935 scriptoribus
625 1861 947 1933 Byzantinis
975 1860 1165 1915 eﬂ‘erri
1189 1878 1203 1915 :
1238 1876 1338 1930 pro
1361 1861 1484 1916 loco
1513 1863 1730 1917 scilicet
1760 1863 1812 1917 in

241 1973 345 2034 quo
399 1957 554 2012 stetit
605 1958 875 2022 septimus
927 1953 1084 2022 lapis,
1117 1953 1213 2007 ubi
1245 1953 1476 2008 aedilicia
1510 1970 1746 2024 quorum
1780 1955 1814 2008 ii

243 2050 588 2106 meminerint
607 2050 826 2104 stetisse
858 2046 1028 2110 nulla,
1054 2056 1116 2101 ut
1140 2046 1397 2116 superius
1422 2046 1560 2112 dixi,
1589 2063 1817 2116 prorsus

227 2151 444 2199 constat
492 2158 510 2198 :
567 2140 773 2198 deinde
822 2154 922 2210 pro
978 2138 1271 2210 interjecto
1325 2139 1472 2193 inter
1520 2139 1816 2208 septimum

243 2236 398 2292 istum
423 2235 668 2306 lapidem
700 2242 758 2288 et
799 2232 994 2286 urbem
1043 2230 1734 2301 Constantinopolitanam,
1761 2231 1817 2286 in

243 2343 346 2399 quo
361 2344 422 2384 ea
449 2330 640 2384 omnia
669 2342 791 2397 qua:
808 2331 876 2380 ab
901 2326 969 2380 iis
996 2326 1049 2379 in
1079 2324 1364 2379 llebdomo
1391 2340 1509 2380 esse
1532 2325 1815 2392 dicuntur,

245 2421 508 2480 exstitere,
526 2416 844 2488 cujusmodi
863 2416 1016 2470 fuere
1036 2414 1324 2475 Tribunal,
1346 2413 1614 2469 Palatium
1637 2415 1817 2470 eidem

245 2513 582 2583 adjunctum,
620 2527 687 2567 ac
716 2509 954 2566 subinde
987 2509 1131 2562 intra
1165 2508 1357 2562 urbem
1386 2509 1683 2574 inclusum,
1719 2508 1816 2564 sed

246 2614 300 2661 et
333 2605 475 2662 aedes
523 2605 586 2661 S.
631 2605 864 2661 Joannis
905 2603 1163 2672 Baptista:
1191 2611 1249 2656 et
1291 2602 1520 2657 Joannis
1580 2617 1818 2674 evange—

249 2697 397 2760 lista,
425 2714 548 2769 qua:
575 2696 806 2768 quidem
835 2695 1068 2750 aedificia
1099 2695 1284 2749 omnia
1325 2695 1593 2750 Hebdomi
1625 2695 1818 2765 appel-

248 2784 439 2841 latione
471 2786 792 2856 promiscue
823 2784 1104 2840 donantur
1138 2798 1168 2837 a
1196 2784 1586 2854 scriptoribus.
1621 2786 1816 2842 Utrum

250 2892 374 2933 vero
398 2879 528 2934 satis
576 2892 862 2949 superque
904 2877 1008 2932 ista
1059 2877 1504 2947 probaverimus,
1547 2878 1816 2949 judicium

251 2969 418 3026 ferent
447 2971 655 3026 eruditi
699 2971 957 3026 lectores.

316 3062 473 3118 XXI].
517 3063 792 3118 Caeterum
841 3061 1047 3132 gratias
1095 3078 1194 3133 per
1247 3079 1336 3118 me
1394 3064 1527 3119 licet
1574 3063 1819 3119 referant

1919 578 2056 633 adeo
2085 585 2145 632 ut
2179 592 2245 631 ne
2275 576 2424 630 locos
2449 575 2670 646 quidem
2698 585 2988 630 auctorum
3016 577 3182 629 semel
3218 590 3248 629 a
3274 590 3332 630 se
3371 575 3493 628 lau-

1915 671 2075 725 datos
2121 668 2191 722 ab
2222 669 2344 722 aliis
2380 684 2598 722 rursum
2640 661 2850 722 laudari
2899 667 3202 737 patiantur,
3236 667 3380 737 jure,
3427 676 3490 722 ut

1916 764 2072 817 aiunt
2104 760 2334 833 practici
2356 759 2552 821 nostri,
2572 759 2981 829 przeventionis.
3004 759 3169 826 Quasi
3197 775 3328 814 vero
3363 759 3490 829 plri-

1914 855 2077 924 lologi
2126 853 2376 923 partibus
2410 852 2560 922 fungi
2611 851 2786 905 cuivis
2819 868 2926 905 non
2960 852 3142 914 liceat,
3191 852 3284 921 qui
3327 851 3394 915 si,
3429 860 3492 906 ut

1917 943 2102 998 verbis
2166 951 2288 997 utar
2344 941 2652 1003 Plutarchi,
2707 943 2764 992 ὲν
2792 943 3056 1012 ἀλλοτρίῳ
3108 943 3273 1013 χώρῳ
3315 942 3488 995 multo

1917 1036 2112 1105 magis,
2151 1035 2204 1088 in
2235 1051 2302 1088 eo
2335 1034 2426 1104 qui
2478 1034 2736 1088 omnibus
2774 1042 2942 1102 patet,
2994 1039 3354 1103 omniumque
3403 1040 3493 1088 est

1917 1129 2335 1198 disciplinarum
2397 1143 2612 1196 eampo,
2661 1126 2801 1179 πόδα
2851 1125 3114 1188 τίθεσθαι,
3167 1126 3319 1180 nullo
3367 1126 3491 1196 jure

1916 1219 2260 1289 prohibetur.
2294 1219 2434 1284 Quin
2458 1220 2623 1272 etiam
2650 1232 2757 1271 non
2790 1217 2987 1270 desunt
3011 1217 3102 1285 qui
3130 1217 3197 1271 ab
3229 1233 3291 1271 ea
3324 1233 3488 1285 quam

1917 1318 1974 1371 in
2030 1315 2109 1370 rei
2166 1315 2465 1378 litterariae,
2496 1322 2558 1367 ut
2607 1313 2722 1367 ﬁeri
2760 1313 2922 1371 solet,
2954 1311 3135 1365 dubiis
3170 1327 3232 1365 ac
3265 1323 3489 1364 contro-

1917 1410 2096 1464 versis
2124 1408 2406 1476 protulere
2437 1407 2734 1466 sententia.
2769 1404 2962 1460 decedi
2997 1404 3272 1474 piaculum
3306 1403 3496 1456 existi-

1919 1511 2097 1564 mant,
2138 1517 2263 1556 cum
2321 1501 2377 1554 in
2433 1515 2626 1554 eorum
2678 1499 2847 1552 verba
2889 1498 3175 1569 juraturos
3224 1502 3497 1564 quotquot

1918 1593 2209 1664 scriptioni
2243 1592 2506 1660 deinceps
2535 1591 2806 1645 calamum
2840 1595 3140 1658 apponent,
3169 1586 3270 1641 sibi
3297 1585 3351 1639 in
3379 1585 3498 1638 ani-

1919 1700 2068 1739 mum
2104 1683 2389 1748 inducant,
2422 1697 2486 1737 ac
2513 1689 2783 1736 suammet
2808 1679 2861 1732 in
2892 1679 3086 1732 iisdem
3117 1677 3494 1744 conjecturam

1921 1779 2005 1834 vel
2037 1779 2354 1848 Opinionem
2387 1774 2743 1845 expromendi
2774 1773 3092 1826 facultatem
3128 1785 3348 1824 onmem
3387 1768 3500 1821 sint

1923 1870 2231 1939 adempturi
2265 1889 2276 1922 :
2313 1869 2467 1938 quasi
2494 1867 2732 1935 denique
2766 1865 2864 1934 ipsi
2898 1878 3080 1916 errare
3105 1877 3162 1915 se
3195 1877 3301 1913 non
3340 1875 3498 1928 posse

1925 1974 2142 2034 putent,
2171 1963 2302 2017 licet
2331 1961 2383 2015 id
2410 1976 2591 2030 neque
2623 1959 2880 2027 cuiquam
2917 1969 3158 2021 unquam
3177 1951 3497 2019 contigerit,

1924 2066 1979 2111 et
2015 2057 2191 2126 majus
2222 2055 2296 2110 sit
2317 2070 2479 2126 quam
2509 2063 2570 2108 ut
2597 2051 2898 2108 convenire
2923 2051 2978 2104 in
3009 2051 3303 2104 humanam
3334 2045 3502 2114 fragi-

1925 2150 2132 2205 litatem
2165 2158 2351 2217 queat.

1994 2243 2186 2298 XXIII.
2229 2243 2414 2312 Longe
2441 2256 2575 2296 vero
2613 2239 2804 2294 sanior
2829 2237 2976 2307 viget
2997 2234 3140 2306 apud
3169 2232 3337 2304 paulo
3364 2229 3504 2300 poli-

1927 2338 2096 2391 tiores
2127 2336 2274 2389 inter
2321 2333 2570 2389 eruditos
2608 2331 2885 2386 scribendi
2916 2331 3075 2390 ratio,
3125 2328 3219 2397 qui
3266 2325 3319 2379 in
3352 2324 3498 2378 litte-

1925 2429 2087 2483 rariis
2116 2427 2534 2488 controversiis,
2589 2427 2632 2478 si
2686 2423 2984 2478 dissentire
3039 2422 3340 2488 contingat,
3392 2429 3504 2469 non

1925 2522 2050 2576 dico
2074 2523 2192 2576 sine
2215 2519 2550 2575 contumelia
2608 2517 2755 2588 (cum
2794 2515 2849 2568 id
2881 2529 3075 2568 eorum
3117 2512 3188 2566 sit
3213 2511 3503 2570 duntaxat,

1925 2631 2065 2687 quos
2099 2612 2526 2684 ἀγροικοσόφους
2553 2619 2711 2664 vocat
2734 2609 2895 2664 Philo
2921 2607 3103 2675 (libro,
3141 2601 3502 2670 Περὶάποικ.

1924 2718 1981 2764 et
2005 2708 2146 2762 libro
2178 2704 2316 2773 Περὶ
2348 2702 2589 2772 gurria,
2626 2703 2740 2775 (qui
2772 2701 2985 2756 scilicet
3014 2697 3202 2753 Musis.
3235 2711 3344 2748 non
3373 2707 3505 2746 vero

1926 2798 2090 2854 simul
2113 2803 2169 2852 et
2189 2797 2308 2858 ταῖς
2329 2793 2563 2864 Χάρισιν
2589 2793 2808 2858 ἔθυσαν,
2832 2793 2914 2846 vel
2941 2790 3032 2860 qui
3056 2787 3153 2858 τὴν
3186 2785 3507 2857 ’Λφροδετην

1925 2891 2044 2952 ταῖς
2069 2886 2312 2950 Μούσαις
2341 2887 2400 2938 οὐ
2435 2884 2785 2952 συνέπλεξιιν,
2811 2893 2870 2937 ιιι
2894 2881 3139 2952 loquitur
3163 2876 3506 2932 Themistius

1927 2989 2069 3036 orat.
2127 2980 2221 3045 24,
2254 2994 2310 3048 p.
2347 2979 2473 3042 ⁸50³5,
2499 2977 2594 3032 ἐά.
2637 2976 2812 3046 Reg.),
2847 2975 2942 3030 sed
2979 2989 3041 3028 ea
3087 2971 3398 3027 urbanitate
3443 2980 3508 3021 ac

1927 3071 2303 3127 moderatione
2323 3079 2560 3135 servata,
2597 3067 2691 3124 sed
2726 3081 2829 3122 nec
2860 3065 2979 3121 sine
3010 3064 3188 3133 elogio
3211 3061 3418 3130 aliquo,
3451 3057 3505 3111 id

251 3170 403 3223 quam
432 3155 703 3209 maximas
735 3154 859 3208 viro
883 3153 1212 3210 doctissimo
1244 3164 1520 3225 quotquot
1564 3164 1694 3210 sunt
1730 3156 1820 3208 lit-

1929 3180 2154 3236 semper
2192 3173 2480 3235 peragant,
2512 3171 2573 3216 ut
2624 3160 2972 3214 imminutam
3023 3173 3053 3216 a
3093 3169 3149 3210 se
3181 3153 3507 3223 dignitatem

251 3246 418 3311 tcrati,
474 3245 624 3316 quod
678 3245 884 3315 primus
940 3244 1222 3315 diligenter
1299 3244 1612 3316 explicuerit
1665 3247 1824 3299 situm

252 3339 492 3393 Hebdomi
527 3355 652 3392 cum
701 3346 932 3406 quatuor
979 3340 1090 3392 suis
1134 3338 1399 3408 partibus,
1448 3336 1672 3407 Campo,
1711 3337 1825 3391 Tri—

253 3431 443 3492 bunali,
475 3431 586 3486 atde
621 3429 682 3485 S.
711 3429 938 3484 Joannis
968 3429 1245 3499 Baptistw.
1277 3439 1324 3484 et
1349 3430 1582 3484 'Palatio
1625 3429 1826 3484 Secun-

251 3521 547 3584 dianarum,
590 3521 792 3594 Gyllio,
847 3520 1144 3590 nobisque,
1201 3523 1245 3576 si
1281 3521 1389 3576 diis
1432 3521 1634 3590 placet,
1651 3499 1826 3576 ~inco-

251 3615 443 3684 gnitis:
471 3615 632 3686 quasi
661 3631 776 3668 non
804 3614 912 3670 alia
945 3626 1001 3669 et
1036 3616 1197 3685 longe
1228 3615 1384 3685 plura
1423 3615 1738 3670 exstiterint
1769 3614 1825 3668 in

255 3703 524 3762 llebdomo
569 3705 828 3768 aedilicia,
887 3706 1196 3777 cujusmodi
1245 3715 1374 3762 sunt
1421 3706 1490 3762 de
1536 3707 1740 3777 quibus
1771 3707 1828 3761 in

237 3813 489 3866 praesens
519 3814 758 3870 agimus,
784 3814 908 3869 qua:
939 3809 1126 3867 partes
1162 3800 1294 3855 istas
1327 3799 1697 3870 multiplicare
1728 3799 1828 3855 de-

238 3889 483 3956 .buerint,
539 3891 816 3960 siquidem
885 3892 957 3946 ita
999 3892 1263 3962 appellari
1311 3890 1574 3947 debeant.
1625 3891 1829 3945 Verum

253 3998 369 4038 eum
402 3986 549 4041 bona
582 3985 736 4039 illius
772 3984 935 4039 venia
967 3983 1158 4038 dicere
1209 3984 1398 4048 liceat,
1429 3984 1568 4038 nihil
1599 4001 1628 4037 a
1667 3983 1830 4037 nobis

239 4073 306 4126 ein
336 4089 395 4128 ea
431 4089 600 4143 quam
652 4073 708 4127 in
746 4071 799 4126 id
851 4081 1245 4143 argumentum
1287 4070 1576 4126 contexuit
1613 4069 1830 4123 Disser-

253 4163 448 4220 tatioue
463 4163 901 4235 deprehensum,
925 4162 1075 4232 quod
1097 4178 1208 4217 non
1229 4163 1430 4218 viderit
1445 4160 1680 4232 Gyllius,
1704 4159 1831 4215 nul-

239 4254 434 4326 lesque
460 4257 532 4311 ab
560 4271 630 4311 eo
647 4255 958 4325 descriptos
978 4263 1270 4310 auctorum
1299 4255 1453 4310 locos
1470 4268 1614 4324 quos
1637 4253 1740 4324 ipsi
1773 4251 1830 4308 in

241 4343 706 4419 Constantinopoli
774 4345 1084 4404 Christiana
1149 4361 1263 4402 non
1339 4346 1828 4416 descripserimus,

255 4449 444 4507 praeter
468 4441 717 4496 triviales
738 4440 880 4495 forte
911 4439 1126 4510 aliquot
1146 4455 1177 4496 e
1205 4439 1446 4494 lliscella
1471 4441 1694 4509 petitos,
1718 4451 1828 4492 non

1929 3271 2092 3311 nemo
2126 3256 2388 3326 conqueri
2428 3253 2644 3324 possit:
2697 3251 2842 3321 quod
2898 3249 3154 3304 omittere
3189 3245 3371 3299 solent
3409 3241 3506 3310 qui

1927 3349 2118 3406 nescio
2173 3363 2303 3419 qua,
2364 3355 2426 3401 ut
2465 3344 2726 3407 diximus,
2785 3341 2972 3408 inepta
3017 3335 3322 3407 κακοζηλῐᾳ
3401 3331 3506 3388 soli

1930 3454 2124 3510 sapere
2181 3438 2360 3494 videri
2419 3438 2617 3492 volunt
2671 3434 2974 3503 (Stobaeus,
3032 3446 3092 3500 p.
3154 3430 3282 3497 57).
3345 3424 3509 3484 Μισῶ

1933 3533 2193 3605 σοφιστὴν
2231 3533 2384 3594 ὅστις
2428 3531 2528 3584 οὐκ
2570 3528 2720 3600 αὐτῷ
2767 3525 2948 3595 σοφός.
2982 3522 3040 3579 Si
3069 3522 3299 3594 placeat,
3328 3518 3511 3576 aiebat

1930 3628 2062 3682 olim
2085 3634 2308 3680 sanctus
2327 3621 2670 3694 Augustinus
2694 3619 2944 3675 scribens
2966 3627 3160 3672 contra
3178 3612 3509 3668 Petilianum

1934 3717 2052 3792 (lib.
2085 3718 2171 3786 ιι),
2205 3726 2253 3770 et
2287 3715 2427 3769 vobis
2463 3731 2557 3784 pro
2601 3710 2896 3767 maledictis
2933 3707 3216 3764 maledicta
3260 3716 3510 3771 reponere

1931 3825 2226 3880 possumus,
2253 3815 2302 3862 et
2332 3823 2424 3860 nos
2448 3807 2642 3860 diserte
2692 3804 2826 3874 forte
2873 3799 3157 3855 conviciari
3207 3809 3510 3867 possumus,

1933 3912 1982 3955 et
2005 3919 2097 3955 nos
2127 3902 2298 3954 dicere
2318 3898 2691 3970 crepitantibus
2718 3895 2948 3966 ﬂainmis
2976 3909 2993 3947 :
3033 3891 3124 3947 sed
3157 3888 3306 3943 nullo
3353 3888 3509 3942 modo

1937 3995 2063 4048 mihi
2087 4001 2243 4047 sonat
2272 3992 2483 4053 diserte,
2519 3989 2658 4060 quod
2680 3990 2877 4041 dicitur
2910 3987 3104 4055 inepte.
3135 3983 3197 4035 Et
3224 3978 3515 4034 Bessarion

1933 4085 2233 4142 cardinalis
2260 4085 2314 4138 in
2353 4084 2598 4154 Epistula
2628 4081 2835 4136 inedita
2867 4079 2934 4133 ad
2962 4077 3280 4132 Michaelem
3308 4074 3518 4144 Byzan-

1935 4180 2096 4239 tium,
2173 4176 2322 4230 illius
2378 4173 2752 4228 eruditionem
2819 4171 2876 4224 in
2941 4169 3009 4222 iis
3065 4181 3186 4236 qua?
3246 4163 3515 4218 adversus

1935 4264 2288 4321 Theodorum
2343 4263 2545 4318 Gazam
2606 4261 2934 4328 scripserat,
2981 4256 3208 4311 laudare
3263 4253 3514 4323 quidem,

1932 4375 2044 4414 non
2070 4372 2204 4412 vero
2228 4355 2320 4408 τὸν
2346 4354 2445 4422 τῆς
2476 4352 2803 4421 συνηγορίας
2830 4349 3034 4420 τρόπον
3056 4348 3289 4418 probare
3314 4360 3372 4400 se
3397 4343 3473 4397 ait
3497 4359 3513 4396 :

1935 4452 2011 4504 Οὐ
2055 4451 2186 4517 γὰρ,
2241 4445 2575 4512 subditille,
2619 4442 2910 4512 λοιδορίαις
2939 4439 3035 4493 τοῦ
3073 4437 3372 4503 ἀντιδίκου,
3400 4431 3516 4488 ἀλλ’

252 4533 494 4589 consulto
526 4534 615 4588 vel
658 4534 806 4589 lecto
837 4534 1202 4603 TheOphane,
1243 4535 1402 4604 cujus
1445 4533 1592 4588 illius
1636 4543 1822 4588 auctor

1933 4539 2242 4604 ἀποδείξεσι
2271 4538 2362 4590 καὶ
2413 4537 2665 4605 λογικαῖς
2701 4535 2972 4602 ἀνάγκαις
3002 4531 3078 4601 τῷ
3115 4545 3176 4582 τε
3212 4527 3352 4597 φίλῳ
3390 4540 3518 4578 συν-

251 4624 602 4696 interpretem
633 4626 767 4698 egit.
805 4626 935 4693 Quae
965 4626 1191 4696 quidem
1223 4641 1333 4680 non
1361 4640 1429 4680 eo
1458 4625 1586 4680 dico
1617 4625 1825 4691 animo,

251 4718 397 4786 quasi
433 4719 618 4775 aliena
647 4719 944 4789 expilasse,
977 4720 1064 4774 vel
1097 4717 1245 4789 quod
1280 4719 1349 4773 ab
1383 4718 1508 4773 aliis
1533 4718 1828 4772 observata

252 4822 352 4862 non
401 4825 572 4878 posse
629 4825 852 4865 rursum
913 4810 1242 4878 scriptorem
1292 4810 1611 4873 observare,
1661 4808 1828 4862 velim

251 4903 586 4959 colitendere
617 4921 631 4958 :
664 4917 791 4958 cum
824 4912 1194 4973 praeterquam
1225 4903 1373 4973 quod
1407 4902 1604 4957 iisdem
1635 4917 1831 4957 omnes

255 4997 451 5051 utimur
477 4997 662 5062 libris,
699 5014 820 5069 quae
849 4998 1022 5054 semel
1051 4997 1107 5052 in
1138 4997 1417 5066 publicam
1444 4997 1628 5051 lucem
1663 4996 1830 5051 emit-

253 5098 454 5155 tuntur,
479 5091 627 5162 juris
656 5092 784 5146 liant
815 5091 1046 5162 publici.
1074 5091 1269 5160 Neque
1307 5089 1457 5144 enim
1485 5105 1552 5144 ex
1587 5089 1656 5145 iis
1682 5104 1830 5152 sum,

253 5185 340 5253 qui
383 5187 427 5240 si
464 5187 772 5256 quidpiam,
825 5196 920 5242 aut
973 5182 1127 5256 quod
1164 5185 1458 5255 scripsere,
1487 5192 1583 5238 aut
1633 5184 1688 5237 in
1715 5183 1834 5238 suis

253 5284 402 5330 antea
442 5277 664 5331 emissis
704 5277 1188 5332 lucubrationibus
1222 5277 1310 5330 vel
1339 5276 1538 5329 leviter
1576 5274 1830 5344 attigere,

253 5367 359 5432 alii,
380 5369 431 5424 id
449 5372 700 5441 exigente
717 5369 864 5440 quod
884 5367 1335 5440 pertractandum
1355 5374 1724 5435 susceperunt
1740 5381 1832 5419 ar-

257 5471 527 5528 gumento,
561 5461 776 5531 pariter
811 5461 1108 5532 attingant,
1139 5459 1288 5514 illico
1319 5458 1508 5514 nescio
1537 5474 1643 5528 qua
1693 5459 1834 5530 lym-

258 5552 358 5620 pha
395 5553 663 5623 correpti,
696 5555 851 5623 quasi
883 5557 939 5608 in
977 5552 1179 5623 publici
1227 5552 1411 5606 (trarii
1458 5552 1624 5621 fures,
1661 5561 1718 5606 ut
1747 5561 1834 5606 est.

257 5649 394 5717 apud
467 5648 888 5722 Hieronymum,
955 5649 1272 5718 insurgunt,
1368 5646 1833 5714 quemadmodum

257 5739 482 5798 Luscius
518 5743 611 5798 ille
637 5742 932 5798 Luscinius
963 5743 1017 5796 in
1052 5740 1378 5796 Terentium
1427 5739 1829 5795 commdiarum

261 5835 576 5908 scriptorem
607 5851 622 5893 :
663 5833 1212 5910 \el.repetundarum'_
1237 5840 1512 5905 accusant,
1561 5840 1620 5888 ut
1657 5831 1829 5888 Graeci

1931 4629 2255 4702 ηγορητέον,
2291 4630 2382 4681 τόν
2407 4645 2468 4681 τε
2506 4626 2704 4698 ἐχθρὸν
2738 4625 3027 4695 ἀμυντέον.
3070 4621 3127 4676 Si
3167 4618 3388 4690 quando
3419 4616 3520 4686 igi-

1935 4735 2026 4781 tur
2055 4725 2123 4779 ab
2169 4722 2495 4793 quorumvis
2525 4720 2883 4790 scriptorum,
2935 4714 3144 4770 nedum
3185 4713 3515 4774 amicorum,

1931 4814 2208 4873 sententia
2237 4813 2599 4877 discedimus,
2628 4813 2704 4868 ita
2733 4809 2940 4866 versari
2974 4807 3262 4870 debemus,
3292 4812 3352 4858 ut
3372 4817 3520 4856 asse-

1932 4907 2166 4978 quendae
2211 4906 2480 4962 duntaxat
2531 4902 2783 4959 veritatis
2834 4915 2998 4956 causa
3053 4899 3108 4953 id
3163 4896 3277 4958 fiat,
3314 4893 3518 4957 allatis,

1931 4999 2138 5070 quibus
2189 5009 2376 5053 nostra
2409 4995 2613 5050 ﬁrmari
2653 4992 2850 5064 possit,
2906 4989 2994 5044 vel
3040 4986 3401 5058 argumentis,
3434 4984 3520 5038 vel

1932 5095 2266 5163 scriptorum
2296 5090 2743 5148 auctoritatibus.
2774 5101 2900 5142 cum
2930 5086 2984 5139 in
3015 5097 3209 5138 eorum
3242 5079 3427 5141 verba,
3461 5077 3518 5131 in

1933 5201 1994 5240 re
2056 5184 2294 5239 maxime
2351 5181 2641 5243 litteraria,
2693 5181 2880 5251 jurare
2938 5173 3164 5229 minime
3217 5178 3311 5223 aut
3359 5177 3518 5236 cogat

1933 5275 2142 5345 quaevis
2172 5273 2542 5336 necessitudo,
2569 5272 2653 5325 vel
2684 5279 2837 5341 parta
2865 5268 3032 5322 etiam
3079 5261 3347 5318 doctrina:
3395 5258 3516 5311 exi-

1933 5367 2196 5422 stimatio.
2256 5366 2396 5419 Tum
2451 5379 2584 5420 vero
2632 5364 2748 5417 sine
2811 5370 2989 5414 nostro
3040 5357 3258 5410 invicem
3309 5348 3514 5412 dolore,

1935 5460 2084 5530 quod
2153 5459 2338 5514 aiebat
2424 5465 2652 5512 sanctus
2715 5454 3081 5524 Hieronymus
3138 5447 3388 5503 scribens
3444 5443 3515 5499 ad

1935 5561 2184 5608 sanctum
2202 5551 2590 5622 Augustinum,
2625 5548 2804 5601 ludere
2831 5545 3015 5599 liceat.

1940 5684 2112 5756 Multa
2143 5689 2276 5756 iocis
2301 5695 2541 5752 pateant,
2573 5683 2726 5736 liceat
2762 5692 2968 5756 quoque
2991 5673 3368 5756 ludere/ictis.

1941 5755 2045 5811 Sed
2082 5746 2267 5824 lingua
2298 5746 2559 5810 mulcente
2599 5746 2812 5824 gravent
2842 5746 3150 5824 interlidere
3169 5747 3407 5811 dentem,

1943 5815 2460 5886 Ludereublanditiis
2491 5815 2784 5891 urentibus,
2810 5828 2857 5873 et
2888 5816 3026 5873 male
3056 5815 3239 5876 dulces
