3942 6250
423 318 528 385 ill

426 429 773 485 Fet-mentum
798 432 948 501 ,ἰοί-οδ
982 438 1180 501 satyrte
1222 431 1485 485 mordacis
1515 437 1686 493 aceto,

426 502 579 569 Srrpe
609 511 888 570 poetarum
922 517 1197 572 nunquam
1254 503 1396 554 deret
1429 518 1538 555 esse
1565 509 1870 572 parentum.

425 594 567 658 Quin
604 594 807 663 potius,

426 706 484 780 Si
516 723 680 773 pravo
709 717 931 772 rectum,
968 708 1015 763 si
1041 708 1294 780 religiosa
1327 709 1591 780 profanis,

426 777 660 849 ἕληται-ξε
687 794 927 847 parcum,
957 783 1101 849 turpi
1130 777 1368 834 mutatur
1393 782 1690 848 honestum,

430 848 639 916 Segnis.
668 850 830 910 iners,
858 848 1078 903 obcurus
1110 868 1232 916 ago,
1268 854 1518 904 miserere
1544 852 1749 906 sodalis

427 917 491 992 In
528 918 676 992 male
708 923 939 992 perversi
965 938 983 975 :
1021 922 1279 974 blandum
1312 920 1432 974 licet
1461 924 1543 975 ira
1569 930 1843 992 parentem

433 988 661 1059 (incitet,
701 988 754 1043 ut
789 990 999 1059 lapsum
1034 993 1191 1044 rectis
1214 993 1478 1046 instauret
1509 988 1746 1048 amicum

430 1057 691 1123 Moribus,
721 1068 771 1113 et
800 1057 998 1114 monitu
1027 1070 1236 1131 reparet
1262 1061 1484 1116 meliora
1517 1080 1719 1118 severo.

1237 1153 1317 1224 (S.
1347 1154 1565 1220 Paulin,
1599 1171 1783 1224 poem.
1820 1158 1939 1229 xtl.)

431 1263 535 1319 Sed
570 1272 771 1334 praeter
802 1265 998 1321 allatas
1020 1266 1294 1337 ejusmodi
1324 1278 1743 1341 totmagnorum
1768 1273 2014 1328 virorum

431 1359 533 1413 hac
559 1360 629 1414 de
658 1375 714 1414 re
747 1359 1075 1425 sententias,
1123 1376 1194 1415 an
1227 1377 1337 1416 non
1394 1362 1567 1418 liccat
1618 1365 1783 1419 aliam
1818 1382 2016 1423 recen-

432 1450 611 1517 tioris,
642 1460 807 1518 atque
839 1453 978 1508 adeo
1016 1454 1309 1525 singularis
1337 1456 1670 1512 eruditionis
1702 1459 2013 1529 scriptoris,

432 1544 522 1599 hic
572 1543 739 1600 etiam
789 1545 1140 1615 appingere?
1193 1547 1242 1601 ls
1293 1556 1378 1602 est
1436 1548 1707 1605 Henricus
1764 1553 2016 1609 Valesius

430 1636 698 1691 lladriani
729 1640 926 1704 frater,
961 1640 1054 1708 qui
1093 1639 1160 1694 ad
1195 1641 1467 1711 Exrerpta
1504 1644 1715 1715 Polybii
1752 1647 1836 1702 sic
1870 1664 2011 1717 prie.-

430 1728 620 1783 latur:
663 1749 682 1783 ‹
718 1731 896 1800 Atque
926 1733 1042 1787 haec
1095 1733 1163 1787 de
1199 1735 1454 1790 versione
1498 1734 1809 1793 Casauboni
1854 1742 2014 1811 quasi

430 1836 531 1891 per
558 1837 843 1877 excessum
875 1823 1024 1879 dicta
1067 1825 1198 1891 sint,
1250 1842 1361 1881 non
1429 1827 1781 1885 obtrectandi
1830 1833 2016 1888 studio

431 1912 507 1983 (id
532 1914 678 1967 enim
713 1914 953 1969 alienum
985 1925 1070 1971 est
1097 1932 1128 1971 a
1160 1918 1369 1989 nobis),
1396 1919 1493 1976 sed
1534 1929 1595 1975 ut
1625 1922 1668 1976 si
1706 1923 1845 1980 forte
1880 1927 2017 1995 quid

430 2019 460 2058 a
493 2019 582 2059 me
616 2014 905 2075 precatum
944 2007 999 2061 in
1051 2011 1308 2065 versione
1367 2027 1490 2068 mea
1543 2013 2016 2085 deprehendetur,

430 2095 647 2151 facilius
680 2099 854 2154 lector
885 2100 1131 2171 ignoscat
1168 2121 1182 2157 :
1241 2104 1443 2160 deinde
1473 2122 1607 2162 vero
1642 2117 1702 2163 ut
1750 2111 2018 2171 abstersis

429 2184 516 2239 bis
546 2187 715 2243 ntevis
765 2189 1008 2260 aliquam
1039 2192 1272 2262 gratiam
1317 2211 1349 2251 a
1405 2198 1677 2255 studiosis
1728 2201 2015 2261 iniremus.

430 2275 686 2334 Hominis
710 2282 855 2335 enim
879 2281 1103 2353 ingenui
1133 2300 1256 2340 esse
1280 2287 1543 2354 arbitror,
1572 2300 1633 2346 ut
1659 2302 1737 2349 att
1758 2294 2019 2368 Polybius

424 2378 642 2434 noster,
677 2388 790 2428 non
825 2390 890 2429 ex
923 2375 1120 2431 alienis
1148 2378 1352 2434 erratis
1382 2380 1614 2449 gloriam
1643 2394 1892 2456 captare,
1923 2390 2021 2444 sed

431 2476 556 2516 cum
592 2464 817 2529 nostris,
849 2475 963 2521 tum
1000 2468 1167 2524 etiam
1219 2471 1419 2527 alienis
1462 2475 1707 2545 scriptis,
1748 2491 2018 2548 quantum

433 2550 486 2605 in
516 2553 677 2608 nobis
700 2562 805 2617 est,
842 2569 1032 2609 curam
1062 2566 1228 2627 atque
1257 2560 1704 2619 emendationem
1728 2567 2015 2626 adhibere.

420 2642 602 2722 .Cujus
622 2645 847 2715 quidem
870 2647 1110 2703 instituti
1139 2650 1311 2705 nostri
1340 2652 1544 2723 ubique
1570 2656 1735 2710 velim
1758 2658 2020 2731 lectorem

432 2736 772 2800 meminisse,
800 2736 846 2791 si
871 2737 1093 2806 quando
1130 2739 1185 2793 in
1221 2740 1380 2796 Notis
1425 2758 1455 2796 a
1501 2743 1793 2801 doctorum
1842 2749 2022 2807 homi—

432 2840 565 2878 num
599 2825 859 2894 opinione
882 2826 1261 2885 dissentimus.
1303 2832 1563 2903 ldemque
1596 2837 1711 2908 ipse
1745 2855 1775 2894 a
1800 2843 2021 2898 cmteris

433 2918 676 2986 postulo,
713 2928 773 2974 ut
806 2920 1007 2985 sicubi,
1038 2923 1186 2992 quod
1222 2924 1452 2981 nimium
1483 2942 1627 2999 saepe
1656 2929 1910 2989 fortassis
1936 2951 2024 2991 ac-

431 3009 591 3076 cidit,
655 3026 686 3065 a
735 3011 969 3068 veritate
1032 3015 1440 3085 abcrraverim,
1519 3022 1799 3094 corrigere
1855 3036 2021 3098 atque

1701 318 2036 380 JUANNIS
2075 320 2396 381 ZONAR/E

2050 434 2094 491 Α
2126 444 2286 486 secus
2317 444 2484 500 quam
2518 430 2724 487 veritas
2757 430 2872 501 ipsa
2920 430 3164 503 postulat
3193 430 3403 491 dictum
3439 432 3701 503 frequen-

3601 320 3702 383 412

2118 521 2227 576 tius
2255 521 2442 588 fuerit,
2476 532 2764 580 monentes
2788 523 2989 587 lubens
3017 539 3238 594 sequar,
3259 535 3317 579 et
3338 539 3528 579 ceram
3558 539 3705 580 com-

2117 613 2357 682 planabo
2392 631 2406 668 :
2443 615 2572 671 dico
2609 625 2923 681 monentes,
2954 631 3068 671 non
3119 615 3470 683 invadentes.
3509 615 3704 671 Lecto.

2114 721 2232 760 rem
2288 716 2420 777 opto
2470 708 2765 770 arbitrum,
2826 724 2938 764 non
2989 708 3396 773 adversarium,
3458 718 3524 764 ut
3578 708 3704 764 olim

2115 797 2323 867 optime
2380 799 2673 868 Stagiritcs
2724 800 3091 871 philosophus
3143 800 3299 857 dixit.
3355 800 3543 870 Atque
3595 800 3709 857 haec

2115 890 2339 959 quidem
2394 891 2597 947 tradita
2654 893 2923 948 hactenus
2970 908 3001 947 a
3048 900 3131 949 tot
3181 892 3314 948 viris
3365 893 3708 962 sapientibus

2118 993 2411 1052 praecepta,
2463 985 2511 1039 si
2550 988 2611 1038 ὲν
2649 987 2764 1047 τοῖς
2794 985 2904 1039 τῶν
2954 986 3147 1056 ψυχῶν
3185 986 3387 1057 ἠρίοις.
3422 987 3478 1042 id
3513 997 3623 1053 est,
3657 988 3709 1043 in

2118 1073 2429 1127 animorum
2457 1083 2777 1129 nostrorum
2812 1077 3212 1143 monumentis,
3240 1076 3322 1131 uti
3351 1077 3527 1133 libros
3555 1087 3712 1135 vocat

2117 1162 2478 1230 Themistius,
2533 1180 2632 1222 seu
2681 1169 2738 1220 ἐν
2769 1166 2974 1232 (obeat;
3023 1168 3197 1222 εἰκόσι
3243 1168 3344 1239 τῆς
3385 1168 3591 1240 ψυχῆς,
3633 1171 3709 1226 uti

2117 1256 2468 1326 appellantur
2497 1273 2530 1313 a
2565 1258 2832 1315 Michaele
2862 1260 3045 1316 Psello
3097 1261 3153 1315 in
3204 1260 3461 1316 Monodia
3498 1263 3709 1319 inedita

2119 1350 2174 1405 in
2206 1350 2477 1406 Joannem
2512 1350 2841 1418 Patricium,
2879 1352 3078 1409 sedulo
3124 1368 3527 1423 exsequamur,
3568 1372 3708 1426 prte-

2118 1444 2322 1499 claram
2352 1445 2409 1499 in
2441 1446 2605 1503 nobis
2632 1462 2849 1503 morum
2903 1447 3154 1504 civilium
3186 1447 3517 1519 ellingemus
3554 1460 3612 1506 et
3644 1452 3711 1516 ad

2120 1549 2373 1607 posteros
2403 1541 2845 1597 transmittemus
2893 1541 3212 1612 imaginem.
3263 1542 3373 1599 Sed
3407 1544 3526 1599 tunc
3556 1545 3712 1615 quasi

2114 1646 2217 1701 per
2245 1643 2616 1697 transennam,
2672 1633 2805 1689 licet
2857 1633 3001 1691 forte
3033 1645 3190 1691 extra
3223 1651 3366 1701 rem,
3408 1636 3564 1692 dicta
3606 1637 3714 1692 sint

2120 1725 2189 1779 de
2221 1724 2308 1780 bis
2338 1724 2603 1780 duntaxat
2628 1724 2725 1795 qui
2752 1741 2823 1781 ex
2852 1726 3238 1797 hujuscemodi
3268 1728 3545 1784 inut-bans
3582 1729 3714 1798 {aci-

2046 1778 2092 1838 B
2123 1817 2269 1872 litate
2292 1778 2368 1871 lac
2399 1778 2746 1873 delectatibne
2763 1778 3015 1889 Quae;
3029 1778 3715 1890 vreprelie-t—ul—endﬁifu'twlo-

2121 1912 2313 1978 quitur
2338 1908 2532 1979 Lupus
2571 1910 2745 1966 abbas
2775 1910 3148 1968 Ferrariensis
3180 1912 3380 1984 (Epist.
3412 1912 3531 1983 26),
3561 1914 3715 1985 plau-

2120 2017 2243 2057 sum
2279 2011 2502 2071 captare
2527 2003 2732 2058 solent.

2197 2094 2382 2151 XXIV.
2412 2095 2527 2150 Nos
2569 2110 2702 2150 vero
2748 2095 2844 2165 qui
2878 2098 2983 2162 ftot
3015 2096 3165 2154 inter
3195 2097 3429 2168 hujusce
3458 2098 3562 2155 avi
3588 2114 3717 2154 eru-

2123 2186 2272 2241 ditos
2315 2201 2385 2241 ne
2422 2186 2708 2245 minimam
2740 2187 2967 2258 quidem
3005 2190 3262 2246 obtinere
3308 2190 3534 2246 laudem
3570 2192 3712 2247 ultro

2123 2295 2251 2336 cum
2272 2279 2634 2337 dissertatore
2655 2282 3029 2352 agnoscimus,
3060 2291 3283 2339 nostras
3300 2283 3710 2355 qualescunque

2124 2373 2643 2440 commentationes,
2705 2383 2764 2430 et
2811 2389 2949 2443 quas
3006 2373 3285 2430 interdum
3327 2375 3529 2431 damus
3585 2392 3717 2434 con-

2119 2464 2390 2533 jecturas,
2424 2466 2677 2520 omnium
2720 2466 2948 2537 judiciis
2972 2466 3234 2524 libentes
3263 2469 3629 2537 exponimus,
3658 2477 3710 2524 ut

2126 2558 2220 2627 qui
2254 2572 2287 2612 a
2313 2558 2678 2620 doctioribus.
2721 2561 2769 2614 si
2828 2559 3015 2630 lapsos
3046 2574 3150 2619 nos
3175 2563 3498 2633 contigerit,
3522 2564 3598 2621 ab
3626 2580 3717 2620 er-

2126 2650 2346 2706 roribus
2365 2651 2499 2721 erigi
2523 2651 2667 2707 haud
2689 2661 2914 2722 gravate
2941 2653 3207 2711 feramus.
3231 2653 3475 2713 Proinde
3503 2665 3713 2712 tantum

2125 2742 2305 2805 abest,
2342 2752 2402 2797 ut
2430 2744 2766 2799 sententiam
2800 2756 3051 2802 nostram
3100 2746 3171 2803 de
3221 2746 3495 2803 Hebdomi
3546 2750 3714 2803 situa

2126 2833 2246 2889 viro
2275 2835 2344 2890 cl.
2383 2835 2686 2906 improbari
2706 2853 2853 2908 aagre
2886 2838 3134 2903 tulerim,
3167 2847 3228 2895 ut
3257 2839 3409 2895 illius
3438 2839 3716 2895 Disserta-

2126 2926 2331 2981 tionem
2359 2928 2563 2998 cupide
2614 2930 2803 2984 statim
2853 2931 3210 3001 arripuerim,
3242 2947 3312 2987 ex
3351 2948 3416 2987 ea
3444 2933 3597 3003 quod
3630 2949 3714 2988 me

2124 3018 2360 3089 fugisset
2402 3021 2687 3091 quidpiam
2756 3033 3199 3088 consecuturus,
3268 3039 3391 3079 cum
3463 3026 3710 3096 quoidam

432 3103 731 3160 emendare
779 3120 846 3161 ne
874 3106 1170 3163 dubitent:
1208 3111 1313 3167 hoc
1343 3113 1491 3168 enim
1523 3114 1825 3174 dummodo
1873 3119 2021 3193 bono

2125 3113 2363 3166 scientice
2425 3114 2597 3184 portio
2662 3115 2763 3180 sit,
2843 3114 3024 3180 inquit
3075 3116 3312 3171 Faustus
3380 3116 3709 3187 Rhegiensis

435 3212 589 3253 more
611 3207 669 3252 et
702 3200 843 3256 citra
877 3203 1187 3259 convicium
1241 3206 1354 3270 ﬁat,
1389 3209 1580 3280 gratiae
1610 3222 1776 3281 atque
1823 3213 2019 3271 honori

433 3290 747 3346 habendum
792 3304 946 3365 puto.
988 3315 1005 3348 ι
1053 3298 1244 3368 Neque
1275 3302 1579 3358 omittenda
1608 3305 1775 3361 verba
1806 3306 2017 3379 Polybii

432 3382 525 3438 hic
551 3385 791 3452 laudata,
823 3391 1036 3447 caeteris
1056 3406 1088 3446 a
1114 3392 1278 3447 nobis
1304 3393 1605 3466 descriptis
1625 3398 1977 3469 adjungenda
2003 3419 2018 3456 :

435 3474 572 3544 Περὶ
601 3477 659 3529 δὲ
681 3478 789 3533 τῶν
814 3481 996 3534 τόπων
1019 3483 1246 3552 ἀγνοίας
1263 3485 1369 3539 τῶν
1393 3488 1534 3540 κατὰ
1561 3488 1657 3560 τὴν
1673 3492 2019 3563 Λακωνικὴν,
2041 3504 2044 3507 ‘

435 3565 522 3620 διὰ
583 3568 644 3621 τὸ
702 3571 947 3643 μεγάλην
996 3570 1139 3628 εἶναι
1194 3578 1584 3648 πκράπτωσιν,
1648 3584 1751 3637 οὐκ
1793 3583 2023 3656 ὤκνησα

437 3660 645 3729 γράψαι
668 3664 807 3735 πρὸς
837 3666 1000 3721 αὐτὸν
1041 3672 1284 3740 Ζήνωνα,
1314 3673 1538 3742 δίρίνων,
1572 3677 1738 3731 καλὸν
1795 3673 2022 3733 εἶναιτὸ

424 3751 520 3829 ,μὴ
569 3752 667 3817 τὰς
728 3755 836 3811 τῶν
907 3760 1079 3823 πέλας
1135 3762 1410 3833 ἁμαρτίας
1469 3767 1578 3821 ἴδια
1623 3770 2022 3840 προτερήματα

438 3848 705 3916 νομίζειν,
749 3852 1001 3925 καθάπερ
1034 3854 1166 3910 ἔνιοι
1216 3861 1388 3913 ποιεῖν
1436 3861 1719 3928 εἰώθασιν,
1768 3864 1906 3917 ἀλλὰ
1943 3866 2018 3937 μὴ

424 3939 605 4011 ,μόνον
627 3942 747 4003 τῶν
771 3943 916 3999 ἰδίων
949 3947 1385 4019 ὑπομνημάτων,
1433 3952 1572 4006 ἀλλὰ
1600 3953 1699 4007 καὶ
1725 3955 1834 4009 τῶν
1865 3958 2024 4011 ἁλλο-

418 4035 626 4104 .τρίων,
671 4037 902 4092 καθόσον
943 4034 1047 4093 οἷοί
1086 4043 1145 4096 τέ
1196 4044 1387 4114 ἐσμεν,
1438 4046 1714 4101 ποιεῖσθαι
1763 4048 2025 4117 πρόνοιαν

442 4127 539 4179 καὶ
582 4128 872 4199 διὸροωσιν
928 4134 1091 4202 χάριν
1150 4135 1248 4204 τῆς
1307 4140 1492 4206 κοινῆς
1542 4138 1832 4206 ὠφελείας.
1894 4142 2026 4207 Quae

424 4219 662 4289 quidem
694 4220 768 4275 ita
805 4221 999 4278 Latine
1030 4224 1272 4281 reddidit
1315 4226 1514 4283 doctus
1560 4229 1838 4298 interpres
1870 4248 1882 4282 :
1912 4230 2028 4285 Cte-

438 4324 474 4366 ιο
493 4332 614 4371 rum
640 4316 706 4369 de
736 4315 835 4371 illa
862 4319 998 4373 situs
1048 4318 1328 4376 Laconicae
1360 4323 1719 4391 ignoratione,
1771 4339 1834 4378 eo
1886 4324 2024 4393 quod

436 4410 610 4478 gravis
635 4425 745 4465 esse
772 4413 817 4465 is
846 4427 998 4466 error
1025 4413 1313 4477 videretur,
1345 4417 1415 4467 ait
1439 4415 1615 4481 ipsum
1635 4416 1906 4471 Zenonem
1938 4419 2026 4470 lit-

2126 3202 2203 3271 (in
2230 3204 2407 3272 Epist.
2451 3208 2517 3259 ad
2554 3206 2820 3276 Paulin.),
2858 3211 2993 3263 scire
3032 3211 3174 3281 quod
3203 3213 3371 3264 neseis
3412 3221 3463 3266 et
3502 3228 3567 3266 ea
3599 3227 3711 3282 que

2125 3294 2443 3363 ignorantur
2470 3311 2576 3349 non
2608 3295 2863 3369 intelligis
2886 3299 3176 3370 prudenter
3205 3300 3496 3371 inquirere.
3526 3300 3711 3372 Neque

2124 3402 2272 3441 ειιιῐη
2309 3402 2431 3443 sum

2127 3540 2165 3577 ,Α
2188 3543 2227 3577 ._
2250 3540 2265 3555 .
2309 3541 2322 3556 .
2369 3543 2383 3557 .
2403 3576 2409 3577 γ
2428 3512 2539 3557 tam
2555 3504 2716 3577 stulte
2731 3521 3055 3577 repugnans,
3070 3514 3374 3563 autumans
3394 3525 3555 3577 prave
3574 3526 3707 3573 mea,

2126 3570 2268 3638 Quin
2283 3576 2467 3636 statim
2481 3570 2809 3645 culpandum
2824 3570 3030 3645 dolens,
3043 3570 3321 3648 'prazbeam
3338 3570 3494 3634 rectis
3516 3570 3708 3636 locum.

3160 3650 3410 3712 (Terent.
3444 3651 3617 3706 Maur.
3627 3658 3647 3722 ι

2123 3758 2267 3814 Sicut
2297 3762 2439 3816 enim
2471 3762 2739 3818 laudabile
2758 3771 2837 3817 est
2867 3781 2899 3819 ιι
2939 3781 3066 3819 uera
3097 3767 3371 3820 sententia
3418 3783 3524 3820 non
3568 3782 3713 3822 amo-

2125 3853 2260 3918 ueri,
2305 3855 2485 3923 inquit
2509 3857 2874 3925 Augustinus,
2919 3855 3147 3927 (Contra
3182 3857 3459 3924 Crescon.,
3508 3858 3607 3915 lib.
3635 3874 3710 3924 tu,

2127 3959 2248 4013 Cap.
2283 3947 2360 4011 3).
2388 3948 2462 4001 ita
2493 3947 2759 4017 culpabile
2796 3950 3080 4018 persistere
3104 3950 3162 4003 in
3188 3949 3354 4020 falsa,
3377 3966 3541 4019 quam
3574 3968 3711 4004 nun-

2126 4054 2288 4105 quam
2318 4047 2492 4092 tenere
2516 4043 2688 4110 prima
2724 4040 2842 4094 laus
2866 4050 2965 4108 est,
2988 4040 3220 4096 secunda
3252 4050 3491 4103 mutare,
3535 4051 3595 4095 ut
3623 4052 3712 4097 aut

2129 4146 2191 4184 ea:
2242 4132 2391 4184 initio
2443 4149 2564 4186 rem
2615 4142 2949 4203 permaneat,
2995 4142 3112 4199 aut,
3138 4143 3350 4188 mutata
3397 4134 3559 4204 falsa.
3593 4152 3712 4190 vera

2126 4225 2394 4278 succedat.
2429 4225 2654 4286 Verum,
2684 4236 2745 4280 ut
2782 4225 2955 4279 fatear
2975 4223 3123 4294 quod
3164 4240 3257 4279 res
3298 4235 3405 4289 est,
3423 4227 3550 4297 jure
3569 4224 3710 4281 forte

2130 4317 2455 4373 dubitabam
2482 4334 2551 4371 an
2597 4319 2649 4371 in
2682 4318 2830 4372 istud
2868 4318 3293 4388 disciplinarum
3327 4333 3504 4389 genus
3531 4319 3708 4373 oleum

2130 4424 2290 4463 suum
2338 4410 2606 4465 hactenus
2643 4410 2690 4463 is
2736 4412 3087 4469 contulisset.
3124 4425 3250 4465 cum
3287 4426 3535 4480 persaepe
3580 4425 3711 4465 con‘

437 4511 580 4555 teras
600 4502 830 4557 scribere
854 4520 958 4557 non
986 4505 1246 4571 dubitaui,
1269 4510 1496 4563 hominis
1536 4511 1751 4579 ingenui
1793 4526 1904 4564 esse
1927 4527 2021 4564 ar-
2059 4501 2100 4555 ί)
2133 4502 2327 4571 lingat.
2380 4512 2443 4556 ιιι
2498 4502 2609 4556 ίηίδ
2641 4503 2807 4558 “iam
2859 4502 2955 4572 qui
3012 4502 3158 4557 ίιὶιθτ
3205 4501 3459 4557 crudum
3511 4504 3711 4572 Ρτίίηθε

439 4588 691 4651 bitratus,
723 4607 829 4644 non
850 4609 916 4646 ea:
945 4594 1133 4650 alienis
1157 4598 1351 4669 erratis
1375 4598 1607 4668 gloriam
1632 4608 1868 4667 captare.
1886 4601 2026 4670 quod

441 4682 688 4736 nonnulli
716 4683 911 4752 solent,
953 4687 1047 4741 sed
1095 4705 1216 4745 cum
1250 4691 1443 4744 nostris
1476 4700 1586 4745 tum
1621 4693 1783 4746 etiam
1834 4694 2025 4748 alienis

445 4772 873 4843 Commentariis,
907 4780 1158 4836 utilitatis
1191 4782 1413 4851 publica:
1444 4783 1643 4852 gratia,
1677 4793 1937 4854 quantum
1967 4787 2023 4839 in

442 4867 589 4919 nobis
624 4878 721 4934 est,
753 4886 937 4925 curam
973 4883 1131 4942 atque
1157 4875 1577 4930 emendationem
1629 4875 1897 4950 adhibere,
1946 4876 2025 4930 Ita

442 4961 652 5013 sentire
679 4961 861 5018 solent
893 4964 992 5019 viri
1032 4966 1172 5021 bene
1205 4967 1275 5021 de
1300 4966 1505 5022 litteris
1536 4967 1745 5033 meriti,
1780 4969 1874 5037 qui
1916 4970 2027 5023 sci-

444 5050 580 5106 licet
606 5068 718 5107 non
752 5057 1058 5115 cathedrali
1107 5059 1342 5129 quadam
1392 5059 1816 5125 declamatione,
1854 5071 1911 5116 et
1945 5070 2027 5133 ty-

444 5144 690 5211 rannica,
724 5155 785 5201 ut
828 5149 900 5203 ita
936 5150 1155 5219 loquar,
1190 5152 1543 5223 παιδαγωγίᾳ
1590 5153 1730 5207 alios
1777 5154 2025 5208 volentes

445 5238 696 5294 nolentes
732 5240 792 5316 in
820 5244 1151 5299 sententiam
1180 5261 1337 5301 suam
1368 5262 1565 5316 rapere
1600 5262 1664 5301 ac
1697 5248 2024 5315 pertrahere

442 5310 746 5387 conantur:
773 5332 1084 5400 Neminem,
1118 5335 1320 5406 inquit,
1354 5352 1602 5406 nuperos
1635 5339 1876 5405 scriptor
1899 5353 2024 5407 per-

428 5421 573 5489 inde
609 5414 987 5488 doctissimus,
1041 5428 1406 5493 personaliter
1457 5431 1595 5495 laesi,
1649 5431 1752 5484 etsi
1817 5445 1845 5483 a
1889 5431 2026 5487 viris

441 5516 676 5586 magnis,
701 5518 958 5586 eruditis,
982 5521 1144 5575 bonis
1165 5522 1381 5587 amicis,
1404 5538 1518 5577 non
1543 5537 1667 5576 raro
1682 5522 2021 5579 dissentiam.

444 5605 562 5661 lloc
591 5623 811 5679 semper
862 5625 891 5664 a
950 5626 1038 5665 me
1068 5613 1271 5668 factum
1316 5625 1402 5669 est
1451 5614 1713 5670 incolumi
1759 5615 2024 5682 amicitia,

446 5701 603 5754 cuitu
630 5709 686 5755 ct
720 5702 1095 5758 observantia.
1123 5705 1526 5763 Dissrttticntcs
1562 5707 1760 5767 colam.
1802 5718 1858 5762 et
1909 5709 2024 5764 dis-

448 5796 783 5849 sentientem
811 5804 1013 5864 me,sat
1034 5796 1168 5866 scio,
1194 5799 1614 5873 patientur,qni,
1644 5801 1689 5858 si
1718 5801 1850 5872 quid
1876 5816 1906 5856 a
1939 5817 2025 5858 me

2130 4607 2340 4659 tenent,
2374 4596 2546 4650 multa
2575 4594 2857 4658 excidant,
2889 4595 3090 4663 quibus
3116 4609 3313 4650 vacare
3343 4609 3455 4648 non
3494 4608 3709 4664 semper

2127 4690 2336 4759 patitur
2382 4690 2410 4740 ὁ
2458 4688 2573 4756 βίος
2626 4687 2857 4759 βραχύς,
2899 4686 2953 4740 in
3012 4685 3352 4755 amplissima
3405 4685 3709 4755 presset-dm

2126 4780 2309 4835 omnis
2340 4780 2561 4850 generis
2600 4780 2918 4833 litterarum
2969 4786 3177 4847 segete,
3211 4792 3450 4847 quarum
3480 4788 3709 4832 cancro-

2125 4877 2261 4945 quin
2308 4877 2341 4944 ή
2382 4875 2548 4944 τέχνη
2605 4872 2814 4943 μακρὴ,
2852 4874 2886 4940 ἡ
2921 4871 2978 4924 δὲ
3036 4873 3204 4941 πεῖρα
3251 4869 3526 4941 σφαλερὴ.
3577 4872 3610 4941 ἡ
3653 4870 3707 4922 δὲ

2128 4969 2311 5038 κρίσις
2356 4968 2595 5039 χαλεπή,
2658 4966 2933 5035 siquidem
2986 4965 3078 5019 hic
3129 4964 3707 5035 aptareliceatverbs

2128 5061 2471 5116 medicorum
2499 5059 2768 5130 principis
2796 5076 2810 5112 :
2835 5058 2974 5113 adeo
3000 5068 3063 5113 ttt
3090 5057 3134 5113 si
3165 5057 3345 5111 aliena
3371 5056 3513 5112 forte
3535 5056 3709 5111 studia

2127 5162 2422 5217 attentent,
2452 5155 2642 5208 statim
2687 5153 2970 5221 vulgatum
3008 5148 3156 5205 istud
3206 5149 3601 5217 Aristophanis
3647 5149 3709 5201 iis

2127 5246 2439 5309 occinatur,
2477 5244 2664 5314 Ἔρδοι
2695 5262 2779 5306 τις
2804 5245 2871 5316 ἣν
2901 5244 3134 5305 ἕκαστος
3156 5242 3323 5310 εἰδείη
3351 5241 3574 5311 τέχνην.
3607 5238 3706 5295 Sed

2126 5340 2594 5410 exspectationem
2632 5354 2810 5393 meam
2842 5338 3153 5406 Speciosum
3205 5337 3404 5389 lemma
3447 5334 3707 5388 fefellisse

2128 5433 2395 5488 continuo
2448 5432 2687 5493 adverti,
2751 5431 3003 5500 nihilque
3056 5429 3186 5483 novi
3244 5429 3313 5482 ab
3348 5442 3418 5481 eo
3460 5428 3704 5491 allatum,

2128 5525 2278 5595 quod
2309 5541 2378 5580 ne
2410 5524 2703 5580 tninimum
2735 5523 2961 5593 quidem
2989 5539 3019 5576 a
3048 5523 3281 5593 pristina
3313 5522 3597 5575 sententia
3628 5533 3707 5572 me

2128 5617 2437 5676 dimovere,
2474 5631 2580 5672 nec
2611 5616 2864 5686 quemvis
2898 5615 2984 5670 vel
3016 5615 3214 5669 leviter
3244 5613 3300 5667 in
3332 5611 3583 5666 Historia;
3613 5608 3711 5679 By-

2128 5711 2366 5765 zantina:
2414 5710 2654 5764 lectione
2687 5719 2970 5764 versatum
3008 5709 3065 5764 in
3101 5708 3252 5763 illius
3296 5715 3486 5776 partes
3534 5702 3709 5758 abdu-

2132 5817 2258 5858 cere
2287 5801 2546 5858 debuerit
2575 5820 2589 5856 :
2627 5818 2752 5858 cum
2787 5803 2842 5858 in
2890 5818 2962 5859 eo
3008 5804 3271 5866 maxime,
3307 5796 3457 5870 quod
3497 5794 3707 5852 Hebdov
