3942 6250
231 352 332 420 4.3
1441 356 1695 421 CANON
1735 358 1816 420 IN
1874 357 2298 425 DEIPARAM.
3240 356 3243 361 ’
3385 367 3494 433 414

228 484 391 535 nium,
426 476 488 524 ut
536 468 842 540 attigimus,
894 467 1191 539 septimum
1241 468 1312 524 ab
1361 468 1514 526 Urbe
1563 469 1800 540 lapidem
1834 474 1873 526 Δ
1904 468 2147 535 ﬁdentia,
2177 478 2236 524 ut
2260 485 2361 540 pro
2391 469 2698 530 indubitata
2723 472 2887 529 velim
2912 472 3129 540 haberi,
3176 487 3247 529 ne
3276 473 3322 529 si
3354 475 3495 532 forte

230 563 383 619 unice
416 561 760 631 appellatum
811 562 1109 633 putaverit,
1162 562 1598 618 reclamantibus
1626 578 1807 632 quan—
1910 576 1941 617 a
1973 577 2141 633 scopo
2172 563 2433 621 aberrare
2480 581 2569 622 me
2614 567 2830 638 judicet
2866 566 3063 635 lector,
3117 567 3303 622 statim
3348 567 3497 623 dicat

228 653 421 708 tumvis
446 653 517 708 ah
545 668 617 708 eo
641 653 922 709 etanobis
954 653 1200 710 laudatis
1221 654 1610 724 scriptoribus,
1632 665 1686 708 ut
1719 657 1811 724 qui
1908 654 2059 725 quod
2092 653 2161 708 do
2210 654 2539 712 Casaubono
2592 673 2757 728 supra
2794 658 3052 714 laudatus
3087 657 3358 715 Henricus
3385 659 3494 716 Va-

226 766 256 800 a
279 748 539 817 principio
564 748 795 802 deviavit
831 749 897 802 ab
918 749 1125 819 integro
1156 750 1394 813 tramite,
1421 763 1584 818 uagus
1615 749 1811 819 ubique
1908 745 2078 802 lesius
2130 747 2223 815 (ad
2273 747 2465 803 Dionis
2493 749 2786 820 Excerpta)
2808 792 2824 816 ,
2873 766 3038 821 quem
3070 750 3127 806 in
3163 751 3494 821 explicando

226 838 575 909 progrediens,
601 847 803 905 quanto
837 855 894 894 se
934 855 1154 894 currere
1187 840 1376 908 fortius
1400 841 1624 909 putavit,
1657 849 1805 895 tamo
1907 839 2146 910 quodam
2179 840 2427 897 Suetonii
2455 841 2598 909 loco,
2632 842 3001 909 nihilvidisse,
3041 843 3140 909 ait,
3183 846 3340 916 idque
3370 854 3494 899 tunc

226 930 337 994 plus
388 946 576 984 errare
627 947 834 985 necesse
893 932 1055 1001 fuerit
1107 931 1401 1002 (Pelagius
1457 931 1558 985 PP.
1604 930 1804 986 Contra
1909 948 2025 986 cum
2060 930 2178 1004 plus
2207 933 2305 987 sibi
2333 932 2523 987 vidisse
2571 950 2731 1002 quam
2776 938 2953 991 caueri
2998 936 3307 998 videretur:
3353 936 3494 993 adeo

225 1021 585 1092 Pelagianos).
625 1020 829 1077 Verum
886 1022 939 1077 in
984 1038 1048 1076 ea
1082 1023 1346 1086 Diatriba,
1385 1022 1440 1076 in
1471 1036 1578 1092 qua
1616 1023 1803 1091 reipu-
1908 1034 1967 1078 ut
1997 1040 2115 1095 qua:
2161 1026 2482 1095 conjecturis
2519 1026 2712 1079 nititur
2754 1030 3000 1082 tractatio
3041 1029 3155 1082 sine
3198 1029 3494 1094 pertinacia

225 1116 370 1169 blicue
396 1115 685 1169 litterariae
702 1116 971 1170 hactenus
1003 1114 1281 1184 incognita
1304 1114 1513 1195 primus
1537 1113 1801 1184 vulgavit,
1905 1116 2113 1170 institui
2141 1116 2349 1176 debeat,
2384 1124 2444 1170 ut
2464 1115 2837 1187 Xenophanes
2874 1118 3055 1172 aiebat
3108 1121 3250 1189 apud
3287 1121 3492 1174 Varro-

224 1211 475 1280 prmclara
513 1210 757 1281 quadam
795 1211 1216 1281 pollicitatione,
1271 1226 1340 1264 ne
1388 1210 1567 1264 dicam
1612 1220 1801 1265 osten-
1904 1224 2054 1264 nem.
2090 1208 2434 1279 Propositam
2478 1224 2611 1264 sane
2660 1209 2716 1264 in
2751 1210 2857 1265 hac
2900 1211 3152 1280 Discepta
3170 1213 3318 1267 tione
3347 1212 3493 1267 (ιίῦί-

224 1304 444 1364 tationc,
479 1317 639 1370 spem
681 1301 841 1356 nobis
885 1302 1156 1372 iniecerat
1199 1301 1268 1355 de
1320 1300 1798 1355 Secundianarum
1903 1300 2162 1355 cultatem
2205 1299 2349 1355 idem
2384 1299 2655 1359 Valesius,
2686 1309 2890 1356 nostra!
2913 1300 3091 1356 relatis
3121 1301 3487 1355 litteratorum

220 1393 418 1449 Palatio
464 1393 597 1448 novi
659 1393 869 1464 aliquid
917 1395 1220 1460 dicturum,
1262 1404 1467 1465 prteter
1492 1410 1554 1449 ea
1587 1410 1710 1464 qum
1742 1395 1798 1449 in
1901 1390 2060 1445 facile
2099 1391 2381 1462 princeps,
2419 1391 2487 1447 de
2544 1393 2647 1447 hac
2699 1393 2990 1449 nobiscum
3038 1392 3206 1448 verba
3259 1393 3489 1455 faciens,

220 1497 398 1538 nostra
443 1484 919 1555 Constantinopoli
950 1487 1333 1557 atligcramus,
1390 1497 1558 1557 atque
1608 1487 1798 1542 lumen
1900 1483 2129 1537 arduam
2193 1491 2251 1537 et
2308 1484 2631 1553 impeditam
2682 1500 2806 1541 esse
2858 1485 3231 1548 existimabat,
3286 1484 3362 1539 ita
3428 1492 3492 1540 ut

219 1577 353 1648 quod
375 1579 534 1632 nobis
560 1595 676 1634 non
706 1579 1026 1644 aﬁ‘ulsisset,
1051 1580 1198 1650 quod
1230 1581 1280 1632 in
1303 1579 1496 1650 primis
1518 1579 1796 1650 optabam,
1901 1588 2041 1643 quas
2074 1573 2130 1628 in
2163 1583 2349 1645 partes
2401 1576 2664 1631 transiret
2718 1578 2869 1633 ultro
2905 1593 2968 1634 se
3017 1578 3234 1635 nescire
3262 1576 3493 1648 proﬁte-

217 1671 595 1736 dctecturum;
638 1671 735 1725 sed
793 1672 847 1726 in
885 1671 1034 1725 aliud
1077 1678 1296 1742 tempus
1343 1685 1677 1735 reservasse,
1709 1673 1794 1726 vel
1900 1673 2077 1729 retur.
2114 1680 2240 1720 cum
2269 1665 2391 1721 loca
2427 1682 2551 1735 qua!
2597 1667 2652 1721 in
2703 1667 2991 1724 Hebdomo
3020 1670 3125 1726 sita
3154 1684 3277 1724 esse
3303 1669 3494 1738 perhi-

218 1771 357 1816 certe
404 1759 679 1831 promissi
703 1761 877 1819 oblito
907 1763 960 1818 id
993 1762 1073 1817 illi
1112 1763 1385 1819 excidisse
1429 1777 1531 1834 par
1561 1771 1648 1817 est
1673 1762 1801 1817 exi-
1832 1825 1870 1834 _
1900 1754 2123 1822 bentur,
2153 1757 2344 1826 procul
2372 1757 2442 1811 ab
2469 1757 2619 1814 Urbe
2646 1759 2819 1815 fuisse
2842 1760 3146 1832 disparata,
3183 1760 3329 1816 haud
3353 1762 3489 1816 satis

218 1825 448 1912 stimare.
1429 1825 1448 1834 ’
1831 1825 1874 1880 Β
1901 1825 2165 1919 expensis
2206 1851 2537 1919 scriptorum
2583 1825 3031 1913 auctoritatibus,
3078 1852 3169 1906 vix
3207 1861 3486 1915 censeret,

277 1950 440 2006 XXV.
473 1952 610 2008 Haec
648 1966 818 2023 porro
853 1953 921 2010 de
964 1952 1236 2009 chdomi
1280 1953 1387 2009 situ
1426 1968 1456 2006 a
1505 1950 1665 2007 nobis
1695 1951 1797 2006 ob-
1903 1941 2095 2010 paucis
2118 1948 2175 1996 et
2195 1940 2301 1996 levi
2333 1956 2497 1994 manu
2526 1940 2595 1996 ad
2629 1941 2979 1996 Ammianutn
3005 1951 3062 1997 et
3091 1942 3160 1997 ad
3189 1942 3486 1998 Historiam

218 2053 418 2100 servata
454 2046 610 2100 haud
664 2046 879 2117 ingrata
924 2046 1041 2101 fore
1076 2046 1390 2101 lectoribus
1439 2044 1603 2101 facile
1656 2043 1793 2098 mihi
1899 2034 2329 2090 eCCleSiaSlicam
2384 2034 2666 2090 annolalis
2705 2036 2847 2090 hanc
2877 2035 3122 2107 attigisse
3165 2045 3487 2092 contentus.

219 2138 533 2205 persuadeo,
561 2154 636 2193 ac
664 2139 731 2194 iis
758 2139 1111 2207 potissimum
1142 2139 1238 2208 qui
1280 2136 1603 2192 evolvenda
1646 2136 1794 2190 (ζοη-
1898 2125 2196 2182 Enimvero
2230 2128 2276 2182 Si
2305 2143 2426 2197 qua:
2461 2127 2514 2182 in
2544 2128 2650 2182 liae
2682 2127 3075 2199 Disquisitione
3101 2127 3390 2182 attulimus
3413 2126 3483 2181 ad

217 2229 718 2300 stantinopolitana:
746 2229 1001 2285 Historia:
1028 2230 1356 2286 incumbunt
1384 2246 1398 2284 :
1425 2244 1547 2299 quae
1565 2228 1789 2298 quidem
1898 2218 2222 2274 ﬁrmandam
2254 2229 2500 2277 nostram
2541 2220 2613 2276 de
2637 2220 2887 2290 ejusdem
2916 2220 3187 2275 Hebdomi
3215 2219 3321 2273 situ
3357 2234 3483 2274 sen-

218 2318 302 2372 hic
333 2318 659 2375 describere
692 2319 932 2389 pretium
987 2334 1172 2389 opera:
1221 2319 1373 2382 duxi,
1410 2334 1520 2373 non
1574 2326 1681 2371 tam
1729 2326 1790 2371 ut
1889 2312 2121 2366 tentiam
2183 2312 2408 2367 minime
2469 2313 2691 2383 placent
2747 2313 2867 2368 viro
2918 2312 3163 2376 erudito,
3226 2311 3481 2367 dicamus

218 2409 615 2476 dissertatoris,
676 2411 837 2482 cujus
892 2412 1263 2466 eruditionem
1320 2417 1379 2465 et
1428 2424 1669 2464 acumen
1707 2408 1792 2465 in-
1890 2412 2124 2473 uterque
2145 2418 2270 2458 cum
2301 2403 2610 2474 Augustino
2628 2404 2745 2473 (lib.
2773 2412 2959 2459 contra
2987 2403 3160 2472 Epist.
3189 2403 3483 2473 fundam),

218 2500 353 2569 genii
380 2516 611 2571 semper
652 2500 899 2571 suspesi,
948 2500 1280 2556 sententiam
1310 2500 1378 2554 de
1429 2500 1531 2555 bac
1563 2508 1793 2555 contro-
1890 2495 2059 2551 Nemo
2111 2506 2351 2551 nostrum
2410 2498 2551 2552 dicat
2604 2499 2725 2566 jam
2777 2513 2833 2551 se
2875 2498 3133 2552 invenisse
3183 2496 3479 2558 veritatem,

219 2592 386 2647 versia
423 2593 826 2656 convellerent,
867 2608 1029 2664 quam
1067 2601 1126 2647 ut
1164 2602 1409 2647 nostram
1440 2592 1571 2647 viris
1614 2592 1794 2647 doctis
1889 2589 1966 2643 sic
1986 2604 2106 2643 eam
2133 2604 2436 2661 quierantus
2468 2590 2627 2660 quasi
2652 2589 2719 2644 ab
2752 2589 2987 2660 utrisque
3012 2587 3298 2642 nesciatttr.

220 2701 422 2740 rursum
455 2702 827 2757 proponerem
856 2703 871 2744 :
905 2701 1013 2740 non
1057 2692 1239 2741 tamen
1271 2700 1337 2740 ea
1371 2699 1481 2754 qua
1514 2684 1610 2739 ille
1657 2698 1801 2740 con-

1014 2822 3462 2867 Μ

222 2831 1024 2867 mm:

1007 2909 1761 3154 ΙΩΑΝΝΟΥ
1835 3015 2686 3153 ΜΟΝΑΧΟΥ

1468 3234 1591 3291 ΚΑΙ
1632 3234 2225 3291 ΠΡΩΤΔΣΗΚΡΗΤΙΣ

791 2853 996 2866 —_

1354 3389 1657 3505 ΤΟΥ
1712 3388 2319 3504 ΖΩΝΑΡΑ

660 3616 1053 3706 ΚΑΝΩΝ
1126 3616 1302 3704 ΕΙΣ
1375 3619 1606 3704 ΤΗΝ
1679 3613 2217 3701 ΥΠΕΡΑΓΙΑ

1456 3619 1606 3704 ΗΝ
1679 3613 2314 3701 ΥΠΕΡΑΓΙΑΝ
2387 3613 3013 3703 ΘΕΟΤΟΚΟΝ

942 3793 1020 3857 Ob
1051 3802 1084 3875 ἡ
1111 3801 1460 3873 ἀκροστιχίς’
1492 3801 1778 3866 Ὑστατος
1802 3794 1955 3869 ἦχος
1982 3796 2254 3851 ὕστατον
2283 3798 2497 3859 ,πελέκει
2517 3799 2736 3870 μέλος.

962 4136 1775 4297 JOANNIS
1888 4137 2729 4298 ZONA'R/E

1263 4414 1572 4472 MONACHI
1607 4411 1697 4468 ET
1735 4412 1930 4470 PRIMI
1963 4416 2010 4471 Α
2041 4414 2405 4484 SECRETIS,

688 4585 814 4681 IN
890 4589 1769 4685 SANCTISSIMAM
1856 4591 2472 4681 DEIPARAM
2551 4590 2957 4684 CANON

604 4788 804 4868 Cujus
837 4784 1213 4850 acrostichis
1248 4785 1600 4864 signiﬁcat:
1638 4785 2004 4846 Postremus
2038 4794 2221 4850 tonus
2246 4796 2636 4869 postremum
2662 4788 2854 4850 nectit
2892 4786 3112 4851 melos.

1065 4936 1158 5001 (Ex
1181 4937 1327 4990 Joan.
1352 4939 1494 5004 Bapt.
1517 4938 1758 4990 Cotelerii
1798 4939 2018 4991 Monum.
2046 4938 2177 4990 Eccl.
2206 4940 2310 5002 Gr.,
2340 4946 2459 4990 tom.
2483 4937 2594 5001 lli.)

400 5221 582 5299 Ἦχος
626 5227 716 5281 πλ.
743 5226 806 5283 δ’.
849 5226 1303 5299 Ἀρματηλάτην
1343 5230 1577 5300 (Papam.
1806 5229 1851 5292 C

1806 5229 1851 5292 C
2065 5230 2253 5287 Tonus
2283 5228 2543 5301 obliquus
2575 5229 2631 5284 4.
2666 5229 2928 5302 Aurigam
2965 5227 3286 5285 Pharaonis.

876 5345 1119 5415 Ἄρειος.

2588 5341 2629 5397 Α
2639 5343 2747 5397 rius
2754 5381 2767 5394 .

284 5452 625 5527 'Tnepayia,
650 5458 682 5526 ὴ
705 5456 839 5512 Θεὶν
862 5457 1116 5529 κυήσασα
1134 5459 1224 5513 τὸν
1241 5459 1463 5531 συμφυῆ
1483 5459 1559 5531 τῷ
1582 5461 1782 5532 Harp},

1954 5458 2312 5516 Sauctissima
2352 5473 2475 5529 qua:
2506 5456 2681 5512 Deum
2720 5453 3018 5526 peperisti,
3049 5451 3298 5523 ejusdem
3334 5466 3467 5509 cum

214 5548 470 5619 μονογενῆ
524 5548 721 5618 Λόγον,
755 5549 1074 5622 σύγχρονον,
1099 5552 1382 5623 ὁμότιμον*
1416 5552 1518 5607 κᾶν
1539 5556 1566 5609 ὁ
1602 5555 1771 5624 παρὰ·

1913 5559 2042 5610 ’atre
2079 5562 2315 5618 naturae,
2352 5551 2699 5622 unigenitum
2726 5549 2987 5612 Verbum,
3013 5560 3277 5606 coasvum,
3310 5544 3470 5614 paris

213 5653 359 5707 φρων
387 5641 619 5713 ’Ἄρειος
636 5642 841 5713 κτίσμα
868 5644 1059 5698 τοῦτον
1090 5646 1327 5717 ἐφρόνει,
1355 5648 1570 5717 Πατρδς
1594 5647 1770 5713 οὐσίας

1905 5644 2137 5711 tortoris;
2193 5643 2410 5700 etiamsi
2464 5642 2694 5696 insanus
2744 5638 2911 5694 Arius
2962 5650 3090 5693 eum
3143 5645 3462 5691 creaturam

207 5730 501 5803 ἀλλότριον·
532 5734 723 5792 τοῦτον
758 5735 1063 5794 ἑκδυσώπει
1090 5737 1329 5812 σωθῆναι
1357 5741 1529 5813 ἡμᾶς.

1903 5752 2001 5793 :ssc
2041 5734 2295 5803 senserit,
2342 5750 2370 5788 a
2406 5733 2586 5791 Patris
2626 5730 2938 5789 substantia
2980 5728 3259 5797 alienum;
3301 5727 3460 5791 illum

1882 5839 1941 5887 ut
1966 5831 2102 5888 salvi
2132 5829 2327 5887 ﬁamus
2345 5841 2535 5885 exora.
