3912 6244
442 284 553 349 419

1734 277 2061 340 JOANNIS
2110 278 2251 338 ZON
2265 277 2434 337 ΑΒΕ

3617 285 3713 352 4‘20

440 412 507 452 ac
538 395 831 460 Satanam,
876 392 1132 449 habitare
1160 390 1214 447 in
1257 391 1519 456 homine,
1552 388 1828 460 simulque
1866 390 2031 445 etiam

2153 408 2200 444 τε
2246 389 2384 461 ὁμοῦ
2430 392 2702 445 συνοικεῖν
2727 389 2808 462 τῷ
2841 389 3139 465 ἀνθρώπῳ,
3172 392 3453 450 διδάσκειν
3473 397 3714 466 τούτους,

441 489 716 560 Spiritum
742 489 974 552 bonum,
1010 487 1047 541 ii
1072 486 1336 549 doceant,
1363 499 1465 553 per
1494 482 1869 553 insipientiam
1903 483 2037 537 mis-

2139 484 2236 538 καὶ
2277 482 2503 554 Πνεῦμα
2550 485 2611 538 τδ
2650 484 2879 554 ἀγαθὸν,
2921 484 2979 552 ἐξ
3028 485 3344 558 ἀφροσύνης
3394 488 3719 559 μιγνύοντας

440 593 632 639 centes
663 598 729 636 ea
764 597 889 652 quae
918 580 1146 634 misceri
1186 586 1474 648 nequeunt
1504 594 1517 632 :
1555 577 1624 632 ab
1656 591 1854 631 eorum
1889 576 2031 632 blas‘

2153 576 2368 649 iptxra-
2394 578 2497 649 τῆς
2522 577 2878 650 βλασφημίας
2914 579 3096 634 αὐτῶν
3119 578 3286 652 ῥῦσαι
3315 582 3487 653 ἡμᾶς,
3523 584 3718 656 ἀγαθή.

441 675 664 747 phemia
698 674 876 729 libera
903 689 1029 741 nos,
1061 686 1095 728 0
1127 673 1294 728 bona.

1138 787 1329 842 Iidem.

515 903 782 958 Garriunt
824 903 1009 968 athei,
1050 902 1327 957 deteriora
1362 914 1557 957 natura
1600 903 1851 958 comitari
1885 919 2036 958 mor-

445 996 616 1062 tales,
655 1010 719 1050 ac
768 996 1005 1066 proinde
1051 996 1192 1049 duas
1231 994 1515 1064 possidere
1562 989 1821 1049 animas:
1868 1012 2031 1051 uuam

444 1088 766 1142 hominibus
803 1102 1189 1149 communem,
1233 1087 1463 1141 alteram
1500 1102 1694 1141 rursus
1728 1088 2032 1152 caelestem,

441 1179 820 1235 Immaculata.
867 1180 974 1233 Sed
1017 1190 1074 1233 tu
1106 1179 1305 1234 animae
1350 1195 1485 1234 mete
1519 1179 1737 1246 tribue,
1784 1190 1844 1235 ut
1888 1181 2034 1236 bona

439 1273 639 1343 eligat.

1146 1382 1335 1438 Iidem.

515 1497 878 1561 Avezsantur,
928 1497 1194 1562 Domina,
1246 1497 1495 1553 laborem
1532 1513 1832 1565 manuum,
1881 1499 2035 1554 velut

439 1588 534 1656 qui
569 1588 822 1643 ﬁdelibus
851 1589 1078 1643 minime
1105 1597 1373 1659 congruat
1406 1606 1420 1643 :
1454 1605 1577 1644 cum
1612 1591 1820 1646 Paulus
1851 1592 2032 1661 legem

2785 785 2850 835 Ol
2881 783 3075 839 αὐτοί.

2208 894 2483 951 Λαλοῦσιν
2531 896 2579 950 el
2631 896 2780 951 ἀθεοι
2818 895 2885 951 τὰ
2933 895 3103 968 χείρω
3143 896 3304 967 φύσει
3344 903 3720 971 παρομαρτεῖν

2135 991 2250 1052 τοῖς
2300 988 2535 1058 βροτοῖς·
2572 991 2669 1043 καὶ
2701 990 2839 1059 πρὸς
2871 991 3030 1044 τοῦτο
3058 990 3113 1043 δὲ
3156 990 3250 1044 δύο
3297 990 3479 1062 ψυχὰς
3524 994 3718 1064 κεκτῆ-

2139 1083 2287 1148 σθαι,
2323 1084 2423 1154 τὴν
2470 1084 2570 1153 μὲν
2618 1083 2931 1155 ἀνθρώποις
2965 1085 3179 1154 κοινὴν,
3211 1084 3311 1154 τὴν
3338 1086 3387 1138 δ’
3417 1081 3485 1138 αὖ
3533 1086 3719 1155 ἐτέραν

2135 1174 2410 1239 οὐράνιον,
2447 1174 2709 1245 ἄχραντε.
2737 1175 2809 1229 Σὺ
2841 1174 2899 1229 δὲ
2940 1176 3087 1246 ψυχῇ
3122 1178 3187 1247 τῇ
3227 1178 3336 1247 ἐμῇ
3370 1176 3517 1231 δίδου
3550 1178 3716 1247 αἱρεῖ-

2138 1268 2265 1321 σθαι
2300 1266 2463 1323 καλά.

2796 1390 2862 1443 Οἱ
2894 1387 3088 1444 αὐτοί.

2211 1503 2631 1575 Ἐκτρὲπονται,
2681 1504 2973 1567 Δέσποινα,
3018 1501 3118 1573 τὴν
3146 1501 3428 1573 ἐργασίαν
3472 1502 3575 1574 τὴν
3622 1503 3719 1558 τῶν

2139 1595 2367 1667 χειρῶν,
2415 1597 2490 1659 ῶς
2523 1598 2737 1658 πιστοῖς
2772 1595 2848 1667 μὴ
2898 1594 3273 1666 ἁρμόζουσανο
3317 1592 3537 1649 Παύλου
3565 1613 3716 1664 νομο-

440 1681 611 1743 ferat,
661 1691 722 1734 ut
755 1697 823 1736 ne
865 1698 1063 1751 panem
1096 1682 1321 1751 quidem
1359 1683 1695 1737 manducent
1726 1684 1818 1756 qui
1846 1683 2031 1737 nolunt

2153 1686 2425 1750 istoﬁvro;
2466 1689 2604 1757 μηδέ
2631 1687 2834 1740 ἐσθίειν
2872 1686 3058 1758 ἀρτον.
3081 1686 3318 1740 Δυνατδν
3343 1686 3401 1740 δὲ
3425 1686 3518 1740 τοῦ
3558 1686 3720 1739 Ilvati-

444 1774 718 1843 operari‘.
753 1774 1028 1829 Praeterea
1062 1773 1304 1843 Spiritus
1339 1775 1513 1831 sancti
1548 1791 1842 1847 personam
1877 1775 2031 1832 aiunt

2153 1797 2311 1850 uate;
2346 1779 2631 1848 δέξασθαι,
2664 1780 2739 1843 ὡς
2766 1782 2825 1833 ὲν
2852 1780 3106 1850 αἰσθήσει
3156 1781 3314 1850 φασὶ,
3350 1777 3448 1833 καὶ
3468 1778 3569 1853 τὴν
3603 1780 3721 1834 ὑπό-

444 1882 607 1938 posse
636 1867 871 1937 suscipi,
900 1866 1060 1937 quasi
1091 1866 1147 1921 in
1180 1881 1372 1923 sensu.

832 1980 951 2039 Ode
980 1981 1034 2037 8.
1064 1978 1320 2054 Septuplo
1347 1983 1642 2055 fornacem.

1119 2078 1331 2132 Acrius.

517 2190 695 2247 Pravo
731 2190 981 2247 sentiens
1008 2189 1232 2255 Acrius,
1262 2206 1375 2247 non
1402 2189 1751 2249 offerendum
1779 2207 1903 2250 esse
1933 2209 2034 2266 pro

445 2284 685 2340 mortuis
716 2283 1031 2339 dictitabat.
1074 2282 1266 2353 Neque
1306 2284 1456 2342 enim
1489 2301 1556 2342 ex
1587 2286 1693 2343 hoc
1729 2287 1854 2343 illos
1884 2287 2036 2344 utili-

443 2386 616 2431 tatem
650 2377 817 2432 ullam
848 2391 1071 2447 capere.
1103 2376 1302 2431 lnsane
1333 2379 1501 2432 etiam
1536 2379 1738 2444 aiebat,
1770 2396 1879 2435 nou
1909 2396 2034 2436 esse

436 2470 808 2543 jejunandum
852 2478 1049 2540 quarta
1091 2477 1148 2524 et
1192 2483 1345 2525 sexta
1389 2471 1548 2525 l'eria.
1592 2471 1855 2542 Idemque
1884 2472 2033 2527 circa

442 2562 606 2617 ﬁdem
639 2578 766 2618 cum
803 2562 939 2617 Ario
976 2563 1382 2620 consentiebat.
1425 2562 1684 2620 Omnium
1710 2564 1938 2637 Regina,
1964 2567 2035 2623 ab

442 2657 565 2727 eius
592 2656 880 2726 impietate
908 2655 1061 2725 eripe
1089 2671 1195 2711 me.

907 2769 1111 2824 Paulus
1152 2768 1224 2825 Sa
1234 2774 1570 2828 mosatensis.

518 2885 597 2942 Ex
637 2887 823 2959 impiis
854 2896 1040 2942 autem
1080 2888 1233 2943 Pauli
1275 2887 1619 2945 Samosateni
1664 2889 2033 2961 dogmatibus,

448 2979 546 3034 Dei
595 2980 808 3050 Sponsa
830 3021 855 3071 ι
869 2996 1089 3051 gregem
1123 2991 1276 3036 tuum
1309 2983 1508 3037 exime.
1537 2983 1672 3037 Nam
1707 2984 1904 3040 Filium
1940 2987 2033 3056 qui

2137 1889 2353 1929 στασιν.

2373 1955 2504 2062 ᾮδη
2549 1988 2622 2061 η’.
2668 1986 3138 2054 Ἐπταπλασίως
3206 1987 3487 2056 κάμινον.

2610 2081 2839 2151 Ἀέτιος
2891 2080 2955 2155 [ί.
2992 2080 3253 2153 Ἀέριος].

2210 2201 2414 2268 Κακῶς
2442 2201 2660 2272 φρονῶν
2699 2199 2906 2263 ’Δέτιος
2936 2197 3013 2271 μὴ
3033 2198 3145 2252 δεῖν
3180 2197 3520 2270 προσφέρειν
3542 2198 3720 2269 ἔλεγεν

2136 2296 2277 2368 ὑπὲρ
2303 2294 2642 2351 τεθνεώτωνο
2668 2292 2945 2366 μηδεμίαν
2971 2292 3160 2365 ὄνησιν
3181 2294 3247 2347 ἐκ
3266 2292 3460 2347 τούτου
3484 2294 3719 2365 καρποῦ-

2139 2390 2267 2444 σθαι
2304 2390 2435 2461 γάρ·
2473 2388 2611 2462 μηδέ
2656 2388 2941 2460 νηστεύειν
2987 2387 3199 2456 ἔφασκε
3238 2386 3352 2441 δεῖν
3410 2389 3471 2440 ἐν
3511 2389 3720 2459 τετράδι

2136 2502 2197 2539 τε
2228 2485 2325 2540 καὶ
2370 2487 2436 2555 τῇ
2481 2485 2617 2556 ἐκτῃ
2664 2483 2940 2555 ἀφρόνως.
2989 2483 3191 2554 Ἀρείῳ
3232 2482 3364 2552 περὶ
3416 2483 3607 2536 πίστιν
3636 2483 3719 2535 καὶ

2138 2576 2302 2640 αὐτὸς
2337 2572 2406 2647 ἦν
2436 2577 2719 2648 ὀμόφρων.
2773 2575 3163 2641 Παντάνασσα,
3199 2575 3298 2646 τῆς
3327 2571 3530 2629 τούτου
3566 2572 3718 2647 ῥῦσαί

2140 2686 2210 2740 με
2239 2668 2517 2732 ἀσεϐείας.

2589 2782 2831 2848 Παῦλος
2871 2779 3285 2851 Σαμοσατεύς.

2212 2902 2303 2968 Ἐξ
2338 2900 2554 2956 ἀσεϐῶν
2589 2900 2876 2970 δογμάτων
2922 2898 2980 2952 δὲ
3016 2898 3128 2952 τῶν
3156 2899 3254 2951 τοῦ
3309 2894 3552 2962 Παύλου,
3597 2893 3715 2948 Θεό-

2140 3013 2343 3066 νυμφε,
2399 2994 2495 3047 τοῦ
2524 2994 2916 3063 Σαμοσατέως,
2962 2990 3148 3056 ἐξελοῦ
3188 2989 3288 3062 τὴν
3322 2989 3563 3060 ποίμνην
3599 3005 3706 3041 σου.

445 3070 591 3125 initii
627 3070 841 3141 expers
862 3081 950 3126 est
978 3088 1104 3127 cum
1143 3073 1357 3129 diceret
1391 3089 1514 3129 esse
1546 3076 1778 3131 verbum
1808 3078 2031 3148 prolati-

2153 3091 2274 3143 Υίδν
2306 3088 2397 3141 τὸν
2435 3087 2781 3158 προάναρχον
2808 3083 3147 3154 προφορικὺν
3195 3085 3308 3155 γάρ
3335 3083 3495 3152 λόγον
3527 3081 3603 3153 (‘2)
3645 3082 3710 3132 εἰ·

444 3163 615 3241 tium,
644 3162 837 3249 .Deum
892 3176 1026 3216 vero
1073 3162 1362 3233 opiﬁcem,
1403 3162 1670 3234 Spiritum
1725 3166 1820 3221 illo
1872 3181 2031 3223 usum

2153 3182 2284 3245 πῶν,
2327 3183 2423 3233 καὶ
2458 3178 2796 3250 δημιουργὸν
2832 3178 2888 3230 δὲ
2933 3176 3024 3231 τὸν
3070 3176 3226 3239 Θεὸν,
3274 3175 3461 3239 κακῶς
3498 3173 3707 3242 Πνεῦμα

443 3256 615 3311 fuisse
644 3242 909 3324 tanquam
935 3256 1332 3321 instrumento,
1360 3256 1503 3313 male
1535 3258 1841 3325 sanciebat,
1874 3275 2036 3315 cum-

445 3348 685 3421 demque
717 3349 871 3404 illum
897 3364 928 3405 e
960 3360 1054 3405 tuo
1085 3360 1244 3406 utero
1279 3351 1564 3423 accepisse
1597 3353 1957 3425 principium.

971 3465 1210 3538 Sergius.
1250 3465 1511 3540 Pyrrhus.
1622 3462 1623 3465 ¹

518 3580 1037 3636 Sacratissimorum
1071 3582 1361 3637 doctorum
1395 3584 1618 3640 decreta
1657 3587 1858 3655 secuti,
1897 3588 2036 3644 duas

447 3674 786 3738 voluntates,
808 3674 1203 3745 duplicemque
1220 3678 1598 3747 operationem
1616 3678 1822 3735 Christi
1841 3688 2036 3752 agnas-

448 3780 663 3831 cnnus;
708 3766 1051 3837 sinimusque
1093 3783 1216 3822 cum
1262 3770 1451 3842 Sergio
1484 3772 1753 3842 Pyrrhum
1793 3789 1857 3829 ac
1887 3775 2036 3847 ejus-

448 3858 574 3912 dem
607 3858 892 3928 opinionis
926 3870 1157 3916 caeteros
1187 3861 1460 3929 delirare,
1492 3866 1587 3921 Dei
1621 3865 1903 3932 Genitrix,
1937 3869 2033 3939 qui

447 3949 777 4019 insipienter
815 3951 1008 4005 dicunt
1051 3967 1280 4009 carnem
1324 3955 1545 4011 Domini
1585 3969 1872 4030 expertem
1909 3975 2034 4018 esse

446 4043 771 4110 voluntatis,
807 4059 912 4102 nec
943 4045 1148 4102 habere
1181 4050 1590 4119 operationem.

1121 4185 1358 4259 Apelles.

516 4324 751 4382 Unicum
794 4324 1131 4396 principium
1168 4326 1436 4397 praedicat
1475 4328 1699 4399 quidem
1728 4332 1967 4403 Apelles,
1997 4347 2035 4390 ο

447 4416 658 4484 Regina
690 4418 940 4472 omnium
960 4456 979 4484 ,
1014 4434 1305 4489 unumque
1338 4436 1658 4490 supremum
1688 4424 1864 4480 Deum
1895 4440 2031 4483 con-

449 4512 674 4577 titetur;
716 4517 773 4562 at
800 4525 997 4566 rursus
1025 4510 1102 4564 ait
1134 4509 1289 4565 illum
1320 4529 1492 4568 unum
1520 4516 1754 4572 alterum
1787 4533 2031 4587 creasse,

447 4616 611 4670 quem
640 4610 699 4657 et
728 4616 965 4672 pravum
996 4602 1189 4657 mundi
1222 4603 1479 4674 Opiﬁcem
1510 4608 1684 4666 fuisse
1716 4610 2032 4681 constituit;

444 4707 573 4745 cum
606 4693 721 4763 ipse
744 4708 955 4763 pravus
978 4694 1074 4760 sit,
1106 4695 1432 4767 ingrataque
1458 4710 1736 4769 creatura,
1763 4703 1883 4759 solo
1907 4704 2033 4775 igne

447 4785 633 4855 digna.

447 4897 566 4956 Ode
586 4899 640 4955 9.
664 4899 945 4975 Obstupuit
964 4901 1156 4957 caelum
1188 4919 1348 4976 super
1374 4907 1490 4972 hoc,
1512 4916 1563 4962 et
1595 4918 1754 4965 term
1781 4918 2033 4967 extrema

974 4982 1316 5030 εοηειετηαια
1351 4988 1500 5033 sunt.

1049 5064 1154 5122 Leo
1190 5067 1438 5127 Isauras.

521 5178 975 5235 Venerandarum
1014 5180 1314 5254 imaginum
1347 5185 1558 5242 cultum
1596 5187 1886 5257 prohibuit
1926 5187 2039 5243 Leo

448 5272 699 5328 Isauros.
750 5272 852 5330 Hic
897 5274 1047 5329 enim
1093 5277 1252 5347 origo
1294 5278 1783 5337 Iconomachorum
1831 5283 2033 5350 factus,

529 5407 617 5464 'll
648 5406 845 5462 Thess.
887 5423 968 5477 ιιι,
1009 5409 1097 5464 15.

2141 3274 2443 3345 κεχρῆσθαι
2468 3272 2541 3335 ὡς
2572 3273 2791 3343 ὀργάνῳ
2819 3268 3144 3341 ἐδογμάτιζε
3165 3269 3368 3356 τούτῳ,
3392 3269 3458 3322 ἐκ
3488 3268 3583 3338 τῆς
3613 3264 3705 3333 σῆς

2139 3367 2421 3439 εἰληφέναι
2455 3368 2630 3439 ἀρχὴν
2657 3365 2849 3419 τοῦτον
2880 3363 3094 3436 νηδύος.

2664 3479 2923 3550 Σέργιος.
2951 3477 3205 3546 Πύρῤος.

2184 3598 2518 3671 Ἶερωτάτων
2541 3594 2776 3664 δόγμασι
2806 3590 3147 3645 διδασκάλων
3182 3588 3462 3658 ἑπόμενοι,
3492 3584 3582 3638 δύο
3612 3581 3703 3645 τὰς

2144 3691 2396 3763 θελήσεις
2429 3688 2522 3741 καὶ
2550 3685 2747 3755 διπλῆν
2772 3685 3057 3754 ἐνέργειαν
3078 3682 3320 3751 Χριστοῦ
3353 3676 3699 3746 ἐπιστάμεθα·

2142 3782 2242 3837 σὺν
2272 3780 2349 3852 τῷ
2378 3779 2594 3850 Σεργίῳ
2624 3777 2842 3849 Πύρρον
2868 3774 3081 3845 ληρεῖν,
3115 3770 3213 3825 καὶ
3249 3770 3375 3833 τοὺς
3407 3769 3700 3840 ὁμοδόξους,

2138 3877 2392 3942 Θεοτόκε,
2415 3873 2637 3937 ἐῶντες,
2665 3871 2794 3933 τοὺς
2822 3868 3090 3937 λέγοντας
3131 3867 3233 3940 τὴν
3274 3865 3453 3935 σάρκα
3483 3862 3574 3916 τοῦ
3601 3862 3704 3914 Κυ-

2140 3972 2259 4043 ρίου
2327 3969 2582 4040 ἀφρόνως
2639 3962 2902 4035 ἀθέλητον
2964 3961 3255 4030 ὑπάρχειν,
3311 3958 3589 4029 ἐνέργειαν
3627 3952 3699 4024 μὴ

2136 4065 2308 4137 ἔχειν.

2777 4201 3098 4271 Ἀπελλῆς.

2208 4323 2357 4379 Μίαν
2403 4318 2581 4390 ἀρχὴν
2621 4316 2887 4389 κηρύττει
2932 4316 3033 4386 μὲν
3086 4312 3383 4383 Ἀπελλῆς,
3433 4307 3478 4368 ὧ
3506 4305 3701 4365 Παντά-

2138 4434 2335 4474 νασσα·
2370 4414 2466 4473 ἕνα
2493 4429 2554 4467 τε
2602 4411 2738 4467 Θεὸν
2779 4409 3036 4481 ὁμολογεῖ
3063 4410 3363 4465 ἀνώτατονο
3408 4407 3497 4460 τὸν
3523 4404 3607 4457 ἕνα
3641 4399 3699 4451 δέ

2138 4512 2326 4582 ἕτερον
2352 4507 2719 4579 πεποιηκέναι
2744 4504 2924 4571 αὖθις,
2962 4505 3130 4576 φησὶν
3162 4503 3223 4557 δν
3261 4501 3339 4566 ὡς
3364 4499 3587 4570 πονηρὸν
3610 4495 3700 4562 δη-

2141 4606 2404 4678 μιουργὸν
2429 4585 2764 4675 γεγενῆσθαι
2806 4600 2902 4654 τοῦ
2928 4600 3141 4671 κόσμου
3172 4596 3514 4669 δογματίζει·
3543 4607 3695 4659 πονη-

2140 4700 2231 4770 ρὺς
2270 4697 2347 4753 ὣν
2378 4698 2611 4763 ἐκεῖνος,
2660 4695 2966 4767 ἀχάριστόν
2996 4709 3058 4749 τε
3090 4692 3326 4764 κτίσμα,
3359 4689 3526 4762 πυρὸς
3557 4686 3699 4752 ἀξιον

2137 4793 2321 4863 μόνον.

2133 4908 2262 4981 ᾯδὴ
2297 4902 2365 4966 θ’.
2404 4904 2663 4974 Ἐξέστη
2698 4903 2798 4981 έπι
2839 4901 3042 4981 τοῦτοΔ
3072 4903 3110 4981 ες
3159 4900 3443 4970 οὐρανὸς,
3470 4897 3560 4953 και
3592 4890 3697 4959 τῆς

2660 4974 2774 5046 τῆς
2814 4972 3188 5041 κατεπλάγη.

2648 5071 2816 5125 Λέων
2844 5069 2878 5122 ό
2906 5066 3218 5135 Ἰσαυρος.

2209 5188 2450 5242 Είκᾶνων
2476 5185 2576 5257 τὴν
2612 5183 2951 5255 προτίμησιν
2980 5181 3092 5235 τῶν
3132 5178 3350 5234 σεπτῶν
3392 5174 3695 5233 ἀπεκώλυσε

2135 5283 2296 5339 Λέων
2322 5283 2351 5334 ὀ
2381 5281 2637 5351 ἰσαυρος
2660 5270 2818 5340 οὗτος
2851 5292 2866 5307 ο
2891 5275 3035 5347 ἀρχὴ
3065 5272 3174 5327 τῶν
3200 5270 3573 5344 Εἰκονομάχων
3590 5263 3699 5334 γὰρ

1648 5533 1850 5595 Varia)
1894 5532 2204 5598 lectiones
2236 5540 2298 5596 et
2323 5539 2519 5595 noue.

527 5673 603 5749 (Δρ)
636 5677 1007 5745 Προφορικὸν
1036 5681 1242 5745 λογον.
1280 5678 1356 5733 Ex
1394 5677 1566 5733 Mario
1617 5679 1942 5744 Mercatore,
1973 5695 2031 5749 p.

458 5743 951 5821 1()6,’προφόρικὸν
978 5753 1073 5821 και
1101 5743 1510 5813 ὲξουσιαστιγὸν
1564 5751 1660 5811 (ita
1700 5752 1903 5821 quippe
1945 5743 2037 5806 ca-

449 5816 782 5889 stigandutn)
799 5816 962 5886 λόγον
990 5818 1473 5890 καὶένεργητικὸν,
1510 5822 1557 5875 ἱιι
1581 5832 1664 5878 est
1714 5816 2034 5893 jirdlntivum

2136 5680 2457 5751 potestati”
2481 5680 2767 5749 elfeclivum
2831 5679 3087 5751 uerbum.
3126 5691 3180 5751 p.
3244 5675 3342 5751 50;
3384 5668 3700 5751 prolatitium

2134 5748 2386 5821 Ῥοιεηιὶαε
2426 5748 2540 5812 Dé’i.
2584 5751 2786 5820 e/ﬁcax,
2821 5766 2876 5820 p.
2914 5751 3037 5818 H4,
3068 5749 3191 5815 165,
3219 5748 3524 5820 prolativum
3543 5749 3701 5807 atque

2133 5823 2525 5893 imperativum.
