3942 6250
262 281 373 348 421

1255 284 1660 347 EXPOSITIO
1700 286 2070 348 CANONUM
2114 286 2550 348 DAMASCENI

3456 293 3565 357 £22

259 397 534 468 γεγονὼς,
583 397 676 450 σὺν
721 399 1053 468 χαρακτῆρα
1112 397 1406 466 πᾶντιμον,
1462 396 1558 450 καὶ
1613 396 1706 448 τὸν
1763 395 1858 448 τοῦ

1974 408 2125 451 tuum
2161 398 2546 452 characterem
2580 399 2732 454 omni
2764 401 3262 473 honore‘dignum,
3292 404 3560 478 illumque

255 490 398 544 Υἰοῦ
449 508 545 542 σου
593 490 690 542 τὸν
723 491 822 559 τῆς
878 488 1084 558 σαρκὸς
1140 489 1416 552 κατέσπα,
1467 488 1723 552 Θεοτόκε,
1764 490 1863 541 καὶ

253 583 486 638 πάντων
509 581 620 634 τῶν
657 581 851 650 ἁγίων.
886 580 978 644 Ἐξ
1012 579 1266 642 ἀσεϐείας
1294 575 1360 650 ἦς
1402 578 1755 649 ρυσθείημεν.

891 693 1234 761 Βογόμιλοι.

332 806 477 860 Λαὸν
525 805 584 859 ὂν
631 804 980 877 ὲλυτρὼσατο
1039 805 1130 869 σὸς
1175 806 1324 870 Υἱὸς,
1373 804 1637 878 βδελυρᾶς
1672 807 1858 878 ῥῦσαι,

259 899 443 968 Κᾶρη,
505 898 776 969 αἱρέσεως
827 897 1146 966 νεοφανοῦς,
1202 897 1302 968 τῆς
1350 898 1458 950 τῶν
1519 900 1854 969 Βογομίλων·

257 994 425 1061 οἷπερ
461 994 594 1060 φασὶ
635 993 695 1044 τὸ
725 990 820 1044 τοῦ
849 990 1140 1061 ἀνθρώπου
1186 991 1343 1062 σῶμα
1375 992 1475 1061 μὲν
1521 994 1684 1062 μόνου
1719 993 1858 1046 πλά-

263 1102 384 1152 σμα
441 1081 582 1137 εἶναι
643 1084 740 1136 τοῦ
780 1083 1061 1155 πονηροῦο
1114 1083 1291 1154 ψυχὴν
1333 1083 1387 1136 δὲ
1439 1085 1508 1138 αὖ
1567 1087 1858 1154 τυγχάνειν

257 1175 400 1229 Θεοῦ
431 1179 783 1244 ἐπουρανίου·
818 1176 1000 1229 κοινὸν
1024 1175 1079 1229 δὲ
1103 1179 1308 1247 ἀμφοῖν
1334 1178 1466 1232 Θεὸν
1492 1178 1552 1231 οὐ
1580 1179 1856 1247 λέγουσιν.

915 1290 980 1341 Ol
1010 1289 1205 1342 αὐτοί.

331 1403 450 1456 Οὐκ
505 1397 648 1455 εἶναι
715 1400 1108 1471 δογματίζουσι
1162 1404 1255 1455 τὸν
1288 1401 1438 1466 Υίδν,
1472 1401 1596 1456 οὐδὲ
1629 1401 1856 1473 Πνεῦμα

257 1497 508 1567 ἀρχῆθεν
537 1497 597 1550 τὸ
628 1498 807 1563 ἅγιονο
835 1495 1061 1567 ὕστερον
1086 1497 1142 1549 δὲ
1167 1495 1417 1567 γέννημα
1451 1496 1666 1564 Harpe;
1697 1497 1856 1565 γενέ-

264 1591 394 1642 σθαι
433 1589 582 1642 Υίόν·
623 1589 754 1642 Υἰοῦ
778 1590 834 1643 δὲ
866 1585 1026 1653 αὖθις
1055 1590 1308 1662 γέννημα
1336 1589 1563 1660 Πνεῦμα
1593 1590 1654 1641 τὸ
1679 1590 1855 1643 πανά-

255 1699 402 1752 γιον·
439 1683 750 1754 σφαλερῶς.
801 1683 996 1754 Ἡμεῖς
1027 1685 1082 1736 δὲ
1121 1685 1216 1736 καὶ
1259 1683 1327 1736 τὰ
1362 1683 1490 1753 τρία
1539 1684 1856 1755 συνάναρχα

257 1775 496 1846 νοοῦμεν
529 1778 622 1831 καὶ
655 1775 1100 1847 προσκυνοῦμεν,
1124 1775 1533 1846 Θεονύμφευτε.

942 1891 1182 1948 Ἰταλοί.

335 2008 679 2075 Σκεπάσαις,
737 2003 783 2062 ὦ
825 2009 1096 2080 Παρθένε,
1165 2009 1404 2078 ποίμνην
1453 2005 1552 2078 τὴν
1597 2005 1718 2076 σὴν,
1760 2007 1849 2059 καὶ

257 2103 448 2173 δεινῆς
477 2103 822 2172 ἀποστήσαις
858 2102 1127 2173 αἱρέσεως
1155 2101 1266 2155 τῶν
1305 2099 1548 2164 Ἰταλῶν,
1597 2098 1692 2151 δύο
1753 2097 1852 2168 μὲν

257 2194 441 2265 ἀρχὰς
487 2193 580 2245 ἐπὶ
617 2194 718 2264 τῆς
762 2194 893 2262 μιᾶς
925 2191 1369 2262 δογματιζόντων
1411 2188 1651 2260 φύσεως,
1683 2187 1854 2241 Ilvati—

265 2304 444 2359 ματος
493 2286 682 2350 διττὰς
713 2285 769 2340 δὲ
801 2285 896 2339 τοῦ
922 2285 1265 2357 παντουργοῦ
1289 2285 1559 2352 λεγόντων
1593 2281 1859 2352 ἐκπορεύ-

259 2397 402 2444 σεις,
436 2379 606 2445 ξένως
635 2380 731 2432 καὶ
772 2379 1082 2450 ἀσυνήθωςο
1115 2373 1301 2448 ὦνπερ
1332 2378 1430 2448 τῆς
1465 2377 1676 2447 πλάνης
1707 2375 1855 2446 ἡμᾶς

253 2470 562 2544 λύτρωσαι.

1967 489 2090 544 Filii
2126 490 2228 552 tui,
2259 491 2314 542 in
2340 505 2508 545 carne
2543 492 2822 557 videlicet,
2849 503 2904 547 et
2928 497 3176 550 omnium
3208 510 3556 568 sanctorum,

1963 579 2305 645 dilaceravit,
2337 579 2586 650 Deipara.
2623 583 2666 636 A
2694 599 2800 651 qua
2833 584 3118 653 impietate
3147 587 3471 645 liberemur.

2624 693 2903 764 Bogomili.

2035 805 2306 875 Populum
2340 820 2508 874 quem
2536 805 2774 859 redemit
2798 806 2972 863 Filius
3004 818 3156 876 tuus,
3182 809 3368 880 Virgo,
3401 819 3556 867 tuere

1962 900 2029 953 ab
2065 898 2404 952 exsecranda
2442 897 2638 951 hzercsi
2671 913 2868 953 recens
2907 913 3027 955 orta
3052 943 3066 967 ,
3100 902 3554 973 Bogouiilorum:

1960 993 2052 1063 qui
2080 990 2306 1060 quidem
2339 990 2541 1044 docent
2568 991 2807 1046 hominis
2835 1008 3035 1061 corpus
3063 995 3235 1050 solius
3264 997 3388 1050 mali
3415 1014 3555 1066 Opus

1960 1100 2111 1149 esse;
2159 1093 2215 1136 at
2263 1100 2395 1138 vero
2435 1085 2706 1147 animam,
2747 1086 2990 1140 cmlestis
3030 1088 3163 1156 Dei;
3201 1106 3552 1146 communem

1959 1188 2146 1233 autem
2186 1178 2478 1249 utriusque
2511 1178 2683 1232 Deum
2719 1194 2829 1232 non
2866 1191 3196 1250 agnoscunt.

2667 1293 2860 1349 Iidem.

2032 1409 2144 1463 Nec
2172 1408 2371 1463 Filium
2403 1423 2506 1464 nec
2537 1408 2809 1479 Spiritum
2838 1419 3091 1464 sanctum
3125 1411 3195 1466 ab
3231 1411 3390 1467 initio
3425 1427 3548 1468 esse

1959 1501 2202 1567 docent;
2235 1503 2332 1556 sed
2368 1511 2557 1571 postea
2584 1502 2757 1556 Patris
2784 1504 3095 1572 genituram
3129 1503 3300 1558 fuisse
3327 1504 3550 1570 Filium;

1961 1611 2158 1650 rursus
2189 1605 2374 1649 autem
2420 1595 2543 1648 Filii
2577 1596 2990 1650 sanctissimum
3033 1595 3302 1666 Spiritum
3335 1597 3556 1667 genitu-

1959 1703 2110 1753 ram;
2149 1687 2283 1741 falsa
2330 1687 2632 1740 sententia.
2667 1689 2776 1742 Nos
2816 1703 2986 1756 porro
3018 1689 3124 1742 tria
3160 1689 3367 1758 pariter
3405 1688 3550 1744 initii

1887 1757 1930 1812 Β
1959 1778 2205 1847 expertia
2233 1776 2623 1847 cognoscimus
2670 1785 2726 1830 et
2753 1778 3073 1843 adoramus,
3113 1757 3166 1832 of
3187 1776 3399 1847 Sponsa
3428 1777 3552 1836 Dei.

2681 1887 2832 1943 Itali.

2032 2004 2287 2074 Protege,
2323 2003 2506 2075 Virgo,
2540 2005 2683 2060 ovile
2717 2016 2894 2070 tuum,
2924 2014 3090 2075 atque
3119 2014 3306 2060 averte
3334 2021 3362 2059 a
3394 2006 3546 2076 gravi

1960 2096 2160 2152 haeresi
2192 2098 2479 2165 Italorum,
2507 2099 2602 2168 qui
2631 2099 2686 2152 in
2718 2099 2879 2153 unica
2909 2110 3105 2154 natura
3135 2099 3246 2153 duo
3274 2099 3548 2169 principia

1959 2189 2306 2255 decernunt,
2353 2191 2603 2260 duasque
2655 2190 2898 2260 Spiritus
2944 2200 3275 2246 cunctorum
3329 2191 3546 2260 opiﬁcis

1965 2283 2352 2352 processiones
2382 2289 2618 2355 ponunt,
2651 2281 2895 2338 absurde
2923 2298 2990 2338 ac
3019 2295 3161 2338 nove
3193 2300 3208 2338 :
3241 2297 3272 2336 a
3307 2295 3546 2352 quorum

1963 2391 2156 2432 errore
2181 2391 2284 2432 nos
2317 2375 2519 2431 libera.

341 2615 3474 2658 Μ

753 2780 1786 2966 IQANNOY
1897 2784 3050 2962 ΜΟΝΑΧΟΥ

1538 3069 1770 3156 ΤΟΥ
1827 3065 2262 3157 ΖΩΝΑΡΑ

613 3263 1018 3321 ΓΕΓΟΝΟΤΟΣ
1059 3263 1390 3318 ΜΕΓΑΛΟΥ
1427 3258 1910 3318 ΔΡΟΥΓΓΑΡΙΟΥ
1947 3257 2086 3310 ΤΗΣ
2127 3254 2373 3310 ΒιΓΛΑΣ
2413 3253 2534 3308 ΚΑΙ
2577 3247 3186 3306 ΠΡΩΤΟΣΕΚΡΙΙΤΟΥ

1756 3415 2072 3468 ΕΞΗΙἮΣΙΣ

287 3586 532 3677 ΤΩΝ
609 3579 1402 3673 ΑΝΛΣΤΑΣΙΜΩΝ
1479 3575 2032 3664 ΚΛΝΟΝΩΝ
2107 3569 2336 3658 ΤΩΝ
2409 3568 2638 3655 ΤΟΥ
2714 3555 3488 3655 ΔΑΜΑΣΚΗΝΟΥ

1087 3747 1222 3814 περὶ
1253 3746 1513 3810 κανόνος
1551 3741 1651 3796 καί
1689 3739 1894 3810 εἱρμοῦ
1925 3737 2026 3792 καὶ
2065 3736 2394 3805 τροπαρίου
2419 3733 2518 3789 καὶ
2548 3732 2730 3801 ᾠδῆς.

871 3889 1106 3958 Εἴρηται
1132 3886 1189 3940 δὲ
1225 3887 1496 3956 πρότερον
1539 3883 1642 3955 μὲν
1675 3877 2171 3952 συνοπτικώτερον,
2207 3870 2329 3930 εἶτα
2367 3873 2466 3930 καὶ
2499 3872 2948 3944 πλατυκὼτερον.

1010 4182 1830 4341 JOANNIS
1943 4183 2777 4338 ZONAR/E

783 4456 896 4525 QUI
930 4459 1090 4518 FUIT
1117 4457 1402 4516 MAGNUS
1437 4456 1888 4516 DRUNGARIUS
1916 4455 2201 4514 VIGILUM
2260 4454 2351 4512 ET
2390 4450 3034 4518 PROTOASECRETIS,

264 4590 950 4742 EXPOSITIO
1065 4635 1646 4728 CANONUM
1735 4633 2749 4726 ANAS'I‘ASIMOBUM
2848 4628 3518 4722 DAMASCENI

1287 4835 1376 4893 De
1404 4848 1662 4907 canone,
1695 4829 1922 4902 hirmo,
1961 4829 2251 4908 tropario
2285 4837 2340 4890 et
2377 4827 2519 4890 oda.

1122 4980 1286 5030 Primo
1309 4979 1506 5041 quidem
1539 4990 1629 5039 per
1653 4977 2020 5040 compendium,
2041 4976 2223 5027 deinde
2245 4977 2401 5029 fusius
2433 4982 2691 5028 tractatur.

1507 5114 1651 5178 (Μαί,
1677 5111 1855 5180 Spicil.
1883 5115 2024 5164 Bom.
2052 5119 2166 5164 (om.
2196 5116 2282 5175 V.)

1856 5273 1927 5285 -ιο

350 5373 508 5426 Ἐπεὶ
539 5367 784 5423 κανόνων
807 5365 1074 5437 ἑρμηνεία
1099 5367 1217 5418 ἐστὶ
1255 5365 1314 5419 τὸ
1339 5364 1514 5434 παρὸν
1539 5365 1848 5434 σύνταγμα,
1877 5371 1891 5427 t

2024 5362 2160 5418 Cum
2197 5375 2469 5416 canonum
2501 5360 2888 5430 interpretatio
2923 5359 2996 5416 sit
3026 5357 3318 5430 przesentis
3351 5357 3543 5426 operis

270 5467 378 5540 χρὴ
411 5465 510 5520 καὶ
556 5464 688 5532 περὶ
737 5461 868 5514 αὐτὸ
909 5461 968 5512 τὺ
998 5460 1169 5528 ὄνομα
1212 5458 1306 5512 τοῦ
1345 5458 1590 5521 κανόνος,
1629 5460 1722 5510 καὶ
1752 5459 1852 5528 τὴν

269 5561 366 5614 τοῦ
398 5557 600 5630 είρμοῦ
631 5557 840 5623 καὶτῆς
869 5554 1010 5625 ᾠδῆς
1046 5553 1261 5621 κλῆσιν,
1295 5552 1377 5604 ἔτι
1403 5552 1457 5604 δὲ
1481 5551 1574 5604 καὶ
1606 5549 1701 5603 τοῦ
1728 5567 1852 5619 τρο-

1961 5471 2184 5524 scopus,
2215 5453 2284 5508 de
2330 5455 2450 5523 ipso
2495 5454 2728 5508 canonis
2767 5453 3012 5517 nomine,
3065 5452 3250 5516 serici,
3283 5451 3420 5509 odae.
3461 5451 3540 5506 si-

1961 5549 2071 5602 mul
2100 5564 2163 5602 ac
2191 5547 2416 5617 troparii
2445 5547 2900 5602 denominatione
2928 5547 3014 5618 (ex
3046 5545 3166 5600 istis
3194 5546 3342 5600 enim
3368 5547 3538 5616 perli-

271 5652 500 5722 παρίου,
531 5650 598 5700 ὲκ
621 5645 828 5699 τούτων
863 5645 973 5714 γὰρ
997 5643 1364 5713 ἀπαρτίζεται
1404 5645 1430 5696 ὁ
1464 5641 1667 5706 κανὼν,
1703 5643 1854 5706 φιλο-

1974 5640 2104 5693 :itur
2135 5639 2377 5707 canon),
2427 5637 2590 5690 nobis
2642 5637 3033 5692 disserendum
3079 5645 3204 5690 est:
3253 5637 3356 5690 ista
3404 5652 3540 5690 vero

273 5743 515 5813 σοφῆσαι
552 5739 701 5810 ἡμᾶς
727 5753 738 5767 ·
777 5734 951 5790 ταῦτα
985 5735 1040 5788 δὲ
1070 5733 1136 5788 τὰ
1166 5734 1407 5804 ὀνόματα
1435 5733 1599 5787 οἱονεὶ
1622 5731 1850 5802 τεχνικὰ

1962 5730 2209 5802 nomina,
2243 5740 2430 5801 utpote
2484 5730 2560 5786 rei
2605 5731 2852 5800 propria,
2883 5748 2912 5784 a
2957 5730 3232 5800 principio
3262 5731 3541 5787 dclluiun-
