3942 6250
395 273 509 338 423

1671 257 1997 322 JOANNIS
2035 255 2357 318 ΖΟΝΛΒΕ

3557 247 3656 311 424

399 398 512 443 tur.
545 385 732 442 Series
759 383 929 456 igitur
958 389 1043 438 est
1069 377 1355 435 harmonia
1395 375 1645 448 quaedam
1678 375 1878 430 cantici
1917 375 1972 428 in

2095 374 2142 442 εῇ
2185 371 2444 446 ὑποθέσει
2498 368 3044 440 παραλαμὸάνονται.
3089 366 3154 420 '0
3203 365 3302 438 μὲν
3335 361 3429 419 οὖν
3476 364 3658 435 είρμὸς

399 461 822 550 compositione,
849 479 999 530 vocis
1030 471 1334 528 articulatm
1359 479 1414 523 et
1443 467 1767 539 signiﬁcante
1797 477 1975 521 metro

401 573 663 644 quodam,
691 578 748 625 et
781 569 1112 640 syllabarum
1137 565 1464 634 quantitate,
1503 561 1569 616 ad
1597 575 1762 630 quam
1786 569 1974 627 tropa-

403 665 482 718 ria
503 665 647 718 dicta
667 661 916 731 proxime
939 659 1228 713 accedunt.
1267 656 1361 710 Est
1383 662 1563 708 autem
1591 652 1761 706 series
1787 659 1842 705 et
1869 659 1980 703 tro-

403 755 686 826 pariorum
731 760 789 806 et
821 765 1097 805 canonum
1134 745 1465 818 principium
1504 761 1516 797 :
1571 758 1696 796 eum
1737 738 1980 810 troparia

407 863 504 918 per
530 847 731 901 seriem
764 842 1203 912 regularizentur
1225 846 1280 891 et
1313 835 1378 890 ad
1407 835 1576 896 illam,
1610 842 1671 886 ut
1697 831 1764 885 ad
1793 846 1981 885 exem-

406 939 580 1008 plum,
617 943 1020 1004 componantur
1047 940 1102 984 et
1125 929 1191 983 ad
1221 926 1561 981 harmoniam
1604 940 1666 978 ac
1690 923 1980 978 melodiam

405 1029 748 1098 redigantur.
787 1024 1002 1078 Dicitur
1027 1021 1202 1076 series
1235 1019 1363 1084 quia
1400 1016 1704 1072 secundum
1737 1014 1982 1085 regulam

404 1117 718 1189 quamdam,
770 1126 826 1169 et
870 1111 1268 1181 compositione
1319 1120 1373 1165 et
1421 1107 1795 1162 modulatione
1851 1122 1984 1162 con-

405 1213 666 1266 cinnatur
686 1217 740 1262 et
771 1202 1122 1259 connectitur
1151 1209 1205 1255 et
1231 1199 1531 1254 harmoniae
1558 1198 1763 1268 regulis
1793 1196 1986 1267 dirigi-

406 1315 516 1366 tur,
550 1318 658 1354 non
685 1307 868 1352 autem
893 1307 956 1350 ut
989 1298 1106 1349 fors
1139 1295 1349 1348 tulerit.

478 1393 805 1461 Troparium
833 1403 966 1443 vero
988 1388 1193 1442 dicitur
1225 1387 1352 1456 quia
1375 1387 1443 1440 ad
1479 1385 1639 1441 istam
1669 1399 1728 1440 se
1754 1395 1984 1438 conver-

404 1487 471 1542 tit
503 1486 789 1555 vergitque
835 1493 888 1536 et
939 1483 1138 1537 seriem
1177 1480 1344 1533 habet
1377 1487 1438 1532 ut
1469 1478 1842 1546 exemplarem
1885 1475 1984 1528 ab-

403 1580 752 1646 solutamque
795 1589 1054 1637 causam;
1103 1573 1371 1626 rationem
1413 1579 1598 1624 autem
1627 1578 1778 1624 tenet
1818 1581 1983 1630 quam

405 1671 462 1724 in
493 1669 721 1738 singulis
744 1683 919 1723 canon
945 1666 1012 1720 ad
1033 1665 1251 1719 diversa
1275 1661 1596 1717 statuenda:
1625 1659 1986 1728 quemadmo-

2079 465 2320 536 ἁρμονία
2339 463 2420 526 τίς
2443 465 2558 516 ἐστι
2585 461 2781 532 μέλους
2806 463 2864 514 ἐν
2891 461 3159 532 συνθήκῃ,
3189 459 3376 528 φωνῆς
3398 459 3658 530 ἐνάρθρου

2079 578 2138 613 τε
2175 560 2268 612 καὶ
2303 557 2648 628 σημαντικῆς
2679 556 2966 628 εύρημένῳ
2999 556 3106 608 τινὶ
3141 555 3328 625 μέτρῳ
3378 553 3479 606 καὶ
3513 553 3658 622 ποσῷ

2083 651 2371 722 μεγέθους,
2404 651 2532 721 περὶ
2567 649 2636 720 ἢν
2669 649 2737 702 τὰ
2769 649 3042 718 λεγόμενα
3073 648 3350 718 τροπάρια
3392 645 3662 715 ἀναφέρε-

2080 759 2206 796 ταιο
2249 743 2413 795 οἱονεὶ
2445 741 2500 793 δὲ
2539 740 2681 811 ἀρχὴ
2707 741 2817 794 τῶν
2857 740 3176 810 τροπαρίων
3211 739 3328 790 ἐστὶ
3365 737 3460 790 καὶ
3498 736 3657 790 κανό-

2083 850 2222 889 νων⁶
2266 835 2390 888 ἐπεὶ
2422 832 2490 888 τὰ
2521 833 2799 905 τροπάρια
2837 833 2924 888 διὰ
2956 833 3048 887 τοῦ
3076 831 3272 903 είρμοῦ
3324 829 3664 894 κανονίζεται

2085 929 2182 982 καὶ
2235 927 2560 999 ῥυθμίζεται
2605 926 2740 997 πρὸς
2776 926 2961 989 αὐτὸν,
3011 926 3086 989 ὡς
3143 925 3282 996 πρὸς
3329 923 3662 992 ὑπόδειγμα,

2087 1021 2452 1090 συντιθέμενα
2484 1022 2579 1074 καὶ
2611 1018 2969 1088 ἀρμοζόμενά
3003 1035 3060 1070 τε
3099 1017 3195 1070 καὶ
3242 1015 3662 1085 μελῳδούμενα⁶

2083 1115 2306 1182 λέγεται
2337 1115 2364 1166 ό
2399 1113 2498 1182 μὲν
2529 1111 2747 1183 εἱρμὸς,
2789 1111 2871 1163 ὃτι
2899 1111 3042 1163 κατὰ
3069 1108 3222 1174 τάξιν
3259 1107 3383 1160 τινὰ
3414 1107 3508 1158 καὶ
3544 1123 3666 1158 συνο

2087 1208 2234 1260 θέσει
2266 1205 2360 1258 καὶ
2398 1206 2702 1276 μελουργίᾳ
2743 1205 3006 1274 ἐρόμενος
3055 1203 3150 1254 καὶ
3188 1201 3526 1272 πλεκόμενος
3576 1201 3668 1255 καὶ

2087 1301 2467 1371 ἁρμοζόμενος
2500 1301 2740 1368 πρόεισι,
2779 1289 2875 1352 καὶ
2895 1297 2994 1366 οὐχ
3018 1297 3094 1359 ὡς
3125 1295 3308 1365 ἔτυχε.

2158 1392 2472 1463 Τροπάριον
2525 1391 2584 1444 δέ
2625 1391 2707 1443 ὅτι
2767 1389 2903 1458 πρὸς
2961 1390 3170 1441 ἐκεῖνον
3215 1389 3521 1456 τέτραπται
3577 1386 3668 1438 καὶ

2087 1486 2332 1549 νένευκε,
2364 1484 2458 1536 καὶ
2483 1481 2575 1535 τὸν
2601 1481 2793 1552 είρμδν
2823 1478 2937 1549 ἔχει
2968 1480 3134 1533 οἱονεὶ
3161 1477 3668 1549 παραδειγματικδν

2088 1578 2183 1632 καὶ
2210 1575 2558 1630 τελειωτικὸν
2592 1577 2803 1627 αῐτιον·
2851 1573 3012 1641 λόγον
3041 1572 3098 1624 δὲ
3133 1571 3335 1642 εχει-όν
3372 1573 3400 1624 ό
3441 1573 3499 1625 ἐν
3537 1571 3668 1623 ἑκά-

2091 1684 2240 1730 στοις
2269 1665 2452 1720 κανὼν
2476 1666 2614 1737 πρὸς
2641 1665 2708 1718 τὰ
2737 1663 3135 1734 κανονιζόμενα
3158 1663 3394 1732 διάφορα
3411 1677 3428 1692 ·
3461 1661 3539 1725 ὡς
3564 1662 3670 1731 γάρ

405 1762 629 1816 modum
665 1761 809 1813 enim
843 1771 1018 1812 canon
1065 1755 1120 1809 in
1167 1753 1290 1808 aliis
1343 1752 1504 1806 aliter
1558 1764 1619 1805 se
1675 1748 1861 1812 habet,
1907 1750 1987 1801 sic

2095 1760 2120 1810 ὁ
2147 1756 2328 1812 κανὼν
2357 1756 2452 1809 καὶ
2478 1755 2660 1818 ἄλλοις
2695 1757 2754 1808 ἐν
2782 1755 2986 1820 ἄλλοις,
3021 1753 3164 1808 οὕτω
3213 1751 3346 1823 γοῦν
3375 1753 3470 1806 καὶ
3503 1755 3531 1806 ό
3557 1753 3670 1823 cip-

405 1853 578 1908 series
610 1861 874 1920 quantum
900 1848 968 1904 ad
1002 1846 1261 1916 troparia.

475 1941 587 1996 Oda
620 1951 672 1994 et
705 1954 882 1993 canon
908 1938 1137 1991 odarum
1167 1944 1252 1989 est
1280 1934 1468 2004 plures
1493 1933 1824 1986 continens:
1857 1943 1984 1985 nam

406 2050 581 2104 usque
612 2033 678 2087 ad
714 2048 909 2086 norem
954 2029 1217 2099 procedit
1248 2029 1381 2082 odas
1425 2043 1439 2080 :
1487 2025 1759 2095 siquidem
1791 2039 1982 2078 nume-

407 2145 502 2184 rus
527 2126 790 2180 nonarins
812 2137 1124 2192 supremam
1159 2119 1523 2190 quantitatem
1553 2116 1864 2180 constituit,
1892 2113 1986 2185 qui

407 2232 591 2275 autem
621 2225 931 2287 sequuntur
978 2212 1279 2277 decenarii,
1319 2209 1651 2272 centenarii,
1694 2206 1988 2261 millenarii

404 2325 462 2367 et
488 2311 672 2366 decies
699 2309 1016 2370 millenarii,
1049 2306 1304 2362 similiter
1331 2303 1638 2374 procedunt
1666 2312 1723 2355 ut
1750 2302 1990 2354 unitates

407 2417 581 2472 usque
613 2401 679 2454 ad
729 2415 950 2462 novem,
988 2397 1252 2450 nimirum
1289 2411 1301 2448 :
1344 2412 1361 2446 t
1389 2411 1420 2446 κ
1447 2393 1473 2444 λ
1503 2411 1543 2463 μ
1572 2410 1601 2444 ν
1641 2391 1668 2456 ξ
1697 2409 1726 2443 ο
1755 2407 1795 2442 π
1825 2394 1862 2456 ια,
1896 2405 1926 2458 ρ
1959 2405 1992 2442 σ

406 2512 436 2546 τ
459 2512 490 2547 υ
510 2511 566 2561 φ,
583 2502 638 2547 et
661 2507 834 2560 uSque
857 2492 922 2543 ad
941 2496 988 2544 α’
1014 2487 1058 2560 β’
1087 2488 1130 2540 0'
1147 2499 1200 2542 et
1221 2486 1289 2541 ab
1311 2504 1362 2551 ,α
1380 2486 1426 2558 ,β
1455 2500 1626 2554 usque
1641 2483 1706 2538 ad
1725 2482 1768 2551 ,θ
1794 2499 1807 2536 :
1829 2481 1994 2552 quid-

408 2587 542 2658 quid
570 2595 751 2639 antem
787 2597 1145 2638 numerormn
1170 2589 1254 2635 est
1279 2589 1566 2650 praeterea,
1597 2578 1817 2632 illorum
1840 2591 1993 2630 com-

408 2679 682 2748 positione
707 2685 764 2731 et
788 2675 1196 2730 combinatione
1229 2672 1484 2736 etlicitur,
1529 2679 1590 2724 ut
1623 2674 1690 2723 ια’
1723 2683 1897 2738 usque
1923 2667 1991 2722 ad

411 2769 478 2835 θ’,
499 2779 556 2824 et
593 2770 739 2824 idem
769 2777 990 2822 caetera.
1013 2767 1138 2819 Haec
1174 2764 1396 2834 quidem
1418 2762 1570 2817 velut
1619 2762 1674 2815 in
1708 2762 1990 2816 succinctu

408 2865 678 2929 diximus;
710 2862 916 2932 largius
939 2871 1125 2915 autem
1155 2857 1620 2928 comprehensum
1647 2855 1699 2908 in
1738 2853 1994 2924 pluribus

411 2958 697 3012 invenitur
735 2956 962 3010 canonis
999 2967 1244 3007 nomen:
1281 2965 1520 3006 canones
1554 2947 1701 3004 enim
1725 2956 1781 3002 et
1811 2961 1994 3018 gram-

411 3053 626 3105 matLeis
653 3057 804 3112 sunt,
825 3059 882 3102 et
915 3045 1279 3118 phi|050phis,
1312 3053 1368 3098 et
1407 3041 1655 3106 medicis,
1691 3049 1746 3094 et
1777 3038 1991 3108 legibus

409 3142 648 3212 politicis
683 3155 699 3194 :
735 3140 829 3195 sed
862 3139 1237 3210 grammatica:
1276 3145 1334 3190 et
1385 3135 1569 3206 legum
1617 3146 1855 3188 canones
1905 3129 1984 3184 nil

409 3234 606 3288 stabile
647 3235 870 3286 habent.
1033 3230 1035 3232 ’

479 3325 734 3380 Canones
777 3323 1041 3377 dicuntur
1077 3320 1241 3376 etiam
1287 3319 1377 3390 pia
1420 3327 1734 3373 sanctorum
1762 3315 1987 3370 Patrum

409 3419 654 3474 decreta.
706 3417 1064 3485 Desumptum
1119 3424 1304 3468 autem
1339 3420 1423 3466 est
1460 3412 1514 3465 in
1565 3410 1824 3464 omnibus
1869 3408 1988 3462 istis

410 3511 544 3565 illud
578 3523 778 3563 nomen
809 3523 839 3560 a
873 3508 1022 3576 ligno
1075 3505 1224 3574 quod
1273 3515 1356 3557 est
1403 3502 1526 3556 usui
1574 3501 1869 3570 opiticibus
1919 3496 1988 3550 ad

411 3602 583 3671 ligna,
621 3599 840 3668 lapides
861 3608 958 3651 aut
979 3597 1114 3650 alias
1142 3612 1228 3653 res
1251 3594 1617 3649 dimetiendas
1642 3603 1698 3647 et
1731 3600 1993 3660 coaptan-

413 3693 514 3746 das
549 3699 604 3744 et
647 3690 847 3759 regulae
896 3703 1095 3742 nomen
1139 3688 1324 3750 habet,
1359 3687 1489 3755 quia
1515 3696 1700 3754 partes
1725 3684 1990 3738 disseclas

415 3783 714 3839 concinnat
774 3781 918 3834 inter
980 3795 1039 3833 se
1085 3788 1140 3832 et
1183 3778 1454 3847 adaquat.
1511 3777 1664 3842 Quod
1719 3776 1885 3845 igitur
1923 3775 1991 3828 ad

419 3879 650 3932 istorum
687 3873 1160 3928 eoordinationcm
1189 3870 1336 3923 valet
1373 3869 1581 3938 regula,
1635 3869 1737 3921 hoc
1769 3881 1992 3937 quoque

418 3973 475 4026 in
505 3971 653 4024 omni
694 3966 923 4023 scientia
969 3974 1025 4020 et
1062 3975 1178 4018 arte
1226 3963 1400 4030 logica
1445 3962 1687 4016 ellieiunt
1729 3974 1992 4024 canones,

419 4073 479 4118 ut
505 4062 768 4117 nimirum
816 4058 1074 4113 ordinent
1125 4073 1190 4112 ae
1246 4055 1562 4111 deﬁniant:
1605 4055 1809 4108 dicitur
1841 4055 1990 4108 enim

414 4168 593 4208 canon
620 4163 676 4206 et
713 4151 985 4205 deﬁnitio.
1033 4147 1286 4203 Canones
1336 4143 1504 4214 igitur
1543 4150 1672 4196 sunt
1714 4142 1808 4210 qui
1837 4155 1998 4208 sepa-

417 4254 543 4299 rant
572 4245 641 4298 ab
682 4243 805 4297 aliis
837 4250 893 4296 et
916 4241 1162 4310 dirigunt
1194 4238 1266 4292 ita
1309 4247 1369 4290 ut
1401 4243 1720 4312 separatum
1747 4247 1872 4286 cum
1899 4233 1999 4285 de-

417 4335 576 4389 ﬁnito
625 4334 918 4388 conveniat
985 4343 1041 4387 et
1099 4338 1411 4400 coaptetur,
1466 4341 1637 4395 quare
1694 4325 1913 4378 decreta
1963 4339 1993 4376 a

2093 1849 2191 1920 μδς
2222 1847 2361 1917 πρὸς
2401 1847 2469 1900 τὰ
2495 1848 2792 1918 τροπάρια.

2161 1941 2288 2012 ’ῼδὴ
2324 1941 2380 1994 δὲ
2409 1940 2504 1993 καὶ
2535 1939 2717 1992 κανὼν
2752 1937 2908 2010 ᾠδῶν
2937 1938 3053 1991 ἐστι
3090 1937 3355 1992 πλειόνων
3390 1953 3673 2007 περιεκτι-

2090 2033 2187 2096 κός
2211 2048 2228 2064 ·
2262 2031 2392 2101 ἄχρι
2423 2031 2533 2101 γὰρ
2563 2031 2720 2084 ἐννέα
2751 2031 3001 2101 πρόεισιν
3028 2029 3183 2100 ᾠδῶν
3203 2046 3216 2060 ·
3250 2031 3328 2082 ὅτι
3363 2031 3390 2081 ό
3423 2029 3579 2081 ἐννέα
3613 2029 3674 2081 τὸ

2094 2125 2354 2196 μέγιστόν
2393 2128 2508 2178 ἐστι
2551 2125 2750 2196 μέτρον
2777 2128 2833 2178 ἐν
2861 2123 3113 2195 ἀριθμοῖς
3139 2139 3155 2155 ο
3182 2124 3244 2176 τὸ
3270 2123 3326 2176 δὲ
3355 2122 3486 2192 ἐξῆς
3515 2123 3675 2176 δεκά-

2089 2219 2201 2285 δες,
2243 2217 2619 2282 ἑκατοντάδες,
2653 2217 2913 2289 χιλιάδες,
2945 2216 3038 2269 καὶ
3076 2215 3364 2286 μυριάδες,
3408 2214 3673 2276 ὡσαύτως

2092 2309 2502 2381 προχωροῦσαι,
2535 2309 2720 2372 καθὼς
2776 2311 2872 2362 καὶ
2918 2309 2972 2360 αἱ
3036 2307 3264 2378 μονάδες
3317 2305 3477 2376 ἄχρις
3516 2307 3677 2360 ἐννέα

2093 2403 2304 2466 οὕτως’
2343 2422 2359 2456 ι
2395 2403 3171 2474 κλμνξοπίτρστυιρ,
3211 2397 3673 2472 καὶᾶχρια’β’θ”

2093 2497 2187 2549 καὶ
2210 2513 2260 2561 ,α
2289 2495 2334 2568 ,β
2355 2495 2483 2566 ἄχρι
2513 2496 2588 2564 ,0;
2626 2497 2692 2548 τὰ
2725 2495 2770 2548 δ’
2799 2495 2934 2549 ἄλλα
2957 2495 3136 2549 πάντα
3164 2497 3222 2548 ἐν
3251 2494 3506 2565 ἀριθμοῖς
3539 2496 3675 2564 μετὰ

2096 2587 2350 2640 σύνθεσιν
2389 2587 2596 2641 τούτων
2650 2593 2746 2642 καὶ
2787 2588 3107 2655 ἀνάκλνσιν,
3153 2583 3268 2642 οἷον
3299 2594 3366 2641 ια’
3400 2591 3567 2659 μέχρι
3608 2588 3673 2654 θ’,

2097 2681 2193 2732 καὶ
2227 2682 2318 2732 ἐπὶ
2353 2680 2462 2732 τῶν
2494 2680 2696 2734 λοιπῶν
2723 2680 2949 2751 ὁμοίως.
2996 2681 3182 2735 Ταῦτα
3238 2682 3341 2750 μὲν
3372 2681 3466 2735 οὖν
3505 2683 3584 2746 ὠς
3616 2684 3673 2734 ἐν

2100 2772 2321 2840 συνόψει
2350 2773 2604 2839 εἴρηται*
2639 2771 2972 2841 πλατύτερον
3003 2771 3060 2826 δέ
3083 2770 3254 2836 οὕτως
3287 2773 3351 2826 τὸ
3378 2773 3553 2843 ὄνομα
3579 2773 3673 2826 τοῦ

2095 2865 2324 2927 κανόνος
2353 2867 2410 2918 ἐν
2447 2865 2666 2926 πολλοῖς
2710 2863 3025 2934 εὑρίσκεται
3060 2863 3634 2936 παραλαμϐανόμενον
3657 2880 3675 2896 ο

2096 2958 2324 3020 κανόνες
2351 2957 2458 3028 γὰρ
2490 2956 2584 3041 καὶ
2617 2957 2728 3020 τοῖς
2758 2956 3160 3027 γραμματικὴν
3197 2957 3448 3027 μετιοῦσι
3473 2957 3675 3027 τέχνην

2094 3051 2198 3102 εἰσὶ
2225 3049 2452 3112 καὶτοῖς
2483 3047 2796 3117 φιλοσόφοις
2832 3049 2928 3100 καὶ
2961 3049 3166 3119 ἰατροῖς
3211 3047 3306 3100 καὶ
3331 3052 3445 3110 τοῖς
3465 3048 3676 3102 πολιτι-

2055 3131 2060 3149 ί
2091 3142 2208 3202 κοῖς
2242 3139 2427 3208 νόμοις
2453 3153 2465 3168 ⁶
2496 3137 2614 3192 ἀλλ’
2637 3139 2685 3190 oi
2710 3139 2808 3207 τῆς
2837 3154 3123 3208 γράμματι
3154 3137 3238 3208 -ἧς
3268 3137 3479 3192 καὶτὸν
3507 3139 3675 3207 νόμον

2091 3230 2196 3284 οὐκ
2227 3229 2412 3301 έχουσι
2443 3233 2503 3282 τὸ
2535 3227 2899 3284 ἀδιάπτωτον.

2163 3323 2400 3385 Κανόνες
2428 3323 2485 3374 δὲ
2515 3321 2765 3390 λέγονται
2799 3323 2891 3375 καὶ
2921 3321 2989 3374 τὰ
3014 3322 3154 3374 κατά
3177 3323 3285 3374 τῶν
3313 3321 3473 3375 θείων
3507 3323 3677 3376 Πατέ-

2095 3430 2204 3484 ρων
2231 3411 2426 3482 εὐσεϐῆ
2449 3411 2800 3481 διατάγματα
2817 3426 2832 3440 '
2862 3412 3181 3483 ἐξείληπται
3207 3412 3249 3464 δ’
3273 3414 3366 3466 ἐπὶ
3389 3415 3524 3466 πᾶσι
3545 3412 3675 3466 τού-

2092 3523 2206 3568 τοις
2243 3504 2304 3557 τὸ
2352 3504 2525 3572 ὄνομα
2555 3503 2662 3556 ἀπὸ
2693 3502 2788 3556 τοῦ
2819 3503 2974 3566 ξύλου
3018 3503 3113 3556 τοῦ
3144 3505 3256 3567 τοῖς
3281 3505 3559 3574 τεχνίταις
3594 3508 3675 3574 εἰς

2095 3597 2251 3664 ξύλον
2282 3598 2369 3650 καὶ
2406 3596 2576 3662 λίθον,
2626 3597 2658 3666 ἢ
2691 3597 2784 3649 καὶ
2820 3598 2998 3651 ἄλλων
3041 3597 3204 3650 τινῶν
3237 3599 3674 3668 χρηματίζοντες

2094 3691 2412 3763 ἁπόρθωσιν
2456 3691 2550 3742 καὶ
2586 3688 2836 3743 ίθύτατον
2863 3689 3116 3744 κανόνιον
3143 3691 3377 3754 ἐκείνοις
3407 3691 3675 3760 ὀνομαζό-

2099 3799 2280 3850 μενον,
2309 3782 2336 3834 ὃ
2360 3784 2472 3844 τοῖς
2501 3782 2888 3850 ἀποξεομένοις
2912 3782 3144 3852 άπορθοῖ
3164 3781 3336 3835 ταῦτα
3365 3785 3459 3836 καὶ
3483 3783 3672 3847 ἐξισοῖ.

2095 3873 2166 3926 ’Ὀ
2176 3891 2236 3925 πε
2246 3889 2277 3943 ρ
2291 3868 2382 3926 οὖν
2397 3872 2458 3925 τὸ
2483 3873 2732 3928 κανόνιον
2751 3875 2829 3936 είς
2845 3874 3155 3944 ἀπόρθωσιν
3179 3875 3404 3928 ἐκείνων
3425 3875 3671 3942 δύναται,

2095 3966 2254 4018 τοῦτο
2287 3965 2383 4018 καὶ
2412 3966 2506 4016 ἐπὶ
2535 3966 2716 4036 πάσης
2747 3967 3058 4037 ἐπιστήμης
3091 3967 3182 4019 καὶ
3213 3967 3439 4039 λογικῆς
3475 3969 3676 4038 τέχνης

2094 4057 2146 4109 oi.
2174 4056 2400 4118 κανόνες
2431 4056 2701 4126 πληροῦσι
2732 4057 2792 4108 τὸ
2823 4057 3243 4126 κανονιζόμένόν
3279 4072 3338 4110 τε
3369 4061 3467 4112 καὶ
3493 4059 3678 4130 ὁριζό-

2100 4164 2295 4218 μενον·
2329 4148 2549 4215 λέγεται
2580 4150 2687 4220 γὰρ
2714 4151 2741 4202 ό
2771 4149 2951 4202 κανὼν
2982 4153 3076 4204 καὶ
3101 4153 3256 4221 ὄρος·
3287 4151 3675 4222 ἀπώιαιροῦν-

2095 4256 2185 4301 τες
2214 4240 2321 4291 τῶν
2363 4239 2539 4291 ἄλλων
2573 4243 2666 4292 καὶ
2694 4240 3117 4306 ἀπευθύνοντες,
3142 4243 3217 4303 ὼς
3243 4239 3345 4312 μέν
3376 4259 3458 4296 τοι
3486 4244 3677 4312 ἕτερον

2096 4331 2173 4400 τῷ
2213 4329 2515 4400 ὁριζομένῳ
2553 4331 2955 4399 συνεμπίπτειν
3014 4336 3108 4386 καὶ⁵
3157 4333 3249 4386 τὸν
3305 4333 3434 4404 περὶ
3481 4335 3676 4386 τούτου

417 4430 623 4484 sanctis
665 4426 924 4480 Patribus
966 4425 1177 4480 saueita
1220 4425 1345 4492 jure
1399 4422 1707 4489 meritoque
1753 4433 1988 4472 canones

2099 4423 2349 4491 συγχέειν
2372 4421 2528 4489 λόγον
2559 4423 2696 4475 κατὰ
2727 4425 2835 4486 τοῖς
2864 4423 3041 4492 ἁγίοις
3073 4425 3318 4494 Πατράσι
3347 4426 3677 4478 συντεθέντα

415 4522 800 4590 appellantur;
849 4518 1094 4587 dirigunt
1141 4517 1289 4571 enim
1326 4529 1423 4569 cos
1473 4513 1568 4583 qui
1614 4512 1748 4581 ipsis
1777 4527 1990 4566 morem

416 4623 614 4684 gerunt
638 4611 703 4666 ad
732 4613 893 4666 [idem
927 4622 1130 4666 rectam
1165 4609 1694 4678 itmnutabilemque,
1726 4619 1782 4662 et
1808 4609 1872 4660 ad
1911 4609 1994 4661 vi-

420 4716 528 4758 tam
570 4703 794 4773 probam
823 4715 880 4758 et
909 4705 1017 4757 Deo
1047 4706 1353 4773 placentem
1379 4721 1391 4756 :
1423 4717 1586 4772 quam
1621 4703 1692 4756 ob
1725 4704 1991 4756 rationem

416 4807 474 4851 et
502 4797 556 4850 in
593 4797 819 4868 hymnis
853 4797 987 4866 ipsis
1019 4798 1282 4866 recipitur
1312 4795 1543 4851 canonis
1581 4811 1818 4860 nomen;
1863 4795 1994 4862 quia

417 4887 523 4940 hoc
551 4899 790 4940 metrum
818 4895 1084 4941 statutum
1110 4896 1166 4940 et
1198 4884 1523 4938 invariabile
1555 4883 1608 4935 in
1635 4897 1832 4935 novem
1869 4881 1992 4934 odis

416 4978 726 5046 completur
777 4995 955 5048 neque
1001 4978 1149 5032 hunc
1201 4992 1496 5031 numerum
1551 4976 1807 5029 excedit:
1848 4973 1992 5026 unde

417 5083 592 5123 canon
621 5069 826 5124 dicitur
856 5071 1118 5140 quoniam
1167 5079 1401 5123 metrum
1445 5078 1701 5122 accurate
1733 5066 1994 5120 deﬁnitur

418 5165 472 5220 in
507 5166 725 5236 hymnis
760 5166 900 5222 istis.
945 5165 1216 5220 Similiter
1241 5165 1470 5242 canonis
1500 5163 1724 5216 nomine
1754 5176 1886 5214 usus
1910 5167 1994 5212 est

418 5273 648 5325 magnus
681 5258 976 5327 Apostolus
1005 5258 1255 5312 scribens
1284 5255 1590 5310 Corinthiis
1626 5271 1640 5308 :
1695 5273 1712 5305 ι
1753 5254 1862 5307 Nos
1892 5267 1992 5305 au-

419 5359 528 5402 tem
557 5365 666 5402 non
703 5349 846 5402 ultra
895 5364 1207 5402 mensuram
1254 5346 1707 5418 gloriﬁcabimur,
1760 5343 1857 5399 sed
1907 5357 1993 5396 se-

419 5438 660 5491 cundum
689 5453 1002 5492 mensuram
1055 5437 1274 5506 regulae,
1323 5450 1430 5505 qua
1469 5449 1696 5486 mensus
1721 5442 1804 5486 est
1833 5431 1994 5484 nobis

418 5528 586 5589 Deus,
627 5544 936 5583 mensuram
968 5528 1313 5598 pertingendi
1368 5541 1540 5596 usque
1572 5525 1638 5577 ad
1677 5539 1793 5588 vos,
1839 5538 1992 5593 spem

420 5618 686 5674 habentes
718 5620 1019 5674 crescentis
1051 5619 1173 5673 lidei
1205 5627 1422 5684 vestrae,
1474 5618 1527 5669 in
1557 5616 1710 5669 vobis
1750 5613 1994 5685 magniﬁ-

420 5711 533 5764 cari
558 5712 862 5768 secundum
890 5716 1132 5784 regulam
1163 5725 1406 5769 nostram
1433 5713 1486 5767 in
1513 5709 1932 5765 abundantiam.
1968 5725 1986 5759 ι

2095 4515 2462 4583 διατάγματα,
2499 4513 2725 4577 εἰκότως
2779 4515 3001 4578 κανόνες
3057 4516 3387 4568 καλοῦνται·
3438 4516 3682 4570 ἐπευθύ-

2095 4623 2246 4660 νουσι
2280 4609 2389 4677 γὰρ
2424 4608 2652 4659 κάκεῖνα
2707 4607 2835 4670 τοὺς
2884 4607 3242 4677 πειθομένους
3287 4609 3474 4672 αὐτοῖς
3535 4610 3681 4681 προς

2097 4699 2278 4753 πίστιν
2323 4700 2491 4770 ὀρθήν
2535 4716 2594 4751 τε
2641 4701 2734 4752 καὶ
2769 4701 3199 4771 ἀπαρέγκλιτον,
3243 4704 3340 4755 καὶ
3377 4701 3514 4772 πρὸς
3559 4702 3680 4772 βίον

2095 4795 2352 4863 ἐνάρετον
2383 4797 2477 4848 καὶ
2517 4795 2813 4866 θεάρεστον
2837 4811 2852 4826 ⁸
2904 4797 3026 4850 καθ’
3055 4798 3114 4850 ὃν
3143 4799 3208 4868 δὴ
3239 4798 3397 4866 λόγον
3425 4801 3529 4852 κάν
3562 4801 3679 4861 τοῖς

2096 4888 2284 4957 ὕμνοις
2319 4889 2527 4952 τούτοις
2555 4889 2612 4942 τὸ
2640 4889 2732 4942 τοῦ
2763 4891 2986 4955 κανόνος
3014 4892 3328 4961 ἐξείληπται
3355 4891 3526 4960 ὄνομα
3546 4909 3560 4922 ·
3590 4893 3678 4945 ὅτι

2093 4980 2398 5050 ὡρισμένον
2434 4981 2529 5033 καὶ
2581 4983 2969 5052 τετυπωμένον
2997 4984 3058 5035 τὸ
3098 4987 3296 5055 μέτρον
3335 4985 3496 5038 τοῦτό
3527 4988 3681 5038 ἐστιν

2095 5072 2154 5123 ἐν
2201 5074 2358 5126 ἐννέα
2413 5074 2578 5144 ᾠδαῖς
2634 5075 3080 5144 συντελούμενον,
3133 5078 3229 5130 καὶ
3279 5078 3542 5147 ἐννεάτης
3598 5078 3680 5148 μὴ

2099 5165 2195 5216 ὑπε
2210 5164 2426 5234 ρϐαἴνον
2445 5182 2459 5196 ο
2491 5167 2614 5217 ὅθεν
2645 5166 2824 5219 κανὼν
2853 5167 3073 5235 λέγεται
3101 5169 3177 5230 ὡς
3202 5170 3543 5238 τεταγμένου
3577 5168 3676 5221 τοῦ

2099 5256 2299 5325 μέτρου
2333 5257 2498 5310 αὑτοῦ
2533 5259 2590 5309 ἐν
2617 5257 2845 5321 ταύταις
2888 5261 2950 5330 δὴ
3000 5265 3121 5324 ταῖς
3151 5262 3345 5331 ᾡδαῖς’
3391 5262 3534 5315 οὕτω
3576 5261 3679 5314 καὶ

2095 5346 2172 5415 τῷ
2201 5347 2424 5416 ὀνόματι
2456 5349 2550 5401 τοῦ
2590 5351 2812 5414 κανόνος
2843 5353 3117 5420 ἐχρήσατο
3137 5355 3165 5406 ὁ
3200 5356 3378 5422 μέγας
3417 5355 3684 5408 ’Λπόστο-

2095 5437 2184 5499 λος
2215 5438 2432 5508 γράψας
2463 5440 2770 5510 Κορινθίοις
2793 5458 2805 5470 °
2843 5461 2862 5493 ι
2903 5447 3089 5515 Ἡμεῖς
3118 5445 3176 5498 δὲ
3201 5446 3302 5498 οὐκ
3327 5446 3407 5507 εἰς
3428 5445 3500 5498 τά
3532 5445 3683 5515 ἄμε-

2095 5547 2200 5599 τρα
2232 5533 2662 5602 καυχησὼμεθα,
2697 5535 2834 5588 ἀλλὰ
2874 5541 3016 5590 κατά
3047 5537 3108 5589 τὸ
3149 5537 3346 5608 μέτρον
3389 5536 3484 5590 τοῦ
3517 5537 3681 5590 κανόο

2097 5642 2206 5687 νος,
2226 5621 2286 5676 οὗ
2313 5627 2570 5696 ἐμέρισεν
2601 5630 2735 5698 ἡμῖν
2761 5631 2788 5681 ό
2814 5629 2946 5693 Θεὸς
2973 5631 3170 5700 μέτρου
3195 5631 3493 5700 ἀφικέσθαι
3516 5632 3682 5702 ἄχρις

2101 5717 2277 5790 ὑμῶν,
2330 5719 2522 5774 ἐλπίδα
2581 5721 2796 5791 ἔχοντες
2851 5723 3225 5796 αὐξανομένης
3283 5725 3384 5795 τῆς
3441 5725 3681 5789 πίστεως
