3942 6250
244 319 341 380 125
1417 315 1668 375 (ῙΛΝΟΝ
1719 313 1791 374 IN

1905 317 2256 376 EIPARAM.
3356 323 3468 387 126

253 423 416 496 ὑμῶν,
445 422 500 473 ἐν
526 419 654 488 ύμῖν
690 419 1092 488 μεγαλινοῆναι
1124 438 1192 472 κα
1205 425 1265 471 τα
1295 422 1382 472 τὸν
1408 421 1610 474 κανόνα
1648 421 1797 491 ὑμῶν

1905 421 2109 476 Sensus
2128 433 2311 476 autem
2343 423 2465 477 talis
2489 431 2574 479 est
2621 442 2634 478 :
2669 424 2851 495 Anqui
2869 440 2990 482 sese
3010 419 3382 495 venditabant.
3409 445 3470 489 ut

250 519 323 576 εἰς
360 515 422 567 τὰ
479 511 856 580 παρεπόμενα.
892 528 911 561 ι
969 511 1030 563 '0
1063 511 1121 564 δὲ
1163 511 1325 579 λόγος
1370 512 1613 576 τοιοῦτός
1643 517 1759 566 ἐστι
1782 531 1794 544 σ

1905 513 2101 582 ubique
2121 514 2477 582 praedicantes
2490 516 2843 590 Evangelium
2864 537 2880 577 :
2899 521 3102 589 quibus
3115 524 3250 578 dicit
3272 542 3284 577 :
3313 544 3331 576 ι
3352 527 3472 580 Non

250 604 392 660 Τινὲς
427 601 738 670 ἐκόμπαζον
788 602 863 662 ὡς
908 601 1176 672 πολλαχοῦ
1219 603 1560 674 κηρύξαντες
1608 606 1668 657 τὸ
1699 606 1797 659 Εὐ·-

1905 606 2038 658 ultra
2061 620 2370 659 mensuram
2394 607 2595 675 glorior
2613 625 2735 679 ego,
2755 613 2847 681 qui
2869 614 3110 684 undique
3128 618 3475 685 praedicatio-

251 695 520 764 αγγέλιον·
557 693 692 762 πρὸς
746 693 986 756 ἐκείνους
1030 689 1122 745 οὖν
1179 696 1472 763 φησιν,ὄτι
1519 695 1660 762 Ἐγὼ
1704 699 1804 748 οἰκ

253 789 321 850 εἰς
347 785 552 855 ἄμετρα
585 784 900 854 καυχῶμαι,
933 785 1007 846 ὡς
1033 786 1317 856 πανταχοῦ
1351 789 1727 858 κατασπείρας
1748 790 1809 840 τὸ

248 881 512 946 κήρυγμα,
545 875 680 926 ἀλλὰ
713 875 853 926 κατὰ
884 875 942 927 τὸ
969 876 1167 946 μέτρον
1192 875 1290 929 τοῦ
1320 877 1541 940 κανόνος
1562 878 1807 948 ὲκήρυξα

251 961 305 1020 οὗ
332 965 576 1037 ἐμέρισεν
617 968 750 1034 ἡμῖν
791 969 904 1029 τοῖς
931 969 1257 1030 ἀποστόλοις
1288 971 1316 1021 ό
1345 968 1498 1034 Θεὸς,
1525 971 1552 1023 ὅ
1586 971 1700 1023 ἐστι
1743 972 1804 1023 τὸ

254 1058 426 1128 μέχρις
457 1057 609 1126 ὑμῶν
641 1057 926 1124 ἐφικέσθαι.
952 1076 966 1090 ⁸
992 1055 1113 1113 εἶτα
1138 1062 1236 1114 κ..⁴ὶ
1269 1060 1356 1114 διὰ
1380 1061 1488 1113 τῶν
1507 1062 1634 1131 ἑξῆς
1665 1063 1802 1116 καθ-

249 1149 504 1219 αψάμενος
557 1150 665 1200 τῶν
709 1150 788 1211 εἰς
836 1151 905 1202 τὰ
945 1149 1159 1220 ἄμετρα
1205 1151 1380 1205 ταῦτα
1427 1154 1802 1222 ὑπερϐολικῶς

248 1240 615 1310 καυχωμένων,
641 1242 806 1311 φησιν
849 1242 931 1294 ὅτι
1003 1242 1200 1312 Ἡμεῖς
1230 1243 1287 1295 δὲ
1317 1243 1415 1312 οὐχ
1445 1243 1637 1310 οὕτως,
1670 1245 1806 1297 ἀλλὰ

250 1333 430 1403 μέχρις
455 1335 610 1402 ὑμῶν
643 1334 1002 1404 κηρύξαντες,
1034 1335 1140 1397 ἕως
1165 1335 1322 1404 ὑμῶν
1353 1337 1804 1407 παρρησιαζόμε-

248 1427 342 1478 θαο
402 1428 695 1497 ἐλπίζομεν
751 1427 808 1480 δὲ
874 1430 1285 1498 περισσοτέρως
1341 1428 1731 1499 εὐδοκιμῆσαν
1781 1448 1801 1480 ι

246 1518 386 1571 τοῦτο
413 1521 518 1590 γὰρ
545 1520 808 1573 ἐπέκεινα
832 1534 846 1550 ⁶
893 1539 912 1571 ι
946 1519 1316 1589 Εύδοκίμιησις
1349 1521 1407 1572 δὲ
1435 1521 1527 1572 τοῦ
1553 1520 1808 1574 διδασκά-

1899 711 2024 750 nem
2048 695 2335 761 seminavi,
2354 696 2450 750 sed
2471 703 2768 755 secundum
2793 719 3105 760 mensuram
3138 711 3336 779 regulae
3362 729 3472 783 qua

1904 801 2128 842 mensus
2146 797 2231 842 est
2251 787 2408 842 nobis
2430 791 2691 858 apostolis
2729 795 2895 860 Deus,
2918 812 3230 855 mensuram
3261 805 3477 860 scilicet

1905 877 2254 948 pertingendi
2289 894 2463 948 usque
2489 881 2555 934 ad
2583 896 2699 934 vos.
2745 901 2764 935 ι
2797 885 3002 942 Deinde
3033 904 3130 944 eos
3154 891 3246 959 qui
3274 893 3332 946 in
3367 895 3468 948 im-

1907 986 2155 1025 mensum
2214 981 2271 1027 et
2317 973 2669 1044 hyperbolice
2724 976 3099 1045 gloriabantur
3155 985 3473 1055 vituperans

1905 1065 2012 1118 ait:
2046 1081 2064 1114 ι
2107 1063 2217 1118 Nos
2256 1080 2387 1120 vero
2419 1081 2528 1119 non
2561 1066 2714 1127 item,
2747 1069 2844 1122 sed
2882 1087 3053 1141 usque
3087 1074 3154 1128 ad
3196 1092 3294 1131 vos
3335 1095 3475 1146 pree-

1905 1159 2175 1224 dicantes,
2221 1159 2396 1214 donec
2448 1170 2636 1216 noster
2693 1177 2872 1216 sermo
2919 1165 2986 1218 ad
3030 1182 3128 1221 vos
3154 1172 3472 1238 perveniat;

1907 1265 2194 1320 speramus
2212 1261 2396 1306 autem
2423 1252 2713 1320 copiosiori
2735 1255 2941 1308 honore
2965 1255 3248 1313 fruituros.
3281 1280 3299 1312 ι
3327 1262 3474 1316 Prae-

1908 1352 2056 1396 terea
2097 1360 2111 1394 :
2170 1361 2188 1392 ι
2226 1341 2471 1412 Magistri
2509 1344 2629 1397 laus
2654 1354 2740 1397 est
2779 1360 3106 1416 progressus
3128 1349 3405 1420 discipuli.
3448 1372 3468 1404 ι

1908 1434 2001 1487 Sic
2049 1433 2216 1504 igitur
2257 1443 2312 1488 et
2363 1434 2657 1502 Apostolus
2709 1439 2936 1491 canonis
2991 1440 3165 1492 utitur
3211 1445 3474 1498 nomine:

1907 1524 2032 1578 ideo
2066 1541 2243 1579 canon
2277 1539 2334 1579 et
2359 1526 2594 1596 hymnus
2633 1526 2736 1581 iste
2761 1528 2962 1582 exinde
2989 1530 3170 1586 dictus
3199 1545 3304 1588 est.

247 1613 329 1666 λου
363 1615 392 1682 ἡ
423 1613 528 1664 τῶν
559 1612 819 1682 μαθητῶν
854 1613 972 1665 ἐστι
1025 1614 1277 1683 προκοπὴ
1301 1629 1317 1644 ο
1349 1632 1367 1664 ι
1406 1613 1550 1667 οὕτω
1583 1615 1682 1684 μὲν
1734 1616 1825 1668 καὶ
1877 1618 2198 1682 ’Δπόστολος
2219 1620 2296 1688 τῷ
2324 1620 2551 1690 ὀνόματι
2569 1620 2662 1672 τοῦ
2688 1621 2910 1684 κανόνος
2937 1625 3164 1692 χρᾶταιι
3189 1627 3271 1680 διὸ
3297 1633 3479 1684 κανὼν

247 1709 332 1761 καὶ
358 1710 383 1759 ὁ
409 1707 576 1778 ὕμνος
597 1703 748 1770 οὗτος
781 1707 1031 1761 ἐντεῦθεν
1055 1709 1298 1780 εἴρηται.

306 1801 367 1853 Al.
396 1799 450 1852 δέ
479 1817 543 1868 γε
613 1800 750 1870 ᾠδαὶ
774 1800 949 1870 ᾲοιδαί
979 1802 1123 1864 τινές
1158 1805 1266 1856 εισι
1299 1804 1559 1871 μουσικαί
1579 1818 1596 1834 ο
1623 1806 1670 1856 oi
1701 1806 1806 1874 γὰρ

1985 1808 2112 1864 Οιίεε
2135 1819 2318 1864 autem
2350 1824 2480 1868 sunt
2515 1826 2710 1873 cantus
2734 1823 2956 1890 quidam
2996 1825 3316 1892 musieales;
3355 1834 3477 1886 soni

243 1888 355 1962 ἦχοι
394 1893 487 1944 καὶ
513 1892 767 1959 φθόγγοι,
797 1893 1056 1963 ἁρμονίαι
1087 1910 1145 1945 τε
1180 1893 1278 1946 καὶ
1310 1895 1509 1964 ῥυθμοὶ
1541 1896 1634 1966 τῆς
1667 1915 1797 1965 μου-

1905 1901 2046 1954 enim
2067 1911 2123 1956 et
2145 1913 2466 1971 concentus,
2486 1888 2786 1966 harmonim
2805 1914 3160 1985 rhythmique
3193 1888 3323 1973 sunt
3357 1938 3480 1975 mu—

246 1984 390 2052 σικῆς
419 1985 582 2049 εἰσιν,
615 1983 674 2048 ἐξ
699 1981 774 2038 ὧν
812 1987 876 2036 τὰ
905 1985 1041 2054 μέλη
1072 1987 1416 2055 παράγονται
1439 2002 1451 2014 ·
1491 1979 1566 2040 ὧν
1599 1989 1666 2041 τὰ
1707 1989 1802 2058 μὲν

244 2077 683 2149 παθητικώτερόν
705 2095 761 2131 τε
785 2081 882 2131 καὶ
915 2081 1242 2150 γοργότερον
1273 2079 1444 2142 πάθος
1465 2083 1574 2143 τοίς
1605 2083 1804 2151 ἀκροα-

246 2177 351 2237 ταῖς
373 2174 584 2228 ἐνιέντα
615 2176 707 2227 καὶ
733 2176 987 2227 κινοῦντα
1019 2175 1152 2245 πρὸς
1180 2175 1395 2244 δάκρυα
1415 2191 1430 2204 ο
1477 2174 1548 2226 τὰ
1577 2173 1635 2226 δὲ
1665 2174 1802 2242 πρὸς

245 2266 398 2336 θυμὸν
433 2266 838 2336 ὲκκαλούμενα,
867 2268 966 2336 τῆς
997 2268 1168 2337 ἀλκῆς
1194 2267 1508 2337 μεμνῆσθαι
1535 2266 1630 2318 καὶ
1666 2265 1800 2335 πρὸς

245 2359 350 2413 ελον
385 2362 556 2430 Ἄρην
589 2363 766 2432 ὁρμᾷν
804 2363 894 2413 τὸν
922 2361 1396 2430 κατεπαδόμενον·
1429 2355 1539 2412 οἷόν
1572 2376 1624 2411 τι
1649 2358 1801 2425 λέγε-

245 2468 323 2504 ται
351 2452 604 2519 γενέσθαι
655 2453 751 2506 καὶ
786 2455 916 2524 περὶ
947 2454 1038 2506 τὸν
1078 2454 1366 2508 Μακεδόνα
1411 2453 1762 2524 Ἀλέξανδρον
1785 2469 1799 2483 ·

245 2543 445 2614 ᾄδοντος
481 2544 595 2614 γὰρ
623 2545 721 2598 τοῦ
755 2545 1022 2615 μουσικοῦ
1055 2547 1307 2614 Τίμωνος
1348 2547 1479 2614 παρ’
1506 2547 1674 2615 αὐτῷ,
1706 2549 1800 2598 καὶ

244 2635 391 2704 μέλος
411 2637 684 2708 ἀνδρῶδες
711 2637 1111 2708 ἁρμοζομένου,
1143 2639 1236 2693 καί¹
1267 2639 1519 2692 σύντονον
1552 2639 1686 2708 πρὸς
1709 2639 1801 2691 θυ-

247 2728 336 2797 μδν
363 2729 738 2795 διανιστῶντος
774 2733 868 2786 τὸν
900 2733 1189 2796 ἀκούοντα,
1228 2737 1432 2798 ἐκεῖνος
1475 2728 1587 2797 οἷος
1616 2733 1799 2796 ἔνθους

246 2823 304 2874 ἐκ
335 2822 422 2875 τοῦ
457 2825 699 2893 μεγάλου
743 2827 1056 2896 γενόμενος,
1117 2827 1358 2890 ἀναστὰς
1394 2823 1496 2898 ἦρε
1547 2827 1618 2881 τὰ
1660 2827 1800 2880 ὅπλα

245 2912 332 2964 καὶ
364 2916 504 2984 ὁρμᾷ
550 2916 690 2984 πρὸς
720 2918 955 2988 πόλεμον
977 2934 990 2949 ·
1034 2921 1292 2988 μουσικαὶ
1333 2918 1465 2986 γοῦν
1497 2919 1673 2987 φωναὶ
1705 2921 1801 2972 καὶ

243 3001 364 3071 ᾡδαί
395 3009 498 3058 εἰσι
524 3007 618 3059 διὰ
648 3010 810 3074 μόνου
855 3008 1122 3077 στόματος
1146 3011 1484 3079 ὲναρμονίως
1505 3011 1762 3081 ᾀδόμεναι
1785 3029 1797 3042 ’

245 3099 400 3170 τούτῳ
421 3103 528 3171 γὰρ
559 3100 792 3172 ὥρισται
814 3105 846 3173 ἠ
873 3103 982 3173 ᾠδή
1005 3121 1019 3136 ·
1044 3106 1138 3157 καὶ
1164 3106 1277 3166 τοῖς
1303 3103 1401 3171 μὲν
1438 3103 1708 3175 Ἑϐραίοις
1739 3105 1799 3156 οὐ

244 3189 319 3242 διὰ
345 3195 606 3261 στόματος
633 3195 791 3263 μόνον
826 3197 874 3247 oi
900 3196 1038 3264 πρὸς
1066 3194 1201 3246 Θεὸν
1233 3195 1421 3266 ᾔδοντο
1456 3193 1637 3265 ὕμνοι,
1665 3195 1800 3247 ἀλλὰ

245 3284 328 3336 καὶ
374 3286 440 3339 δι’
465 3286 741 3356 ὀργάνων,
786 3287 860 3348 ὡς
905 3291 934 3340 ό
971 3286 1136 3340 Δαϐὶδ
1181 3290 1456 3358 μαρτυρεί
1486 3287 1754 3358 πολλαχοῦ
1779 3305 1791 3317 ·

244 3374 326 3439 καὶ
346 3375 374 3427 ό
401 3376 582 3447 Ἀμώς
617 3395 779 3448 φησιν
808 3381 869 3431 ἐκ
911 3379 1200 3448 προσώπου
1229 3379 1364 3432 Θεοῦ
1407 3382 1540 3449 πρὸς
1570 3381 1659 3433 τὸν
1692 3381 1794 3432 ἰσ-

244 3466 370 3535 ραήλ
389 3483 405 3498 ο
444 3488 462 3520 ι
485 3471 838 3539 Ηετάστησον
868 3471 962 3523 ἀπ’
992 3471 1126 3539 ἐμοῦ
1181 3466 1313 3541 ἦχον
1343 3469 1498 3540 ᾠδῶν
1534 3488 1648 3538 σου,
1703 3474 1796 3523 καὶ

245 3557 456 3627 ψαλμῶν
481 3562 732 3630 ὁργάνων
757 3579 847 3614 σου
879 3563 977 3616 οὐκ
1009 3563 1544 3633 ἀκούσομαι.ιἪμῐν
1575 3563 1630 3614 δὲ
1662 3565 1797 3633 πρὸς

245 3648 372 3703 θεῖον
406 3653 574 3720 ὕμνον
606 3653 757 3707 οὐδέν
785 3672 836 3705 τι
872 3657 1134 3723 μουσικὸν
1171 3654 1658 3723 παραλαμϐάνετλι
1706 3655 1797 3722 δρ-

243 3757 411 3809 γανον,
439 3744 576 3798 ἀλλὰ
600 3745 688 3798 διὰ
712 3745 890 3816 ζώσης
923 3747 1091 3814 μόνης
1121 3746 1305 3816 φωνῆς
1327 3747 1648 3816 ἐναρμονίου
1674 3747 1797 3818 ᾅδο-

246 3847 335 3899 μιν
358 3834 434 3904 τῷ
459 3835 584 3907 Θεῷ
609 3853 624 3868 ·
655 3838 830 3889 πᾶσαι
852 3839 958 3908 γὰρ
997 3838 1180 3906 σχεδὸν
1209 3840 1264 3889 αί
1289 3837 1444 3907 ᾠδαὶ,
1487 3837 1555 3890 δι’
1587 3832 1662 3891 ὧν
1700 3856 1797 3890 κα·-

243 3923 340 3979 νὼν
389 3928 774 4000 ἀπαρτίζεται,
826 3927 984 3997 ὕμνοι
1035 3929 1397 3998 τυγχάνουσιν
1438 3930 1531 3981 κα)⁵
1577 3927 1795 3999 ᾅσματα

240 4025 558 4092 χαριστήρια
587 4023 824 4093 ᾀδόμενα
847 4023 981 4092 πρὸς
1009 4021 1162 4075 Θεον.

301 4109 466 4174 Εὐθὺς
490 4108 588 4166 οὖν
628 4115 660 4181 η
688 4111 879 4181 πρώτη
905 4113 1056 4180 παρὰ
1085 4112 1177 4162 τοῦ
1201 4111 1482 4180 προφήτου
1515 4111 1794 4173 Μωῦσέως

242 4203 590 4266 συντέθειται,
618 4203 701 4256 ὅτι
729 4203 790 4256 τὸ
808 4203 918 4254 τῶν
954 4202 1223 4272 Ἑϐραίων
1253 4203 1412 4270 γένος
1442 4204 1500 4268 ἐξ
1518 4204 1795 4271 Αἰγύπτου

242 4292 592 4364 ἀναχωρῆσαν
644 4294 938 4364 προστάξει
989 4295 1150 4356 θεοῦ,
1189 4296 1283 4347 καὶ
1326 4295 1796 4362 καταδιωκόμενον

241 4385 334 4437 ὑπὸ
352 4387 456 4440 τῶν
476 4389 816 4454 Αἰγυπτίων,
849 4390 950 4458 τὴν
973 4387 1244 4457 Ἐρυθρὰν
1271 4386 1550 4441 Θάλασσαν
1578 4389 1795 4458 διῆλθεν

241 4478 472 4549 ἁϐρόχως
493 4484 559 4551 τῇ
593 4481 774 4550 ῥάϐδῳ
805 4480 1106 4549 τμηθεῖσαν
1144 4483 1209 4551 τῇ
1267 4479 1361 4532 τοῦ
1407 4481 1684 4542 Μωῦσέως
1709 4500 1719 4508 ·
1745 4484 1793 4532 ci

1905 1993 2052 2057 sicze,
2081 2009 2111 2048 e
2137 1995 2339 2064 quibus
2379 1999 2628 2054 melodia'
2660 2001 3034 2059 deducuntur.
3082 2006 3327 2074 Quarum
3357 2013 3478 2067 alite

1907 2086 2078 2153 magis
2107 2089 2436 2156 patheticam
2459 2101 2516 2146 et
2543 2095 3012 2152 vehementiorem
3045 2103 3354 2170 passionem
3378 2121 3478 2158 au-

1903 2178 2181 2234 ditoribus
2215 2181 2522 2237 immittunt
2555 2197 2611 2239 et
2653 2187 2722 2240 ad
2750 2189 3015 2259 lacrymas
3041 2193 3317 2262 excitant;
3355 2197 3477 2252 alia;

1903 2274 1968 2326 ad
2027 2274 2162 2326 iram
2217 2289 2538 2344 provocant,
2595 2279 2933 2337 fortitudinis
2982 2290 3302 2342 memoriam
3352 2290 3477 2359 inji-

1903 2365 2058 2420 ciunt
2087 2375 2142 2418 et
2173 2367 2240 2420 ad
2271 2367 2643 2437 quodcunque
2668 2370 2875 2425 bellum
2909 2390 3036 2430 eum
3084 2378 3180 2446 qui
3229 2380 3476 2434 celebra-

1907 2469 1997 2511 tur
2043 2459 2328 2527 instigant.
2377 2458 2466 2514 Sic
2501 2460 2534 2514 d
2561 2463 2707 2516 citur
2738 2465 2941 2519 factum
2980 2467 3147 2524 fuisse
3184 2470 3252 2525 de
3302 2473 3476 2527 Mace-

1902 2551 2043 2605 done
2074 2551 2381 2606 Alexandro
2413 2568 2430 2606 :
2457 2565 2583 2606 cum
2614 2555 2762 2608 enim
2794 2571 2975 2611 ceram
3005 2560 3095 2612 ili"
3131 2560 3325 2617 Timon
3355 2579 3474 2617 mu-

1902 2642 2049 2696 sicus
2087 2642 2407 2697 bellicosum
2440 2644 2702 2714 hymnum
2737 2649 3106 2706 modularetur
3153 2663 3206 2706 et
3241 2657 3474 2710 audien-

1903 2741 2011 2787 tem
2057 2731 2125 2786 ad
2177 2733 2312 2786 iratn
2346 2736 2517 2802 probe
2543 2739 2871 2804 excitasset,
2915 2741 3004 2795 ille
3043 2744 3202 2812 quasi
3249 2749 3476 2804 numine

1903 2827 2040 2880 mire
2073 2835 2366 2896 correptus
2402 2829 2645 2883 surrexit
2677 2830 2957 2901 armisque
3001 2833 3069 2888 ad
3120 2833 3324 2890 bellum
3357 2854 3476 2894 sese

1903 2920 2162 2974 accinxit.
2214 2920 2508 2976 Musicales
2544 2938 2676 2992 ergo
2712 2925 2831 2978 soni
2885 2935 2943 2980 et
2974 2927 3094 2983 eda:
3129 2931 3353 2985 nonnisi
3378 2946 3474 2987 ore

1902 3012 2220 3067 harmonice
2268 3011 2672 3081 proferuntur:
2727 3015 2784 3068 in
2831 3015 2936 3071 hoc
2986 3018 3135 3072 enim
3190 3021 3474 3090 perﬁcitur

1902 3103 2026 3156 oda.
2063 3103 2222 3172 Apud
2257 3104 2518 3158 Hebraeos
2549 3113 2732 3159 autem
2776 3106 2964 3178 hymni
3015 3124 3122 3164 non
3155 3112 3332 3166 solum
3375 3130 3474 3169 ore

1902 3191 1969 3246 ad
2002 3192 2174 3247 Deum
2209 3195 2596 3260 cantabantur,
2641 3197 2735 3250 sed
2767 3197 2930 3252 etiam
2973 3199 3376 3268 instrumentis,
3413 3217 3473 3259 ut

1904 3284 2074 3338 David
2115 3300 2258 3354 sape
2289 3295 2540 3341 testatur.
2589 3287 2656 3341 Et
2684 3289 2853 3343 Amos
2899 3305 2931 3344 e
2974 3306 3209 3359 persona
3258 3295 3353 3349 Dei
3400 3297 3470 3350 ad

1898 3377 2152 3432 lsraelem
2183 3379 2319 3433 dicit
2345 3396 2358 3432 :
2408 3399 2426 3430 ι
2453 3380 2623 3434 Aufer
2650 3396 2680 3434 a
2716 3396 2801 3436 me
2827 3383 3124 3436 tumultum
3157 3387 3468 3441 carminum

1895 3479 2135 3533 tuorum,
2185 3478 2240 3523 et
2262 3471 2475 3526 cantica
2514 3472 2641 3541 lyra:
2673 3479 2777 3526 tum
2807 3487 2914 3526 non
2956 3473 3196 3529 audiam.
3245 3492 3264 3527 ι
3302 3475 3473 3534 Nobis

1897 3567 2078 3614 autem
2142 3559 2211 3614 ad
2276 3559 2522 3614 divinum
2571 3561 2834 3631 hymnum
2888 3564 3100 3618 nullum
3170 3565 3470 3621 adhibetur

1897 3650 2368 3718 instrumentum,
2431 3651 2535 3707 ved
2587 3652 2710 3707 viva
2794 3653 2970 3708 solum
3028 3663 3085 3709 et
3148 3653 3467 3712 harmonica

1895 3759 2032 3799 voce
2063 3743 2128 3798 ad
2155 3745 2326 3799 Deum
2343 3755 2626 3800 cantamus
2647 3763 2660 3811 ;
2679 3763 2872 3802 on‘tnes
2899 3750 3043 3802 enim
3068 3753 3463 3820 propemodum

1897 3836 2015 3892 odze
2043 3837 2244 3907 quibus
2274 3847 2489 3892 constat
2543 3853 2743 3906 canon,
2799 3841 2987 3910 hymni
3039 3853 3165 3896 sunt
3195 3854 3248 3896 et
3281 3847 3466 3912 gratim

1897 3929 2110 3983 cantica
2144 3930 2209 3983 ad
2239 3930 2408 3983 Deum
2444 3932 2729 3986 cantanda.

1972 4108 2136 4163 Recte
2175 4108 2342 4179 igitur
2368 4109 2539 4179 prima
2585 4126 2612 4164 a
2647 4111 2911 4179 propheta
2937 4110 3118 4182 Moyse
3162 4095 3465 4180 eomposna

1899 4212 2006 4268 est,
2037 4201 2299 4272 quoniam
2333 4201 2544 4256 Hebraei
2576 4218 2641 4256 ex
2681 4201 2916 4272 Egypto
2954 4203 3048 4256 Dei
3079 4203 3234 4272 jussu
3259 4203 3467 4258 disces.

1898 4305 2082 4349 serant
2110 4304 2167 4349 et
2202 4292 2469 4365 Egyptiis
2498 4292 2984 4361 persequentibus,
3035 4307 3187 4348 mare
3216 4293 3464 4347 Rubrum

1897 4387 2096 4457 Moysis
2121 4387 2273 4456 virga
2295 4385 2641 4440 verberatum
2665 4384 2798 4438 sicci
2841 4383 3193 4450 transierant,
3221 4384 3462 4458 {Egyptii

1897 4486 2080 4531 autem
2122 4475 2178 4529 in
2209 4475 2400 4530 eodem
2435 4473 2706 4530 submersi
2734 4474 2974 4540 fuerant,
3002 4490 3127 4530 cum
3164 4492 3263 4546 per
3297 4493 3465 4546 aqua-

237 4570 287 4621 δὲ
339 4574 625 4640 Αἰγύπτιοι
681 4575 738 4626 ὲν
783 4577 970 4646 ἐκείνῃ
1023 4573 1522 4644 κατεποντίσθησαν
1564 4574 1652 4626 δια
1697 4573 1792 4626 τοῦ

1905 4585 2020 4623 rum
2053 4569 2378 4623 divisionem
2407 4578 2465 4622 et
2495 4568 2595 4637 ipsi
2626 4567 2861 4623 transire
2883 4579 3255 4623 conarentur:
3291 4570 3404 4624 Mus
3441 4589 3466 4624 s

238 4666 512 4732 τμήματος
540 4664 768 4718 διελθεῖν
803 4667 1049 4718 κάκεῖνοι
1100 4665 1463 4736 πειρώμενοι·
1507 4665 1660 4728 αὖθις
1699 4667 1792 4717 τοῦ

237 4753 502 4818 Μωῦσέως
536 4757 807 4825 τύψαντος
841 4762 906 4828 τῇ
945 4757 1128 4828 ῥάϐδῳ
1169 4759 1238 4811 τὰ
1277 4758 1467 4822 ὕδατα,
1497 4760 1592 4810 καὶ
1621 4759 1793 4810 ταῦτα

239 4848 562 4914 συνάψαντος
585 4866 598 4879 ο
628 4849 716 4902 διὰ
750 4855 858 4920 γὰρ
908 4852 970 4901 τὸ
1004 4849 1345 4921 ὑπερϐάλλον
1382 4850 1476 4903 τοῦ
1513 4849 1796 4918 θαύματος

238 4941 476 4991 συνέθετο
496 4941 596 5010 τὴν
621 4942 762 5012 ᾠδὴν
792 4946 855 5011 τῇ
888 4942 1134 5011 Ἐϐραΐδι
1163 4943 1452 5008 διαλέκτῳ,
1480 4942 1555 5002 ὡς
1580 4943 1636 4992 ὲν
1669 4940 1794 5003 ἐξα-

243 5029 414 5100 μέτρῳ
445 5034 608 5100 τόνῳ,
643 5033 720 5095 ὡς
767 5033 1033 5102 Ἰώσηπος
1064 5035 1121 5086 ὲν
1154 5036 1219 5102 τῇ
1259 5033 1636 5102 Ἀρχαιολογία
1686 5048 1791 5098 φη-

239 5121 334 5183 ῡὶν.
376 5122 524 5194 ᾅδειν
559 5126 652 5177 καὶ
696 5128 811 5188 τοῖς
853 5126 1086 5194 ἀνδράσι
1126 5125 1223 5178 καὶ
1249 5127 1368 5187 ταῖς
1403 5121 1677 5192 γυναιξίν
1710 5123 1796 5187 ἐξ·

237 5209 362 5282 ἦρχε
413 5215 471 5266 δὲ
511 5217 603 5269 τοῦ
640 5215 809 5287 ὕμνου
840 5219 952 5271 τῶν
986 5217 1086 5288 μὲν
1126 5215 1336 5286 ἀνδρῶν
1375 5215 1538 5278 αὐλὸς
1572 5217 1599 5266 ὀ
1631 5216 1793 5267 Μωῦ-

1891 4673 2074 4718 autem
2105 4661 2255 4730 virga
2285 4662 2482 4714 iterum
2513 4675 2680 4728 super
2718 4662 2875 4730 aquis
2901 4671 3146 4726 extensa,
3175 4661 3294 4716 illas
3316 4678 3464 4716 com-

1894 4759 2137 4812 miserat.
2174 4757 2406 4824 Propter
2427 4772 2558 4824 ergo
2591 4755 2971 4810 excellentiam
3006 4757 3280 4823 miraculi,
3310 4773 3462 4812 com-

1893 4851 2078 4922 posuit
2101 4853 2357 4920 hymnum
2391 4847 2658 4902 Hebraico
2693 4865 2980 4915 sermone,
3008 4850 3226 4904 senario
3251 4862 3424 4905 tuetro
3448 4891 3460 4909 .

1894 4943 2036 4996 sicut
2068 4941 2338 5009 Josephus
2375 4942 2428 4994 in
2458 4940 2832 5008 Archteologia
2875 4940 3046 5004 dicit,
3089 4939 3396 4994 canendum
3431 4957 3462 4992 a

1894 5035 2030 5088 viris
2051 5031 2466 5086 etmulicribus.
2491 5031 2747 5084 Virorum
2775 5031 2958 5085 cantui
2984 5031 3198 5094 praefuit
3219 5031 3458 5103 Moyses;

1893 5126 2184 5179 mulierum
2219 5134 2402 5177 autem
2432 5139 2587 5175 sorur
2626 5123 2743 5193 ejus
2767 5123 2941 5178 Maria
2983 5133 3300 5194 tympanum
3333 5123 3448 5191 pul-

1890 5231 2038 5270 sans.
2100 5215 2249 5268 Illam
2304 5229 2468 5282 porro
2502 5213 2661 5266 edam
2696 5223 2751 5266 et
2796 5213 3060 5283 hymnum
3091 5222 3146 5265 et
3186 5211 3460 5264 canticum

238 5301 352 5370 σῆς.
402 5307 513 5360 τῶν
559 5309 618 5360 δὲ
673 5309 952 5376 γυναικῶν
1007 5311 1040 5377 ἡ
1087 5307 1254 5361 αὑτοῦ
1307 5305 1513 5375 ἀδελφὴ
1558 5306 1790 5374 Μαριὰμ

1905 5319 2006 5359 :sse
2031 5302 2158 5356 inde
2186 5312 2352 5371 patet,
2379 5301 2523 5370 quod
2557 5301 2626 5354 ab
2673 5303 2756 5355 his
2781 5301 2963 5355 verbis
2985 5300 3178 5368 incipit
3207 5317 3220 5351 :
3260 5317 3278 5349 ι
3317 5298 3462 5352 Can-

238 5392 637 5469 ἁνακρουομένη
672 5402 732 5452 τὸ
758 5400 1044 5470 τύμπανον
1067 5414 1080 5428 ·
1120 5400 1204 5453 ὅτι
1232 5399 1289 5453 δὲ
1313 5398 1480 5468 ὕμνος
1509 5397 1646 5466 αὕτη
1693 5402 1787 5448 καὶ

1889 5404 2067 5447 temus
2103 5392 2353 5446 Domino.
2390 5410 2407 5442 ι

234 5485 375 5559 ᾆσμα
401 5492 570 5556 ἐστιν,
605 5495 832 5547 αὐτόθεν
859 5493 1016 5564 δῆλον
1035 5509 1050 5524 ·
1084 5494 1362 5564 ἀρχομένη
1390 5492 1520 5561 γὰρ,
1558 5509 1576 5540 ι
1605 5492 1859 5560 ᾊσωμεν
1887 5488 1965 5558 τῷ
1995 5486 2205 5556 Κυρίῳ,
2245 5504 2264 5536 ι
2300 5483 2454 5556 φησί.

297 5583 486 5637 Nostro
523 5585 566 5638 δ’
603 5587 669 5640 ἂν
701 5588 988 5655 ἡτοιαύτη
1021 5587 1272 5657 διήγησις
1313 5585 1408 5638 καὶ
1433 5585 1524 5636 ἐπὶ
1553 5585 1687 5636 πᾶσι
1720 5583 1784 5651 τῇ

234 5672 334 5726 τῶν
355 5676 654 5746 ἀνθρώπων
683 5677 844 5746 φύσει
875 5677 996 5730 καθ’
1021 5676 1354 5747 ὑψηλότερον
1381 5675 1507 5728 νοῦν
1526 5691 1541 5706 ⁶
1573 5674 1647 5735 ὼς
1676 5674 1786 5742 γὰρ

235 5764 320 5818 «ὢν
361 5767 608 5836 Ἀϐραὰμ
658 5770 688 5821 ὁ
735 5770 869 5832 Θεὸς
908 5770 971 5821 ὲκ
1015 5770 1106 5822 τοῦ
1147 5770 1336 5836 γένους
1366 5766 1643 5833 ἐξελέξατο
1682 5763 1791 5816 τῶν

525 5863 794 5924 Parnm.
861 5863 965 5922 tiu.
1011 5861 1314 5924 CXXXV.

1966 5579 2073 5634 Sed
2110 5580 2224 5633 ιιωο
2263 5578 2645 5647 interpretatio
2691 5577 2760 5632 de
2815 5577 2980 5632 rebus
3033 5574 3292 5630 onmibus
3334 5589 3458 5644 quae

1895 5672 1961 5726 ad
1997 5670 2277 5724 hominum
2310 5679 2559 5722 naturam
2584 5675 2833 5735 spectant
2861 5681 3024 5721 sensu
3063 5664 3248 5720 altiori
3283 5665 3458 5736 accipi

1900 5772 2098 5833 potest.
2152 5758 2619 5826 Quemadmodum
2674 5760 2820 5812 enitn
2872 5757 3234 5811 Ahrahamum
3317 5759 3457 5812 Deus

3074 5850 3146 5909 14
