3942 6250
457 286 568 352 443

1677 285 1926 344 ISAACI
1970 283 2258 344 ANGELI
2308 286 2464 344 1MP.

3597 278 3700 344 444

461 400 603 454 dari:
656 401 863 471 nuptiaa
914 401 1350 458 celebrarentur.
1402 415 1466 455 ac
1515 399 1717 453 ibidem
1757 399 2019 452 invitatun

2163 397 2520 467 Ἐκκλησιῶν.
2565 395 2740 459 Αὐτὸς
2803 395 2932 467 γὰρ,
2987 395 3154 466 φησιν
3181 395 3210 448 ὀ
3251 395 3503 460 Ἰκονίου,
3544 397 3726 465 γάμου

461 488 790 560 Cyzicenum
834 508 1053 563 quoque
1082 493 1396 561 l'Cpt‘l‘iaSCl,
1428 493 1479 547 ei
1506 490 1772 560 postridie
1798 491 2036 543 futuram

459 580 833 650 Claudiopolis
861 593 918 637 et
966 583 1238 637 Maronea:
1269 581 1596 637 electionem
1644 582 1946 636 intimasse.
1979 581 2037 635 in

462 673 676 728 cn-teris
734 685 914 729 autem
964 677 1334 732 clectionibus
1397 677 1624 731 aliarum
1679 675 2037 730 ecclesiarum

463 766 629 815 etiam
663 781 761 833 per
819 765 1145 834 scripturam
1203 766 1548 822 aﬂlrmabant
1592 782 1716 822 eum
1755 775 2034 820 vocatum.

461 853 541 902 Ad
579 854 737 922 cujus
787 869 977 909 corum
1034 859 1457 911 asseverationis
1499 857 1898 927 probationem,
1954 858 2036 911 in.

461 944 756 999 sinuabant
791 946 1212 1000 instrumentum
1244 948 1626 1018 patriarcbalis
1659 949 1881 1013 notarii,
1911 949 2037 1004 Ste-

460 1035 628 1102 phani
653 1037 906 1102 Narsitac,
937 1040 1138 1094 factum
1169 1040 1258 1095 die
1282 1041 1354 1096 25
1376 1042 1628 1111 Augusti,
1661 1041 1842 1109 elapsa
1871 1043 2036 1111 paulo

458 1136 585 1183 ante
620 1130 654 1183 4
712 1129 1035 1194 indictione,
1072 1133 1216 1202 quod
1269 1134 1572 1202 perlectum
1617 1134 1934 1204 huiusmodi
1965 1135 2033 1188 ad

456 1218 687 1273 verbum
710 1231 828 1276 erat
865 1241 878 1276 :
917 1243 934 1276 ι
971 1224 1171 1279 Mensis
1197 1225 1429 1296 Augusti
1463 1225 1551 1281 die
1577 1224 1670 1291 25,
1701 1225 1837 1281 feria
1874 1227 1927 1289 7,
1953 1227 2035 1280 in-

457 1308 702 1366 dictione
762 1314 817 1381 4,
875 1316 930 1368 in
979 1319 1266 1386 praesentia
1323 1318 1608 1373 reverendi
1667 1318 2029 1390 episcOpiani,

457 1397 669 1454 domini
696 1401 1040 1460 Censtantini
1069 1407 1441 1474 Chiromachi,
1479 1409 1752 1465 Theodori
1789 1412 2034 1467 Phialitaa

455 1497 510 1543 ct
546 1489 827 1549 Michaelis
853 1494 1156 1562 Chamula-,
1191 1515 1290 1553 nos
1332 1503 1580 1570 deputati
1619 1519 1647 1556 a
1681 1505 2031 1560 sanctissimo

455 1577 679 1634 domino
703 1593 892 1639 nostro
921 1595 976 1641 et
1008 1588 1306 1644 universali
1355 1592 1686 1659 patriarcha,
1719 1601 1774 1647 et
1799 1595 2034 1650 interve-

453 1672 640 1727 niente
681 1677 874 1732 notitia
911 1683 1141 1733 maxime
1190 1682 1521 1738 venerabilis
1564 1685 1882 1741 cbartularii
1911 1703 2030 1743 san-

452 1762 712 1818 ctissima:
765 1765 856 1820 Dei
904 1767 1124 1838 Majoris
1173 1773 1438 1836 eccicsitc,
1489 1775 1698 1829 (lumini
1753 1777 2025 1833 Eustathii
2061 1749 2098 1803 Β

449 1851 781 1922 Chandreni,
825 1859 893 1913 ad
932 1865 1321 1919 arcessendum
1359 1869 1768 1924 sanctissimum
1825 1884 2029 1926 metro-

448 1944 750 2014 politanum
801 1949 1005 2022 Cyzici,
1047 1954 1328 2011 dominum
1373 1957 1664 2024 Joannem,
1714 1973 1773 2017 ut
1825 1965 1878 2018 in
1911 1979 2030 2018 cra-

446 2036 654 2092 stinum
701 2042 919 2098 veniret
961 2047 1026 2100 ad
1077 2063 1289 2102 sacram
1330 2061 1573 2107 sanctam
1620 2056 1926 2125 synodum,
1970 2066 2027 2112 et

445 2141 691 2196 preesens
750 2133 972 2190 adesset
1030 2137 1236 2194 futuris
1296 2141 1666 2200 clectionibus
1727 2147 2022 2205 viduarum

443 2220 912 2278 sanctissimarum
947 2228 1339 2295 ecclesiarum,
1375 2233 1460 2288 vel
1496 2238 1824 2292 sententiam
1859 2255 2028 2310 expc.

445 2321 638 2375 neret;
671 2323 727 2367 et
775 2323 832 2370 ut
862 2316 914 2370 ei
963 2318 1435 2391 significaremus,
1489 2325 1770 2392 futurum,
1815 2340 1874 2386 ut
1917 2333 2023 2387 nisi

446 2415 860 2471 comparerent,
905 2408 1172 2478 ejusmodi
1212 2413 1514 2472 electiones
1556 2407 1724 2473 etiam
1769 2421 1887 2490 ipso
1929 2424 2026 2476 ab-

447 2500 605 2546 sente
654 2497 1056 2564 procederent,
1101 2514 1395 2572 propterea
1437 2509 1584 2576 quod
1625 2509 1694 2564 de
1741 2511 1830 2567 his
1876 2516 2024 2569 varie

450 2585 694 2639 monitus
716 2598 864 2643 esset
897 2589 1062 2644 etiam
1098 2609 1127 2647 a
1157 2597 1468 2653 reverendo
1499 2599 1888 2670 Episcopiano,
1927 2605 2027 2659 do-

448 2673 599 2729 mino
628 2675 994 2737 Constantino
1018 2684 1412 2754 Chiromacho,
1448 2705 1550 2746 nec
1579 2693 1700 2763 ejus
1733 2694 2024 2750 denuntia-

446 2765 694 2824 tionibus
723 2786 918 2840 parerc
951 2777 1251 2845 voluisset;
1288 2783 1538 2839 venimus
1558 2785 1829 2842 hodierno
1845 2789 1932 2844 die
1953 2791 2020 2842 ad

445 2860 671 2916 cellulas
701 2862 832 2918 dicti
871 2869 1205 2925 sanctissimi
1248 2877 1682 2944 metropolitani,
1721 2879 1854 2933 sitas
1896 2897 2021 2949 pro-

443 2963 568 3018 pter
597 2955 968 3012 venerabilem
1015 2963 1358 3019 mansioncm
1391 2965 1715 3023 Studianam
1740 3013 1753 3032 ,
1784 2986 2020 3043 cumque

2143 489 2429 555 γεγονότος
2465 487 2557 540 ἐπὶ
2581 487 2848 558 ἑξαδέλφῃ
2880 487 2975 540 τοῦ
3028 486 3510 558 ραιφερενδαρίου,
3548 489 3722 558 εὑρὼν

2142 581 2319 632 ἐκεῖσε
2347 579 2758 650 μετακληθέντα
2783 581 2878 634 καὶ
2915 580 3006 632 τὸν
3031 580 3298 643 Κυζίκου,
3319 580 3523 632 δέδωκε
3549 580 3722 649 τούτῳ

2140 669 2347 740 εἴδησιν
2375 672 2476 740 τῆς
2505 672 2879 742 γενησομένης
2909 671 3095 741 ψήφου
3148 674 3213 742 τῇ
3263 671 3495 742 ἐπιούσῃ
3531 671 3628 723 ἐπί
3665 689 3721 723 τε

2139 768 2210 835 τῇ
2246 765 2674 818 Κλαυδιουπόλει
2722 766 2818 820 καὶ
2866 769 2934 836 τῇ
2991 766 3327 838 Μαρωνείᾳ·
3361 768 3456 819 ἐπὶ
3483 766 3542 819 δὲ
3602 767 3720 826 ταῖς

2140 857 2350 920 λοιπαῖς
2388 852 2733 926 ψήφοις’τιῖ›ν
2777 859 2979 928 ἐτέρων
3023 857 3362 926 Ἐκκλησιῶν
3393 860 3490 911 καὶ
3519 857 3720 926 ἐγγρά-

2139 965 2255 1016 φως
2301 947 2558 1016 γενέσθαι
2617 949 2941 1002 διετείνοντο
2972 949 3072 1019 τὴν
3118 950 3312 1002 τούτου
3357 950 3715 1018 μετάκλησιν.

2140 1044 2248 1095 Καὶ
2299 1043 2380 1104 είς
2437 1044 2784 1112 παράστασιν
2829 1042 2930 1110 τῆς
2981 1041 3360 1112 βεϐαιολογίας
3409 1042 3598 1095 αὐτῶν
3627 1043 3719 1095 καί

2140 1133 2434 1204 σημείωμα
2483 1134 2800 1201 ἐνεφάνιζον
2841 1133 2936 1186 τοῦ
2976 1133 3386 1205 πατριαρχικοῦ
3441 1133 3714 1204 νοταρίου.

2138 1223 2410 1292 Στεφάνου
2445 1222 2540 1277 τοῦ
2565 1219 2866 1292 Ναρσίτου,
2889 1225 3110 1290 γεγονὸς
3154 1224 3300 1276 κατὰ
3337 1225 3440 1292 τὴν
3489 1221 3576 1291 κγ
3623 1223 3717 1277 τοῦ

2135 1316 2446 1385 Αὐγούστου
2473 1316 2576 1386 τῆς
2609 1317 2716 1386 πρὸ
2767 1316 2968 1386 μικροῦ
3001 1315 3319 1386 διελθούσης
3356 1313 3400 1368 δ’
3447 1317 3717 1388 ἐπινεμή-

2137 1427 2294 1474 σεως,
2335 1409 2363 1462 ὃ
2396 1411 2490 1463 καὶ
2520 1408 2869 1478 ἀηγνωσθέν
2931 1409 3026 1462 ἐπὶ
3071 1408 3275 1476 λέξεων
3305 1406 3455 1479 εἶχεν
3499 1409 3714 1474 οὕτως’

2143 1519 2162 1551 ι
2199 1500 2345 1571 Μηνὶ
2376 1500 2672 1568 Αὐγούστῳ
2695 1505 2780 1567 κγ’
2811 1498 2999 1570 ἡμέρᾳ
3032 1498 3076 1564 ζ’
3109 1499 3490 1570 ἐπινεμήσεως
3521 1500 3588 1564 δ’,
3621 1501 3712 1552 ἐπὶ

2134 1592 2408 1664 παρουσίᾳ
2437 1591 2532 1646 τοῦ
2562 1589 2824 1654 εὐλαϐοῦς
2851 1591 3280 1646 ἐπισκοπειανοῦ
3325 1590 3499 1662 κυροῦ
3555 1593 3710 1646 Κων-

2134 1683 2415 1737 σεαντίνου
2461 1683 2557 1738 τοῦ
2599 1681 2972 1752 Χειρομάχου,
2995 1681 3277 1753 Θεοδώρου
3323 1683 3420 1736 τοῦ
3455 1682 3714 1737 Φιαλίτου

2131 1775 2224 1827 καὶ
2249 1775 2468 1846 Μιχαὴλ
2497 1774 2590 1828 τοῦ
2615 1775 2904 1846 Χαμούλη,
2923 1775 3249 1846 ὼρισθέντες
3270 1774 3424 1846 παρὰ
3450 1775 3547 1828 τοῦ
3574 1792 3712 1828 παν-

2130 1867 2435 1934 αγιωτάτου
2479 1867 2644 1937 ήμῶν
2695 1867 2959 1921 δεσπότου
3035 1867 3132 1920 καὶ
3174 1866 3556 1936 οίκουμενικοῦ
3611 1884 3711 1919 πα-

2129 1959 2419 2030 τριάρχου,
2439 1957 2648 2028 είδήσει
2670 1957 2768 2011 καὶ
2799 1956 2893 2011 τοῦ
2923 1957 3261 2026 τιμιωτάτου
3291 1956 3712 2026 χαριοφύλακος

2127 2049 2226 2117 τῆς
2252 2048 2566 2117 ἁγιωτάτης
2598 2047 2692 2100 τοῦ
2720 2046 2858 2100 Θεοῦ
2903 2048 3164 2117 Μεγάλης
3188 2046 3490 2117 ἐκκλησίας
3537 2048 3708 2112 κυροῦ

2129 2139 2429 2192 Εὑσταθίου
2459 2139 2554 2192 τοῦ
2587 2138 2925 2209 Χανδρηνοῦ,
2950 2138 3427 2208 μετακαλέσασθαι
3451 2139 3549 2191 τὸν
3571 2156 3708 2191 παν-

2131 2231 2424 2302 ιερώτατον
2477 2230 2884 2302 μητροπολίτην
2948 2230 3194 2296 Κυζίκου
3243 2230 3411 2303 κῦρον
3456 2231 3708 2300 Ἰωάννην

2126 2323 2370 2378 ἀνελθεῖν
2400 2325 2546 2378 κατά
2575 2323 2676 2395 τήν
2724 2322 2914 2394 αῦριον
2943 2325 3026 2386 είς
3054 2324 3153 2394 τὴν
3210 2323 3364 2377 θείαν
3412 2323 3511 2376 καὶ
3559 2325 3716 2394 ίεράν

2129 2414 2368 2480 σύνοδον,
2407 2415 2503 2467 καὶ
2538 2416 2912 2485 παρουσιάσαι
2957 2416 3050 2468 ἐπὶ
3082 2417 3202 2477 ταῖς
3241 2414 3572 2485 μελλούσαις
3614 2431 3705 2482 γει

2125 2508 2314 2561 νέσθαι
2339 2509 2541 2578 ψήφοις
2569 2508 2680 2561 τῶν
2706 2509 3064 2580 χηρευουσῶν
3107 2509 3430 2576 ἁγιωτάτων
3477 2509 3710 2577 Ἐκκληο

2128 2602 2280 2665 σιίῖιν,
2308 2601 2341 2670 ἢ
2369 2601 2596 2670 γνώμην
2620 2601 2897 2666 ἐκθέσθαι,
2933 2603 3029 2655 καὶ
3063 2601 3375 2666 ἀναδιδάξαι
3413 2601 3606 2654 τοῦτον
3630 2602 3702 2664 ὡς

2126 2693 2174 2743 εἰ
2210 2692 2283 2762 μὴ
2317 2690 2460 2744 οὕτω
2491 2693 2728 2761 ποιήσει,
2779 2692 3071 2761 μέλλουσιν
3103 2693 3162 2745 αἱ
3217 2692 3474 2746 τοιαῦται
3529 2691 3697 2762 ψῆφοι

2126 2783 2400 2850 προϐῆναι
2430 2785 2525 2835 καὶ
2565 2784 2808 2854 ἀπουσίᾳ
2847 2783 3037 2844 αὑτοῦ,
3068 2783 3158 2836 διὰ
3204 2783 3267 2837 τὸ
3319 2785 3449 2854 περὶ
3497 2783 3708 2836 τούτων

2128 2874 2439 2942 μηνυθῆναι
2474 2873 2638 2928 αὑτὸν
2665 2875 2941 2944 διαφόρως
2971 2877 3067 2928 καὶ
3120 2876 3274 2945 παρά
3298 2874 3394 2927 τοῦ
3438 2871 3700 2936 εὐλαϐοῦς

2123 2965 2572 3031 ἐπισκοπειανοῦ,
2627 2966 2799 3036 κυροῦ
2838 2967 3256 3020 Κωνσταντίνου
3297 2967 3393 3020 τοῦ
3427 2967 3702 3036 Χειρομά-

443 3045 841 3108 reperissemus
871 3064 997 3103 eum
1042 3053 1246 3109 ibidem
1291 3056 1345 3112 in
1388 3059 1588 3113 lectulo
1625 3061 1920 3130 jacentem,
1960 3075 2019 3121 ut

2124 3077 2242 3128 χον,
2267 3058 2361 3111 καὶ
2394 3059 2467 3129 μὴ
2499 3059 2724 3130 θελῆσαι
2753 3057 2824 3115 τὰ
2855 3058 3049 3112 τούτου
3084 3059 3378 3128 μηνύματα
3409 3058 3699 3130 ἐκπληρώ-

439 3133 536 3200 qui
567 3148 676 3188 non
712 3147 859 3194 recte
886 3141 1116 3206 valeret,
1154 3143 1395 3202 diximus
1425 3148 1497 3214 ei,
1555 3153 2015 3220 quemadmodum

439 3237 469 3274 a
505 3225 860 3291 patriarchali
898 3239 952 3284 et
981 3248 1137 3287 sacra
1169 3236 1438 3308 dignitate
1469 3241 1716 3310 deputati
1749 3259 2016 3307 essemus,

437 3321 505 3366 att
541 3331 605 3369 ea
648 3332 770 3386 quae
795 3335 960 3391 supra
994 3324 1232 3381 indicata
1259 3341 1404 3395 sunt,
1433 3333 1608 3402 ipsum
1636 3337 2014 3394 exhortantes.

437 3402 651 3474 Quippe
677 3409 722 3462 si
749 3411 1000 3468 fortassis
1034 3415 1148 3485 ipse
1177 3420 1257 3472 ve'l
1287 3437 1526 3488 praesens
1556 3443 1677 3482 esse
1703 3428 1794 3483 die
1823 3431 2019 3484 crasti-

435 3510 510 3547 no
542 3497 744 3553 futuris
771 3503 787 3564 (
810 3513 868 3556 ut
893 3503 1101 3560 dictum
1134 3512 1237 3567 est)
1271 3512 1638 3571 clectionibus
1665 3520 2013 3575 viduatarum

437 3588 917 3645 sanctissimarum
949 3597 1335 3666 ecclesiarum,
1371 3604 1454 3659 vel
1485 3611 1817 3664 sententiam
1849 3613 1916 3666 de
1949 3613 2017 3666 iis

436 3689 590 3728 suam
620 3695 898 3748 exponere
927 3687 1094 3741 nollet
1121 3705 1147 3744 :.
1168 3707 1262 3746 eas
1294 3697 1461 3748 etiam
1487 3697 1605 3765 ipso
1635 3699 1862 3756 absente
1887 3718 2015 3771 pro-

435 3782 710 3825 cessuras.
765 3775 858 3830 Ille
909 3793 1039 3833 vero
1089 3783 1248 3836 nobis
1303 3791 1620 3856 respondit,
1665 3794 1828 3847 etiam
1879 3796 2015 3851 alius

434 3858 605 3916 factas
636 3879 760 3918 esse
803 3883 904 3934 pro
949 3873 1202 3930 ecclesiis
1244 3877 1545 3936 electiones
1573 3900 1600 3937 a
1638 3886 2014 3942 conl‘ratribus

434 3951 579 4006 suis.
624 3954 828 4023 absque
862 3964 1154 4027 praesentia
1197 3970 1584 4040 sententiaque
1617 3989 1733 4027 sua.
1767 3976 2014 4045 Quapro-

431 4052 557 4109 pter
598 4045 742 4099 idem
784 4049 853 4102 ab
890 4052 972 4106 cis
1001 4054 1165 4108 etiam
1203 4057 1256 4110 in
1299 4059 1538 4115 viduatis
1575 4064 1735 4119 modo
1765 4066 2012 4122 ccclesiis

431 4136 765 4192 iaciendum.
819 4141 936 4196 Non
983 4147 1128 4200 annm
1175 4152 1361 4206 venire
1399 4168 1458 4207 se
1493 4169 1652 4222 posse
1688 4157 1755 4210 ad
1797 4173 2007 4215 sacram

430 4240 671 4284 sanctam
701 4237 989 4303 synodum,
1017 4250 1071 4291 et
1097 4241 1462 4300 clectionibus
1486 4247 1678 4303 adesse
1701 4290 1715 4314 ,
1753 4262 2009 4320 propter-

429 4337 490 4374 ea
550 4325 696 4391 quod
731 4327 934 4383 acriter
970 4345 1281 4398 aegrotaret.
1331 4337 1463 4394 Inde
1509 4341 1740 4396 multum
1785 4359 1812 4396 a
1851 4347 2008 4400 nobis

2124 3168 2251 3206 σαιο
2281 3151 2594 3221 ἀφικόμεθα
2625 3153 2726 3221 τήν
2785 3157 3030 3222 σήμερον
3080 3156 3138 3206 ἐν
3184 3155 3294 3214 τοῖς
3341 3151 3575 3216 κελλίοις
3604 3151 3695 3205 τοῦ

2123 3243 2382 3314 ῥηθέντος
2432 3242 2842 3314 πανιερωτάτου
2902 3242 3458 3313 μητροπολίτου,τοῖς
3493 3244 3700 3298 διακειρ

2123 3335 2305 3406 μένοις
2335 3334 2563 3401 πλησίον
2596 3335 2692 3388 καὶ
2723 3337 2994 3401 σύνεγγυς
3019 3333 3120 3402 τῆς
3168 3333 3472 3402 σεϐασμίας
3527 3334 3692 3403 μονῆς

2117 3429 2227 3480 τῶν
2258 3426 2538 3486 Στουδίου.
2571 3426 2666 3479 καὶ
2695 3425 3014 3496 ἐντυχόντες
3044 3424 3221 3495 τούτῳ
3251 3425 3432 3477 ἐκεῖσε
3461 3425 3558 3477 ἐπὶ
3581 3423 3696 3476 κλί-

2116 3535 2214 3587 νης
2255 3519 2522 3587 κειμένῳ,
2572 3517 2649 3581 ὡς
2691 3516 2995 3588 ἀρρώστως
3035 3517 3235 3586 ἔχοντι,
3280 3517 3512 3586 εἴπομεν
3556 3517 3692 3587 προς

2114 3611 2276 3665 αὸτδν
2305 3611 2489 3674 καθὼς
2513 3610 2664 3681 παρὰ
2693 3611 2796 3679 τῆς
2835 3609 3247 3679 πατριαρχικῆς
3277 3609 3373 3661 καὶ
3405 3609 3560 3672 θείας
3597 3627 3690 3678 με·

2113 3702 2461 3771 γαλειότητος
2527 3701 3208 3773 ὡρίσθημεν,ὅσαόλόγος
3255 3701 3520 3768 ἀνωτέρω
3575 3701 3692 3770 ἐδήο

2113 3794 2276 3858 λωσε,
2327 3794 2853 3864 παρεγγυησάμενοι
2900 3792 3096 3863 τούτῳ.
3137 3793 3249 3859 Ὦς,
3275 3792 3435 3862 ειπερ
3470 3791 3600 3854 ἴσως
3630 3791 3689 3844 οὐ

2113 3886 2328 3955 θελήσει
2385 3880 2542 3948 οὗτος
2571 3887 2603 3955 ἢ
2631 3886 3000 3956 παρουσιάσαι
3044 3885 3187 3939 κατὰ
3234 3885 3335 3955 τὴν
3365 3883 3561 3954 αὔριον
3608 3886 3685 3946 εἰς

2111 3979 2208 4037 τὰς
2242 3978 2616 4047 γενησομένας
2651 3976 2748 4045 (ὡς
2774 3978 3014 4048 εἴρηται)
3043 3977 3259 4046 ψήφους
3288 3975 3399 4029 τῶν
3423 3991 3684 4046 χηρευου-

2113 4072 2221 4123 σῶν
2249 4072 2572 4137 ἁγιωτάτων
2616 4069 2980 4138 Ἐκκλησιῶν,
3011 4069 3044 4138 ἦ
3073 4068 3302 4138 γνώμην
3332 4069 3431 4120 ἐπὶ
3458 4068 3680 4129 ταύταις

2108 4163 2373 4226 ἐκθεῖναι,
2405 4162 2776 4233 προσήσονται
2806 4154 2969 4215 αὗται
3002 4162 3097 4214 καὶ
3129 4161 3372 4231 ἀπουσίᾳ
3397 4159 3587 4214 αὑτοῦ.
3626 4162 3681 4212 '0

2107 4251 2164 4305 δὲ
2196 4253 2334 4321 πρὸς
2365 4253 2513 4323 ἡμᾶς
2536 4250 2812 4322 ἀπεκρίθη
2835 4251 3008 4304 ταῦτα
3027 4265 3044 4282 ⁶
3070 4252 3145 4315 ὡς
3164 4253 3261 4305 καὶ
3284 4251 3479 4304 ἄλλοτε
3528 4251 3675 4321 προέ-

2109 4343 2284 4411 ϐησαν
2315 4343 2486 4412 ψῆφοι
2529 4343 2867 4414 Ἐκκλησιῶν
2905 4345 3054 4412 παρὰ
3082 4334 3409 4397 τῶν’τούτου
3439 4341 3678 4396 συναδέλ-

426 4426 668 4484 rogatus.
715 4431 773 4472 nt
811 4423 894 4474 vel
936 4429 1267 4480 sententiam
1303 4445 1456 4484 suam
1497 4445 1819 4502 exponeret,
1851 4453 1919 4493 ne
1951 4439 2003 4491 id

2124 4451 2227 4501 ρων
2265 4433 2392 4487 ἄνευ
2422 4435 2729 4503 παρουσίας
2757 4433 2925 4488 αὐτοῦ
2956 4435 3052 4488 καὶ
3085 4436 3334 4504 γνώμης.
3356 4435 3531 4488 Τοῦτο
3557 4436 3680 4504 γοῦν

427 4507 647 4572 quidem
694 4509 871 4565 facere
905 4515 1094 4570 voluit.
1128 4520 1208 4572 Ad
1258 4521 1452 4576 borum
1503 4526 1669 4592 igitur
1713 4527 2004 4584 indicatio—

426 4611 576 4690 ncm,
606 4615 843 4665 praesens
881 4606 1307 4664 instrumentum
1350 4615 1728 4683 confecimus;
1765 4621 1911 4690 quod
1948 4623 2003 4678 in

426 4687 640 4741 litteras
682 4693 935 4761 rcinluut,
965 4711 1018 4755 et
1053 4717 1151 4770 pro
1187 4719 1338 4760 more
1366 4687 1808 4778 corroboratuni,
1845 4714 2004 4769 dedi-

425 4791 548 4831 mus
592 4797 776 4836 mense
823 4797 877 4839 ct
921 4789 1224 4847 indictione
1265 4811 1430 4865 supra
1476 4801 1717 4868 scriptis.
1771 4803 2004 4860 Humilis

424 4868 690 4925 diaconus
721 4877 1085 4935 sanctissima:
1121 4885 1211 4938 Dei
1243 4887 1463 4957 Majoris
1498 4891 1782 4954 Ecclesiae.
1818 4904 1872 4948 ct
1906 4910 2004 4964 pa-

423 4959 737 5061 triarchalis
805 4972 1090 5039 notarius,
1159 4976 1477 5046 Stephanus
1524 4980 1805 5047 Narsites,
1866 4959 2003 5038 sub-

422 5055 662 5120 scripsit.
715 5078 733 5108 ι

2112 4527 2354 4595 γενέσθω
2384 4529 2516 4598 παρ’
2556 4527 2738 4581 αὐτῶν
2780 4528 2872 4580 καὶ
2904 4527 3000 4580 ἐπὶ
3030 4530 3154 4589 ταῖς
3187 4527 3284 4580 νῦν
3324 4530 3675 4598 χηρευούσαις

2124 4615 2505 4688 Ἐκκλησίαις⁶
2539 4617 2598 4671 οὐ
2629 4619 2738 4688 γὰρ
2770 4617 2994 4672 δύναται
3025 4619 3270 4672 ἀνελθεῖν
3299 4621 3380 4681 είς
3412 4622 3513 4688 τὴν
3537 4619 3675 4671 θείαν

2110 4712 2208 4762 καὶ
2235 4711 2386 4780 ἱερὰν
2416 4709 2654 4774 σύνοδον,
2680 4712 2774 4764 καὶ
2793 4711 3160 4782 παρουσιάσαι
3187 4711 3280 4762 ἐπὶ
3307 4712 3432 4771 ταῖς
3460 4710 3678 4780 ψήφοις,

2111 4800 2200 4854 διὰ
2231 4803 2290 4854 τὸ
2325 4803 2515 4866 δεινῶς
2570 4803 2980 4873 νοσηλεύεσθαι.
3007 4803 3184 4857 Πολλὰ
3226 4802 3358 4870 γοῦν
3396 4801 3671 4871 παρακλη-

2111 4892 2226 4956 θεὶς
2253 4895 2386 4964 παρ’
2417 4894 2576 4963 ήμῶν
2627 4893 2733 4948 κᾶν
2761 4895 2988 4964 γνώμην
3032 4891 3310 4954 ἐκθέσθαι,
3361 4890 3485 4943 οὐδὲ
3528 4889 3679 4942 τοῦτο

2111 4986 2335 5054 ποιῆσαι
2361 4985 2645 5054 ἠθέλησεν.
2668 4987 2758 5048 Εἰς
2789 4986 3020 5056 δήλωσιν
3041 4985 3136 5038 οῦν
3184 4983 3391 5036 τούτων
3418 4983 3518 5053 τὴν
3548 4998 3675 5049 παρ-

2108 5075 2276 5127 οῦσαν
2333 5075 2637 5144 σημείωσιν
2691 5076 3110 5145 ἐξεθέμεθα,”ήν
3129 5073 3572 5144 παρεκϐαλόντες
3592 5071 3676 5122 καὶ

423 5147 670 5217 συνήθως
699 5160 1538 5233 πιστωσάμενοιἐπιδεδώκαμεν
1581 5169 1710 5234 μηνὶ
1755 5171 1848 5219 καὶ
1879 5170 2204 5238 ἐπινεμήσει
2266 5172 2380 5232 τοῖς
2446 5173 2989 5241 προγεγραμμένοις.
3062 5171 3121 5224 '0
3158 5169 3385 5239 εὐτελὴς
3433 5168 3674 5223 διάκονος

421 5239 518 5309 τῆς
556 5243 866 5316 ἁγιωτάτης
927 5251 1020 5304 τοῦ
1072 5253 1206 5306 Θεοῦ
1270 5257 1529 5324 Μεγάλης
1597 5258 1896 5325 ἐκκλησίας
1965 5261 2058 5312 καὶ
2113 5259 2513 5331 πατριαρχικδς
2569 5261 2815 5329 νοτὸιριος
2894 5262 3165 5330 Στέφανος
3214 5265 3242 5314 ό
3298 5261 3603 5330 Ναρσίτης.
3652 5271 3671 5302 ⁸

492 5331 550 5382 2.
591 5331 780 5401 itaque
835 5339 1019 5392 verbis
1077 5341 1240 5407 hujus
1298 5343 1647 5398 instrumenti
1709 5346 2003 5402 abutentes

425 5419 730 5475 adversarii
786 5426 1076 5497 Cyzizeni,
1137 5433 1203 5484 ad
1252 5447 1442 5488 omnes
1485 5435 1786 5490 electiones
1831 5438 1998 5491 etiam

424 5508 752 5580 Cyzizcnum
795 5522 1116 5597 arcessitum
1151 5521 1318 5577 fuisse
1354 5525 1630 5579 dicebant.
1673 5526 1748 5582 Ac
1789 5544 1846 5583 se
1877 5532 1998 5597 qui-

427 5601 585 5665 dem,
631 5595 912 5673 quod'sui
954 5610 1142 5666 fuisset
1199 5615 1478 5680 muneris,
1525 5615 1754 5684 fecisse;
1804 5635 1994 5674 verum

2174 5346 2240 5415 β’.
2273 5348 2399 5410 Τοῖς
2433 5344 2527 5400 οῦν
2579 5348 2791 5418 ῥήμασι
2841 5350 2937 5404 τοῦ
2999 5350 3244 5404 τοιούτου
3293 5352 3672 5422 σημειώματος

2101 5439 2488 5508 ἀποχρώμενοι
2524 5442 2574 5492 οἱ
2613 5440 2706 5492 τοῦ
2754 5435 2994 5505 Κυζίκου
3051 5443 3345 5505 ἀντίθετοι,
3391 5443 3578 5512 ἔλεγον
3621 5447 3671 5496 ἐν

2098 5530 2304 5590 πάσαις
2353 5530 2474 5590 ταῖς
2522 5528 2728 5597 ψήφοις
2768 5531 3111 5599 μετάκλητον
3157 5529 3418 5597 γενέσθαι
3466 5532 3560 5582 καὶ
3587 5530 3672 5581 τὸν

2097 5621 2337 5684 Κυζίκου
2366 5637 2379 5650 °
2402 5621 2497 5673 καὶ
2514 5621 2668 5673 αὐτοὶ
2693 5622 2793 5688 μὲν
2816 5623 2874 5674 τλι
2898 5623 3096 5674 οἰκεῖον
3121 5620 3468 5692 ποιήσασθαι,
3489 5619 3674 5673 τοῦτον

425 5693 607 5764 ipsum
646 5698 883 5755 noluisse
916 5717 1229 5762 comparere
1263 5723 1273 5762 ;
1307 5691 1574 5762 addentes
1610 5709 1993 5769 cniscouianos

2126 5715 2148 5764 ὲ
2180 5715 2250 5773 μὴ
2286 5713 2510 5774 θελῆσαι
2545 5715 2909 5774 παρουσιπὶσαι
2935 5732 2947 5745 ·
2984 5715 3405 5778 προστιθέμενοι
3453 5716 3533 5767 ὅτι
3573 5715 3664 5766 καὶ
