3912 6244
236 329 329 391 553

1342 328 1586 385 NOVEL
1599 330 1706 386 LE
1748 330 2434 395 CONSTI'I'UTlONES.

3358 342 3467 407 458

234 439 434 500 (tunicis
466 437 817 498 servierant,
868 452 1059 489 verum
1089 437 1256 491 etiam
1293 438 1416 491 aliis
1451 437 1792 505 temporibus
1826 448 1864 498 Α
1896 436 2121 506 quidem
2163 438 2365 492 factum
2395 450 2450 496 et
2483 457 2512 496 a
2537 452 2803 512 perpetue
2834 445 3103 501 memorie
3129 457 3224 501 aut
3253 447 3332 519 (8)
3366 450 3475 507 im-

232 542 280 585 et
306 530 447 590 locis,
480 526 549 580 de
584 527 790 596 quibus
830 542 926 593 per
959 535 1141 593 partes
1169 526 1481 595 exprimere
1516 530 1793 596 prolixum

235 624 368 687 est),
417 638 444 671 ει
504 625 697 672 nostrc
754 618 1112 672 sublimitatis
1169 619 1617 688 progenitoribus
1684 637 1793 675 non

236 711 433 767 minima
466 714 678 778 premia
707 706 890 776 adepti
910 717 1060 771 sunt,
1087 724 1257 761 unum
1286 708 1562 778 quoddam
1592 727 1794 781 corpus

234 802 467 859 unanimo
502 817 631 854 cum
663 801 924 855 Romanun
967 801 1149 853 ellecti
1187 815 1295 854 uno
1339 803 1540 870 capite,
1576 803 1680 856 hoc
1713 806 1786 857 vi-

232 895 409 948 delicet
439 891 694 961 imperio,
730 891 1182 960 dispensandum.
1217 893 1322 946 Alii
1359 893 1434 959 (5)
1470 896 1549 948 sic
1579 897 1717 948 uniti
1742 904 1794 949 et

230 984 474 1041 Romanie
547 984 784 1037 maxime
847 983 1051 1047 devoti,
1118 984 1319 1037 occulti
1384 985 1455 1038 ob
1503 986 1790 1054 cujusdam

233 1093 395 1132 rerum
432 1093 724 1132 excessum
758 1076 1025 1131 lioniauie
1070 1076 1235 1129 alieni
1271 1076 1457 1131 elfecti
1507 1088 1654 1133 sunt.
1688 1080 1791 1134 Ve-

231 1185 518 1225 rumtamen
590 1169 849 1239 quoniam
904 1171 988 1238 pia
1049 1177 1236 1222 nostra
1286 1170 1680 1238 tranquillitate
1735 1172 1788 1223 in

229 1262 626 1332 progenitorum
672 1276 899 1316 suorum
950 1271 1166 1328 sceptra
1219 1261 1451 1316 Romani
1510 1262 1727 1332 imperii
1758 1279 1788 1317 a

226 1357 327 1411 Deo
370 1364 620 1423 promota
679 1353 921 1408 Venetici
989 1352 1338 1407 dilectionem
1401 1361 1458 1409 et
1504 1355 1789 1409 servitium

225 1466 337 1516 (ξι-πει
386 1448 708 1502 lionmniam
761 1457 1108 1501 sacramento
1168 1462 1437 1501 renovare
1470 1448 1787 1511 voluerunt,

226 1540 485 1594 uutilirata
545 1541 599 1593 in
651 1538 1045 1598 conventione.
1097 1540 1547 1608 quamimperio
1597 1549 1788 1594 nostro

223 1639 273 1683 ct
301 1630 560 1684 Romanis
597 1628 870 1690 fecerunt,
904 1628 1142 1697 capitula
1171 1629 1487 1698 iuramento
1521 1630 1786 1684 corrobo-

227 1733 410 1787 rantes,
466 1722 767 1791 imperium
820 1721 1080 1790 equidem
1143 1733 1397 1775 nostrum
1466 1722 1531 1775 ad
1589 1739 1784 1778 eorum

223 1814 516 1876 servitium,
551 1827 665 1880 quc
728 1810 829 1881 ipsi
887 1827 1017 1881 sepe
1066 1812 1330 1867 Rmuanie
1366 1814 1641 1876 fecerunt,
1677 1831 1788 1869 me-

224 1907 435 1960 moriam
465 1907 706 1960 veniens
739 1906 815 1974 (6)
845 1947 860 1970 ,
893 1920 989 1960 eos
1018 1921 1194 1975 usque
1231 1907 1284 1960 in
1322 1906 1483 1961 finem
1519 1908 1731 1963 alienos
1759 1923 1789 1961 a

224 1998 468 2052 Bethania
505 2014 616 2051 non
666 1996 784 2051 fore
807 1997 1014 2068 justum
1073 1999 1369 2066 reputavit,
1416 2000 1665 2070 suscepit
1695 2017 1793 2055 au-

223 2098 318 2143 tem
360 2104 456 2144 eos
526 2090 753 2151 iterum,
815 2090 1195 2144 misericordie
1244 2091 1464 2161 januam
1522 2092 1789 2161 pandens,

220 2195 522 2249 corpusque
560 2180 794 2234 Romani
836 2181 1178 2248 principatus
1205 2183 1272 2235 ad
1309 2183 1596 2251 pristinam
1630 2184 1791 2238 rede-

219 2273 290 2340 git
330 2271 733 2340 integritatem,
780 2271 1084 2325 membrum
1128 2273 1248 2341 ejus
1291 2281 1630 2342 amputatum
1664 2292 1793 2329 rur-

218 2379 326 2417 sum
375 2364 473 2431 ipsi
541 2363 866 2432 adiungens.
917 2363 1184 2428 Quoniam
1241 2379 1370 2418 vero
1419 2379 1792 2433 poposcerunt

220 2468 444 2510 nostram
476 2456 910 2520 sublimitatem,
961 2467 1218 2523 rogantes
1267 2457 1605 2512 crisobulum
1657 2459 1792 2529 ipsis

222 2548 405 2601 factum
455 2566 483 2600 ε.
542 2562 773 2614 semper
818 2548 964 2602 inter
1019 2548 1381 2616 imperatores
1435 2553 1792 2607 memorande

222 2648 401 2705 patruo
444 2639 668 2708 imperii
705 2640 900 2702 nostri,
940 2639 1165 2693 domino
1207 2638 1455 2694 Mauuele
1484 2640 1790 2710 Comuano,

220 2733 537 2784 conﬁrmans
592 2730 923 2800 chrysolaula
979 2729 1111 2799 ipsis
1159 2729 1430 2785 hactenus
1464 2732 1602 2786 facta
1654 2734 1791 2801 piis-

219 2823 466 2875 simormn
493 2836 830 2890 seu-perque
863 2821 1344 2876 memorandorum
1371 2823 1788 2891 imperaturum,

220 2913 461 2966 videlicet
518 2911 721 2982 proavi
783 2913 997 2980 imperii
1051 2902 1224 2966 nostri
1278 2914 1486 2967 domini
1527 2916 1699 2968 Alt-xii
1735 2926 1792 2971 ct

219 3005 383 3072 magni
411 3005 600 3073 patrui
629 3003 836 3056 domini
867 3002 1140 3057 Johannis
1162 3002 1600 3068 Comnanorutn,
1632 3020 1789 3060 com-

1903 531 2040 598 perii
2101 533 2274 585 nostri
2330 535 2745 605 chrysobulum,
2796 537 3014 593 diversa
3065 541 3200 609 ipsis
3239 542 3476 613 largiens

1898 622 2247 677 liberalitatis
2280 625 2565 680 beneﬁcia.
2609 626 2874 697 Sequitur
2903 639 3089 684 autem
3128 633 3308 700 ipsum
3343 650 3473 689 mox

1896 726 1951 766 et
1977 715 2211 768 alterum
2259 731 2289 768 a
2320 732 2541 785 semper
2580 719 2940 775 memorando
2973 729 3031 776 et
3081 732 3165 775 ter
3207 723 3372 778 beato
3403 725 3477 779 ab

1897 808 2268 876 omnibusque
2352 808 2557 863 dilecto
2619 810 2847 865 domino
2911 821 2967 866 et
3024 823 3184 883 patre
3249 815 3474 884 imperii

1896 900 2096 959 nostri,
2133 898 2325 952 eadem
2364 902 2497 968 ipsis
2532 903 2879 972 impertiens,
2924 916 2981 960 et
3024 907 3335 976 appositum
3365 917 3473 973 est,

1896 988 2040 1054 quod
2091 999 2219 1043 tunc
2262 991 2469 1056 petiere
2502 1005 2556 1045 et
2590 1002 2740 1047 certe
2787 995 2866 1065 (9)
2909 997 2973 1049 ad
3008 1000 3471 1052 restaurationem

1896 1080 2203 1144 amborum,
2238 1082 2360 1134 ti.lei
2397 1093 2449 1135 et
2489 1087 2780 1139 servitutis
2826 1089 3110 1153 videlicet,
3143 1108 3309 1159 quam
3342 1109 3473 1162 erga

1898 1171 2188 1238 imperium
2244 1185 2491 1228 nostrum
2537 1177 2834 1243 habebant,
2882 1190 2938 1232 et
2987 1181 3189 1234 sinceri
3240 1188 3474 1249 amoris,

1894 1278 2055 1330 quem
2091 1278 2217 1333 erga
2260 1265 2582 1321 Romaniam
2617 1269 2915 1325 observare
2953 1273 3183 1341 polliciti
3228 1276 3492 1340 fueram,

1895 1366 1996 1405 nec
2048 1368 2155 1405 non
2205 1362 2261 1407 et
2315 1354 2570 1411 allectus.
2626 1359 3012 1415 Necessarium
3064 1364 3231 1432 igitur
3271 1375 3374 1428 est,
3417 1375 3474 1420 et

1896 1454 2129 1512 utraque
2207 1445 2444 1499 hiisdem
2512 1464 2650 1515 quas
2699 1453 2720 1483 °
2784 1453 3070 1507 continent
3131 1454 3476 1512 dictionibus

1893 1537 2134 1605 presenti
2166 1549 2352 1589 nostra
2401 1541 2717 1595 srrenitatis
2752 1545 3086 1613 chrysohulo
3131 1561 3280 1600 nunc
3309 1547 3475 1600 inno-

1894 1629 2036 1689 vari,
2090 1640 2368 1696 quatenus
2416 1633 2581 1683 veluti
2632 1632 2910 1686 civitatem
2961 1637 3015 1688 in
3072 1637 3256 1690 medio
3308 1637 3475 1691 sitam

1891 1722 2120 1771 summis
2139 1721 2413 1788 presentis
2444 1723 2653 1776 scilicet
2678 1724 2994 1793 chrysobuli
3028 1741 3124 1794 per
3150 1728 3332 1782 omnia
3356 1730 3473 1782 col—

1893 1812 2126 1880 ligemus
2155 1825 2209 1867 et
2258 1813 2594 1868 muniamus.
2649 1816 2823 1871 liabet
2863 1818 3046 1886 itaque
3077 1821 3159 1873 sic
3207 1832 3476 1889 perpetue

1897 1903 2164 1956 memorie
2228 1903 2588 1971 imperatoris
2639 1906 2851 1960 domini
2915 1919 2972 1962 et
3021 1911 3197 1978 patris
3252 1911 3509 1979 imperii.

1895 1994 2066 2046 nostri
2096 1993 2490 2063 chrysobulum
2533 2014 2546 2049 :

1975 2103 1992 2134 ι
2029 2082 2326 2138 Consucvit
2377 2103 2504 2155 sepe
2554 2087 2834 2156 antiquior
2866 2089 2999 2143 lides
3032 2099 3087 2145 et
3117 2089 3338 2146 devotio
3368 2107 3471 2161 po-

1898 2192 1917 2225 i
1957 2178 2244 2229 steriorem
2306 2178 2755 2232 mallivolentiam
2804 2190 3103 2251 contegere
3151 2193 3208 2236 et
3256 2182 3470 2249 delere,

1900 2282 1924 2323 ι
1961 2266 2119 2319 victis
2165 2268 2404 2321 dominis
2452 2282 2506 2324 et
2547 2271 2740 2324 amicis
2771 2276 3036 2326 memoria
3075 2274 3306 2341 pristine
3336 2275 3470 2329 sub-

1900 2371 1918 2403 σ
1964 2353 2205 2407 diturum
2239 2364 2293 2409 et
2326 2358 2632 2411 amicorum
2673 2361 2937 2416 bonitatis
2970 2377 2986 2429 ;
3028 2363 3212 2432 qualle
3242 2380 3389 2418 nunc
3414 2374 3473 2420 et

1901 2463 1920 2493 ‹
1957 2444 2026 2498 de.
2077 2445 2338 2499 Venitieis
2383 2450 2636 2517 contigit.
2690 2451 2987 2520 Imperium
3036 2454 3184 2508 enim
3222 2465 3470 2510 nostrum

1901 2555 1918 2586 ι
1961 2539 2321 2594 reminiscens
2363 2556 2557 2594 eorum
2593 2543 2821 2612 antique
2866 2542 3190 2601 devocionis
3213 2556 3267 2602 et
3314 2548 3469 2612 tidel,

1899 2646 1919 2677 ‹
1953 2644 2117 2698 quam
2167 2646 2292 2700 erga
2342 2642 2608 2701 perpetue
2667 2636 2932 2691 memorie
2981 2636 3371 2706 imperatorem
3415 2649 3473 2696 et

1901 2738 1920 2771 ε
1963 2722 2383 2778 desiderabilem
2417 2725 2703 2779 dominum
2721 2737 2776 2780 et
2800 2737 3014 2796 patrem
3048 2730 3260 2798 imperii
3295 2737 3473 2786 uestri

1899 2831 1917 2863 ι
1957 2812 2279 2879 exhibuere,
2314 2817 2562 2884 pericula
2596 2832 2695 2886 pro
2734 2816 3001 2874 Romania
3045 2821 3369 2886 subeuntes,
3415 2831 3475 2878 et

1902 2922 1920 2952 ι
1962 2911 2076 2958 ιοιο
2110 2905 2301 2972 corde,
2333 2920 2459 2960 eum
2511 2906 2827 2978 inamhigua
2859 2911 3189 2965 strenuitate
3224 2929 3473 2983 pugnan-

1901 3012 1921 3044 ι
1964 3004 2045 3049 tes
2100 3006 2293 3051 contra
2356 2998 2571 3058 hostes.
2622 2998 2717 3067 qui
2766 3006 2902 3055 tunc
2946 3015 3068 3056 eam
3129 3004 3471 3065 invaserant.

220 3096 410 3149 tirmari
445 3111 579 3150 cum
621 3096 825 3150 ceteris
873 3104 931 3149 et
963 3112 993 3148 a
1048 3104 1234 3147 nostra
1273 3095 1582 3159 clementia,
1617 3096 1792 3166 impe-
1820 3122 1862 3177 ο
1902 3104 1921 3138 ί
1961 3088 2124 3155 P3010
2179 3096 2307 3143 θηιθ
2357 3089 2499 3145 "me
2557 3089 2627 3144 ab
2675 3090 2759 3147 θίθ
2811 3099 2962 3161 8⁸³⁸³
3017 3095 3368 3164 ωιιίθιηρείῑν
3417 3105 3476 3151 ει

221 3189 350 3240 rium
418 3198 680 3242 nostrum
743 3199 800 3241 ct
866 3188 1009 3241 hanc
1080 3187 1533 3255 deprecationem
1595 3206 1788 3245 eorum

220 3278 512 3349 adimplens
583 3280 880 3334 conﬁrmet
941 3296 1038 3350 per
1102 3297 1330 3350 prrsens
1394 3284 1788 3353 chrysobulum

216 3372 434 3426 verbum
487 3387 660 3426 suum
712 3372 857 3425 idem
917 3382 1110 3426 eorum
1160 3374 1577 3444 chrysobulum,
1643 3378 1789 3447 quod

215 3464 390 3531 sicque
419 3463 593 3518 habet
635 3478 651 3518 :

283 3571 304 3604 ι
346 3554 411 3607 Et
463 3554 681 3622 aliquis
740 3553 1085 3624 ﬁrmioribus
1146 3556 1466 3611 civitatibus
1509 3558 1790 3613 fortitudi-

214 3660 329 3701 nem
378 3647 593 3702 addere
639 3647 833 3701 volens
874 3648 1148 3704 secundas
1183 3650 1522 3704 munitiones
1569 3653 1792 3706 excusi-

215 3739 361 3803 tavit,
417 3749 475 3793 et
530 3738 870 3793 custodibus
930 3740 1212 3794 custodias
1260 3742 1544 3809 murisque
1607 3759 1794 3797 muros

211 3828 420 3900 adjecit,
447 3841 504 3886 et
529 3831 786 3884 hostium
816 3833 1115 3886 insultihus
1147 3832 1445 3887 fortissima
1478 3839 1741 3904 opposuit
1775 3853 1789 3903 ;

211 3930 288 3976 vet
314 3933 371 3977 et
392 3925 517 3978 auri
556 3922 782 3994 pondus
820 3940 986 3994 grave
1037 3925 1198 3993 hujus
1246 3928 1419 3994 gratia
1458 3929 1790 3997 expendere.

214 4020 264 4064 et
321 4013 662 4081 pet-lectioni
717 4014 969 4069 custodie
1031 4016 1297 4083 prolixius
1339 4025 1554 4086 tempus
1590 4030 1791 4085 terere,

211 4119 266 4161 et
287 4108 390 4162 alia
436 4110 605 4177 plura
655 4108 724 4161 ad
760 4108 1005 4163 civitatis
1038 4111 1352 4166 ﬁrmitatem
1399 4123 1565 4183 atque
1607 4125 1794 4169 custo-

210 4196 347 4253 diam
376 4199 574 4271 largiri
626 4212 739 4253 non
791 4199 1068 4254 h-futavit.
1109 4201 1221 4257 Nos
1264 4218 1395 4258 Vero
1427 4215 1481 4258 et
1529 4221 1652 4258 cum
1692 4207 1795 4261 deo

211 4288 565 4357 imperatorio
631 4291 945 4361 principatu
1007 4291 1299 4351 succincti.
1352 4302 1406 4346 ct
1467 4304 1791 4362 potestatem

209 4389 365 4450 atque
405 4389 686 4439 virtutem
736 4382 1024 4443 habentes.
1062 4399 1163 4438 nec
1198 4400 1307 4437 non
1346 4395 1402 4439 et
1433 4387 1791 4454 pecuniarum

1899 3195 1919 3227 ι
1960 3179 2334 3232 reversionem
2362 3193 2557 3234 eorum
2587 3182 2855 3251 suscepit,
2889 3184 3086 3253 eisque
3118 3194 3313 3239 nutum
3349 3187 3469 3257 yla-

1898 3288 1917 3319 ι
1958 3284 2071 3322 rem
2130 3270 2399 3333 Ostendit,
2457 3279 2516 3325 et
2563 3273 2892 3329 accedentes
2950 3268 3046 3328 eos
3096 3278 3469 3351 amplexatum

1902 3378 1919 3409 ι
1957 3370 2061 3419 est,
2117 3371 2175 3413 et.
2227 3363 2408 3429 primo
2459 3362 2680 3429 quidem
2735 3364 3076 3435 indulgentia
3125 3382 3224 3422 eos
3276 3368 3472 3438 dignos

1900 3458 1935 3497 εκ
1958 3449 2110 3515 facit,
2142 3460 2201 3503 ut
2227 3460 2284 3503 et
2319 3452 2537 3520 penitus
2576 3453 2778 3508 nullam
2806 3456 3008 3510 atnodo
3032 3458 3268 3513 subeant
3305 3460 3472 3515 lesio~

1900 3560 1918 3592 ι
1959 3557 2083 3594 nem
2124 3558 2223 3610 pro
2272 3543 2404 3607 hiis,
2440 3559 2548 3612 que
2591 3545 2644 3598 in
2683 3546 3073 3602 celsitudinem
3122 3558 3364 3605 nostram
3415 3561 3476 3607 et

1900 3652 1920 3683 ι
1955 3634 2279 3688 Romaniam
2329 3651 2396 3689 ex
2451 3636 2724 3692 diabolica
2776 3639 3124 3696 inlestatione
3179 3643 3474 3699 commise-

1898 3741 1918 3776 ι
1958 3736 2108 3791 runt,
2159 3742 2350 3782 verum
2407 3729 2648 3785 habeant
2692 3731 2971 3787 assiduam
2994 3734 3229 3803 .pietatis
3284 3748 3474 3804 nostra

1900 3834 1924 3869 σ
1957 3817 2350 3887 indulgentiam
2402 3835 2502 3889 per
2544 3836 2772 3889 presens
2808 3824 3202 3894 chrysobulum
3247 3830 3330 3883 eis
3360 3830 3478 3883 col-

1900 3927 1921 3962 ι
1962 3910 2149 3973 latam,
2208 3911 2596 3980 pollicentibus
2642 3924 2699 3969 et
2752 3931 2976 3972 rursum
3026 3934 3095 3972 ex
3136 3929 3251 3975 toto
3303 3924 3473 3979 corde

1902 4019 1923 4052 ί
1959 4016 2059 4070 pro
2120 4002 2385 4058 Romanis
2441 4020 2685 4076 pugnare
2730 4016 2788 4063 et
2842 4024 2942 4079 pro
2993 4013 3143 4065 omni
3208 4014 3474 4069 cristiano

1904 4112 1923 4145 σ
1962 4094 2156 4149 ordine
2182 4095 2285 4150 sub
2329 4105 2518 4151 nostra
2547 4098 2819 4153 existente
2866 4102 3179 4164 clementia,
3212 4106 3476 4172 quedam-

1903 4204 1923 4236 σ
1965 4201 2073 4256 que
2113 4189 2373 4256 specialia
2419 4190 2645 4243 servitia
2698 4191 2902 4258 scripta
2946 4205 3045 4259 per
3077 4197 3474 4250 conventiones

1905 4295 1924 4329 ι
1965 4278 2281 4332 celsitudini
2333 4288 2520 4333 nostre
2547 4288 2605 4332 et
2641 4279 2912 4334 Romanie
2960 4282 3255 4338 observare
3317 4287 3476 4354 polli-

1908 4368 2127 4427 rcitis.
2195 4368 2498 4422 secundum
2551 4369 2699 4437 quod
2769 4373 3069 4426 conventio
3149 4391 3177 4427 a
3250 4377 3476 4433 nunciis

210 4474 516 4541 meum“,
556 4475 659 4531 ubi
708 4476 885 4546 place,
928 4487 985 4531 ει
1028 4477 1331 4530 necessitas
1359 4475 1545 4545 exigu.
1590 4478 1793 4546 largius
1829 4477 1867 4529 ο
1905 4477 1923 4508 ι
1961 4474 2156 4512 eorum
2205 4459 2347 4513 facta
2396 4460 2464 4513 de
2509 4459 2597 4514 his
2638 4461 2805 4516 latius
2848 4475 3059 4520 narrat.
3112 4466 3182 4521 Et
3210 4476 3474 4537 quoniam

208 4564 579 4633 elundentcs,
634 4581 750 4622 non
810 4568 1113 4639 largietuur
1171 4567 1367 4623 amicis
1430 4568 1684 4622 fidelibus
1740 4578 1793 4622 ct

211 4654 503 4720 benivolis,
568 4667 630 4713 et
685 4670 941 4712 sermone
990 4672 1273 4712 sermones
1327 4657 1793 4718 confirmabimus,

209 4761 541 4818 manumque
569 4747 643 4803 ad
680 4746 1100 4802 ministrandum
1137 4747 1286 4801 stillo
1317 4747 1703 4801 exhibebimus
1729 4749 1792 4801 ad

204 4854 389 4896 eorum
437 4840 993 4904 corroboratiouem,
1043 4849 1096 4893 et
1126 4841 1324 4893 vallum
1377 4840 1518 4892 vallo
1565 4839 1795 4893 adbibe-

209 4928 408 4998 bimus,
458 4943 755 5003 quatenus
799 4932 930 4985 olim
987 4933 1070 4985 eis
1121 4930 1404 4985 uiunimen
1461 4931 1796 4985 custoditum

208 5026 592 5081 rustodiamus
619 5033 683 5079 et
712 5023 1070 5077 muniamus?
1120 5024 1187 5077 Et
1229 5023 1319 5076 tibi
1354 5023 1458 5076 hoc
1498 5023 1798 5091 imperialis

209 5116 252 5169 b.
272 5119 585 5174 nivolcntie
616 5126 680 5172 et
708 5117 1037 5179 voluntatis,
1070 5131 1175 5169 non
1207 5116 1289 5169 eis
1309 5115 1535 5185 januam
1563 5115 1798 5183 opilalii-

208 5211 429 5275 mnam,
463 5226 575 5266 nec
610 5207 869 5263 auditum
904 5209 986 5261 eis
1016 5207 1348 5270 serahimus,
1383 5222 1573 5260 verum
1626 5208 1799 5262 Iccius

206 5314 295 5355 eos
323 5302 719 5371 adspiciemus
745 5309 803 5353 et
836 5298 1163 5367 petieioncm
1195 5313 1387 5352 eorum
1420 5298 1795 5366 perliciemus.

210 5391 270 5449 Et
307 5395 441 5464 qttid
481 5392 630 5449 mihi
680 5390 746 5445 ad
779 5390 996 5445 favores
1035 5389 1357 5444 sermonis?
1394 5389 1676 5444 Veneticis
1719 5401 1802 5445 est

274 5572 346 5637 (fit
385 5573 426 5627 Ε
452 5575 663 5627 litores
692 5568 983 5639 legendum
1017 5578 1280 5622 censent:
1314 5567 1378 5620 At
1408 5569 1447 5623 ii
1495 5566 1685 5620 Recte.

276 5648 348 5716 tif)
385 5645 656 5716 Yertens.
990 5707 1000 5716 η
1143 5707 1186 5716 __
1554 5708 1565 5716 _
1645 5706 1654 5716 ,

275 5707 348 5778 (ἦ
381 5714 656 5767 Editores
692 5718 879 5763 notant
909 5725 922 5761 :
951 5707 1305 5761 obserabimus
1342 5719 1506 5774 supra
1553 5707 1793 5774 legitur;

215 5795 279 5838 an
322 5783 754 5838 obturabimus?
807 5778 957 5834 Tene
1016 5788 1197 5833 tamen
1247 5778 1479 5832 formam
1527 5792 1795 5832 rariorem

1903 4571 1921 4600 α
1964 4553 2245 4620 petierunt
2291 4552 2433 4606 idem
2479 4554 2875 4625 chrysohulum
2910 4557 3042 4626 ipsis
3074 4558 3279 4614 factum
3325 4563 3495 4645 beati.

1904 4660 1924 4692 ι
1965 4642 2316 4712 imperatoris
2348 4646 2554 4700 domini
2583 4660 2637 4702 et
2663 4648 2838 4718 patris
2868 4649 3084 4719 imperii
3132 4655 3304 4708 nostri
3352 4671 3477 4709 cor-

1903 4752 1921 4783 a
1969 4735 2065 4803 ι·ῆεί
2118 4735 2331 4805 sibique
2373 4740 2571 4791 iterum
2627 4741 2768 4806 dari,
2820 4744 2948 4810 quia
2987 4743 3098 4812 jam
3163 4761 3231 4799 co
3278 4751 3475 4815 privati

1904 4851 1923 4881 ‹
1962 4833 2177 4888 fuerant
2205 4851 2306 4903 pro
2338 4836 2444 4889 hiis
2474 4853 2579 4906 que
2605 4837 2926 4892 acciderant
2956 4839 3153 4908 culpis,
3182 4841 3475 4900 clementia

1906 4945 1923 4975 ι
1972 4936 2156 4979 nostra
2189 4944 2286 4982 cos
2329 4931 2608 4983 exaudivit
2649 4934 3029 5002 precepitque,
3083 4934 3478 4992 inviolabiliter

1909 5039 1926 5069 ι
1966 5019 2069 5073 hoc
2096 5030 2275 5073 tamen
2308 5023 2469 5075 scribi
2502 5033 2556 5075 et
2586 5022 2675 5076 hic
2709 5026 2859 5091 poni,
2888 5025 2968 5080 sic
3005 5027 3216 5081 habens
3247 5046 3261 5082 :

1972 5111 2041 5165 Et
2073 5112 2201 5180 quid
2235 5130 2467 5182 unquam
2502 5122 2574 5166 est
2606 5118 2947 5170 commutatio
2992 5133 3196 5179 eorum,
3238 5135 3339 5186 que
3365 5120 3474 5171 sin-

1900 5222 2013 5258 cere
2046 5206 2340 5261 dilectioni:
2380 5219 2427 5261 et
2469 5210 2593 5274 ﬁdei
2623 5212 2794 5264 sunt?
2840 5210 2909 5264 Et
2952 5228 3102 5280 quem
3151 5213 3334 5263 amicis
3376 5214 3462 5265 mi-

1901 5301 2203 5366 nistrisque,
2248 5301 2539 5367 periculum
2578 5303 2752 5356 subire
2787 5304 2990 5374 paratis
3025 5317 3120 5371 pro
3164 5303 3385 5354 dominis
3424 5311 3475 5356 et

1895 5394 2039 5444 antic
2064 5410 2107 5447 δ.
2145 5394 2324 5447 reddet
2361 5396 2476 5463 quis
2516 5394 2786 5458 tzlfonem,
2834 5403 2881 5446 ct
2913 5394 3140 5447 maxime
3168 5401 3311 5454 tunc,
3353 5409 3474 5446 cum

1907 5570 2024 5636 epit.

1974 5643 2048 5706 ιδ)
2073 5639 2211 5709 Lege
2232 5657 2350 5693 avo.

1974 5712 2051 5780 (9)
2084 5716 2306 5766 Lartem
2327 5709 2355 5764 2
