3942 6250
398 313 507 378 εδδ

1629 296 1868 356 ιςλλει
1918 293 2198 353 ANGELI
2247 291 2403 349 IMP.

3533 279 3644 344 456

394 425 497 495 ipsi
537 418 830 475 voluntarie
865 432 961 487 pro
990 416 1061 469 eis
1100 413 1500 468 inimicitiarum
1549 412 1813 463 intersunt
1863 425 1962 475 pu-
1996 418 2036 468 Α
2067 407 2190 457 bens
2244 403 2315 456 ad
2364 396 2644 453 chelandia
2692 392 2834 448 dari.
2879 394 3146 447 Concessit
3172 401 3352 447 autem
3383 390 3645 448 celsitudo

392 514 512 585 gnis
547 509 573 564 2
602 508 667 561 Et
698 506 901 578 quidem
934 514 1106 557 nostre
1134 501 1473 556 benivolentie
1501 496 1812 558 liberalitas,
1852 512 1964 547 ma-

397 621 558 675 gnam
598 603 733 655 hanc
780 613 889 652 rem
933 612 1148 666 ponens,
1206 592 1413 647 nullam
1467 589 1690 660 repperit
1743 587 1968 640 retribu-

399 700 612 752 tionem.
683 690 1054 745 Verumtamen
1118 685 1379 746 retribuit,
1439 689 1702 749 quantum
1767 686 1967 744 tempus

398 786 567 854 offert,
604 789 653 834 et
695 795 792 850 que
828 778 1011 832 amicis
1050 784 1099 827 et
1137 772 1391 827 ministris
1434 778 1553 823 sunt
1596 764 1966 834 acceptabilia.

401 877 536 929 Sunt
571 876 730 943 igitur
757 887 843 932 ea,
873 884 970 940 que
1008 866 1369 919 retribuuntur
1413 862 1484 915 eis
1514 859 1639 928 fidei
1671 861 1971 924 sittht'cqtte

398 965 662 1019 servitutis
714 960 1184 1017 renumerationes,
1255 965 1439 1008 nostra
1495 954 1706 1022 quidem
1763 948 1971 1002 liberali

402 1057 668 1110 voluntate
719 1054 1053 1119 benivoloque
1106 1048 1289 1101 animo
1347 1047 1554 1099 minora
1599 1053 1647 1095 et
1698 1044 1968 1111 pauciora,

404 1166 509 1202 non
548 1157 724 1200 autem
754 1145 1010 1214 ignobilia
1063 1142 1269 1209 aliqua,
1325 1154 1420 1191 nec
1450 1137 1632 1191 amicis
1679 1134 1761 1189 vel
1807 1135 1973 1187 scrc-is

404 1240 646 1307 indigna.
706 1236 895 1288 Verum
933 1235 1054 1304 quid
1104 1233 1257 1285 michi
1297 1230 1585 1300 proemium
1619 1227 1725 1281 vult
1758 1227 1783 1279 ?
1817 1224 1976 1279 Fide-

407 1329 535 1383 lium
582 1334 726 1396 gesta
780 1325 1139 1380 Veneticorum
1173 1322 1350 1375 nullus
1400 1322 1463 1374 de
1491 1319 1789 1373 hominibus
1829 1321 1976 1386 igno-

410 1422 566 1474 ravit.
612 1419 855 1485 Qualiter
906 1428 1081 1472 autem
1126 1415 1376 1483 miriferis
1412 1414 1725 1467 constructis
1761 1412 1976 1464 navibus

411 1511 945 1581 Epidamnum,quod
970 1525 1060 1562 nos
1084 1507 1686 1569 Durachiumvocamus,
1712 1507 1976 1566 venerint;

409 1611 460 1653 et
497 1602 633 1654 viros
667 1601 788 1653 navi
815 1606 1107 1668 pugnantes
1131 1599 1432 1650 innumeros
1458 1597 1511 1647 in
1540 1595 1801 1648 auxilium
1834 1594 1977 1646 nobis

412 1689 731 1750 obtulerunt,
771 1690 1085 1756 proprioque
1118 1685 1278 1740 stollo
1321 1685 1567 1739 scelerosi
1604 1683 1799 1738 stolam
1832 1688 1977 1737 illius

2068 505 2246 548 nostra
2285 503 2332 547 et
2373 509 2458 545 eos
2499 491 2769 543 universas
2801 489 3025 541 mercari
3065 487 3259 556 species
3300 486 3356 539 in
3402 488 3645 541 omnibus

2066 586 2322 655 Rpmanie
2342 583 2601 654 partibus,
2628 581 2863 636 videlicet
2894 578 3037 647 apud
3054 594 3303 650 magnam
3336 579 3653 633 [modi-riuus

2070 679 2221 747 (Η),
2282 676 2633 735 Antiochiam,
2696 672 3022 735 Mamistam,
3078 671 3349 734 Adanam,
3399 670 3648 733 Tarsum,

2069 771 2331 830 Atatiam,
2377 765 2683 824 Strat-ilum,
2739 764 2948 828 Chium,
2999 763 3336 833 Tlieologum,
3400 762 3649 829 Faciam,

2072 861 2415 921 Durachium,
2478 858 2768 922 Aulonum,
2808 855 3106 925 Korphum,
3147 856 3480 912 Bunditiam.
3534 856 3653 910 He-

2071 958 2312 1014 thonum,
2350 951 2652 1011 (.‘oronium,
2695 946 3007 1016 Nauplium,
3053 948 3384 1012 Corinthum,
3426 947 3651 1011 Thebas,

2075 1048 2327 1105 Athenas.
2385 1043 2665 1112 Euripum,
2730 1040 3130 1097 Dimitriadam.
3202 1040 3652 1107 Thessalonicam,

2075 1134 2471 1209 Chrysopolim,
2542 1133 2954 1195 l’critheorium,
3021 1131 3278 1195 Avidum,
3339 1130 3656 1199 Redestuns,

2076 1226 2501 1296 Adrianopolim,
2556 1224 2781 1294 Aprum,
2850 1221 3126 1285 Iracliam,
3190 1220 3545 1289 Silimbriam,
3603 1232 3658 1277 et

2078 1323 2220 1391 apud
2248 1321 2418 1388 ipsam
2456 1331 2709 1385 magnam
2734 1313 2938 1376 urbem,
2987 1320 3036 1366 et
3060 1311 3372 1382 simpliciter
3406 1316 3463 1368 in
3493 1316 3661 1368 omni-

2077 1413 2168 1466 bus
2204 1410 2442 1482 partibus
2478 1408 2571 1461 sub
2616 1413 2874 1476 potestate
2911 1412 3090 1458 nostra
3120 1407 3203 1475 pie
3236 1406 3657 1477 tranquillitatis

2077 1502 2436 1563 existentibus,
2483 1516 2588 1553 non
2639 1500 2912 1569 prebentes
2956 1513 3060 1567 quo
3093 1504 3246 1551 modo
3284 1515 3380 1567 pro
3420 1500 3658 1569 qualibet

2080 1595 2296 1665 propria
2335 1607 2504 1646 merce
2532 1590 2814 1661 quicquam
2853 1590 3191 1643 commercliii
3231 1591 3409 1659 gratia
3447 1591 3533 1644 vel
3554 1593 3659 1645 ali-

2083 1689 2232 1757 cujus
2261 1685 2401 1740 alius
2435 1683 2793 1746 condictionis,
2831 1697 2931 1752 que
2951 1680 3079 1748 ﬁsco
3110 1681 3383 1747 debeatur,
3414 1685 3559 1752 pacti
3576 1689 3657 1737 vi.

411 1787 647 1849 potenter
676 1778 975 1840 devicerint,
1007 1775 1279 1844 perdentes
1322 1789 1442 1826 cum
1476 1773 1601 1842 ipsis
1641 1771 1807 1834 viris;
1842 1786 1977 1839 qiui-
2011 1770 2050 1822 Β
2081 1777 2266 1832 defice;
2305 1774 2632 1839 πίιοοαιαγηὶ,
2682 1774 3009 1837 limeniatici,
3053 1775 3338 1843 portiatici,
3386 1775 3655 1839 καίει-Ιώ,

411 1868 628 1938 literque
661 1868 829 1921 adhuc
871 1867 1014 1918 nobis
1060 1865 1293 1933 fauentes
1337 1870 1727 1933 permaneant;
1759 1869 1809 1914 et
1846 1861 1979 1924 alia,

411 1974 507 2025 que
541 1961 591 2010 in
633 1958 769 2011 mari
809 1956 1167 2009 laborantibus
1205 1956 1284 2006 his
1332 1952 1571 2007 videlicet
1616 1954 1743 2006 viris
1770 1963 1983 2020 peracta

409 2056 553 2109 sunt,
610 2060 659 2101 et
704 2064 799 2117 que
849 2055 1084 2101 correcta
1125 2060 1306 2098 omnes
1345 2052 1621 2108 noverunt,
1676 2058 1985 2114 quanquam

414 2156 506 2192 nos
551 2153 652 2190 non
701 2138 992 2190 dicamus?
1030 2134 1334 2205 Eapropter
1391 2134 1460 2187 ad
1512 2135 1983 2187 remunerationem

412 2227 709 2296 hujusmodi
759 2226 1100 2281 servitiorum
1131 2240 1312 2278 eorum
1345 2223 1619 2276 clementia
1652 2232 1833 2276 nostra
1863 2241 1988 2289 coit-

412 2320 562 2373 cessit
602 2335 696 2388 per
725 2335 940 2387 presens
973 2317 1293 2371 crisobulum
1321 2333 1406 2369 eos
1447 2318 1729 2369 annuatim
1754 2325 1987 2385 tempore

413 2412 668 2481 erogativi
694 2412 927 2478 accipere
958 2408 1334 2479 sollempnium
1372 2408 1555 2479 viginti
1583 2407 1768 2471 libras,
1800 2418 1986 2475 quatr-

416 2519 513 2556 nus
544 2518 635 2571 per
662 2499 902 2552 ecclesias
924 2499 1247 2552 distribuant
1267 2497 1516 2566 prOprias
1540 2497 1830 2550 secundum
1856 2497 1989 2550 velle

414 2610 591 2648 suum.
639 2592 928 2645 Honoravit
959 2599 1138 2645 autem
1187 2598 1237 2642 et
1280 2588 1657 2642 iwbilissimum
1688 2589 1868 2641 ducem
1899 2595 1991 2641 ho-

416 2686 759 2751 noratissima
802 2683 1145 2752 protosevusti
1185 2682 1443 2751 dignitate
1486 2698 1604 2734 cum
1630 2680 1835 2734 salario
1877 2681 1989 2749 ejus

416 2781 759 2849 plenissimo;
801 2795 894 2832 nec
925 2781 981 2830 in
1013 2793 1238 2846 persona
1272 2777 1387 2846 ejus
1433 2775 1697 2830 duntaxat
1737 2779 1988 2828 honorem

418 2875 573 2925 istum
620 2871 1002 2930 determinavit,
1057 2884 1149 2920 nec
1187 2867 1566 2921 indesinentem
1596 2878 1645 2919 et
1681 2876 1989 2936 perpetuum

418 2978 480 3015 ac
510 2965 795 3014 secundum
832 2961 1176 3012 successiones
1208 2959 1437 3027 precepit
1472 2974 1595 3011 eum
1612 2958 1722 3028 fore
1753 2959 1986 3019 ducibus,

417 3053 505 3121 qui
525 3068 614 3122 per
646 3059 882 3120 tempora
912 3058 1084 3104 erunt.
1116 3049 1376 3104 Similiter
1407 3052 1683 3104 honoravit
1708 3048 1987 3104 clementia

419 3155 600 3198 nostra
633 3145 995 3211 patriarcham
1025 3160 1203 3196 eorum
1242 3142 1582 3213 Ypertimum,
1615 3143 1668 3195 id
1701 3151 1776 3195 est
1799 3157 1986 3211 super-

416 3236 798 3300 Iwnorabilem,
846 3253 965 3301 cum
1022 3236 1227 3289 salario
1281 3235 1535 3288 librarum
1582 3233 1671 3287 XX
1698 3249 1718 3297 ,°
1772 3236 1991 3287 ethunc

419 3331 669 3383 honorent
708 3331 999 3382 secundant
1042 3329 1390 3381 successiones
1436 3327 1505 3381 ad
1554 3336 1786 3394 posteros
1830 3327 1992 3394 patri-

423 3424 610 3477 archas
659 3421 975 3481 transmisit,
1025 3436 1281 3490 quatenus
1331 3432 1379 3472 et
1443 3421 1523 3474 his
1575 3421 1875 3473 indesinens
1924 3420 1992 3472 sit

419 3522 472 3567 et
510 3526 786 3583 perpetuus
818 3521 869 3565 et
907 3528 1010 3565 non
1053 3520 1265 3565 tantum
1292 3527 1509 3582 persone
1536 3513 1674 3581 ejus.
1710 3510 1989 3566 Constituit

424 3613 602 3658 autem
652 3605 912 3661 serenitas
958 3612 1142 3658 nostra
1190 3612 1241 3656 et
1284 3604 1676 3657 sanctissimam
1720 3602 1989 3655 ecclesiam

421 3695 594 3749 sancti
647 3693 867 3761 apostoli
915 3703 965 3746 et
1018 3692 1332 3762 evangelista
1374 3693 1561 3752 Marci,
1626 3692 1836 3746 i’enecie
1879 3695 1989 3745 exi-

423 3795 664 3846 stentem,
692 3785 757 3836 ab
797 3799 902 3837 uno
948 3799 1150 3852 quoque
1186 3782 1636 3850 Amalﬁtanorum
1684 3785 1990 3838 Constanti-

424 3874 603 3945 nopoli
646 3884 695 3928 et
748 3876 813 3928 in.
852 3883 960 3928 tota
1019 3874 1278 3929 Romania
1328 3879 1615 3943 ergasteria
1671 3876 1989 3940 habentium,

424 3977 474 4021 et
525 3966 618 4023 sub
680 3973 939 4036 potestate
978 3967 1109 4020 dicti
1153 3968 1430 4037 patriciati
1478 3968 1837 4032 existentium,
1885 3981 1990 4019 uno

423 4075 624 4131 quoque
658 4075 800 4113 anno
834 4060 1072 4129 accipere
1110 4061 1433 4115 numismata
1466 4077 1719 4131 yperpera
1750 4064 1875 4116 tria.
1912 4064 1992 4115 Ad

422 4154 515 4206 hec
547 4151 770 4223 largitur
799 4155 872 4206 eis
908 4161 959 4205 et
995 4154 1284 4222 ergasteria
1334 4153 1388 4206 in
1440 4153 1641 4206 embolo
1694 4153 1992 4208 Peramatis

423 4242 477 4294 id
505 4251 580 4294 est
610 4244 864 4296 transitus
904 4244 1205 4308 existentia,
1256 4260 1374 4297 cum
1404 4260 1586 4297 eorum
1615 4245 1851 4307 solariis.
1903 4248 1992 4316 qui

422 4331 698 4385 introitum
756 4341 802 4385 et
842 4334 1040 4386 exitum
1086 4334 1275 4386 habent
1324 4350 1500 4388 tersus
1545 4336 1827 4397 embolum.
1878 4352 1996 4406 pro-

2080 1867 2317 1938 cxafolii,
2367 1866 2677 1920 archonticii
2709 1873 2760 1918 et
2789 1864 3021 1918 aliorum
3066 1865 3394 1932 redditum,
3433 1882 3659 1937 quorum

2083 1978 2245 2016 causa
2268 1961 2537 2031 negociari
2561 1958 2766 2013 debent.
2816 1956 2883 2010 In
2908 1958 3146 2012 omnibus
3189 1959 3331 2012 enim
3374 1961 3659 2013 mercatib-

2085 2071 2211 2109 num
2240 2053 2365 2108 locis
2413 2053 2544 2107 data
2584 2060 2661 2104 est
2699 2053 2773 2105 eis
2822 2068 2856 2105 a
2894 2059 3076 2104 nostra
3126 2050 3459 2105 sublimitate
3496 2052 3597 2106 libs
3624 2070 3660 2107 α

2086 2145 2319 2209 licentia,
2351 2146 2535 2198 debens
2563 2146 2857 2210 superiores
2900 2158 2985 2195 eos
3017 2142 3190 2212 facere
3209 2150 3259 2195 et
3292 2142 3409 2212 ipsa
3436 2144 3663 2213 inqu?“-

2086 2238 2246 2289 tione.
2286 2234 2538 2289 Excident
2578 2242 2755 2286 autem
2780 2242 2827 2286 et
2856 2233 2920 2286 ab
2947 2235 3058 2303 ipso
3093 2233 3663 2303 eparchopansthoiac

2084 2327 2187 2380 sita
2221 2324 2301 2394 (Η
2324 2328 2376 2393 ⁵),
2405 2323 2746 2393 ele0parocho
2784 2324 3020 2393 genicho,
3069 2322 3508 2387 commcrltiariis,
3530 2322 3663 2378 hr-

2088 2411 2319 2474 tulariis,
2360 2411 2630 2482 yppologis
2661 2423 2709 2465 et
2748 2411 3049 2479 hujusmodi
3093 2411 3356 2476 omnibus,
3392 2409 3667 2482 θυαε-ια’

2089 2505 2202 2558 loca
2239 2505 2539 2574 principum
2584 2503 2668 2556 vel
2702 2502 2931 2556 aliorum
2962 2504 3169 2557 servitia
3211 2504 3668 2560 communium.

2089 2595 2353 2649 ctancium
2407 2604 2735 2664 presumente
2792 2593 2993 2663 aliquid
3042 2610 3224 2647 eorum
3276 2604 3665 2665 contempnere,

2090 2699 2187 2753 que
2210 2684 2294 2738 hic
2327 2683 2557 2753 difﬁnita
2591 2692 2735 2738 sunt.
2777 2685 3034 2738 Omnium
3091 2687 3231 2739 enim
3270 2689 3569 2756 specierum
3616 2696 3664 2740 et

2091 2777 2363 2842 mercium,
2395 2792 2559 2846 quam
2598 2775 2709 2846 (12)
2758 2777 3022 2846 quispiam
3051 2776 3204 2839 dicet.
3236 2777 3437 2832 collata
3476 2789 3554 2833 est
3592 2796 3666 2833 eis

2092 2867 2375 2937 negotiatio
2397 2906 2412 2931 ,
2452 2877 2500 2920 et
2530 2867 2765 2920 omnium
2796 2868 3111 2933 emptionem
3149 2854 3379 2939 faciendi
3406 2871 3665 2925 habebant

2092 2968 2422 3031 potestatem,
2451 2968 2762 3029 superantes
2807 2974 3013 3011 omnem
3036 2959 3326 3015 «tationem.
3368 2960 3480 3015 Hec
3505 2965 3667 3032 igitur

2094 3055 2301 3125 imperii
2337 3055 2503 3107 nostri
2526 3054 2694 3122 pietas
2716 3052 2792 3106 sic
2814 3053 3124 3120 dispensans
3148 3056 3320 3107 sancit
3343 3063 3393 3107 et
3424 3058 3619 3126 νησὶρὶ
3644 3097 3661 3117 .

2090 3145 2299 3200 nullum
2353 3146 2426 3199 eis
2475 3159 2764 3215 repugnare
2804 3154 3008 3207 tanqua
3031 3163 3060 3195 n
3112 3146 3266 3200 rectis
3299 3157 3348 3199 et
3400 3149 3536 3201 veris
3563 3150 3666 3201 cle-

2092 3238 2282 3290 mentis
2326 3244 2502 3290 nostre
2550 3236 2663 3304 (13)
2701 3245 2748 3288 et
2795 3244 2981 3289 contra
3012 3237 3185 3289 hostes
3231 3237 3663 3299 auxiliatoribns,

2091 3336 2140 3380 et
2164 3342 2325 3397 usque
2348 3327 2401 3380 in
2426 3324 2588 3394 ﬁnem
2628 3324 2790 3380 seculi
2832 3324 2964 3380 tales
3003 3342 3059 3380 se
3100 3326 3211 3396 fore
3257 3326 3528 3396 polliritis,
3575 3347 3666 3383 nec

2091 3434 2407 3489 quemquam
2456 3419 2669 3472 omnino
2717 3418 2908 3472 talibus
2957 3419 3152 3472 sentire
3215 3423 3531 3485 contraria,
3586 3422 3666 3477 vel

2093 3509 2434 3580 allegationes
2487 3510 2695 3580 aliquas
2744 3519 2929 3563 contra
2976 3526 3063 3564 eos
3114 3525 3359 3567 exercere
3378 3554 3394 3577 ,
3440 3515 3663 3569 collato-

2093 3609 2266 3654 tarum
2295 3602 2369 3654 eis
2393 3602 2475 3657 hic
2507 3602 2685 3671 gratia
2721 3602 3129 3671 ergasteriorum
3162 3604 3415 3658 videlicet»
3436 3615 3490 3661 α
3526 3606 3663 3661 Isal-

2093 3690 2292 3746 larum.
2331 3691 2699 3761 Cujuscunque
2741 3694 2881 3746 enim
2924 3691 3066 3761 juris
3100 3694 3194 3746 hec
3213 3694 3345 3760 sint,
3375 3696 3481 3749 sive
3507 3696 3666 3750 eccle-

2090 3780 2290 3835 siastici
2333 3783 2437 3836 sive
2468 3784 2660 3849 privati
2701 3792 2792 3836 aut
2838 3783 3034 3853 publici
3075 3785 3183 3838 sive
3222 3794 3407 3840 sancte
3459 3788 3659 3850 domus,

2093 3870 2269 3924 nullus
2301 3881 2477 3927 tamen
2505 3882 2686 3943 tanget
2716 3890 2800 3938 ea,
2854 3890 2955 3943 que
2994 3884 3118 3929 sunt
3148 3892 3288 3930 nunc
3329 3879 3662 3933 etistentium

2091 3961 2329 4029 ﬁdelium
2357 3963 2675 4017 celsitudinis
2712 3974 2888 4018 nostre
2932 3963 3321 4034 veneticorum,
3353 3976 3403 4021 et
3430 3980 3657 4039 postum-

2092 4053 2216 4106 dum
2251 4053 2587 4120 futurorum;
2618 4057 2867 4123 quoniam
2914 4057 3136 4111 multam
3165 4057 3575 4115 benivolentiam
3616 4072 3663 4115 et

2094 4151 2290 4195 rectam
2314 4143 2640 4199 voluntatem
2665 4162 2789 4217 ergo
2812 4146 3100 4217 Imperium
3133 4151 3372 4204 nostrum
3400 4162 3451 4205 et
3479 4151 3665 4207 Batauo

2095 4237 2245 4290 niam
2274 4238 2637 4302 exhibuerunt,
2685 4246 2737 4292 et.
2767 4241 2904 4294 hanc
2942 4249 3050 4293 toto
3087 4243 3242 4295 corde
3268 4243 3326 4296 in
3362 4255 3664 4314 perpetuum

2094 4329 2368 4382 observare
2413 4328 2762 4399 pollicentur,
2813 4344 2861 4385 et
2923 4348 3020 4402 pro
3069 4332 3309 4387 Romano
3359 4336 3549 4390 ordine
3604 4354 3666 4390 ac

421 4422 713 4492 gredientia
756 4422 822 4477 ab
865 4422 1103 4493 Ebragca
1146 4439 1307 4494 usque
1331 4426 1385 4478 in
1427 4424 1618 4491 locum,
1663 4428 1753 4496 qui
1798 4428 1993 4481 dicitur
2023 4448 2066 4501 ο
2097 4418 2363 4473 ϐνὶδιίαηο
2395 4430 2639 4490 prompte
2688 4438 2927 4493 pugnare
2970 4422 3153 4479 volunt
3202 4430 3253 4478 et
3285 4436 3662 4496 protestantur.

439 4511 609 4581 Vigla,
635 4521 684 4564 et
713 4529 813 4582 que
839 4514 1206 4569 inhabitantur
1245 4528 1420 4585 etque
1454 4533 1559 4571 non
1599 4520 1990 4581 inliat'itantur,

424 4613 472 4656 et
503 4605 555 4657 in
587 4606 774 4673 quibus
807 4605 1033 4659 Venetici
1069 4616 1283 4661 manent
1311 4617 1360 4661 et
1390 4608 1540 4664 Creci
1581 4618 1640 4663 ut
1669 4612 1726 4664 in
1760 4622 1995 4682 ergaste-

427 4695 557 4757 riis;
587 4703 635 4746 et
659 4704 761 4747 tres
791 4695 984 4759 scalas,
1017 4712 1115 4765 que
1157 4713 1305 4750 secus
1357 4713 1503 4750 mare
1542 4707 1686 4762 sunt,
1717 4709 1765 4752 et
1797 4706 1853 4752 in
1881 4717 1999 4753 ma-

426 4784 610 4851 nifesto
656 4800 835 4852 spacio
865 4785 1388 4838 circumscribuntur.
1433 4784 1683 4854 Largitur
1725 4794 1902 4839 autem
1948 4793 1996 4838 et

420 4882 602 4925 sancto
632 4872 881 4937 ριιὶηεὶηο
913 4877 1022 4940 μυ)
1051 4875 1359 4943 pistrinum,
1401 4877 1540 4943 quod
1566 4877 1621 4928 in
1660 4874 1826 4929 latere
1850 4877 1996 4945 ejus-

422 4967 540 5018 dem
583 4966 792 5021 ecclesia
834 4976 930 5029 est,
969 4977 1017 5019 et
1063 4967 1244 5020 domui
1272 4971 1462 5020 attinet
1496 4967 1661 5021 Petrii
1699 4979 1747 5021 et
1798 4970 2000 5038 pensio-

423 5072 541 5109 nem
568 5056 719 5109 habet
750 5056 1076 5109 numismata
1135 5056 1342 5125 viginti.
1382 5056 1518 5110 Item
1578 5055 1803 5127 largitur
1844 5060 1918 5112 eis
1951 5068 2000 5111 et

421 5146 693 5200 ecclesiam
742 5149 913 5200 sancti
974 5147 1200 5208 Andree,
1256 5163 1354 5216 que
1418 5158 1492 5201 est
1548 5147 1824 5210 Durae/iii,
1884 5166 2000 5202 cum

422 5239 611 5291 ibidem
648 5240 983 5292 existentibus
1035 5239 1391 5307 imperialibus
1431 5240 1842 5307 pensionalibus,
1891 5241 2002 5293 sine

425 5336 599 5381 tamen
648 5339 935 5398 apparatu,
972 5330 1061 5397 qui
1091 5331 1141 5382 in
1224 5331 1295 5382 cis
1326 5332 1580 5397 repositus
1606 5339 1701 5391 est,
1733 5335 1884 5394 quasi
1916 5332 2003 5384 de-

496 5488 608 5557 (10)
645 5488 756 5541 lmo
800 5486 1116 5554 Ἀκινδύνῳ.

493 5556 705 5627 (Η)οε
748 5558 837 5609 his
890 5559 1204 5611 nominibus
1254 5556 1607 5611 conferantur
1659 5557 1991 5619 doctissima:

424 5626 619 5680 Tai’elii
658 5638 801 5680 notat:
827 5627 863 5678 Ι.
886 5626 921 5678 Ι.
948 5642 1001 5694 p.
1043 5628 1144 5680 “8
1169 5642 1252 5694 sq.

498 5697 633 5766 (11‘)
660 5697 779 5751 Lib.
821 5696 1012 5750 albus:
1041 5694 1448 5767 parat/ialaxica
1467 5710 1487 5761 ;
1514 5696 1634 5753 Lib.
1666 5697 1986 5755 Pactorum:

2094 4511 2295 4567 Contra
2317 4512 2450 4567 tales
2484 4515 2617 4566 viros
2638 4514 2755 4584 quis
2783 4515 3125 4581 contradicet,
3160 4524 3257 4570 aut
3280 4518 3398 4587 quis
3414 4517 3664 4589 placitum

2095 4605 2475 4674 aggrediatur?
2508 4604 2681 4670 Quam
2715 4605 2778 4660 ob
2811 4622 2925 4660 rem
2970 4622 3137 4678 neque
3190 4618 3454 4664 secretum
3511 4610 3667 4666 Petrii

2095 4706 2189 4751 aut
2218 4696 2441 4762 Mirelei,
2491 4714 2658 4767 neque
2699 4698 3048 4767 familiarium
3094 4700 3309 4771 aliquis,
3346 4718 3516 4773 neque
3559 4720 3663 4757 mo-

2097 4790 2389 4840 nasterium
2444 4790 2548 4842 sive
2607 4789 2859 4858 templum
2893 4800 3158 4856 sanctum,
3200 4794 3391 4863 quibus
3432 4795 3662 4849 videlicet

2096 4880 2291 4936 collata
2323 4885 2612 4952 ergasteria
2648 4886 2891 4939 adtinent
2923 4894 2971 4940 et
2997 4887 3182 4951 scalle,
3209 4900 3400 4945 contra
3437 4892 3530 4945 hos
3559 4908 3659 4945 mo

2096 4971 2303 5026 vebunt.
2352 4971 2520 5027 Erunt
2566 4984 2744 5029 autem
2773 4978 2985 5031 silentes
3029 4988 3078 5032 et
3107 4982 3163 5033 in
3202 4981 3596 5051 dispensatione
3618 4990 3664 5035 et

2095 5062 2231 5115 dono
2261 5064 2597 5128 sublimitatis
2648 5076 2823 5122 nostre
2867 5073 3125 5124 veraciter
3171 5074 3664 5143 perseveranteseh‘s

2097 5155 2234 5207 enim
2265 5170 2365 5223 que
2397 5164 2578 5209 nostra
2623 5157 2734 5211 vult
2782 5160 3032 5214 celsitudo
3063 5162 3236 5230 dignis
3283 5164 3523 5234 accipere
3564 5179 3659 5216 m

2097 5242 2376 5312 largimur,
2427 5261 2521 5298 ceu
2561 5246 2785 5301 viriliter
2822 5252 3053 5320 operatis
3093 5253 3528 5317 accelerantibus,
3556 5257 3660 5323 qui-

2098 5336 2191 5387 bus
2252 5350 2487 5405 unquam
2546 5337 2878 5409 largiemur?
2927 5339 3004 5395 Ea
3057 5352 3209 5393 υνηηι
3250 5361 3271 5371 -
3338 5344 3647 5394 Jnuo-immr-

2100 5494 2451 5562 peratalisita.

2172 5563 2283 5635 d2)
2315 5564 2458 5634 Lege
2497 5582 2649 5635 quas.

2169 5634 2280 5703 (15)
2309 5636 2462 5691 Adde
2495 5634 2630 5691 dulis
2664 5636 2745 5691 vel
2774 5639 2954 5694 servis.
