3942 6250
169 358 269 425 {57

172 474 488 530 collatorum
513 466 860 523 immobilium
893 467 1004 520 sine
1029 463 1294 518 ablatione
1330 475 1376 518 et
1407 463 1745 534 infestatione
1775 473 1813 524 Α

173 585 202 622 a
234 565 389 620 modo
416 570 510 633 per
532 577 708 615 omnes
746 566 795 613 et
823 559 1061 614 assiduos
1093 573 1260 612 annos
1293 555 1575 610 secundant
1611 570 1750 608 com-

173 657 569 728 prehensionem
625 652 848 721 praetiei
894 651 1082 704 horum
1138 650 1461 712 traditionis,
1502 647 1638 718 quod
1677 647 1748 700 eis

171 749 412 818 componi
448 747 594 800 debet
637 763 668 798 a
718 752 869 814 prato
925 745 1164 810 antipato
1198 742 1414 812 Georgio
1461 749 1508 794 et
1543 740 1749 793 notario

174 850 350 895 nostre
383 839 682 893 serenitatis
725 835 1061 902 Maclritario,
1090 835 1228 905 quod
1258 846 1304 889 et
1335 835 1548 902 ﬁrmum
1579 833 1677 885 erit
1701 839 1748 884 et

169 931 358 988 stabile
391 941 552 1001 atque
581 928 883 983 inviolabile
925 929 980 982 in
1004 928 1260 993 omnibus,
1291 943 1391 997 que
1415 928 1467 979 in
1488 942 1546 979 eo
1569 927 1709 980 conti
1734 955 1749 963 υ

171 1027 450 1079 nebuntnr.
483 1024 736 1092 Idemque
767 1022 913 1076 debet
954 1023 1008 1076 in
1062 1021 1171 1076 illis
1208 1021 1469 1074 substerni
1512 1019 1780 1082 secretis,‘

172 1119 221 1171 in
253 1117 445 1184 quibus
500 1124 550 1169 et
591 1130 805 1185 presens
853 1115 1021 1168 nostri
1067 1121 1355 1184 potestatus
1393 1112 1752 1166 substernetur

170 1205 563 1278 chrysobulum,
616 1205 686 1259 ad
739 1193 987 1259 notiEiam
1054 1204 1371 1258 collatorum
1424 1204 1575 1258 rectis
1637 1202 1746 1272 (14)

171 1299 497 1352 celsitudinis
513 1307 694 1351 nostre
719 1295 994 1361 Veneticis,
1015 1305 1061 1350 et
1082 1296 1201 1349 reda
1211 1298 1500 1367 rgntiouem
1514 1295 1747 1358 illorum,

171 1392 259 1461 qui
299 1391 424 1443 istos
470 1391 656 1443 horum
705 1390 884 1458 gratia
927 1389 1181 1457 infestare
1225 1390 1537 1442 niterentur.
1580 1387 1751 1458 Erunt

174 1485 336 1554 igitur
370 1481 529 1536 semel
557 1481 639 1535 hic
673 1481 894 1551 difj‘inita
934 1482 1113 1534 omnia
1156 1481 1312 1550 ﬁrma
1348 1490 1394 1534 et
1421 1479 1750 1534 inviolabilia

169 1584 220 1628 et
250 1594 285 1629 α
317 1577 522 1630 nemine
555 1578 999 1646 contempnenda.
1051 1573 1109 1629 Si
1169 1591 1286 1628 rero
1315 1575 1578 1646 quispiam
1619 1575 1752 1643 forte

171 1666 377 1736 aliquid
403 1669 457 1720 in
489 1668 587 1720 hoe
618 1665 928 1736 cltrysobulo
956 1667 1326 1720 ordinatorum
1356 1666 1750 1734 contempserit,

167 1759 589 1812 inremisibiliter
619 1767 833 1828 cogetur
863 1757 991 1811 dare
1019 1776 1052 1811 a
1080 1766 1280 1811 secreto
1318 1758 1401 1826 epi
1427 1768 1514 1811 ton
1542 1757 1751 1812 iltialton

165 1848 290 1900 auri
316 1847 476 1900 libras
510 1847 727 1912 decem;
763 1858 814 1900 et
851 1863 916 1901 ex
961 1862 1020 1900 eo
1053 1846 1286 1902 solvetur
1311 1846 1482 1900 ablati
1519 1848 1746 1917 pretium
1782 1832 1825 1886 Β

164 1940 218 1992 in
257 1938 642 2009 quadruplum,
691 1939 848 2006 ﬁrmo
901 1949 952 1992 et
991 1937 1170 1994 stabili
1219 1941 1473 1993 existente
1509 1950 1747 2009 presente

163 2027 480 2100 chrysobulo
521 2028 847 2082 celsitudinis
895 2039 1072 2083 nostre
1102 2071 1117 2093 ,
1186 2030 1325 2099 facto
1367 2046 1541 2083 mense
1600 2029 1748 2099 Majo

161 2123 467 2175 indictionis
493 2123 673 2191 quinte
704 2123 899 2175 decime
925 2125 977 2176 in
1025 2138 1167 2176 anno
1193 2137 1286 2176 sea:
1318 2121 1598 2176 millesimo
1629 2137 1749 2176 sex‘

160 2214 469 2277 centesimo,
507 2215 562 2266 in
594 2227 696 2281 quo
731 2219 780 2265 et
813 2223 1053 2266 nostrum
1091 2214 1236 2283 pium
1264 2221 1313 2265 et
1354 2229 1387 2266 a
1415 2213 1511 2266 deo
1538 2228 1748 2282 prome-

155 2312 276 2357 (ατη
307 2305 636 2374 subsignavit
664 2307 966 2375 imperium.

237 2413 255 2447 ι
297 2394 472 2466 Igitur
502 2394 791 2464 imperium
855 2405 1106 2450 nostrum
1165 2397 1483 2468 hujusmodi
1538 2398 1745 2452 contir-

161 2502 188 2536 α
224 2499 388 2540 mans
415 2484 835 2554 chrysobulum,
865 2485 1121 2539 concedit
1170 2494 1225 2540 et
1262 2502 1481 2542 rursum
1543 2487 1748 2542 habere

165 2595 186 2626 ο
221 2577 518 2640 effectum,
545 2577 848 2630 secundum
894 2577 1040 2647 quod
1081 2577 1344 2633 dictatum
1386 2580 1440 2635 in
1476 2581 1750 2650 principio

161 2687 184 2720 ς
223 2669 336 2726 fuit
370 2678 508 2724 tunc
533 2681 660 2723 cum
690 2669 774 2724 eis
794 2670 1052 2724 collatum
1089 2669 1214 2736 fuit,
1251 2681 1524 2742 quatenus
1553 2683 1610 2729 et
1638 2673 1750 2728 sol-

162 2781 186 2813 ς
225 2761 542 2830 lempnium
577 2760 906 2815 beneficium
933 2761 1133 2817 iterum
1161 2763 1455 2833 accipiant,
1485 2774 1543 2820 et
1575 2765 1749 2821 bono-

161 2870 185 2903 ι
223 2852 678 2923 readignitatum
726 2853 1108 2910 nobilissimus
1153 2855 1268 2910 dux
1315 2864 1373 2912 et
1418 2858 1749 2916 sacerrimus

159 2963 184 2995 ι
222 2945 556 3014 patriarcha
607 2959 733 2999 cum
773 2946 890 3001 suis
937 2949 1266 3018 errogativis
1312 2949 1585 3016 habeant,
1645 2968 1751 3008 nec

157 3054 180 3086 ι
214 3051 336 3091 non
364 3045 424 3092 et
453 3036 557 3106 ipsi
590 3038 992 3107 possessionem
1039 3049 1093 3095 et
1134 3039 1452 3102 lruitionem
1500 3053 1748 3115 ergaste-

156 3149 179 3182 ι
219 3132 443 3232 riorum
473 3141 532 3185 et
554 3131 881 3186 collatorum
918 3140 975 3186 et
1013 3134 1284 3188 scalarum
1313 3136 1434 3190 sine
1471 3137 1745 3194 ablatione
1777 3172 1822 3232 ο

157 3239 182 3272 ε
219 3211 575 3291 possideant.
615 3220 880 3277 Similiter
911 3224 1028 3278 vult
1058 3225 1353 3281 clementia
1405 3238 1624 3296 nostra,
1654 3245 1751 3286 eos

152 3329 178 3363 α
214 3312 438 3366 habere
482 3311 765 3366 licentiam
815 3313 937 3369 sine
986 3315 1360 3385 prohibitione
1404 3321 1749 3390 negociandi,

152 3422 178 3455 α
217 3405 352 3459 sine
374 3405 759 3459 commerchio
781 3415 836 3460 et
867 3407 1112 3476 qualibet
1150 3409 1256 3464 alia
1285 3410 1508 3466 datione
1540 3413 1594 3466 in
1628 3427 1753 3467 om-

153 3515 182 3546 ι
219 3497 402 3551 nibus
441 3497 743 3552 numeratis
778 3497 832 3552 in
867 3500 1162 3555 manifesto
1189 3501 1523 3572 chrysobulo
1561 3503 1754 3559 civita-

154 3603 180 3636 c
221 3585 388 3639 tibus
415 3592 476 3640 et
521 3585 684 3639 terris
715 3586 818 3640 sub
842 3595 1110 3656 potestate
1158 3599 1349 3646 nostre
1399 3593 1752 3648 sublimitatis

151 3693 178 3728 ι
215 3674 624 3732 existentibus.
650 3675 850 3730 Verum
872 3685 928 3732 et
956 3679 1298 3734 sanctissime
1322 3682 1551 3737 ecclesie
1575 3684 1750 3738 sancti

153 3786 182 3819 δ
216 3766 476 3837 apostoli
501 3777 562 3821 et
580 3768 922 3839 evangeliste
953 3770 1140 3836 Marci,
1169 3787 1278 3841 que
1303 3784 1389 3828 est
1418 3773 1474 3828 in
1498 3775 1750 3831 Veneciis

147 3871 175 3906 ι
209 3855 582 3915 constituta.
645 3854 716 3909 de
764 3856 1217 3914 Amalﬁtanorum
1284 3865 1597 3931 ergasteriis
1653 3881 1751 3935 per

147 3962 174 3995 ι
213 3944 546 4014 prefactum
589 3943 978 4014 chrysobulum
1035 3948 1152 4002 sine
1211 3950 1518 4019 privatione
1567 3956 1746 4010 eidem

146 4054 174 4090 e
211 4040 527 4092 tradentur
583 4037 844 4094 ecclesie.
931 4039 1202 4106 Quoniam
1260 4057 1390 4098 vero
1443 4053 1570 4101 ante
1633 4061 1746 4101 non

145 4147 166 4180 ι
207 4143 441 4198 paucos
503 4144 681 4184 annos
728 4129 798 4184 ab
871 4130 1001 4194 hiis,
1056 4133 1149 4201 qui
1202 4135 1465 4202 quasdam
1534 4153 1746 4194 merces

145 4238 170 4274 ί
215 4219 522 4277 Venetici:
549 4219 608 4275 in
639 4220 905 4276 Romanie
937 4222 1255 4292 regionibus
1295 4227 1562 4292 vendunt,
1593 4243 1748 4282 com-

142 4331 166 4365 ε
204 4311 544 4367 merchium
578 4310 724 4382 exigi
768 4313 1021 4382 contigit,
1060 4324 1114 4370 et
1150 4316 1394 4370 obtinuit
1430 4318 1744 4388 hujusmodi

145 4423 166 4452 α
206 4418 350 4459 mos
385 4411 453 4456 ut
504 4410 656 4472 patet
716 4403 875 4459 annis
934 4405 1354 4472 sullicicntibus,
1416 4424 1747 4480 rogaverunt

1230 348 1604 412 NOVELLzE
1649 343 2334 408 CONSTITUTIONES.

3303 341 3410 406 158

1856 477 1873 510 ι
1909 459 2220 515 ventionem
2267 458 2474 530 scripto
2517 456 2883 529 peragendam
2918 469 2947 510 a
2979 455 3190 510 nuntiis
3227 469 3416 510 eorum

1859 569 1877 602 ε
1913 551 2205 606 clementie
2245 560 2433 606 nostre
2459 561 2589 605 sunt
2617 550 2982 622 jurejurando
3009 548 3275 619 promissa
3299 588 3314 613 ,
3362 556 3420 602 et

1857 661 1876 694 ι
1916 645 2067 698 llrma
2096 653 2150 700 et
2184 643 2524 698 inviolabilia
2557 645 2872 699 observare.
2907 641 3088 712 Super
3123 641 3231 696 hoc
3258 649 3424 695 erunt

1855 753 1876 786 ι
1913 733 2014 804 ipsi
2058 735 2199 806 juris
2241 735 2345 788 sibi
2381 735 2566 788 collati
2600 749 2698 804 per
2747 749 2974 804 presens
3026 732 3421 804 chrysobulum

1857 843 1876 875 ι
1915 826 2034 880 sine
2073 826 2346 882 ablatione
2368 826 2659 890 donantes,
2683 841 2783 894 per
2805 827 3052 880 seculum
3073 840 3236 880 omne
3265 824 3425 878 ﬁrmo

1861 935 1879 966 ε
1916 925 1973 971 et
2049 916 2351 971 inriolabili
2421 925 2676 986 presente
2740 918 3068 988 chrysobolo
3127 916 3422 979 existente,

1861 1027 1879 1059 ‹
1917 1008 2058 1063 facto
2090 1024 2278 1063 mense
2307 1008 2550 1078 Augusto
2590 1007 2911 1063 indictionis
2951 1017 3144 1077 quarte
3177 1023 3271 1063 sex
3304 1009 3426 1062 mil-

1860 1117 1879 1150 ε
1913 1099 2091 1153 lcsimi
2145 1099 2550 1153 sexcentissimi
2596 1099 2862 1169 trigesimi
2918 1100 3099 1169 quarti
3168 1101 3321 1162 anni,
3366 1101 3421 1156 in

1860 1212 1879 1245 σ
1915 1209 2026 1265 quo
2054 1208 2111 1250 et
2142 1206 2392 1250 nostrum
2427 1196 2577 1264 pium
2627 1206 2684 1250 et
2707 1209 2736 1248 a
2772 1195 2877 1250 deo
2903 1204 3213 1264 promotum
3247 1196 3430 1250 subsi-

1861 1303 1879 1336 ι
1910 1285 2096 1355 gnavit
2124 1285 2438 1356 imperium.
2473 1303 2493 1336 ι

1931 1374 2094 1431 «Hec
2157 1377 2321 1447 igitur
2380 1384 2532 1440 sunt,
2599 1391 2763 1446 quea
2830 1386 3098 1446 perpetuo
3163 1379 3431 1432 memorie

1854 1466 2186 1529 imperatore
2215 1477 2269 1522 et
2289 1484 2391 1523 avo
2416 1470 2631 1539 imperii
2662 1467 2834 1524 nostri
2871 1478 2926 1523 et
2963 1479 3045 1524 ter
3070 1470 3232 1525 beato
3259 1471 3432 1540 impe-

1855 1567 2034 1614 ratore
2066 1557 2291 1613 domino
2325 1569 2381 1614 et
2410 1571 2563 1629 patre
2599 1560 2943 1615 celsitudinis
2997 1572 3188 1616 nostre
3215 1563 3426 1619 ﬁdelis-

1854 1651 2008 1706 simis
2037 1651 2271 1721 imperio
2297 1663 2486 1708 nostro
2513 1654 2784 1709 Veneticis
2810 1669 2908 1725 pcr
2936 1655 3266 1726 chrysobula
3306 1659 3430 1713 illo-

1859 1759 1976 1797 rum
2008 1745 2203 1799 collata
2229 1753 2394 1810 sunt;
2423 1761 2530 1815 que
2559 1747 2724 1801 etiam
2755 1746 3055 1818 chysobula
3082 1755 3140 1803 et
3177 1757 3427 1804 nostrum

1857 1837 2004 1905 pium
2032 1836 2324 1908 imperium
2344 1838 2667 1893 corroborat
2688 1854 2786 1908 per
2807 1855 3040 1910 presens
3065 1839 3426 1906 crisobulum,

1851 1937 1907 1982 et
1935 1929 2093 2000 jubet
2126 1929 2384 1984 cll‘ectum
2409 1945 2473 1984 ea
2499 1930 2724 1995 habere,
2779 1936 3083 1987 secundum
3113 1934 3258 2002 quod
3299 1948 3426 1988 eum

1853 2035 2026 2090 usque
2065 2021 2132 2076 ad
2166 2022 2550 2092 migrationem
2582 2022 2650 2076 ad
2682 2022 2965 2077 dominum
2998 2023 3147 2079 inter
3184 2024 3428 2095 impera-

1853 2124 2000 2171 tores
2025 2126 2290 2186 perpetue
2318 2118 2585 2172 memorie
2623 2127 2707 2173 ter
2753 2118 2900 2173 beati
2929 2119 3139 2174 domini
3169 2131 3222 2175 et
3253 2121 3429 2190 patris

1852 2215 2037 2262 nostre
2063 2209 2420 2263 sublimitatis
2449 2209 2748 2265 habebant.
2776 2210 3023 2266 Venetici
3053 2221 3236 2267 autem
3264 2213 3427 2268 solita

1853 2300 1958 2355 sibi
2014 2311 2354 2356 sacramenta
2415 2301 2686 2357 facientes
2732 2301 3106 2357 observabunt
3163 2303 3322 2359 Iidem
3373 2313 3430 2360 et

1851 2392 2210 2457 servitutem,
2266 2408 2434 2463 quam
2485 2402 2677 2448 nostre
2731 2394 3049 2449 celsitudini
3115 2395 3319 2450 debent
3375 2406 3431 2451 et

1851 2485 2140 2547 Romauie,
2181 2485 2315 2555 ipsis
2346 2487 2610 2556 operibus
2661 2501 2857 2557 puram
2904 2496 2962 2541 et
3013 2502 3146 2542 vere
3197 2499 3423 2544 rectam.

1849 2577 2118 2644 Quoniam
2146 2593 2300 2643 vero,
2337 2587 2397 2633 ut
2434 2580 2670 2634 relatum
2701 2579 2806 2634 fuit
2843 2579 3139 2637 clementia
3180 2591 3368 2638 nostre
3395 2600 3425 2638 a

1851 2669 2066 2724 nuntiis
2093 2669 2488 2726 Veneticorum
2543 2671 2600 2725 in
2657 2686 2851 2741 magna
2881 2671 3020 2728 urbe
3051 2675 3425 2742 presentibus.

1853 2759 2200 2830 inpetravere
2231 2762 2474 2817 Venetici
2529 2771 2846 2832 preceptnm
2894 2764 3118 2834 quidem
3159 2767 3432 2822 interim-

1852 2863 2138 2922 peratorcs
2176 2868 2396 2924 semper
2422 2855 2767 2910 memorandi
2816 2855 3190 2926 imperatoris,
3219 2859 3431 2914 domini

1852 2951 1910 2998 et
1962 2945 2137 3014 patris
2177 2944 2394 3014 imperii
2429 2946 2628 3011 nostri,
2685 2946 2974 3002 licenciam
3009 2947 3148 3018 ipsis
3195 2950 3434 3020 largiens

1854 3034 1976 3090 sine
2004 3036 2386 3105 prohibitione
2415 3045 2473 3092 et
2505 3053 2603 3108 per
2633 3038 2842 3093 insulas
2871 3040 3221 3109 negociandi,
3273 3043 3431 3097 vidc-

1853 3127 1983 3182 licet
2013 3127 2238 3197 Ciprum
2265 3136 2322 3184 et
2342 3129 2585 3194 Cretam,
2624 3145 2722 3200 per
2743 3131 2890 3201 quod
2922 3139 2980 3186 et
3010 3133 3129 3188 sine
3157 3149 3432 3189 commer-

1857 3218 1964 3274 ltiis
1997 3211 2238 3276 debeant
2289 3222 2558 3276 custodiri
2616 3222 2824 3292 ubique
2883 3232 3152 3278 terrarum
3210 3227 3428 3296 imperii

1856 3312 2030 3367 nostri
2063 3328 2164 3382 pro
2195 3312 2306 3368 hiis
2335 3314 2517 3368 omnis
2563 3315 2783 3383 generis
2810 3315 3124 3384 speciebus,
3159 3332 3296 3386 quas
3325 3318 3430 3389 ipsi

1855 3404 1927 3458 ab
1948 3402 2156 3458 eisdem
2180 3402 2376 3458 insulis
2397 3404 2746 3466 mercabunt,
2778 3404 3028 3472 nequivit
3058 3415 3241 3460 autem
3270 3415 3432 3463 tenor

1855 3495 2104 3566 ejusdem
2132 3494 2377 3566 prccepti
2420 3494 2600 3549 adhuc
2639 3493 2896 3549 eﬂ‘ectum
2940 3495 3208 3562 recipere,
3261 3513 3428 3568 quam

1854 3586 1926 3642 ob
1956 3601 2071 3642 rem
2121 3595 2179 3641 et
2234 3600 2383 3640 nunc
2430 3600 2606 3654 usque
2638 3586 2886 3642 Venetici
2914 3589 3114 3644 collato
3162 3591 3298 3659 ipsis
3333 3609 3432 3662 per

1853 3678 2171 3750 hujusmodi
2203 3685 2523 3748 preceptnm
2556 3677 2827 3732 beneﬂcio
2861 3690 3082 3748 carent;
3121 3682 3431 3751 petierunt-

1852 3788 1962 3842 que
2009 3771 2080 3826 ab
2130 3771 2364 3841 imperio
2406 3781 2596 3826 nostro
2643 3770 2878 3842 precipi,
2923 3781 3196 3842 quatenus
3227 3775 3432 3832 beneli-

1853 3865 2024 3926 cium,
2047 3862 2193 3933 quod
2223 3861 2279 3916 in
2300 3862 2550 3932 predicto
2572 3863 2890 3918 continetur
2916 3873 3190 3934 precepto
3208 3881 3430 3938 semper

1854 3953 2196 4009 memorandi
2247 3952 2599 4023 imperatoris
2639 3952 2850 4007 domini
2885 3963 2942 4009 et
2979 3958 3160 4025 .patris
3207 3938 3406 4029 imperi

1850 4046 2052 4111 nostri,
2102 4055 2160 4101 et
2197 4046 2381 4101 adimo
2449 4054 2602 4100 caret
2643 4045 2868 4106 ell‘ectu,
2930 4048 3130 4103 amodo
3181 4050 3434 4118 potiatur

1849 4138 2088 4202 ellectu;
2146 4137 2442 4193 clementia
2472 4147 2663 4191 nostra
2687 4136 2758 4191 ob
2793 4135 2956 4190 ﬁdem
2989 4145 3047 4192 et
3071 4140 3422 4207 servitutem,

1850 4245 2016 4300 quam
2043 4244 2170 4298 erga
2199 4228 2595 4284 sublimitatem
2619 4235 2865 4281 nostram
2890 4226 3152 4282 exhibent
3177 4240 3234 4284 et
3263 4231 3426 4284 dein-

1849 4335 1978 4387 ceps
2015 4319 2278 4374 exhibere
2320 4318 2673 4388 pollicentur,
2725 4317 3040 4387 hujusmodi
3089 4320 3422 4388 peticionen.

1847 4424 2039 4464 eorum
2068 4407 2366 4464 exaudiens
2387 4406 2641 4463 concedit
2663 4415 2720 4460 et
2750 4405 3004 4476 precipit,
3019 4406 3140 4462 sine
3170 4411 3420 4478 prohibi-

139 4515 163 4548 ι
207 4501 500 4550 autemet
517 4509 623 4565 pro
651 4493 758 4551 hoc
782 4497 1131 4552 clementiam
1164 4508 1406 4555 nostram
1438 4501 1741 4559 ﬁdelissimi
1775 4504 1822 4562 ο
1848 4500 2006 4554 cinae
2039 4513 2136 4569 per
2177 4498 2494 4553 manifestas
2538 4496 2764 4562 insulas,
2797 4495 3038 4566 Cyprum
3080 4497 3337 4556 videlicet
3366 4512 3424 4557 et

142 4607 164 4640 ι
203 4598 277 4642 et
307 4586 488 4644 amici
511 4595 702 4642 nostre
727 4589 1050 4645 serenitatis
1081 4590 1350 4657 Venetici,
1388 4603 1665 4663 quatenus
1695 4611 1753 4653 et

137 4678 552 4751 «huiusmodi
609 4678 921 4749 corrigatur
962 4682 1288 4750 capitulum,
1339 4684 1534 4755 eisque
1587 4678 1750 4760 hujus

140 4792 164 4824 ι
211 4772 402 4826 detur
432 4769 659 4825 licentia
699 4778 757 4824 et
809 4769 1058 4838 libertas,
1111 4773 1401 4831 clementia
1461 4790 1642 4834 nostra
1696 4790 1756 4836 et

136 4884 162 4917 ι
206 4866 379 4919 hanc
411 4875 613 4917 eorum
667 4861 995 4930 peticionem
1034 4862 1378 4935 adimplevit,
1434 4877 1489 4922 et
1514 4871 1753 4940 precipit

135 4974 160 5008 ι
202 4970 325 5026 per
353 4967 591 5024 presens
627 4952 1040 5023 chrysobulum,
1091 4965 1152 5010 ut
1197 4957 1382 5013 nullus
1434 4959 1538 5014 sub
1561 4972 1748 5017 nostre

130 5069 154 5100 ς
203 5044 546 5115 majestatis
591 5052 864 5112 potestate
916 5044 1252 5099 Romeorum
1308 5062 1434 5102 cum
1469 5049 1750 5106 Veneticis

133 5159 158 5192 ι
201 5136 656 5208 negociancium
693 5134 747 5188 in
790 5135 1050 5191 omnibus
1103 5137 1367 5194 Romanie
1418 5142 1604 5206 terris,
1654 5151 1751 5198 aut

130 5250 158 5296 ς
199 5225 464 5301 quando
495 5225 578 5280 eis
610 5225 804 5280 vendit
835 5234 932 5279 aut
959 5227 1182 5296 quando
1237 5229 1306 5284 ab
1338 5230 1525 5300 aliquo
1554 5247 1748 5288 eorum

130 5343 154 5376 ι
199 5320 392 5382 emit,
434 5319 530 5372 det
552 5317 877 5372 commerkii
912 5319 1087 5389 gratia
1114 5320 1408 5392 quicquam
1453 5323 1536 5378 vel
1579 5323 1753 5380 alicu-

128 5437 152 5471 ι
191 5416 311 5488 jus
355 5411 504 5466 alius
537 5412 880 5476 exactionis;
914 5411 1013 5466 sed
1037 5423 1372 5468 excusentur
1399 5424 1456 5471 et
1500 5416 1628 5486 ipsi,
1657 5433 1754 5472 seu

128 5530 154 5562 ι
199 5508 327 5572 hii,
371 5504 468 5574 qui
499 5503 874 5559 commerchia
923 5503 1184 5560 dantibus
1236 5508 1618 5578 negociantur.
1651 5509 1757 5564 Ve—

121 5621 147 5656 ι
192 5607 549 5658 rumtamen
597 5607 654 5654 et
684 5594 932 5652 Venetici
957 5593 1161 5650 debent
1191 5613 1277 5665 ea,
1319 5614 1426 5669 quc
1475 5615 1572 5670 per
1625 5615 1756 5654 con-

209 5785 357 5862 (14)
395 5780 548 5837 Adde
571 5778 712 5832 dalis
737 5779 821 5832 vel
851 5777 1028 5833 seruis.

504 5877 776 5936 ΡΑτιιοι..
831 5875 946 5934 Gn.
995 5873 1274 5935 CXXXV.

1847 4591 2090 4654 Cretam,
2126 4604 2223 4644 eos
2279 4588 2588 4659 negociari,
2620 4589 2838 4643 nemine
2867 4589 3168 4658 quidquam
3214 4592 3284 4646 ab
3337 4593 3422 4648 eis

1850 4683 2068 4752 exigere
2091 4691 2443 4752 presumente
2469 4682 2664 4736 horum
2690 4681 2885 4751 gratia,
2907 4689 2965 4735 et
2999 4679 3122 4736 sine
3153 4697 3425 4739 commer-

1851 4775 1959 4834 kiis
2022 4775 2227 4845 ubique
2288 4786 2558 4830 terrarum
2621 4774 3078 4843 imperiitnostri
3157 4777 3426 4834 custodiri

1854 4864 2156 4921 secundum
2188 4863 2442 4935 superius
2464 4863 2700 4934 scriptas
2735 4861 3133 4920 condictiones.
3165 4865 3338 4936 Igitur
3366 4878 3432 4922 ut

1855 4965 1912 5012 et
1934 4956 2038 5027 ipsi
2068 4956 2460 5012 certitudinem
2485 4955 2722 5010 habeant
2749 4953 2817 5008 de
2852 4953 3170 5023 inpresenti
3201 4956 3428 5028 chryso-

1858 5047 1988 5103 bulo
2025 5047 2290 5114 dillinitis,
2327 5063 2556 5117 presens
2593 5045 2987 5117 ehrysobulutn
3035 5057 3122 5101 est
3148 5049 3429 5116 composi-

1857 5149 1996 5203 tum,
2052 5139 2253 5194 factum
2296 5152 2486 5192 mense
2517 5136 2745 5193 Octubri
2779 5135 3095 5193 indictionis
3135 5136 3426 5193 undecimo

1859 5229 1988 5285 anni
2041 5245 2134 5285 sex
2195 5230 2472 5286 millesimi
2527 5228 2911 5284 sexcentesimi
2957 5229 3425 5298 quinquagessimi

1859 5323 2018 5388 sexti,
2058 5323 2112 5377 in
2141 5337 2252 5392 quo
2279 5331 2333 5377 et
2363 5331 2609 5376 nostrum
2641 5320 2790 5390 pium
2822 5330 2881 5375 et
2921 5333 2952 5374 a
2990 5319 3094 5374 deo
3113 5325 3425 5388 promotum

1851 5415 2192 5486 subsignavit
2230 5411 2544 5484 imperium.
2586 5432 2604 5466 ι

1925 5508 2040 5563 Hoc
2071 5509 2239 5579 igitur
2270 5507 2660 5578 chrysobolum
2683 5505 2762 5560 sic
2788 5503 3082 5560 continens
3105 5501 3250 5556 beati
3278 5509 3428 5556 tran-

1850 5600 1990 5656 situs
2023 5609 2078 5655 et
2124 5616 2341 5672 semper
2384 5599 2725 5655 memorandi
2783 5594 3130 5666 imperatoris
3160 5601 3218 5649 et
3247 5596 3427 5663 patrui

2964 5861 3032 5922 15
