3912 6244
542 314 650 380 459

1788 318 2033 379 ιδΑΑει
2083 326 2097 377 .-‘

2210 320 2369 381 $511.1
2416 317 2571 381 IMP.
2676 318 2701 353 λ
3636 315 3742 380 ’480

544 427 763 499 imparii
796 427 968 482 nostri
1002 427 1182 497 magni
1210 425 1475 482 Manut-lis
1498 425 1833 481 conﬁrmans
1866 436 1920 482 et
1945 437 2131 481 nostra
2165 439 2204 493 Α
2238 430 2529 485 Veneticos
2578 437 2629 482 et
2686 429 2946 485 universa
3006 427 3142 501 ipsis
3186 427 3311 483 data
3358 435 3416 483 et
3467 441 3685 483 concessa
3724 448 3746 483 .t

543 523 720 593 pietas
748 538 844 593 per
875 537 1102 592 presens
1158 523 1552 593 eltrysobulum
1615 521 1845 577 vet-bum
1902 522 2121 593 imperii

520 616 740 691 nostri,
772 613 1028 671 concedit
1093 624 1149 669 et
1201 616 1460 685 precipit,
1514 615 1693 685 ipsum
1740 615 2018 680 videlicet,
2070 624 2127 669 et

540 725 647 779 que
675 708 728 761 in
758 709 874 776 ipso
900 706 1234 780 cbrysobulo
1265 708 1438 763 verbo
1498 706 1859 761 notilicantur
1908 721 2128 775 semper

539 799 1021 854 memorandorttm
1054 798 1475 867 imperatorum,
1498 800 1686 867 proavi
1718 798 1931 852 scilicet
1954 800 2130 864 impe-

541 890 607 942 rii
668 891 841 943 uestri
874 888 1051 945 Alexii
1086 888 1374 954 Comnani,
1410 903 1461 945 et
1491 896 1668 959 magni
1704 888 1884 959 patrui
1911 888 2126 957 imperii

538 980 709 1033 nostri
770 980 1037 1034 Johannis
1093 979 1403 1046 Comnani,
1470 980 1625 1033 firma
1684 988 1740 1034 et
1791 980 2126 1033 inviolabilia

524 1086 862 1151 permanere
895 1070 949 1124 in
985 1073 1277 1138 omnibus,
1311 1087 1419 1143 que
1457 1072 1783 1137 continent,
1816 1080 1871 1125 et
1896 1088 2127 1126 conser-

536 1165 654 1218 Πιγὶ
723 1179 987 1234 personas
1046 1175 1102 1219 ct
1158 1181 1246 1221 res
1313 1166 1602 1221 universas
1682 1164 2127 1219 ﬁdelissimorum

535 1256 849 1320 celsitudini
884 1266 1068 1310 nostre
1105 1257 1494 1312 Veneticorum
1532 1259 1716 1312 salvas
1753 1268 1809 1312 et
1835 1258 2021 1311 illesas
2052 1258 2123 1311 ab

516 1344 681 1409 omni
715 1346 934 1399 homine
978 1346 1335 1402 sublimitatis
1388 1357 1596 1411 nostre,
1655 1362 1758 1401 nec
1797 1361 1905 1401 non
1941 1358 1996 1400 et
2050 1348 2118 1398 ab

514 1436 654 1505 ipso
699 1437 935 1506 imperio
978 1446 1170 1494 nostro
1212 1446 1266 1493 ln
1301 1438 1560 1493 onmibus
1601 1439 1890 1493 cletnentie
1933 1446 2119 1491 nostro

534 1526 715 1597 terris,
742 1537 796 1595 et
834 1528 886 1581 itt
920 1538 1063 1585 terra
1112 1539 1169 1585 et
1216 1530 1271 1585 in
1311 1529 1472 1594 mari,
1511 1530 1715 1586 habere
1747 1538 1802 1585 et
1833 1530 2119 1601 predietos

2225 524 2531 577 manifestis
2561 538 2780 593 semper
2813 522 3185 579 memorandis
3227 519 3633 590 imperatoribus
3657 537 3746 585 utn-

2224 615 2448 669 nimode
2511 614 2850 668 inviolabilia
2893 624 2949 668 et
3001 615 3206 689 absque
3267 613 3377 667 ulla
3409 611 3747 666 diminucione.

2225 704 2527 761 secundum
2557 707 2701 776 quod
2744 708 2826 760 eis
2864 705 2989 760 data
3022 705 3248 758 fuerunt
3277 714 3333 757 et
3364 718 3751 773 concessa,pre—

2227 806 2386 852 sonte
2422 796 2757 867 ehrysobulo
2811 797 2979 850 verbo
3042 796 3257 865 imperii
3316 794 3491 871 nostri
3540 794 3666 846 lirtno
3712 803 3753 845 rt

2230 889 2533 945 inviolabili
2589 904 2916 958 permanere
2986 888 3226 942 debente
3276 887 3332 941 in
3386 885 3642 950 omnibus,
3673 901 3753 955 que

2229 983 2511 1047 continet;
2543 982 2690 1036 facto
2724 995 2911 1036 mense
2936 980 3241 1037 Februario
3293 979 3563 1050 presentis
3602 978 3753 1047 quinte

2232 1076 2551 1130 indictiouis
2584 1090 2677 1129 sex
2711 1075 2989 1128 millesimi
3036 1074 3426 1128 sexcentesimi
3472 1073 3752 1142 nonagesinti

2229 1168 2407 1238 quinti
2452 1167 2606 1230 anni,
2665 1168 2718 1221 itt
2753 1181 2866 1235 quo
2921 1174 2978 1218 et
3040 1174 3291 1219 nostrum
3354 1163 3507 1232 pium
3538 1173 3587 1216 et
3629 1162 3755 1217 adet

2228 1269 2545 1331 promotum
2576 1258 2920 1328 subsignavit
2951 1240 3273 1327 imperium.

2508 1416 2771 1471 YSAAKIUS
2800 1415 2854 1470 in
2888 1415 3109 1471 Christo
3145 1415 3256 1469 Deo
3291 1414 3470 1469 ﬁdelis
3504 1414 3755 1482 imperator

2617 1518 2670 1561 et
2703 1510 3018 1563 moderator
3067 1508 3398 1562 ltotneorutn
3440 1508 3673 1574 Angelus.

2112 1702 2199 1759 IV.

971 1864 1140 1906 suam
1169 1866 1329 1905 sum
1359 1865 1426 1904 ne
1465 1863 1617 1905 LOCIS
1647 1864 1677 1902 Α
1701 1862 1923 1903 γεκετιε
1958 1860 2442 1905 consrssrtnoeom
2489 1859 2829 1899 POSSIDENDIS
2862 1841 2999 1915 [£5].
3035 1842 3121 1913 (A.
3168 1840 3352 1909 “87).

593 2013 866 2081 Quoniam
909 2014 1155 2073 Venetici
1194 2012 1263 2069 ad
1316 2014 1613 2084 imperium
1659 2020 1909 2067 nostrum
1946 2026 2107 2071 acce—
2139 2018 2180 2073 [3
2211 2005 2388 2077 parati
2424 2014 2481 2062 et
2516 2005 2758 2076 prompti
2793 2013 3196 2077 apparuerunt.
3241 2002 3311 2059 Ut
3339 2003 3489 2060 enim
3519 2002 3760 2074 prodictus

520 2107 716 2163 dentes
764 2103 915 2162 etab
965 2120 1036 2160 eo
1087 2104 1157 2160 ad
1199 2105 1469 2160 servitum
1519 2102 1872 2159 celsitudinis
1921 2110 2108 2158 nostro
2215 2097 2404 2155 Sicilie
2442 2098 2704 2154 dominus
2732 2097 3008 2168 Regerius
3039 2096 3252 2160 didicit,
3289 2095 3759 2151 incustoditaslorc

519 2199 728 2269 recepti
756 2213 881 2253 eum
906 2198 1129 2263 ceteris,
1158 2212 1266 2267 que
1297 2196 1740 2267 postulaverunt,
1772 2195 1844 2251 ab
1873 2194 2108 2265 imperio
2212 2201 2402 2262 partes
2437 2191 2657 2261 imperii
2690 2189 2890 2254 nostri,
2924 2206 3032 2259 que
3065 2190 3253 2244 eireba
3280 2188 3538 2244 Greciam
3563 2197 3614 2242 et
3636 2188 3760 2243 Pelo-

520 2302 714 2348 nostro
744 2291 1025 2361 petierunt
1059 2298 1306 2346 nostram
1333 2289 1700 2360 deposuentes
1724 2288 2105 2355 serenitatem,
2210 2282 2467 2351 ponisum
2502 2289 2653 2346 sunt,
2683 2290 2740 2337 et
2771 2281 2979 2335 insulas
3009 2289 3187 2335 terras
3220 2280 3438 2348 imperii
3466 2281 3648 2343 neatri,
3672 2294 3759 2348 que

2209 2373 2355 2429 circa
2395 2372 2616 2428 easdem
2665 2382 2847 2428 terras
2874 2382 3034 2437 sunt,
3077 2371 3208 2426 dum
3254 2371 3568 2427 sublimitas
3602 2382 3759 2425 nostra

2208 2475 2424 2521 vacaret
2461 2465 2802 2535 suseeptioni
2846 2475 2903 2521 et
2943 2465 3167 2520 ducatui
3200 2478 3395 2520 earum
3421 2504 3434 2528 ,
3476 2478 3583 2533 que
3624 2463 3762 2532 paulo

2204 2568 2336 2612 ante
2376 2573 2474 2627 per
2509 2566 2711 2613 terram
2746 2557 2967 2627 imperii
3001 2557 3179 2613 nostri
3215 2557 3584 2619 transierunt,
3622 2555 3758 2609 inuu-

2204 2632 2561 2705 merabilium
2593 2650 3037 2722 expeditionum,
3071 2651 3507 2704 Alemannorum
3535 2647 3762 2704 videlictt

2202 2753 2260 2799 et
2303 2743 2721 2806 Francltorum,
2765 2753 2822 2798 et
2865 2751 3115 2813 paratum
3150 2741 3264 2813 (18)
3306 2756 3435 2796 cum
3473 2741 3604 2811 ipsis
3637 2747 3761 2794 esset

2202 2847 2397 2893 contra
2427 2839 2625 2907 impios
2643 2841 2925 2906 Agareuos
2947 2836 3014 2892 ad
3042 2836 3453 2906 expeditionem
3478 2833 3759 2889 faciendum

2201 2946 2300 3002 per
2336 2931 2481 2986 stolii
2519 2930 2841 2985 missionem
2868 2970 2882 2993 ,
2922 2929 3195 2999 ejusmodi
3242 2928 3529 2999 regionem
3561 2927 3757 2981 celsitu—

2201 3023 2350 3078 dinis
2396 3034 2621 3088 nostro,
2678 3023 2990 3078 secundum
3047 3022 3194 3093 quod
3245 3022 3298 3077 ei
3350 3020 3613 3090 possibile
3652 3017 3756 3078 fuit,

2199 3115 2570 3185 depopulatus
2605 3126 2724 3181 est;
2754 3131 2994 3186 cumque
3024 3115 3173 3184 quod
3208 3113 3415 3171 factum
3443 3123 3533 3170 est
3563 3114 3626 3168 ad
3652 3127 3757 3182 pro-

2197 3209 2475 3265 dictorum
2520 3210 2911 3265 Venetieorum
2956 3224 3123 3263 aures
3161 3209 3529 3280 pervenisset,
3563 3207 3634 3261 bii
3672 3206 3761 3259 hoc

2198 3311 2457 3372 tanquam
2486 3303 2773 3372 proprium
2799 3305 3099 3372 dampnuut
3134 3312 3555 3371 reputaverunt,
3579 3309 3627 3353 et
3646 3312 3760 3352 eon-

518 2383 836 2437 eontirmari
884 2392 943 2437 et
974 2381 1121 2452 quod
1172 2396 1339 2452 super
1380 2382 1625 2451 practice
1666 2381 1993 2451 collaturum
2026 2380 2109 2435 eis

520 2479 576 2530 itt
610 2492 804 2545 magna
839 2477 973 2531 urbe
996 2491 1026 2531 a
1052 2490 1271 2544 semper
1292 2474 1651 2531 memorando
1684 2476 2019 2544 imperatore
2049 2479 2107 2527 et

516 2568 993 2625 desideratissimo
1019 2581 1212 2635 patruo
1247 2569 1465 2636 imperii
1498 2567 1702 2632 neStri,
1735 2568 1961 2623 domino
1993 2566 2104 2621 Ma-

516 2661 677 2715 nuale
706 2661 1012 2725 Comnano,
1047 2660 1492 2717 habitaeulorum
1523 2660 1783 2716 videlicet
1810 2671 1869 2717 et
1900 2660 2106 2715 libero-

516 2770 638 2808 rum
675 2755 956 2816 locorum,
996 2770 1098 2807 nec
1134 2770 1246 2810 non
1285 2762 1345 2809 et
1379 2754 1645 2809 litteratis
1678 2754 1851 2814 scale,
1897 2752 2100 2807 factum

513 2856 599 2901 est
637 2845 1032 2915 ebrysobulum
1079 2847 1310 2902 verbum
1346 2846 1595 2915 ejusdem
1636 2860 1857 2915 semper
1888 2861 2099 2899 memo-

513 2933 671 2993 randi
708 2933 1085 3003 imperatoris,
1113 2945 1393 3004 quatenus
1423 2937 1508 2991 sic
1539 2935 1690 2991 nullo
1725 2935 1888 2990 modo
1921 2940 2101 3006 suspi-

512 3025 729 3082 cionetn
778 3027 1022 3097 aliquam
1068 3027 1347 3090 habeant,
1389 3028 1690 3097 quicquam
1740 3028 1939 3084 horum
1983 3031 2099 3084 lore

506 3118 767 3171 evulsum
796 3135 810 3170 :
839 3117 1142 3186 Imperium
1180 3127 1434 3172 nostrum
1475 3117 1794 3187 bujusmodi
1831 3118 2099 3188 depreca-

511 3210 719 3267 tionem
761 3223 953 3263 eorum
983 3208 1179 3262 nolens
1206 3206 1462 3272 abicere,
1498 3209 1741 3277 presenti
1773 3210 2097 3264 ebrisobulo

508 3316 612 3356 suo
644 3302 938 3358 continuat
967 3300 1277 3369 predietum
1315 3299 1711 3370 cltrysobuluttt
1739 3302 1885 3355 inter
1919 3302 2094 3370 impe-

509 3407 726 3449 ratores
759 3393 957 3448 lamosi
986 3392 1343 3462 imperatoris
1368 3402 1425 3447 et
1453 3393 1637 3461 patrui
1669 3401 1859 3449 nostro
1887 3394 2097 3449 sereni-
2120 3381 2164 3444 C
2197 3392 2380 3449 testim
2404 3395 2471 3447 ad
2502 3408 2790 3464 aparatutn
2830 3395 3193 3464 cooperandi,
3226 3405 3285 3447 ut
3314 3393 3370 3447 id
3399 3392 3547 3462 quod
3579 3390 3759 3445 factum

509 3486 657 3543 tatis.
693 3485 842 3553 quod
879 3485 948 3539 ad
986 3484 1217 3539 verbum
1248 3484 1331 3540 sic
1366 3485 1658 3541 continet:

586 3592 609 3624 ι
652 3574 708 3627 Si
741 3588 860 3636 eos,
892 3572 987 3641 qui
1023 3572 1131 3629 ﬁde
1160 3582 1217 3628 et
1244 3573 1543 3630 devotione
1574 3575 1768 3645 optimi
1804 3589 1936 3633 sunt
1967 3593 2096 3649 erga

506 3665 652 3730 illos,
701 3666 797 3733 qui
847 3680 945 3733 per
984 3675 1230 3735 tempora
1264 3667 1519 3736 optinent
1554 3668 1773 3738 imperii
1814 3671 2093 3739 guberna.

506 3759 654 3823 cuia,
692 3766 1032 3826 oportunum
1066 3769 1152 3817 est
1187 3758 1337 3827 larga
1372 3760 1642 3816 beneﬁcia
1675 3762 1745 3817 ab
1787 3762 1928 3831 ipsis
1959 3778 2096 3818 con-

506 3851 688 3921 sequi,
719 3851 897 3922 magis
929 3860 1114 3905 autem
1141 3852 1188 3905 si
1220 3853 1522 3922 contigerit
1549 3869 1647 3909 eos
1679 3854 1861 3910 anime
1887 3864 2093 3911 statum

503 3959 835 4014 generosum
868 3944 1073 4001 habere
1110 3955 1280 4015 atque
1306 3945 1617 4013 audacem,
1658 3956 1718 4001 ut
1746 3948 1813 4001 ad
1853 3948 2092 4005 similem

503 4037 684 4093 selum
727 4037 928 4108 reliqui
971 4037 1296 4103 irritentur,
1339 4048 1499 4094 etne
1533 4039 1851 4108 bujustnodi
1886 4041 2093 4098 virtute

500 4131 775 4195 inhonora
803 4130 1136 4201 persistente
1164 4140 1222 4186 et
1246 4130 1529 4187 contrario
1547 4130 1604 4187 ei
1625 4131 1762 4187 vitio
1788 4133 2092 4202 reprehen-

497 4225 711 4280 sionem
751 4225 986 4281 veritate
1026 4225 1162 4296 (l6),
1206 4225 1405 4279 raritas
1434 4222 1596 4280 valde
1643 4225 2088 4283 necessariarum

499 4317 974 4387 prerogativarum
1012 4333 1042 4371 a
1074 4316 1182 4372 deo
1214 4316 1426 4372 salvato
1458 4315 1837 4372 Romanorum
1871 4319 2084 4375 exerci-

501 4413 580 4465 tui
629 4411 724 4467 ﬁat
758 4429 777 4467 :
828 4426 1178 4481 nequaquam
1235 4409 1381 4481 quod
1426 4424 1459 4465 a
1505 4412 1612 4467 deo
1660 4420 1746 4467 est
1792 4413 2086 4483 imperium

498 4513 750 4556 nostrum
791 4502 1065 4571 ingenuos
1119 4511 1316 4556 mtutas
1353 4510 1411 4556 et
1461 4502 1815 4560 ﬁdelissimos
1857 4506 2084 4560 celsitu-

499 4594 646 4647 dinis
678 4603 870 4648 nostra
906 4593 1200 4650 Veneticos
1222 4634 1236 4661 ,
1269 4595 1326 4649 in
1361 4596 1504 4650 hanc
1536 4598 1946 4665 imperatoriam
1987 4615 2081 4653 ur—

499 4686 624 4738 bem
655 4687 962 4752 venientes,
999 4687 1163 4742 decet
1196 4696 1427 4757 prorsus
1460 4702 1725 4758 spernere
1749 4705 1778 4743 a
1807 4691 2082 4760 peticione

2199 3494 2284 3540 est
2316 3486 2636 3541 omnimodo
2673 3486 3008 3552 vindicetur,
3038 3494 3510 3541 consurrexerunt
3545 3495 3600 3537 et
3621 3496 3759 3536 suum

2197 3579 2483 3634 servitium
2509 3589 2766 3651 prompto
2788 3579 3107 3636 celsitudini
3133 3587 3321 3634 nostre
3346 3576 3758 3648 spoponderunt.

2196 3672 2371 3727 Porro
2398 3681 2455 3727 et
2495 3673 2550 3726 in
2585 3673 2828 3743 reliquas
2854 3673 3108 3742 regiones
3139 3672 3357 3742 imperii
3390 3670 3570 3725 nostri
3604 3676 3762 3722 trans-

2196 3765 2487 3832 miserunt,
2518 3777 2817 3837 quatenus,
2859 3768 2953 3839 qui
2999 3767 3386 3823 invenirentur
3414 3763 3761 3836 cumpatriote

2193 3873 2417 3919 eorum.
2461 3862 2719 3913 venirent
2759 3871 2818 3914 et
2868 3857 3149 3912 servirent
3191 3865 3247 3911 et
3286 3858 3389 3926 ipsi
3422 3858 3477 3911 in
3509 3848 3761 3926 ejusmodi

2195 3950 2463 4006 Romauie
2500 3962 2557 4007 et
2597 3951 2816 4021 imperii
2846 3952 3019 4006 nostri
3058 3950 3287 4005 servitio
3318 3964 3495 4019 usque
3528 3948 3594 4002 ad
3627 3958 3763 4001 cout-

2195 4042 2531 4112 plementutn
2580 4043 2759 4097 tocius
2807 4043 3016 4096 mensis
3069 4040 3416 4111 Septembris
3460 4036 3631 4092 futuri
3662 4032 3757 4104 (i9?

2192 4151 2317 4190 cum
2357 4135 2460 4189 dvo
2506 4134 2825 4190 indictionis
2865 4132 3211 4189 duodecimo.
3246 4131 3325 4186 Ad
3376 4124 3760 4185 remuneratios

2194 4241 2322 4281 nem
2358 4227 2530 4297 igitur
2561 4226 2877 4297 ltujusmodi
2911 4240 3104 4281 eorum
3139 4224 3378 4286 servitii,
3405 4221 3555 4294 quod
3584 4229 3645 4275 ut
3671 4216 3748 4271 di-

2194 4329 2350 4374 ctum
2382 4328 2471 4374 est
2489 4317 2671 4374 facere
2703 4321 3100 4388 promiserunt,
3129 4315 3389 4388 quoniam
3422 4304 3756 4386 tnajoresteol

2190 4412 2310 4467 vice
2344 4413 2626 4478 universe,
2658 4428 2767 4483 que
2797 4426 2897 4484 per
2921 4415 3168 4483 tempora
3196 4410 3315 4465 huc
3340 4409 3514 4470 venit,
3550 4402 3757 4461 Veneti-

2188 4521 2380 4560 corum
2417 4506 2793 4561 multitudinis
2830 4504 3089 4577 adaugeri
3125 4502 3231 4559 sibi
3268 4514 3327 4559 et
3372 4502 3690 4558 mansiones
3710 4497 3757 4545 (ιι

2186 4595 2466 4649 embolum
2492 4604 2547 4649 et
2569 4595 2761 4654 scalas.
2795 4595 2853 4648 in
2871 4594 3079 4664 quibtw
3102 4607 3271 4648 naves
3302 4606 3496 4648 eorum
3528 4590 3583 4645 in
3610 4590 3755 4656 portu

2187 4696 2358 4749 stant,
2389 4684 2791 4743 eertilicames.
2827 4700 2886 4740 se
2925 4700 3035 4739 non
3072 4685 3352 4739 modicum
3379 4679 3683 4753 angustari.
3707 4676 3756 4725 (δι

500 4776 820 4831 decidentes
855 4778 991 4846 (ΓΙ),
1039 4791 1205 4847 quam
1247 4793 1397 4832 nunc
1442 4779 1676 4847 imperio
1720 4791 1910 4835 nostro
1950 4794 2081 4849 por-
2111 4765 2162 4823 D
2189 4781 2336 4850 quod
2370 4796 2478 4833 non
2514 4780 2723 4849 possint
2753 4779 2860 4832 ltiis
2895 4778 3063 4841 soiis,
3108 4792 3217 4848 que
3246 4776 3383 4847 ipsis
3421 4777 3544 4831 data
3580 4777 3703 4827 sunt
3727 4778 3753 4816 τι

498 4872 785 4926 rexerunt,
824 4880 995 4935 quum
1035 4874 1092 4918 et
1121 4866 1224 4934 ipsi
1258 4875 1556 4922 consuetas
1585 4869 1934 4935 genitoribus
1970 4871 2085 4925 suis

496 4953 658 5009 tidem
696 4964 752 5009 et
781 4956 1135 5011 devotionem
1174 4972 1303 5028 erga
1339 4957 1668 5012 Romaniatu
1699 4968 1758 5012 et
1800 4959 2083 5015 celsitudi-

491 5062 616 5100 nem
658 5056 902 5102 nostram
952 5064 1170 5104 rursum
1214 5050 1611 5114 ostenderunt,
1647 5059 1704 5106 et
1746 5051 1815 5105 ab
1847 5052 2081 5123 imperio

490 5151 685 5194 nostro
730 5140 908 5194 vocati
951 5142 1004 5194 in
1038 5156 1398 5212 congressum
1434 5153 1634 5198 contra
1665 5159 1822 5209 eutn,
1854 5148 1947 5215 qui
1979 5162 2049 5214 po

493 5240 751 5287 testatetn
798 5232 967 5289 habet
1021 5233 1247 5299 Sicilie,
1299 5246 1354 5290 ct
1403 5237 1775 5292 omnimodam
1829 5253 2066 5309 pugnam

487 5335 684 5379 contra
711 5340 840 5384 eum
862 5338 917 5381 et
939 5325 1163 5381 stultum
1184 5327 1325 5396 ejus.
1354 5344 1455 5383 nec
1481 5344 1589 5383 non
1618 5340 1673 5384 et
1701 5340 1898 5385 terram
1924 5334 2064 5401 ejus,

536 5488 681 5559 ,(15),
698 5487 778 5541 Ex
810 5485 1101 5559 libro_albo
1123 5488 1361 5544 etlibris
1400 5498 1686 5557 pactorum
1727 5500 1849 5559 post
1901 5490 2063 5545 Mari-

486 5571 618 5629 num
642 5551 677 5610 l'.
705 5559 744 5610 l.
783 5568 918 5612 tom.
944 5555 1089 5628 ll|,p.
1120 5559 1222 5613 295
1248 5551 1564 5629 nuperrime
1587 5551 1884 5615 ediderunt
1908 5561 2059 5617 Talel

485 5638 542 5679 et
566 5627 808 5700 Thomas
842 5627 1044 5695 Saepius
1074 5627 1470 5689 lattdati,‘tom.
1506 5630 1545 5695 l,
1580 5647 1633 5700 p.
1668 5633 1928 5688 ltili-195.

558 5700 667 5765 μυ)
711 5698 967 5753 Editores
993 5702 1139 5771 conj.
1177 5703 1471 5755 inveniente
1495 5717 1539 5754 s.
1576 5698 1857 5757 excitante.
1929 5704 2059 5758 Sen-

484 5778 577 5819 Sus
600 5772 859 5836 postulat,
885 5781 941 5823 ut
981 5773 1208 5826 evitanle
1240 5775 1507 5843 legamus.

2185 4873 2343 4928 beate
2377 4874 2643 4927 memorie
2671 4874 3003 4943 imperatore
3036 4881 3092 4926 et
3118 4886 3220 4924 avo
3251 4870 3469 4940 imperii
3504 4861 3677 4922 nostri
3703 4858 3750 4910 in

2184 4966 2285 5019 ltac
2331 4965 2615 5019 civitatum
2650 4965 3024 5035 itnperatriee,
3057 4963 3299 5017 contenti
3330 4977 3489 5017 esse:
3528 4954 3754 5024 largitur

2178 5060 2259 5113 eis
2308 5058 2600 5127 imperium
2651 5066 2900 5111 nostrum
2952 5071 3050 5127 per
3092 5071 3322 5124 presens
3371 5046 3749 5125 chrysobolum

2178 5167 2336 5204 suum
2383 5165 2492 5218 que
2534 5149 2843 5218 petierunt,
2887 5149 3198 5203 habitacula
3235 5157 3293 5203 et
3335 5147 3500 5202 libera
3532 5143 3653 5196 loca
3694 5140 3751 5185 ει

2178 5242 2473 5297 l:ttoralem
2500 5241 2746 5305 seallam,
2773 5258 2877 5311 que
2908 5257 3164 5312 expresse
3187 5239 3517 5295 numeranda
3544 5242 3602 5288 et
3622 5226 3752 5283 scri-

2177 5335 2353 5390 benda
2385 5342 2512 5388 sunt
2549 5333 2601 5385 in
2639 5348 2738 5397 eo,
2768 5337 2914 5404 quod
2955 5336 3171 5405 jussum
3205 5343 3293 5390 est
3323 5334 3466 5396 lteri,
3504 5321 3750 5401 pret-lico

2252 5494 2361 5562 (l7)
2398 5493 2438 5547 1.
2482 5508 2533 5548 e.
2569 5493 2958 5555 ἐκπίπτοντας.

2244 5565 2354 5628 (18)
2387 5565 2496 5618 Sed
2538 5566 2851 5632 imperium
2880 5573 3153 5619 nostrum.

2242 5634 2354 5702 (lli)
2385 5634 2524 5707 Lege
2561 5641 2791 5704 (uterne.
3136 5706 3141 5707 γ
3416 5705 3426 5707 _
3543 5697 3581 5707 __

2247 5698 2356 5777 (20)
2397 5698 2518 5758 Lib.
2555 5698 2862 5773 pactorum,
2900 5723 2995 5777 per
3032 5706 3285 5775 majores.
3314 5705 3460 5765 Unde
3489 5698 3749 5760 εόῖιοτεδ

2171 5776 2550 5844 conjecet'ttnt,
2583 5780 2844 5845 petierunt
2872 5776 3124 5842 maiores.
