3942 6250
263 340 371 404 ιιι

1346 335 1715 395 NOVELLE
1755 307 2440 396 cossrt'rUTiOxEs.

3431 331 3532 401 ii"?!

265 458 574 516 traditionis
615 473 804 511 eorum
846 460 1150 528 corporalis
1189 458 1258 514 ab
1289 460 1684 516 aeilesimotato
1716 458 1845 529 lipi-
1879 460 1922 518 Α
1953 457 2075 512 cilia
2123 458 2294 513 sancti
2321 457 2602 522 Nicholai,
2667 473 2696 512 a
2727 458 2968 514 sinistris
3010 458 3334 528 pistoricum
3372 475 3531 529 erga-

262 551 461 622 phanio
491 549 738 621 Tuglica,
771 551 1061 605 certiiicari
1117 552 1355 609 dcbente
1409 569 1508 624 per
1541 551 1846 624 superscri-

267 644 504 715 ptionem
554 642 842 698 familiaris
870 643 1109 698 hominis
1131 645 1478 700 celsitudinis
1522 657 1709 700 nostre
1752 644 1848 700 Jo-

265 735 454 790 hannis
491 735 857 806 Pepagomeni
889 745 944 791 et
985 737 1156 792 sterni
1201 737 1256 791 in
1303 738 1562 808 congruis
1594 738 1844 803 secretis,

263 829 314 883 in
339 828 536 898 quibus
557 836 610 882 et
643 844 870 896 presens
893 839 1082 884 nostre
1110 829 1424 885 serenitatis
1447 829 1842 902 chrysobulum

262 933 427 976 sterni
470 920 668 983 debet,
699 931 974 990 quatenus
1018 929 1074 976 et
1119 922 1221 976 hec
1254 921 1573 989 cptineant,
1612 921 1756 976 sicut
1787 931 1844 976 et

259 1032 365 1083 que
399 1015 553 1083 prius
585 1030 614 1067 a
651 1030 869 1084 semper
905 1015 1268 1069 memorando
1298 1014 1630 1086 imperatore
1656 1024 1712 1070 et
1741 1029 1843 1068 avo

261 1106 476 1174 imperii
507 1105 678 1160 nostri
713 1106 794 1160 cis
819 1106 944 1160 data
976 1114 1126 1170 sunt,
1166 1107 1377 1161 servire
1403 1106 1756 1172 debentibus,
1785 1117 1844 1160 ut

260 1198 510 1267 superius
528 1206 893 1252 monstratum
911 1206 1012 1252 est.
1032 1198 1428 1254 Detertninatio
1446 1197 1614 1268 igitur
1626 1215 1840 1266 eorum,

258 1306 361 1360 que
403 1307 500 1360 per
538 1290 930 1361 chrysobulum
979 1292 1257 1361 presentis
1291 1291 1481 1360 scripti
1525 1291 1606 1346 eis
1644 1292 1839 1345 collata

257 1395 398 1445 δειιιι,
434 1383 594 1437 habet
627 1383 708 1437 sic
733 1399 747 1436 :

330 1497 346 1526 ι
396 1476 595 1545 Incipit
622 1477 690 1529 ab
723 1476 840 1545 ipsa
869 1477 1038 1547 Vigla,
1071 1487 1126 1531 et
1155 1477 1402 1547 procedit
1439 1494 1630 1534 versus
1656 1479 1839 1535 orien-

259 1581 378 1623 tvm.
417 1569 595 1622 Tenet
624 1568 904 1622 embolum
939 1578 994 1623 ct
1033 1585 1140 1638 que
1170 1585 1365 1625 versus
1392 1573 1839 1640 Septemtrioziem

253 1671 308 1715 et
346 1661 637 1715 meridiem
667 1668 798 1714 sunt
837 1675 963 1715 cum
1000 1662 1219 1716 solariis
1251 1661 1585 1728 habitacula,
1621 1672 1676 1717 et
1713 1679 1841 1732 pro-

256 1751 397 1804 cedit
434 1765 609 1820 usque
654 1749 724 1804 ad
755 1749 1023 1805 fornicem
1055 1753 1411 1821 conjunctum
1459 1768 1619 1806 muro
1653 1753 1842 1823 hospi-

1947 551 2182 608 sterium
2215 555 2386 606 sancti
2421 553 2854 626 Mareiaui,quod
2891 567 2973 611 est
3005 553 3256 624 junctum
3291 552 3530 606 mansio-

1949 645 2116 700 nibus
2151 645 2324 700 sancti
2363 645 2629 702 Nicliolai.
2671 647 3101 718 Supcrgreditur
3139 659 3330 701 rursus
3369 643 3530 698 aliam

1949 738 2170 792 tertiam
2204 735 2492 802 semitam,
2537 745 2592 792 et
2626 741 2878 808 pervenit
2909 754 3085 806 usque
3119 736 3187 792 ad
3232 752 3374 806 aque
3404 751 3534 789 cur—

1948 845 2098 893 sum,
2149 845 2257 898 que
2287 844 2316 882 a
2354 829 2505 897 Vigla
2543 829 2860 891 descendit,
2905 831 3222 899 relinquens
3253 845 3283 882 a
3323 827 3534 882 dextris

1947 920 2052 972 alia
2088 919 2402 972 habitacula
2435 919 2611 972 sancti
2642 919 2922 982 Nicholai,
2959 937 2987 973 a
3024 919 3263 973 sinistris
3301 917 3535 972 doniici-

1945 1009 2078 1064 lium
2113 1010 2286 1064 sancti
2325 1010 2593 1064 Marciani
2627 1023 2682 1063 et
2717 1013 3062 1079 pensiouales
3119 1013 3314 1066 domos
3342 1028 3533 1066 ηιοιιηρ

1947 1103 2098 1158 stcrii
2159 1102 2634 1174 Parakymomcni.
2668 1103 2872 1156 lterum
2933 1105 3285 1173 progreditur
3341 1120 3533 1159 versus

1946 1194 2258 1259 meridiem,
2305 1196 2780 1265 comprehenderis
2815 1212 3044 1249 vacuum
3075 1197 3254 1250 locmn
3286 1197 3531 1266 ejusdem

1946 1286 2271 1341 monasterii
2326 1285 2810 1348 Parakimomeni,
2867 1285 2961 1353 qui
3013 1300 3206 1338 versus
3259 1285 3530 1338 orientem

1939 1381 2087 1449 jacet
2122 1378 2418 1432 domorum
2452 1376 2627 1431 sancti
2671 1375 2946 1439 Nicholai,
2987 1383 3042 1428 ct
3072 1373 3322 1441 procedit
3353 1383 3409 1426 et
3444 1391 3532 1427 re-

1946 1470 2200 1542 greditur
2226 1485 2400 1540 usque
2429 1469 2496 1523 ad
2541 1470 2772 1538 Viglam,
2809 1469 2954 1521 unde
2994 1477 3049 1520 et
3082 1467 3308 1536 incepit.
3347 1467 3534 1519 dimit~

1947 1574 2067 1618 tens
2121 1563 2344 1633 quidem
2397 1579 2426 1616 a
2483 1560 2693 1615 dextris
2739 1561 2932 1615 domos
2989 1558 3307 1613 monasterii
3359 1559 3531 1612 sancti

1948 1657 2140 1723 Marci,
2172 1673 2203 1711 a
2236 1655 2474 1712 sinistris
2505 1670 2634 1710 vero
2663 1671 2804 1723 aque
2835 1668 3082 1707 cursum.
3117 1650 3398 1720 Ejusmodi
3437 1650 3534 1705 de-

1946 1748 2356 1803 terminationis
2380 1746 2558 1817 spatio
2585 1747 3133 1816 comprehenduntur
3155 1761 3241 1809 ea,
3269 1760 3376 1816 que
3403 1753 3535 1797 sunt

257 1844 377 1896 talis
418 1843 595 1897 sancti
646 1841 933 1910 Marciani,
980 1845 1462 1915 comprehenderis
1506 1856 1562 1901 et
1601 1845 1740 1909 loca,
1787 1845 1839 1899 in
1877 1818 1914 1874 Β
1949 1857 2141 1896 versus
2177 1841 2444 1895 orientem
2483 1855 2624 1909 aque
2654 1854 2872 1901 cursus,
2905 1837 3345 1892 descendentisa
3381 1835 3533 1906 Vigla

253 1934 448 2004 quibus
487 1942 638 1987 stant
671 1942 799 1988 octo
844 1933 1286 1988 numulariorum
1331 1934 1540 1990 tabule.
1580 1934 1842 1990 Ascendit

257 2025 536 2091 paululum
571 2039 763 2080 versus
791 2025 1081 2080 meridiem
1117 2025 1186 2080 ab
1217 2027 1337 2096 ipsa
1370 2025 1542 2097 Vigla.
1573 2025 1747 2083 'l‘enet
1772 2028 1837 2082 ad

259 2115 530 2170 modicum
562 2125 618 2170 et
651 2117 804 2171 aliud
841 2117 1121 2171 embolum
1143 2159 1156 2177 ,
1191 2125 1247 2172 et
1277 2123 1532 2188 pervenit
1571 2135 1744 2190 usque
1773 2121 1838 2175 ad

254 2208 494 2278 primum
527 2207 794 2263 fornicem
825 2207 1077 2278 ejusdem
1111 2208 1340 2273 emboli,
1379 2212 1840 2282 conprehendens

259 2297 622 2352 triclinarium
661 2298 831 2351 altum
863 2296 1209 2353 domicilium
1241 2299 1375 2354 Mili.
1410 2301 1611 2356 Versus
1650 2301 1840 2357 orien-

257 2400 360 2444 tem
387 2389 638 2462 ejusdem
667 2387 872 2444 emboli
898 2387 1203 2443 secundum
1251 2389 1389 2447 duas
1428 2402 1614 2463 partes
1653 2395 1839 2450 burni-

255 2482 357 2536 lem
400 2479 837 2536 domunicullam
873 2494 996 2534 cum
1040 2480 1206 2536 aeliui
1241 2491 1386 2537 tecto
1425 2484 1670 2554 ejusdem
1717 2499 1838 2539 mo-

256 2573 510 2637 nasterii,
552 2581 608 2628 et
637 2588 745 2643 que
787 2573 845 2627 in
873 2572 1075 2641 equalli
1108 2573 1273 2645 hujus
1301 2584 1405 2640 est,
1439 2576 1712 2633 modicam
1744 2593 1834 2632 cu-

254 2669 406 2730 riam,
453 2682 563 2736 que
593 2664 802 2720 dicitur
845 2663 1093 2730 Aristini,
1139 2676 1195 2721 et
1236 2667 1398 2723 habet
1437 2668 1835 2740 longitudinem

254 2759 602 2813 brachiorum
635 2767 761 2814 octo
791 2772 917 2812 cum
950 2756 1200 2823 dimidio,
1239 2771 1295 2814 et
1329 2761 1675 2816 latitudinem
1711 2775 1839 2830 sep-

257 2859 361 2904 tem
389 2866 518 2905 cum
556 2851 748 2905 tercia.
786 2851 979 2907 Preter
1001 2869 1089 2919 ea,
1123 2867 1230 2923 que
1266 2863 1397 2907 sunt
1431 2869 1626 2910 versus
1655 2853 1841 2909 orien-

255 2952 361 2996 tem
396 2941 717 2996 habitacula
743 2942 973 2997 diacone
1008 2943 1122 3014 (2|)
1168 2943 1554 3008 Precursoris,
1589 2945 1838 3000 debenti-

251 3035 354 3088 bus
389 3034 645 3089 obturari
673 3035 858 3104 januis
886 3035 1202 3106 hujusmodi
1232 3035 1700 3099 habitaculorum,
1732 3045 1840 3106 quo

251 3128 498 3182 educunt
537 3126 590 3180 in
626 3127 973 3182 manifestam
1013 3127 1245 3182 curiam.
1292 3127 1490 3182 Versus
1521 3126 1832 3197 aquilonem

255 3221 354 3274 tria
390 3221 696 3290 ergasteria
732 3219 1152 3274 cerulariorum.
1202 3219 1431 3274 Ycanati
1474 3222 1609 3275 duas
1639 3222 1832 3275 statio-

254 3328 367 3377 nes,
399 3313 453 3365 in
489 3311 693 3381 quibus
725 3325 896 3382 panes
923 3311 1266 3375 vendantur,
1297 3320 1350 3365 et
1375 3313 1492 3366 loca
1520 3311 1829 3366 tabularum

253 3407 486 3458 duarum
522 3403 1017 3457 nummulariorum
1052 3401 1298 3474 ejusdem
1338 3401 1658 3457 monasterii
1693 3401 1830 3456 Mili.

255 3497 448 3566 Incipit
483 3509 704 3550 rursum
735 3495 804 3550 ab
844 3495 962 3564 ipso
997 3495 1208 3550 fornice
1249 3494 1483 3565 prcdicti
1523 3494 1828 3564 hospitalis;

255 3600 398 3645 tenet
424 3592 704 3661 publicam
739 3592 902 3654 viam,
930 3603 1036 3659 que
1069 3603 1262 3643 versus
1287 3600 1544 3641 occasum
1571 3594 1655 3641 cst
1679 3587 1830 3657 ejus-

251 3685 375 3737 dem
410 3683 735 3753 hospitalis,
780 3693 834 3736 et
867 3679 1223 3752 progreditur
1267 3693 1442 3746 usque
1481 3679 1548 3731 ad
1593 3687 1828 3747 portam,

256 3795 356 3846 que
381 3789 467 3832 es:
496 3779 646 3847 juxta
671 3792 898 3846 parvum
932 3775 1197 3833 templum
1221 3773 1593 3827 Precursoris.
1623 3771 1832 3826 Exinde

256 3887 442 3924 rursus
475 3871 760 3924 dimittens
793 3877 1253 3937 prcmonstratatu
1283 3877 1495 3935 portam
1525 3866 1681 3935 quasi
1710 3879 1834 3918 ver-

255 3977 342 4015 sus
369 3963 642 4016 orientem
677 3957 868 4013 transit
899 3973 999 4027 per
1020 3972 1237 4010 murum
1265 3957 1524 4020 civitatis,
1554 3965 1609 4011 et
1639 3970 1832 4026 perve-

257 4055 336 4107 nit
374 4069 552 4122 usque
587 4051 652 4105 ad
689 4050 961 4114 semitam,
997 4065 1103 4119 que
1131 4048 1330 4102 dividit
1359 4050 1481 4119 jura
1512 4047 1831 4102 monasterii

257 4147 576 4216 Akymitero
605 4143 738 4213 (22).
783 4140 993 4195 Exinde
1033 4139 1282 4194 ascendit
1328 4140 1607 4195 modicum
1641 4153 1835 4193 versus

259 4239 566 4302 meridiem,
607 4247 800 4292 tenens
841 4235 1072 4290 eandem
1117 4234 1394 4302 publicam
1425 4235 1697 4298 semitam,
1736 4232 1832 4285 ha-

259 4331 476 4386 bentem
516 4329 572 4384 in
611 4327 903 4382 latitudine
937 4327 1159 4381 brachia
1211 4327 1348 4391 tria,
1400 4338 1485 4388 et,
1532 4334 1591 4379 ut
1621 4325 1828 4380 dictum

257 4434 358 4486 est,
398 4422 739 4476 dividentem
779 4419 1093 4472 mansiones
1135 4416 1455 4471 monasterii
1491 4414 1833 4486 Akym'tero,

1945 1952 2139 1991 versus
2173 1943 2386 2006 portam
2415 1932 2718 1994 Canavuci,
2749 1932 3064 1987 habitacula
3091 1941 3147 1987 et
3177 1945 3386 1986 vacuus
3413 1945 3534 1984 ma-

1943 2044 2089 2099 guns
2131 2027 2315 2091 locus,
2359 2027 2452 2098 qui
2500 2039 2675 2095 usque
2721 2025 2787 2078 ad
2839 2024 3114 2094 publicam
3157 2024 3304 2076 viam
3334 2035 3532 2076 versus

1941 2120 2292 2176 occidentem
2335 2119 2686 2191 progreditur
2741 2119 2916 2172 sancti
2968 2116 3227 2172 Marciani
3279 2130 3310 2171 a
3368 2131 3526 2168 muro

1942 2210 2186 2266 civifatis
2216 2225 2272 2266 et
2309 2224 2484 2279 usque
2517 2208 2582 2262 ad
2633 2207 2935 2269 embolum,
2987 2222 3084 2275 per
3110 2218 3340 2274 presens
3368 2201 3531 2271 chry-

1944 2302 2201 2357 sobulum
2246 2301 2478 2357 verbum
2529 2299 2740 2354 datum.
2782 2298 2850 2352 Et
2892 2313 2978 2358 ea,
3020 2311 3128 2366 que
3162 2303 3292 2350 sunt
3332 2309 3530 2348 versus

1944 2393 2291 2449 occidentem
2340 2407 2482 2462 aque
2527 2406 2721 2446 cursus
2765 2407 2794 2444 a
2837 2403 2996 2444 muro
3029 2388 3297 2448 civitatis,
3337 2384 3431 2454 qui
3474 2385 3530 2437 in

1942 2486 2124 2555 equali
2171 2486 2369 2540 semite
2409 2496 2514 2547 est,
2549 2483 2849 2538 dividentis
2878 2482 3000 2552 jura
3041 2477 3363 2533 monasterii
3400 2473 3534 2529 Alti-

1945 2580 2141 2643 miton,
2173 2589 2228 2634 et
2257 2592 2433 2648 usque
2460 2575 2527 2630 ad
2564 2576 2760 2631 domos
2790 2573 2966 2629 sancti
2995 2569 3243 2626 Nicholai
3273 2579 3329 2624 et
3356 2565 3532 2623 santh

1944 2670 2144 2734 Marci,
2191 2685 2314 2724 cum
2357 2685 2524 2739 parvo
2557 2681 2730 2721 vacuo
2772 2665 2896 2720 loco
2935 2661 3257 2718 monasterii
3289 2656 3532 2727 Parakv-

1943 2761 2206 2818 momeni.
2241 2762 2309 2816 Et
2341 2761 2667 2829 simpliciter
2692 2758 2896 2821 omnia,
2923 2771 3029 2826 que
3059 2751 3444 2807 inhabitantur
3475 2759 3531 2804 et

1943 2871 2048 2927 que
2078 2871 2187 2908 non
2218 2853 2625 2916 iuhabitantur,
2663 2849 2978 2905 habitacula
3007 2858 3064 2902 et
3093 2861 3265 2901 vacua
3299 2847 3438 2907 loca,
3475 2850 3528 2895 in

1945 2948 2197 3021 prcdicto
2229 2947 2408 3017 spatio
2440 2944 2844 3016 conprehensa.
2879 2941 3072 2996 Adhuc
3102 2957 3227 2994 cum
3263 2938 3347 2992 his
3381 2951 3533 2991 com-

1944 3041 2309 3115 prehenditur
2337 3048 2394 3095 et
2421 3054 2527 3109 que
2557 3047 2640 3092 est
2673 3037 2726 3090 in
2755 3035 2940 3090 littore
2971 3035 3137 3089 scalla
3172 3031 3346 3087 sancti
3385 3030 3528 3085 Mar-

1944 3137 2084 3192 ciani
2105 3177 2118 3198 ,
2151 3151 2259 3205 quc
2301 3132 2465 3187 hodie
2496 3147 2526 3186 a
2553 3127 2988 3200 Chrysiobasilio
3027 3125 3364 3198 possidetur,
3399 3137 3525 3176 cum

1895 3215 1906 3229 ’
1945 3227 2200 3280 universa
2243 3223 2366 3295 ejus
2408 3220 2902 3291 comprehensione
2952 3228 3006 3272 et
3053 3217 3433 3278 continentia,
3473 3224 3530 3269 et

1941 3335 2049 3390 que
2082 3318 2136 3372 in
2170 3333 2234 3371 ea
2269 3324 2396 3370 sunt
2427 3313 2687 3368 domibus
2712 3319 2769 3366 et
2800 3311 3138 3383 ergasteriis.

2019 3431 2038 3462 ι
2090 3409 2185 3463 llis
2209 3409 2289 3464 sic
2317 3406 2384 3461 ab
2421 3405 2655 3476 imperio
2690 3412 2881 3458 nostro
2911 3401 3129 3484 dphatis
3167 3417 3265 3473 per
3297 3415 3528 3472 presens

1943 3498 2341 3570 chrysohulum
2376 3495 2604 3551 verbum
2641 3489 2994 3550 celsitudinis
3026 3504 3213 3550 nostre
3235 3534 3248 3558 ,
3283 3493 3530 3562 exceptis

1943 3589 2387 3661 proximantibus
2426 3589 2512 3643 his
2539 3587 2790 3653 donatis,
2830 3586 3004 3656 portis
3037 3585 3318 3649 videlicet,
3351 3585 3526 3639 muris

1942 3699 1999 3743 et
2035 3685 2265 3742 cortinis
2308 3698 2592 3738 murorum
2635 3681 2905 3745 civitatis,
2949 3679 3231 3734 habebunt
3278 3678 3524 3733 Venetici

1947 3781 2086 3843 hcc,
2134 3777 2485 3833 devotionem
2535 3783 2592 3830 et
2624 3773 2816 3835 fidem,
2859 3788 3024 3843 quam
3073 3772 3304 3841 imperio
3339 3781 3526 3824 nostro

1942 3873 2168 3933 debent,
2212 3877 2515 3933 servantes,
2559 3865 2862 3922 secundum
2903 3863 3050 3934 quod
3091 3851 3155 3919 et.
3189 3879 3286 3934 per
3318 3881 3379 3918 ea
3418 3879 3526 3933 quo

1944 3965 2102 4037 prius
2131 3963 2314 4034 adepti
2349 3971 2478 4018 sunt
2514 3959 2847 4031 chrysobula
2883 3959 3026 4012 hanc
3064 3973 3286 4012 servare
3321 3972 3527 4010 conen-

1945 4070 2037 4113 tur
2067 4059 2200 4130 (Qli).
2234 4057 2619 4128 cujuscunque
2647 4054 2792 4125 juris
2822 4053 2932 4107 sint
2957 4094 2970 4117 ,
3013 4052 3128 4107 sive
3163 4050 3525 4105 ecclesiastici

1937 4153 2080 4222 juris
2111 4150 2226 4204 sive
2269 4148 2346 4204 rei
2383 4147 2600 4218 publice
2643 4146 2758 4200 sive
2798 4146 3009 4214 private
3043 4143 3161 4198 sive
3200 4150 3388 4195 sancte
3424 4141 3524 4194 do-

1943 4259 2067 4298 mus
2098 4243 2182 4296 vel
2219 4238 2541 4300 monastice,
2578 4237 2726 4290 nulla
2751 4235 2978 4290 accione
3019 4233 3200 4288 locum
3228 4234 3522 4287 exercendi

1947 4337 2184 4390 habente
2207 4342 2396 4387 contra
2419 4345 2516 4385 eos
2540 4329 2721 4400 gracia
2751 4327 2972 4381 horum.
3007 4323 3063 4380 Si
3090 4339 3220 4380 vero
3248 4325 3521 4395 quispiam

1943 4429 2088 4483 forte
2138 4424 2546 4480 infestationem
2598 4421 2683 4476 eis
2731 4417 3010 4473 induxerit
3062 4416 3245 4487 graeia
3294 4415 3526 4471 convin-

261 4527 314 4569 et
360 4515 695 4586 perveniens
752 4526 924 4581 usque
975 4512 1028 4565 in
1079 4510 1244 4565 ﬁnem
1297 4508 1560 4563 domicilii
1607 4510 1837 4562 ecclcSie
1875 4531 1920 4588 υ
1945 4519 2102 4574 οεηειῑ
2137 4526 2230 4572 θυι
2267 4514 2549 4570 auferendi
2583 4513 2877 4583 quicquam
2917 4525 3142 4576 eorum,
3185 4523 3292 4578 que
3327 4509 3430 4570 eis,
3463 4515 3526 4561 ut

265 4607 558 4662 l’crivlevti
591 4604 724 4675 (25).
767 4605 841 4658 ita
881 4613 997 4658 uta
1027 4617 1185 4657 muro
1221 4601 1461 4656 civitatis
1495 4615 1591 4667 per
1623 4599 1836 4667 equali-

264 4708 425 4752 tatcm
470 4695 742 4765 ejusmodi
792 4695 987 4750 semite
1033 4709 1204 4764 usque
1252 4693 1320 4747 ad
1364 4692 1528 4745 linem
1555 4688 1840 4746 domicillii

265 4801 372 4844 suit
409 4789 632 4844 brachia
665 4787 855 4858 viginti
887 4802 1006 4842 sex.
1031 4786 1296 4840 Flectitur
1324 4798 1518 4837 versus
1544 4782 1839 4846 orientem,

265 4892 457 4935 tenens
491 4894 713 4934 murum
741 4879 974 4934 ecclesie
1005 4877 1180 4933 sancti
1213 4873 1488 4934 Nicholai,
1521 4873 1843 4941 relinquens

267 4991 294 5026 a
329 4975 539 5030 dextris
573 4973 799 5042 quidem
843 4972 1239 5026 monasterium
1281 4969 1456 5024 sancti
1499 4968 1769 5028 Nicholai,
1815 4981 1842 5020 a

266 5067 506 5122 sinistris
537 5081 670 5121 vero
701 5065 1042 5121 domicilium
1085 5062 1403 5119 monasterii
1444 5061 1759 5122 Berivlevti,
1791 5071 1846 5114 et

269 5157 629 5228 progrediens
685 5173 860 5227 usque
919 5157 985 5210 ad
1039 5157 1267 5211 alteram
1333 5157 1588 5212 semitam
1651 5169 1844 5209 versus

269 5253 540 5307 orientem
573 5251 713 5306 muri
746 5251 930 5306 sancti
960 5249 1235 5306 Nicholai.
1271 5251 1486 5305 Rursus
1520 5250 1760 5305 ﬂectitur
1788 5258 1846 5303 et

271 5343 519 5399 ascendit
543 5358 840 5414 parumper
868 5357 1063 5398 versus
1086 5343 1372 5399 meridiem
1416 5342 1647 5398 eandem
1680 5341 1846 5396 senii-

273 5453 401 5502 tam.
434 5449 493 5496 et
525 5439 775 5495 ascendit
812 5455 1006 5494 versus
1044 5440 1338 5506 orientem,
1373 5439 1625 5495 dividens
1665 5438 1842 5493 domi-

339 5596 449 5666 (2l)
479 5593 622 5668 Lege
649 5615 662 5650 :
695 5598 922 5652 diaconi.

325 5669 448 5756 '(2-2)
480 5667 596 5724 Lib.
625 5670 916 5724 Pactorutu
948 5670 1330 5741 Acymitorum,
1359 5668 1395 5722 i.
1431 5684 1483 5722 e.
1516 5668 1623 5721 τῶν
1669 5670 1844 5722 “7.0:-

273 5755 457 5810 jtrj‘trov
466 5778 480 5791 .

340 5808 457 5879 (25)
485 5808 592 5880 Τῆς
626 5811 1021 5880 Περιϐὶέπτθυ.

1943 4613 2151 4668 dictum
2184 4617 2292 4675 est,
2327 4609 2452 4663 data
2480 4616 2609 4661 sunt
2651 4602 3116 4659 inremissibiliter
3140 4599 3467 4655 multabitur
3491 4616 3524 4654 a

1939 4714 2152 4761 secreto
2193 4704 2280 4773 epi
2319 4712 2407 4757 ton
2442 4700 2672 4772 ykiacon
2707 4698 2818 4767 (9.5)
2859 4696 2914 4750 in
2955 4696 3144 4750 decem
3183 4694 3340 4749 libris
3373 4693 3522 4754 auri.

1941 4797 2099 4850 [irino
2130 4805 2184 4850 et
2225 4804 2344 4848 rato
2381 4794 2654 4847 existente
2695 4796 2950 4860 presente
2983 4785 3315 4858 chrysobulo
3350 4785 3520 4838 verbo

1942 4885 2231 4943 cletneutic
2272 4894 2493 4948 nostre,
2538 4883 2683 4937 facto
2711 4893 2898 4934 mense
2942 4877 3147 4932 Marcio
3195 4874 3518 4931 indictionis

1944 4978 2232 5032 undecimo
2263 4992 2354 5031 sex
2387 4973 2659 5029 millesimi
2696 4970 3110 5028 scxcentessimi
3140 4969 3515 5038 quinquages-

1941 5071 2066 5126 simi
2104 5068 2243 5125 sexti
2275 5068 2387 5138 (26)
2428 5071 2554 5123 anni
2579 5110 2592 5132 ,
2625 5069 2679 5122 in
2706 5083 2815 5138 quo
2844 5075 2900 5121 et
2935 5074 3184 5122 nostrum
3219 5063 3370 5134 pium
3400 5064 3456 5113 et
3488 5071 3519 5110 a

1940 5163 2046 5217 deo
2082 5172 2392 5231 promotum
2429 5161 2773 5232 subsiguavit
2807 5159 3122 5230 imperium.
3173 5174 3191 5207 ι

2013 5252 2165 5309 llauc
2209 5254 2376 5323 igitur
2415 5253 2805 5310 Veneticorum
2849 5246 3292 5320 deprecationem
3338 5241 3517 5308 impe-

1947 5348 2089 5403 rium
2124 5355 2372 5403 nostrum
2418 5362 2765 5417 nequaquam
2809 5345 3054 5401 abieiens
3074 5380 3090 5408 ,
3117 5335 3406 5394 conﬁrmat
3432 5331 3514 5385 sic

1940 5441 2234 5496 continens
2271 5439 2664 5510 chrysobulum
2703 5439 2932 5493 verbum
2969 5437 3112 5490 inter
3151 5432 3515 5499 imperatores

2024 5593 2132 5661 (24)
2163 5593 2416 5649 Editores
2446 5593 2748 5662 conjiciunt
2781 5611 2792 5646 :
2827 5597 3089 5646 tenentur.

2017 5668 2130 5733 :25.)
2173 5665 2297 5717 Ἐπὶ
2326 5667 2435 5718 τῶν
2468 5664 2780 5717 οικειακῶν.

1943 5809 1960 5861 ι
2016 5740 2128 5806 (26)
2200 5736 2506 5790 Numerqu
2569 5736 2704 5787 sexti
2779 5733 3025 5792 editores
3085 5738 3508 5802 'suppicverunt.

1967 5813 2130 5862 lecte.

1993 5828 2130 5860 ccw.
