3942 6250
410 277 516 342 163
678 287 694 311 ‘

1653 275 1903 336 lSAACl
1948 275 2238 334 ANGELI
2282 273 2440 334 1MP.

3557 271 3661 335 465

402 405 623 459 setiiper
659 391 999 446 memoramli
1037 389 1213 462 patrui
1254 386 1602 443 celsitudinis
1635 397 1842 447 nostrc,
1883 387 1981 438 do-
2018 397 2055 446 Α
2094 387 2266 448 hens,
2329 399 2621 454 quousque
2667 395 2717 438 et
2777 382 3022 438 Venetici
3081 383 3495 440 conservabunt
3549 387 3671 440 sine

398 481 536 533 'mini
576 482 842 536 Maunclis
865 524 877 543 ,
913 499 1012 552 per
1045 497 1271 551 presens
1302 480 1695 550 chrysobulum
1730 480 1980 541 verbum,

403 578 459 624 et
493 571 647 640 jubet
675 573 940 625 intactum
985 572 1088 624 hoc
1139 585 1359 622 manere
1404 577 1460 621 et
1495 566 1888 620 inviolabiliter
1929 567 1982 618 in

399 664 691 721 munibus.
741 681 848 732 que
887 663 1157 733 precipit.
1206 662 1344 716 dans
1387 671 1438 715 et
1473 659 1782 713 concedens
1815 658 1988 711 Vene-

403 755 555 816 ticis,
609 755 812 808 habere
862 764 918 808 et
968 770 1162 809 rursus
1209 770 1316 823 que
1366 755 1418 806 in
1467 754 1585 823 ipso
1632 751 1987 805 notilicantur

401 847 600 899 domos
629 847 748 900 sine
793 847 1141 900 mutilatioue
1176 845 1478 900 secundum
1524 844 1695 913 ipsius
1734 859 1984 912 compre-

405 937 752 1002 hensionem,
780 947 839 994 ut
872 939 939 992 ab
972 938 1204 1008 imperio
1229 949 1418 992 nostro
1452 938 1584 1006 ipsis
1607 941 1778 991 datas.
1809 936 1987 1006 Super

405 1029 513 1084 hoc
538 1031 683 1083 enim
708 1043 761 1087 et
783 1048 1009 1100 presens
1029 1031 1421 1101 ehrysobulum
1443 1031 1670 1084 verbum
1697 1029 1986 1084 clementis

407 1132 597 1178 nostre
631 1123 835 1178 fartum
866 1134 969 1189 est,
1007 1123 1222 1176 firmum
1254 1132 1309 1178 ct
1340 1133 1513 1177 ratum
1545 1137 1865 1193 permanere
1893 1121 1990 1176 de-

2084 478 2276 531 fraudc
2310 488 2364 531 ct
2396 479 2537 531 malo
2575 478 2796 547 ingenio
2833 492 2895 529 ea
2917 519 2931 541 ,
2974 491 3082 546 que
3119 492 3215 545 per
3243 479 3670 532 conventionem

2085 583 2139 627 et
2169 581 2572 625 sacramentum
2605 569 2839 640 imperio
2869 585 2967 622 nos
2996 584 3055 622 ro
3084 569 3310 625 debent.

2157 664 2380 718 Factum
2419 679 2608 718 mense
2653 662 2955 718 Februario
2987 663 3178 731 quinte
3222 662 3548 717 intlictionis
3577 678 3672 716 sex

2087 755 2366 809 millesimi
2413 754 2798 810 scxccntcsimi
2861 753 3230 823 nonagessimi
3275 753 3455 822 quinti
3514 754 3670 814 anni,

2094 848 2148 902 in
2190 865 2300 918 quo
2345 860 2400 903 et
2449 858 2698 902 nostrum
2742 863 2772 900 a
2815 847 2918 900 deo
2964 858 3282 916 prometum
3328 843 3672 915 subsignavit

2096 938 2408 1007 imperium.

2378 1051 2581 1105 lsauws
2613 1051 2667 1105 in
2695 1050 2917 1105 Christo
2951 1051 3056 1104 deo
3085 1050 3261 1104 lidelis
3292 1052 3597 1118 imperator
3619 1057 3672 1102 et

2505 1125 2818 1176 moderator
2859 1123 3231 1177 llotnauorum
3267 1121 3531 1192 Angelus.

1490 1407 1673 1445 PACTlO
1714 1407 1818 1444 cun
1852 1404 2073 1444 \‘ENETlS
2103 1387 2241 1462 [9.7].
2278 1389 2363 1462 (Α.
2415 1390 2596 1461 H87.)

483 1506 743 1579 Oportuit
774 1505 1026 1578 equidem
1057 1516 1111 1562 et
1142 1507 1366 1562 Venetia
1402 1507 1809 1562 revocationem
1845 1517 1902 1562 et
1932 1507 1987 1560 in

409 1601 734 1658 Romani-am
769 1610 825 1654 et.
858 1603 909 1653 in
941 1599 1228 1667 pristinam
1263 1599 1550 1662 unionem,
1577 1614 1740 1668 quam
1769 1613 1894 1651 cum
1925 1614 1989 1652 ea

410 1691 672 1755 habebat,
716 1691 1088 1745 reversionem
1135 1702 1190 1744 et
1241 1691 1669 1753 restitutionem,
1707 1704 1837 1758 sepe
1866 1688 1989 1758 qui~

411 1785 536 1838 deut
586 1785 973 1853 excogitatam,
1022 1783 1261 1838 diversis
1301 1797 1434 1837 vero
1471 1781 1854 1836 occasionibus
1899 1783 1990 1834 im-

406 1878 648 1950 peditatu
693 1885 748 1931 et
792 1877 846 1930 in
889 1875 1084 1929 diebus
1133 1875 1433 1944 inspectam
1482 1881 1669 1926 nostre
1715 1871 1803 1942 pie
1840 1881 1990 1924 tran-

407 1969 719 2041 quillitatis,
756 1981 919 2037 quam
960 1965 1118 2031 deus,
1156 1964 1542 2035 interpositum
1572 1962 1863 2017 inimicitie
1889 1961 1988 2016 de-

405 2079 617 2135 ponens
639 2062 927 2133 parietem,
949 2069 1054 2113 tam
1076 2073 1246 2129 prope
1267 2073 1430 2128 quam
1455 2057 1612 2128 longe
1628 2055 1993 2110 existentibus

407 2165 668 2223 tanquam
722 2153 871 2222 pacis
897 2150 1150 2221 angelum
1201 2149 1372 2211 misit,
1420 2163 1568 2202 nunc
1612 2163 1710 2217 pro
1739 2147 1848 2201 fine
1880 2145 1992 2217 ('28)

414 2248 692 2316 accipere,
720 2245 973 2315 profecto
1005 2242 1071 2297 ad
1103 2242 1396 2296 utilitatem
1433 2241 1653 2310 quidem
1680 2238 1988 2294 Cristiano-

412 2356 557 2403 rmn,
587 2339 809 2392 minime
846 2344 1029 2390 autem
1069 2334 1137 2388 ad
1169 2334 1581 2388 incommodum
1632 2331 1899 2386 Romanie
1933 2338 1994 2384 ut

413 2433 705 2504 imperium
733 2440 981 2485 nostrum
1001 2427 1244 2483 confidit.
1272 2427 1407 2481 Nam
1432 2437 1486 2481 et
1511 2427 1637 2481 aliis
1656 2425 1996 2494 temporibus

415 2523 763 2579 celsitudinis
816 2531 1002 2574 nostre
1070 2519 1518 2576 antecessoribus
1571 2518 1819 2572 Venetici
1877 2533 1996 2570 ser-

414 2617 630 2669 vientes
660 2613 822 2666 utiles
845 2611 1108 2664 llontanie
1137 2617 1532 2679 apparuerunt,
1558 2607 1917 2662 devocioncm
1942 2605 1994 2660 ei

416 2709 716 2764 maximum
744 2707 801 2758 in
824 2704 1152 2759 necessariis
1184 2701 1522 2771 temporibus
1539 2701 1846 2758 exibentes.
1873 2698 1995 2756 etei

418 2815 565 2855 nunc
594 2798 792 2851 melius
814 2794 1106 2850 serv-icium
1133 2793 1476 2863 pollicentes,
1505 2794 1585 2847 sic
1607 2793 1785 2862 ipsum
1810 2805 1996 2844 sacra-

418 2901 606 2948 mento
620 2899 674 2944 et
691 2887 1066 2943 conveneione
1089 2885 1316 2954 imperio
1337 2893 1527 2938 nostro
1539 2883 1995 2938 corroborantes:

501 3005 524 3036 ι
556 2984 676 3038 Non
707 2992 790 3036 est
840 2981 1134 3050 conjuncta
1171 2976 1421 3041 Venetia,
1458 2991 1558 3031 nec
1592 2990 1832 3045 unquam
1864 2988 1998 3028 con-

418 3079 681 3151 jungetur
711 3073 874 3127 alicui
911 3078 1301 3125 coronatorum
1327 3068 1414 3123 vel
1447 3083 1555 3121 non
1585 3074 1996 3130 coronatorum,

419 3182 536 3226 Sive
562 3170 807 3238 gentium
841 3163 923 3218 vel
959 3162 1242 3216 nationum
1273 3159 1439 3214 alicui
1480 3166 1670 3212 contra
1703 3157 1995 3227 imperium

2089 1507 2338 1578 quinque
2395 1509 2736 1578 gallcarum;
2779 1510 2873 1580 qui
2908 1520 2965 1566 et
3001 1511 3190 1582 jurare
3240 1510 3468 1574 debent,
3524 1512 3674 1582 quod

2089 1598 2294 1654 facient
2345 1617 2441 1656 eas
2498 1602 2638 1657 bene
2698 1603 2817 1657 fieri
2878 1612 2936 1657 ιιι
2981 1618 3145 1656 unam
3177 1619 3457 1673 quamque
3482 1620 3672 1658 earum

2089 1702 2314 1747 centum
2353 1694 2722 1764 quadraginta
2764 1694 2880 1748 fore
2930 1708 3276 1749 romatorum
3307 1697 3424 1764 (50;
3452 1707 3508 1752 et
3543 1713 3671 1752 cum

2089 1787 2237 1840 omni
2292 1797 2557 1856 apparatu
2618 1804 2855 1852 carum,
2917 1805 3044 1843 eum
3095 1790 3383 1844 celeritate
3440 1799 3498 1845 et
3547 1791 3672 1847 sine

2024 1915 2064 1970 Β
2089 1878 2306 1944 fraude,
2335 1880 2643 1934 secundum
2677 1881 2823 1951 quod
2854 1881 3102 1936 facerent
3132 1896 3227 1936 eas
3262 1881 3406 1948 fieri,
3437 1888 3484 1938 si
3517 1885 3674 1954 galee

2092 1981 2277 2028 essent
2312 1972 2558 2036 Venetie.
2594 1983 2689 2030 aut
2715 1975 2760 2030 si
2787 1989 2910 2029 cum
2945 1973 3215 2044 peecunia
3259 1973 3378 2029 fieri
3406 1975 3674 2031 deberent

2098 2064 2349 2120 Venetie.
2409 2065 2476 2119 Et
2536 2068 2914 2136 unusquisque
2966 2081 3159 2119 eorum
3213 2065 3380 2120 debet
3417 2067 3672 2136 accipere

2094 2156 2162 2212 de
2191 2159 2451 2213 vestiario
2485 2159 2696 2214 doiniui
2729 2158 3082 2230 imperatoris
3111 2158 3462 2215 liberalitatis
3489 2161 3682 2232 greci:

2096 2265 2364 2320 yperpera
2395 2249 2700 2319 sexaginta.

2168 2343 2303 2397 ltem
2335 2343 2570 2398 comites
2591 2341 2911 2414 huiusmodi
2941 2344 3224 2414 galearum
3263 2344 3470 2400 debent
3487 2344 3678 2416 iurare

2096 2447 2266 2502 super
2299 2446 2486 2488 sancta
2522 2435 2612 2489 dei
2659 2435 2970 2506 evangelia,
3006 2439 3154 2506 quod
3213 2437 3266 2492 in
3300 2451 3408 2492 una
3456 2451 3678 2506 quaque

2095 2539 2284 2578 carum
2332 2537 2497 2582 erunt
2528 2538 2752 2582 centum
2783 2529 3162 2598 quadraginta.
3199 2531 3477 2595 homines,
3515 2530 3562 2585 si
3599 2539 3676 2584 tot

2099 2619 2382 2673 hontinum
2439 2635 2566 2690 roga
2597 2623 2681 2675 eis
2715 2621 2840 2675 data
2889 2621 3076 2685 fuerit,
3125 2623 3370 2693 exceptis
3409 2627 3682 2677 moventi—

2099 2709 2205 2765 bus
2241 2711 2356 2782 (ὂιι
2386 2722 2442 2766 et
2470 2714 2592 2768 sine
2622 2713 2830 2768 noticia
2862 2730 3054 2770 eorum
3097 2715 3534 2786 aufugientibus.
3569 2716 3674 2770 Ve-

2099 2819 2225 2856 rum
2260 2813 2442 2859 tamen
2490 2808 2728 2862 comites
2777 2806 3146 2869 festinabunt,
3203 2809 3344 2862 bona
3385 2809 3492 2862 fide
3523 2824 3680 2862 recn-

2097 2909 2295 2964 perare
2347 2897 2530 2952 datam
2585 2901 2668 2954 eis
2720 2915 2944 2970 rugam;
2992 2909 3050 2956 et
3087 2903 3131 2955 si
3180 2916 3302 2957 eam
3349 2915 3679 2970 recuperare

2099 2995 2352 3056 possunt,
2389 2987 2655 3044 inducent
2703 2989 2844 3045 alios
2897 3006 2996 3060 pro
3045 2993 3126 3046 eis
3159 2991 3212 3045 in
3247 2992 3430 3062 galeas
3461 3006 3680 3054 eorum,

2096 3077 2183 3132 vel
2219 3078 2455 3133 reddent
2482 3096 2600 3135 eam
2641 3081 2851 3136 homini
2887 3082 3096 3138 domini
3129 3084 3498 3151 imperatoris.

2170 3170 2307 3225 Item
2355 3172 2627 3242 jurabunt
2679 3173 2935 3238 comites,
2967 3175 3114 3246 quod
3161 3177 3479 3230 universum
3511 3190 3677 3245 appa-

420 3261 626 3315 dUlllilti
659 3255 1008 3327 llilpCl‘illOt'lS
1044 3255 1418 3309 Romanorum
1449 3261 1506 3308 οι
1533 3267 1752 3321 semper
1783 3250 1994 3320 augusti
2025 3263 2071 3328 Ο
2105 3274 2283 3316 ratum
2483 3264 2746 3319 “aditum
2794 3267 3109 3322 conducent
3157 3268 3223 3322 ad
3268 3268 3534 3323 honorem
3571 3285 3673 3322 ιιιι-

422 3353 630 3408 domini
665 3347 862 3405 Ysaaki
899 3347 1113 3418 Angeli,
1155 3345 1332 3399 donec
1363 3343 1586 3405 vixerit,
1617 3342 1698 3395 vel
1733 3340 1998 3396 heredum

421 3445 540 3516 ejus
577 3441 944 3496 masculorum
986 3437 1072 3492 vel
1119 3437 1470 3500 feminarum,
1502 3434 1597 3504 qui
1640 3433 1723 3487 vel
1753 3448 1861 3503 que
1893 3433 1997 3486 itit-

424 3534 718 3605 perabunt,
754 3532 836 3585 vel
875 3531 1117 3594 illorum,
1145 3527 1239 3598 qui
1271 3543 1338 3580 ex
1378 3535 1641 3596 prcccpto
1672 3540 1865 3579 eorum
1899 3528 2002 3577 itii-

424 3626 718 3698 perabunt,
745 3624 811 3677 ad
840 3622 1148 3676 nocendum
1184 3619 1450 3676 Romanic
1479 3617 1888 3688 particulariter
1916 3615 2000 3670 vel

424 3715 844 3780 universaliter;
872 3727 974 3766 nec
1000 3727 1097 3780 per
1130 3727 1187 3765 se
1221 3726 1460 3780 unquam
1500 3711 1550 3765 ei
1585 3710 1830 3764 nocebit.

502 3810 661 3872 Item,
697 3806 1212 3878 quocieuscumque
1240 3804 1549 3874 principum
1593 3803 1797 3872 aliquis
1842 3818 2002 3858 coro-

425 3915 683 3960 natorum
731 3903 817 3956 vel
871 3916 980 3955 non
1033 3909 1451 3966 coronatorum,
1495 3898 1582 3954 vel
1618 3898 1864 3969 gentium
1907 3907 2002 3950 aut

425 3991 722 4051 nitionum
747 3995 932 4064 aliqua
961 4001 1152 4046 contra
1184 3992 1507 4046 Romaniam
1537 3990 1690 4046 venit
1717 3989 1998 4044 ollenden-

425 4088 556 4143 duttt
593 4102 716 4142 eam
770 4100 897 4139 cum
946 4083 1116 4154 galeis
1171 4081 1534 4152 quadraginta
1584 4081 1671 4136 vel
1725 4081 2001 4151 pluribus,

425 4196 601 4251 usque
631 4179 696 4232 ad
736 4187 960 4232 centum
994 4176 1130 4246 (29),
1178 4187 1234 4228 et
1285 4173 1496 4244 indiget
1543 4173 1836 4243 imperium
1883 4175 2004 4244 ejus

429 4276 510 4330 vel
552 4273 784 4328 heredes
835 4273 959 4342 ejus
1012 4286 1190 4325 mares
1243 4269 1328 4324 vel
1378 4269 1601 4330 femine,
1637 4269 1730 4337 qui
1782 4268 1864 4321 vel
1896 4283 2002 4337 que

425 4363 798 4434 imperabunt,
840 4361 926 4415 vel
962 4361 1061 4424 illi,
1098 4360 1193 4430 qui
1245 4375 1317 4413 ex
1364 4367 1626 4428 precepto
1673 4359 1794 4428 ejus
1827 4358 2005 4428 impe-

424 4457 651 4518 rahuut,
705 4454 938 4507 servitio
968 4451 1362 4506 Veneticorunt
1397 4466 1520 4505 cum
1558 4451 1729 4521 galeis
1761 4457 2001 4520 quadra-

428 4547 579 4617 ginta
630 4555 686 4599 et
739 4559 915 4613 usque
966 4543 1032 4598 ad
1079 4553 1326 4606 centum,
1359 4542 1564 4597 debent
1616 4542 1752 4596 illud
1795 4544 2002 4601 habere

429 4638 571 4691 infra
603 4651 821 4690 menses
844 4645 938 4690 sex
965 4644 1088 4705 post
1115 4635 1295 4689 datam
1329 4635 1588 4688 noticiam
1623 4634 1756 4690 Duci
1785 4636 1853 4689 ab
1893 4637 1996 4689 im-

429 4732 584 4798 perio
617 4743 807 4781 eorum
837 4728 1081 4783 Vcnetie.
1111 4726 1436 4796 llujusmodi
1470 4741 1599 4780 vero
1625 4728 1775 4796 galee
1797 4728 2000 4782 debent

431 4821 660 4875 Venetic
696 4819 812 4873 ﬁeri
867 4831 917 4875 et
974 4819 1153 4890 parari
1209 4835 1240 4872 a
1274 4819 1553 4874 Veneticis
1587 4835 1710 4873 cum
1749 4821 2009 4874 universo

431 4921 701 4982 apparatu
752 4928 942 4967 earum
994 4927 1092 4982 per
1145 4913 1468 4981 peccuniam
1517 4912 1646 4966 illuc
1683 4913 1902 4968 missam
1940 4913 2010 4967 ab

432 5005 666 5075 imperio
693 5020 910 5066 eorum,
952 5003 1036 5058 vel
1073 5005 1352 5056 inventam
1397 5003 1473 5056 ibi
1516 5018 1544 5056 a
1587 5013 1741 5072 parte
1782 5005 2012 5058 celsitu-

435 5097 584 5152 dinis
616 5111 832 5162 eorum,
873 5097 1149 5150 Veneticis
1196 5097 1328 5149 dare
1376 5095 1710 5149 debentibus
1758 5095 2010 5150 homines

429 5202 611 5262 aptos,
647 5199 708 5244 ut
758 5189 1138 5260 unusquisque
1179 5205 1372 5242 eorum
1419 5189 1588 5258 presit
1630 5189 2004 5257 prcparationi

455 5343 614 5425 “(27)
642 5349 793 5402 Post.
831 5349 1065 5425 Marini.
1095 5350 1131 5402 l.
1169 5347 1474 5425 lll,_p.?82
1500 5350 1743 5425 eglibro
1785 5349 1910 5425 albo
1947 5360 2002 5403 et

429 5414 910 5554 Libzijs-pél‘féorllm
941 5421 1240 5476 ediderunt
1275 5414 1425 5476 Tafel
1453 5431 1510 5475 et
1536 5421 1776 5476 Thomas
1837 5421 1872 5473 Ι.
1899 5423 1934 5474 l.
1962 5437 1999 5484 ι,

433 5641 466 5677 ﬂ
503 5556 615 5676 (38)
653 5559 694 5614 ι.
727 5575 781 5614 e.
814 5561 897 5625 εις
923 5560 1079 5626 τέλος
1103 5561 1188 5616 vel
1213 5561 1301 5614 διὰ
1330 5559 1542 5623 τέλους.
1573 5558 1746 5613 Marin
1772 5575 1784 5613 :
1813 5576 1907 5631 per
1933 5561 2004 5626 ﬁ-

471 5644 519 5677 ει
561 5667 572 5678 .

513 5696 622 5769 ιῖῡ)
650 5697 828 5756 Verba
843 5716 1006 5770 usque
1037 5702 1106 5757 ad
1127 5710 1338 5757 centum
1364 5699 1472 5755 hoc
1491 5700 1615 5758 loco
1637 5699 2004 5774 expungenda

2102 3355 2241 3424 perii
2263 3369 2458 3408 eorum
2489 3364 2546 3410 et
2567 3357 2805 3410 salutem
2827 3361 3000 3412 nostri
3026 3359 3173 3413 stoli.
3203 3357 3470 3413 Homines
3493 3368 3672 3413 autem

2101 3447 2380 3516 galearum
2437 3446 2600 3500 talen]
2647 3447 2854 3502 debent
2903 3463 3092 3518 rogant
3129 3449 3404 3518 accipere,
3457 3451 3672 3519 qualem

2102 3536 2346 3592 Venetici
2379 3537 2522 3606 apud
2548 3536 2860 3607 Coryphu'm
2887 3538 3253 3608 accipiebant.

2173 3626 2308 3680 ltem
2338 3633 2415 3689 et,
2445 3627 2489 3681 si
2527 3628 2820 3696 imperium
2850 3643 3044 3682 eorum
3076 3629 3315 3682 voluerit
3349 3629 3404 3683 in
3445 3643 3674 3684 numero

2106 3716 2419 3787 huiusmodi
2474 3727 2694 3773 centum
2754 3719 3032 3785 galearum
3097 3720 3389 3774 servitium
3451 3721 3667 3776 Veneti-

2103 3823 2294 3863 corutn
2333 3809 2386 3862 in
2451 3821 2560 3863 tota
2616 3811 2877 3864 llomania
2926 3810 3307 3878 inventorum,
3337 3813 3509 3868 debet
3545 3814 3670 3868 illud

2104 3897 2306 3954 habere
2335 3915 2461 3954 cum
2504 3909 2584 3954 tot
2617 3901 2831 3971 scilicet
2875 3901 3067 3970 galeis,
3097 3913 3236 3970 quot.
3275 3905 3483 3958 armari
3522 3914 3670 3974 pote-

2105 3978 2234 4046 runt
2281 3991 2350 4046 de
2406 3993 2644 4047 inventis
2695 3993 2936 4057 Venetis,
2987 4010 3055 4048 cx
3108 4005 3346 4064 quatuor
3399 3999 3575 4052 tribus
3618 4001 3673 4052 in

2104 4084 2284 4156 galeas
2340 4084 2581 4138 inductis
2631 4085 2936 4139 secundum
2990 4101 3282 4140 numerum
3329 4087 3670 4144 inventorum

2105 4175 2489 4230 Veneticorum
2515 4190 2641 4229 cum
2673 4185 2729 4230 et
2765 4175 3054 4230 manifesta
3103 4192 3254 4247 roga.
3287 4179 3669 4235 Verumtamen

2106 4283 2212 4321 non
2244 4276 2513 4337 cogentur
2546 4267 2751 4337 galleas
2783 4267 2996 4337 ingredi
3033 4269 3225 4337 viginti
3268 4285 3543 4325 annorum
3582 4271 3671 4326 ho-

2107 4360 2283 4412 mines
2311 4368 2365 4415 et
2398 4355 2564 4422 infra,
2597 4372 2776 4427 neque
2809 4357 3090 4428 sexaginta
3122 4375 3395 4416 annorum
3427 4374 3483 4417 et
3514 4365 3668 4418 ultra.

2175 4449 2359 4506 Stulus
2392 4457 2576 4503 autem
2607 4459 2797 4504 noster
2840 4454 3190 4520 capitaueutn
3239 4455 3321 4508 vel
3357 4457 3675 4524 capitaueos

2110 4540 2402 4596 chcticos
2425 4541 2590 4596 debet
2614 4542 2841 4606 habere,
2867 4545 2957 4613 qui
2984 4552 3040 4597 et
3066 4544 3252 4615 jurare
3277 4544 3504 4611 debent,
3533 4546 3672 4617 quod

2107 4634 2420 4690 conducent
2445 4649 2572 4688 eum
2615 4633 2684 4688 ad
2714 4634 2982 4690 honorem
3015 4637 3230 4706 imperii
3265 4654 3463 4694 eorum
3499 4651 3555 4695 et
3593 4657 3674 4695 sa-

2105 4729 2278 4783 lutem
2311 4728 2486 4782 nostri
2514 4728 2637 4782 stoli
2673 4731 2812 4781 bona
2841 4727 2947 4782 ﬁde
2971 4737 3028 4783 et
3053 4732 3173 4784 sine
3203 4731 3398 4785 fraude
3419 4749 3593 4804 usque
3611 4734 3674 4788 ad

2107 4819 2308 4873 stolum
2365 4819 2716 4872 celsitudinis
2771 4833 2985 4871 eorum.
3046 4820 3113 4874 Et
3156 4821 3198 4874 si
3242 4822 3421 4874 stolus
3465 4833 3673 4881 noster.

2107 4923 2403 4980 antequam
2457 4912 2673 4982 imperii
2725 4928 2916 4966 eorum
2963 4913 3105 4968 stolo
3156 4915 3398 4980 uniatnr,
3444 4917 3675 4986 aliquem

2107 5005 2310 5058 stolutn
2363 5006 2574 5059 itnmiei
2635 5006 2850 5076 imperii
2898 5021 3090 5060 eorum
3142 5006 3437 5070 invenerit,
3469 5019 3527 5063 et
3552 5025 3674 5065 eum

2107 5098 2386 5152 oil'enderc
2441 5098 2523 5151 vel
2577 5113 2890 5166 expugnare
2947 5098 3204 5161 voluerit,
3235 5099 3396 5152 faciet
3443 5101 3526 5155 sic
3559 5116 3676 5154 sine

2108 5189 2302 5244 fraude
2347 5201 2404 5244 et
2457 5190 2599 5243 malo
2657 5189 2878 5258 ingenio
2927 5189 3136 5257 aliquo.
3199 5189 3500 5260 Postquam
3551 5206 3676 5246 vero

2101 5368 2222 5407 esse
2295 5355 2570 5411 videntttr.
2662 5351 2946 5410 Habentur
3039 5361 3221 5408 tamen
3297 5354 3465 5410 etiam
3539 5355 3674 5410 infra

2101 5424 2239 5477 Nov.
2269 5442 2339 5479 xi.

2176 5496 2287 5563 (50)
2327 5496 2475 5551 Libri
2510 5506 2820 5566 pactorum,
2877 5507 3240 5562 remotorum;
3274 5495 3448 5551 Marin
3478 5513 3492 5550 :
3524 5498 3676 5551 renti-

2103 5575 2367 5634 galerum.

2177 5637 2288 5706 (51)
2317 5637 2512 5701 Mariti,
2555 5639 2914 5694 morientibus.
2950 5639 3042 5695 Sic
3081 5638 3376 5693 infr.Nov.
3408 5651 3485 5696 ιι.
