3942 6250
272 401 383 467 “is

1338 407 1701 468 NOVEL‘L.’E
1742 403 2438 468 CONSTII'UTIONES.

3427 368 3536 476 uss

267 516 448 570 stolas
498 525 688 571 noster
737 517 877 572 stolo
917 516 1226 586 imperialis
1272 519 1624 574 celsitudinis
1659 527 1852 572 umtns
1885 517 1925 572 Α
1956 525 2143 569 ortum
2177 527 2232 570 et
2257 532 2449 571 versus
2477 532 2756 583 occasum,
2789 527 2844 574 et
2869 518 2937 574 ab
2971 533 3034 573 ea
3076 532 3248 589 usque
3294 517 3531 577 Avidum

266 607 458 672 fuerit,
514 608 718 664 debent
771 610 1050 664 munerari
1111 611 1381 674 homines,
1419 613 1510 682 qui
1565 611 1621 667 in
1680 612 1852 682 galeis

264 709 458 762 erunt,
503 715 531 753 a
581 701 881 770 capitaneo
939 701 1065 756 stoli
1119 703 1337 773 imperii
1389 719 1602 762 eorum.
1655 704 1698 758 si
1737 703 1854 772 ipse

272 791 512 845 voluerit
545 808 560 846 :
595 801 650 846 et
673 792 879 848 inventi
907 793 1128 864 quidem
1162 804 1325 851 erunt
1361 799 1413 850 in
1441 797 1668 854 servitio
1689 798 1854 852 celsi-

266 883 482 938 tudinis
511 899 737 951 eorum;
767 887 1027 943 absentes
1051 903 1181 943 vero
1207 890 1344 945 bona
1380 890 1484 944 fide
1515 891 1854 946 festinabunt

267 977 540 1047 reperire,
591 979 635 1033 si
698 991 954 1046 possunt,
1006 996 1410 1051 numerumth
1451 984 1729 1053 supplere.
1761 983 1853 1036 ln-

265 1083 438 1136 super
467 1070 788 1138 capitaneus
820 1071 905 1126 vel
941 1073 1220 1141 capitanei
1271 1075 1446 1128 nostri
1501 1074 1627 1128 stoli
1661 1085 1715 1128 ct
1747 1089 1845 1128 co-

267 1162 431 1217 mites
481 1172 534 1216 et
579 1163 842 1218 nanclerii
875 1172 931 1220 et
961 1166 1265 1235 prodenscs
1319 1176 1376 1221 et
1427 1167 1726 1221 decemviri
1780 1167 1849 1221 de

267 1269 600 1324 unaquaque
663 1256 943 1324 galearum
1009 1257 1312 1326 jurabuut,
1372 1259 1517 1328 quod
1588 1271 1850 1331 prccepto

263 1346 544 1414 capitanei
589 1346 715 1400 stoli
757 1347 1112 1416 imperatoris
1145 1351 1447 1415 maiestatis
1487 1350 1748 1404 obedient
1782 1351 1848 1406 ad

266 1435 534 1491 honorem
562 1437 778 1507 imperii
802 1454 995 1493 eorum
1023 1451 1078 1495 et
1103 1441 1332 1495 salutem
1359 1443 1702 1505 nostristoli,
1731 1445 1850 1499 sine

265 1529 463 1583 fraude
498 1540 555 1584 et
601 1531 744 1585 malo
797 1531 1054 1602 ingenio;
1105 1543 1161 1588 et
1193 1535 1336 1604 quod
1378 1551 1484 1589 una
1538 1551 1661 1590 cum
1705 1537 1849 1591 stolo

264 1620 484 1690 imperii
525 1637 715 1676 eorum
755 1635 1156 1694 persequentur
1181 1627 1381 1681 stolum
1415 1628 1620 1683 inimici
1675 1630 1848 1698 maje-

259 1715 427 1768 statis
477 1731 693 1780 eorum,
724 1718 838 1771 sive
890 1717 1150 1774 Cristiani
1208 1720 1320 1774 sint
1373 1722 1488 1775 sive
1543 1723 1761 1792 pagani,
1791 1731 1848 1778 et

261 1805 457 1859 ledent
511 1814 567 1860 et
627 1808 1022 1878 expugnabunt
1078 1825 1205 1863 eum
1254 1820 1316 1865 et
1360 1812 1659 1880 expellent,
1707 1814 1848 1868 infc-

260 1907 501 1966 rentque
533 1899 584 1952 ei
618 1902 819 1954 malum
853 1901 1000 1971 quod
1050 1911 1331 1972 poterunt,
1376 1903 1521 1958 bona
1563 1905 1692 1969 fide,
1726 1905 1848 1961 sine

262 1989 460 2044 fraude
488 2003 539 2044 et
569 1992 711 2045 malo
744 1993 985 2062 ingenio,
1011 2003 1068 2047 et
1098 1995 1498 2064 impugnabunt
1531 2011 1681 2058 eum,
1712 2012 1847 2066 quo-

263 2096 444 2149 usque
483 2093 542 2138 et
582 2084 756 2137 stolus
789 2084 1150 2152 imperatorio
1201 2085 1562 2140 sublimitatis
1587 2103 1714 2141 cum
1745 2089 1849 2141 im-

262 2171 533 2239 pugnabit
585 2172 727 2226 bona
760 2173 871 2227 fide
905 2182 959 2227 et
990 2175 1109 2228 sine
1144 2174 1359 2230 fraude.
1413 2176 1476 2229 Et
1521 2176 1569 2230 si
1607 2178 1846 2248 aliquam

259 2270 545 2316 terrarum
572 2265 783 2320 inimici
813 2266 1032 2335 imperii
1065 2283 1254 2321 eorum
1280 2269 1553 2338 ceperint,
1579 2271 1847 2327 debemus

257 2354 315 2408 in
363 2372 430 2409 ea
467 2357 689 2411 habere
743 2359 1056 2423 ecclesiam,
1103 2359 1383 2414 embolum
1437 2371 1494 2417 et
1543 2364 1846 2430 scalam,et

253 2449 582 2502 conversari
617 2450 735 2504 sine
769 2453 918 2505 omni
949 2452 1199 2506 dationc.
1232 2453 1630 2508 Verumtamen
1668 2457 1845 2513 stolus

251 2540 607 2597 celsitudinis
639 2557 832 2597 eorum
884 2543 1050 2599 debet
1104 2553 1292 2600 tantus
1338 2561 1487 2610 esse,
1517 2558 1758 2616 quantus
1789 2559 1846 2604 et

255 2641 454 2685 uoster
477 2641 580 2696 est,
610 2634 694 2687 vel
724 2635 981 2704 amplior.
1015 2635 1310 2703 Postquam
1349 2652 1483 2692 vero
1526 2639 1842 2710 hujusmodi

255 2726 552 2780 servitium
604 2728 818 2797 imperii
867 2744 1062 2784 eorum
1115 2735 1454 2801 peregerint.
1511 2731 1715 2787 debent
1775 2733 1844 2789 de

253 2817 437 2884 galeis
465 2819 700 2887 egressis
730 2820 960 2875 Venetia
995 2831 1073 2875 tot
1108 2822 1174 2876 ad
1228 2838 1382 2876 suam
1421 2824 1625 2879 habere
1655 2840 1843 2880 rever-

254 2923 498 2972 sonem,
527 2919 659 2978 quot
682 2912 768 2965 eis
799 2914 1118 2968 necessarie
1149 2925 1323 2968 erunt
1365 2917 1760 2972 convenienter
1783 2929 1844 2974 et

248 3001 386 3053 sine
410 3000 622 3067 fraude,
659 3003 800 3058 bona
833 3003 960 3058 fide.

339 3087 502 3151 item,
537 3101 826 3161 postquam
866 3095 1180 3165 hujusmodi
1209 3099 1363 3169 galec
1386 3101 1672 3158 Venetiam
1713 3119 1841 3174 per-

251 3183 537 3243 venerint,
569 3181 614 3234 si
665 3183 954 3252 imperium
983 3203 1177 3242 eorum
1213 3191 1451 3246 voluerit
1497 3209 1592 3249 eas
1639 3197 1839 3251 iterum
1871 3209 1914 3268 α

248 3288 280 3324 a
328 3271 609 3327 Venetieis
641 3274 700 3327 in
748 3276 1068 3333 llontaniam
1108 3281 1320 3348 reduci,
1371 3286 1744 3356 neducentur;
1777 3299 1834 3344 et

253 3364 642 3434 mmsquisquc
700 3383 930 3434 eorum,
992 3370 1085 3440 qui
1148 3388 1245 3426 eas
1297 3375 1600 3439 reducent,
1667 3378 1835 3435 debet

250 3457 470 3512 habere
521 3475 618 3528 pro
671 3463 928 3519 mercede
973 3464 1052 3530 id,
1089 3467 1234 3534 quod
1281 3467 1447 3525 fuerit
1496 3472 1834 3527 conveniens

247 3548 566 3602 secundum
601 3559 836 3621 tempus.
864 3553 924 3607 Si
954 3565 1138 3610 autem
1171 3557 1526 3626 imperatoria
1558 3562 1834 3618 celsitudo

245 3656 358 3710 per
391 3641 530 3694 alias
559 3657 824 3710 personas
852 3646 935 3698 vel
968 3661 1066 3715 per
1089 3647 1252 3702 aliam
1285 3653 1523 3720 aliquam
1549 3654 1837 3724 dispensa-

248 3731 468 3785 tionem
500 3733 736 3787 voluerit
772 3735 1094 3803 hujusmodi
1143 3741 1423 3807 galearum
1456 3747 1835 3802 reversionem

249 3825 377 3880 Γωνί
413 3827 468 3879 in
520 3835 721 3882 terram
773 3829 988 3898 imperii
1022 3847 1240 3894 eorum,
1281 3834 1373 3887 fiet
1419 3845 1477 3889 et
1513 3837 1834 3908 huiusmodi

243 3933 444 3972 earum
472 3919 714 3974 reversio
744 3921 914 3976 licite.
965 3923 1032 3976 Et
1071 3925 1121 3978 si
1169 3927 1408 3982 voluerit
1470 3945 1563 3986 eas
1607 3931 1836 3990 Venetis

245 4008 550 4071 custodiri,
572 4011 958 4065 custodientnr
982 4012 1049 4066 ad
1079 4013 1344 4069 honorem
1373 4017 1589 4087 imperii
1611 4035 1832 4088 eorum,

243 4117 314 4156 ac
354 4101 401 4156 si
444 4113 630 4157 essent
662 4104 886 4174 proprie
925 4105 1173 4172 Venetie,
1221 4109 1317 4163 sed
1360 4117 1542 4167 tamen
1573 4130 1697 4170 eum
1731 4117 1835 4170 im-

245 4195 448 4264 periali
478 4210 742 4264 expensa.

315 4289 486 4352 Item,
535 4289 579 4342 si
613 4290 682 4342 ob
721 4289 939 4359 aliquod
985 4307 1282 4362 gravanien
1335 4301 1689 4368 nequiverint
1731 4302 1836 4357 bu-

239 4380 493 4447 jusmodi
524 4381 677 4449 galce
705 4384 1011 4438 secundum
1066 4386 1344 4455 prmﬁxum
1398 4393 1692 4448 terminum
1746 4411 1839 4450 ve-

245 4489 376 4528 mrc
439 4473 702 4535 Venetia,
766 4475 972 4530 debent
1022 4475 1080 4531 in
1137 4480 1424 4536 servitium
1456 4485 1581 4538 διοΙὶ
1618 4487 1832 4553 imperii

1956 616 2012 660 et
2041 607 2094 660 in
2121 607 2313 662 eadem
2352 609 2575 664 civitate
2601 610 2857 666 similiter
2882 611 3156 677 inventos,
3195 627 3297 666 nec
3336 627 3446 668 non
3475 623 3554 668 et.

1958 698 2012 752 in
2047 699 2232 763 terris,
2267 713 2374 768 que
2424 701 2565 754 infra
2595 711 2725 758 sunt
2760 717 2933 771 usque
2970 703 3432 776 Plivladelphyam
3475 714 3534 762 et

1957 789 2009 843 in
2039 789 2156 859 ipsa
2183 790 2424 854 civitate,
2457 802 2513 847 et
2544 808 2715 863 usque
2743 794 3152 864 Adrianopolim
3186 795 3320 850 etin
3345 809 3412 850 ea
3452 797 3534 852 sio.

1956 883 2160 937 militcr
2187 883 2586 949 existentes,de
2611 895 2849 954 quatuor
2878 897 3013 947 tres,
3051 902 3174 941 eum
3211 897 3290 943 tot
3321 888 3536 943 scilicet

1954 975 2144 1043 galeis.
2196 984 2330 1044 quot
2388 991 2603 1031 armare
2656 986 2934 1046 poterunt,
2971 979 3174 1034 inventi
3225 980 3532 1036 secundum

1953 1068 2332 1136 supradictum
2364 1069 2638 1133 ordinem,
2671 1085 2796 1123 cum
2833 1079 2889 1125 et
2918 1071 3202 1126 manifesta
3235 1088 3384 1142 roga.

2025 1161 2139 1216 Tali
2169 1162 2353 1230 itaque
2384 1161 2548 1217 modo
2579 1161 2784 1231 talique
2809 1162 3004 1216 ordine
3029 1163 3301 1232 juvabth
3337 1164 3533 1236 (52)-et

1954 1252 2252 1308 defendent
2288 1254 2612 1308 Romaniam
2643 1253 2896 1309 Venetici
2941 1263 3130 1308 contra
3177 1271 3395 1311 onmem
3434 1258 3533 1312 lio-

1954 1345 2158 1400 minem
2220 1355 2545 1400 coronatum
2590 1353 2652 1400 et
2703 1361 2813 1399 non
2853 1356 3198 1410 coronatum,
3235 1355 3293 1400 et
3337 1360 3533 1403 contra

1953 1453 2172 1490 onmem
2204 1446 2444 1506 gentem,
2481 1437 2757 1490 volentem
2795 1436 2983 1491 ledere
3031 1451 3176 1502 eam,
3217 1439 3532 1494 secundum

1953 1527 2097 1596 quod
2130 1524 2386 1595 superius
2413 1532 2700 1579 ostensum
2734 1534 2840 1588 est,
2886 1526 3036 1579 Salva
3071 1536 3254 1580 tamen
3301 1540 3534 1580 concer-

1952 1618 2062 1683 dia,
2089 1634 2251 1688 quam
2275 1632 2399 1670 eum
2424 1616 2788 1670 nobillissituo
2812 1632 2936 1687 rege
2961 1616 3281 1672 Alemannie
3300 1616 3530 1680 habent,

1951 1725 2244 1779 quousque
2293 1707 2556 1763 dissoluta
2615 1724 2722 1761 non
2771 1705 2986 1762 fuerit:
3048 1718 3339 1778 postquam
3395 1723 3535 1762 vero

1953 1803 2220 1858 dissoluta
2259 1801 2449 1865 luerit,
2515 1799 2682 1856 debet
2733 1801 2925 1855 eadem
2987 1809 3044 1856 et
3097 1810 3287 1856 contra
3346 1817 3531 1872 regem

1882 1876 1921 1930 Β
1953 1895 2273 1950 Alemannie
2298 1893 2480 1948 facere
2507 1909 2604 1964 pro
2631 1893 2868 1962 imperio
2908 1908 3100 1947 eorum
3128 1902 3185 1948 et
3223 1891 3529 1955 Romania;

1951 2000 2006 2044 ct
2035 1988 2182 2042 salva
2214 1987 2577 2042 conventione
2603 1985 3011 2040 interventione
3055 1984 3199 2039 inter
3234 1985 3531 2042 Veneticos

1949 2089 2006 2135 et
2064 2077 2489 2134 nobillissimum
2545 2093 2728 2148 regem
2771 2075 2958 2132 Sicilie
2996 2075 3307 2132 Vilielmum
3366 2079 3528 2141 facta,

1951 2190 2060 2245 que
2097 2173 2448 2244 protenditur
2479 2187 2652 2241 usque
2696 2171 2749 2226 in
2781 2187 2955 2226 annos
2983 2182 3192 2243 septem
3218 2182 3274 2228 et
3315 2189 3532 2228 menses

1949 2283 2170 2332 novem,
2200 2265 2600 2336 computandos
2647 2279 2676 2317 a
2727 2263 3000 2334 principio
3023 2261 3274 2319 Januarii
3321 2266 3529 2320 mensis

1951 2360 2224 2431 prcsentis
2249 2368 2402 2414 sexte
2444 2357 2783 2412 indictionis.
2811 2356 3204 2412 Verumtamen
3247 2366 3304 2412 et
3335 2370 3530 2414 contra

1949 2468 2130 2523 regem
2164 2451 2371 2516 Sicilie,
2403 2449 2866 2521 quandocumque
2907 2449 3023 2518 ipse
3049 2451 3531 2520 argumentabitur

1947 2544 2227 2600 oﬂendere
2257 2543 2578 2598 Romaniam
2605 2540 2745 2595 infra
2777 2556 2951 2595 annos
2971 2541 3354 2597 conventionis
3385 2543 3533 2599 inter

1946 2653 2042 2693 eos
2103 2637 2270 2703 facte,
2304 2638 2529 2690 venient
2560 2633 2807 2690 Venetici
2859 2634 3001 2692 infra
3035 2643 3276 2705 quatuor
3311 2651 3545 2695 menses.

1949 2736 2069 2797 post
2101 2726 2281 2781 datam
2311 2724 2378 2780 de
2406 2725 2510 2780 hoc
2539 2724 2800 2778 noticiam
2833 2723 2961 2779 duci
2990 2724 3059 2779 ab
3081 2723 3314 2794 imperio
3337 2741 3532 2780 eorum

1945 2821 2171 2875 Venetie
2194 2819 2260 2874 ad
2287 2817 2656 2890 adjuvandum
2682 2817 3007 2875 Romaniam
3039 2828 3093 2872 et
3121 2817 3531 2874 defendendum

1943 2930 2064 2970 eam
2096 2931 2220 2970 cum
2252 2913 2421 2985 galeis
2447 2912 2766 2984 quindecim
2805 2913 2948 2969 bona
2981 2912 3108 2967 fide.
3139 2911 3538 2968 Veruntamen.

1945 3008 2013 3063 de
2045 3008 2214 3078 galeis
2239 3016 2295 3062 et
2326 3022 2456 3076 roga
2496 3006 2660 3062 debet
2712 3005 2857 3071 ﬁeri,
2905 3004 3210 3060 secundum
3257 3004 3402 3076 quod
3433 3019 3528 3060 su-

1945 3099 2134 3170 perius
2161 3098 2372 3152 dictum
2407 3106 2513 3151 est.

2017 3191 2177 3255 Item,
2211 3189 2256 3245 sl
2301 3188 2591 3259 imperium
2620 3201 2810 3243 eorum
2844 3189 3085 3243 voluerit
3137 3189 3392 3243 homines
3434 3201 3537 3243 aut

1942 3280 2200 3337 vestiaria
2226 3279 2514 3335 Venetiam
2569 3276 3009 3350 mitteregratia
3039 3275 3386 3330 conducendi
3425 3276 3531 3328 mi-

1938 3374 2064 3428 lites
2102 3388 2130 3426 a
2164 3369 2495 3425 Lombardia
2526 3367 2612 3422 vel
2640 3367 2708 3422 ab
2749 3367 2850 3420 alia
2886 3375 3055 3428 terra,
3091 3374 3146 3419 et
3171 3366 3536 3435 dispensandi

1935 3482 2021 3532 ea,
2058 3481 2163 3536 quc
2197 3464 2264 3519 ad
2325 3464 2589 3517 honorem
2639 3470 2696 3516 et
2742 3459 3037 3514 utilitatem
3073 3467 3220 3513 terre
3277 3466 3531 3527 spectant

1936 3556 2284 3616 celsitudinis
2313 3571 2530 3618 eorum,
2559 3555 2711 3610 licite
2741 3553 2903 3608 faciet
2925 3553 3050 3617 hoc,
3086 3551 3134 3607 si
3171 3552 3276 3606 hoc
3303 3565 3414 3606 non
3441 3557 3536 3606 est

1937 3650 2446 3708 contraVenetiam.
2474 3649 2733 3704 Homines
2757 3657 2940 3702 autem
2956 3646 3184 3702 Venetie
3205 3645 3407 3701 debent
3426 3647 3532 3700 he-

1939 3746 2114 3799 mines
2145 3750 2200 3797 et
2244 3740 2502 3796 vestiaria
2547 3739 2900 3794 sublimitatis
2931 3752 3124 3793 eorum
3170 3737 3442 3806 recipere,
3473 3744 3532 3791 et

1938 3830 2237 3894 defendere
2253 3843 2308 3889 et
2334 3832 2588 3888 hemines
2615 3841 2672 3887 et
2699 3830 3018 3901 peceuniam
3048 3830 3117 3883 ab
3149 3830 3408 3884 omnibus
3427 3828 3535 3882 ini-

1937 3929 2491 3985 micis.Veruntamen
2515 3924 2809 3994 imperium
2827 3936 3019 3977 eorum
3042 3937 3152 3975 non
3175 3920 3339 3974 debet
3356 3920 3534 3975 Vene-

1939 4026 2013 4079 tia
2043 4023 2279 4078 educere
2320 4021 2521 4076 stolum
2556 4018 2641 4073 vel
2693 4015 2998 4072 exercitum
3038 4023 3231 4068 contra
3263 4013 3544 4082 aliquem,

1938 4131 2207 4185 cumquo
2237 4113 2483 4170 Venetici
2548 4111 2787 4164 habeant
2842 4109 3102 4162 unionem
3161 4116 3218 4160 et
3259 4121 3528 4159 amorem.

2009 4213 2141 4265 Item
2171 4251 2184 4273 ,
2217 4212 2260 4263 si
2288 4205 2638 4276 imperatoria
2671 4201 2944 4257 celsitudo
2972 4199 3214 4254 voluerit
3245 4199 3448 4252 milites
3473 4198 3532 4254 in

1938 4303 2262 4358 Romaniam
2304 4298 2659 4355 transducere
2682 4310 2779 4365 per
2801 4293 3084 4348 Venetiam
3112 4333 3126 4356 ,
3173 4291 3322 4347 licite
3363 4290 3542 4345 faciet—

1937 4406 1992 4450 et
2029 4397 2154 4458 hoc,
2198 4392 2304 4447 nisi
2334 4391 2436 4460 ipsi
2470 4388 2743 4444 manifesti
2783 4386 2994 4441 inimici
3024 4385 3252 4441 Venetie
3284 4384 3527 4448 fuerint,

1939 4497 2036 4542 aut
2055 4485 2286 4542 Venetia
2317 4481 2578 4552 impedita
2609 4480 2801 4534 fuerit.
2829 4477 2966 4533 Nam
2995 4487 3274 4532 transacto
3296 4475 3532 4546 impedi;

243 4582 448 4621 eorum
492 4569 702 4638 ingredi
735 4585 924 4624 omnes
951 4571 1154 4627 inventi
1183 4574 1238 4628 in
1272 4576 1536 4632 Rernania
1566 4578 1832 4650 Venetici,
1863 4562 1914 4620 Ῑ)
1942 4589 2126 4635 mento
2159 4577 2347 4632 licebit
2372 4575 2629 4638 transire,
2669 4572 2785 4627 sive
2817 4571 2918 4625 soli
2958 4570 3206 4634 fuerint,
3236 4568 3358 4624 sive
3397 4583 3538 4623 eum-

241 4660 314 4714 de
337 4669 584 4729 quatuor
605 4671 737 4724 tres,
770 4664 1074 4719 semiudum
1100 4668 1246 4736 quod
1277 4671 1533 4739 superius
1563 4682 1832 4730 statutum

240 4762 353 4817 cst,
389 4768 515 4806 cum
547 4764 604 4808 et
636 4757 926 4813 manifesta
960 4777 1110 4832 roga.

269 4910 272 4912 γ
316 4847 480 4907 Item,
535 4847 581 4902 si
642 4848 871 4920 imperio
927 4869 1120 4908 eorum
1185 4857 1408 4926 expedit
1453 4860 1718 4915 auxilium
1764 4863 1833 4918 ad

1933 4672 2172 4727 familiis.
2208 4669 2358 4725 Talia
2392 4669 2559 4739 igitur
2587 4666 2811 4722 servitia
2838 4664 3044 4720 debent
3075 4662 3317 4718 Venetici
3351 4663 3530 4732 impe-

1934 4767 2016 4820 rio
2063 4780 2254 4820 eorum
2291 4773 2347 4817 et
2385 4761 2652 4816 Romanie
2675 4760 2856 4814 facere
2876 4798 2890 4821 ,
2925 4758 3032 4812 nisi
3057 4758 3125 4812 ab
3154 4757 3337 4826 aliqua
3361 4771 3528 4811 coro-

1933 4867 2182 4914 natarum
2213 4869 2574 4927 personarum
2617 4853 2706 4908 vel
2746 4866 3071 4923 magnarum
3099 4860 3370 4906 terrarum
3405 4865 3528 4906 ma-

240 4939 650 4996 thtll'ensiouem
687 4951 831 4998 terre
867 4947 1217 5002 celsitudinis
1245 4965 1438 5005 eorum
1487 4952 1558 5006 ob
1593 4953 1834 5024 aliquem
1925 4953 2183 5008 nifestam
2209 4949 2553 5005 inimicitiam
2601 4949 2864 5009 habeant,
2910 4946 3049 5000 adeo
3085 4943 3234 5015 quod
3268 4943 3372 5014 ipsi
3403 4957 3528 4997 ser-

241 5033 604 5087 iuimicorum
638 5034 691 5089 in
731 5037 1050 5092 Romaniam
1087 5039 1464 5111 ingressurum
1512 5061 1634 5101 cum
1667 5049 1838 5118 galeis

239 5125 614 5197 quadraginta
657 5132 741 5183 vel
776 5131 1046 5200 pluribus,
1093 5142 1150 5188 et
1201 5137 1515 5206 nequiverit
1552 5140 1831 5196 Venetiam

243 5223 478 5276 mittere
509 5239 607 5291 pro
642 5224 938 5293 adjutnrio,
978 5226 1144 5281 debet
1177 5228 1532 5299 imperatoria
1560 5234 1832 5289 celsitudo

243 5311 517 5367 inuucere
579 5313 644 5367 ad
705 5315 1104 5370 delleusionem
1164 5325 1307 5372 terre
1364 5321 1579 5389 imperii
1637 5339 1830 5379 eorum

238 5415 443 5458 contra
481 5405 795 5473 hujusmudi
850 5407 1134 5462 inimicum
1188 5407 1498 5478 Veneticbos,
1537 5413 1591 5467 in
1638 5432 1830 5486 magna

245 5497 393 5552 urbe
457 5497 712 5553 videlicet
773 5510 831 5555 et
887 5502 1073 5556 circha
1127 5518 1247 5557 eam
1298 5505 1598 5563 existentes
1639 5525 1833 5567 versus

320 5655 434 5725 (5'2)
477 5654 664 5707 Idem:
701 5656 984 5722 Jnrabunt.

319 5727 432 5788 (55)
471 5725 653 5778 Malim
684 5727 998 5791 interventu,
1027 5725 1216 5780 Grteca
1245 5727 1508 5784 dtctione.
1543 5729 1710 5787 Marin
1745 5734 1833 5788 in-

239 5799 597 5850 lsrrenicnte.

317 5867 436 5939 (Si)
483 5865 639 5921 llunc
671 5867 854 5922 locum
882 5867 1028 5924 haud
1057 5869 1221 5926 dubie
1255 5870 1578 5928 lacunosum
1630 5873 1706 5930 sic
1733 5892 1828 5932 ex-

1934 5046 2128 5100 vitium
2151 5044 2334 5098 facere
2355 5051 2652 5110 nequeant.
2677 5039 2796 5094 sine
2822 5038 3015 5093 fraude
3034 5048 3090 5092 et
3113 5039 3257 5092 malo
3280 5037 3524 5106 ingenio.

2007 5139 2143 5192 ltem
2187 5137 2358 5190 duces
2419 5135 2674 5196 Venetie,
2713 5133 2807 5205 qui
2868 5148 2967 5202 per
3020 5141 3270 5201 tempora
3329 5143 3522 5195 erunt,

1929 5231 2219 5304 jurabuut,
2273 5229 2419 5300 quod
2480 5228 2718 5297 imperio
2791 5227 2910 5297 ejus
2939 5235 2994 5280 et
3047 5225 3346 5280 heredibus
3399 5223 3522 5294 eius

1937 5324 2198 5380 masculis
2250 5331 2307 5376 et
2343 5321 2694 5382 mulieribus,
2731 5320 2827 5390 qui
2875 5327 2930 5374 et
2973 5332 3083 5388 que
3136 5316 3517 5386 imperabunt,

1930 5419 2012 5473 vel
2059 5418 2198 5479 hiis,
2249 5414 2342 5484 qui
2402 5429 2469 5467 ex
2525 5426 2798 5483 prrecepto
2868 5425 3060 5465 eorum
3123 5407 3473 5478 imperabunt
3500 5449 3531 5474 ,,

1930 5509 2276 5564 fidelitatem.
2316 5547 2328 5559 .
2367 5543 2384 5558 .
2438 5502 2718 5558 debebunt
2750 5502 2863 5572 (54)
2901 5497 3149 5564 Venetic,
3205 5497 3534 5553 secundum»

1941 5663 2054 5732 plct
2085 5660 2228 5719 Nov.
2255 5657 2328 5712 XI
2355 5655 2582 5732 infraac
2633 5657 2794 5710 fidem
2844 5652 3147 5732 servabunt
3192 5651 3358 5707 etiam
3392 5667 3516 5709 eam

1932 5727 2126 5788 contra
2160 5743 2378 5783 onmem
2410 5727 2691 5781 hominem
2728 5734 3056 5781 coronatum
3097 5731 3153 5780 et
3202 5738 3312 5778 non
3353 5739 3517 5778 cero-

1929 5813 2148 5864 natum,
2185 5800 2335 5855 salvo
2356 5814 2422 5854 eo
2451 5797 2597 5868 quod
2627 5813 2730 5869 per
2760 5797 3134 5852 "uramentum
3156 5796 3363 5852 debent
3409 5793 3530 5852 Vest

1929 5874 2156 5930 neue.»
