3942 6250
403 301 509 364 467

1653 327 1898 388 ISAAL‘l
1944 329 2225 389 ANGELI
2270 331 2429 390 IMP.

3563 328 3658 392 463

404 417 550 482 quod
587 433 738 472 nunc
769 419 878 474 dux
918 423 1164 491 Venetie,
1212 426 1430 484 Aureus
1468 436 1732 502 magistro
1765 439 1981 504 Petrus,
2015 453 2059 507 Α
2089 440 2350 494 vestiario
2383 441 2603 510 imperii
2625 441 2803 494 nostri
2837 440 3018 495 ablate
3038 446 3242 494 essent.
3269 437 3374 506 Qui
3404 448 3459 491 et
3481 438 3656 507 jurare

398 507 625 574 juravit.

472 600 762 659 Dehitores
818 607 932 664 fisci
983 620 1039 665 et
1089 611 1426 669 Romeorum
1480 616 1715 674 reddent
1790 621 1978 676 omnia

399 707 510 761 que
551 709 621 749 ex
649 695 838 754 debito
876 700 1100 756 debent.
1150 703 1219 758 Et
1263 705 1308 759 si
1360 706 1578 762 debitor
1625 726 1734 767 non
1785 713 1972 781 habet,

397 786 545 848 unde
579 787 826 846 debitum
861 794 1078 860 reddat,
1111 796 1280 854 debet
1306 800 1550 855 creditor
1588 803 1791 860 habere
1813 807 1979 877 justi-

397 880 530 934 tiam
563 882 631 936 de
665 884 920 943 debitore
946 904 962 953 ;
1011 889 1056 944 si
1087 900 1272 946 autem
1307 893 1394 948 bis
1417 893 1641 962 obierit,
1661 897 1729 953 de
1753 898 1975 957 heredi--

392 972 495 1025 lius
519 976 661 1045 ejus.

463 1087 616 1155 Item,
672 1093 720 1146 si
782 1095 1038 1151 inimicus
1089 1097 1444 1167 imperatorie
1483 1105 1828 1164 celsitudinis
1876 1125 1970 1165 su-

385 1181 705 1244 pervenerit
727 1182 794 1236 ad
818 1183 1250 1255 impugnandum
1277 1197 1476 1246 terram
1506 1194 1723 1265 imperii
1748 1214 1966 1263 eorum,

386 1269 443 1321 in
478 1286 586 1338 qua
620 1274 863 1330 Venetici
923 1288 1073 1342 sunt,
1107 1281 1312 1335 debent
1349 1285 1450 1354 ipsi
1483 1288 1783 1347 defendere
1819 1309 1962 1357 eam,

381 1372 439 1414 ct
493 1363 779 1419 inimicum
817 1371 1093 1438 expellere
1134 1373 1204 1426 ab
1252 1375 1567 1446 huiusmodi
1619 1391 1762 1437 terra
1790 1427 1806 1452 ,
1847 1388 1964 1441 vel-

383 1452 488 1506 luti
519 1468 772 1524 possunt,
810 1461 953 1516 bona
989 1463 1095 1519 fide
1127 1473 1182 1520 et
1208 1468 1328 1523 sine
1365 1469 1577 1528 fraude.

414 1575 418 1580 '
451 1570 604 1626 llanc
638 1575 822 1643 itaque
860 1581 1281 1636 conventionem
1320 1583 1529 1642 lim-nam
1558 1603 1613 1643 et
1644 1605 1962 1648 sacramen—

383 1668 497 1714 tum
555 1663 769 1719 lirmum
822 1665 1064 1725 Venetici
1126 1673 1524 1744 observabunt,
1567 1689 1622 1735 et
1658 1699 1840 1754 neque
1885 1688 1955 1741 ob

379 1753 583 1806 illatam
632 1757 711 1811 eis
755 1757 890 1812 iram
941 1776 1160 1830 semper
1202 1770 1544 1824 memorandi
1602 1753 1956 1842 imperatoris

376 1847 825 1938 porphyrogeniti
859 1852 1068 1910 domini
1096 1857 1382 1923 Manuclis,
1412 1878 1592 1933 neque
1622 1866 1692 1919 ob
1721 1868 1956 1938 aliquam

373 1935 533 1991 aliam
569 1941 918 1998 occasionem
952 1947 1033 2002 eis
1057 1949 1260 2005 factam
1296 1953 1614 2026 hujusmodi
1644 1973 1960 2017 sacramen-

375 2040 492 2084 tum
527 2032 859 2104 infriugent,
898 2054 1079 2109 neque
1109 2041 1179 2097 ob
1217 2056 1562 2116 prcccptum,
1592 2051 1674 2104 vel
1703 2053 1954 2110 timorem

371 2125 613 2196 alicujus
639 2140 1030 2185 coronatorum
1055 2134 1140 2189 vel
1171 2151 1281 2190 non
1314 2149 1728 2210 coronatorum,
1776 2162 1955 2218 neque

369 2217 440 2270 oh
473 2219 910 2276 ecclesiasticam
942 2230 1574 2288 excommunicationem
1616 2237 1699 2292 vel
1731 2217 1954 2294 absolu-

369 2310 572 2364 tionem
599 2311 833 2382 alicujus
849 2316 1192 2385 pontificum,
1223 2335 1318 2377 aut
1340 2324 1513 2390 ipsius
1535 2343 1671 2397 pape
1696 2329 1948 2386 Romani.

365 2401 540 2470 igitur
577 2404 681 2460 hec
735 2408 919 2461 omnia
967 2409 1215 2488 Venetici
1252 2415 1632 2474 observabunt
1661 2423 1800 2477 bona
1844 2423 1949 2479 fide

364 2502 422 2546 ιιι
447 2495 567 2551 sine
599 2496 816 2562 fraude,
839 2517 1128 2574 quouSque
1161 2517 1215 2561 et
1249 2507 1317 2561 ab
1353 2508 1588 2578 imperio
1616 2513 1736 2584 ejus
1771 2522 1825 2569 et
1863 2515 1949 2570 fu-

367 2584 509 2639 turis
555 2586 982 2657 imperatoribus
1035 2593 1244 2663 integre
1287 2609 1688 2656 conserventur
1725 2619 1810 2668 ea,
1839 2620 1946 2674 que

360 2677 774 2746 prornitluutur
811 2683 974 2740 nobis
1027 2701 1055 2741 a
1092 2687 1320 2744 domino
1357 2690 1690 2763 imperatore
1739 2697 1944 2753 Ruina-

358 2786 554 2823 norum
589 2780 644 2825 et
680 2789 900 2843 semper
928 2788 1162 2846 augusto
1204 2780 1430 2838 domino
1467 2782 1716 2857 Ysaakyo
1739 2789 1944 2861 Augelo

357 2878 457 2930 per
488 2863 885 2934 chrysobulum
919 2869 1135 2940 imperii
1163 2873 1303 2943 ejus.

430 2978 540 3032 llec
569 2979 792 3047 quidem
831 2992 981 3047 sunt,
1013 3000 1119 3053 que
1161 2987 1409 3043 Venetici
1457 2990 1692 3062 imperio
1748 3007 1940 3050 nostro

351 3079 406 3124 et
440 3069 700 3129 Romanie
726 3090 823 3143 per
859 3080 1282 3135 conventionem
1324 3086 1761 3152 spoponderunt,
1796 3087 1939 3154 Quo-

349 3165 495 3218 niam
528 3181 661 3220 vero
701 3177 756 3222 et
801 3184 901 3238 per
929 3171 1310 3241 juramentum
1364 3177 1465 3234 hec
1507 3178 1699 3234 eadem
1753 3182 1931 3238 mani-

346 3259 522 3313 festus
552 3259 811 3316 videlicet
846 3262 957 3318 dux
987 3266 1220 3324 Venetie
1247 3279 1303 3325 et
1346 3271 1624 3327 manifesti
1677 3274 1927 3330 Venetici

345 3351 836 3419 confirmaverunt,
901 3357 1114 3428 imperii
1169 3363 1341 3417 nostri
1385 3364 1679 3420 clementia
1723 3367 1924 3437 hujus-

346 3444 494 3506 modi
526 3460 720 3500 eorum
754 3450 1179 3506 conventionem
1240 3456 1552 3526 juramcnto
1601 3460 1930 3515 corrobora-

349 3546 455 3592 tam
483 3538 714 3610 benigne
737 3543 1033 3613 recipiens,
1061 3547 1114 3600 in
1139 3548 1426 3617 pristinam
1451 3552 1733 3619 unionem,
1760 3569 1924 3624 quam

344 3640 468 3677 eum
505 3626 771 3697 Bouiania
805 3629 1102 3699 habebant,
1131 3650 1229 3692 eos
1268 3639 1530 3695 restituit.
1559 3641 1627 3695 Et
1655 3657 1926 3697 renovans

342 3716 676 3786 chrysobula
727 3722 810 3776 eis
841 3722 984 3778 facta
1011 3725 1081 3780 ab
1113 3726 1259 3782 inter
1309 3731 1672 3801 imperatores
1707 3749 1924 3804 semper

344 3813 704 3867 memorando
735 3815 1074 3885 imperatore
1112 3829 1170 3878 et
1223 3833 1422 3890 patruo
1457 3825 1676 3896 imperii
1723 3828 1921 3894 nostri,

341 3899 553 3974 domini
576 3903 844 3961 Manuelis
863 3904 1130 3964 Comnani
1159 3913 1297 3986 (55),
1328 3916 1604 3984 promittit
1632 3933 1730 3986 per
1759 3933 1920 3972 suum

341 3993 738 4064 chrysobulum
771 4000 1028 4067 verbum,
1066 4019 1160 4059 eos
1196 4009 1518 4062 conversari
1549 4008 1603 4062 in
1636 4010 1920 4067 universis

338 4087 508 4143 terris
544 4100 734 4146 nostre
766 4093 855 4163 pie
892 4097 1314 4164 tranquillitatis
1364 4115 1462 4169 per
1505 4109 1703 4156 terram
1738 4113 1792 4158 et
1821 4123 1919 4175 per

336 4193 492 4236 mare
525 4180 735 4251 absque
765 4185 915 4238 omni
949 4186 1179 4244 datione
1211 4192 1516 4246 secundum
1543 4197 1913 4264 comprehen-

333 4271 522 4327 siones
555 4272 876 4344 hujusmodi
899 4279 1392 4347 chrysohulorum,
1418 4292 1473 4337 et
1502 4283 1620 4340 fore
1652 4287 1833 4343 salvos
1862 4300 1918 4345 et

333 4363 645 4433 intrepidos
676 4366 732 4420 in
769 4372 1021 4436 personis
1064 4380 1121 4426 et
1157 4376 1440 4443 peccuniis
1473 4392 1668 4432 eorum
1700 4389 1807 4434 tam
1845 4383 1913 4436 ab

335 4453 657 4512 hominibus
708 4458 926 4528 imperii
974 4465 1148 4520 nostri
1190 4483 1354 4536 quam
1413 4473 1479 4524 ab
1512 4470 1632 4542 ipso
1680 4472 1911 4544 imperio

332 4557 546 4614 nostro,
604 4561 659 4606 et
694 4552 897 4610 habere
949 4572 1144 4614 omnes
1195 4560 1504 4627 districtus,
1545 4580 1684 4634 quos
1745 4567 1910 4622 habe-

334 4639 472 4699 bant
545 4651 795 4712 tempore
839 4646 989 4703 illate
1031 4649 1114 4704 eis
1169 4651 1246 4707 ire
1286 4668 1507 4724 semper
1565 4658 1910 4714 memorandi

335 4732 686 4803 imperatoris
709 4747 766 4794 ct
792 4743 970 4815 patrui
1004 4743 1220 4814 imperii
1248 4749 1425 4802 nostri
1453 4748 1660 4805 domini
1688 4752 1915 4807 Manne-

329 4824 399 4884 lis
450 4826 740 4897 Comnani,
785 4834 1032 4905 ipsisque
1085 4838 1360 4894 Veneticis
1416 4841 1571 4897 reddi
1627 4853 1683 4897 et
1723 4861 1916 4900 omnes

331 4933 420 4992 res
451 4935 664 4990 eorum,
702 4941 809 4996 que
842 4927 898 4982 in
941 4929 1160 4997 palatiis
1194 4941 1251 4987 et
1283 4936 1633 4989 monasteriis
1667 4936 1913 5003 fuerunt,

329 5020 514 5081 etque
553 5015 606 5067 in
637 5016 959 5072 vestiarium
987 5019 1332 5076 intraverunt
1356 5033 1412 5078 et
1433 5025 1539 5078 alia
1567 5025 1684 5080 loca
1706 5026 1912 5096 scripto

327 5115 381 5158 et
413 5122 522 5160 non
549 5109 778 5178 scripto.
808 5110 900 5166 Set
927 5124 979 5167 et
1002 5128 1102 5182 pro
1126 5115 1314 5179 rebus,
1342 5132 1451 5186 que
1477 5118 1771 5174 manifeste
1800 5137 1909 5175 non

326 5197 698 5264 reperientur,
720 5201 878 5258 dabit
910 5206 1181 5259 serenitas
1206 5206 1420 5276 imperii
1454 5209 1628 5261 nostri
1657 5210 1912 5266 homines

328 5285 680 5354 suﬂicienles,
717 5292 910 5362 eisque
959 5295 1252 5365 prccipict,
1301 5308 1580 5367 quatenus
1612 5315 1699 5354 res
1738 5301 1906 5357 Vene-

329 5365 569 5457 tZicorum
625 5385 874 5441 studiose
933 5399 1173 5456 querant
1209 5399 1264 5445 et
1312 5391 1612 5460 reperiant,
1649 5409 1711 5449 ac
1743 5395 1788 5449 si
1841 5397 1909 5451 de

349 5587 352 5594 ,
395 5535 506 5605 (53)
541 5539 680 5611 Lege
715 5561 726 5596 ;
759 5544 970 5599 domino
1005 5544 1254 5600 Manuale
1290 5547 1587 5604 Comuano.

2086 531 2320 595 debent,
2353 534 2499 603 quod
2549 533 2855 591 secundum
2889 539 3208 602 preceptum
3240 530 3458 600 imperii
3493 530 3657 584 nostri

2085 622 2386 694 studcbunt
2406 622 2654 677 invenire
2669 632 2724 678 et
2743 623 2996 692 accipere
3023 619 3337 691 hujusmodi
3366 634 3457 674 res
3478 618 3546 673 ad
3572 621 3659 672 ho-

2083 729 2274 769 norem
2299 715 2590 770 clementie
2613 725 2798 771 nostre
2832 725 2887 769 et
2927 714 3220 770 utilitatem
3243 713 3652 769 Veneticorum.

2086 805 2152 862 Et
2183 808 2228 861 si
2260 808 2467 879 aliquid
2492 810 2559 862 de
2578 808 2691 863 hiis
2720 807 3005 864 venditum
3037 816 3144 870 est,
3169 815 3226 862 et
3251 805 3457 861 dixerit
3491 807 3656 861 Vene-

2081 898 2222 952 ticus
2256 898 2639 956 fraudulenter
2676 901 2812 955 illud
2846 900 2963 954 fore
2987 901 3295 964 venditurun,
3325 899 3542 968 jurabit
3571 899 3650 953 ille

2077 993 2171 1059 qui
2207 993 2456 1048 vendidit
2479 1034 2494 1056 ,
2537 993 2685 1063 quod
2715 994 2859 1048 bona
2891 991 2998 1049 tide
3032 1007 3146 1046 rem
3181 990 3429 1048 Venetici
3466 991 3654 1045 vcndi-

2075 1083 2215 1138 dcrit
2253 1095 2310 1140 et
2339 1102 2438 1155 pro
2470 1095 2644 1151 tanto,
2672 1096 2882 1156 quanto
2912 1101 3038 1140 eam
3070 1084 3314 1139 vendere
3350 1085 3553 1153 quivit,
3601 1094 3654 1138 ct

2072 1175 2220 1246 quod
2255 1193 2356 1232 nec
2388 1177 2509 1246 plus
2547 1178 2675 1232 inde
2722 1180 3001 1246 acceperit
3044 1192 3146 1232 nec
3181 1187 3520 1246 accepturus
3546 1186 3647 1238 est,

2075 1268 2181 1324 nisi
2232 1279 2500 1338 quantum
2533 1271 2694 1334 dixit,
2731 1271 2777 1325 si
2820 1271 3165 1340 propinquus
3208 1269 3425 1340 imperii
3479 1270 3644 1323 nostri

2070 1376 2179 1414 non
2213 1361 2400 1417 fuerit.
2427 1364 2801 1418 Veruntamen
2857 1374 2914 1418 et
2944 1363 3012 1416 de
3043 1361 3369 1432 propinquis
3423 1362 3641 1415 celsitu-

2067 1450 2214 1507 dinis
2253 1463 2440 1509 nostre
2479 1467 2535 1510 et
2583 1456 2651 1510 de
2681 1457 2805 1511 aliis
2853 1456 3021 1511 debet
3060 1454 3175 1510 fieri
3210 1465 3369 1510 cauta
3400 1456 3634 1526 justitia,

2063 1544 2368 1598 secundum
2403 1545 2550 1614 quod
2582 1545 2813 1601 deberet
2844 1546 2962 1600 ﬁeri
3009 1562 3106 1616 pro
3136 1545 3304 1601 rebus
3338 1547 3541 1602 ablatis
3573 1547 3632 1601 de

2066 1635 2326 1690 vestiario
2368 1646 2562 1691 nostro
2591 1638 2809 1708 imperii
2846 1638 3046 1694 nostri.

2133 1753 2268 1808 item
2321 1762 2400 1815 et,
2428 1754 2472 1808 si
2527 1768 2628 1824 pro
2663 1754 2912 1819 servitio,
2965 1755 3114 1824 quod
3167 1755 3406 1824 imperio
3456 1766 3641 1812 nostra

2066 1843 2268 1898 facient
2301 1845 2385 1899 vel
2415 1845 2770 1915 imperaturis
2797 1847 3100 1901 secundum
3127 1849 3272 1917 quod
3295 1848 3507 1903 dictum
3539 1862 3637 1910 est.

2061 1938 2447 2005 supervenerit
2480 1939 2563 1993 eis
2604 1938 2893 1993 inimicitia
2920 1954 2950 1992 a
2977 1948 3242 1994 coronata
3281 1955 3518 2010 persona
3561 1941 3639 1996 vel

2061 2045 2089 2081 a
2128 2045 2323 2099 magna
2358 2040 2544 2100 gente,
2597 2031 2767 2085 debet
2813 2031 3110 2101 imperium
3141 2043 3394 2087 nostrum
3422 2034 3510 2088 vel
3552 2036 3642 2087 im-

2061 2120 2304 2188 peraturi
2337 2136 2436 2188 per
2473 2129 2719 2190 tempora
2755 2134 2852 2175 eos
2903 2122 3116 2189 juvare,
3150 2122 3461 2177 secundum
3493 2125 3640 2193 quod

2051 2213 2251 2280 juvare
2290 2212 2520 2267 deberet
2581 2227 2744 2266 unam
2772 2212 2840 2267 de
2895 2213 3106 2284 magnis
3140 2214 3411 2270 Romanie
3443 2215 3637 2271 civita-

2059 2305 2225 2370 tibus,
2261 2315 2517 2374 excepto,
2550 2305 2596 2359 si
2631 2319 2733 2374 pro
2769 2305 3091 2374 quindecim
3135 2307 3330 2376 galeis,
3359 2323 3502 2376 quas
3535 2307 3635 2361 im-

2055 2397 2209 2463 perio
2234 2406 2426 2452 nostro
2453 2398 2586 2453 dare
2611 2397 2817 2454 debent
2844 2398 2987 2452 infra
3020 2410 3238 2470 tempus
3265 2401 3436 2470 pacis,
3473 2418 3636 2472 quam

2057 2504 2181 2542 cum
2221 2490 2590 2546 nobillissimo
2617 2507 2746 2561 rege
2776 2491 2964 2547 Sicilie
2991 2491 3247 2548 Vilielmo
3287 2493 3517 2559 habent,
3549 2497 3629 2550 eis

2050 2582 2454 2649 supervenerit.
2483 2583 2617 2637 Nam
2645 2583 2688 2636 si
2722 2599 2823 2652 pro
2846 2584 2957 2654 jam
2990 2584 3156 2638 dictis
3191 2584 3362 2653 galeis
3389 2585 3628 2640 inimici-

2051 2674 2122 2726 tia
2155 2673 2239 2728 eis
2265 2675 2535 2741 evenerit,
2577 2677 2744 2732 debet
2774 2677 2990 2746 imperii
3017 2678 3194 2734 nostri
3227 2679 3506 2734 serenitas
3536 2695 3630 2734 eos

2044 2764 2239 2833 juvare
2270 2766 2574 2821 secundum
2597 2782 2754 2822 suam
2783 2768 3143 2823 voluntatem.
3173 2769 3240 2824 Et
3261 2769 3308 2824 si
3333 2770 3624 2840 imperium

2047 2865 2298 2910 nostrum
2339 2856 2425 2912 vel
2472 2857 2823 2927 imperaturi,
2875 2859 3183 2916 secundum
3221 2861 3371 2931 quod
3419 2861 3624 2916 dictum

2043 2954 2159 3011 est,
2197 2947 2389 3002 fecerit
2417 2963 2607 3017 pacem
2641 2950 2727 3004 vel
2754 2961 2965 3005 treuam
2991 2968 3120 3008 cum
3144 2952 3333 3022 aliquo
3368 2953 3622 3008 inimico-

2045 3054 2196 3104 rum,
2245 3049 2438 3096 contra
2473 3056 2638 3111 quem
2670 3042 2918 3098 Venetici
2989 3043 3224 3114 imperio
3274 3057 3468 3102 nostro
3511 3062 3625 3104 ser-

1965 3154 2008 3221 C
2043 3132 2218 3195 vient,
2277 3132 2444 3188 debet
2490 3135 2783 3206 imperium
2820 3143 3078 3194 nostrum
3123 3153 3220 3194 eos
3265 3139 3620 3194 introducere

2041 3225 2094 3280 in
2127 3224 2444 3294 hujusmodi
2479 3242 2670 3296 pacem
2705 3230 2786 3285 vel
2817 3231 3130 3286 treuam.Et
3167 3231 3215 3286 si
3244 3232 3426 3286 stolus
3459 3231 3617 3286 celsi-

2044 3317 2256 3372 tudinis
2281 3328 2486 3375 nostra:
2510 3336 2617 3376 una
2645 3337 2768 3376 cum
2798 3323 3186 3379 Veneticorum
3214 3324 3357 3380 stolo
3379 3324 3618 3394 aliquam

2044 3416 2321 3465 terrarum
2353 3412 2563 3468 inimici
2597 3414 2816 3485 imperii
2852 3417 3029 3470 nostri
3061 3417 3298 3484 ceperit,
3331 3415 3536 3472 debent
3561 3418 3619 3472 in

2043 3515 2108 3554 ea
2143 3501 2349 3557 habere
2379 3504 2626 3560 Venetici
2654 3507 2966 3570 ecclesiam,
2993 3507 3275 3562 embolum
3303 3516 3362 3562 et
3387 3508 3614 3573 scalam,

2042 3603 2101 3647 et
2131 3593 2252 3649 fore
2287 3596 2498 3665 absque
2545 3599 2696 3652 omni
2747 3597 2993 3654 datione.
3029 3599 3321 3654 Debitores
3350 3615 3485 3655 vero
3519 3600 3619 3654 Ve-

2041 3685 2352 3741 neticorum
2401 3685 2593 3744 Romei
2625 3689 2835 3744 debent
2884 3691 3198 3760 persolvere
3231 3707 3419 3757 omne,
3465 3691 3615 3763 quod

2036 3794 2102 3833 ex
2131 3780 2320 3836 debito
2352 3781 2558 3838 debent
2589 3784 2966 3841 creditoribus
2998 3785 3297 3841 Veneticis.
3333 3783 3391 3840 Si
3423 3795 3608 3841 autem

2035 3873 2256 3928 debitor
2307 3891 2417 3930 non
2477 3876 2756 3940 habuerit,
2813 3879 2958 3933 unde
3008 3877 3258 3933 debitum
3311 3879 3614 3948 persolvat,

2038 3965 2268 4023 habebit
2306 3967 2587 4039 justiciam
2625 3969 2928 4024 Veneticus
2981 3971 3052 4025 de
3099 3971 3343 4036 Romen;
3402 3974 3450 4026 si
3485 3987 3617 4026 vero

2035 4059 2152 4128 ipse
2183 4059 2446 4126 decessit,
2479 4061 2548 4116 de
2574 4060 2873 4118 heredibus
2901 4063 3042 4132 ejus.

2102 4173 2601 4230 Conservabuntur
2657 4175 2826 4244 igitur
2883 4176 2986 4231 hec
3035 4179 3189 4232 firma
3243 4177 3312 4231 ab
3379 4179 3615 4248 imperio

2031 4273 2222 4317 nostro
2252 4273 2309 4319 et
2337 4266 2404 4320 ab
2433 4267 2764 4332 heredibus,
2801 4276 2863 4323 ut
2891 4269 3098 4324 dictum
3135 4280 3240 4332 est,
3283 4280 3342 4325 et
3389 4286 3611 4326 succes-

2029 4357 2251 4412 soribus
2301 4359 2517 4429 imperii
2569 4361 2770 4426 nostri,
2815 4377 3104 4432 quousque
3143 4371 3198 4416 ct
3249 4377 3279 4416 a
3330 4362 3608 4418 Venetici:

2033 4447 2265 4506 firmiter
2294 4459 2352 4504 et
2376 4453 2494 4506 sine
2521 4451 2716 4508 fraude
2743 4461 2800 4508 et
2837 4454 2979 4509 malo
3012 4454 3237 4524 ingenio
3263 4469 3607 4508 conservan-

1941 4529 1991 4587 D
2021 4548 2109 4592 tur
2141 4543 2396 4611 superius
2426 4545 2723 4599 notillcata.
2750 4546 2930 4614 Super
2968 4545 3075 4601 hoc
3105 4545 3252 4599 enim
3287 4556 3346 4601 ct
3374 4561 3608 4616 presens

2021 4633 2412 4704 ehrysobulum
2464 4638 2697 4692 verbum
2747 4637 2968 4707 imperii
3003 4637 3176 4694 nostri
3207 4638 3290 4692 eis
3339 4639 3602 4692 collatum

2015 4733 2118 4790 est,
2149 4725 2365 4782 firmum
2395 4737 2450 4782 et
2483 4729 2804 4786 inviolabile
2832 4745 3161 4801 permanere
3195 4729 3433 4785 debeus.

2088 4839 2315 4894 Factum
2351 4857 2540 4897 mense
2597 4843 2903 4900 Februario
2956 4843 3235 4914 presentis
3267 4843 3465 4914 quinte
3517 4844 3604 4898 in-

2015 4931 2275 4988 dictionis
2358 4937 2732 4992 scxmillesimi
2797 4937 3185 4993 sexcentesimi
3253 4937 3602 5008 nonagesimi

2014 5025 2192 5093 quinti
2229 5027 2382 5095 anni,
2416 5031 2470 5083 in
2500 5048 2609 5101 quo
2637 5041 2693 5087 et
2718 5043 2971 5087 nostrum
3001 5032 3154 5103 pium
3182 5039 3239 5087 et
3272 5047 3303 5086 a
3336 5031 3441 5086 deo
3470 5047 3601 5101 pro-

2025 5127 2234 5171 n.otum
2269 5121 2612 5193 subsignavit
2642 5125 2963 5196 imperium.

2080 5234 2347 5293 YSACII'US
2401 5241 2451 5293 in
2483 5240 2704 5295 Christo
2759 5242 2866 5296 Deo
2907 5242 3412 5312 lidelisimperator
3465 5253 3524 5299 et

2287 5312 2598 5365 moderator
2633 5313 3010 5368 Romanorum
3047 5317 3311 5384 Angelus.
