3942 6250
379 197 480 258 ﬁl
1587 177 1842 240 ISAACI
1892 171 2182 234 ANGELI
2229 170 2392 230 IMP.
3522 162 3658 226 4'72

381 312 450 365 ab
477 309 584 364 hiis
614 303 880 378 promissa
915 311 1044 356 sunt
1067 308 1122 355 ct
1154 293 1514 369 jurejurando
1563 292 1942 353 corroborata,
1980 293 2017 346 Α
2052 305 2284 359 ﬁrmiter
2321 313 2378 358 ει
2403 317 2510 374 que
2533 317 2562 356 a
2593 303 2788 373 legans
2821 312 3034 362 eorum,
3064 297 3277 353 εοι-οι-ῖο
3298 296 3517 354 salice;
3543 313 3660 352 ηο-

379 405 744 463 conservant;
776 403 832 448 et
874 406 1094 448 omnem
1128 389 1418 443 introitum
1451 399 1644 440 eorum
1676 381 1949 449 accipere,
2055 396 2308 450 bilissimi
2344 395 2502 450 ducis
2542 394 2790 456 venelie,
2821 393 2984 448 pem,
3004 390 3295 455 Commio,
3321 391 3488 444 Ρριτο
3539 390 3663 445 λείη

383 505 731 561 nequaquam
764 504 793 542 a
827 486 960 541 ﬁsco
982 483 1068 540 vel
1105 483 1175 537 ab
1207 481 1389 550 aliqua
1423 489 1808 549 personarum,
1833 472 1956 543 qui-

2091 487 2271 550 haele,
2318 487 2620 542 Octaviano
2671 485 2924 553 Quirino,
2987 483 3238 538 Johanne
3294 483 3563 537 Michaele
3589 491 3663 536 et

381 580 486 634 bili!
513 577 616 632 hec
645 576 958 631 διιίιιθηίθι
989 572 1192 642 quibus
1227 571 1329 624 hec
1358 569 1538 623 ablata
1563 566 1696 636 ίβθίθ
1727 565 1953 625 damur.
2059 578 2346 633 Dominico
2412 578 2672 641 Mcmmo,
2741 584 3102 646 procuratore
3165 574 3400 629 ecclesie
3459 573 3658 628 sancti

381 671 791 727 infestationem
823 667 1068 736 aliquam
1100 661 1410 718 manifestis
1454 659 1734 714 Veneticis
1766 657 1955 712 subire
2058 671 2244 734 Marci,
2273 684 2374 740 per
2427 669 2849 724 conventionem
2889 683 3039 723 nunc
3093 665 3364 736 promissa
3403 675 3543 721 sum
3591 673 3663 719 ει

381 763 738 828 debentibus,
768 773 1101 830 quamquam
1130 755 1458 810 monasteria
1477 753 1591 806 sint
1623 751 1740 806 sive
1766 759 1956 804 sancte
2053 761 2413 834 jurejurando
2452 762 2828 817 corroborata,

381 859 580 913 domus
631 864 726 911 aut
787 853 1021 924 imperio
1075 857 1265 905 nostro
1315 846 1623 918 propinque
1673 843 1758 898 vel
1809 843 1953 909 alie;

2128 855 2394 911 Concedit
2439 855 2696 924 equidem
2755 862 2941 909 nostra
2989 851 3300 908 sublimitas
3354 847 3663 905 Venetici:

380 952 645 1021 quoniam
675 946 967 1002 clementia
1011 951 1205 997 nostra
1237 941 1506 995 introitus
1535 937 1603 993 de
1631 937 1719 992 his
1752 951 1956 1006 prove-
2059 947 2331 1002 actionem
2369 961 2596 1002 movere
2624 955 2816 1001 contra
2844 945 3102 1000 homines
3151 943 3372 1014 imperii
3433 942 3660 1005 nostri.

381 1043 604 1096 nientes
655 1039 916 1093 talionem
966 1033 1078 1102 (40)
1111 1033 1194 1088 eis
1229 1031 1443 1086 factura
1494 1039 1603 1094 est,
1655 1027 1962 1099 possessio-

2086 1043 2176 1111 μή,
2207 1056 2310 1096 ceu
2341 1041 2441 1111 ipsi
2469 1049 2884 1112 suggesserunt,
2911 1055 3004 1094 res
3044 1038 3357 1093 astulerunt
3388 1037 3662 1106 ipsorum

381 1146 622 1200 nemque
654 1129 1036 1184 inscditiosam
1081 1124 1362 1179 Venetici-3
1392 1121 1549 1178 facit.
2057 1134 2306 1205 iussione
2345 1148 2566 1204 semper
2609 1131 2952 1188 memorandi
2995 1131 3345 1202 ίιῃρθι-θιοτίε
3395 1139 3450 1185 οι
3496 1129 3666 1184 des]-

454 1225 624 1277 1’0"“)
660 1220 936 1276 δετθῐιίῑίιθ
967 1227 1158 1274 ηοειη
1193 1217 1612 1287 ὒειιὶςηῖιοιεηιτ
1663 1230 1826 1287 ‘1“am
1878 1215 1962 1271 eis
2061 1226 2395 1281 deratissimi
2428 1225 2608 1296 patrui
2644 1223 2992 1281 celsitudinis
3012 1232 3224 1286 nostre,
3288 1221 3502 1278 domini
3535 1221 3665 1276 Ma-

382 1316 658 1378 exhibuit,
686 1327 1034 1384 nequaquam
1075 1313 1360 1382 hucusque
1394 1311 1612 1375 statuit,
1678 1311 1847 1364 immo
1903 1319 1962 1365 et

2086 1317 2264 1380 melis,
2291 1326 2446 1382 tunc,
2476 1333 2602 1372 cum
2633 1317 2778 1386 capti
2811 1317 3058 1379 fuerunt,
3091 1315 3497 1370 subtraxernnt
3555 1329 3666 1367 au-

382 1409 552 1465 alium
577 1409 954 1464 centenarium
1000 1424 1172 1462 unum
1207 1421 1604 1478 yperperorum
1655 1404 1738 1460 eis
1795 1403 1960 1474 largi-
2064 1421 2174 1464 tem
2205 1418 2262 1465 et
2292 1425 2404 1464 non
2429 1409 2772 1471 obtulerunt,
2798 1408 3105 1464 secundum
3153 1405 3299 1477 quod
3332 1407 3386 1461 in
3435 1405 3665 1477 predi-

386 1511 478 1555 tur
507 1501 653 1555 ultra
675 1510 802 1556 ante
835 1500 1023 1554 datm
1064 1501 1148 1554 eis
1175 1499 1557 1553 centenarium
1587 1512 1756 1551 unum
1803 1511 1960 1566 yper-
2066 1503 2233 1557 misso
2262 1502 2598 1574 ehrysobulo
2632 1501 2981 1558 celsitudinis
3005 1509 3197 1555 nostre
3234 1499 3302 1554 de
3349 1499 3452 1554 hoc
3516 1514 3668 1553 cono

384 1608 647 1664 perorum
675 1592 970 1647 etresidua
1005 1590 1423 1661 quatuordecim
1449 1589 1764 1644 ccntenaria
1801 1603 1936 1659 yper

2086 1596 2318 1649 ititutum
2355 1607 2457 1660 est,
2499 1595 2684 1649 omnia
2705 1594 2810 1649 alia
2853 1595 3072 1650 actione
3099 1593 3296 1658 debiti,
3327 1607 3434 1661 que
3463 1591 3666 1646 Vene-

388 1699 647 1754 ναῖοι-απτ
675 1703 689 1748 ς
719 1683 788 1738 de
811 1684 1014 1753 (ιυίυιιε
1043 1683 1153 1737 (ίυο
1181 1681 1403 1751 (“ﬁdem
1439 1695 1568 1735 cum
1592 1679 1824 1733 dimidio
1867 1693 1962 1733 εἰ·
1997 1679 2034 1698 υ
2067 1687 2188 1741 ticis
2216 1694 2408 1741 contra
2449 1687 2788 1742 Romeorum
2818 1687 3156 1757 quempiam,
3188 1685 3274 1740 vel
3319 1695 3516 1740 contra
3565 1685 3665 1755 ip-

388 1776 593 1845 tcmplo
618 1775 733 1845 jam
758 1774 839 1829 eis
869 1773 988 1828 dari
1023 1773 1271 1843 precepit
1301 1771 1529 1844 (quippe
1545 1779 1602 1825 et
1634 1771 1756 1824 data
1785 1767 1958 1838 sunt),

2091 1795 2179 1833 um
2213 1780 2406 1835 ﬁscum
2432 1821 2448 1846 ,
2479 1780 2562 1834 vel
2595 1779 2821 1836 Romeis
2856 1789 2912 1835 et
2963 1778 3095 1834 ﬁsco
3125 1789 3317 1834 contra
3350 1778 3664 1833 Veneticos

388 1867 599 1937 reliqua
623 1882 756 1922 vero
793 1864 1086 1922 duodecim
1117 1880 1243 1920 cum
1289 1863 1524 1918 dimidio
1559 1862 1643 1918 eis
1701 1861 1820 1916 dari
1863 1877 1962 1931 per
2069 1881 2198 1927 ante
2227 1873 2542 1943 captionem
2572 1872 2820 1942 ipsorum
2886 1870 3230 1935 convenerit,
3287 1869 3497 1924 irritari
3550 1869 3663 1924 de-

385 1975 562 2014 annos
590 1975 708 2020 sex,
729 1958 967 2013 debente
993 1958 1079 2013 eis
1110 1973 1209 2027 per
1227 1971 1682 2026 unumquemque
1751 1969 1959 2009 annum

2086 1970 2220 2017 rente
2248 1962 2318 2017 ab
2359 1962 2610 2033 utrisque
2661 1962 2950 2034 partibus;
3012 1969 3269 2031 presente
3307 1959 3662 2032 chrysobulu

387 2051 506 2106 dari
546 2051 859 2121 quantitate
888 2049 1316 2121 proporcionali.
1362 2049 1429 2103 Et
1483 2047 1756 2116 accipient
1800 2047 1962 2117 equi-

2086 2053 2226 2108 'erbo
2259 2052 2474 2122 imperii
2501 2054 2672 2109 nostri
2729 2052 2889 2107 ﬁrmo
2937 2060 2990 2106 ct
3047 2049 3353 2105 inviolabili
3427 2063 3661 2119 perma-

387 2143 512 2198 dem
548 2143 650 2197 hcc
670 2142 763 2196 XII
785 2142 885 2198 sic.
920 2143 1100 2196 Erunt
1125 2150 1310 2195 autem
1336 2147 1391 2194 ei
1420 2137 1617 2194 iradila
1671 2138 1805 2209 ipsis
1846 2152 1965 2192 0m-
2065 2159 2201 2200 nere
2235 2145 2498 2211 debente,
2525 2145 2671 2199 facto
2699 2158 2888 2199 mense
2921 2143 3088 2199 Junio
3115 2141 3390 2212 presentis
3425 2139 3656 2208 septimi

387 2238 480 2290 uia
511 2235 878 2305 possidentes,
909 2241 972 2287 ut
1003 2231 1214 2286 dictum
1249 2239 1356 2296 est,
1385 2243 1676 2300 quousque
1710 2244 1798 2294 ea,
1857 2243 1967 2299 que

2086 2237 2215 2302 mni,
2249 2237 2303 2290 in
2345 2251 2458 2306 quo
2482 2244 2540 2291 et
2573 2244 2824 2290 nostrum
2855 2235 3009 2305 pium
3035 2241 3090 2288 et
3119 2247 3149 2286 a
3177 2231 3286 2286 deo
3326 2239 3656 2301 promotum

389 2344 490 2398 per
517 2326 941 2382 conventionem
997 2323 1519 2394 prespoponderunt
1549 2331 1609 2378 et
1651 2323 1964 2393 juramento
2063 2327 2408 2396 subsignavit
2438 2327 2754 2397 imperium.

391 2418 882 2479 conﬁrmaverunt,
919 2428 1074 2468 nunc
1105 2413 1352 2476 existens
1399 2411 1800 2466 nobillissimus
1852 2409 1963 2464 dux

394 2509 620 2564 Venetie
641 2517 699 2562 et
729 2515 850 2577 post
881 2521 1010 2560 eum
1039 2503 1211 2560 futuri
1240 2504 1411 2559 duces
1457 2502 1682 2558 Venetie
1738 2511 1798 2557 et
1836 2500 1966 2555 uni-

391 2616 552 2658 versa
580 2601 702 2672 ejus
732 2598 1018 2671 plenitudo
1057 2597 1407 2663 custodiunt,
1463 2605 1691 2651 servant
1742 2609 1966 2666 quoque

2348 2439 2586 2495 lsaamus
2611 2439 2664 2492 in
2695 2437 2920 2492 Christo
2959 2436 3072 2492 Deo
3117 2435 3296 2492 ﬁdelis
3345 2435 3664 2504 imperator

2497 2519 2554 2564 et
2575 2509 2891 2564 moderator
2913 2507 3286 2563 Romanorum
3309 2505 3578 2576 Angelus.

1961 2753 2076 2807 VII.

1437 2935 1502 2975 us
1536 2935 1830 2976 umnorou
1857 2932 2056 2974 saccos
2100 2914 2239 2989 [il].
2283 2914 2370 2986 (Α.
2409 2914 2597 2985 £098.)

1856 3077 1974 3133 Non
2005 3084 2198 3133 exstat.

1949 3238 2089 3295 Vill.

1317 3397 1487 3437 suam
1521 3397 1680 3435 suum
1704 3395 1903 3433 PISANIS
1937 3392 2192 3432 concessa
2235 3373 2374 3448 [42].
2407 3373 2492 3445 (Α.
2524 3374 2664 3431 1192
2694 3377 2715 3447 )

468 3529 782 3595 lutet-rupta
811 3519 1143 3594 jampridem
1177 3517 1304 3584 fuit,
1343 3532 1409 3572 ex
1449 3531 1560 3586 quo
1592 3525 1858 3586 tyrannus
1883 3511 1972 3566 ille
1998 3515 2042 3572 Ω
2079 3527 2243 3565 mune
2273 3511 2394 3580 ejus
2425 3509 2852 3580 supplicatorias
2891 3510 2955 3564 ad
3005 3518 3247 3566 nostram
3300 3511 3657 3570 clementiam

397 3615 750 3674 Andronicus
780 3615 1156 3668 Romanorum
1182 3607 1384 3663 invasit
1407 3607 1700 3676 imperium
1731 3613 1788 3661 et
1824 3619 1975 3658 nunc

400 3726 599 3782 usque,
637 3707 770 3762 tldes
799 3713 854 3761 et
885 3702 1108 3758 devotio
1147 3698 1388 3756 civitatis
1433 3707 1491 3753 et
1547 3706 1692 3752 terre
1742 3696 1973 3759 Pisane,

396 3817 564 3873 quam
585 3813 714 3870 erga
739 3802 993 3851 nostrum
1020 3791 1277 3846 fovebant
1292 3792 1627 3846 Romeorum
1649 3783 1974 3856 imperium.

401 3897 471 3950 Et
491 3892 597 3948 nisi
625 3888 894 3945 modestia
925 3895 981 3940 et
1013 3885 1266 3939 hilaritas
1290 3879 1640 3937 celsitudinis
1677 3886 1890 3940 nostrc,
1919 3885 1975 3930 et

401 3987 460 4040 in
496 3980 872 4040 eﬂusion'rbus
899 3976 1322 4049 appianicorum
1357 3972 1686 4042 sanguinum
1745 3968 1976 4024 tarditas

399 4087 460 4132 et
516 4070 874 4144 impromptio
906 4105 922 4120 .
957 4104 974 4122 .
1009 4105 1028 4121 .
1059 4105 1072 4121 .
1110 4103 1126 4118 .
1162 4061 1275 4135 (45)
1317 4076 1347 4116 a
1401 4061 1516 4115 Deo
1559 4067 1743 4113 erecte
1797 4064 1854 4110 et
1905 4053 1976 4108 ad

401 4169 782 4223 Rem-auorum
805 4156 1028 4229 imperii
1057 4155 1462 4208 ﬁrmamentum
1486 4148 1710 4219 quidem
1741 4146 1978 4202 cxaltate

402 4259 802 4331 impedimento
823 4252 902 4309 rei
924 4253 1184 4313 fuissent,
1231 4247 1269 4301 ii
1296 4245 1391 4315 qui
1416 4243 1537 4298 heri
1563 4239 1828 4296 Romanie
1881 4238 1979 4293 de-

400 4353 516 4410 voti
553 4357 732 4415 erant,
763 4345 918 4417 quasi
953 4351 1014 4398 et
1037 4338 1246 4395 inimici
1271 4336 1452 4393 eiecti
1489 4333 1749 4395 fuissent,
1774 4339 1832 4385 et
1877 4343 1977 4399 pro

405 4445 599 4503 amicis
626 4451 681 4498 et
715 4438 936 4495 utilium
962 4431 1292 4490 atlatoribus
1317 4438 1374 4484 et
1399 4443 1498 4498 per
1527 4434 1780 4494 tempora
1841 4421 1980 4477 ﬁde-

402 4538 636 4596 lissimis
663 4546 884 4605 quoque
913 4525 1225 4584 fautoribus
1251 4523 1308 4577 in
1330 4521 1519 4575 hostes
1538 4526 1594 4573 et
1614 4515 1980 4586 depopulato-

404 4646 496 4686 res
517 4627 664 4684 versi
695 4624 955 4696 equidem
983 4626 1190 4676 essent.
1219 4613 1376 4681 Quod
1400 4619 1456 4666 et
1481 4625 1550 4664 ex
1581 4617 1737 4679 parte
1781 4622 1982 4678 perpe-

405 4735 611 4785 tratum
644 4733 746 4789 cst,
774 4729 831 4776 et
859 4719 1055 4774 damna
1087 4729 1116 4768 a
1141 4710 1470 4780 quibusdam
1499 4704 1750 4769 Bomeis,
1765 4714 1825 4759 et
1853 4703 1982 4758 item

406 4818 624 4877 Pisanis
653 4833 720 4872 ex
750 4821 908 4886 parte
934 4812 1271 4866 Romeorum
1325 4800 1471 4856 facta
1510 4806 1662 4860 sunt,
1713 4795 1981 4852 multum-

407 4927 516 4985 que
548 4920 786 4980 tempus,
822 4920 930 4976 que
957 4901 1165 4956 dudum
1197 4904 1328 4951 ante
1359 4893 1518 4947 unita
1543 4900 1727 4957 erant,
1781 4903 1981 4959 seque-

410 5012 584 5060 strata
625 4997 821 5053 habuit
853 5003 908 5049 et
935 4989 1129 5046 divisa.

479 5091 848 5160 Quamobrem
873 5079 1114 5140 civitatis
1137 5077 1464 5133 Pisanorum
1504 5079 1770 5142 potestas,
1821 5067 1986 5123 Tedi-

412 5189 554 5245 cius.
578 5183 798 5240 comitis
821 5173 1041 5248 Ugolini
1079 5172 1246 5236 titius,
1278 5184 1343 5224 ac
1390 5163 1694 5222 consiliarii
1727 5169 1784 5218 et
1831 5174 1988 5216 com-

409 5371 416 5397 ;
486 5347 600 5411 (ω)
632 5343 801 5399 Maria
843 5338 1172 5411 :teloneum.
1218 5401 1253 5411 ,ἓ
1319 5399 1351 5411 __
1606 5393 1623 5405 ι
1694 5393 1732 5411 η

633 5391 1279 5488 ῖξξιδῇιρτᾳμέξίδροξιέξ.
1315 5399 1566 5453 thronor.
1605 5393 1660 5448 in
1692 5391 1831 5448 Coll.
1861 5406 1986 5445 can.

419 5472 510 5547 ea‘.
550 5472 816 5540 Rhalliet
846 5472 1315 5550 Pollti.§8_|;
1504 5539 1562 5550 Ν
1610 5537 1622 5550 ,
1721 5537 1731 5547 _
1777 5533 1830 5550 ,ν
1946 5535 1957 5546 ,

490 5533 1135 5626 {taﬁjgtiduFlamma}!
1163 5543 1251 5626 dat
1281 5542 1455 5612 Borgo
1499 5533 1979 5626 Diplom‘iuii’isqtti.

420 5605 742 5688 raéi‘iﬁsé;
776 5623 824 5676 4-.
870 5635 924 5691 ρ.
963 5616 1086 5684 147,
1124 5613 1360 5684 indeque
1390 5605 1830 5668 vrcurtesentavit
1878 5605 1987 5658 Bu-

2076 3617 2276 3657 manus
2299 3601 2587 3655 intendere
2604 3600 2997 3661 voluerunt,et
3029 3601 3501 3670 prudentissimos
3529 3620 3662 3660 con-

2076 3696 2226 3749 cives
2253 3709 2404 3757 suos,
2431 3692 2754 3747 Rainerium
2782 3692 3009 3747 Gaetani
3035 3701 3093 3747 et
3117 3692 3394 3763 Sigerium
3413 3697 3662 3767 judicent

2075 3785 2309 3841 nuncios
2335 3783 2403 3839 ad
2436 3792 2675 3838 nostram
2709 3785 3028 3854 legaverunt
3055 3786 3434 3853 serenitatem,
3461 3789 3662 3859 damp-

2076 3892 2274 3932 norum
2303 3876 2514 3930 Pisanis
2547 3891 2852 3944 eorumque
2877 3877 3156 3931 communi
3185 3893 3250 3932 ex
3277 3889 3434 3948 parte
3460 3881 3662 3936 Roma-

2077 3971 2170 4025 nie
2201 3969 2610 4038 pre-illatorum
2645 3971 3106 4025 restaurationem
3138 3981 3411 4039 petentes,
3465 3984 3522 4030 et
3559 3975 3660 4029 be.

2077 4059 2404 4130 nignitatem
2438 4057 2856 4128 tranquillitatis
2889 4060 3109 4130 imperii
3151 4064 3328 4118 nostri
3365 4065 3662 4134 pristinam

2078 4166 2242 4220 quam
2262 4166 2389 4220 erga
2421 4150 2699 4206 civitatem
2738 4159 2795 4205 et
2823 4160 3022 4206 terram
3063 4152 3310 4222 ipsorum
3338 4167 3526 4212 nostra
3560 4157 3662 4212 ha-

2080 4242 2247 4298 bebat
2276 4242 2590 4306 clementia,
2623 4244 2948 4312 suppliciter
2973 4246 3353 4315 postulantes;
3391 4259 3452 4302 et
3510 4264 3666 4304 sere-

2080 4336 2223 4390 nitas
2249 4342 2434 4389 nostra
2456 4334 2690 4404 benigne
2715 4349 2811 4390 eos
2849 4335 3122 4405 recipiens
3161 4347 3218 4392 et
3245 4353 3354 4406 que
3379 4339 3450 4393 ab
3479 4339 3549 4394 iis
3572 4340 3666 4395 di-

2080 4429 2344 4484 cebantur
2373 4429 2711 4495 auscultans,
2733 4431 2816 4484 eis
2831 4445 2940 4499 que
2965 4444 3122 4484 versa
3145 4431 3262 4485 vice
3279 4431 3518 4500 dampna
3539 4445 3668 4501 par-

2084 4523 2232 4578 tibus
2254 4524 2518 4579 Romanie
2547 4523 2876 4594 quibusdam
2909 4539 2936 4576 a
2965 4532 3119 4592 parte
3149 4523 3477 4576 Pisanorum
3513 4522 3662 4575 illata

2083 4617 2139 4672 in
2171 4616 2496 4672 memoriam
2539 4631 2828 4679 revocans,
2883 4631 3060 4685 eaque
3098 4615 3168 4669 ab
3201 4614 3336 4684 ipsis
3396 4613 3666 4669 Romani.

2083 4710 2384 4764 restaurari
2415 4709 2658 4764 vicissim
2695 4709 2948 4779 exigens,
2974 4707 3041 4762 ad
3067 4707 3323 4762 ultimum
3355 4721 3424 4761 ex
3482 4705 3671 4776 predi-

2085 4811 2301 4856 ctorum
2339 4801 2646 4872 legatorum
2703 4800 2962 4869 precibus
3019 4799 3383 4856 abolicione
3443 4799 3666 4868 quidem

2089 4907 2305 4957 eorum,
2332 4908 2439 4962 que
2467 4909 2534 4946 ex
2591 4907 2704 4962 quo
2729 4901 2993 4963 tyrannus
3027 4890 3348 4960 supervenit
3378 4903 3556 4959 usque
3611 4888 3668 4942 in

2093 4997 2322 5047 presens
2343 4993 2464 5039 acta
2495 4993 2626 5038 sunt
2647 4982 2728 5036 eis
2755 4982 3063 5048 concessit;
3094 4981 3453 5036 immemores
3481 4989 3666 5034 autem

2091 5083 2150 5130 et
2182 5090 2279 5131 eos
2308 5076 2426 5131 fore
2445 5076 2693 5130 omnium
2746 5077 3124 5145 negociorun,
3173 5088 3286 5144 que
3318 5073 3671 5128 hactenus“

2096 5183 2269 5237 usque
2303 5184 2450 5224 nunc
2479 5183 2547 5224 ex
2577 5167 2852 5237 aliquibus
2877 5167 3082 5230 causis,
3133 5167 3277 5239 iuste
3299 5165 3387 5221 vel
3441 5165 3668 5236 injuste,

2090 5327 2232 5381 chon
2261 5327 2537 5382 Nouvelles
2566 5325 2879 5381 Recherches
2910 5326 3031 5380 hist.
3065 5341 3156 5380 sur
3191 5323 3242 5377 la
3283 5324 3456 5392 princ.
3490 5323 3664 5391 fraus.

2086 5398 2151 5450 de
2171 5398 2342 5450 Morée
2381 5399 2486 5452 vol.
2511 5398 2576 5462 Il,
2607 5413 2660 5465 p.
2688 5397 2773 5450 12.

2160 5469 2272 5538 (4⁵5)
2305 5468 2482 5521 Verba
2507 5460 2834 5523 celsitudinis
2863 5477 3038 5522 nostra
3096 5466 3206 5521 huc
3256 5460 3666 5534 transponenda

2085 5554 2207 5594 esse
2249 5539 2527 5594 videntur.
