1971 3125
127 148 174 179 -ίτ3

651 149 833 182 NOVELLrE
853 146 1197 187 CONSTITUTIONES.

1694 156 1750 189 ΔΗ

128 204 295 240 producenda
308 203 458 237 habebant,
474 205 568 241 exigit.
584 205 618 233 Et
631 207 743 242 quidem
758 213 786 236 et
801 208 837 236 hii
852 209 907 236 cle-
923 212 944 240 Α
960 209 1006 237 illo
1033 210 1160 239 Chumno
1181 216 1210 239 et
1235 212 1296 241 aliis
1319 212 1456 241 defunctis
1484 217 1512 242 et
1531 214 1728 249 superstitibus
1739 235 1747 247 ,

129 251 222 280 mentio
236 255 333 278 nostra
361 251 532 278 concessioni
556 259 710 287 repugnare
727 254 803 281 nullo
824 255 906 282 modo

128 299 320 329 decreverunt;
335 304 397 324 cum
425 298 510 324 multa
539 306 605 325 vero
626 300 777 333 gratiarum
798 301 906 328 actione

129 351 181 371 eam
199 343 393 377 suscipientes,
409 349 583 370 sacramento
607 345 802 372 certitudinem
818 347 906 381 impe-

127 390 165 418 rio
189 394 285 416 nostro
296 389 420 416 fecerunt
447 393 500 416 tam
513 389 546 416 de
570 390 719 422 oblivione,
738 399 819 426 quam
837 392 907 419 civi-

128 442 164 463 tas
178 439 206 462 et
227 440 301 462 terra
316 435 413 462 Pisana
425 434 451 461 in
473 440 634 470 perpetuum
652 436 791 464 habebunt
809 445 905 465 eorum

126 481 247 508 videlicet
262 481 384 508 omnium
399 480 581 515 dampnorum
591 489 645 516 que
657 490 743 516 usque
755 491 829 510 nunc
844 484 906 518 qui-

127 526 233 554 busdam
264 526 371 553 Pisanis
384 534 399 553 a
416 526 526 553 Ilomeis
541 526 614 553 illata
630 532 705 558 sunt.
721 533 907 563 quotcumque

125 576 152 600 et
165 572 376 607 qualiacumque
389 572 456 603 sint,
469 580 551 607 quam
567 578 595 600 et
608 574 641 600 de
657 574 710 601 ﬁde
734 579 761 601 et
789 575 907 602 scrvicio

127 625 202 653 quam
214 623 243 645 et
255 618 328 653 quod
341 619 457 652 imperio
475 624 579 652 nostro,
595 620 745 647 heredibus
759 626 786 648 et
797 628 907 648 succes-

127 664 232 692 soribus
241 664 312 698 ejus,
330 664 438 699 ipsique
452 666 586 693 Romanic
603 666 752 694 observare
771 668 796 694 in
813 664 907 694 futuro

122 707 233 735 debent.
249 708 374 743 Amplius
402 709 505 744 quippe
531 712 665 738 serenitas
692 711 800 746 imperii
820 712 908 740 nostri

124 762 169 782 eos
183 758 329 789 acceptans
341 759 369 782 et
386 755 615 789 supplicationem
636 764 732 785 eorum
746 766 808 785 cum
839 759 909 785 mul<

128 806 179 829 tum
190 799 385 834 supplicatoria
398 806 425 828 et
440 801 596 836 procidenti
611 802 695 838 ﬁgura
711 804 798 830 fusam
811 803 844 831 ad
859 812 908 831 no-

123 851 205 873 stram
221 846 396 874 clementiam
411 847 571 881 exaudiens,
584 855 639 876 non
652 850 741 877 solum
771 850 908 877 habitato-

120 900 168 920 .res
177 892 296 920 civitatis
313 897 339 920 et
355 897 427 920 terre
443 894 567 921 Pisarum
580 894 608 922 in
619 903 649 922 ea
662 896 735 930 jura,
762 904 815 931 que
842 897 909 931 ipsis
922 889 946 919 Β

126 939 152 966 in
165 939 296 966 Romanis
311 940 460 974 precollata
481 939 599 974 fuerant,
632 942 740 970 restitui
759 943 908 976 concessit,

125 991 215 1012 verum
232 984 318 1011 etiam
334 985 488 1012 secundum
505 985 613 1013 Domini
646 987 811 1014 sententiam
826 995 910 1022 super

126 1029 207 1065 pauca
223 1030 318 1057 ﬁdeles
332 1030 474 1065 reperiens
493 1038 576 1066 super
598 1033 685 1060 multa
701 1033 855 1065 constituit,
881 1037 910 1060 et

126 1076 156 1103 ad
166 1076 380 1103 notiilcationem
397 1084 494 1104 eorum
511 1085 564 1112 que
582 1077 698 1112 imperio
715 1084 820 1111 nostro,
831 1079 910 1106 liere—

117 1121 202 1149 —dibus
220 1125 250 1149 et
269 1122 473 1150 successoribus
497 1123 557 1158 ejus
576 1127 604 1150 ct
620 1124 753 1151 Romanie
770 1125 796 1151 in
811 1131 909 1159 perpe-

126 1171 198 1193 tuum
212 1167 266 1202 ipsi
284 1167 397 1202 polliciti
409 1172 482 1199 sunt,
497 1174 626 1195 eteorum
641 1176 694 1204 quc
703 1169 830 1196 sitniliter
843 1169 910 1204 ipsis

119 1221 140 1240 ‘a
156 1213 301 1241 clementia
317 1218 411 1241 nostra
431 1214 528 1241 collata
545 1220 619 1248 sunt,
634 1223 748 1250 presens
761 1215 910 1251 chrysobo—

117 1259 177 1286 ⁴ιιιιιι
193 1259 311 1286 verbum
328 1259 369 1287 eis
382 1259 508 1293 donavit,
532 1262 679 1289 continens
708 1262 742 1289 de
767 1263 853 1290 verbo
875 1263 909 1290 ad

124 1303 236 1332 verbum
251 1312 285 1332 ea
299 1312 353 1340 que
368 1313 443 1333 nunc
456 1306 491 1333 ab
516 1306 551 1334 iis
568 1312 646 1342 pacta
660 1313 725 1335 sunt
739 1313 767 1336 et
783 1308 811 1335 in
827 1309 908 1336 char-

125 1350 179 1378 tula
191 1350 293 1378 litteris
304 1351 398 1378 latinis
415 1352 515 1386 scripta
529 1357 557 1380 et
585 1353 789 1388 subscriptione
811 1362 909 1382 eorum

126 1395 286 1424 conﬁrmata
297 1397 498 1431 comprehensa
515 1403 581 1425 sunt
593 1403 621 1424 et
655 1406 752 1425 eorum
770 1398 907 1433 corporali

124 1447 297 1470 sacramento
314 1442 505 1474 corroborata,
519 1447 548 1470 et
569 1444 632 1478 que:
646 1443 811 1478 plcnitudini
833 1445 910 1471 Pisa-

125 1496 183 1517 rum
197 1488 271 1517 facta
285 1493 352 1516 sunt
359 1489 523 1524 cbrysobula
536 1489 621 1517 verba
636 1497 744 1525 semper
759 1498 911 1517 memoran-

122 1534 217 1561 dorum
229 1534 440 1570 imperatorum.
457 1535 551 1570 proavi
567 1536 675 1563 scilicet
689 1536 795 1571 imperii
812 1537 907 1570 nostri,

123 1580 225 1607 domini
240 1580 329 1607 Alcxii
346 1580 492 1614 Comnani,
510 1586 540 1609 ct
564 1582 793 1610 desideratissimi
816 1584 907 1618 patrui

123 1626 298 1654 celsitudinis
317 1631 423 1659 nostre,
439 1627 543 1655 domini
576 1628 720 1662 Manuelis,
750 1629 778 1656 in
808 1630 909 1664 quibus

121 1673 233 1709 quidem
250 1673 405 1701 recitantur
415 1682 469 1709 que
488 1678 553 1702 tunc
570 1682 585 1701 a
605 1675 712 1702 Pisanis
735 1680 813 1710 pacta
831 1676 909 1704 luere

120 1726 148 1748 et
166 1728 220 1756 que
236 1729 253 1749 a
267 1725 346 1756 parte
371 1720 504 1748 Romanie
517 1720 558 1748 eis
572 1721 681 1749 collata.

155 1766 245 1795 Habet
276 1767 361 1802 igitur
382 1767 530 1795 conventio
556 1769 656 1802 scripta
687 1769 798 1803 quidem
821 1777 875 1805 que
894 1778 909 1798 a

122 1813 271 1841 notiilcatis
290 1812 388 1847 legatis
402 1813 529 1840 Pisarum
546 1814 579 1841 ad
603 1814 750 1849 imperium
771 1820 910 1848 nostrum,

121 1859 237 1888 heredes
257 1863 287 1887 et
301 1865 477 1886 successores
497 1860 576 1895 ejus,
601 1865 629 1887 et
652 1860 685 1887 ad
701 1860 786 1895 ipsam
810 1861 910 1889 Roma-

121 1905 193 1933 niam
216 1905 292 1933 facta
306 1909 360 1937 est,
383 1908 412 1931 et
438 1904 511 1939 quod
539 1913 623 1940 super
642 1913 702 1934 eam
721 1906 908 1941 juramentum

118 1951 224 1980 factum
237 1954 295 1984 cst,
311 1951 370 1978 sic:

180 1998 251 2031 Nos,
267 1998 350 2034 legati
368 1998 490 2026 civitatis
508 2002 536 2025 et
548 2002 620 2026 terre
636 1998 746 2032 Pisane,
764 1998 911 2027 Rainerius

119 2045 236 2073 Gaetani
254 2048 284 2073 et
302 2044 527 2080 Sigeriusjudex,
544 2045 620 2073 missi
635 2053 650 2072 a
665 2044 788 2078 Tedicio,
803 2046 912 2073 comitis

120 2089 228 2125 ligoﬁni
240 2082 243 2084 ’
253 2090 322 2122 tilio,
336 2093 470 2125 potestate
481 2089 601 2117 civitatis
614 2094 643 2117 et
659 2094 732 2117 terre
744 2090 853 2123 Pisano,
880 2098 911 2118 ac

119 2135 291 2164 miliarii:
309 2135 424 2171 ipsoque
448 2136 587 2163 communi
615 2136 676 2170 ejus
694 2136 727 2162 ad
748 2136 911 2164 altissimum

120 2182 322 2216 i‘tlpwatorem
334 2181 503 2209 Romeorum
521 2185 550 2209 et
571 2189 681 2216 semper
700 2186 844 2217 augustum
862 2182 911 2209 do-

960 257 1077 291 dampna
1091 257 1165 284 illata
1187 258 1303 291 Pisanis,
1327 267 1360 287 ex
1375 267 1431 294 quo
1447 260 1607 288 noliiicatus
1622 259 1751 289 dominus

960 302 1136 330 Andronicus
1152 303 1319 331 Romeorum
1341 304 1441 332 invasit
1457 305 1602 340 imperium
1617 311 1645 333 et
1663 313 1750 342 usque

961 355 1045 380 nunc,
1060 353 1142 383 atque
1151 349 1290 376 subtracta
1301 350 1433 378 solemnia
1446 350 1562 378 ccclesic
1571 350 1670 378 Pisano
1681 351 1751 379 civi-

961 394 1025 422 tatis
1056 398 1084 422 et
1111 394 1323 430 archiepiscopo
1354 404 1489 424 annorum
1518 402 1581 424 octo
1605 401 1634 424 et
1661 405 1750 433 usque

960 447 1045 470 nunc,
1070 445 1098 468 et
1123 440 1249 468 redditus
1269 441 1370 469 emboli
1388 450 1495 474 eorum,
1521 447 1549 470 et
1579 443 1748 477 reliquorum

961 486 1143 513 attenentium
1161 486 1214 520 eis,
1235 491 1263 515 ct
1280 487 1315 514 ab
1334 487 1374 515 eis
1391 495 1487 515 exacta
1515 489 1697 521 commertia;
1721 492 1750 515 et

962 531 984 558 si
997 532 1050 559 hcc
1061 531 1158 559 eadem
1177 533 1365 568 receperimus
1392 533 1488 567 agendi
1512 539 1603 568 grates
1632 533 1750 568 imperio

961 577 1021 612 ejus
1044 582 1150 609 sancto,
1179 584 1207 605 et
1221 578 1432 605 conventionem
1454 579 1592 606 assiduam
1608 584 1636 606 et
1649 587 1749 613 perpe-

962 628 1036 651 tuam
1065 625 1164 652 iactam
1183 626 1409 660 progenitoribus
1428 626 1506 661 ejus,
1536 625 1750 660 imperatoribus

961 669 1076 697 domino
1093 670 1190 698 Alexio
1205 670 1348 699 Comnano
1367 675 1395 699 ct
1412 671 1468 699 [ilio
1482 672 1542 707 ejus
1558 671 1749 705 Porphyrogc-

962 716 1021 743 nito
1039 716 1152 743 domino
1168 717 1268 745 Joanni
1292 722 1320 745 et
1338 723 1437 753 patruo
1459 717 1568 753 imperii
1584 718 1643 752 ejus
1663 716 1749 743 sanc:i

962 761 1074 789 domino
1101 762 1232 795 Manucli,
1258 767 1286 790 et
1311 763 1518 791 heredibuset
1541 762 1750 790 successoribus

962 808 1022 843 ejus
1037 808 1143 843 ipsique
1163 808 1307 841 Romanie,
1323 815 1407 844 atque
1425 810 1569 837 servitium
1585 813 1749 844 perpetuum

963 859 991 881 et
1017 854 1158 882 assiduum
1179 855 1330 883 renovandi
1358 860 1386 882 et
1411 855 1592 890 jurejurando
1619 854 1752 882 corrobo-

960 898 1053 932 randi;
1069 899 1092 926 si
1111 907 1175 926 vero
1193 900 1243 927 hec
1265 899 1362 927 eadem
1383 900 1528 935 imperium
1546 900 1606 935 ejus
1623 905 1750 927 sanctum

960 953 1015 972 non
1035 945 1178 980 adimplet,
1203 945 1258 973 alio
1277 953 1342 972 vero
1355 945 1437 973 modo
1458 945 1553 979 aliquo
1569 944 1751 972 restauratiov

960 999 1022 1018 nem
1047 992 1112 1018 facit
1129 992 1270 1019 communi
1296 991 1422 1019 Pisarum
1445 991 1567 1019 civitatis
1593 991 1748 1026 placentem

961 1037 1052 1068 nobis,
1078 1037 1174 1071 sicque
1205 1038 1289 1064 etiam
1331 1037 1503 1064 manifestam
1537 1037 1749 1064 conventionem

961 1089 1134 1111 sacramento
1164 1083 1367 1115 conﬁrmandi;
1393 1083 1524 1117 quoniam
1552 1082 1585 1110 ad
1604 1082 1749 1116 imperium

961 1130 1022 1165 ejus
1045 1134 1170 1157 sanctum
1191 1128 1384 1164 pervenimus.
1406 1133 1434 1155 et
1449 1129 1475 1155 in
1494 1132 1643 1163 conspectu
1666 1127 1751 1162 maje-

962 1176 1041 1203 statis
1059 1175 1120 1211 ejus
1134 1180 1256 1203 astantes
1275 1175 1346 1210 piam
1361 1175 1421 1210 cjus
1438 1173 1632 1201 celsitudinem
1651 1171 1751 1199 adora-

961 1220 1052 1248 vimus
1064 1240 1071 1252 ,
1084 1225 1112 1247 et
1123 1220 1202 1247 nobis
1216 1218 1348 1254 injunctis
1368 1217 1536 1245 suiﬁcienter
1552 1217 1676 1244 tractatis
1692 1222 1751 1243 om-

961 1266 1045 1293 nibus
1061 1266 1193 1301 quidem,
1213 1273 1266 1300 que
1286 1264 1437 1299 poscimus,
1454 1263 1536 1299 potiri
1564 1262 1750 1297 nequivimus,

961 1312 1025 1348 quia
1037 1317 1066 1339 et
1081 1312 1236 1339 sublimitas
1250 1311 1359 1346 imperii
1376 1311 1435 1345 ejus
1448 1309 1536 1337 sancti
1555 1309 1677 1336 vicissim
1689 1308 1750 1335 exi-

961 1359 1042 1394 gebat
1056 1366 1072 1385 a
1090 1358 1168 1385 nobis
1182 1358 1282 1385 damna
1302 1365 1316 1384 a
1333 1356 1498 1392 quibusdam
1523 1356 1629 1383 Pisanis
1649 1355 1750 1383 Roma-

961 1403 1006 1431 nie
1021 1403 1186 1438 quibusdam
1202 1403 1284 1430 terris
1298 1402 1468 1437 diversisque
1489 1401 1601 1429 Romeis
1624 1409 1673 1435 per
1693 1405 1750 1427 ter-

962 1456 1021 1476 ram
1037 1452 1066 1475 et
1082 1441 1158 1475 mare
1176 1447 1270 1480 illata;
1290 1447 1424 1475 modestia
1442 1455 1507 1474 vero
1523 1451 1551 1473 et
1571 1445 1750 1481 magniﬁcen-

962 1495 998 1521 tia
1012 1493 1149 1529 imperiali
1162 1493 1304 1529 dignatum
1322 1498 1363 1521 est
1380 1493 1440 1528 ejus
1454 1497 1579 1520 sanctum
1592 1492 1750 1527 imperium,

962 1547 1012 1575 pro
1041 1539 1170 1567 omnibus
1194 1547 1248 1575 que
1278 1540 1417 1575 poscimus
1451 1543 1479 1566 et.
1506 1538 1634 1574 superius
1663 1538 1751 1564 relata

962 1590 1037 1619 sunt,
1052 1591 1169 1621 excepto
1185 1591 1281 1614 mutuo
1302 1586 1375 1613 facto
1396 1585 1625 1616 scbastocratori,
1642 1589 1751 1611 mutua-

961 1631 1069 1660 toribus
1085 1632 1113 1660 in
1133 1632 1294 1660 memoriam
1312 1632 1375 1659 dive
1388 1632 1510 1670 potentie
1522 1631 1583 1665 ejus
1600 1637 1752 1658 consensu-

960 1686 1014 1713 que
1031 1678 1118 1705 nostri
1140 1685 1169 1705 se
1185 1677 1366 1713 jactantibus,
1392 1677 1487 1713 largiri
1507 1677 1605 1704 Pisanc
1631 1676 1751 1704 civitatis

961 1725 1100 1752 communi
1116 1732 1169 1759 que
1194 1731 1227 1751 ex
1242 1724 1404 1751 muneribus
1428 1731 1538 1758 semper
1558 1721 1751 1750 memorando-

961 1779 1021 1799 rum
1041 1771 1256 1805 imperatorum,
1273 1769 1378 1797 domini
1397 1769 1485 1796 Alexii
1513 1773 1541 1796 et
1562 1768 1669 1796 domini
1689 1767 1746 1795 lla-

961 1817 1062 1848 nuelis,
1078 1825 1093 1844 a
1106 1817 1186 1844 nobis
1203 1816 1310 1851 pridem
1324 1816 1351 1843 in
1366 1823 1463 1850 magna
1484 1815 1552 1842 urbe
1567 1814 1752 1849 possideban-

962 1868 1027 1890 tur:
1051 1862 1191 1890 embolum
1207 1862 1355 1894 videlicet,
1377 1861 1523 1889 ecclesiam
1542 1868 1604 1888 cum
1623 1859 1710 1887 altera
1735 1867 1752 1887 a

961 1909 1167 1937 contribulibus
1182 1909 1285 1937 nostris
1299 1908 1370 1936 infra
1388 1908 1522 1936 terminos
1534 1912 1645 1934 nostros
1660 1909 1752 1933 erecta

961 1955 1090 1988 ecclesia,
1110 1958 1138 1983 et
1157 1955 1306 1982 lilloralem
1322 1954 1422 1981 scalam
1436 1962 1445 1986 ;
1465 1954 1528 1989 plus
1546 1959 1614 1979 vero
1629 1951 1672 1979 his
1683 1951 1753 1978 dare

962 2001 1066 2029 civitati
1084 2005 1196 2032 nostre,
1213 2005 1242 2028 et
1253 2008 1307 2035 quo
1327 2000 1355 2027 in
1379 1999 1507 2027 faciendo
1532 1998 1612 2025 nobis
1627 1997 1752 2032 practico

963 2047 1120 2075 traditionis
1137 2053 1234 2074 eorum
1255 2054 1307 2080 que
1323 2053 1407 2080 super
1421 2045 1526 2080 pridem
1546 2044 1626 2071 nobis
1651 2043 1751 2070 tradita

963 2093 1061 2121 collata
1082 2097 1158 2124 sunt,
1172 2091 1412 2123 notilicabuntur;
1433 2089 1506 2125 quod
1523 2089 1630 2117 scilicet
1650 2087 1753 2123 practi-

964 2146 1025 2166 cum
1040 2146 1094 2165 una
1112 2144 1174 2164 cum
1189 2136 1316 2164 faciendo
1333 2135 1470 2171 imperiali
1485 2134 1626 2162 adorando
1637 2133 1752 2168 chryso-

964 2184 1029 2211 bulo
1044 2183 1072 2210 in
1091 2182 1205 2210 secretis
1221 2186 1376 2213 sternetur;
1394 2187 1527 2207 renovare
1538 2185 1649 2214 qucque
1661 2177 1694 2205 ab
1710 2177 1753 2204 in-

119 2227 228 2255 minuti
242 2227 380 2255 lsaakium
394 2226 538 2262 Angelum,
549 2231 577 2254 et
589 2227 741 2262 iniunctum
755 2227 790 2254 ab
803 2227 844 2255 eis
858 2227 908 2254 ha-
925 2229 946 2256 ι)
960 2229 1045 2258 stanti
1070 2232 1193 2263 tempore
1217 2227 1397 2262 largicionem
1435 2225 1566 2253 solemnis
1588 2229 1682 2252 ηοειιιε
1707 2230 1754 2250 ec-

108 2272 363 2308 ‘bntes'petendi
400 2273 436 2300 ab
456 2273 624 2308 imperatore
645 2277 673 2300 et
693 2273 824 2300 Romanis
846 2280 911 2308 pre-

121 2323 287 2347 mut-atem
297 2319 442 2354 pecuniam
464 2326 479 2346 a
493 2319 660 2354 quibusdam
676 2319 784 2346 Pisanis
805 2318 912 2346 Andro-

121 2365 186 2394 πίω
211 2362 521 2403 illi'male'mcmorie,
547 2373 610 2393 cum
634 2365 726 2392 adhuc
752 2365 912 2393 ielicissimo

119 2409 293 2446 imperatore
308 2410 422 2437 domino
438 2410 563 2438 Manuele
579 2410 607 2437 in
619 2409 675 2437 vita
689 2410 824 2438 existente
839 2410 913 2437 noti-

119 2455 221 2484 θαι..
235 2455 370 2483 dominos
388 2454 560 2483 Andronicus
572 2455 770 2489 Hierosolymis
784 2455 912 2491 degeret;

117 2503 243 2530 motion
267 2504 298 2528 et
316 2508 332 2528 a
346 2500 510 2535 quibusdam
532 2499 610 2533 aliis,
634 2500 764 2528 videlicet
776 2499 913 2528 Teodisco

119 2547 155 2575 de
171 2547 375 2582 iPieicasegale
391 2566 399 2580 ,
427 2546 539 2574 Simone
574 2546 702 2574 Cimicosi
731 2550 759 2574 et
792 2545 914 2574 Gerardo

118 2592 237 2621 Antonii
264 2595 295 2619 et
321 2591 455 2627 reliquis,
497 2595 650 2619 mutuatam
679 2591 914 2620 desideratissimo

119 2637 337 2666 fmﬂ'domini
362 2637 540 2674 imperatoris
562 2638 729 2665 Romeorum
751 2641 778 2665 et
804 2644 914 2672 semper

119 2683 234 2720 augusti
261 2682 368 2711 domini
381 2683 478 2710 lsaakii
496 2683 602 2718 Angeli,
616 2682 777 2710 felicissimo
794 2687 916 2710 sevasto.

121 2729 228 2758 matri
243 2728 362 2757 domino
375 2729 471 2757 Alexio
488 2729 605 2764 Angelo,
622 2737 684 2757 cum
706 2736 721 2757 a
737 2729 838 2757 comite
852 2729 916 2756 Trio

121 2774 196 2810 petis
215 2774 355 2802 detentus
372 2779 466 2808 esset;
489 2776 554 2802 item
574 2779 602 2802 et
617 2782 649 2803 ea
665 2782 717 2810 que
736 2775 771 2802 ab
796 2775 916 2802 homini-

121 2822 174 2849 bus
190 2821 311 2857 imperii
326 2818 387 2856 ejus
412 2821 511 2854 sancti,
533 2821 640 2849 scilicet
671 2829 686 2849 a
716 2822 916 2856 protobonora—

107 2867 234 2896 tesimo
258 2874 391 2903 supremo
409 2874 508 2903 magno
523 2867 661 2903 logothcta
681 2867 729 2896 illo
753 2873 780 2896 et
808 2872 916 2897 sevasto

965 2274 1069 2307 clesic,
1093 2273 1307 2308 quingentorum
1332 2271 1464 2299 videlicet
1497 2277 1697 2306 yperperorum
1725 2274 1754 2296 et

965 2320 1083 2348 duorum
1102 2319 1270 2354 palliorum;
1297 2318 1399 2346 addere
1418 2322 1511 2345 autem
1527 2321 1555 2345 et
1577 2317 1629 2344 alia
1643 2320 1754 2344 centum

965 2373 1110 2403 yperpcra,
1135 2369 1163 2392 et
1186 2365 1285 2392 salaria
1300 2363 1512 2400 archiepiscopo
1538 2362 1660 2390 civitatis
1676 2361 1755 2389 Pisa-

965 2420 1027 2439 rum
1047 2412 1188 2447 sexaginta
1213 2419 1370 2439 annuorum
1390 2416 1592 2447 yperperorum
1621 2413 1650 2436 et
1671 2407 1756 2435 unius

965 2457 1055 2493 pallii,
1085 2461 1114 2484 et
1143 2464 1227 2492 super
1249 2457 1300 2484 hcc
1320 2463 1441 2492 persone
1454 2454 1656 2490 archiepiscopi
1672 2453 1756 2488 hujus
1803 2493 1806 2495 ἓ

966 2504 1013 2540 qui
1035 2511 1110 2531 nunc
1119 2507 1162 2530 est
1173 2501 1294 2530 civitatis
1306 2501 1432 2529 Pisarum
1446 2501 1548 2529 addere
1560 2500 1612 2528 alia
1622 2506 1757 2536 yperpcrn

966 2547 1161 2584 quadraginta;
1185 2547 1289 2575 donare
1317 2551 1409 2575 autem
1433 2546 1540 2574 Pisanis
1553 2549 1582 2572 et
1608 2544 1636 2572 in
1655 2543 1688 2571 Iis
1702 2549 1757 2579 quo

966 2592 1000 2620 de
1010 2591 1143 2619 Romanis
1155 2591 1190 2619 ab
1208 2591 1276 2627 ipsis
1290 2596 1422 2619 emuntur
1433 2596 1462 2619 et
1472 2590 1639 2621 vendantur,
1656 2593 1710 2615 tam
1725 2587 1755 2615 in

966 2643 1065 2672 magna
1088 2636 1157 2664 urbe
1180 2644 1263 2671 quam
1288 2636 1316 2664 in
1336 2637 1437 2664 ceteris
1460 2635 1594 2664 Romanie
1617 2632 1754 2669 partibus,

967 2682 1123 2710 libertatem
1137 2683 1295 2710 commercii
1323 2683 1416 2716 talem,
1445 2681 1535 2718 qualis
1563 2679 1626 2707 data
1645 2682 1690 2707 est
1714 2678 1756 2707 eis

967 2729 995 2756 in
1021 2728 1188 2765 chrysobulo
1206 2728 1274 2764 ipsis
1294 2729 1367 2756 facto
1382 2734 1492 2763 semper
1507 2724 1678 2755 memorandi
1704 2731 1757 2752 Im-

968 2775 1117 2810 peratoris,
1133 2774 1238 2802 domini
1258 2774 1346 2802 Alcxii
1358 2793 1366 2806 ,
1387 2773 1415 2800 in
1429 2773 1464 2801 iis
1479 2779 1533 2808 que
1548 2770 1582 2799 de
1599 2771 1682 2799 terris
1697 2778 1755 2798 non

968 2822 1174 2857 subiacentibus
1210 2821 1337 2850 servituti
1366 2820 1474 2856 imperii
1513 2815 1693 2847 Romeorum'
1719 2817 1755 2845 ab

970 2868 1036 2904 ipsis
1055 2867 1083 2896 in
1102 2874 1228 2903 magnam
1243 2867 1339 2895 urbem
1353 2864 1515 2900 aderentur,
1532 2870 1706 2902 quamquam
1720 2871 1754 2892 ex
