3912 6244
443 307 513 375 75
1565 362 1573 370 ,
1629 294 1877 359 lSAACl
1922 291 2209 352 ANGELI
2249 292 2411 351 IMP.

3566 288 3672 350 ι’ῖῆ

407 409 723 483 hujusmodi
768 407 1102 480 chrysobulo
1146 412 1409 476 appareat
1468 418 1566 459 eos
1598 402 1804 458 debere
1853 401 1986 459 dare
2019 425 2056 481 Α
2089 401 2236 471 quod
2278 400 2521 471 predicta
2556 407 2797 469 potestas
2821 398 3102 455 communi
3128 398 3390 455 consilio
3434 400 3673 456 civitatis

406 493 789 573 bonumcrtium
825 501 878 554 in
924 501 1014 565 iis,
1051 498 1357 555 secundum
1402 495 1552 567 quod
1604 495 1705 565 ipsi
1751 493 1990 558 Itomei;

351 663 360 671 .
406 596 685 657 licentiam
732 609 861 648 vero
897 591 1031 646 dare
1075 589 1234 649 nobis
1280 586 1478 658 agendi
1518 586 1826 641 secundum
1908 583 1990 639 lc—

402 704 512 759 ges
559 689 612 743 in
663 685 930 756 quosdam
977 682 1231 738 homines
1256 682 1451 750 ipsius,
1496 679 1588 748 qui
1614 677 1834 734 servitia
1883 684 1996 729 tra—

408 787 705 843 ctaverunt
730 775 845 833 ﬁsci
869 785 927 830 et
948 772 1281 844 quihusdam
1305 770 1522 827 Pisanis
1551 767 1874 841 injustitiam
1911 766 1998 821 in-

407 869 683 932 tulerunt,
709 884 775 923 eo
808 865 953 936 quod
1009 864 1331 935 petebamus
1368 860 1590 931 quidem
1629 856 1993 928 abimperiali

417 962 680 1017 thesauro
724 959 960 1029 dampna
1005 956 1155 1011 illata
1206 951 1535 1024 quibusdam
1569 951 1810 1021 {Pisanis
1839 966 1868 1004 a
1901 948 1997 1009 dc-

406 1052 624 1119 ,l‘unctis
673 1049 992 1104 hominibus
1044 1044 1394 1101 celsitudinis
1445 1043 1603 1115 ejus,
1653 1058 1764 1096 non
1810 1052 1995 1096 autem

415 1146 655 1205 exauditi
690 1146 894 1198 fuimus
923 1140 1182 1211 quoniam
1222 1139 1300 1193 rei
1325 1154 1673 1208 nequaquam
1706 1137 1997 1208 reperiun-

405 1248 506 1309 tur
548 1238 782 1305 ideoque
847 1232 1064 1311 negotia
1118 1246 1228 1287 non
1263 1238 1421 1285 erant
1460 1228 1772 1295 manifesta,
1826 1237 1883 1282 ct
1927 1227 1998 1287 ob

410 1332 561 1389 hanc
594 1345 711 1384 rem
742 1326 1063 1385 desistimus
1099 1324 1167 1378 ab
1198 1322 1266 1377 iis
1311 1329 1529 1391 sponte,
1567 1320 1683 1374 sine
1716 1320 1864 1374 illata
1897 1334 1999 1373 no-

410 1424 501 1477 bis
543 1421 593 1474 vi
626 1420 833 1487 aliqua,
869 1416 940 1473 ob
975 1415 1439 1471 restaurationem
1479 1429 1581 1483 pro
1614 1413 1705 1478 iis,
1752 1423 1812 1469 ut
1835 1427 2001 1485 supe—

416 1518 534 1568 r'us
563 1511 597 1566 d
622 1520 772 1565 ctum
807 1518 891 1565 est
923 1509 1121 1583 factam
1171 1505 1449 1561 universis
1487 1504 1897 1558 habitatoribus
1922 1504 2002 1556 ci-

417 1603 606 1671 vitatis
643 1613 698 1659 et
727 1610 871 1658 terre
901 1602 1135 1665 Pisane;
1173 1598 1496 1668 recepimus
1540 1595 1854 1665 hujusmodi
1885 1594 2005 1665 pla-

408 1709 552 1755 cens
590 1692 750 1745 nobis
786 1688 1097 1760 largiﬂuum
1135 1702 1339 1742 munus
1367 1684 1706 1740 screnissimi
1757 1692 1813 1737 et
1857 1697 2005 1738 seui-

2095 494 2167 550 de
2194 493 2280 548 his
2325 494 2466 549 facto
2531 491 2684 547 dedit
2712 493 2874 547 nobis
2919 491 3239 549 mandatum
3258 492 3483 563 jurandi
3511 508 3675 561 suum

2094 586 2340 640 animum
2371 600 2548 649 suam,
2600 583 3033 638 conventionem
3056 599 3083 636 a
3114 583 3309 637 Pisans
3364 583 3590 639 civitate
3620 592 3676 641 ct

2099 686 2248 733 terra
2278 676 2472 731 Pisana
2526 692 2744 745 semper
2807 675 3165 730 utemorando
3218 675 3553 744 imperatorii
3584 678 3679 731 do-

2096 768 2248 825 mino
2311 769 2546 824 Manucli
2600 771 2804 825 tactam
2857 767 3183 838 imperatori
3224 767 3567 825 Romeorum
3623 776 3678 822 et

2094 877 2317 932 semper
2337 872 2574 933 augusto
2611 861 2835 917 domino
2860 860 3077 917 lsaakio
3103 859 3333 930 Angeio,
3372 859 3677 917 secundum

2098 958 2245 1027 quod
2277 965 2334 1012 et
2366 956 2444 1010 illi
2478 954 2583 1009 fuit
2623 954 2829 1023 iurata,
2878 960 2937 1007 et
2967 950 3115 1021 quod
3144 963 3217 1005 ea
3253 965 3361 1020 quo
3394 965 3497 1020 pro
3532 964 3680 1005 com-

2096 1050 2253 1106 muni
2283 1057 2340 1105 et
2363 1045 2699 1117 quibusdam
2734 1044 2861 1100 aliis
2894 1042 3150 1113 personis
3183 1041 3535 1111 petebamus.
3572 1055 3680 1112 que

2099 1152 2158 1197 et
2183 1142 2235 1195 in
2269 1139 2476 1209 scripto
2509 1137 2565 1192 in
2597 1151 2709 1206 quo
2728 1135 3162 1204 subscripsimus
3191 1134 3575 1199 continentur,
3615 1150 3680 1189 ex

2106 1234 2462 1304 impositione
2513 1230 2760 1301 ejusdem
2792 1228 3077 1299 potestatis
3100 1236 3156 1283 et
3184 1225 3400 1282 consilii
3431 1225 3680 1297 ejusdem

2098 1324 2343 1380 civitatis
2399 1323 2710 1379 dimisimus
2768 1322 2890 1391 ἴοι-ο
2945 1319 3353 1375 restauratione
3398 1318 3679 1373 communi

2096 1418 2268 1481 facta.
2302 1417 2437 1477 Item
2472 1417 2742 1487 iuramus,
2775 1428 2941 1482 super
2982 1411 3222 1467 animam
3269 1410 3415 1465 dicte
3446 1420 3683 1479 potesta-

2089 1511 2199 1573 .tis,
2232 1508 2380 1579 quod
2409 1517 2463 1563 et
2490 1509 2662 1577 ipsam
2687 1504 3112 1560 conventionem
3150 1502 3456 1571 predictam
3507 1502 3685 1555 adim-

2105 1602 2279 1672 plebit
2304 1609 2360 1656 et
2384 1598 2700 1655 observabit
2728 1598 2906 1667 ipsum
2929 1609 3222 1651 commune
3248 1594 3491 1649 civitatis
3506 1594 3686 1649 domi-

2108 1710 2180 1749 no
2198 1693 2408 1749 lsaakio
2430 1694 2767 1749 Romeorum
2790 1688 3135 1758 imperatori.
3150 1687 3457 1743 heredibus
3475 1696 3534 1742 et
3561 1702 3686 1742 suc-

414 1802 518 1857 per
585 1785 800 1854 augusti
856 1782 1206 1851 imperatoris
1261 1779 1473 1835 domini
1530 1775 1726 1831 lsaakii
1784 1774 1996 1847 Angeli,
2034 1760 2418 1844 Bcegsoribus
2464 1785 2610 1855 eius,
2657 1784 2873 1853 ipsique
2914 1779 3183 1836 Romanis
3238 1778 3685 1849 inperpetuum,

418 1876 562 1946 quod
596 1874 882 1942 imperium
915 1874 1034 1943 ejus
1070 1881 1326 1927 sanctum
1362 1880 1548 1926 nostra
1579 1882 1726 1928 terre
1762 1868 1912 1931 fecit,
1945 1874 2001 1922 et

419 1968 684 2022 oblivioni
725 1968 1004 2021 tradentes
1035 1964 1219 2019 omnia
1243 1980 1349 2034 que
1391 1964 1673 2034 petiimus,
1699 1970 1757 2016 ut
1791 1960 1998 2015 dictum

412 2071 525 2122 est,
550 2076 658 2127 que
685 2066 742 2115 et
765 2059 1023 2127 superius
1056 2057 1283 2112 recitata
1309 2066 1459 2119 sunt,
1491 2056 1751 2125 quoniam
1778 2052 2001 2123 quidem

416 2163 477 2209 et
507 2152 799 2222 imperium
827 2152 946 2221 ejus
978 2159 1228 2206 sanctum
1255 2148 1562 2204 abolicione
1594 2146 1695 2219 [in]
1730 2147 2002 2216 dampno-

408 2262 549 2303 trum
605 2260 781 2315 usque
832 2257 982 2299 nunc
1033 2241 1354 2297 hominibus
1396 2240 1663 2296 Romanie
1724 2240 2003 2295 illatorum

409 2336 586 2394 nobis
623 2334 805 2390 facere
832 2333 1115 2404 dignatum
1143 2341 1271 2400 est;
1311 2346 1442 2387 ecce
1479 2347 1578 2403 per
1612 2346 1842 2402 presens
1864 2330 2004 2386 scri-

423 2441 579 2497 ptum
630 2436 928 2482 nostrum.
971 2425 1178 2480 debcns
1249 2436 1305 2479 et
1347 2423 1623 2493 corporali
1663 2430 2006 2477 sacramento

416 2528 614 2589 uestro
644 2532 710 2572 ac
753 2517 1253 2586 subscriptionibus
1299 2530 1494 2571 manus
1532 2524 1743 2579 nostrc,
1779 2512 2007 2583 sigillis-

414 2624 532 2679 quc
553 2607 912 2665 ecclesiarum
967 2609 1018 2661 in
1071 2623 1268 2676 magna
1303 2607 1434 2661 urbe
1464 2605 1824 2662 existentium
1855 2603 2009 2665 Pisa-

414 2716 646 2762 norum,
701 2699 901 2757 summi
967 2698 1204 2769 apostoli
1259 2698 1405 2754 Petri
1455 2706 1512 2753 et
1557 2696 1732 2752 sancti
1774 2695 2006 2761 Nicolai,

416 2787 807 2849 corroborari,
859 2787 1284 2845 conventionem
1338 2786 1572 2845 facimus
1604 2786 1673 2841 ad
1714 2786 2006 2856 imperium

427 2882 550 2950 ejus
609 2891 884 2945 sanctum,
929 2877 1163 2945 heredes
1206 2886 1261 2933 et
1291 2891 1642 2951 successores
1674 2875 1813 2944 ejus,
1848 2883 1904 2929 et
1940 2873 2007 2929 ad

418 2971 602 3053 ipsam
634 2972 957 3027 Romaniam
995 2989 1008 3025 :
1046 2971 1190 3039 quod
1223 2971 1542 3026 observabit
1568 2968 1765 3026 civitas
1786 2977 1844 3024 et
1864 2978 2009 3022 terra

2101 1881 2222 1937 sine
2261 1878 2453 1934 fraude
2481 1888 2539 1934 et
2586 1876 2732 1933 malo
2754 1875 3001 1944 ingenio.
3031 1874 3098 1929 Et
3136 1872 3282 1928 sicut
3310 1871 3417 1927 hec
3442 1872 3689 1941 jurainus

2092 1969 2170 2024 de
2202 1970 2347 2023 bona
2372 1968 2501 2032 ﬁde,
2529 1968 2649 2023 sine
2675 1965 2866 2023 fraude
2892 1975 2949 2020 et
2972 1964 3117 2020 malo
3144 1962 3390 2033 ingenio,
3432 1963 3518 2018 sic
3548 1963 3689 2017 Deus

2092 2077 2204 2121 .nos
2220 2061 2441 2132 adjuvet
2463 2069 2519 2115 et
2549 2061 2724 2128 ipsam
2758 2066 3081 2128 potestatem
3105 2064 3163 2111 et
3188 2056 3369 2123 ipsum
3398 2056 3688 2110 commune

2090 2153 2345 2210 civitatis
2390 2154 2585 2210 Pisane
2617 2161 2677 2206 et
2716 2152 2772 2206 in
2807 2149 3052 2220 presenti
3089 2149 3278 2204 seculo
3304 2157 3364 2203 et
3396 2146 3607 2204 futuro.
3646 2166 3668 2200 ι

2178 2245 2465 2301 Manifesta
2496 2259 2627 2300 vero
2656 2240 2991 2313 cbrysobula
3016 2237 3184 2296 verba
3230 2238 3464 2301 habent,
3496 2246 3691 2292 secun-

2094 2340 2236 2397 dum
2261 2337 2409 2411 quod
2437 2336 2840 2393 notiﬁeabitur.
3332 2392 3336 2397 ,

2094 2469 2113 2473 -‹
2176 2429 2536 2503 Imperatoris
2562 2427 2787 2499 quidem
2820 2425 3080 2483 videlicet
3102 2424 3315 2480 domini
3340 2423 3544 2488 Alexii,
3566 2422 3689 2478 sic:

2186 2541 2203 2573 ‹
2238 2521 2511 2589 Quoniam
2553 2519 2841 2576 multoties
2876 2517 3109 2573 nuncios
3136 2516 3205 2572 ad
3245 2516 3555 2587 imperium
3588 2531 3689 2570 no-

2106 2621 2287 2669 strum
2338 2612 2611 2669 miserunt
2658 2610 3008 2666 habitatores
3066 2619 3217 2665 terre
3273 2618 3468 2669 nostro
3522 2617 3687 2677 atque

2111 2704 2307 2761 Pisone
2355 2704 2599 2763 civitatis
2651 2717 2778 2759 cum
2834 2701 3041 2757 litteris
3090 2702 3233 2764 suis,
3284 2710 3344 2755 et
3394 2702 3689 2771 imperi-tn

2100 2806 2367 2853 nostrum
2444 2797 2642 2852 iterum
2703 2798 2786 2851 eis
2861 2794 3147 2850 niultoties
3225 2794 3443 2849 litteras
3527 2794 3689 2859 misit,

2096 2889 2340 2944 minime
2380 2898 2562 2944 autem
2595 2888 2821 2943 advenit
2862 2896 3086 2955 tempus
3108 2900 3226 2955 .quo
3261 2887 3421 2939 ﬁeret
3453 2900 3694 2941 conven-

2092 2979 2283 3035 rtionis
2337 2980 2607 3049 scriptum
2662 2977 2986 3049 preﬁnitum
3041 2988 3237 3031 eorum
3298 2990 3436 3044 pure
3484 2974 3610 3029 ﬁdei
3639 2981 3694 3029 et

427 3064 628 3127 Pisam
672 3074 728 3119 et
766 3065 882 3133 ipsa
920 3074 1191 3137 potestas,
1219 3074 1275 3119 et
1303 3064 1395 3135 qui
1434 3079 1533 3135 per
1567 3073 1813 3133 tempora
1840 3070 2006 3119 erunt

2113 3072 2474 3144 subjectionis
2501 3071 2573 3127 ad
2602 3070 2895 3135 imperium
2929 3078 3204 3134 nostrum,
3232 3084 3415 3138 neque
3450 3069 3695 3123 elemen-

410 3164 720 3229 senatores
751 3165 840 3209 aut
875 3154 1178 3211 consiliarii
1207 3157 1322 3210 sive
1347 3150 1606 3213 consules
1646 3163 1742 3208 aut
1766 3159 2008 3222 potesta-

410 3258 516 3311 ,tcs
547 3257 603 3299 et
643 3246 915 3313 Capitanci
955 3254 1010 3298 et
1059 3253 1327 3302 rectores.
1372 3243 1665 3319 ipsumque
1711 3255 2008 3301 commune

411 3336 645 3413 ﬁisane.
669 3336 939 3415 civitatis,
987 3350 1053 3409 ea
1092 3349 1198 3404 que
1224 3347 1388 3405 supra
1438 3331 1741 3389 nominatis
1790 3346 2011 3401 semper

410 3426 806 3505 ‘pietiiorandis
852 3424 1308 3507 imperatoribus,
1354 3423 1582 3480 domino
1629 3422 1822 3479 Alexio
1846 3422 2012 3477 Com-

426 3534 579 3585 neno
611 3529 668 3573 et
702 3519 811 3572 lilio
841 3519 962 3589 ejus
998 3517 1470 3589 Porphyrogenito
1532 3514 1758 3571 domino
1812 3511 2011 3567 Joanni

414 3624 498 3675 ac
584 3618 780 3676 patruo
867 3608 1084 3677 imperii
1187 3610 1308 3679 ejus
1399 3608 1626 3663 domino
1723 3605 2011 3668 Manucli,

414 3709 593 3781 fpacta
626 3709 775 3754 sunt.
811 3698 880 3753 Et
915 3686 1019 3753 hec
1052 3700 1237 3787 omnia
1269 3700 1482 3770 jurabit
1526 3698 1646 3768 ipsa
1672 3705 1919 3767 potestas
1949 3704 2009 3751 et

416 3790 698 3871 Iineliores
744 3805 809 3845 ac
859 3791 1037 3860 ipsum
1078 3806 1372 3851 commune
1407 3791 1649 3847 civitatis
1692 3789 1907 3851 Pisane.
1958 3798 2017 3844 et

415 3881 755 3953 ,hujusmodi
813 3892 1221 3938 sacramentum
1278 3884 1562 3937 annuatim
1619 3891 2012 3949 renovabunt,

415 3975 746 4047 ,secundum
789 3974 935 4046 quod
961 3975 1276 4046 specialiter
1309 3975 1378 4030 de
1415 3974 1732 4046 hujusmodi
1774 3976 2016 4044 capitulo

416 4079 654 4147 ,pactum
687 4080 774 4125 est
815 4084 847 4123 a
894 4068 1120 4124 civntatc
1166 4074 1222 4122 ct
1269 4075 1417 4123 terra
1448 4079 1635 4122 nostra
1685 4066 1755 4121 ad
1800 4082 2018 4138 semper

436 4160 852 4237 memorandum
882 4160 1297 4232 imperatorem,
1319 4161 1607 4216 dominum
1633 4158 1960 4215 Manuelcm.
1990 4180 2010 4213 ι

504 4251 922 4313 Sacramentum
959 4269 1151 4310 verum
1202 4268 1394 4310 eorum
1438 4268 1604 4323 super
1650 4252 1756 4309 hec
1803 4254 2010 4309 factum

412 4347 603 4413 -hahet
631 4346 714 4403 sic
748 4363 761 4403 :

2112 3166 2188 3221 tie
2216 3172 2404 3235 nostro
2446 3161 2515 3219 ad
2552 3174 2655 3218 eos
2696 3159 2971 3230 scriptum
2999 3159 3403 3230 chrysobulum
3457 3175 3695 3214 conven-

2106 3256 2278 3315 tionis
2310 3253 2494 3311 adhuc
2543 3252 2753 3309 factum
2784 3259 2902 3312 est:
2950 3252 3256 3307 uerissime
3300 3260 3492 3306 autem
3546 3251 3692 3306 misit

2115 3342 2700 3421 imperiumnostrum
2750 3339 3113 3397 .fainiiiarem
3177 3356 3341 3396 suum
3416 3342 3686 3398 hominem

2113 3433 2503 3503 Curopalatam
2554 3432 2817 3493 Basiliam
2881 3433 3252 3491 Mesimerium
3307 3449 3437 3491 cum
3498 3435 3688 3491 litteris

2114 3526 2233 3583 suis
2288 3524 2476 3580 volens
2528 3539 2625 3580 eos
2670 3525 2952 3593 suscipere
2991 3539 3092 3579 ceu
3144 3540 3243 3594 per
3286 3526 3477 3581 munia
3512 3526 3687 3582 ﬁdeles

2116 3618 2463 3674 celsitudinis
2486 3626 2672 3673 nostre
2691 3624 2750 3672 et
2777 3616 3282 3675 desideratissimos
3305 3616 3452 3673 ﬁlios
3478 3628 3687 3675 nostros

2118 3709 2399 3779 totiusque
2436 3718 2581 3763 terre
2618 3718 2846 3772 nostre;
2894 3707 2991 3763 illo
3029 3718 3213 3765 autem
3247 3709 3609 3778 perveniente
3636 3716 3684 3763 et

2115 3801 2326 3856 litteras
2353 3801 2569 3870 imperii
2596 3800 2774 3855 nostri
2804 3800 2889 3855 eis
2914 3800 3208 3877 aﬁ’erente,
3235 3816 3347 3869 que
3378 3817 3518 3858 vero
3538 3816 3680 3857 mas-

2118 3892 2244 3947 data
2278 3901 2437 3947 erant
2485 3891 2728 3953 dicente,
2794 3889 2900 3960 ipsi
2935 3906 3041 3961 que
3075 3891 3285 3960 scripta
3320 3900 3385 3951 et
3415 3907 3527 3961 que
3561 3892 3680 3962 ipsis

2120 3984 2377 4049 mandata
2416 3993 2544 4038 sunt
2588 3982 2980 4054 intelligentes
3008 3998 3183 4054 eaque
3229 3990 3679 4054 acceptantcs,et

2096 4078 2346 4135 ,omnino
2391 4077 2643 4131 volentes
2693 4074 2809 4131 ﬁeri
2861 4090 2961 4146 per
3002 4076 3194 4130 omnia
3261 4074 3456 4130 ﬁdeles
3482 4073 3679 4145 imperii

2119 4165 2295 4220 nostri
2333 4174 2499 4234 atque
2546 4173 2691 4221 terre
2730 4176 2938 4229 nostra,
2997 4182 3095 4236 per
3140 4167 3410 4233 scriptum
3462 4180 3683 4221 convel-

2122 4257 2325 4313 tionem
2357 4257 2629 4324 t‘ecerunt,
2663 4258 3038 4317 continentem
3074 4275 3267 4329 puram
3294 4274 3490 4315 eorum
3537 4258 3683 4315 ﬁdem

2119 4365 2282 4419 quam
2320 4350 2551 4419 imperio
2590 4359 2779 4405 nostro
2810 4365 2876 4409 ac
2904 4351 3171 4407 Romanis
3193 4352 3423 4414 debent,
3455 4367 3610 4422 quam
3626 4358 3687 4405 et

410 4490 427 4495 _
512 4455 532 4488 ι
568 4437 699 4501 Nos,
745 4437 905 4506 legati
937 4436 1180 4492 civitatis
1212 4445 1268 4490 et
1296 4444 1442 4492 terre
1476 4436 1695 4498 Pisane.
1724 4438 2093 4513 IiaineriusJ)
2119 4458 2217 4513 per
2237 4452 2641 4498 sacramentum
2661 4457 2851 4497 omnes
2872 4443 3207 4500 unanimiter
3234 4444 3690 4503 ctmﬁrmavcrunt

436 4526 662 4583 Gaetani
721 4536 776 4583 ct
834 4527 1004 4598 judex
1053 4527 1322 4598 Sigerius,
1380 4528 1537 4583 missi
1587 4529 1653 4583 ad
1686 4530 2014 4589 altissimum

414 4617 826 4687 ,imperatorcm
912 4616 1249 4673 Romcorum
1326 4624 1381 4672 et
1449 4633 1668 4688 semper
1722 4630 2016 4693 augustum

438 4704 723 4761 dominum
764 4706 1031 4783 lsaakium
1064 4708 1354 4776 Angeimn,
1387 4724 1417 4763 a
1443 4709 1697 4774 Tedicio,
1743 4719 2017 4781 potestate

410 4794 786 4867 .Pisanorum,
847 4797 1064 4853 comitis
1114 4798 1335 4868 Ugolini
1395 4799 1548 4863 ﬁlio,
1621 4816 1687 4855 ex
1737 4802 2016 4857 communi

432 4888 674 4957 consilio
703 4888 944 4943 civitatis
993 4890 1211 4951 Pisane.
1277 4900 1400 4959 post
1454 4890 1688 4944 multum
1727 4901 2017 4951 tractatum

414 4975 771 5049 1detsisteute‘s
832 4977 899 5033 ab
962 4978 1029 5032 iis
1080 4993 1187 5048 que
1239 4993 1306 5035 ex
1366 4977 1727 5053 impositionc,
1771 4983 2017 5055 predicte

410 5069 729 5145 {potestatis
755 5078 810 5124 et
843 5070 1151 5147 communis
1182 5072 1400 5147 consilii
1451 5071 1691 5129 civitatis
1732 5089 2020 5149 prolcom-

414 5160 1029 5239 1.munietquibusdam
1082 5162 1312 5231 privatis
1363 5165 1618 5233 personis
1671 5154 2015 5234 petebamus,

415 5268 549 5333 ,με
569 5263 624 5311 et
648 5252 701 5306 in
731 5254 943 5323 scripto
966 5251 1022 5319 in
1050 5269 1160 5327 quo
1185 5253 1620 5324 subscripsimus
1636 5257 2015 5329 continentur,

410 5358 496 5417 μοι
530 5346 989 5405 restaurationem
1037 5361 1141 5423 pro
1181 5346 1250 5400 iis
1277 5345 1481 5402 factam
1513 5348 1674 5405 nobis
1708 5350 2018 5419 placentem

355 5491 359 5495 .
408 5437 777 5509 ,recipientes
819 5436 1124 5493 secundum
1156 5438 1301 5506 quod
1352 5453 1455 5492 nos
1499 5438 1808 5508 iniunctum
1851 5440 2021 5497 hahe-

414 5529 637 5601 Jiamus
664 5543 697 5583 a
725 5536 997 5598 potestate
1018 5535 1075 5583 et
1100 5527 1379 5585 communi
1409 5530 1640 5585 consilio
1670 5529 1913 5586 civitatis
1949 5532 2018 5586 de

418 5619 645 5688 ,placito
669 5629 866 5676 nostro
909 5640 923 5674 :
958 5620 1211 5691 iuramus
1242 5634 1407 5690 super
1440 5636 1629 5676 sancta
1664 5623 1759 5678 Dei
1785 5639 2021 5694 cvange-

418 5708 553 5789 dia.‘
587 5726 754 5784 super
808 5711 1191 5793 honorabilctu
1256 5720 1311 5769 et
1370 5713 1701 5773 viviﬁcatam
1763 5731 2018 5785 erucem,

2119 4535 2262 4592 etad
2290 4545 2533 4595 nostram
2564 4533 2921 4591 serenitatem
2951 4549 3047 4603 per
3074 4550 3174 4589 vos
3200 4542 3262 4592 et
3278 4535 3550 4592 nuncium
3570 4534 3691 4605 ejus

2096 4626 2413 4689 -miserunt,
2452 4639 2560 4692 que
2585 4640 2780 4693 nempe
2812 4639 3081 4693 expresse
3102 4625 3183 4678 sic
3206 4625 3461 4685 enminet
3512 4642 3527 4679 :

2196 4734 2215 4766 ι
2250 4715 2313 4769 In
2344 4715 2571 4769 nomine
2626 4712 2839 4767 Domini
2874 4713 3049 4766 nostri
3074 4712 3202 4768 Jesu
3250 4711 3482 4778 Christi,
3512 4725 3693 4767 amen.

2095 4823 2143 4863 ,ε
2176 4803 2287 4859 Nos
2326 4818 2519 4861 omnes
2540 4802 2891 4857 habitatores
2918 4803 3158 4859 civitatis
3211 4812 3270 4858 et
3304 4793 3451 4860 te'rre
3500 4805 3697 4859 Pisone

2100 4912 2145 4973 Vt
2182 4895 2555 4964 promittimus
2580 4894 2701 4953 tibi.
2742 4894 3092 4951 sanctissimo
3120 4895 3441 4965 imperatori
3472 4896 3700 4951 domino

2124 5006 2143 5038 σ
2178 4987 2391 5051 Alexio,
2437 4995 2495 5045 et
2522 4987 2751 5043 domino
2781 4987 3021 5043 Johauni
3078 4987 3287 5044 dilecto
3328 4988 3442 5043 lilio
3498 4994 3588 5041 tuo
3628 4995 3704 5042 et

2126 5098 2144 5130 ι
2178 5077 2491 5146 imperatori
2524 5098 2529 5101 ·
2570 5077 3036 5149 Porphyrogenito
3058 5117 3075 5139 ,
3128 5080 3308 5147 quod
3388 5093 3486 5134 nos
3541 5086 3706 5132 totus

2126 5192 2144 5225 ι
2184 5171 2416 5229 Pisanus
2449 5170 2689 5240 populus
2722 5171 2791 5224 ab
2819 5170 2924 5231 ista
2958 5169 3090 5223 hora
3146 5178 3208 5225 et
3261 5171 3314 5225 in
3366 5180 3522 5231 antea
3570 5184 3703 5225 non

2125 5281 2144 5315 ε
2180 5264 2390 5319 erimus
2442 5261 2495 5316 in
2544 5262 2791 5323 consilio;
2819 5272 2914 5321 aut
2948 5264 3109 5319 facto.
3134 5281 3232 5333 per
3262 5265 3407 5333 quod
3432 5262 3709 5330 pedalis

2125 5371 2147 5406 ι
2182 5368 2279 5407 vos
2348 5352 2638 5421 imperium
2715 5363 2959 5409 vestrum
3026 5355 3107 5409 vel
3185 5355 3536 5413 immanium,
3602 5354 3706 5411 vel

2098 5459 2150 5499 ,ι
2186 5442 2394 5497 insulas
2429 5443 2597 5497 maris
2627 5442 2706 5497 vel
2751 5451 2949 5509 terras,
2999 5460 3136 5513 quas
3169 5444 3333 5505 modo
3358 5442 3548 5499 tenetis
3585 5443 3710 5497 sub

2125 5553 2147 5586 ι
2185 5543 2361 5589 vestra
2387 5543 2651 5604 potestate
2669 5546 2729 5591 et
2749 5551 2886 5605 quas
2914 5537 2983 5590 ab
3029 5537 3133 5591 hac
3162 5537 3298 5593 hora
3317 5538 3387 5590 ’in
3412 5543 3569 5591 antea
3600 5551 3714 5591 ac-

2130 5644 2149 5677 t
2187 5626 2419 5695 quiretis
2447 5643 2479 5681 a
2503 5627 2784 5691 Cliroatia,
2809 5628 3073 5693 Dalmatia
3114 5637 3195 5687 ct.
3220 5628 3485 5689 Duracbio
3512 5640 3719 5696 usque

2130 5734 2147 5768 ι
2190 5716 2243 5771 in
2282 5716 2665 5777 Alexandriam
2698 5726 2755 5775 et
2785 5718 2958 5789 ipsam
2986 5735 2999 5784 ;
3026 5735 3201 5791 neque
3233 5735 3355 5799 nos,
3377 5716 3624 5775 civitatis
3655 5732 3719 5779 et
