3942 6250
203 369 301 432 477

1256 367 1633 436 NOVELLA!
1669 368 2359 431 CONSTITUTIONES.

3338 340 3452 417 iis

207 506 228 537 ι
261 495 402 540 terre
425 483 622 539 Pisano
660 483 1025 548 habitatores,
1061 485 1408 554 paciscemur
1431 500 1559 540 cum
1594 483 1776 554 aliqua
1807 490 1850 544 Δ
1881 484 2220 540 habitatores
2249 485 2489 541 civitatis
2518 494 2575 540 et
2598 493 2746 541 terre
2778 479 2976 537 Pisane
3029 475 3321 533 observare
3357 472 3460 530 im-

211 597 230 628 ι
265 589 495 645 persona
521 575 604 630 vel
639 575 848 646 populo
871 575 1194 632 inimieaute
1227 576 1463 646 imperio
1481 586 1676 632 vestro
1710 575 1778 629 ad

213 688 232 720 ι
265 667 621 722 auferendum
645 683 674 723 a
699 668 858 724 vobis
877 676 1122 724 vestrum
1147 668 1440 737 imperium
1463 667 1546 722 vel
1576 668 1778 723 Roma-

200 779 231 812 4
261 759 430 821 niam,
456 759 540 813 vel
579 758 793 828 aliquas
826 760 1044 829 imperii
1078 760 1246 815 vestri
1281 768 1478 814 terras.
1511 758 1595 812 vel
1627 759 1782 814 insuv

201 865 232 904 .‹
267 845 380 911 las,
441 860 582 914 quas
631 861 782 902 nunc
831 847 936 901 sub
997 855 1272 917 potestate
1338 847 1554 917 imperii
1612 846 1779 903 vestri

203 954 234 1000 ,ι
271 937 486 1000 tenetis,
513 944 610 994 aut
653 953 791 1006 quas
834 939 1130 1008 acquirere
1169 939 1385 994 debetis
1407 940 1477 995 ab
1506 940 1611 994 hac
1643 940 1779 994 hora

217 1046 235 1080 ι
268 1029 320 1081 in
376 1038 536 1084 antea
585 1044 616 1083 a
668 1027 953 1093 Chroatia,
1002 1029 1268 1086 Dalmatia
1313 1039 1373 1084 et
1408 1030 1684 1085 Durachio
1726 1040 1781 1085 et

221 1137 238 1170 ί
273 1133 446 1186 usque
499 1118 556 1172 in
601 1119 987 1174 Alexandriam
1016 1130 1073 1174 et
1107 1119 1314 1189 ipsam;
1366 1130 1424 1175 et
1471 1121 1516 1176 si
1539 1136 1606 1175 ex
1635 1131 1780 1176 terre

217 1228 236 1262 ς
271 1209 673 1265 habitatoribus
703 1221 894 1266 nostre
932 1221 1002 1274 et,
1034 1210 1347 1268 hominibus
1370 1212 1575 1267 nostris
1611 1211 1778 1280 aliqui

217 1318 233 1350 σ
265 1300 522 1356 damnum
555 1301 788 1374 imperio
831 1294 1021 1358 vestro
1053 1303 1288 1359 fecerint
1325 1312 1384 1360 et
1427 1303 1484 1358 in
1515 1302 1780 1358 Bouiania

218 1413 234 1444 ι
264 1391 488 1456 fuerint,
527 1403 583 1448 et
608 1394 813 1462 quesiti
842 1395 911 1448 ab
968 1395 1204 1464 imperio
1232 1403 1419 1450 vestro
1449 1395 1678 1458 fuerint.
1712 1395 1781 1450 de

220 1504 236 1535 ι
264 1483 343 1540 eis
373 1485 750 1540 emendabunt
805 1486 1066 1541 damnum
1123 1487 1274 1558 iuste
1301 1497 1356 1542 et
1389 1487 1780 1551 concorditer;

219 1595 238 1627 ι
271 1578 395 1632 etsi
436 1578 492 1632 in
517 1578 785 1634 Romania
842 1595 950 1633 non
996 1579 1208 1636 fuerint
1255 1588 1314 1635 et
1372 1579 1526 1634 Pisas
1577 1580 1782 1633 reversi

201 1691 234 1730 ,ι
265 1668 487 1731 fuerint,
518 1679 573 1724 et
601 1678 788 1724 notum
833 1670 1044 1725 factum
1086 1671 1274 1737 fuerit,
1303 1672 1348 1726 si
1380 1670 1611 1726 heredes
1643 1670 1783 1726 Pisis

219 1779 236 1810 ι
268 1760 582 1826 habuerint,
608 1763 914 1817 secundum
943 1764 1092 1818 vires
1114 1764 1416 1819 substantie
1439 1763 1783 1819 emendatio-

218 1870 235 1900 ι
269 1867 388 1906 netu
415 1851 686 1909 faciemus
710 1855 858 1925 iuste
898 1857 980 1910 vel
1015 1856 1336 1920 concordia,
1370 1867 1604 1926 excepto
1633 1865 1783 1912 tanto

207 1975 237 1999 ,ι
269 1960 536 2016 quantum
568 1951 877 2006 remanebit
906 1968 971 2005 ex
1011 1966 1283 2006 consensu
1322 1960 1377 2006 et
1401 1951 1573 2006 verbo
1601 1952 1780 2006 nuntii

219 2057 238 2090 σ
270 2040 352 2096 vel
387 2039 716 2098 nuntiorum
750 2041 966 2112 imperii
999 2042 1192 2098 vestri.
1223 2041 1281 2096 Si
1317 2043 1569 2100 homines
1609 2041 1782 2098 nostri

217 2148 236 2181 ι
271 2130 324 2186 in
347 2138 495 2186 terra
529 2131 745 2202 imperii
779 2134 948 2188 vestri
997 2133 1231 2197 fuerint,
1276 2135 1362 2188 vel
1387 2133 1784 2191 Constantino.-

221 2240 237 2272 ι
269 2221 372 2291 poli
405 2223 488 2278 vel
521 2223 577 2278 in
608 2223 716 2278 alia
747 2234 893 2281 terra
947 2235 1045 2280 aut
1089 2225 1285 2282 insulis
1340 2226 1558 2296 imperii
1587 2228 1780 2290 vestri,

220 2332 240 2366 ι
273 2314 524 2371 volumus
571 2323 628 2371 et
684 2316 1076 2372 confirmamus
1139 2327 1222 2380 ut.
1275 2317 1324 2372 si
1371 2318 1583 2376 inimici
1617 2318 1782 2374 vestri

218 2427 238 2460 α
270 2408 671 2466 insurrexerint
700 2410 872 2480 gratia
905 2409 1260 2480 impugnandi
1295 2409 1350 2463 in
1395 2411 1650 2480 partibus
1679 2409 1785 2467 illis

215 2517 235 2549 ε
271 2499 324 2556 in
347 2499 556 2570 quibus
581 2499 758 2556 nostri
791 2509 939 2561 sunt.
983 2510 1040 2554 et
1069 2515 1294 2556 necesse
1328 2500 1498 2558 fuerit
1533 2511 1593 2556 ut
1622 2501 1782 2571 adiu-

217 2609 236 2644 σ
267 2605 390 2648 vent
419 2591 680 2646 homines
707 2599 945 2653 vestros,
981 2601 1158 2647 terras
1185 2603 1400 2647 vestras
1423 2592 1784 2649 defendemus

217 2701 234 2736 ι
267 2693 454 2740 contra
479 2700 676 2740 omnes
708 2684 964 2740 inimicos
983 2695 1220 2740 vestros.
1255 2687 1367 2740 Hec
1386 2687 1570 2739 omnia
1591 2702 1786 2754 supra-

218 2795 238 2827 ι
270 2779 465 2844 scripta
491 2777 917 2833 observabimus
945 2793 1067 2843 nos,
1102 2786 1250 2832 totus
1280 2779 1514 2833 Pisanus
1547 2778 1785 2847 populus

211 2886 236 2920 ,ι
267 2869 503 2925 civitatis
537 2877 595 2924 et
637 2878 783 2923 terre
813 2869 1030 2930 Pisone,
1076 2868 1199 2932 tibi,
1238 2869 1587 2924 sanctissimo
1613 2870 1787 2940 impe-

220 2979 237 3010 ι
273 2960 436 3016 ratori
469 2959 696 3016 domino
720 2960 932 3023 Alexio,
954 2971 1010 3015 et
1041 2959 1515 3021 desideratissimo
1545 2961 1660 3016 filio
1691 2971 1784 3018 tuo

211 3069 238 3106 ·‹
267 3051 584 3122 imperatori
612 3050 835 3106 domino
891 3052 1130 3108 Johanni
1178 3053 1673 3123 Porphyrogenito,
1705 3053 1783 3108 si-

206 3164 238 3196 -ι
269 3155 360 3202 cut
404 3144 676 3214 superius.
709 3145 974 3213 scriptum
1021 3153 1127 3209 est,
1180 3146 1500 3214 incorrupta
1557 3155 1615 3201 et
1656 3160 1781 3202 cum

207 3257 234 3287 -ι
266 3253 388 3292 vera
434 3238 566 3297 fide.
612 3237 734 3292 sine
778 3237 971 3314 fraude
1018 3247 1074 3292 et
1123 3239 1267 3294 malo
1319 3238 1563 3308 ingenio,
1627 3239 1785 3293 vobis

205 3347 236 3384 ,ι
267 3328 762 3384 corroborantibus
797 3345 925 3398 per
970 3329 1365 3398 chrysobulum
1416 3345 1504 3395 ea,
1563 3345 1674 3399 que
1728 3330 1783 3386 in

205 3439 237 3472 ,ι
271 3422 478 3491 scripto
508 3432 704 3480 nostro
741 3422 1120 3486 continentur,
1161 3432 1218 3477 et
1261 3421 1690 3479 observantibus
1721 3436 1784 3480 ea

207 3533 240 3568 4
269 3515 448 3572 nobis.

211 3639 234 3648 ~-
329 3605 444 3662 Hoc
506 3606 714 3662 factum
771 3615 856 3663 est
920 3621 1066 3664 anno
1113 3607 1514 3664 incarnationis
1561 3607 1784 3664 Domini

219 3715 240 3750 ι
271 3699 564 3756 millesimo
608 3700 911 3756 centesimo
973 3701 1286 3765 undecimo,
1329 3709 1529 3770 quarto
1569 3699 1786 3757 decimo

217 3809 236 3843 ι
269 3790 635 3849 Kalendarum
683 3792 835 3855 Maii,
885 3791 1208 3849 lndictionis
1249 3793 1410 3852 tertie
1461 3803 1518 3849 et
1549 3792 1785 3858 decime,

219 3900 238 3933 ε
269 3883 325 3938 in
371 3884 653 3953 presentia
713 3884 1115 3954 archiepiscopi
1171 3885 1564 3954 Amalphitaui,
1615 3884 1785 3940 Musei

207 3992 235 4025 Α
266 3975 466 4045 iudicis
493 3977 869 4044 Amalphitani
895 3986 952 4031 et
971 3976 1258 4032 consulum
1298 3977 1645 4034 Pisanorutu.
1685 3995 1704 4027 ι

207 4095 216 4130 ;
284 4067 430 4122 illis
479 4067 670 4136 itaque
728 4083 826 4136 per
864 4067 1130 4137 scriptum
1151 4075 1208 4123 et
1253 4075 1660 4124 sacramentum
1716 4065 1786 4124 ab

207 4158 314 4222 iiiis
337 4159 681 4216 continuatis
711 4161 766 4214 in
826 4161 1120 4230 praesentia
1151 4161 1389 4220 boniinis
1439 4159 1654 4229 imperii
1685 4175 1807 4214 no-.

206 4252 308 4306 διτὶ
333 4252 659 4315 llesimerii,
701 4253 962 4322 quoniam
993 4261 1052 4308 et
1074 4268 1173 4307 vos
1200 4252 1352 4308 missi
1384 4253 1453 4306 ab
1490 4253 1599 4308 illis
1629 4254 1786 4316 estis,

215 4342 466 4399 videlicet
537 4342 715 4398 Guido
765 4344 1002 4398 clericus
1051 4352 1110 4398 et
1166 4342 1434 4398 Bonlilius
1489 4343 1788 4413 presbiter,

206 4433 470 4491 Girardus
512 4435 1236 4496 vicccomes,l-ldebrandus
1295 4434 1468 4490 frater
1518 4435 1786 4497 Rainerii,

1881 581 2038 650 peric
2060 587 2250 634 nostro
2276 589 2333 634 et
2375 579 2668 643 Romanie,
2727 572 3020 632 constituit
3068 582 3127 626 et
3166 564 3463 636 imperium

1880 685 2133 732 nostrum
2166 690 2266 744 per
2291 687 2517 744 presens
2548 670 2944 742 chrysohulum
3001 663 3233 720 verbum
3275 659 3395 715 dari
3429 673 3463 713 a

1881 777 2067 823 nostra
2102 765 2424 826 serenitate,
2473 779 2586 818 non
2633 763 2812 817 solum
2840 763 2894 817 in
2930 759 3039 813 vita
3092 770 3214 817 sua,
3251 751 3347 807 sed
3407 757 3464 803 et

1881 869 2007 931 post
2063 859 2277 914 obitum
2346 871 2510 911 suum
2544 871 2573 908 a
2613 851 3084 910 desideratissimo
3105 847 3218 902 filio
3272 851 3464 899 nostro

1885 930 2220 1021 imperatore
2243 948 2472 1002 domino
2518 945 2770 1000 Johanne
2824 936 3322 1010 Porphyrogcnito,
3372 930 3462 986 Pi-

1879 1059 2015 1099 sane
2038 1041 2270 1098 ecclesie
2297 1057 2405 1111 que
2431 1039 2534 1094 sub
2565 1037 2791 1093 nomine
2821 1045 3011 1090 sancte
3041 1033 3138 1087 Dei
3159 1029 3460 1085 Genitricis

1883 1148 1988 1203 est,
2018 1152 2117 1208 per
2134 1147 2587 1202 unumquemque
2607 1143 2810 1184 annum
2837 1129 3163 1183 nomismata
3189 1139 3456 1198 yporpera

1879 1231 1988 1286 Δ400
2037 1237 2093 1282 et
2118 1227 2282 1299 pallia
2313 1227 2462 1290 duo;
2513 1223 2742 1277 domino
2791 1221 2992 1275 dilecto
3046 1219 3462 1287 archiepiscopo

1883 1323 2131 1377 Pisarum
2181 1319 2503 1371 nomismata
2543 1313 2742 1366 similia
2797 1310 2867 1364 60
2922 1319 2976 1363 et
3003 1309 3228 1380 pallium
3257 1323 3459 1369 unum;

1883 1413 2178 1468 Lamberto
2222 1408 2418 1479 iudici,
2461 1406 2712 1462 Carletto
2744 1412 2801 1458 et
2854 1401 3094 1458 Antonio
3141 1399 3464 1452 nomismata

1883 1503 2085 1558 similia
2117 1500 2242 1562 100,
2279 1513 2336 1554 et
2382 1506 2507 1566 post
2547 1496 2760 1550 obitum
2810 1494 3010 1547 borum
3053 1490 3338 1545 dabuntur
3371 1504 3465 1541 cc-

1885 1594 2074 1650 clesie.
2105 1590 2504 1647 Commertium
2555 1587 2624 1641 de
2677 1600 2813 1640 auro
2848 1595 2906 1638 et
2944 1590 3173 1652 argento
3197 1577 3342 1649 quod
3385 1578 3464 1629 nf-

1885 1684 2097 1741 feretut‘
2120 1699 2150 1738 a
2187 1681 2366 1745 vobis,
2392 1695 2502 1734 non
2529 1677 2730 1733 dabitis
2752 1677 2865 1730 ullo
2884 1675 3067 1729 modo.
3091 1673 3168 1726 De
3193 1669 3464 1725 mercibus

1887 1791 2026 1847 quas
2057 1775 2303 1830 allerctis
2346 1772 2416 1826 de
2463 1779 2608 1825 terra
2655 1776 2838 1822 vestra
2880 1767 3035 1820 etde
3069 1761 3266 1817 alienis
3303 1759 3467 1814 terris

1887 1885 1997 1923 non
2028 1864 2447 1937 subiacentibus
2487 1859 2741 1916 servituti
2785 1857 3004 1927 imperii
3034 1855 3228 1918 nostri,
3261 1853 3465 1907 dabitis

1885 1961 2058 2030 gratia
2088 1957 2402 2013 commertii
2428 1954 2495 2009 de
2526 1951 2972 2022 vigintiquinque
3005 1963 3176 2002 unum
3222 1955 3277 1999 et
3324 1945 3463 1999 nihil

1885 2052 2140 2121 amplius.
2171 2049 2330 2104 Scala
2368 2046 2589 2104 dabitur
2622 2046 2779 2101 vobis
2811 2044 2863 2096 in
2897 2057 3005 2112 qua
3031 2041 3267 2095 debeant
3297 2053 3468 2092 naves

1886 2156 2067 2199 vestre
2106 2143 2381 2211 applicare
2407 2149 2470 2196 et
2513 2154 2681 2195 onera
2710 2152 2900 2191 earum
2933 2133 3168 2204 deponi;
3217 2140 3270 2186 et
3313 2131 3467 2184 locus

1885 2234 2202 2304 negotiandi
2246 2246 2406 2300 aptus
2449 2239 2508 2288 et
2543 2228 2886 2286 conveniens
2929 2233 3056 2281 ‘cum
3113 2222 3462 2283 habitaculis,

1887 2333 1948 2379 ut
1975 2321 2256 2393 reponatis
2283 2335 2499 2376 merces
2524 2328 2742 2376 vestras
2771 2329 2829 2373 et
2879 2313 3157 2369 habitetis.
3200 2312 3467 2367 Similiter

1882 2417 2024 2474 etin
2054 2431 2251 2486 magna
2297 2413 2644 2470 sanctissima
2691 2412 2784 2466 Dei
2825 2409 3081 2474 ecclesia,
3135 2417 3323 2462 sancta
3362 2406 3468 2461 So-

1895 2511 2052 2580 phia,
2083 2509 2306 2563 dabitur
2335 2507 2496 2562 vobis
2527 2507 2680 2560 locus
2707 2504 2889 2560 standi
2933 2519 2962 2556 a
2986 2499 3335 2557 sanctissimo
3368 2515 3468 2568 pa-

1889 2601 2129 2658 triarca:
2161 2600 2295 2655 etin
2323 2597 2503 2670 yppod
2521 2597 2694 2650 romio
2741 2595 2966 2650 dabitur
2999 2592 3158 2647 vobis
3188 2592 3345 2645 locus
3372 2589 3467 2643 ubi

1886 2692 2136 2747 debeatis
2183 2691 2380 2746 sedere
2425 2689 2482 2742 in
2522 2689 2611 2743 die
2650 2685 3022 2758 yppodromii.
3074 2684 3131 2738 Si
3165 2680 3466 2752 depretiata

1887 2787 2054 2843 fuerit
2081 2786 2240 2840 navis
2266 2793 2448 2839 vestra
2480 2783 2536 2836 in
2571 2793 2715 2836 terra
2753 2779 2967 2849 imperii
3019 2778 3216 2839 nostri,
3247 2785 3304 2829 et
3339 2790 3466 2845 per-

1884 2880 2004 2935 dite
2032 2878 2241 2933 fuerint
2268 2892 2357 2932 res
2381 2888 2588 2939 vestre,
2619 2874 2799 2929 ablate
2823 2873 2892 2926 ab
2922 2870 3202 2940 aliquibus
3239 2868 3332 2938 qui
3359 2865 3464 2921 sub

1889 2972 2136 3042 potentia
2163 2968 2381 3040 imperii
2414 2968 2589 3022 nostri
2615 2974 2768 3030 sunt,
2793 2963 2954 3017 faciet
2986 2961 3141 3017 vobis
3170 2958 3466 3014 clementia

1887 3062 2104 3135 imperii
2133 3064 2308 3118 nostri
2337 3060 2617 3133 iusticiam
2663 3069 2720 3113 et
2768 3055 3212 3112 eluendationem
3262 3065 3467 3106 conveo

1888 3157 2060 3212 nienti
2103 3167 2371 3226 tempore,
2400 3163 2684 3224 postquam
2737 3151 3024 3221 probatum
3077 3147 3271 3201 fuerit.
3303 3145 3467 3200 Navis

1889 3260 2075 3307 vestra
2133 3250 2178 3304 si
2229 3248 2400 3303 fracta
2459 3245 2627 3300 fuerit
2687 3243 2826 3298 infra
2888 3239 3188 3309 potentiam
3247 3235 3466 3302 imperii

1887 3345 2085 3404 nostri.
2118 3358 2208 3397 res
2243 3349 2455 3396 vestras
2481 3353 2617 3408 quas
2649 3349 2746 3390 vos
2772 3333 3018 3389 liberatis
3073 3340 3128 3384 et
3174 3328 3468 3384 extrahitis

1882 3437 2070 3491 salvas
2117 3434 2397 3490 habebitis
2427 3435 2548 3488 sine
2596 3431 2788 3494 dubio,
2837 3437 2894 3483 et
2943 3428 3064 3482 illas
3098 3434 3280 3478 autem
3328 3437 3469 3491 quas

1887 3525 2082 3581 Romei
2135 3526 2432 3580 extrahant
2465 3523 2792 3594 adiuvantes
2834 3519 3133 3581 habebitis,
3163 3516 3358 3571 dantes
3382 3515 3468 3568 eis

1889 3620 2199 3674 mercedem
2272 3615 2579 3672 secundum
2641 3614 2744 3669 loci
2813 3611 3297 3672 consuetudinem,
3355 3606 3465 3661 nisi

1890 3713 2031 3767 forte
2067 3712 2216 3765 inter
2241 3725 2341 3764 vos
2370 3718 2426 3763 et
2454 3721 2551 3763 eos
2592 3706 2800 3775 aliquid
2829 3705 2979 3760 aliud
3015 3711 3213 3772 sponte
3245 3709 3466 3770 pactum

1891 3803 2080 3858 fuerit.
2111 3801 2324 3856 Merces
2367 3810 2580 3854 vestras
2610 3811 2750 3866 quas
2781 3794 3028 3850 afferetis
3053 3792 3122 3848 de
3156 3800 3299 3845 terra
3338 3804 3468 3844 ves--

1889 3903 2000 3956 trs,
2034 3893 2118 3948 vel
2144 3892 2213 3948 de
2239 3891 2433 3946 alienis
2457 3891 2620 3946 terris
2654 3904 2764 3944 non
2797 3886 3212 3957 subiacentibus
3235 3882 3468 3952 imperio

1889 3991 2106 4048 nostro,
2139 3992 2432 4053 postquam
2470 3982 2538 4035 ad
2571 3981 2864 4051 imperium
2895 3988 3144 4033 nostrum
3180 3990 3278 4030 vos
3303 3989 3471 4028 vene-

1891 4077 2038 4142 ritis,
2103 4077 2220 4131 sive
2272 4074 2811 4145 Constantinopolim
2861 4073 2977 4126 sive
3013 4072 3067 4125 in
3096 4068 3330 4124 insulam
3365 4067 3464 4120 im-

1894 4171 2031 4240 perii
2091 4170 2287 4231 nostri,
2346 4167 2620 4222 habebitis
2672 4165 2953 4220 licentiam
3008 4159 3358 4219 extrahendi,
3411 4164 3470 4232 et

1891 4260 2170 4315 vendendi
2217 4261 2270 4313 in
2323 4259 2446 4312 loco
2479 4258 2532 4311 in
2566 4272 2678 4325 quo
2725 4250 3120 4324 applicueritis,
3161 4262 3216 4306 et
3253 4261 3360 4304 tam
3390 4249 3467 4302 ibi

1892 4367 2057 4421 quam
2090 4351 2218 4405 alibi
2250 4349 2390 4404 infra
2415 4349 2810 4402 continentiam
2847 4345 3092 4415 potentis
3124 4351 3311 4397 nostre
3343 4343 3468 4412 qui-

1897 4442 2239 4509 buscumque
2289 4438 2596 4500 volueritis,
2642 4437 2796 4491 nullo
2845 4437 2954 4490 alio
2985 4443 3142 4504 pacto
3174 4434 3260 4487 vel
3303 4433 3468 4486 modo

205 4525 443 4582 Alfcrius
490 4527 708 4592 consul,
763 4529 962 4582 Petrus
1007 4528 1198 4597 iudex,
1230 4526 1411 4582 Guido
1474 4525 1622 4581 illius
1652 4525 1784 4584 Boni
1824 4547 1863 4601 ι)
1894 4539 2084 4588 contra
2103 4531 2442 4586 voluntatem
2463 4537 2700 4584 vestram
2725 4526 3132 4596 precipientcin
3151 4524 3468 4578 venditione

212 4617 407 4687 Pipiui,
439 4619 792 4674 0dimundus
817 4619 1144 4688 Curopalata
1175 4618 1320 4672 filius
1354 4617 1522 4682 Oddi,
1555 4627 1609 4672 et
1642 4618 1790 4673 litte-

209 4725 296 4766 ras
316 4711 552 4781 imperio
591 4719 784 4767 nostro
815 4710 1080 4767 attulistis
1138 4726 1276 4780 quas
1313 4709 1392 4770 illi
1443 4724 1638 4764 omnes
1690 4725 1789 4779 per

215 4818 304 4860 vos
364 4804 432 4860 ad
497 4804 792 4873 imperium
845 4804 1140 4868 miserunt,
1201 4812 1258 4857 et
1285 4801 1676 4858 continebatur
1733 4803 1787 4857 in

211 4895 410 4952 litteris
439 4911 638 4952 eorum
671 4895 800 4960 hoc,
861 4905 922 4950 ut
973 4910 1038 4950 ea
1067 4909 1176 4963 que
1211 4893 1446 4950 deerant
1494 4908 1592 4949 vos
1617 4892 1789 4950 adim-

206 4992 466 5061 pleretis;
505 4991 612 5049 hoc
631 5007 729 5062 per
752 4991 1019 5061 scriptum
1033 5001 1092 5046 et
1119 4999 1530 5047 sacramentum
1559 4998 1788 5046 vestras-

209 5098 315 5151 que
339 5083 784 5152 subscriptiones
823 5081 1214 5145 eonfirmastis,
1260 5080 1410 5150 quod
1457 5078 1644 5135 omnia
1677 5093 1787 5147 que

208 5177 274 5230 ab
303 5176 414 5232 illis
443 5185 602 5243 pacta
635 5183 768 5230 sunt
800 5173 872 5229 ad
904 5173 1199 5243 imperium
1235 5180 1583 5228 nostrumet
1638 5171 1788 5226 desi-

207 5269 616 5324 deratissimam
634 5266 806 5324 ﬁlium
836 5268 957 5339 eius
975 5268 1362 5338 imperatorem
1384 5274 1440 5322 et
1458 5263 1785 5320 Romaniam

209 5373 302 5429 per
332 5370 770 5427 sacramentum,
801 5360 1044 5416 universi
1074 5359 1418 5414 habitatores
1451 5357 1696 5412 civitatis
1726 5365 1784 5410 et

208 5459 350 5507 terre
372 5451 576 5508 Pisane
603 5453 1006 5515 confirmarint,
1039 5461 1097 5507 et
1131 5451 1512 5507 observabunt
1547 5449 1703 5502 firma
1730 5457 1786 5504 ct

204 5541 494 5609 inviolata,
558 5545 700 5600 sicut
745 5545 852 5598 hoc
896 5543 1158 5613 intelligit
1191 5543 1482 5618 imperium
1529 5552 1784 5596 nostrqu

209 5636 278 5690 ml
305 5639 613 5707 proficuum
638 5646 695 5694 et
725 5637 992 5693 honorem
1030 5651 1188 5692 suum
1220 5643 1277 5690 ct
1327 5634 1782 5692 desideratissimi

217 5725 308 5782 ﬁlii
336 5729 419 5784 sui
453 5739 512 5783 et
539 5738 680 5785 terre
723 5730 966 5800 potentis
991 5737 1201 5793 nostre,
1227 5742 1444 5798 magne,
1489 5725 1668 5782 medie
1727 5734 1785 5780 et

219 5825 415 5882 ultime.
452 5827 539 5882 0h
574 5826 731 5883 fidem
765 5825 931 5898 igitur
972 5839 1134 5896 quam
1171 5821 1524 5894 disposulstis
1575 5833 1769 5878 omnes

1891 4635 1948 4682 et
1977 4622 2431 4684 commutatione,
2455 4620 2704 4689 exceptis
2730 4619 2973 4674 inimicis
3006 4616 3222 4685 imperii
3248 4613 3465 4677 nostri;

1891 4729 1948 4773 et
2002 4717 2206 4779 dabitis
2263 4726 2322 4772 et
2381 4716 2434 4770 in
2490 4715 2577 4776 bis
2609 4716 2992 4776 commertium
3037 4713 3183 4768 sicut
3217 4709 3470 4777 superius

1892 4810 2099 4864 dictum
2135 4816 2238 4862 est.
2272 4808 2421 4862 Alias
2467 4816 2648 4861 autem
2687 4819 2898 4860 merces
2934 4820 3041 4873 que
3071 4803 3140 4856 de
3197 4801 3468 4872 Romania

1889 4909 2039 4963 Sunt,
2077 4899 2318 4962 venditis
2347 4899 2491 4954 sicut
2531 4898 2742 4960 Romei,
2769 4907 2825 4950 et
2850 4893 3054 4956 dabitis
3078 4895 3220 4950 sicut
3245 4892 3464 4948 ltonIei.

1891 4989 2097 5046 Littere
2129 4989 2345 5059 imperii
2384 4987 2557 5041 nostri
2598 4987 2888 5040 mittentur
2932 4983 2999 5038 ad
3049 4993 3223 5038 terras
3260 4982 3380 5053 cius
3410 4980 3468 5036 in

1889 5083 2094 5153 quibus
2133 5063 2503 5152 applicabitis,
2543 5090 2601 5134 ut
2635 5079 2806 5132 duces
2838 5079 2892 5131 in
2923 5076 3004 5131 eis
3036 5077 3342 5129 existentes
3370 5087 3467 5124 co-

1889 5187 2156 5248 gnoscant
2195 5173 2358 5228 fidem
2405 5187 2598 5243 puram
2652 5181 2710 5225 et
2760 5169 3084 5224 servitutem
3129 5174 3370 5220 vestram
3409 5171 3467 5217 et

1888 5281 1998 5335 que
2018 5264 2089 5320 ab
2119 5263 2354 5334 imperio
2386 5270 2576 5316 nostro
2609 5261 2764 5314 vobis
2788 5258 3087 5313 constituta
3119 5265 3248 5309 sunt
3269 5261 3326 5306 et
3357 5266 3466 5321 que

1888 5360 2128 5431 imperio
2167 5365 2368 5412 nostro
2416 5369 2448 5410 a
2498 5354 2678 5417 vobis,
2721 5361 2998 5422 quatenus
3033 5361 3144 5402 non
3187 5354 3468 5412 transgre~

1887 5454 2111 5509 diantur
2157 5464 2270 5520 que
2307 5448 2376 5502 ab
2414 5446 2650 5517 imperio
2697 5452 2890 5498 nostro
2925 5449 3086 5510 pacta
3127 5445 3259 5491 sunt
3289 5434 3463 5489 duces

1887 5552 1945 5600 et
1969 5541 2168 5612 reliqui
2197 5539 2291 5611 qui
2317 5538 2425 5594 sub
2455 5542 2728 5607 potestate
2759 5529 2976 5602 imperii
3007 5527 3180 5583 nostri
3219 5535 3369 5580 sunt.
3398 5525 3466 5580 Et

1887 5631 1932 5689 si
1960 5632 2226 5690 acciderit
2245 5627 2454 5700 aliquid
2491 5627 2756 5696 iniustum
2800 5622 2941 5684 fieri,
2973 5618 3350 5673 vimllcabitur
3393 5616 3472 5671 ab

1889 5726 1974 5792 iis,
2001 5725 2200 5793 lietque
2222 5719 2533 5776 emendatio
2555 5718 2726 5786 iusta.
2754 5713 2823 5770 Ut
2842 5723 2893 5768 et
2924 5710 2993 5765 ab
3013 5707 3247 5779 imperio
3275 5715 3474 5764 nostro

1889 5816 1942 5872 in
1976 5815 2234 5872 omnibus
2263 5810 2427 5869 terris
2452 5809 2698 5880 potentie
2727 5812 2996 5880 nostreet
3027 5799 3225 5857 insulis
3253 5799 3305 5854 in
3338 5797 3464 5869 qui-
