  <div class='ocr_page' id='page_1' title='image "/cluster/home/n/w/nwhite01/storage/ocr_20150623/135/mdp.39015029921197/247.png"; bbox 0 0 3912 6244; ppageno 0'>
   <div class='ocr_carea' id='block_1_1' title="bbox 429 310 537 374">
    <p class='ocr_par' dir='ltr' id='par_1_1' title="bbox 429 310 537 374">
     <span class='ocr_line' id='line_1_1' title="bbox 429 310 537 374; baseline 0.019 -2"><span class='ocrx_word' id='word_1_1' title='bbox 429 310 537 374; x_wconf 75' lang='grc' dir='ltr'><strong>4ῖ9</strong></span> 
     </span>
    </p>
   </div>
   <div class='ocr_carea' id='block_1_2' title="bbox 1631 309 2410 372">
    <p class='ocr_par' dir='ltr' id='par_1_2' title="bbox 1631 309 2410 372">
     <span class='ocr_line' id='line_1_2' title="bbox 1631 309 2410 372; baseline -0.001 0"><span class='ocrx_word' id='word_1_2' title='bbox 1631 310 1885 372; x_wconf 83' lang='lat' dir='ltr'><strong>ISAACI</strong></span> <span class='ocrx_word' id='word_1_3' title='bbox 1922 309 2213 371; x_wconf 79' lang='lat' dir='ltr'><strong>ANGELI</strong></span> <span class='ocrx_word' id='word_1_4' title='bbox 2242 309 2410 372; x_wconf 79' lang='lat' dir='ltr'><strong>IMP.</strong></span> 
     </span>
    </p>
   </div>
   <div class='ocr_carea' id='block_1_3' title="bbox 3585 293 3688 358">
    <p class='ocr_par' dir='ltr' id='par_1_3' title="bbox 3585 293 3688 358">
     <span class='ocr_line' id='line_1_3' title="bbox 3585 293 3688 358; baseline 0 0"><span class='ocrx_word' id='word_1_5' title='bbox 3585 293 3688 358; x_wconf 64' lang='lat'><strong>180</strong></span> 
     </span>
    </p>
   </div>
   <div class='ocr_carea' id='block_1_4' title="bbox 432 408 3688 494">
    <p class='ocr_par' dir='ltr' id='par_1_4' title="bbox 432 408 3688 494">
     <span class='ocr_line' id='line_1_4' title="bbox 432 408 3688 494; baseline -0.005 -14"><span class='ocrx_word' id='word_1_6' title='bbox 432 428 535 481; x_wconf 83' lang='lat' dir='ltr'><strong>bus</strong></span> <span class='ocrx_word' id='word_1_7' title='bbox 561 424 867 494; x_wconf 72' lang='lat' dir='ltr'><strong>applicatis,</strong></span> <span class='ocrx_word' id='word_1_8' title='bbox 901 426 1064 480; x_wconf 90' lang='lat' dir='ltr'><strong>iidem</strong></span> <span class='ocrx_word' id='word_1_9' title='bbox 1098 425 1386 480; x_wconf 73' lang='lat' dir='ltr'><strong>vobialoci</strong></span> <span class='ocrx_word' id='word_1_10' title='bbox 1414 433 1702 477; x_wconf 74' lang='lat' dir='ltr'><strong>serventur</strong></span> <span class='ocrx_word' id='word_1_11' title='bbox 1729 432 1784 477; x_wconf 84' lang='lat' dir='ltr'><strong>et</strong></span> <span class='ocrx_word' id='word_1_12' title='bbox 1809 422 2002 477; x_wconf 89' lang='lat' dir='ltr'><strong>eadem</strong></span> <span class='ocrx_word' id='word_1_13' title='bbox 2034 428 2080 481; x_wconf 72' lang='grc' dir='ltr'><strong>Δ</strong></span> <span class='ocrx_word' id='word_1_14' title='bbox 2110 422 2164 476; x_wconf 90' lang='lat' dir='ltr'><strong>in</strong></span> <span class='ocrx_word' id='word_1_15' title='bbox 2216 425 2456 492; x_wconf 84' lang='lat' dir='ltr'><strong>practice</strong></span> <span class='ocrx_word' id='word_1_16' title='bbox 2489 423 2624 493; x_wconf 83' lang='lat' dir='ltr'><strong>ipsis</strong></span> <span class='ocrx_word' id='word_1_17' title='bbox 2689 423 2831 479; x_wconf 88' lang='lat' dir='ltr'><strong>facto</strong></span> <span class='ocrx_word' id='word_1_18' title='bbox 2901 419 3255 476; x_wconf 86' lang='lat' dir='ltr'><strong>notiiicantor</strong></span> <span class='ocrx_word' id='word_1_19' title='bbox 3279 454 3294 480; x_wconf 86' lang='lat'><strong>,</strong></span> <span class='ocrx_word' id='word_1_20' title='bbox 3357 426 3468 483; x_wconf 76' lang='lat' dir='ltr'><strong>que</strong></span> <span class='ocrx_word' id='word_1_21' title='bbox 3532 408 3688 480; x_wconf 86' lang='lat' dir='ltr'><strong>huius</strong></span> 
     </span>
    </p>
   </div>
   <div class='ocr_carea' id='block_1_5' title="bbox 431 512 2004 584">
    <p class='ocr_par' dir='ltr' id='par_1_5' title="bbox 431 512 2004 584">
     <span class='ocr_line' id='line_1_5' title="bbox 431 512 2004 584; baseline -0.003 -14"><span class='ocrx_word' id='word_1_22' title='bbox 431 515 747 570; x_wconf 77' lang='lat' dir='ltr'><strong>emendatio</strong></span> <span class='ocrx_word' id='word_1_23' title='bbox 784 515 895 569; x_wconf 81' lang='lat' dir='ltr'><strong>fiat.</strong></span> <span class='ocrx_word' id='word_1_24' title='bbox 937 515 990 569; x_wconf 87' lang='lat' dir='ltr'><strong>Si</strong></span> <span class='ocrx_word' id='word_1_25' title='bbox 1047 515 1114 569; x_wconf 90' lang='lat' dir='ltr'><strong>ab</strong></span> <span class='ocrx_word' id='word_1_26' title='bbox 1144 515 1330 584; x_wconf 85' lang='lat' dir='ltr'><strong>aliquo</strong></span> <span class='ocrx_word' id='word_1_27' title='bbox 1379 513 1767 568; x_wconf 85' lang='lat' dir='ltr'><strong>Veneticorum</strong></span> <span class='ocrx_word' id='word_1_28' title='bbox 1813 523 1907 566; x_wconf 90' lang='lat' dir='ltr'><strong>aut</strong></span> <span class='ocrx_word' id='word_1_29' title='bbox 1936 512 2004 566; x_wconf 86' lang='lat' dir='ltr'><strong>ab</strong></span> 
     </span>
    </p>
   </div>
   <div class='ocr_carea' id='block_1_6' title="bbox 423 605 2008 676">
    <p class='ocr_par' dir='ltr' id='par_1_6' title="bbox 423 605 2008 676">
     <span class='ocr_line' id='line_1_6' title="bbox 423 605 2008 676; baseline -0.001 -16"><span class='ocrx_word' id='word_1_30' title='bbox 423 607 618 674; x_wconf 71' lang='lat' dir='ltr'><strong>aliquo</strong></span> <span class='ocrx_word' id='word_1_31' title='bbox 647 608 868 661; x_wconf 82' lang='lat' dir='ltr'><strong>homine</strong></span> <span class='ocrx_word' id='word_1_32' title='bbox 912 608 1227 676; x_wconf 88' lang='lat' dir='ltr'><strong>subiacente</strong></span> <span class='ocrx_word' id='word_1_33' title='bbox 1281 605 1515 674; x_wconf 89' lang='lat' dir='ltr'><strong>imperio</strong></span> <span class='ocrx_word' id='word_1_34' title='bbox 1575 613 1768 659; x_wconf 87' lang='lat' dir='ltr'><strong>nostro</strong></span> <span class='ocrx_word' id='word_1_35' title='bbox 1812 619 2008 672; x_wconf 80' lang='lat' dir='ltr'><strong>passus</strong></span> 
     </span>
    </p>
   </div>
   <div class='ocr_carea' id='block_1_7' title="bbox 429 693 2004 766">
    <p class='ocr_par' dir='ltr' id='par_1_7' title="bbox 429 693 2004 766">
     <span class='ocr_line' id='line_1_7' title="bbox 429 693 2004 766; baseline -0.002 -17"><span class='ocrx_word' id='word_1_36' title='bbox 429 697 604 751; x_wconf 82' lang='lat' dir='ltr'><strong>fuerit</strong></span> <span class='ocrx_word' id='word_1_37' title='bbox 624 698 854 752; x_wconf 78' lang='lat' dir='ltr'><strong>Pisanus</strong></span> <span class='ocrx_word' id='word_1_38' title='bbox 880 697 1156 766; x_wconf 77' lang='lat' dir='ltr'><strong>quispiam</strong></span> <span class='ocrx_word' id='word_1_39' title='bbox 1192 703 1350 748; x_wconf 76' lang='lat' dir='ltr'><strong>atrox</strong></span> <span class='ocrx_word' id='word_1_40' title='bbox 1385 694 1629 748; x_wconf 83' lang='lat' dir='ltr'><strong>dedecus</strong></span> <span class='ocrx_word' id='word_1_41' title='bbox 1670 693 1757 746; x_wconf 88' lang='lat' dir='ltr'><strong>vel</strong></span> <span class='ocrx_word' id='word_1_42' title='bbox 1792 701 2004 761; x_wconf 84' lang='lat' dir='ltr'><strong>turpem</strong></span> 
     </span>
    </p>
   </div>
   <div class='ocr_carea' id='block_1_8' title="bbox 421 784 2007 859">
    <p class='ocr_par' dir='ltr' id='par_1_8' title="bbox 421 784 2007 859">
     <span class='ocr_line' id='line_1_8' title="bbox 421 784 2007 859; baseline -0.002 -17"><span class='ocrx_word' id='word_1_43' title='bbox 421 789 692 859; x_wconf 64' lang='lat' dir='ltr'><strong>iniuriam</strong></span> <span class='ocrx_word' id='word_1_44' title='bbox 723 801 818 843; x_wconf 88' lang='lat' dir='ltr'><strong>aut</strong></span> <span class='ocrx_word' id='word_1_45' title='bbox 851 790 919 843; x_wconf 88' lang='lat' dir='ltr'><strong>de</strong></span> <span class='ocrx_word' id='word_1_46' title='bbox 947 789 1112 842; x_wconf 90' lang='lat' dir='ltr'><strong>rebus</strong></span> <span class='ocrx_word' id='word_1_47' title='bbox 1143 788 1259 842; x_wconf 87' lang='lat' dir='ltr'><strong>suis</strong></span> <span class='ocrx_word' id='word_1_48' title='bbox 1305 787 1585 844; x_wconf 86' lang='lat' dir='ltr'><strong>damnum.</strong></span> <span class='ocrx_word' id='word_1_49' title='bbox 1636 784 1798 839; x_wconf 78' lang='lat' dir='ltr'><strong>faciet</strong></span> <span class='ocrx_word' id='word_1_50' title='bbox 1834 786 2007 853; x_wconf 89' lang='lat' dir='ltr'><strong>impc-</strong></span> 
     </span>
    </p>
   </div>
   <div class='ocr_carea' id='block_1_9' title="bbox 436 875 2004 944">
    <p class='ocr_par' dir='ltr' id='par_1_9' title="bbox 436 875 2004 944">
     <span class='ocr_line' id='line_1_9' title="bbox 436 875 2004 944; baseline -0.002 -12"><span class='ocrx_word' id='word_1_51' title='bbox 436 882 580 933; x_wconf 85' lang='lat' dir='ltr'><strong>riitm</strong></span> <span class='ocrx_word' id='word_1_52' title='bbox 611 894 857 934; x_wconf 82' lang='lat' dir='ltr'><strong>nosmtm</strong></span> <span class='ocrx_word' id='word_1_53' title='bbox 883 880 1352 940; x_wconf 84' lang='lat' dir='ltr'><strong>emendationem,</strong></span> <span class='ocrx_word' id='word_1_54' title='bbox 1393 886 1680 944; x_wconf 79' lang='lat' dir='ltr'><strong>postquam</strong></span> <span class='ocrx_word' id='word_1_55' title='bbox 1714 875 2004 942; x_wconf 87' lang='lat' dir='ltr'><strong>probatum</strong></span> 
     </span>
    </p>
   </div>
   <div class='ocr_carea' id='block_1_10' title="bbox 429 967 2008 1036">
    <p class='ocr_par' dir='ltr' id='par_1_10' title="bbox 429 967 2008 1036">
     <span class='ocr_line' id='line_1_10' title="bbox 429 967 2008 1036; baseline -0.003 -12"><span class='ocrx_word' id='word_1_56' title='bbox 429 971 620 1036; x_wconf 75' lang='lat' dir='ltr'><strong>fuerit,</strong></span> <span class='ocrx_word' id='word_1_57' title='bbox 674 973 718 1027; x_wconf 89' lang='lat' dir='ltr'><strong>si</strong></span> <span class='ocrx_word' id='word_1_58' title='bbox 785 982 970 1026; x_wconf 88' lang='lat' dir='ltr'><strong>nostre</strong></span> <span class='ocrx_word' id='word_1_59' title='bbox 1027 971 1306 1024; x_wconf 81' lang='lat' dir='ltr'><strong>serenitati</strong></span> <span class='ocrx_word' id='word_1_60' title='bbox 1356 969 1584 1023; x_wconf 88' lang='lat' dir='ltr'><strong>relatum</strong></span> <span class='ocrx_word' id='word_1_61' title='bbox 1645 968 1815 1022; x_wconf 87' lang='lat' dir='ltr'><strong>fuerit</strong></span> <span class='ocrx_word' id='word_1_62' title='bbox 1869 967 2008 1020; x_wconf 80' lang='lat' dir='ltr'><strong>infra</strong></span> 
     </span>
    </p>
   </div>
   <div class='ocr_carea' id='block_1_11' title="bbox 433 1059 2008 1132">
    <p class='ocr_par' dir='ltr' id='par_1_11' title="bbox 433 1059 2008 1132">
     <span class='ocr_line' id='line_1_11' title="bbox 433 1059 2008 1132; baseline -0.003 -16"><span class='ocrx_word' id='word_1_63' title='bbox 433 1072 650 1132; x_wconf 80' lang='lat' dir='ltr'><strong>tempus</strong></span> <span class='ocrx_word' id='word_1_64' title='bbox 681 1065 852 1132; x_wconf 89' lang='lat' dir='ltr'><strong>legale</strong></span> <span class='ocrx_word' id='word_1_65' title='bbox 883 1076 933 1117; x_wconf 85' lang='lat' dir='ltr'><strong>et</strong></span> <span class='ocrx_word' id='word_1_66' title='bbox 963 1063 1300 1116; x_wconf 88' lang='lat' dir='ltr'><strong>conveniens</strong></span> <span class='ocrx_word' id='word_1_67' title='bbox 1349 1061 1402 1114; x_wconf 90' lang='lat' dir='ltr'><strong>in</strong></span> <span class='ocrx_word' id='word_1_68' title='bbox 1453 1061 1605 1113; x_wconf 89' lang='lat' dir='ltr'><strong>omni</strong></span> <span class='ocrx_word' id='word_1_69' title='bbox 1663 1059 2008 1114; x_wconf 84' lang='lat' dir='ltr'><strong>continentia</strong></span> 
     </span>
    </p>
   </div>
   <div class='ocr_carea' id='block_1_12' title="bbox 431 1152 2012 1209">
    <p class='ocr_par' dir='ltr' id='par_1_12' title="bbox 431 1152 2012 1209">
     <span class='ocr_line' id='line_1_12' title="bbox 431 1152 2012 1209; baseline -0.001 -1"><span class='ocrx_word' id='word_1_70' title='bbox 431 1170 552 1209; x_wconf 82' lang='lat' dir='ltr'><strong>sua.</strong></span> <span class='ocrx_word' id='word_1_71' title='bbox 592 1156 762 1208; x_wconf 61' lang='lat' dir='ltr'><strong>haves</strong></span> <span class='ocrx_word' id='word_1_72' title='bbox 810 1163 991 1208; x_wconf 86' lang='lat' dir='ltr'><strong>vestre</strong></span> <span class='ocrx_word' id='word_1_73' title='bbox 1043 1165 1096 1206; x_wconf 89' lang='lat' dir='ltr'><strong>et</strong></span> <span class='ocrx_word' id='word_1_74' title='bbox 1129 1153 1382 1206; x_wconf 79' lang='lat' dir='ltr'><strong>homines</strong></span> <span class='ocrx_word' id='word_1_75' title='bbox 1418 1153 1583 1206; x_wconf 81' lang='lat' dir='ltr'><strong>vestri</strong></span> <span class='ocrx_word' id='word_1_76' title='bbox 1632 1152 1880 1205; x_wconf 88' lang='lat' dir='ltr'><strong>volentes</strong></span> <span class='ocrx_word' id='word_1_77' title='bbox 1929 1166 2012 1206; x_wconf 82' lang='lat' dir='ltr'><strong>re-</strong></span> 
     </span>
    </p>
   </div>
   <div class='ocr_carea' id='block_1_13' title="bbox 431 1243 2006 1312">
    <p class='ocr_par' dir='ltr' id='par_1_13' title="bbox 431 1243 2006 1312">
     <span class='ocr_line' id='line_1_13' title="bbox 431 1243 2006 1312; baseline -0.001 -14"><span class='ocrx_word' id='word_1_78' title='bbox 431 1246 554 1298; x_wconf 85' lang='lat' dir='ltr'><strong>dire</strong></span> <span class='ocrx_word' id='word_1_79' title='bbox 594 1247 742 1299; x_wconf 78' lang='lat' dir='ltr'><strong>Pisas</strong></span> <span class='ocrx_word' id='word_1_80' title='bbox 793 1261 901 1298; x_wconf 93' lang='lat' dir='ltr'><strong>non</strong></span> <span class='ocrx_word' id='word_1_81' title='bbox 959 1243 1432 1312; x_wconf 84' lang='lat' dir='ltr'><strong>prohibebuntur;</strong></span> <span class='ocrx_word' id='word_1_82' title='bbox 1483 1259 1661 1312; x_wconf 88' lang='lat' dir='ltr'><strong>neque</strong></span> <span class='ocrx_word' id='word_1_83' title='bbox 1713 1243 2006 1310; x_wconf 88' lang='lat' dir='ltr'><strong>imperium</strong></span> 
     </span>
    </p>
   </div>
   <div class='ocr_carea' id='block_1_14' title="bbox 434 1336 2005 1407">
    <p class='ocr_par' dir='ltr' id='par_1_14' title="bbox 434 1336 2005 1407">
     <span class='ocr_line' id='line_1_14' title="bbox 434 1336 2005 1407; baseline -0.002 -14"><span class='ocrx_word' id='word_1_84' title='bbox 434 1349 708 1401; x_wconf 89' lang='lat' dir='ltr'><strong>nostrum,</strong></span> <span class='ocrx_word' id='word_1_85' title='bbox 757 1353 936 1407; x_wconf 87' lang='lat' dir='ltr'><strong>neque</strong></span> <span class='ocrx_word' id='word_1_86' title='bbox 970 1338 1480 1392; x_wconf 78' lang='lat' dir='ltr'><strong>dcsideratissimos</strong></span> <span class='ocrx_word' id='word_1_87' title='bbox 1513 1336 1657 1390; x_wconf 72' lang='lat' dir='ltr'><strong>titius</strong></span> <span class='ocrx_word' id='word_1_88' title='bbox 1684 1337 1801 1407; x_wconf 77' lang='lat' dir='ltr'><strong>eius</strong></span> <span class='ocrx_word' id='word_1_89' title='bbox 1829 1336 2005 1406; x_wconf 89' lang='lat' dir='ltr'><strong>impe-</strong></span> 
     </span>
    </p>
   </div>
   <div class='ocr_carea' id='block_1_15' title="bbox 435 1429 2008 1500">
    <p class='ocr_par' dir='ltr' id='par_1_15' title="bbox 435 1429 2008 1500">
     <span class='ocr_line' id='line_1_15' title="bbox 435 1429 2008 1500; baseline 0.001 -18"><span class='ocrx_word' id='word_1_90' title='bbox 435 1442 584 1484; x_wconf 88' lang='lat' dir='ltr'><strong>rator</strong></span> <span class='ocrx_word' id='word_1_91' title='bbox 643 1431 1184 1500; x_wconf 78' lang='lat' dir='ltr'><strong>Porphyrogenitus.</strong></span> <span class='ocrx_word' id='word_1_92' title='bbox 1240 1444 1420 1498; x_wconf 88' lang='lat' dir='ltr'><strong>neque</strong></span> <span class='ocrx_word' id='word_1_93' title='bbox 1477 1429 1679 1497; x_wconf 85' lang='lat' dir='ltr'><strong>aliquis</strong></span> <span class='ocrx_word' id='word_1_94' title='bbox 1745 1441 2008 1498; x_wconf 89' lang='lat' dir='ltr'><strong>precepto</strong></span> 
     </span>
    </p>
   </div>
   <div class='ocr_carea' id='block_1_16' title="bbox 435 1517 2010 1588">
    <p class='ocr_par' dir='ltr' id='par_1_16' title="bbox 435 1517 2010 1588">
     <span class='ocr_line' id='line_1_16' title="bbox 435 1517 2010 1588; baseline 0.003 -19"><span class='ocrx_word' id='word_1_95' title='bbox 435 1519 612 1571; x_wconf 83' lang='lat' dir='ltr'><strong>nostri</strong></span> <span class='ocrx_word' id='word_1_96' title='bbox 639 1535 735 1586; x_wconf 86' lang='lat' dir='ltr'><strong>per</strong></span> <span class='ocrx_word' id='word_1_97' title='bbox 762 1519 1072 1588; x_wconf 73' lang='lat' dir='ltr'><strong>quempiam</strong></span> <span class='ocrx_word' id='word_1_98' title='bbox 1107 1518 1329 1571; x_wconf 89' lang='lat' dir='ltr'><strong>modum</strong></span> <span class='ocrx_word' id='word_1_99' title='bbox 1363 1517 1630 1586; x_wconf 76' lang='lat' dir='ltr'><strong>iniuSLitie</strong></span> <span class='ocrx_word' id='word_1_100' title='bbox 1665 1518 1827 1572; x_wconf 81' lang='lat' dir='ltr'><strong>faciet</strong></span> <span class='ocrx_word' id='word_1_101' title='bbox 1856 1520 2010 1587; x_wconf 86' lang='lat' dir='ltr'><strong>quic-</strong></span> 
     </span>
    </p>
   </div>
   <div class='ocr_carea' id='block_1_17' title="bbox 431 1607 2007 1675">
    <p class='ocr_par' dir='ltr' id='par_1_17' title="bbox 431 1607 2007 1675">
     <span class='ocr_line' id='line_1_17' title="bbox 431 1607 2007 1675; baseline 0 -14"><span class='ocrx_word' id='word_1_102' title='bbox 431 1623 598 1675; x_wconf 83' lang='lat' dir='ltr'><strong>quam</strong></span> <span class='ocrx_word' id='word_1_103' title='bbox 641 1609 696 1664; x_wconf 89' lang='lat' dir='ltr'><strong>in</strong></span> <span class='ocrx_word' id='word_1_104' title='bbox 747 1610 912 1663; x_wconf 87' lang='lat' dir='ltr'><strong>rebus</strong></span> <span class='ocrx_word' id='word_1_105' title='bbox 939 1608 1136 1674; x_wconf 85' lang='lat' dir='ltr'><strong>vestris</strong></span> <span class='ocrx_word' id='word_1_106' title='bbox 1172 1609 1256 1661; x_wconf 89' lang='lat' dir='ltr'><strong>vel</strong></span> <span class='ocrx_word' id='word_1_107' title='bbox 1298 1608 1634 1661; x_wconf 87' lang='lat' dir='ltr'><strong>hominibus.</strong></span> <span class='ocrx_word' id='word_1_108' title='bbox 1667 1607 1724 1661; x_wconf 86' lang='lat' dir='ltr'><strong>Si</strong></span> <span class='ocrx_word' id='word_1_109' title='bbox 1765 1623 1893 1661; x_wconf 90' lang='lat' dir='ltr'><strong>vero</strong></span> <span class='ocrx_word' id='word_1_110' title='bbox 1935 1608 2007 1662; x_wconf 91' lang='lat' dir='ltr'><strong>ob</strong></span> 
     </span>
    </p>
   </div>
   <div class='ocr_carea' id='block_1_18' title="bbox 435 1697 2010 1768">
    <p class='ocr_par' dir='ltr' id='par_1_18' title="bbox 435 1697 2010 1768">
     <span class='ocr_line' id='line_1_18' title="bbox 435 1697 2010 1768; baseline 0.001 -16"><span class='ocrx_word' id='word_1_111' title='bbox 435 1697 652 1768; x_wconf 80' lang='lat' dir='ltr'><strong>aliquas</strong></span> <span class='ocrx_word' id='word_1_112' title='bbox 683 1715 879 1756; x_wconf 86' lang='lat' dir='ltr'><strong>causas</strong></span> <span class='ocrx_word' id='word_1_113' title='bbox 907 1701 1183 1754; x_wconf 85' lang='lat' dir='ltr'><strong>interdum</strong></span> <span class='ocrx_word' id='word_1_114' title='bbox 1213 1699 1418 1753; x_wconf 86' lang='lat' dir='ltr'><strong>factum</strong></span> <span class='ocrx_word' id='word_1_115' title='bbox 1451 1698 1640 1762; x_wconf 89' lang='lat' dir='ltr'><strong>fuerit,</strong></span> <span class='ocrx_word' id='word_1_116' title='bbox 1683 1714 1781 1767; x_wconf 83' lang='lat' dir='ltr'><strong>per</strong></span> <span class='ocrx_word' id='word_1_117' title='bbox 1806 1714 2010 1754; x_wconf 89' lang='lat' dir='ltr'><strong>conve-</strong></span> 
     </span>
    </p>
   </div>
   <div class='ocr_carea' id='block_1_19' title="bbox 434 1789 2006 1860">
    <p class='ocr_par' dir='ltr' id='par_1_19' title="bbox 434 1789 2006 1860">
     <span class='ocr_line' id='line_1_19' title="bbox 434 1789 2006 1860; baseline 0.002 -17"><span class='ocrx_word' id='word_1_118' title='bbox 434 1790 594 1844; x_wconf 87' lang='lat' dir='ltr'><strong>niens</strong></span> <span class='ocrx_word' id='word_1_119' title='bbox 637 1800 850 1860; x_wconf 82' lang='lat' dir='ltr'><strong>tempus</strong></span> <span class='ocrx_word' id='word_1_120' title='bbox 882 1791 1287 1846; x_wconf 86' lang='lat' dir='ltr'><strong>emendabitur.</strong></span> <span class='ocrx_word' id='word_1_121' title='bbox 1325 1789 1380 1844; x_wconf 82' lang='lat' dir='ltr'><strong>Si</strong></span> <span class='ocrx_word' id='word_1_122' title='bbox 1405 1791 1605 1859; x_wconf 87' lang='lat' dir='ltr'><strong>aliquis</strong></span> <span class='ocrx_word' id='word_1_123' title='bbox 1634 1801 1879 1845; x_wconf 88' lang='lat' dir='ltr'><strong>vestrum</strong></span> <span class='ocrx_word' id='word_1_124' title='bbox 1915 1807 2006 1846; x_wconf 85' lang='lat' dir='ltr'><strong>re-</strong></span> 
     </span>
    </p>
   </div>
   <div class='ocr_carea' id='block_1_20' title="bbox 432 1881 2008 1950">
    <p class='ocr_par' dir='ltr' id='par_1_20' title="bbox 432 1881 2008 1950">
     <span class='ocr_line' id='line_1_20' title="bbox 432 1881 2008 1950; baseline 0 -15"><span class='ocrx_word' id='word_1_125' title='bbox 432 1882 818 1936; x_wconf 86' lang='lat' dir='ltr'><strong>clamationem</strong></span> <span class='ocrx_word' id='word_1_126' title='bbox 856 1883 1065 1945; x_wconf 86' lang='lat' dir='ltr'><strong>fecerit,</strong></span> <span class='ocrx_word' id='word_1_127' title='bbox 1101 1897 1208 1935; x_wconf 89' lang='lat' dir='ltr'><strong>non</strong></span> <span class='ocrx_word' id='word_1_128' title='bbox 1247 1881 1562 1950; x_wconf 84' lang='lat' dir='ltr'><strong>repelletur,</strong></span> <span class='ocrx_word' id='word_1_129' title='bbox 1594 1881 1639 1934; x_wconf 91' lang='lat' dir='ltr'><strong>si</strong></span> <span class='ocrx_word' id='word_1_130' title='bbox 1673 1890 1863 1935; x_wconf 84' lang='lat' dir='ltr'><strong>notum</strong></span> <span class='ocrx_word' id='word_1_131' title='bbox 1903 1882 2008 1935; x_wconf 84' lang='lat' dir='ltr'><strong>im-</strong></span> 
     </span>
    </p>
   </div>
   <div class='ocr_carea' id='block_1_21' title="bbox 435 1974 2010 2044">
    <p class='ocr_par' dir='ltr' id='par_1_21' title="bbox 435 1974 2010 2044">
     <span class='ocr_line' id='line_1_21' title="bbox 435 1974 2010 2044; baseline 0 -16"><span class='ocrx_word' id='word_1_132' title='bbox 435 1976 592 2044; x_wconf 81' lang='lat' dir='ltr'><strong>peric</strong></span> <span class='ocrx_word' id='word_1_133' title='bbox 634 1986 823 2030; x_wconf 87' lang='lat' dir='ltr'><strong>nostro</strong></span> <span class='ocrx_word' id='word_1_134' title='bbox 850 1977 1055 2031; x_wconf 85' lang='lat' dir='ltr'><strong>factum</strong></span> <span class='ocrx_word' id='word_1_135' title='bbox 1090 1975 1275 2034; x_wconf 82' lang='lat' dir='ltr'><strong>fuerit,</strong></span> <span class='ocrx_word' id='word_1_136' title='bbox 1322 1974 1417 2029; x_wconf 85' lang='lat' dir='ltr'><strong>sed</strong></span> <span class='ocrx_word' id='word_1_137' title='bbox 1474 1975 1778 2044; x_wconf 86' lang='lat' dir='ltr'><strong>recipictur</strong></span> <span class='ocrx_word' id='word_1_138' title='bbox 1839 1976 2010 2030; x_wconf 86' lang='lat' dir='ltr'><strong>recla-</strong></span> 
     </span>
    </p>
   </div>
   <div class='ocr_carea' id='block_1_22' title="bbox 439 2066 2012 2136">
    <p class='ocr_par' dir='ltr' id='par_1_22' title="bbox 439 2066 2012 2136">
     <span class='ocr_line' id='line_1_22' title="bbox 439 2066 2012 2136; baseline -0.001 -15"><span class='ocrx_word' id='word_1_139' title='bbox 439 2068 608 2121; x_wconf 87' lang='lat' dir='ltr'><strong>matio</strong></span> <span class='ocrx_word' id='word_1_140' title='bbox 656 2070 776 2136; x_wconf 83' lang='lat' dir='ltr'><strong>ejus</strong></span> <span class='ocrx_word' id='word_1_141' title='bbox 817 2075 872 2121; x_wconf 90' lang='lat' dir='ltr'><strong>et</strong></span> <span class='ocrx_word' id='word_1_142' title='bbox 927 2068 1230 2122; x_wconf 87' lang='lat' dir='ltr'><strong>secundum</strong></span> <span class='ocrx_word' id='word_1_143' title='bbox 1289 2066 1462 2135; x_wconf 88' lang='lat' dir='ltr'><strong>legem</strong></span> <span class='ocrx_word' id='word_1_144' title='bbox 1515 2066 1910 2128; x_wconf 88' lang='lat' dir='ltr'><strong>vindicabitur,</strong></span> <span class='ocrx_word' id='word_1_145' title='bbox 1955 2073 2012 2120; x_wconf 85' lang='lat' dir='ltr'><strong>et</strong></span> 
     </span>
    </p>
   </div>
   <div class='ocr_carea' id='block_1_23' title="bbox 435 2159 2012 2230">
    <p class='ocr_par' dir='ltr' id='par_1_23' title="bbox 435 2159 2012 2230">
     <span class='ocr_line' id='line_1_23' title="bbox 435 2159 2012 2230; baseline 0.003 -18"><span class='ocrx_word' id='word_1_146' title='bbox 435 2159 812 2214; x_wconf 82' lang='lat' dir='ltr'><strong>vindicabitur</strong></span> <span class='ocrx_word' id='word_1_147' title='bbox 857 2169 977 2228; x_wconf 86' lang='lat' dir='ltr'><strong>post</strong></span> <span class='ocrx_word' id='word_1_148' title='bbox 1011 2159 1391 2229; x_wconf 86' lang='lat' dir='ltr'><strong>probationem</strong></span> <span class='ocrx_word' id='word_1_149' title='bbox 1425 2159 1696 2225; x_wconf 85' lang='lat' dir='ltr'><strong>veritatis,</strong></span> <span class='ocrx_word' id='word_1_150' title='bbox 1751 2161 1823 2220; x_wconf 79' lang='lat' dir='ltr'><strong>si,</strong></span> <span class='ocrx_word' id='word_1_151' title='bbox 1850 2176 2012 2230; x_wconf 82' lang='lat' dir='ltr'><strong>appa-</strong></span> 
     </span>
    </p>
   </div>
   <div class='ocr_carea' id='block_1_24' title="bbox 437 2251 2008 2321">
    <p class='ocr_par' dir='ltr' id='par_1_24' title="bbox 437 2251 2008 2321">
     <span class='ocr_line' id='line_1_24' title="bbox 437 2251 2008 2321; baseline 0.002 -17"><span class='ocrx_word' id='word_1_152' title='bbox 437 2251 614 2306; x_wconf 77' lang='lat' dir='ltr'><strong>ruerit</strong></span> <span class='ocrx_word' id='word_1_153' title='bbox 671 2252 995 2321; x_wconf 86' lang='lat' dir='ltr'><strong>injustitiam</strong></span> <span class='ocrx_word' id='word_1_154' title='bbox 1049 2267 1262 2319; x_wconf 86' lang='lat' dir='ltr'><strong>passus.</strong></span> <span class='ocrx_word' id='word_1_155' title='bbox 1325 2252 1427 2316; x_wconf 84' lang='lat' dir='ltr'><strong>Qui</strong></span> <span class='ocrx_word' id='word_1_156' title='bbox 1489 2268 1590 2321; x_wconf 90' lang='lat' dir='ltr'><strong>pro</strong></span> <span class='ocrx_word' id='word_1_157' title='bbox 1647 2253 1874 2308; x_wconf 84' lang='lat' dir='ltr'><strong>servitio</strong></span> <span class='ocrx_word' id='word_1_158' title='bbox 1914 2253 2008 2308; x_wconf 90' lang='lat' dir='ltr'><strong>Dei</strong></span> 
     </span>
    </p>
   </div>
   <div class='ocr_carea' id='block_1_25' title="bbox 439 2345 2012 2414">
    <p class='ocr_par' dir='ltr' id='par_1_25' title="bbox 439 2345 2012 2414">
     <span class='ocr_line' id='line_1_25' title="bbox 439 2345 2012 2414; baseline 0.002 -15"><span class='ocrx_word' id='word_1_159' title='bbox 439 2345 873 2414; x_wconf 77' lang='lat' dir='ltr'><strong>Hierosolymam</strong></span> <span class='ocrx_word' id='word_1_160' title='bbox 934 2346 1166 2399; x_wconf 83' lang='lat' dir='ltr'><strong>tendunt</strong></span> <span class='ocrx_word' id='word_1_161' title='bbox 1230 2361 1354 2400; x_wconf 90' lang='lat' dir='ltr'><strong>cum</strong></span> <span class='ocrx_word' id='word_1_162' title='bbox 1427 2348 1626 2402; x_wconf 87' lang='lat' dir='ltr'><strong>vestris</strong></span> <span class='ocrx_word' id='word_1_163' title='bbox 1692 2347 2012 2402; x_wconf 87' lang='lat' dir='ltr'><strong>hominibus</strong></span> 
     </span>
    </p>
   </div>
   <div class='ocr_carea' id='block_1_26' title="bbox 437 2438 2010 2509">
    <p class='ocr_par' dir='ltr' id='par_1_26' title="bbox 437 2438 2010 2509">
     <span class='ocr_line' id='line_1_26' title="bbox 437 2438 2010 2509; baseline 0.003 -17"><span class='ocrx_word' id='word_1_164' title='bbox 437 2453 604 2493; x_wconf 85' lang='lat' dir='ltr'><strong>causa</strong></span> <span class='ocrx_word' id='word_1_165' title='bbox 653 2438 923 2492; x_wconf 87' lang='lat' dir='ltr'><strong>militandi</strong></span> <span class='ocrx_word' id='word_1_166' title='bbox 967 2449 1158 2494; x_wconf 89' lang='lat' dir='ltr'><strong>contra</strong></span> <span class='ocrx_word' id='word_1_167' title='bbox 1189 2456 1448 2509; x_wconf 75' lang='lat' dir='ltr'><strong>paganos,</strong></span> <span class='ocrx_word' id='word_1_168' title='bbox 1481 2440 1534 2494; x_wconf 90' lang='lat' dir='ltr'><strong>in</strong></span> <span class='ocrx_word' id='word_1_169' title='bbox 1586 2442 1782 2496; x_wconf 87' lang='lat' dir='ltr'><strong>itinere</strong></span> <span class='ocrx_word' id='word_1_170' title='bbox 1825 2441 1912 2496; x_wconf 90' lang='lat' dir='ltr'><strong>vel</strong></span> <span class='ocrx_word' id='word_1_171' title='bbox 1955 2441 2010 2496; x_wconf 93' lang='lat' dir='ltr'><strong>in</strong></span> 
     </span>
    </p>
   </div>
   <div class='ocr_carea' id='block_1_27' title="bbox 439 2530 2009 2602">
    <p class='ocr_par' dir='ltr' id='par_1_27' title="bbox 439 2530 2009 2602">
     <span class='ocr_line' id='line_1_27' title="bbox 439 2530 2009 2602; baseline 0.003 -20"><span class='ocrx_word' id='word_1_172' title='bbox 439 2530 755 2584; x_wconf 78' lang='lat' dir='ltr'><strong>reversione</strong></span> <span class='ocrx_word' id='word_1_173' title='bbox 779 2531 1230 2600; x_wconf 84' lang='lat' dir='ltr'><strong>impedimentum</strong></span> <span class='ocrx_word' id='word_1_174' title='bbox 1257 2533 1480 2602; x_wconf 86' lang='lat' dir='ltr'><strong>aliquod</strong></span> <span class='ocrx_word' id='word_1_175' title='bbox 1500 2550 1608 2588; x_wconf 90' lang='lat' dir='ltr'><strong>non</strong></span> <span class='ocrx_word' id='word_1_176' title='bbox 1637 2534 2009 2599; x_wconf 90' lang='lat' dir='ltr'><strong>sustinebunt,</strong></span> 
     </span>
    </p>
   </div>
   <div class='ocr_carea' id='block_1_28' title="bbox 437 2621 2012 2692">
    <p class='ocr_par' dir='ltr' id='par_1_28' title="bbox 437 2621 2012 2692">
     <span class='ocr_line' id='line_1_28' title="bbox 437 2621 2012 2692; baseline 0.004 -20"><span class='ocrx_word' id='word_1_177' title='bbox 437 2634 617 2682; x_wconf 53' lang='lat' dir='ltr'><strong>neque</strong></span> <span class='ocrx_word' id='word_1_178' title='bbox 651 2621 1123 2688; x_wconf 81' lang='lat' dir='ltr'><strong>perturbabantur</strong></span> <span class='ocrx_word' id='word_1_179' title='bbox 1147 2623 1246 2690; x_wconf 82' lang='lat' dir='ltr'><strong>ipsi</strong></span> <span class='ocrx_word' id='word_1_180' title='bbox 1276 2623 1357 2678; x_wconf 92' lang='lat' dir='ltr'><strong>vel</strong></span> <span class='ocrx_word' id='word_1_181' title='bbox 1388 2639 1574 2688; x_wconf 81' lang='lat' dir='ltr'><strong>naves,</strong></span> <span class='ocrx_word' id='word_1_182' title='bbox 1612 2631 1712 2677; x_wconf 89' lang='lat' dir='ltr'><strong>aut</strong></span> <span class='ocrx_word' id='word_1_183' title='bbox 1736 2623 2012 2692; x_wconf 89' lang='lat' dir='ltr'><strong>stipendia</strong></span> 
     </span>
    </p>
   </div>
   <div class='ocr_carea' id='block_1_29' title="bbox 438 2711 2012 2782">
    <p class='ocr_par' dir='ltr' id='par_1_29' title="bbox 438 2711 2012 2782">
     <span class='ocr_line' id='line_1_29' title="bbox 438 2711 2012 2782; baseline 0.006 -21"><span class='ocrx_word' id='word_1_184' title='bbox 438 2721 535 2762; x_wconf 90' lang='lat' dir='ltr'><strong>aut</strong></span> <span class='ocrx_word' id='word_1_185' title='bbox 573 2711 764 2766; x_wconf 83' lang='lat' dir='ltr'><strong>bellica</strong></span> <span class='ocrx_word' id='word_1_186' title='bbox 793 2711 1162 2767; x_wconf 87' lang='lat' dir='ltr'><strong>instrumenta</strong></span> <span class='ocrx_word' id='word_1_187' title='bbox 1196 2730 1308 2782; x_wconf 90' lang='lat' dir='ltr'><strong>que</strong></span> <span class='ocrx_word' id='word_1_188' title='bbox 1337 2714 1616 2779; x_wconf 85' lang='lat' dir='ltr'><strong>deferunt,</strong></span> <span class='ocrx_word' id='word_1_189' title='bbox 1657 2716 2012 2771; x_wconf 82' lang='lat' dir='ltr'><strong>securitatem</strong></span> 
     </span>
    </p>
   </div>
   <div class='ocr_carea' id='block_1_30' title="bbox 447 2799 2016 2876">
    <p class='ocr_par' dir='ltr' id='par_1_30' title="bbox 447 2799 2016 2876">
     <span class='ocr_line' id='line_1_30' title="bbox 447 2799 2016 2876; baseline 0.008 -24"><span class='ocrx_word' id='word_1_190' title='bbox 447 2799 875 2858; x_wconf 83' lang='lat' dir='ltr'><strong>facientibusiis</strong></span> <span class='ocrx_word' id='word_1_191' title='bbox 901 2807 993 2873; x_wconf 89' lang='lat' dir='ltr'><strong>qui</strong></span> <span class='ocrx_word' id='word_1_192' title='bbox 1031 2821 1129 2860; x_wconf 90' lang='lat' dir='ltr'><strong>eos</strong></span> <span class='ocrx_word' id='word_1_193' title='bbox 1183 2807 1453 2876; x_wconf 90' lang='lat' dir='ltr'><strong>rccipiunt</strong></span> <span class='ocrx_word' id='word_1_194' title='bbox 1503 2807 1556 2860; x_wconf 89' lang='lat' dir='ltr'><strong>in</strong></span> <span class='ocrx_word' id='word_1_195' title='bbox 1609 2822 1777 2861; x_wconf 87' lang='lat' dir='ltr'><strong>naves</strong></span> <span class='ocrx_word' id='word_1_196' title='bbox 1805 2819 2016 2864; x_wconf 87' lang='lat' dir='ltr'><strong>vestras</strong></span> 
     </span>
    </p>
   </div>
   <div class='ocr_carea' id='block_1_31' title="bbox 439 2890 2015 2969">
    <p class='ocr_par' dir='ltr' id='par_1_31' title="bbox 439 2890 2015 2969">
     <span class='ocr_line' id='line_1_31' title="bbox 439 2890 2015 2969; baseline 0.006 -25"><span class='ocrx_word' id='word_1_197' title='bbox 439 2890 758 2948; x_wconf 83' lang='lat' dir='ltr'><strong>hominibus</strong></span> <span class='ocrx_word' id='word_1_198' title='bbox 809 2911 904 2964; x_wconf 87' lang='lat' dir='ltr'><strong>per</strong></span> <span class='ocrx_word' id='word_1_199' title='bbox 950 2897 1403 2953; x_wconf 82' lang='lat' dir='ltr'><strong>certificationem</strong></span> <span class='ocrx_word' id='word_1_200' title='bbox 1463 2898 1813 2963; x_wconf 84' lang='lat' dir='ltr'><strong>sacramenti,</strong></span> <span class='ocrx_word' id='word_1_201' title='bbox 1875 2915 2015 2969; x_wconf 82' lang='lat' dir='ltr'><strong>qua-</strong></span> 
     </span>
    </p>
   </div>
   <div class='ocr_carea' id='block_1_32' title="bbox 434 2990 2016 3060">
    <p class='ocr_par' dir='ltr' id='par_1_32' title="bbox 434 2990 2016 3060">
     <span class='ocr_line' id='line_1_32' title="bbox 434 2990 2016 3060; baseline 0.004 -20"><span class='ocrx_word' id='word_1_202' title='bbox 434 2997 599 3041; x_wconf 86' lang='lat' dir='ltr'><strong>tenus</strong></span> <span class='ocrx_word' id='word_1_203' title='bbox 630 3005 731 3043; x_wconf 92' lang='lat' dir='ltr'><strong>nec</strong></span> <span class='ocrx_word' id='word_1_204' title='bbox 759 2990 1041 3045; x_wconf 90' lang='lat' dir='ltr'><strong>inimicum</strong></span> <span class='ocrx_word' id='word_1_205' title='bbox 1078 2992 1291 3060; x_wconf 90' lang='lat' dir='ltr'><strong>imperii</strong></span> <span class='ocrx_word' id='word_1_206' title='bbox 1327 2993 1499 3047; x_wconf 88' lang='lat' dir='ltr'><strong>nostri</strong></span> <span class='ocrx_word' id='word_1_207' title='bbox 1525 3002 1581 3048; x_wconf 91' lang='lat' dir='ltr'><strong>et</strong></span> <span class='ocrx_word' id='word_1_208' title='bbox 1621 2992 1888 3048; x_wconf 78' lang='lat' dir='ltr'><strong>Romanie</strong></span> <span class='ocrx_word' id='word_1_209' title='bbox 1919 2991 2016 3046; x_wconf 86' lang='lat' dir='ltr'><strong>ad-</strong></span> 
     </span>
    </p>
   </div>
   <div class='ocr_carea' id='block_1_33' title="bbox 431 3082 2014 3151">
    <p class='ocr_par' dir='ltr' id='par_1_33' title="bbox 431 3082 2014 3151">
     <span class='ocr_line' id='line_1_33' title="bbox 431 3082 2014 3151; baseline 0.004 -19"><span class='ocrx_word' id='word_1_210' title='bbox 431 3082 646 3150; x_wconf 82' lang='lat' dir='ltr'><strong>iuvent.</strong></span> <span class='ocrx_word' id='word_1_211' title='bbox 674 3099 772 3138; x_wconf 85' lang='lat' dir='ltr'><strong>nec</strong></span> <span class='ocrx_word' id='word_1_212' title='bbox 795 3083 866 3136; x_wconf 90' lang='lat' dir='ltr'><strong>ibi</strong></span> <span class='ocrx_word' id='word_1_213' title='bbox 891 3093 1082 3139; x_wconf 88' lang='lat' dir='ltr'><strong>contra</strong></span> <span class='ocrx_word' id='word_1_214' title='bbox 1101 3085 1394 3151; x_wconf 86' lang='lat' dir='ltr'><strong>imperium</strong></span> <span class='ocrx_word' id='word_1_215' title='bbox 1421 3092 1664 3138; x_wconf 89' lang='lat' dir='ltr'><strong>nostrum</strong></span> <span class='ocrx_word' id='word_1_216' title='bbox 1684 3083 2014 3139; x_wconf 75' lang='lat' dir='ltr'><strong>efﬁciantur.</strong></span> 
     </span>
    </p>
   </div>
   <div class='ocr_carea' id='block_1_34' title="bbox 514 3171 2019 3243">
    <p class='ocr_par' dir='ltr' id='par_1_34' title="bbox 514 3171 2019 3243">
     <span class='ocr_line' id='line_1_34' title="bbox 514 3171 2019 3243; baseline 0.004 -21"><span class='ocrx_word' id='word_1_217' title='bbox 514 3190 532 3222; x_wconf 69' lang='grc' dir='ltr'><strong>ε</strong></span> <span class='ocrx_word' id='word_1_218' title='bbox 571 3171 679 3226; x_wconf 86' lang='lat' dir='ltr'><strong>llec</strong></span> <span class='ocrx_word' id='word_1_219' title='bbox 709 3173 889 3242; x_wconf 85' lang='lat' dir='ltr'><strong>itaque</strong></span> <span class='ocrx_word' id='word_1_220' title='bbox 921 3174 1221 3228; x_wconf 85' lang='lat' dir='ltr'><strong>manebunt</strong></span> <span class='ocrx_word' id='word_1_221' title='bbox 1248 3173 1450 3243; x_wconf 87' lang='lat' dir='ltr'><strong>quippe</strong></span> <span class='ocrx_word' id='word_1_222' title='bbox 1479 3173 1842 3229; x_wconf 89' lang='lat' dir='ltr'><strong>immutabilia</strong></span> <span class='ocrx_word' id='word_1_223' title='bbox 1871 3189 2019 3228; x_wconf 88' lang='lat' dir='ltr'><strong>sem-</strong></span> 
     </span>
    </p>
   </div>
   <div class='ocr_carea' id='block_1_35' title="bbox 437 3266 2020 3334">
    <p class='ocr_par' dir='ltr' id='par_1_35' title="bbox 437 3266 2020 3334">
     <span class='ocr_line' id='line_1_35' title="bbox 437 3266 2020 3334; baseline 0.004 -21"><span class='ocrx_word' id='word_1_224' title='bbox 437 3279 554 3331; x_wconf 81' lang='lat' dir='ltr'><strong>per.</strong></span> <span class='ocrx_word' id='word_1_225' title='bbox 591 3281 877 3334; x_wconf 86' lang='lat' dir='ltr'><strong>quousque</strong></span> <span class='ocrx_word' id='word_1_226' title='bbox 911 3281 1005 3318; x_wconf 83' lang='lat' dir='ltr'><strong>vos</strong></span> <span class='ocrx_word' id='word_1_227' title='bbox 1035 3274 1090 3318; x_wconf 91' lang='lat' dir='ltr'><strong>et</strong></span> <span class='ocrx_word' id='word_1_228' title='bbox 1118 3282 1309 3320; x_wconf 90' lang='lat' dir='ltr'><strong>omnes</strong></span> <span class='ocrx_word' id='word_1_229' title='bbox 1359 3266 1698 3321; x_wconf 83' lang='lat' dir='ltr'><strong>habitatores</strong></span> <span class='ocrx_word' id='word_1_230' title='bbox 1746 3275 1889 3321; x_wconf 86' lang='lat' dir='ltr'><strong>terre</strong></span> <span class='ocrx_word' id='word_1_231' title='bbox 1924 3280 2020 3320; x_wconf 86' lang='lat' dir='ltr'><strong>ve-</strong></span> 
     </span>
    </p>
   </div>
   <div class='ocr_carea' id='block_1_36' title="bbox 433 3358 2020 3428">
    <p class='ocr_par' dir='ltr' id='par_1_36' title="bbox 433 3358 2020 3428">
     <span class='ocr_line' id='line_1_36' title="bbox 433 3358 2020 3428; baseline 0.001 -18"><span class='ocrx_word' id='word_1_232' title='bbox 433 3369 545 3411; x_wconf 84' lang='lat' dir='ltr'><strong>stre</strong></span> <span class='ocrx_word' id='word_1_233' title='bbox 574 3366 629 3411; x_wconf 87' lang='lat' dir='ltr'><strong>et</strong></span> <span class='ocrx_word' id='word_1_234' title='bbox 655 3358 895 3412; x_wconf 84' lang='lat' dir='ltr'><strong>civitatis</strong></span> <span class='ocrx_word' id='word_1_235' title='bbox 947 3358 1251 3413; x_wconf 87' lang='lat' dir='ltr'><strong>observatis</strong></span> <span class='ocrx_word' id='word_1_236' title='bbox 1287 3373 1349 3414; x_wconf 88' lang='lat' dir='ltr'><strong>ea</strong></span> <span class='ocrx_word' id='word_1_237' title='bbox 1381 3374 1486 3428; x_wconf 90' lang='lat' dir='ltr'><strong>que</strong></span> <span class='ocrx_word' id='word_1_238' title='bbox 1533 3360 1786 3428; x_wconf 79' lang='lat' dir='ltr'><strong>superius</strong></span> <span class='ocrx_word' id='word_1_239' title='bbox 1838 3358 2020 3413; x_wconf 81' lang='lat' dir='ltr'><strong>notiti-</strong></span> 
     </span>
    </p>
   </div>
   <div class='ocr_carea' id='block_1_37' title="bbox 435 3449 2023 3520">
    <p class='ocr_par' dir='ltr' id='par_1_37' title="bbox 435 3449 2023 3520">
     <span class='ocr_line' id='line_1_37' title="bbox 435 3449 2023 3520; baseline 0.003 -19"><span class='ocrx_word' id='word_1_240' title='bbox 435 3458 560 3502; x_wconf 88' lang='lat' dir='ltr'><strong>cata</strong></span> <span class='ocrx_word' id='word_1_241' title='bbox 601 3459 730 3504; x_wconf 81' lang='lat' dir='ltr'><strong>sunt</strong></span> <span class='ocrx_word' id='word_1_242' title='bbox 782 3449 933 3503; x_wconf 84' lang='lat' dir='ltr'><strong>firma</strong></span> <span class='ocrx_word' id='word_1_243' title='bbox 981 3459 1036 3502; x_wconf 90' lang='lat' dir='ltr'><strong>et</strong></span> <span class='ocrx_word' id='word_1_244' title='bbox 1089 3451 1406 3519; x_wconf 87' lang='lat' dir='ltr'><strong>incorrupta</strong></span> <span class='ocrx_word' id='word_1_245' title='bbox 1456 3450 1689 3520; x_wconf 90' lang='lat' dir='ltr'><strong>imperio</strong></span> <span class='ocrx_word' id='word_1_246' title='bbox 1734 3463 1920 3506; x_wconf 87' lang='lat' dir='ltr'><strong>nostro</strong></span> <span class='ocrx_word' id='word_1_247' title='bbox 1967 3460 2023 3506; x_wconf 87' lang='lat' dir='ltr'><strong>et</strong></span> 
     </span>
    </p>
   </div>
   <div class='ocr_carea' id='block_1_38' title="bbox 434 3540 2022 3610">
    <p class='ocr_par' dir='ltr' id='par_1_38' title="bbox 434 3540 2022 3610">
     <span class='ocr_line' id='line_1_38' title="bbox 434 3540 2022 3610; baseline 0.004 -17"><span class='ocrx_word' id='word_1_248' title='bbox 434 3540 902 3594; x_wconf 82' lang='lat' dir='ltr'><strong>desideratissimo</strong></span> <span class='ocrx_word' id='word_1_249' title='bbox 963 3540 1076 3594; x_wconf 82' lang='lat' dir='ltr'><strong>ﬁlio</strong></span> <span class='ocrx_word' id='word_1_250' title='bbox 1133 3543 1252 3610; x_wconf 85' lang='lat' dir='ltr'><strong>ejus</strong></span> <span class='ocrx_word' id='word_1_251' title='bbox 1301 3553 1357 3596; x_wconf 90' lang='lat' dir='ltr'><strong>et</strong></span> <span class='ocrx_word' id='word_1_252' title='bbox 1415 3542 1736 3610; x_wconf 82' lang='lat' dir='ltr'><strong>imperatori</strong></span> <span class='ocrx_word' id='word_1_253' title='bbox 1796 3541 2022 3599; x_wconf 87' lang='lat' dir='ltr'><strong>domino</strong></span> 
     </span>
    </p>
   </div>
   <div class='ocr_carea' id='block_1_39' title="bbox 435 3631 2022 3702">
    <p class='ocr_par' dir='ltr' id='par_1_39' title="bbox 435 3631 2022 3702">
     <span class='ocr_line' id='line_1_39' title="bbox 435 3631 2022 3702; baseline 0.003 -17"><span class='ocrx_word' id='word_1_254' title='bbox 435 3631 670 3685; x_wconf 81' lang='lat' dir='ltr'><strong>Johanni</strong></span> <span class='ocrx_word' id='word_1_255' title='bbox 713 3631 1190 3702; x_wconf 80' lang='lat' dir='ltr'><strong>l’orphyrogenito</strong></span> <span class='ocrx_word' id='word_1_256' title='bbox 1217 3643 1272 3686; x_wconf 91' lang='lat' dir='ltr'><strong>et</strong></span> <span class='ocrx_word' id='word_1_257' title='bbox 1305 3633 1588 3700; x_wconf 81' lang='lat' dir='ltr'><strong>Romanie,</strong></span> <span class='ocrx_word' id='word_1_258' title='bbox 1629 3634 1773 3689; x_wconf 89' lang='lat' dir='ltr'><strong>sicut</strong></span> <span class='ocrx_word' id='word_1_259' title='bbox 1797 3635 1898 3689; x_wconf 89' lang='lat' dir='ltr'><strong>hec</strong></span> <span class='ocrx_word' id='word_1_260' title='bbox 1937 3635 2022 3690; x_wconf 71' lang='grc' dir='ltr'><strong>ἰηι-</strong></span> 
     </span>
    </p>
   </div>
   <div class='ocr_carea' id='block_1_40' title="bbox 440 3723 2019 3798">
    <p class='ocr_par' dir='ltr' id='par_1_40' title="bbox 440 3723 2019 3798">
     <span class='ocr_line' id='line_1_40' title="bbox 440 3723 2019 3798; baseline 0.005 -22"><span class='ocrx_word' id='word_1_261' title='bbox 440 3723 633 3791; x_wconf 83' lang='lat' dir='ltr'><strong>telligit</strong></span> <span class='ocrx_word' id='word_1_262' title='bbox 683 3723 970 3791; x_wconf 84' lang='lat' dir='ltr'><strong>imperium</strong></span> <span class='ocrx_word' id='word_1_263' title='bbox 1022 3736 1270 3780; x_wconf 89' lang='lat' dir='ltr'><strong>nostrum</strong></span> <span class='ocrx_word' id='word_1_264' title='bbox 1319 3727 1385 3780; x_wconf 84' lang='lat' dir='ltr'><strong>ad</strong></span> <span class='ocrx_word' id='word_1_265' title='bbox 1438 3727 1702 3782; x_wconf 87' lang='lat' dir='ltr'><strong>honorem</strong></span> <span class='ocrx_word' id='word_1_266' title='bbox 1749 3738 1805 3783; x_wconf 90' lang='lat' dir='ltr'><strong>et</strong></span> <span class='ocrx_word' id='word_1_267' title='bbox 1853 3729 2019 3798; x_wconf 81' lang='lat' dir='ltr'><strong>profi-</strong></span> 
     </span>
    </p>
   </div>
   <div class='ocr_carea' id='block_1_41' title="bbox 438 3816 2022 3880">
    <p class='ocr_par' dir='ltr' id='par_1_41' title="bbox 438 3816 2022 3880">
     <span class='ocr_line' id='line_1_41' title="bbox 438 3816 2022 3880; baseline 0.003 -10"><span class='ocrx_word' id='word_1_268' title='bbox 438 3831 604 3870; x_wconf 89' lang='lat' dir='ltr'><strong>cuum</strong></span> <span class='ocrx_word' id='word_1_269' title='bbox 645 3831 804 3870; x_wconf 88' lang='lat' dir='ltr'><strong>suum</strong></span> <span class='ocrx_word' id='word_1_270' title='bbox 850 3824 908 3870; x_wconf 91' lang='lat' dir='ltr'><strong>et</strong></span> <span class='ocrx_word' id='word_1_271' title='bbox 953 3816 1254 3880; x_wconf 82' lang='lat' dir='ltr'><strong>Rotnanie,</strong></span> <span class='ocrx_word' id='word_1_272' title='bbox 1303 3828 1360 3872; x_wconf 91' lang='lat' dir='ltr'><strong>et</strong></span> <span class='ocrx_word' id='word_1_273' title='bbox 1403 3818 1522 3872; x_wconf 89' lang='lat' dir='ltr'><strong>sine</strong></span> <span class='ocrx_word' id='word_1_274' title='bbox 1571 3819 1761 3874; x_wconf 78' lang='lat' dir='ltr'><strong>fraude</strong></span> <span class='ocrx_word' id='word_1_275' title='bbox 1790 3832 1846 3874; x_wconf 91' lang='lat' dir='ltr'><strong>et</strong></span> <span class='ocrx_word' id='word_1_276' title='bbox 1880 3821 2022 3874; x_wconf 81' lang='lat' dir='ltr'><strong>male</strong></span> 
     </span>
    </p>
   </div>
   <div class='ocr_carea' id='block_1_42' title="bbox 436 3906 2024 3982">
    <p class='ocr_par' dir='ltr' id='par_1_42' title="bbox 436 3906 2024 3982">
     <span class='ocr_line' id='line_1_42' title="bbox 436 3906 2024 3982; baseline 0.002 -22"><span class='ocrx_word' id='word_1_277' title='bbox 436 3906 663 3975; x_wconf 82' lang='lat' dir='ltr'><strong>ingenio</strong></span> <span class='ocrx_word' id='word_1_278' title='bbox 699 3906 906 3975; x_wconf 84' lang='lat' dir='ltr'><strong>aliquo.</strong></span> <span class='ocrx_word' id='word_1_279' title='bbox 953 3909 1180 3977; x_wconf 83' lang='lat' dir='ltr'><strong>Propter</strong></span> <span class='ocrx_word' id='word_1_280' title='bbox 1213 3909 1317 3963; x_wconf 91' lang='lat' dir='ltr'><strong>hoc</strong></span> <span class='ocrx_word' id='word_1_281' title='bbox 1349 3910 1497 3963; x_wconf 89' lang='lat' dir='ltr'><strong>enim</strong></span> <span class='ocrx_word' id='word_1_282' title='bbox 1527 3921 1580 3964; x_wconf 91' lang='lat' dir='ltr'><strong>et</strong></span> <span class='ocrx_word' id='word_1_283' title='bbox 1610 3926 1832 3979; x_wconf 82' lang='lat' dir='ltr'><strong>presens</strong></span> <span class='ocrx_word' id='word_1_284' title='bbox 1859 3911 2024 3982; x_wconf 81' lang='lat' dir='ltr'><strong>chry-</strong></span> 
     </span>
    </p>
   </div>
   <div class='ocr_carea' id='block_1_43' title="bbox 445 4001 2027 4073">
    <p class='ocr_par' dir='ltr' id='par_1_43' title="bbox 445 4001 2027 4073">
     <span class='ocr_line' id='line_1_43' title="bbox 445 4001 2027 4073; baseline 0.004 -19"><span class='ocrx_word' id='word_1_285' title='bbox 445 4001 725 4066; x_wconf 82' lang='lat' dir='ltr'><strong>sobolum,</strong></span> <span class='ocrx_word' id='word_1_286' title='bbox 760 4003 1010 4069; x_wconf 89' lang='lat' dir='ltr'><strong>verbum,</strong></span> <span class='ocrx_word' id='word_1_287' title='bbox 1054 4013 1304 4058; x_wconf 91' lang='lat' dir='ltr'><strong>mutuum</strong></span> <span class='ocrx_word' id='word_1_288' title='bbox 1337 4015 1516 4061; x_wconf 86' lang='lat' dir='ltr'><strong>vestre</strong></span> <span class='ocrx_word' id='word_1_289' title='bbox 1544 4004 1748 4073; x_wconf 88' lang='lat' dir='ltr'><strong>scripte</strong></span> <span class='ocrx_word' id='word_1_290' title='bbox 1783 4021 2027 4060; x_wconf 81' lang='lat' dir='ltr'><strong>conven-</strong></span> 
     </span>
    </p>
   </div>
   <div class='ocr_carea' id='block_1_44' title="bbox 442 4093 2023 4163">
    <p class='ocr_par' dir='ltr' id='par_1_44' title="bbox 442 4093 2023 4163">
     <span class='ocr_line' id='line_1_44' title="bbox 442 4093 2023 4163; baseline 0.006 -18"><span class='ocrx_word' id='word_1_291' title='bbox 442 4093 579 4146; x_wconf 92' lang='lat' dir='ltr'><strong>tioni</strong></span> <span class='ocrx_word' id='word_1_292' title='bbox 615 4109 712 4163; x_wconf 90' lang='lat' dir='ltr'><strong>per</strong></span> <span class='ocrx_word' id='word_1_293' title='bbox 744 4106 990 4152; x_wconf 87' lang='lat' dir='ltr'><strong>vestrum</strong></span> <span class='ocrx_word' id='word_1_294' title='bbox 1038 4111 1442 4152; x_wconf 88' lang='lat' dir='ltr'><strong>sacramentum</strong></span> <span class='ocrx_word' id='word_1_295' title='bbox 1492 4097 1811 4153; x_wconf 88' lang='lat' dir='ltr'><strong>conlirmate</strong></span> <span class='ocrx_word' id='word_1_296' title='bbox 1840 4107 1897 4152; x_wconf 91' lang='lat' dir='ltr'><strong>et</strong></span> <span class='ocrx_word' id='word_1_297' title='bbox 1927 4116 2023 4154; x_wconf 86' lang='lat' dir='ltr'><strong>ve-</strong></span> 
     </span>
    </p>
   </div>
   <div class='ocr_carea' id='block_1_45' title="bbox 439 4183 2023 4258">
    <p class='ocr_par' dir='ltr' id='par_1_45' title="bbox 439 4183 2023 4258">
     <span class='ocr_line' id='line_1_45' title="bbox 439 4183 2023 4258; baseline 0.004 -20"><span class='ocrx_word' id='word_1_298' title='bbox 439 4183 570 4239; x_wconf 82' lang='lat' dir='ltr'><strong>stris</strong></span> <span class='ocrx_word' id='word_1_299' title='bbox 607 4187 846 4256; x_wconf 85' lang='lat' dir='ltr'><strong>propriis</strong></span> <span class='ocrx_word' id='word_1_300' title='bbox 899 4187 1402 4258; x_wconf 88' lang='lat' dir='ltr'><strong>subscriptionibus</strong></span> <span class='ocrx_word' id='word_1_301' title='bbox 1453 4187 1832 4250; x_wconf 86' lang='lat' dir='ltr'><strong>corroborate.</strong></span> <span class='ocrx_word' id='word_1_302' title='bbox 1889 4191 2023 4245; x_wconf 86' lang='lat' dir='ltr'><strong>mis-</strong></span> 
     </span>
    </p>
   </div>
   <div class='ocr_carea' id='block_1_46' title="bbox 440 4278 2026 4347">
    <p class='ocr_par' dir='ltr' id='par_1_46' title="bbox 440 4278 2026 4347">
     <span class='ocr_line' id='line_1_46' title="bbox 440 4278 2026 4347; baseline 0.006 -18"><span class='ocrx_word' id='word_1_303' title='bbox 440 4291 563 4330; x_wconf 88' lang='lat' dir='ltr'><strong>sum</strong></span> <span class='ocrx_word' id='word_1_304' title='bbox 596 4286 679 4330; x_wconf 89' lang='lat' dir='ltr'><strong>est</strong></span> <span class='ocrx_word' id='word_1_305' title='bbox 713 4294 809 4347; x_wconf 91' lang='lat' dir='ltr'><strong>per</strong></span> <span class='ocrx_word' id='word_1_306' title='bbox 837 4295 935 4334; x_wconf 88' lang='lat' dir='ltr'><strong>vos</strong></span> <span class='ocrx_word' id='word_1_307' title='bbox 965 4279 1224 4336; x_wconf 89' lang='lat' dir='ltr'><strong>omnibus</strong></span> <span class='ocrx_word' id='word_1_308' title='bbox 1271 4278 1674 4335; x_wconf 84' lang='lat' dir='ltr'><strong>habitatoribus</strong></span> <span class='ocrx_word' id='word_1_309' title='bbox 1703 4279 1942 4338; x_wconf 85' lang='lat' dir='ltr'><strong>civitatis</strong></span> <span class='ocrx_word' id='word_1_310' title='bbox 1970 4291 2026 4338; x_wconf 87' lang='lat' dir='ltr'><strong>et</strong></span> 
     </span>
    </p>
   </div>
   <div class='ocr_carea' id='block_1_47' title="bbox 442 4369 906 4424">
    <p class='ocr_par' dir='ltr' id='par_1_47' title="bbox 442 4369 906 4424">
     <span class='ocr_line' id='line_1_47' title="bbox 442 4369 906 4424; baseline 0.009 -4"><span class='ocrx_word' id='word_1_311' title='bbox 442 4375 594 4422; x_wconf 91' lang='lat' dir='ltr'><strong>terre</strong></span> <span class='ocrx_word' id='word_1_312' title='bbox 635 4369 906 4424; x_wconf 83' lang='lat' dir='ltr'><strong>Pisarum.</strong></span> 
     </span>
    </p>
   </div>
   <div class='ocr_carea' id='block_1_48' title="bbox 521 4481 2025 4557">
    <p class='ocr_par' dir='ltr' id='par_1_48' title="bbox 521 4481 2025 4557">
     <span class='ocr_line' id='line_1_48' title="bbox 521 4481 2025 4557; baseline 0.008 -25"><span class='ocrx_word' id='word_1_313' title='bbox 521 4499 542 4530; x_wconf 86' lang='grc'><em>‹</em></span> <span class='ocrx_word' id='word_1_314' title='bbox 576 4481 798 4536; x_wconf 85' lang='lat' dir='ltr'><strong>Factum</strong></span> <span class='ocrx_word' id='word_1_315' title='bbox 836 4500 1023 4540; x_wconf 88' lang='lat' dir='ltr'><strong>mense</strong></span> <span class='ocrx_word' id='word_1_316' title='bbox 1055 4487 1299 4551; x_wconf 88' lang='lat' dir='ltr'><strong>Octobri,</strong></span> <span class='ocrx_word' id='word_1_317' title='bbox 1332 4487 1647 4542; x_wconf 90' lang='lat' dir='ltr'><strong>indictionis</strong></span> <span class='ocrx_word' id='word_1_318' title='bbox 1685 4487 1897 4557; x_wconf 88' lang='lat' dir='ltr'><strong>quinte,</strong></span> <span class='ocrx_word' id='word_1_319' title='bbox 1929 4504 2025 4544; x_wconf 76' lang='lat' dir='ltr'><strong>sex</strong></span> 
     </span>
    </p>
   </div>
   <div class='ocr_carea' id='block_1_49' title="bbox 442 4569 2026 4646">
    <p class='ocr_par' dir='ltr' id='par_1_49' title="bbox 442 4569 2026 4646">
     <span class='ocr_line' id='line_1_49' title="bbox 442 4569 2026 4646; baseline 0.009 -27"><span class='ocrx_word' id='word_1_320' title='bbox 442 4569 717 4624; x_wconf 88' lang='lat' dir='ltr'><strong>millesimi</strong></span> <span class='ocrx_word' id='word_1_321' title='bbox 764 4576 1148 4629; x_wconf 83' lang='lat' dir='ltr'><strong>sexcentesimi</strong></span> <span class='ocrx_word' id='word_1_322' title='bbox 1202 4577 1448 4630; x_wconf 85' lang='lat' dir='ltr'><strong>vicesimi</strong></span> <span class='ocrx_word' id='word_1_323' title='bbox 1508 4578 1657 4640; x_wconf 90' lang='lat' dir='ltr'><strong>anni,</strong></span> <span class='ocrx_word' id='word_1_324' title='bbox 1713 4578 1765 4630; x_wconf 92' lang='lat' dir='ltr'><strong>in</strong></span> <span class='ocrx_word' id='word_1_325' title='bbox 1809 4593 1920 4646; x_wconf 91' lang='lat' dir='ltr'><strong>quo</strong></span> <span class='ocrx_word' id='word_1_326' title='bbox 1969 4588 2026 4633; x_wconf 89' lang='lat' dir='ltr'><strong>et</strong></span> 
     </span>
    </p>
   </div>
   <div class='ocr_carea' id='block_1_50' title="bbox 442 4665 2023 4738">
    <p class='ocr_par' dir='ltr' id='par_1_50' title="bbox 442 4665 2023 4738">
     <span class='ocr_line' id='line_1_50' title="bbox 442 4665 2023 4738; baseline 0.008 -28"><span class='ocrx_word' id='word_1_327' title='bbox 442 4670 692 4714; x_wconf 71' lang='lat' dir='ltr'><strong>nostrum</strong></span> <span class='ocrx_word' id='word_1_328' title='bbox 725 4665 875 4731; x_wconf 88' lang='lat' dir='ltr'><strong>pium</strong></span> <span class='ocrx_word' id='word_1_329' title='bbox 905 4673 961 4717; x_wconf 88' lang='lat' dir='ltr'><strong>et</strong></span> <span class='ocrx_word' id='word_1_330' title='bbox 990 4681 1022 4720; x_wconf 89' lang='lat' dir='ltr'><strong>a</strong></span> <span class='ocrx_word' id='word_1_331' title='bbox 1060 4667 1292 4721; x_wconf 86' lang='lat' dir='ltr'><strong>Domino</strong></span> <span class='ocrx_word' id='word_1_332' title='bbox 1332 4667 1643 4722; x_wconf 86' lang='lat' dir='ltr'><strong>ordinatqu</strong></span> <span class='ocrx_word' id='word_1_333' title='bbox 1679 4667 2023 4738; x_wconf 84' lang='lat' dir='ltr'><strong>subsignavit</strong></span> 
     </span>
    </p>
   </div>
   <div class='ocr_carea' id='block_1_51' title="bbox 435 4752 754 4820">
    <p class='ocr_par' dir='ltr' id='par_1_51' title="bbox 435 4752 754 4820">
     <span class='ocr_line' id='line_1_51' title="bbox 435 4752 754 4820; baseline 0.006 -16"><span class='ocrx_word' id='word_1_334' title='bbox 435 4752 754 4820; x_wconf 77' lang='lat' dir='ltr'><strong>imperium.</strong></span> 
     </span>
    </p>
   </div>
   <div class='ocr_carea' id='block_1_52' title="bbox 518 4865 2024 4940">
    <p class='ocr_par' dir='ltr' id='par_1_52' title="bbox 518 4865 2024 4940">
     <span class='ocr_line' id='line_1_52' title="bbox 518 4865 2024 4940; baseline 0.009 -24"><span class='ocrx_word' id='word_1_335' title='bbox 518 4882 538 4916; x_wconf 74' lang='grc' dir='ltr'>ι</span> <span class='ocrx_word' id='word_1_336' title='bbox 589 4865 825 4922; x_wconf 65' lang='lat' dir='ltr'><strong>Annuus</strong></span> <span class='ocrx_word' id='word_1_337' title='bbox 878 4868 932 4923; x_wconf 90' lang='lat' dir='ltr'><strong>in</strong></span> <span class='ocrx_word' id='word_1_338' title='bbox 976 4869 1195 4925; x_wconf 90' lang='lat' dir='ltr'><strong>Christo</strong></span> <span class='ocrx_word' id='word_1_339' title='bbox 1244 4869 1355 4926; x_wconf 87' lang='lat' dir='ltr'><strong>Deo</strong></span> <span class='ocrx_word' id='word_1_340' title='bbox 1405 4870 1580 4926; x_wconf 86' lang='lat' dir='ltr'><strong>fidelis</strong></span> <span class='ocrx_word' id='word_1_341' title='bbox 1631 4870 1932 4940; x_wconf 88' lang='lat' dir='ltr'><strong>imperator</strong></span> <span class='ocrx_word' id='word_1_342' title='bbox 1969 4880 2024 4930; x_wconf 84' lang='lat' dir='ltr'><strong>et</strong></span> 
     </span>
    </p>
   </div>
   <div class='ocr_carea' id='block_1_53' title="bbox 440 4955 1544 5020">
    <p class='ocr_par' dir='ltr' id='par_1_53' title="bbox 440 4955 1544 5020">
     <span class='ocr_line' id='line_1_53' title="bbox 440 4955 1544 5020; baseline 0.005 -11"><span class='ocrx_word' id='word_1_343' title='bbox 440 4955 756 5011; x_wconf 89' lang='lat' dir='ltr'><strong>moderator</strong></span> <span class='ocrx_word' id='word_1_344' title='bbox 791 4957 1117 5015; x_wconf 76' lang='lat' dir='ltr'><strong>ilonieorum</strong></span> <span class='ocrx_word' id='word_1_345' title='bbox 1154 4962 1490 5020; x_wconf 84' lang='lat' dir='ltr'><strong>Comnanus.</strong></span> <span class='ocrx_word' id='word_1_346' title='bbox 1525 4981 1544 5015; x_wconf 75' lang='grc' dir='ltr'><strong><em>ι</em></strong></span> 
     </span>
    </p>
   </div>
   <div class='ocr_carea' id='block_1_54' title="bbox 515 5091 1364 5153">
    <p class='ocr_par' dir='ltr' id='par_1_54' title="bbox 515 5091 1364 5153">
     <span class='ocr_line' id='line_1_54' title="bbox 515 5091 1364 5153; baseline 0.009 -9"><span class='ocrx_word' id='word_1_347' title='bbox 515 5091 732 5148; x_wconf 84' lang='lat' dir='ltr'><strong>Domini</strong></span> <span class='ocrx_word' id='word_1_348' title='bbox 777 5110 908 5149; x_wconf 88' lang='lat' dir='ltr'><strong>vero</strong></span> <span class='ocrx_word' id='word_1_349' title='bbox 943 5095 1206 5152; x_wconf 83' lang='lat' dir='ltr'><strong>Manuelis</strong></span> <span class='ocrx_word' id='word_1_350' title='bbox 1242 5097 1364 5153; x_wconf 88' lang='lat' dir='ltr'><strong>sic:</strong></span> 
     </span>
    </p>
   </div>
   <div class='ocr_carea' id='block_1_55' title="bbox 518 5184 2023 5264">
    <p class='ocr_par' dir='ltr' id='par_1_55' title="bbox 518 5184 2023 5264">
     <span class='ocr_line' id='line_1_55' title="bbox 518 5184 2023 5264; baseline 0.008 -27"><span class='ocrx_word' id='word_1_351' title='bbox 518 5203 540 5236; x_wconf 84' lang='grc'><em>‹</em></span> <span class='ocrx_word' id='word_1_352' title='bbox 577 5184 898 5241; x_wconf 85' lang='lat' dir='ltr'><strong>Fidelissimi</strong></span> <span class='ocrx_word' id='word_1_353' title='bbox 939 5189 1171 5257; x_wconf 88' lang='lat' dir='ltr'><strong>imperio</strong></span> <span class='ocrx_word' id='word_1_354' title='bbox 1217 5201 1404 5246; x_wconf 89' lang='lat' dir='ltr'><strong>nostro</strong></span> <span class='ocrx_word' id='word_1_355' title='bbox 1447 5191 1628 5247; x_wconf 84' lang='lat' dir='ltr'><strong>Pisani</strong></span> <span class='ocrx_word' id='word_1_356' title='bbox 1673 5191 1856 5264; x_wconf 87' lang='lat' dir='ltr'><strong>adepti</strong></span> <span class='ocrx_word' id='word_1_357' title='bbox 1903 5193 2023 5249; x_wconf 87' lang='lat' dir='ltr'><strong>fue-</strong></span> 
     </span>
    </p>
   </div>
   <div class='ocr_carea' id='block_1_56' title="bbox 439 5279 2024 5356">
    <p class='ocr_par' dir='ltr' id='par_1_56' title="bbox 439 5279 2024 5356">
     <span class='ocr_line' id='line_1_56' title="bbox 439 5279 2024 5356; baseline 0.005 -24"><span class='ocrx_word' id='word_1_358' title='bbox 439 5286 572 5332; x_wconf 86' lang='lat' dir='ltr'><strong>runt</strong></span> <span class='ocrx_word' id='word_1_359' title='bbox 597 5279 707 5348; x_wconf 82' lang='lat' dir='ltr'><strong>iant</strong></span> <span class='ocrx_word' id='word_1_360' title='bbox 743 5280 796 5333; x_wconf 86' lang='lat' dir='ltr'><strong>in</strong></span> <span class='ocrx_word' id='word_1_361' title='bbox 831 5295 1023 5348; x_wconf 80' lang='lat' dir='ltr'><strong>magna</strong></span> <span class='ocrx_word' id='word_1_362' title='bbox 1065 5281 1219 5344; x_wconf 91' lang='lat' dir='ltr'><strong>urbe,</strong></span> <span class='ocrx_word' id='word_1_363' title='bbox 1261 5299 1358 5352; x_wconf 87' lang='lat' dir='ltr'><strong>per</strong></span> <span class='ocrx_word' id='word_1_364' title='bbox 1385 5284 1775 5355; x_wconf 65' lang='lat' dir='ltr'><strong>chrisobulum</strong></span> <span class='ocrx_word' id='word_1_365' title='bbox 1805 5301 2024 5356; x_wconf 87' lang='lat' dir='ltr'><strong>semper</strong></span> 
     </span>
    </p>
   </div>
   <div class='ocr_carea' id='block_1_57' title="bbox 441 5371 2031 5447">
    <p class='ocr_par' dir='ltr' id='par_1_57' title="bbox 441 5371 2031 5447">
     <span class='ocr_line' id='line_1_57' title="bbox 441 5371 2031 5447; baseline 0.005 -23"><span class='ocrx_word' id='word_1_366' title='bbox 441 5371 785 5428; x_wconf 84' lang='lat' dir='ltr'><strong>memorandi</strong></span> <span class='ocrx_word' id='word_1_367' title='bbox 837 5375 928 5429; x_wconf 90' lang='lat' dir='ltr'><strong>avi</strong></span> <span class='ocrx_word' id='word_1_368' title='bbox 963 5375 1178 5443; x_wconf 87' lang='lat' dir='ltr'><strong>imperii</strong></span> <span class='ocrx_word' id='word_1_369' title='bbox 1235 5377 1429 5444; x_wconf 86' lang='lat' dir='ltr'><strong>nostri,</strong></span> <span class='ocrx_word' id='word_1_370' title='bbox 1459 5387 1516 5432; x_wconf 88' lang='lat' dir='ltr'><strong>et</strong></span> <span class='ocrx_word' id='word_1_371' title='bbox 1543 5394 1760 5432; x_wconf 84' lang='lat' dir='ltr'><strong>rursum</strong></span> <span class='ocrx_word' id='word_1_372' title='bbox 1811 5393 2031 5447; x_wconf 84' lang='lat' dir='ltr'><strong>semper</strong></span> 
     </span>
    </p>
   </div>
   <div class='ocr_carea' id='block_1_58' title="bbox 444 5465 2028 5536">
    <p class='ocr_par' dir='ltr' id='par_1_58' title="bbox 444 5465 2028 5536">
     <span class='ocr_line' id='line_1_58' title="bbox 444 5465 2028 5536; baseline 0.003 -16"><span class='ocrx_word' id='word_1_373' title='bbox 444 5465 788 5521; x_wconf 82' lang='lat' dir='ltr'><strong>memorandi</strong></span> <span class='ocrx_word' id='word_1_374' title='bbox 833 5466 1042 5521; x_wconf 83' lang='lat' dir='ltr'><strong>detnini</strong></span> <span class='ocrx_word' id='word_1_375' title='bbox 1091 5476 1151 5522; x_wconf 87' lang='lat' dir='ltr'><strong>et</strong></span> <span class='ocrx_word' id='word_1_376' title='bbox 1205 5467 1377 5536; x_wconf 88' lang='lat' dir='ltr'><strong>patris</strong></span> <span class='ocrx_word' id='word_1_377' title='bbox 1414 5470 1756 5526; x_wconf 88' lang='lat' dir='ltr'><strong>celsitudinis</strong></span> <span class='ocrx_word' id='word_1_378' title='bbox 1800 5479 2028 5535; x_wconf 80' lang='lat' dir='ltr'><strong>nostre,</strong></span> 
     </span>
    </p>
   </div>
   <div class='ocr_carea' id='block_1_59' title="bbox 440 5560 2028 5634">
    <p class='ocr_par' dir='ltr' id='par_1_59' title="bbox 440 5560 2028 5634">
     <span class='ocr_line' id='line_1_59' title="bbox 440 5560 2028 5634; baseline 0.004 -22"><span class='ocrx_word' id='word_1_379' title='bbox 440 5560 722 5614; x_wconf 84' lang='lat' dir='ltr'><strong>embolum</strong></span> <span class='ocrx_word' id='word_1_380' title='bbox 754 5568 813 5616; x_wconf 92' lang='lat' dir='ltr'><strong>et</strong></span> <span class='ocrx_word' id='word_1_381' title='bbox 837 5561 1038 5617; x_wconf 86' lang='lat' dir='ltr'><strong>scalam</strong></span> <span class='ocrx_word' id='word_1_382' title='bbox 1072 5571 1128 5617; x_wconf 91' lang='lat' dir='ltr'><strong>et</strong></span> <span class='ocrx_word' id='word_1_383' title='bbox 1159 5562 1480 5629; x_wconf 89' lang='lat' dir='ltr'><strong>ecclesiam,</strong></span> <span class='ocrx_word' id='word_1_384' title='bbox 1529 5565 1832 5620; x_wconf 84' lang='lat' dir='ltr'><strong>secundum</strong></span> <span class='ocrx_word' id='word_1_385' title='bbox 1882 5564 2028 5634; x_wconf 88' lang='lat' dir='ltr'><strong>quod</strong></span> 
     </span>
    </p>
   </div>
   <div class='ocr_carea' id='block_1_60' title="bbox 2107 502 3687 586">
    <p class='ocr_par' dir='ltr' id='par_1_60' title="bbox 2107 502 3687 586">
     <span class='ocr_line' id='line_1_60' title="bbox 2107 502 3687 586; baseline -0.009 -17"><span class='ocrx_word' id='word_1_386' title='bbox 2107 525 2239 569; x_wconf 87' lang='lat' dir='ltr'><strong>sunt</strong></span> <span class='ocrx_word' id='word_1_387' title='bbox 2266 516 2401 586; x_wconf 67' lang='grc'><strong>(44).</strong></span> <span class='ocrx_word' id='word_1_388' title='bbox 2440 515 2712 580; x_wconf 86' lang='lat' dir='ltr'><strong>Quoniam</strong></span> <span class='ocrx_word' id='word_1_389' title='bbox 2761 529 2896 570; x_wconf 86' lang='lat' dir='ltr'><strong>vero</strong></span> <span class='ocrx_word' id='word_1_390' title='bbox 2923 523 3051 568; x_wconf 86' lang='lat' dir='ltr'><strong>ante</strong></span> <span class='ocrx_word' id='word_1_391' title='bbox 3081 522 3298 578; x_wconf 78' lang='lat' dir='ltr'><strong>tempus</strong></span> <span class='ocrx_word' id='word_1_392' title='bbox 3325 507 3398 560; x_wconf 89' lang='lat' dir='ltr'><strong>ob</strong></span> <span class='ocrx_word' id='word_1_393' title='bbox 3427 502 3687 574; x_wconf 84' lang='lat' dir='ltr'><strong>quasdam</strong></span> 
     </span>
    </p>
   </div>
   <div class='ocr_carea' id='block_1_61' title="bbox 2108 594 3689 677">
    <p class='ocr_par' dir='ltr' id='par_1_61' title="bbox 2108 594 3689 677">
     <span class='ocr_line' id='line_1_61' title="bbox 2108 594 3689 677; baseline -0.01 -16"><span class='ocrx_word' id='word_1_394' title='bbox 2108 621 2302 661; x_wconf 88' lang='lat' dir='ltr'><strong>causas</strong></span> <span class='ocrx_word' id='word_1_395' title='bbox 2347 608 2520 662; x_wconf 89' lang='lat' dir='ltr'><strong>voluit</strong></span> <span class='ocrx_word' id='word_1_396' title='bbox 2567 608 2860 677; x_wconf 88' lang='lat' dir='ltr'><strong>imperium</strong></span> <span class='ocrx_word' id='word_1_397' title='bbox 2912 613 3164 660; x_wconf 86' lang='lat' dir='ltr'><strong>nostrum</strong></span> <span class='ocrx_word' id='word_1_398' title='bbox 3217 596 3536 669; x_wconf 88' lang='lat' dir='ltr'><strong>huiusmodi</strong></span> <span class='ocrx_word' id='word_1_399' title='bbox 3579 594 3689 647; x_wconf 76' lang='lat' dir='ltr'><strong>loca</strong></span> 
     </span>
    </p>
   </div>
   <div class='ocr_carea' id='block_1_62' title="bbox 2108 688 3690 770">
    <p class='ocr_par' dir='ltr' id='par_1_62' title="bbox 2108 688 3690 770">
     <span class='ocr_line' id='line_1_62' title="bbox 2108 688 3690 770; baseline -0.008 -17"><span class='ocrx_word' id='word_1_400' title='bbox 2108 700 2190 753; x_wconf 89' lang='lat' dir='ltr'><strong>eis</strong></span> <span class='ocrx_word' id='word_1_401' title='bbox 2221 709 2455 762; x_wconf 85' lang='lat' dir='ltr'><strong>mutare,</strong></span> <span class='ocrx_word' id='word_1_402' title='bbox 2489 699 2679 768; x_wconf 84' lang='lat' dir='ltr'><strong>eisque</strong></span> <span class='ocrx_word' id='word_1_403' title='bbox 2720 713 2819 770; x_wconf 90' lang='lat' dir='ltr'><strong>pro</strong></span> <span class='ocrx_word' id='word_1_404' title='bbox 2851 699 2938 753; x_wconf 88' lang='lat' dir='ltr'><strong>his</strong></span> <span class='ocrx_word' id='word_1_405' title='bbox 2968 697 3083 750; x_wconf 88' lang='lat' dir='ltr'><strong>dari</strong></span> <span class='ocrx_word' id='word_1_406' title='bbox 3117 695 3224 749; x_wconf 86' lang='lat' dir='ltr'><strong>alia</strong></span> <span class='ocrx_word' id='word_1_407' title='bbox 3259 695 3400 746; x_wconf 85' lang='lat' dir='ltr'><strong>ultra</strong></span> <span class='ocrx_word' id='word_1_408' title='bbox 3433 690 3489 744; x_wconf 91' lang='lat' dir='ltr'><strong>in</strong></span> <span class='ocrx_word' id='word_1_409' title='bbox 3521 688 3690 758; x_wconf 81' lang='lat' dir='ltr'><strong>parti-</strong></span> 
     </span>
    </p>
   </div>
   <div class='ocr_carea' id='block_1_63' title="bbox 2109 779 3692 860">
    <p class='ocr_par' dir='ltr' id='par_1_63' title="bbox 2109 779 3692 860">
     <span class='ocr_line' id='line_1_63' title="bbox 2109 779 3692 860; baseline -0.007 -16"><span class='ocrx_word' id='word_1_410' title='bbox 2109 789 2216 844; x_wconf 89' lang='lat' dir='ltr'><strong>bus</strong></span> <span class='ocrx_word' id='word_1_411' title='bbox 2251 805 2444 860; x_wconf 80' lang='lat' dir='ltr'><strong>magne</strong></span> <span class='ocrx_word' id='word_1_412' title='bbox 2490 790 2646 844; x_wconf 84' lang='lat' dir='ltr'><strong>urbis</strong></span> <span class='ocrx_word' id='word_1_413' title='bbox 2693 790 2980 859; x_wconf 87' lang='lat' dir='ltr'><strong>oppositis,</strong></span> <span class='ocrx_word' id='word_1_414' title='bbox 3017 787 3119 858; x_wconf 92' lang='lat' dir='ltr'><strong>ipsi</strong></span> <span class='ocrx_word' id='word_1_415' title='bbox 3151 795 3336 839; x_wconf 90' lang='lat' dir='ltr'><strong>autem</strong></span> <span class='ocrx_word' id='word_1_416' title='bbox 3368 779 3692 836; x_wconf 80' lang='lat' dir='ltr'><strong>accedentes</strong></span> 
     </span>
    </p>
   </div>
   <div class='ocr_carea' id='block_1_64' title="bbox 2111 869 3690 948">
    <p class='ocr_par' dir='ltr' id='par_1_64' title="bbox 2111 869 3690 948">
     <span class='ocr_line' id='line_1_64' title="bbox 2111 869 3690 948; baseline -0.009 -14"><span class='ocrx_word' id='word_1_417' title='bbox 2111 879 2401 934; x_wconf 89' lang='lat' dir='ltr'><strong>clementie</strong></span> <span class='ocrx_word' id='word_1_418' title='bbox 2441 887 2627 933; x_wconf 88' lang='lat' dir='ltr'><strong>nostre</strong></span> <span class='ocrx_word' id='word_1_419' title='bbox 2659 878 3106 948; x_wconf 87' lang='lat' dir='ltr'><strong>supplicaverunt</strong></span> <span class='ocrx_word' id='word_1_420' title='bbox 3135 885 3198 928; x_wconf 90' lang='lat' dir='ltr'><strong>ut</strong></span> <span class='ocrx_word' id='word_1_421' title='bbox 3232 874 3337 928; x_wconf 88' lang='lat' dir='ltr'><strong>hoc</strong></span> <span class='ocrx_word' id='word_1_422' title='bbox 3371 885 3481 925; x_wconf 90' lang='lat' dir='ltr'><strong>non</strong></span> <span class='ocrx_word' id='word_1_423' title='bbox 3521 869 3690 931; x_wconf 81' lang='lat' dir='ltr'><strong>ticret,</strong></span> 
     </span>
    </p>
   </div>
   <div class='ocr_carea' id='block_1_65' title="bbox 2109 959 3690 1040">
    <p class='ocr_par' dir='ltr' id='par_1_65' title="bbox 2109 959 3690 1040">
     <span class='ocr_line' id='line_1_65' title="bbox 2109 959 3690 1040; baseline -0.008 -18"><span class='ocrx_word' id='word_1_424' title='bbox 2109 985 2300 1023; x_wconf 90' lang='lat' dir='ltr'><strong>verum</strong></span> <span class='ocrx_word' id='word_1_425' title='bbox 2347 979 2534 1025; x_wconf 88' lang='lat' dir='ltr'><strong>essent</strong></span> <span class='ocrx_word' id='word_1_426' title='bbox 2579 972 2632 1025; x_wconf 91' lang='lat' dir='ltr'><strong>in</strong></span> <span class='ocrx_word' id='word_1_427' title='bbox 2683 970 3030 1040; x_wconf 86' lang='lat' dir='ltr'><strong>possessione</strong></span> <span class='ocrx_word' id='word_1_428' title='bbox 3083 980 3274 1022; x_wconf 88' lang='lat' dir='ltr'><strong>eorum</strong></span> <span class='ocrx_word' id='word_1_429' title='bbox 3325 977 3432 1032; x_wconf 91' lang='lat' dir='ltr'><strong>que</strong></span> <span class='ocrx_word' id='word_1_430' title='bbox 3485 959 3690 1029; x_wconf 84' lang='lat' dir='ltr'><strong>pridem</strong></span> 
     </span>
    </p>
   </div>
   <div class='ocr_carea' id='block_1_66' title="bbox 2111 1055 3694 1131">
    <p class='ocr_par' dir='ltr' id='par_1_66' title="bbox 2111 1055 3694 1131">
     <span class='ocr_line' id='line_1_66' title="bbox 2111 1055 3694 1131; baseline -0.006 -19"><span class='ocrx_word' id='word_1_431' title='bbox 2111 1059 2407 1122; x_wconf 87' lang='lat' dir='ltr'><strong>habebant.</strong></span> <span class='ocrx_word' id='word_1_432' title='bbox 2442 1063 2710 1117; x_wconf 86' lang='lat' dir='ltr'><strong>serenitas</strong></span> <span class='ocrx_word' id='word_1_433' title='bbox 2753 1060 2970 1131; x_wconf 88' lang='lat' dir='ltr'><strong>imperii</strong></span> <span class='ocrx_word' id='word_1_434' title='bbox 3012 1059 3182 1114; x_wconf 90' lang='lat' dir='ltr'><strong>nostri</strong></span> <span class='ocrx_word' id='word_1_435' title='bbox 3213 1059 3290 1112; x_wconf 87' lang='lat' dir='ltr'><strong>sic</strong></span> <span class='ocrx_word' id='word_1_436' title='bbox 3323 1055 3439 1109; x_wconf 76' lang='lat' dir='ltr'><strong>fieri</strong></span> <span class='ocrx_word' id='word_1_437' title='bbox 3469 1065 3694 1107; x_wconf 80' lang='lat' dir='ltr'><strong>conces-</strong></span> 
     </span>
    </p>
   </div>
   <div class='ocr_carea' id='block_1_67' title="bbox 2110 1141 3690 1222">
    <p class='ocr_par' dir='ltr' id='par_1_67' title="bbox 2110 1141 3690 1222">
     <span class='ocr_line' id='line_1_67' title="bbox 2110 1141 3690 1222; baseline -0.008 -17"><span class='ocrx_word' id='word_1_438' title='bbox 2110 1151 2200 1205; x_wconf 89' lang='lat' dir='ltr'><strong>sit.</strong></span> <span class='ocrx_word' id='word_1_439' title='bbox 2240 1152 2304 1205; x_wconf 86' lang='lat' dir='ltr'><strong>Et</strong></span> <span class='ocrx_word' id='word_1_440' title='bbox 2335 1153 2594 1221; x_wconf 90' lang='lat' dir='ltr'><strong>quoniam</strong></span> <span class='ocrx_word' id='word_1_441' title='bbox 2646 1151 2891 1222; x_wconf 87' lang='lat' dir='ltr'><strong>oportuit</strong></span> <span class='ocrx_word' id='word_1_442' title='bbox 2944 1157 3348 1206; x_wconf 88' lang='lat' dir='ltr'><strong>sacramentum</strong></span> <span class='ocrx_word' id='word_1_443' title='bbox 3382 1146 3452 1198; x_wconf 90' lang='lat' dir='ltr'><strong>ab</strong></span> <span class='ocrx_word' id='word_1_444' title='bbox 3482 1144 3552 1198; x_wconf 91' lang='lat' dir='ltr'><strong>iis</strong></span> <span class='ocrx_word' id='word_1_445' title='bbox 3581 1141 3690 1196; x_wconf 80' lang='lat' dir='ltr'><strong>ﬁeri</strong></span> 
     </span>
    </p>
   </div>
   <div class='ocr_carea' id='block_1_68' title="bbox 2115 1237 3692 1315">
    <p class='ocr_par' dir='ltr' id='par_1_68' title="bbox 2115 1237 3692 1315">
     <span class='ocr_line' id='line_1_68' title="bbox 2115 1237 3692 1315; baseline -0.004 -23"><span class='ocrx_word' id='word_1_446' title='bbox 2115 1240 2347 1312; x_wconf 91' lang='lat' dir='ltr'><strong>imperio</strong></span> <span class='ocrx_word' id='word_1_447' title='bbox 2395 1255 2581 1299; x_wconf 88' lang='lat' dir='ltr'><strong>nostro</strong></span> <span class='ocrx_word' id='word_1_448' title='bbox 2618 1245 2930 1315; x_wconf 88' lang='lat' dir='ltr'><strong>huiusmodi</strong></span> <span class='ocrx_word' id='word_1_449' title='bbox 2974 1242 3176 1314; x_wconf 84' lang='lat' dir='ltr'><strong>negotii</strong></span> <span class='ocrx_word' id='word_1_450' title='bbox 3213 1239 3411 1312; x_wconf 84' lang='lat' dir='ltr'><strong>gratia,</strong></span> <span class='ocrx_word' id='word_1_451' title='bbox 3462 1237 3692 1306; x_wconf 85' lang='lat' dir='ltr'><strong>priorem</strong></span> 
     </span>
    </p>
   </div>
   <div class='ocr_carea' id='block_1_69' title="bbox 2113 1331 3692 1392">
    <p class='ocr_par' dir='ltr' id='par_1_69' title="bbox 2113 1331 3692 1392">
     <span class='ocr_line' id='line_1_69' title="bbox 2113 1331 3692 1392; baseline -0.008 -3"><span class='ocrx_word' id='word_1_452' title='bbox 2113 1337 2534 1391; x_wconf 80' lang='lat' dir='ltr'><strong>conventionem</strong></span> <span class='ocrx_word' id='word_1_453' title='bbox 2565 1346 2619 1390; x_wconf 91' lang='lat' dir='ltr'><strong>et</strong></span> <span class='ocrx_word' id='word_1_454' title='bbox 2648 1344 2991 1392; x_wconf 89' lang='lat' dir='ltr'><strong>sacramenta</strong></span> <span class='ocrx_word' id='word_1_455' title='bbox 3041 1349 3232 1388; x_wconf 91' lang='lat' dir='ltr'><strong>eorum</strong></span> <span class='ocrx_word' id='word_1_456' title='bbox 3283 1331 3654 1385; x_wconf 85' lang='lat' dir='ltr'><strong>corroborans</strong></span> <span class='ocrx_word' id='word_1_457' title='bbox 3677 1364 3692 1388; x_wconf 93' lang='lat'><strong>,</strong></span> 
     </span>
    </p>
   </div>
   <div class='ocr_carea' id='block_1_70' title="bbox 2111 1421 3694 1497">
    <p class='ocr_par' dir='ltr' id='par_1_70' title="bbox 2111 1421 3694 1497">
     <span class='ocr_line' id='line_1_70' title="bbox 2111 1421 3694 1497; baseline -0.009 -11"><span class='ocrx_word' id='word_1_458' title='bbox 2111 1436 2166 1481; x_wconf 84' lang='lat' dir='ltr'><strong>et</strong></span> <span class='ocrx_word' id='word_1_459' title='bbox 2200 1428 2403 1497; x_wconf 88' lang='lat' dir='ltr'><strong>quippe</strong></span> <span class='ocrx_word' id='word_1_460' title='bbox 2431 1429 2496 1482; x_wconf 81' lang='lat' dir='ltr'><strong>ad</strong></span> <span class='ocrx_word' id='word_1_461' title='bbox 2533 1439 2772 1483; x_wconf 88' lang='lat' dir='ltr'><strong>nostram</strong></span> <span class='ocrx_word' id='word_1_462' title='bbox 2814 1428 3168 1484; x_wconf 83' lang='lat' dir='ltr'><strong>serenitatem</strong></span> <span class='ocrx_word' id='word_1_463' title='bbox 3212 1421 3474 1493; x_wconf 83' lang='lat' dir='ltr'><strong>legatiab</strong></span> <span class='ocrx_word' id='word_1_464' title='bbox 3508 1421 3694 1488; x_wconf 85' lang='lat' dir='ltr'><strong>hujus-</strong></span> 
     </span>
    </p>
   </div>
   <div class='ocr_carea' id='block_1_71' title="bbox 2113 1514 3694 1590">
    <p class='ocr_par' dir='ltr' id='par_1_71' title="bbox 2113 1514 3694 1590">
     <span class='ocr_line' id='line_1_71' title="bbox 2113 1514 3694 1590; baseline -0.006 -18"><span class='ocrx_word' id='word_1_465' title='bbox 2113 1520 2258 1573; x_wconf 84' lang='lat' dir='ltr'><strong>tnodi</strong></span> <span class='ocrx_word' id='word_1_466' title='bbox 2299 1529 2443 1575; x_wconf 89' lang='lat' dir='ltr'><strong>terra</strong></span> <span class='ocrx_word' id='word_1_467' title='bbox 2474 1523 2733 1590; x_wconf 89' lang='lat' dir='ltr'><strong>equidem</strong></span> <span class='ocrx_word' id='word_1_468' title='bbox 2787 1526 3185 1590; x_wconf 87' lang='lat' dir='ltr'><strong>pervenerunt,</strong></span> <span class='ocrx_word' id='word_1_469' title='bbox 3237 1514 3694 1585; x_wconf 84' lang='lat' dir='ltr'><strong>prudentissimus</strong></span> 
     </span>
    </p>
   </div>
   <div class='ocr_carea' id='block_1_72' title="bbox 2114 1611 3690 1684">
    <p class='ocr_par' dir='ltr' id='par_1_72' title="bbox 2114 1611 3690 1684">
     <span class='ocr_line' id='line_1_72' title="bbox 2114 1611 3690 1684; baseline -0.006 -20"><span class='ocrx_word' id='word_1_470' title='bbox 2114 1611 2372 1666; x_wconf 87' lang='lat' dir='ltr'><strong>videlicet</strong></span> <span class='ocrx_word' id='word_1_471' title='bbox 2405 1615 2597 1667; x_wconf 89' lang='lat' dir='ltr'><strong>consul</strong></span> <span class='ocrx_word' id='word_1_472' title='bbox 2634 1613 2945 1684; x_wconf 89' lang='lat' dir='ltr'><strong>huiusmodi</strong></span> <span class='ocrx_word' id='word_1_473' title='bbox 2989 1623 3130 1667; x_wconf 87' lang='lat' dir='ltr'><strong>terre</strong></span> <span class='ocrx_word' id='word_1_474' title='bbox 3170 1611 3451 1670; x_wconf 84' lang='lat' dir='ltr'><strong>Albertus,</strong></span> <span class='ocrx_word' id='word_1_475' title='bbox 3484 1613 3542 1659; x_wconf 90' lang='lat' dir='ltr'><strong>et</strong></span> <span class='ocrx_word' id='word_1_476' title='bbox 3574 1619 3690 1658; x_wconf 88' lang='lat' dir='ltr'><strong>cmn</strong></span> 
     </span>
    </p>
   </div>
   <div class='ocr_carea' id='block_1_73' title="bbox 2113 1701 3693 1778">
    <p class='ocr_par' dir='ltr' id='par_1_73' title="bbox 2113 1701 3693 1778">
     <span class='ocr_line' id='line_1_73' title="bbox 2113 1701 3693 1778; baseline -0.005 -18"><span class='ocrx_word' id='word_1_477' title='bbox 2113 1722 2181 1760; x_wconf 90' lang='lat' dir='ltr'><strong>eo</strong></span> <span class='ocrx_word' id='word_1_478' title='bbox 2223 1707 2388 1778; x_wconf 76' lang='lat' dir='ltr'><strong>iudex</strong></span> <span class='ocrx_word' id='word_1_479' title='bbox 2438 1708 2790 1778; x_wconf 88' lang='lat' dir='ltr'><strong>Burgundios</strong></span> <span class='ocrx_word' id='word_1_480' title='bbox 2817 1717 2873 1762; x_wconf 91' lang='lat' dir='ltr'><strong>et</strong></span> <span class='ocrx_word' id='word_1_481' title='bbox 2899 1722 3085 1762; x_wconf 89' lang='lat' dir='ltr'><strong>eomes</strong></span> <span class='ocrx_word' id='word_1_482' title='bbox 3135 1706 3371 1764; x_wconf 80' lang='lat' dir='ltr'><strong>Marcus,</strong></span> <span class='ocrx_word' id='word_1_483' title='bbox 3417 1711 3475 1756; x_wconf 90' lang='lat' dir='ltr'><strong>et</strong></span> <span class='ocrx_word' id='word_1_484' title='bbox 3524 1701 3693 1754; x_wconf 79' lang='lat' dir='ltr'><strong>fecere</strong></span> 
     </span>
    </p>
   </div>
   <div class='ocr_carea' id='block_1_74' title="bbox 2116 1790 3692 1868">
    <p class='ocr_par' dir='ltr' id='par_1_74' title="bbox 2116 1790 3692 1868">
     <span class='ocr_line' id='line_1_74' title="bbox 2116 1790 3692 1868; baseline -0.007 -16"><span class='ocrx_word' id='word_1_485' title='bbox 2116 1797 2348 1868; x_wconf 90' lang='lat' dir='ltr'><strong>imperio</strong></span> <span class='ocrx_word' id='word_1_486' title='bbox 2377 1808 2564 1854; x_wconf 89' lang='lat' dir='ltr'><strong>nostro</strong></span> <span class='ocrx_word' id='word_1_487' title='bbox 2594 1807 3020 1863; x_wconf 89' lang='lat' dir='ltr'><strong>sacramentum,</strong></span> <span class='ocrx_word' id='word_1_488' title='bbox 3065 1795 3255 1852; x_wconf 90' lang='lat' dir='ltr'><strong>consul</strong></span> <span class='ocrx_word' id='word_1_489' title='bbox 3293 1793 3519 1863; x_wconf 89' lang='lat' dir='ltr'><strong>quidem</strong></span> <span class='ocrx_word' id='word_1_490' title='bbox 3557 1790 3692 1843; x_wconf 89' lang='lat' dir='ltr'><strong>noti-</strong></span> 
     </span>
    </p>
   </div>
   <div class='ocr_carea' id='block_1_75' title="bbox 2117 1883 3695 1946">
    <p class='ocr_par' dir='ltr' id='par_1_75' title="bbox 2117 1883 3695 1946">
     <span class='ocr_line' id='line_1_75' title="bbox 2117 1883 3695 1946; baseline -0.006 -2"><span class='ocrx_word' id='word_1_491' title='bbox 2117 1891 2388 1946; x_wconf 82' lang='lat' dir='ltr'><strong>iicandum</strong></span> <span class='ocrx_word' id='word_1_492' title='bbox 2424 1901 2830 1946; x_wconf 88' lang='lat' dir='ltr'><strong>sacramentum</strong></span> <span class='ocrx_word' id='word_1_493' title='bbox 2869 1891 2950 1946; x_wconf 90' lang='lat' dir='ltr'><strong>sic</strong></span> <span class='ocrx_word' id='word_1_494' title='bbox 2977 1889 3278 1945; x_wconf 87' lang='lat' dir='ltr'><strong>secundum</strong></span> <span class='ocrx_word' id='word_1_495' title='bbox 3315 1885 3484 1938; x_wconf 87' lang='lat' dir='ltr'><strong>verba</strong></span> <span class='ocrx_word' id='word_1_496' title='bbox 3522 1883 3695 1939; x_wconf 86' lang='lat' dir='ltr'><strong>couti-</strong></span> 
     </span>
    </p>
   </div>
   <div class='ocr_carea' id='block_1_76' title="bbox 2116 1976 3691 2056">
    <p class='ocr_par' dir='ltr' id='par_1_76' title="bbox 2116 1976 3691 2056">
     <span class='ocr_line' id='line_1_76' title="bbox 2116 1976 3691 2056; baseline -0.006 -19"><span class='ocrx_word' id='word_1_497' title='bbox 2116 1999 2297 2038; x_wconf 84' lang='lat' dir='ltr'><strong>nens:</strong></span> <span class='ocrx_word' id='word_1_498' title='bbox 2335 2004 2354 2036; x_wconf 73' lang='grc' dir='ltr'>ι</span> <span class='ocrx_word' id='word_1_499' title='bbox 2391 1985 2502 2056; x_wconf 87' lang='lat' dir='ltr'><strong>Ego</strong></span> <span class='ocrx_word' id='word_1_500' title='bbox 2533 1986 2722 2041; x_wconf 86' lang='lat' dir='ltr'><strong>consul</strong></span> <span class='ocrx_word' id='word_1_501' title='bbox 2765 1985 3031 2046; x_wconf 83' lang='lat' dir='ltr'><strong>Pisarum,</strong></span> <span class='ocrx_word' id='word_1_502' title='bbox 3069 1981 3279 2050; x_wconf 79' lang='lat' dir='ltr'><strong>legatus</strong></span> <span class='ocrx_word' id='word_1_503' title='bbox 3311 1976 3380 2033; x_wconf 86' lang='lat' dir='ltr'><strong>ad</strong></span> <span class='ocrx_word' id='word_1_504' title='bbox 3412 1977 3691 2031; x_wconf 89' lang='lat' dir='ltr'><strong>domlnum</strong></span> 
     </span>
    </p>
   </div>
   <div class='ocr_carea' id='block_1_77' title="bbox 2123 2074 3694 2144">
    <p class='ocr_par' dir='ltr' id='par_1_77' title="bbox 2123 2074 3694 2144">
     <span class='ocr_line' id='line_1_77' title="bbox 2123 2074 3694 2144; baseline -0.006 -16"><span class='ocrx_word' id='word_1_505' title='bbox 2123 2093 2143 2128; x_wconf 79' lang='lat'><strong>¢</strong></span> <span class='ocrx_word' id='word_1_506' title='bbox 2189 2083 2436 2129; x_wconf 87' lang='lat' dir='ltr'><strong>nostrum</strong></span> <span class='ocrx_word' id='word_1_507' title='bbox 2501 2076 2891 2144; x_wconf 83' lang='lat' dir='ltr'><strong>imperatorem</strong></span> <span class='ocrx_word' id='word_1_508' title='bbox 2955 2074 3324 2127; x_wconf 81' lang='lat' dir='ltr'><strong>Romanorum</strong></span> <span class='ocrx_word' id='word_1_509' title='bbox 3376 2076 3434 2122; x_wconf 88' lang='lat' dir='ltr'><strong>et</strong></span> <span class='ocrx_word' id='word_1_510' title='bbox 3479 2080 3694 2135; x_wconf 87' lang='lat' dir='ltr'><strong>semper</strong></span> 
     </span>
    </p>
   </div>
   <div class='ocr_carea' id='block_1_78' title="bbox 2124 2160 3692 2238">
    <p class='ocr_par' dir='ltr' id='par_1_78' title="bbox 2124 2160 3692 2238">
     <span class='ocr_line' id='line_1_78' title="bbox 2124 2160 3692 2238; baseline -0.007 -19"><span class='ocrx_word' id='word_1_511' title='bbox 2124 2186 2142 2219; x_wconf 84' lang='grc'><strong><em>‹</em></strong></span> <span class='ocrx_word' id='word_1_512' title='bbox 2189 2175 2481 2238; x_wconf 86' lang='lat' dir='ltr'><strong>augustum</strong></span> <span class='ocrx_word' id='word_1_513' title='bbox 2515 2166 2797 2221; x_wconf 89' lang='lat' dir='ltr'><strong>dominum</strong></span> <span class='ocrx_word' id='word_1_514' title='bbox 2831 2163 3132 2218; x_wconf 83' lang='lat' dir='ltr'><strong>Manuelem</strong></span> <span class='ocrx_word' id='word_1_515' title='bbox 3171 2160 3692 2228; x_wconf 82' lang='lat' dir='ltr'><strong>Porphyrogenitnm</strong></span> 
     </span>
    </p>
   </div>
   <div class='ocr_carea' id='block_1_79' title="bbox 2123 2248 3692 2329">
    <p class='ocr_par' dir='ltr' id='par_1_79' title="bbox 2123 2248 3692 2329">
     <span class='ocr_line' id='line_1_79' title="bbox 2123 2248 3692 2329; baseline -0.006 -19"><span class='ocrx_word' id='word_1_516' title='bbox 2123 2277 2143 2310; x_wconf 84' lang='grc'><strong>‹</strong></span> <span class='ocrx_word' id='word_1_517' title='bbox 2186 2259 2551 2324; x_wconf 80' lang='lat' dir='ltr'><strong>Comnanum,</strong></span> <span class='ocrx_word' id='word_1_518' title='bbox 2578 2259 2702 2329; x_wconf 88' lang='lat' dir='ltr'><strong>iuro</strong></span> <span class='ocrx_word' id='word_1_519' title='bbox 2732 2272 2798 2311; x_wconf 78' lang='lat' dir='ltr'><strong>ex</strong></span> <span class='ocrx_word' id='word_1_520' title='bbox 2835 2264 3092 2325; x_wconf 86' lang='lat' dir='ltr'><strong>precepto</strong></span> <span class='ocrx_word' id='word_1_521' title='bbox 3119 2261 3175 2306; x_wconf 92' lang='lat' dir='ltr'><strong>et</strong></span> <span class='ocrx_word' id='word_1_522' title='bbox 3199 2251 3483 2304; x_wconf 85' lang='lat' dir='ltr'><strong>voluntate</strong></span> <span class='ocrx_word' id='word_1_523' title='bbox 3514 2248 3692 2302; x_wconf 82' lang='lat' dir='ltr'><strong>archi-</strong></span> 
     </span>
    </p>
   </div>
   <div class='ocr_carea' id='block_1_80' title="bbox 2123 2341 3696 2421">
    <p class='ocr_par' dir='ltr' id='par_1_80' title="bbox 2123 2341 3696 2421">
     <span class='ocr_line' id='line_1_80' title="bbox 2123 2341 3696 2421; baseline -0.006 -18"><span class='ocrx_word' id='word_1_524' title='bbox 2123 2369 2144 2403; x_wconf 70' lang='grc' dir='ltr'>ι</span> <span class='ocrx_word' id='word_1_525' title='bbox 2189 2351 2431 2421; x_wconf 90' lang='lat' dir='ltr'><strong>episcopi</strong></span> <span class='ocrx_word' id='word_1_526' title='bbox 2463 2351 2660 2416; x_wconf 89' lang='lat' dir='ltr'><strong>nostri,</strong></span> <span class='ocrx_word' id='word_1_527' title='bbox 2691 2350 3008 2410; x_wconf 78' lang='lat' dir='ltr'><strong>cenSulum,</strong></span> <span class='ocrx_word' id='word_1_528' title='bbox 3058 2355 3372 2400; x_wconf 89' lang='lat' dir='ltr'><strong>senatorum</strong></span> <span class='ocrx_word' id='word_1_529' title='bbox 3405 2349 3460 2396; x_wconf 86' lang='lat' dir='ltr'><strong>et</strong></span> <span class='ocrx_word' id='word_1_530' title='bbox 3492 2341 3696 2408; x_wconf 82' lang='lat' dir='ltr'><strong>relique</strong></span> 
     </span>
    </p>
   </div>
   <div class='ocr_carea' id='block_1_81' title="bbox 2125 2430 3694 2510">
    <p class='ocr_par' dir='ltr' id='par_1_81' title="bbox 2125 2430 3694 2510">
     <span class='ocr_line' id='line_1_81' title="bbox 2125 2430 3694 2510; baseline -0.008 -15"><span class='ocrx_word' id='word_1_531' title='bbox 2125 2461 2143 2495; x_wconf 74' lang='grc' dir='ltr'><strong>ε</strong></span> <span class='ocrx_word' id='word_1_532' title='bbox 2192 2453 2338 2498; x_wconf 87' lang='lat' dir='ltr'><strong>terre</strong></span> <span class='ocrx_word' id='word_1_533' title='bbox 2387 2442 2636 2496; x_wconf 83' lang='lat' dir='ltr'><strong>Pisarum</strong></span> <span class='ocrx_word' id='word_1_534' title='bbox 2685 2454 2916 2510; x_wconf 85' lang='lat' dir='ltr'><strong>presens</strong></span> <span class='ocrx_word' id='word_1_535' title='bbox 2966 2442 3364 2492; x_wconf 84' lang='lat' dir='ltr'><strong>sacramentum</strong></span> <span class='ocrx_word' id='word_1_536' title='bbox 3395 2449 3408 2485; x_wconf 92' lang='lat'>:</span> <span class='ocrx_word' id='word_1_537' title='bbox 3439 2430 3694 2501; x_wconf 83' lang='lat' dir='ltr'><strong>quoniam</strong></span> 
     </span>
    </p>
   </div>
   <div class='ocr_carea' id='block_1_82' title="bbox 2127 2525 3696 2605">
    <p class='ocr_par' dir='ltr' id='par_1_82' title="bbox 2127 2525 3696 2605">
     <span class='ocr_line' id='line_1_82' title="bbox 2127 2525 3696 2605; baseline -0.007 -17"><span class='ocrx_word' id='word_1_538' title='bbox 2127 2554 2147 2588; x_wconf 75' lang='grc' dir='ltr'>ι</span> <span class='ocrx_word' id='word_1_539' title='bbox 2191 2537 2263 2591; x_wconf 88' lang='lat' dir='ltr'><strong>ob</strong></span> <span class='ocrx_word' id='word_1_540' title='bbox 2295 2535 2561 2605; x_wconf 87' lang='lat' dir='ltr'><strong>quasdam</strong></span> <span class='ocrx_word' id='word_1_541' title='bbox 2611 2535 2852 2588; x_wconf 89' lang='lat' dir='ltr'><strong>rationes</strong></span> <span class='ocrx_word' id='word_1_542' title='bbox 2907 2529 3110 2585; x_wconf 90' lang='lat' dir='ltr'><strong>accidit</strong></span> <span class='ocrx_word' id='word_1_543' title='bbox 3157 2542 3258 2581; x_wconf 91' lang='lat' dir='ltr'><strong>nos</strong></span> <span class='ocrx_word' id='word_1_544' title='bbox 3303 2527 3371 2580; x_wconf 89' lang='lat' dir='ltr'><strong>ad</strong></span> <span class='ocrx_word' id='word_1_545' title='bbox 3421 2525 3696 2580; x_wconf 88' lang='lat' dir='ltr'><strong>modicum</strong></span> 
     </span>
    </p>
   </div>
   <div class='ocr_carea' id='block_1_83' title="bbox 2123 2621 3696 2698">
    <p class='ocr_par' dir='ltr' id='par_1_83' title="bbox 2123 2621 3696 2698">
     <span class='ocr_line' id='line_1_83' title="bbox 2123 2621 3696 2698; baseline -0.006 -16"><span class='ocrx_word' id='word_1_546' title='bbox 2123 2646 2146 2682; x_wconf 70' lang='grc' dir='ltr'><strong>ε</strong></span> <span class='ocrx_word' id='word_1_547' title='bbox 2190 2629 2463 2684; x_wconf 90' lang='lat' dir='ltr'><strong>removeri</strong></span> <span class='ocrx_word' id='word_1_548' title='bbox 2491 2631 2560 2683; x_wconf 88' lang='lat' dir='ltr'><strong>ab</strong></span> <span class='ocrx_word' id='word_1_549' title='bbox 2594 2628 2663 2684; x_wconf 89' lang='lat' dir='ltr'><strong>iis</strong></span> <span class='ocrx_word' id='word_1_550' title='bbox 2699 2643 2806 2698; x_wconf 86' lang='lat' dir='ltr'><strong>que</strong></span> <span class='ocrx_word' id='word_1_551' title='bbox 2837 2627 2893 2681; x_wconf 93' lang='lat' dir='ltr'><strong>in</strong></span> <span class='ocrx_word' id='word_1_552' title='bbox 2932 2640 3127 2696; x_wconf 89' lang='lat' dir='ltr'><strong>magna</strong></span> <span class='ocrx_word' id='word_1_553' title='bbox 3171 2623 3306 2678; x_wconf 88' lang='lat' dir='ltr'><strong>urbe</strong></span> <span class='ocrx_word' id='word_1_554' title='bbox 3337 2621 3696 2684; x_wconf 86' lang='lat' dir='ltr'><strong>habebamus,</strong></span> 
     </span>
    </p>
   </div>
   <div class='ocr_carea' id='block_1_84' title="bbox 2125 2711 3698 2785">
    <p class='ocr_par' dir='ltr' id='par_1_84' title="bbox 2125 2711 3698 2785">
     <span class='ocr_line' id='line_1_84' title="bbox 2125 2711 3698 2785; baseline -0.006 -10"><span class='ocrx_word' id='word_1_555' title='bbox 2125 2737 2148 2775; x_wconf 83' lang='grc'><strong>‹</strong></span> <span class='ocrx_word' id='word_1_556' title='bbox 2189 2722 2447 2777; x_wconf 79' lang='lat' dir='ltr'><strong>videlicet</strong></span> <span class='ocrx_word' id='word_1_557' title='bbox 2495 2721 2748 2785; x_wconf 86' lang='lat' dir='ltr'><strong>ecclesia,</strong></span> <span class='ocrx_word' id='word_1_558' title='bbox 2807 2718 3024 2773; x_wconf 86' lang='lat' dir='ltr'><strong>embolo</strong></span> <span class='ocrx_word' id='word_1_559' title='bbox 3054 2724 3108 2772; x_wconf 92' lang='lat' dir='ltr'><strong>et</strong></span> <span class='ocrx_word' id='word_1_560' title='bbox 3141 2715 3308 2780; x_wconf 88' lang='lat' dir='ltr'><strong>scala,</strong></span> <span class='ocrx_word' id='word_1_561' title='bbox 3355 2713 3503 2766; x_wconf 87' lang='lat' dir='ltr'><strong>datis</strong></span> <span class='ocrx_word' id='word_1_562' title='bbox 3549 2711 3698 2765; x_wconf 83' lang='lat' dir='ltr'><strong>nobis</strong></span> 
     </span>
    </p>
   </div>
   <div class='ocr_carea' id='block_1_85' title="bbox 2127 2803 3698 2884">
    <p class='ocr_par' dir='ltr' id='par_1_85' title="bbox 2127 2803 3698 2884">
     <span class='ocr_line' id='line_1_85' title="bbox 2127 2803 3698 2884; baseline -0.007 -18"><span class='ocrx_word' id='word_1_563' title='bbox 2127 2832 2147 2866; x_wconf 70' lang='grc' dir='ltr'>ι</span> <span class='ocrx_word' id='word_1_564' title='bbox 2192 2829 2293 2884; x_wconf 92' lang='lat' dir='ltr'><strong>pro</strong></span> <span class='ocrx_word' id='word_1_565' title='bbox 2358 2813 2757 2868; x_wconf 86' lang='lat' dir='ltr'><strong>restauratione</strong></span> <span class='ocrx_word' id='word_1_566' title='bbox 2819 2811 2940 2865; x_wconf 91' lang='lat' dir='ltr'><strong>aliis</strong></span> <span class='ocrx_word' id='word_1_567' title='bbox 2991 2810 3045 2864; x_wconf 91' lang='lat' dir='ltr'><strong>in</strong></span> <span class='ocrx_word' id='word_1_568' title='bbox 3091 2807 3340 2878; x_wconf 85' lang='lat' dir='ltr'><strong>partibus</strong></span> <span class='ocrx_word' id='word_1_569' title='bbox 3396 2820 3506 2874; x_wconf 86' lang='lat' dir='ltr'><strong>que</strong></span> <span class='ocrx_word' id='word_1_570' title='bbox 3565 2803 3698 2857; x_wconf 83' lang='lat' dir='ltr'><strong>ultra</strong></span> 
     </span>
    </p>
   </div>
   <div class='ocr_carea' id='block_1_86' title="bbox 2125 2895 3698 2971">
    <p class='ocr_par' dir='ltr' id='par_1_86' title="bbox 2125 2895 3698 2971">
     <span class='ocr_line' id='line_1_86' title="bbox 2125 2895 3698 2971; baseline -0.006 -14"><span class='ocrx_word' id='word_1_571' title='bbox 2125 2923 2147 2957; x_wconf 67' lang='grc' dir='ltr'>ς</span> <span class='ocrx_word' id='word_1_572' title='bbox 2190 2913 2341 2971; x_wconf 87' lang='lat' dir='ltr'><strong>sunt,</strong></span> <span class='ocrx_word' id='word_1_573' title='bbox 2393 2918 2544 2959; x_wconf 89' lang='lat' dir='ltr'><strong>nunc</strong></span> <span class='ocrx_word' id='word_1_574' title='bbox 2580 2912 2765 2957; x_wconf 90' lang='lat' dir='ltr'><strong>autem</strong></span> <span class='ocrx_word' id='word_1_575' title='bbox 2791 2916 2859 2955; x_wconf 77' lang='lat' dir='ltr'><strong>ex</strong></span> <span class='ocrx_word' id='word_1_576' title='bbox 2890 2908 3150 2970; x_wconf 88' lang='lat' dir='ltr'><strong>precepto</strong></span> <span class='ocrx_word' id='word_1_577' title='bbox 3189 2895 3545 2965; x_wconf 88' lang='lat' dir='ltr'><strong>imperatoris</strong></span> <span class='ocrx_word' id='word_1_578' title='bbox 3614 2909 3698 2948; x_wconf 91' lang='lat' dir='ltr'><strong>re-</strong></span> 
     </span>
    </p>
   </div>
   <div class='ocr_carea' id='block_1_87' title="bbox 2127 2986 3697 3064">
    <p class='ocr_par' dir='ltr' id='par_1_87' title="bbox 2127 2986 3697 3064">
     <span class='ocr_line' id='line_1_87' title="bbox 2127 2986 3697 3064; baseline -0.009 -13"><span class='ocrx_word' id='word_1_579' title='bbox 2127 3016 2147 3051; x_wconf 74' lang='grc' dir='ltr'>ι</span> <span class='ocrx_word' id='word_1_580' title='bbox 2194 2997 2372 3052; x_wconf 91' lang='lat' dir='ltr'><strong>stituti</strong></span> <span class='ocrx_word' id='word_1_581' title='bbox 2390 3009 2582 3053; x_wconf 86' lang='lat' dir='ltr'><strong>sumus</strong></span> <span class='ocrx_word' id='word_1_582' title='bbox 2603 2996 2657 3049; x_wconf 91' lang='lat' dir='ltr'><strong>in</strong></span> <span class='ocrx_word' id='word_1_583' title='bbox 2677 3009 2740 3050; x_wconf 89' lang='lat' dir='ltr'><strong>ea</strong></span> <span class='ocrx_word' id='word_1_584' title='bbox 2765 3008 2872 3064; x_wconf 91' lang='lat' dir='ltr'><strong>que</strong></span> <span class='ocrx_word' id='word_1_585' title='bbox 2897 2992 3118 3062; x_wconf 89' lang='lat' dir='ltr'><strong>quidem</strong></span> <span class='ocrx_word' id='word_1_586' title='bbox 3149 2988 3491 3044; x_wconf 87' lang='lat' dir='ltr'><strong>habebamus</strong></span> <span class='ocrx_word' id='word_1_587' title='bbox 3515 3003 3526 3033; x_wconf 88' lang='lat'>:</span> <span class='ocrx_word' id='word_1_588' title='bbox 3557 2986 3697 3056; x_wconf 88' lang='lat' dir='ltr'><strong>quod</strong></span> 
     </span>
    </p>
   </div>
   <div class='ocr_carea' id='block_1_88' title="bbox 2044 3079 3702 3175">
    <p class='ocr_par' dir='ltr' id='par_1_88' title="bbox 2044 3079 3702 3175">
     <span class='ocr_line' id='line_1_88' title="bbox 2044 3079 3702 3175; baseline -0.009 -30"><span class='ocrx_word' id='word_1_589' title='bbox 2044 3111 2089 3175; x_wconf 69' lang='grc' dir='ltr'><strong>ρ</strong></span> <span class='ocrx_word' id='word_1_590' title='bbox 2127 3109 2148 3144; x_wconf 74' lang='lat' dir='ltr'><strong>r</strong></span> <span class='ocrx_word' id='word_1_591' title='bbox 2193 3089 2610 3146; x_wconf 87' lang='lat' dir='ltr'><strong>observabimus</strong></span> <span class='ocrx_word' id='word_1_592' title='bbox 2638 3102 2739 3141; x_wconf 89' lang='lat' dir='ltr'><strong>nos</strong></span> <span class='ocrx_word' id='word_1_593' title='bbox 2763 3097 2820 3140; x_wconf 90' lang='lat' dir='ltr'><strong>et</strong></span> <span class='ocrx_word' id='word_1_594' title='bbox 2848 3094 2993 3139; x_wconf 91' lang='lat' dir='ltr'><strong>terra</strong></span> <span class='ocrx_word' id='word_1_595' title='bbox 3022 3084 3270 3175; x_wconf 81' lang='lat' dir='ltr'><strong>Pisarum</strong></span> <span class='ocrx_word' id='word_1_596' title='bbox 3319 3079 3582 3175; x_wconf 73' lang='lat' dir='ltr'><strong>universa</strong></span> <span class='ocrx_word' id='word_1_597' title='bbox 3597 3092 3702 3175; x_wconf 58' lang='lat' dir='ltr'><strong>no-</strong></span> 
     </span>
    </p>
   </div>
   <div class='ocr_carea' id='block_1_89' title="bbox 2127 3164 3702 3248">
    <p class='ocr_par' dir='ltr' id='par_1_89' title="bbox 2127 3164 3702 3248">
     <span class='ocr_line' id='line_1_89' title="bbox 2127 3164 3702 3248; baseline -0.01 -15"><span class='ocrx_word' id='word_1_598' title='bbox 2127 3199 2148 3233; x_wconf 84' lang='grc'><em>‹</em></span> <span class='ocrx_word' id='word_1_599' title='bbox 2197 3181 2405 3236; x_wconf 84' lang='lat' dir='ltr'><strong>tilieato</strong></span> <span class='ocrx_word' id='word_1_600' title='bbox 2449 3176 2764 3248; x_wconf 87' lang='lat' dir='ltr'><strong>imperatori</strong></span> <span class='ocrx_word' id='word_1_601' title='bbox 2822 3169 3292 3245; x_wconf 83' lang='lat' dir='ltr'><strong>Porphyrogenito</strong></span> <span class='ocrx_word' id='word_1_602' title='bbox 3338 3168 3570 3223; x_wconf 90' lang='lat' dir='ltr'><strong>domino</strong></span> <span class='ocrx_word' id='word_1_603' title='bbox 3595 3164 3702 3219; x_wconf 71' lang='lat' dir='ltr'><strong>Ma-</strong></span> 
     </span>
    </p>
   </div>
   <div class='ocr_carea' id='block_1_90' title="bbox 2125 3258 3704 3330">
    <p class='ocr_par' dir='ltr' id='par_1_90' title="bbox 2125 3258 3704 3330">
     <span class='ocr_line' id='line_1_90' title="bbox 2125 3258 3704 3330; baseline -0.011 -1"><span class='ocrx_word' id='word_1_604' title='bbox 2125 3293 2148 3328; x_wconf 68' lang='lat' dir='ltr'><strong>t</strong></span> <span class='ocrx_word' id='word_1_605' title='bbox 2197 3274 2346 3328; x_wconf 88' lang='lat' dir='ltr'><strong>nueli</strong></span> <span class='ocrx_word' id='word_1_606' title='bbox 2381 3272 2684 3330; x_wconf 87' lang='lat' dir='ltr'><strong>Comnano,</strong></span> <span class='ocrx_word' id='word_1_607' title='bbox 2723 3267 3022 3322; x_wconf 86' lang='lat' dir='ltr'><strong>heredibus</strong></span> <span class='ocrx_word' id='word_1_608' title='bbox 3057 3274 3112 3320; x_wconf 90' lang='lat' dir='ltr'><strong>et</strong></span> <span class='ocrx_word' id='word_1_609' title='bbox 3140 3259 3560 3319; x_wconf 80' lang='lat' dir='ltr'><strong>successoribus</strong></span> <span class='ocrx_word' id='word_1_610' title='bbox 3591 3258 3704 3327; x_wconf 76' lang='lat' dir='ltr'><strong>eius</strong></span> 
     </span>
    </p>
   </div>
   <div class='ocr_carea' id='block_1_91' title="bbox 2129 3349 3704 3425">
    <p class='ocr_par' dir='ltr' id='par_1_91' title="bbox 2129 3349 3704 3425">
     <span class='ocr_line' id='line_1_91' title="bbox 2129 3349 3704 3425; baseline -0.008 -9"><span class='ocrx_word' id='word_1_611' title='bbox 2129 3383 2150 3416; x_wconf 72' lang='grc' dir='ltr'>ι</span> <span class='ocrx_word' id='word_1_612' title='bbox 2193 3375 2250 3420; x_wconf 89' lang='lat' dir='ltr'><strong>et</strong></span> <span class='ocrx_word' id='word_1_613' title='bbox 2300 3363 2563 3425; x_wconf 78' lang='lat' dir='ltr'><strong>Romanie</strong></span> <span class='ocrx_word' id='word_1_614' title='bbox 2590 3399 2606 3424; x_wconf 80' lang='lat'><strong>,</strong></span> <span class='ocrx_word' id='word_1_615' title='bbox 2664 3362 2823 3414; x_wconf 79' lang='lat' dir='ltr'><strong>fidem</strong></span> <span class='ocrx_word' id='word_1_616' title='bbox 2876 3367 2932 3413; x_wconf 90' lang='lat' dir='ltr'><strong>et</strong></span> <span class='ocrx_word' id='word_1_617' title='bbox 2976 3356 3221 3412; x_wconf 86' lang='lat' dir='ltr'><strong>debitum</strong></span> <span class='ocrx_word' id='word_1_618' title='bbox 3277 3351 3428 3422; x_wconf 85' lang='lat' dir='ltr'><strong>quod</strong></span> <span class='ocrx_word' id='word_1_619' title='bbox 3471 3349 3704 3407; x_wconf 81' lang='lat' dir='ltr'><strong>debebat</strong></span> 
     </span>
    </p>
   </div>
   <div class='ocr_carea' id='block_1_92' title="bbox 2131 3443 3702 3521">
    <p class='ocr_par' dir='ltr' id='par_1_92' title="bbox 2131 3443 3702 3521">
     <span class='ocr_line' id='line_1_92' title="bbox 2131 3443 3702 3521; baseline -0.01 -11"><span class='ocrx_word' id='word_1_620' title='bbox 2131 3474 2150 3509; x_wconf 73' lang='grc' dir='ltr'>ι</span> <span class='ocrx_word' id='word_1_621' title='bbox 2197 3466 2340 3510; x_wconf 92' lang='lat' dir='ltr'><strong>terra</strong></span> <span class='ocrx_word' id='word_1_622' title='bbox 2369 3454 2566 3509; x_wconf 85' lang='lat' dir='ltr'><strong>Pisana</strong></span> <span class='ocrx_word' id='word_1_623' title='bbox 2607 3453 2837 3521; x_wconf 86' lang='lat' dir='ltr'><strong>imperio</strong></span> <span class='ocrx_word' id='word_1_624' title='bbox 2866 3451 2985 3520; x_wconf 82' lang='lat' dir='ltr'><strong>eius</strong></span> <span class='ocrx_word' id='word_1_625' title='bbox 3012 3465 3081 3504; x_wconf 83' lang='lat' dir='ltr'><strong>ex</strong></span> <span class='ocrx_word' id='word_1_626' title='bbox 3115 3447 3324 3518; x_wconf 89' lang='lat' dir='ltr'><strong>pridem</strong></span> <span class='ocrx_word' id='word_1_627' title='bbox 3370 3443 3537 3498; x_wconf 85' lang='lat' dir='ltr'><strong>factis</strong></span> <span class='ocrx_word' id='word_1_628' title='bbox 3569 3456 3702 3496; x_wconf 87' lang='lat' dir='ltr'><strong>con-</strong></span> 
     </span>
    </p>
   </div>
   <div class='ocr_carea' id='block_1_93' title="bbox 2129 3540 3704 3609">
    <p class='ocr_par' dir='ltr' id='par_1_93' title="bbox 2129 3540 3704 3609">
     <span class='ocr_line' id='line_1_93' title="bbox 2129 3540 3704 3609; baseline -0.01 -6"><span class='ocrx_word' id='word_1_629' title='bbox 2129 3567 2150 3602; x_wconf 72' lang='lat' dir='ltr'><strong>c</strong></span> <span class='ocrx_word' id='word_1_630' title='bbox 2196 3543 2550 3603; x_wconf 82' lang='lat' dir='ltr'><strong>ventionibos</strong></span> <span class='ocrx_word' id='word_1_631' title='bbox 2585 3552 2641 3598; x_wconf 89' lang='lat' dir='ltr'><strong>et</strong></span> <span class='ocrx_word' id='word_1_632' title='bbox 2671 3541 3028 3597; x_wconf 87' lang='lat' dir='ltr'><strong>sacramentis</strong></span> <span class='ocrx_word' id='word_1_633' title='bbox 3077 3553 3298 3609; x_wconf 87' lang='lat' dir='ltr'><strong>semper</strong></span> <span class='ocrx_word' id='word_1_634' title='bbox 3346 3540 3704 3593; x_wconf 87' lang='lat' dir='ltr'><strong>memorando</strong></span> 
     </span>
    </p>
   </div>
   <div class='ocr_carea' id='block_1_94' title="bbox 2129 3633 3706 3709">
    <p class='ocr_par' dir='ltr' id='par_1_94' title="bbox 2129 3633 3706 3709">
     <span class='ocr_line' id='line_1_94' title="bbox 2129 3633 3706 3709; baseline -0.004 -15"><span class='ocrx_word' id='word_1_635' title='bbox 2129 3658 2149 3693; x_wconf 71' lang='grc' dir='ltr'>ι</span> <span class='ocrx_word' id='word_1_636' title='bbox 2195 3639 2568 3709; x_wconf 70' lang='lat' dir='ltr'><strong>imperatori,</strong></span> <span class='ocrx_word' id='word_1_637' title='bbox 2611 3635 2836 3691; x_wconf 89' lang='lat' dir='ltr'><strong>domino</strong></span> <span class='ocrx_word' id='word_1_638' title='bbox 2885 3634 3077 3688; x_wconf 76' lang='lat' dir='ltr'><strong>Alexio</strong></span> <span class='ocrx_word' id='word_1_639' title='bbox 3127 3633 3436 3695; x_wconf 85' lang='lat' dir='ltr'><strong>Comnano,</strong></span> <span class='ocrx_word' id='word_1_640' title='bbox 3493 3633 3706 3704; x_wconf 76' lang='lat' dir='ltr'><strong>ipsique</strong></span> 
     </span>
    </p>
   </div>
   <div class='ocr_carea' id='block_1_95' title="bbox 2133 3725 3708 3802">
    <p class='ocr_par' dir='ltr' id='par_1_95' title="bbox 2133 3725 3708 3802">
     <span class='ocr_line' id='line_1_95' title="bbox 2133 3725 3708 3802; baseline -0.003 -17"><span class='ocrx_word' id='word_1_641' title='bbox 2133 3751 2152 3785; x_wconf 71' lang='grc' dir='ltr'><strong><em>ι</em></strong></span> <span class='ocrx_word' id='word_1_642' title='bbox 2196 3730 2667 3802; x_wconf 81' lang='lat' dir='ltr'><strong>Porphyrogenito</strong></span> <span class='ocrx_word' id='word_1_643' title='bbox 2716 3739 2774 3785; x_wconf 89' lang='lat' dir='ltr'><strong>et</strong></span> <span class='ocrx_word' id='word_1_644' title='bbox 2823 3726 3138 3798; x_wconf 85' lang='lat' dir='ltr'><strong>imperatori</strong></span> <span class='ocrx_word' id='word_1_645' title='bbox 3191 3725 3418 3781; x_wconf 85' lang='lat' dir='ltr'><strong>domino</strong></span> <span class='ocrx_word' id='word_1_646' title='bbox 3477 3727 3708 3782; x_wconf 77' lang='lat' dir='ltr'><strong>Manneli</strong></span> 
     </span>
    </p>
   </div>
   <div class='ocr_carea' id='block_1_96' title="bbox 2131 3819 3711 3893">
    <p class='ocr_par' dir='ltr' id='par_1_96' title="bbox 2131 3819 3711 3893">
     <span class='ocr_line' id='line_1_96' title="bbox 2131 3819 3711 3893; baseline -0.004 -16"><span class='ocrx_word' id='word_1_647' title='bbox 2131 3843 2151 3877; x_wconf 76' lang='grc' dir='ltr'><strong><em>ι</em></strong></span> <span class='ocrx_word' id='word_1_648' title='bbox 2195 3825 2513 3888; x_wconf 86' lang='lat' dir='ltr'><strong>Comuano;</strong></span> <span class='ocrx_word' id='word_1_649' title='bbox 2564 3833 2620 3878; x_wconf 90' lang='lat' dir='ltr'><strong>et</strong></span> <span class='ocrx_word' id='word_1_650' title='bbox 2653 3824 2698 3877; x_wconf 89' lang='lat' dir='ltr'><strong>si</strong></span> <span class='ocrx_word' id='word_1_651' title='bbox 2753 3822 2954 3893; x_wconf 73' lang='lat' dir='ltr'><strong>aliquid</strong></span> <span class='ocrx_word' id='word_1_652' title='bbox 2999 3822 3197 3875; x_wconf 84' lang='lat' dir='ltr'><strong>factum</strong></span> <span class='ocrx_word' id='word_1_653' title='bbox 3249 3829 3332 3875; x_wconf 86' lang='lat' dir='ltr'><strong>est</strong></span> <span class='ocrx_word' id='word_1_654' title='bbox 3363 3834 3394 3873; x_wconf 89' lang='lat' dir='ltr'><strong>a</strong></span> <span class='ocrx_word' id='word_1_655' title='bbox 3439 3830 3586 3875; x_wconf 87' lang='lat' dir='ltr'><strong>terra</strong></span> <span class='ocrx_word' id='word_1_656' title='bbox 3624 3819 3711 3874; x_wconf 82' lang='lat' dir='ltr'><strong>Pi-</strong></span> 
     </span>
    </p>
   </div>
   <div class='ocr_carea' id='block_1_97' title="bbox 2132 3909 3707 3972">
    <p class='ocr_par' dir='ltr' id='par_1_97' title="bbox 2132 3909 3707 3972">
     <span class='ocr_line' id='line_1_97' title="bbox 2132 3909 3707 3972; baseline -0.004 -4"><span class='ocrx_word' id='word_1_657' title='bbox 2132 3934 2151 3968; x_wconf 73' lang='grc' dir='ltr'>ι</span> <span class='ocrx_word' id='word_1_658' title='bbox 2196 3930 2325 3971; x_wconf 87' lang='lat' dir='ltr'><strong>sana</strong></span> <span class='ocrx_word' id='word_1_659' title='bbox 2359 3916 2525 3972; x_wconf 88' lang='lat' dir='ltr'><strong>alicui</strong></span> <span class='ocrx_word' id='word_1_660' title='bbox 2573 3923 2838 3970; x_wconf 87' lang='lat' dir='ltr'><strong>coronato</strong></span> <span class='ocrx_word' id='word_1_661' title='bbox 2893 3913 2977 3966; x_wconf 85' lang='lat' dir='ltr'><strong>vel</strong></span> <span class='ocrx_word' id='word_1_662' title='bbox 3027 3927 3135 3966; x_wconf 89' lang='lat' dir='ltr'><strong>non</strong></span> <span class='ocrx_word' id='word_1_663' title='bbox 3180 3922 3446 3964; x_wconf 91' lang='lat' dir='ltr'><strong>coronato</strong></span> <span class='ocrx_word' id='word_1_664' title='bbox 3483 3910 3555 3965; x_wconf 82' lang='lat' dir='ltr'><strong>ad</strong></span> <span class='ocrx_word' id='word_1_665' title='bbox 3585 3909 3707 3963; x_wconf 84' lang='lat' dir='ltr'><strong>irri-</strong></span> 
     </span>
    </p>
   </div>
   <div class='ocr_carea' id='block_1_98' title="bbox 2132 4003 3710 4078">
    <p class='ocr_par' dir='ltr' id='par_1_98' title="bbox 2132 4003 3710 4078">
     <span class='ocr_line' id='line_1_98' title="bbox 2132 4003 3710 4078; baseline -0.004 -17"><span class='ocrx_word' id='word_1_666' title='bbox 2132 4027 2153 4061; x_wconf 83' lang='grc'><em>‹</em></span> <span class='ocrx_word' id='word_1_667' title='bbox 2201 4010 2464 4065; x_wconf 80' lang='lat' dir='ltr'><strong>tationem</strong></span> <span class='ocrx_word' id='word_1_668' title='bbox 2517 4018 2770 4078; x_wconf 86' lang='lat' dir='ltr'><strong>spectans</strong></span> <span class='ocrx_word' id='word_1_669' title='bbox 2819 4005 3133 4078; x_wconf 88' lang='lat' dir='ltr'><strong>huiusmodi</strong></span> <span class='ocrx_word' id='word_1_670' title='bbox 3180 4003 3612 4058; x_wconf 82' lang='lat' dir='ltr'><strong>conventionum</strong></span> <span class='ocrx_word' id='word_1_671' title='bbox 3657 4011 3710 4056; x_wconf 87' lang='lat' dir='ltr'><strong>et</strong></span> 
     </span>
    </p>
   </div>
   <div class='ocr_carea' id='block_1_99' title="bbox 2131 4093 3708 4168">
    <p class='ocr_par' dir='ltr' id='par_1_99' title="bbox 2131 4093 3708 4168">
     <span class='ocr_line' id='line_1_99' title="bbox 2131 4093 3708 4168; baseline -0.001 -17"><span class='ocrx_word' id='word_1_672' title='bbox 2131 4116 2152 4151; x_wconf 68' lang='grc' dir='ltr'>ι</span> <span class='ocrx_word' id='word_1_673' title='bbox 2200 4107 2694 4162; x_wconf 87' lang='lat' dir='ltr'><strong>sacramentorum,</strong></span> <span class='ocrx_word' id='word_1_674' title='bbox 2730 4113 2829 4168; x_wconf 92' lang='lat' dir='ltr'><strong>pro</strong></span> <span class='ocrx_word' id='word_1_675' title='bbox 2851 4111 2962 4151; x_wconf 92' lang='lat' dir='ltr'><strong>non</strong></span> <span class='ocrx_word' id='word_1_676' title='bbox 3005 4096 3151 4150; x_wconf 90' lang='lat' dir='ltr'><strong>facto</strong></span> <span class='ocrx_word' id='word_1_677' title='bbox 3182 4094 3534 4164; x_wconf 87' lang='lat' dir='ltr'><strong>reputabitur</strong></span> <span class='ocrx_word' id='word_1_678' title='bbox 3559 4093 3708 4150; x_wconf 86' lang='lat' dir='ltr'><strong>illud.</strong></span> 
     </span>
    </p>
   </div>
   <div class='ocr_carea' id='block_1_100' title="bbox 2133 4185 3711 4246">
    <p class='ocr_par' dir='ltr' id='par_1_100' title="bbox 2133 4185 3711 4246">
     <span class='ocr_line' id='line_1_100' title="bbox 2133 4185 3711 4246; baseline -0.005 -3"><span class='ocrx_word' id='word_1_679' title='bbox 2133 4210 2152 4243; x_wconf 73' lang='grc' dir='ltr'>ι</span> <span class='ocrx_word' id='word_1_680' title='bbox 2199 4193 2428 4246; x_wconf 82' lang='lat' dir='ltr'><strong>Presens</strong></span> <span class='ocrx_word' id='word_1_681' title='bbox 2460 4206 2593 4246; x_wconf 90' lang='lat' dir='ltr'><strong>vero</strong></span> <span class='ocrx_word' id='word_1_682' title='bbox 2631 4197 3036 4245; x_wconf 87' lang='lat' dir='ltr'><strong>sacramentum</strong></span> <span class='ocrx_word' id='word_1_683' title='bbox 3085 4185 3290 4242; x_wconf 88' lang='lat' dir='ltr'><strong>debent</strong></span> <span class='ocrx_word' id='word_1_684' title='bbox 3323 4186 3506 4240; x_wconf 82' lang='lat' dir='ltr'><strong>facere</strong></span> <span class='ocrx_word' id='word_1_685' title='bbox 3532 4194 3589 4238; x_wconf 88' lang='lat' dir='ltr'><strong>et</strong></span> <span class='ocrx_word' id='word_1_686' title='bbox 3624 4197 3711 4236; x_wconf 86' lang='lat' dir='ltr'><strong>re-</strong></span> 
     </span>
    </p>
   </div>
   <div class='ocr_carea' id='block_1_101' title="bbox 2111 4277 3712 4348">
    <p class='ocr_par' dir='ltr' id='par_1_101' title="bbox 2111 4277 3712 4348">
     <span class='ocr_line' id='line_1_101' title="bbox 2111 4277 3712 4348; baseline -0.005 -10"><span class='ocrx_word' id='word_1_687' title='bbox 2111 4303 2153 4338; x_wconf 74' lang='grc' dir='ltr'><strong>,ι</strong></span> <span class='ocrx_word' id='word_1_688' title='bbox 2201 4299 2404 4338; x_wconf 90' lang='lat' dir='ltr'><strong>novare</strong></span> <span class='ocrx_word' id='word_1_689' title='bbox 2450 4293 2506 4337; x_wconf 90' lang='lat' dir='ltr'><strong>et</strong></span> <span class='ocrx_word' id='word_1_690' title='bbox 2554 4281 2809 4335; x_wconf 89' lang='lat' dir='ltr'><strong>consules</strong></span> <span class='ocrx_word' id='word_1_691' title='bbox 2835 4289 2892 4335; x_wconf 92' lang='lat' dir='ltr'><strong>et</strong></span> <span class='ocrx_word' id='word_1_692' title='bbox 2920 4278 3116 4348; x_wconf 85' lang='lat' dir='ltr'><strong>reliqui</strong></span> <span class='ocrx_word' id='word_1_693' title='bbox 3168 4277 3512 4332; x_wconf 86' lang='lat' dir='ltr'><strong>habitatores</strong></span> <span class='ocrx_word' id='word_1_694' title='bbox 3561 4277 3712 4331; x_wconf 83' lang='lat' dir='ltr'><strong>Pisa-</strong></span> 
     </span>
    </p>
   </div>
   <div class='ocr_carea' id='block_1_102' title="bbox 2135 4369 3711 4430">
    <p class='ocr_par' dir='ltr' id='par_1_102' title="bbox 2135 4369 3711 4430">
     <span class='ocr_line' id='line_1_102' title="bbox 2135 4369 3711 4430; baseline -0.004 -2"><span class='ocrx_word' id='word_1_695' title='bbox 2135 4395 2154 4428; x_wconf 84' lang='grc'>‹</span> <span class='ocrx_word' id='word_1_696' title='bbox 2202 4392 2324 4430; x_wconf 91' lang='lat' dir='ltr'><strong>rum</strong></span> <span class='ocrx_word' id='word_1_697' title='bbox 2381 4374 2684 4430; x_wconf 92' lang='lat' dir='ltr'><strong>secundum</strong></span> <span class='ocrx_word' id='word_1_698' title='bbox 2747 4372 3224 4428; x_wconf 86' lang='lat' dir='ltr'><strong>consuetudinem.</strong></span> <span class='ocrx_word' id='word_1_699' title='bbox 3285 4371 3353 4425; x_wconf 83' lang='lat' dir='ltr'><strong>Et</strong></span> <span class='ocrx_word' id='word_1_700' title='bbox 3406 4370 3554 4425; x_wconf 85' lang='lat' dir='ltr'><strong>sicut</strong></span> <span class='ocrx_word' id='word_1_701' title='bbox 3614 4369 3711 4422; x_wconf 86' lang='lat' dir='ltr'><strong>hec</strong></span> 
     </span>
    </p>
   </div>
   <div class='ocr_carea' id='block_1_103' title="bbox 2053 4443 3708 4539">
    <p class='ocr_par' dir='ltr' id='par_1_103' title="bbox 2053 4443 3708 4539">
     <span class='ocr_line' id='line_1_103' title="bbox 2053 4443 3708 4539; baseline -0.007 -16"><span class='ocrx_word' id='word_1_702' title='bbox 2053 4443 2103 4502; x_wconf 75' lang='lat' dir='ltr'><strong>D</strong></span> <span class='ocrx_word' id='word_1_703' title='bbox 2136 4487 2155 4521; x_wconf 76' lang='grc' dir='ltr'>ι</span> <span class='ocrx_word' id='word_1_704' title='bbox 2195 4470 2320 4539; x_wconf 87' lang='lat' dir='ltr'><strong>iuro</strong></span> <span class='ocrx_word' id='word_1_705' title='bbox 2368 4467 2489 4522; x_wconf 91' lang='lat' dir='ltr'><strong>sine</strong></span> <span class='ocrx_word' id='word_1_706' title='bbox 2525 4465 2717 4520; x_wconf 79' lang='lat' dir='ltr'><strong>fraude</strong></span> <span class='ocrx_word' id='word_1_707' title='bbox 2757 4474 2813 4519; x_wconf 90' lang='lat' dir='ltr'><strong>et</strong></span> <span class='ocrx_word' id='word_1_708' title='bbox 2841 4466 2984 4518; x_wconf 88' lang='lat' dir='ltr'><strong>malo</strong></span> <span class='ocrx_word' id='word_1_709' title='bbox 3031 4463 3270 4532; x_wconf 84' lang='lat' dir='ltr'><strong>ingenio,</strong></span> <span class='ocrx_word' id='word_1_710' title='bbox 3323 4462 3405 4516; x_wconf 89' lang='lat' dir='ltr'><strong>sic</strong></span> <span class='ocrx_word' id='word_1_711' title='bbox 3438 4462 3585 4516; x_wconf 84' lang='lat' dir='ltr'><strong>Deus</strong></span> <span class='ocrx_word' id='word_1_712' title='bbox 3627 4473 3708 4513; x_wconf 85' lang='lat' dir='ltr'><strong>me</strong></span> 
     </span>
    </p>
   </div>
   <div class='ocr_carea' id='block_1_104' title="bbox 2138 4554 3707 4630">
    <p class='ocr_par' dir='ltr' id='par_1_104' title="bbox 2138 4554 3707 4630">
     <span class='ocr_line' id='line_1_104' title="bbox 2138 4554 3707 4630; baseline -0.006 -18"><span class='ocrx_word' id='word_1_713' title='bbox 2138 4579 2157 4612; x_wconf 71' lang='grc' dir='ltr'><strong>ς</strong></span> <span class='ocrx_word' id='word_1_714' title='bbox 2202 4560 2445 4630; x_wconf 89' lang='lat' dir='ltr'><strong>adiuvet,</strong></span> <span class='ocrx_word' id='word_1_715' title='bbox 2500 4567 2684 4612; x_wconf 89' lang='lat' dir='ltr'><strong>sancta</strong></span> <span class='ocrx_word' id='word_1_716' title='bbox 2734 4557 2828 4610; x_wconf 89' lang='lat' dir='ltr'><strong>Dei</strong></span> <span class='ocrx_word' id='word_1_717' title='bbox 2863 4555 3140 4627; x_wconf 86' lang='lat' dir='ltr'><strong>evangelia</strong></span> <span class='ocrx_word' id='word_1_718' title='bbox 3171 4563 3229 4609; x_wconf 90' lang='lat' dir='ltr'><strong>et</strong></span> <span class='ocrx_word' id='word_1_719' title='bbox 3271 4554 3615 4608; x_wconf 83' lang='lat' dir='ltr'><strong>honorabilis</strong></span> <span class='ocrx_word' id='word_1_720' title='bbox 3655 4559 3707 4605; x_wconf 86' lang='lat' dir='ltr'><strong>et</strong></span> 
     </span>
    </p>
   </div>
   <div class='ocr_carea' id='block_1_105' title="bbox 2135 4644 3705 4715">
    <p class='ocr_par' dir='ltr' id='par_1_105' title="bbox 2135 4644 3705 4715">
     <span class='ocr_line' id='line_1_105' title="bbox 2135 4644 3705 4715; baseline -0.004 -12"><span class='ocrx_word' id='word_1_721' title='bbox 2135 4670 2154 4703; x_wconf 72' lang='grc' dir='ltr'>ι</span> <span class='ocrx_word' id='word_1_722' title='bbox 2201 4653 2413 4706; x_wconf 86' lang='lat' dir='ltr'><strong>vivilica</strong></span> <span class='ocrx_word' id='word_1_723' title='bbox 2433 4665 2729 4705; x_wconf 69' lang='lat' dir='ltr'><strong>crux.i—-c</strong></span> <span class='ocrx_word' id='word_1_724' title='bbox 2766 4648 2942 4703; x_wconf 82' lang='lat' dir='ltr'><strong>Judex</strong></span> <span class='ocrx_word' id='word_1_725' title='bbox 2983 4662 3113 4701; x_wconf 89' lang='lat' dir='ltr'><strong>vero</strong></span> <span class='ocrx_word' id='word_1_726' title='bbox 3147 4644 3505 4715; x_wconf 88' lang='lat' dir='ltr'><strong>Burgundios</strong></span> <span class='ocrx_word' id='word_1_727' title='bbox 3531 4654 3586 4700; x_wconf 87' lang='lat' dir='ltr'><strong>et</strong></span> <span class='ocrx_word' id='word_1_728' title='bbox 3615 4659 3705 4697; x_wconf 67' lang='lat' dir='ltr'><strong>eoo</strong></span> 
     </span>
    </p>
   </div>
   <div class='ocr_carea' id='block_1_106' title="bbox 2131 4737 3705 4811">
    <p class='ocr_par' dir='ltr' id='par_1_106' title="bbox 2131 4737 3705 4811">
     <span class='ocr_line' id='line_1_106' title="bbox 2131 4737 3705 4811; baseline -0.004 -17"><span class='ocrx_word' id='word_1_729' title='bbox 2131 4760 2152 4794; x_wconf 71' lang='grc' dir='ltr'>ι</span> <span class='ocrx_word' id='word_1_730' title='bbox 2197 4758 2312 4796; x_wconf 90' lang='lat' dir='ltr'><strong>mes</strong></span> <span class='ocrx_word' id='word_1_731' title='bbox 2333 4743 2546 4797; x_wconf 81' lang='lat' dir='ltr'><strong>Marcus</strong></span> <span class='ocrx_word' id='word_1_732' title='bbox 2569 4741 2651 4797; x_wconf 91' lang='lat' dir='ltr'><strong>sic</strong></span> <span class='ocrx_word' id='word_1_733' title='bbox 2671 4742 2998 4811; x_wconf 85' lang='lat' dir='ltr'><strong>iuraverunt</strong></span> <span class='ocrx_word' id='word_1_734' title='bbox 3029 4749 3086 4793; x_wconf 91' lang='lat' dir='ltr'><strong>et</strong></span> <span class='ocrx_word' id='word_1_735' title='bbox 3115 4739 3219 4808; x_wconf 87' lang='lat' dir='ltr'><strong>ipsi</strong></span> <span class='ocrx_word' id='word_1_736' title='bbox 3245 4737 3522 4792; x_wconf 69' lang='lat' dir='ltr'><strong>&#39;r—cNos</strong></span> <span class='ocrx_word' id='word_1_737' title='bbox 3540 4737 3705 4791; x_wconf 72' lang='lat' dir='ltr'><strong>Iudex</strong></span> 
     </span>
    </p>
   </div>
   <div class='ocr_carea' id='block_1_107' title="bbox 2137 4825 3704 4904">
    <p class='ocr_par' dir='ltr' id='par_1_107' title="bbox 2137 4825 3704 4904">
     <span class='ocr_line' id='line_1_107' title="bbox 2137 4825 3704 4904; baseline -0.004 -19"><span class='ocrx_word' id='word_1_738' title='bbox 2137 4850 2156 4884; x_wconf 75' lang='grc' dir='ltr'>ι</span> <span class='ocrx_word' id='word_1_739' title='bbox 2201 4833 2554 4904; x_wconf 83' lang='lat' dir='ltr'><strong>Burgundios</strong></span> <span class='ocrx_word' id='word_1_740' title='bbox 2600 4842 2656 4889; x_wconf 86' lang='lat' dir='ltr'><strong>et</strong></span> <span class='ocrx_word' id='word_1_741' title='bbox 2700 4847 2884 4887; x_wconf 87' lang='lat' dir='ltr'><strong>comes</strong></span> <span class='ocrx_word' id='word_1_742' title='bbox 2938 4831 3193 4895; x_wconf 82' lang='lat' dir='ltr'><strong>Marcus,</strong></span> <span class='ocrx_word' id='word_1_743' title='bbox 3236 4829 3389 4884; x_wconf 87' lang='lat' dir='ltr'><strong>missi</strong></span> <span class='ocrx_word' id='word_1_744' title='bbox 3441 4829 3598 4900; x_wconf 84' lang='lat' dir='ltr'><strong>legati</strong></span> <span class='ocrx_word' id='word_1_745' title='bbox 3641 4825 3704 4880; x_wconf 81' lang='lat' dir='ltr'><strong>ad</strong></span> 
     </span>
    </p>
   </div>
   <div class='ocr_carea' id='block_1_108' title="bbox 2135 4923 3707 4993">
    <p class='ocr_par' dir='ltr' id='par_1_108' title="bbox 2135 4923 3707 4993">
     <span class='ocr_line' id='line_1_108' title="bbox 2135 4923 3707 4993; baseline -0.003 -17"><span class='ocrx_word' id='word_1_746' title='bbox 2135 4941 2155 4976; x_wconf 85' lang='grc'>‹</span> <span class='ocrx_word' id='word_1_747' title='bbox 2201 4933 2478 4993; x_wconf 89' lang='lat' dir='ltr'><strong>potentem</strong></span> <span class='ocrx_word' id='word_1_748' title='bbox 2520 4924 2906 4993; x_wconf 88' lang='lat' dir='ltr'><strong>imperatorem</strong></span> <span class='ocrx_word' id='word_1_749' title='bbox 2954 4923 3287 4977; x_wconf 82' lang='lat' dir='ltr'><strong>Romeorum</strong></span> <span class='ocrx_word' id='word_1_750' title='bbox 3337 4923 3707 4991; x_wconf 77' lang='lat' dir='ltr'><strong>Porpttyroge-</strong></span> 
     </span>
    </p>
   </div>
   <div class='ocr_carea' id='block_1_109' title="bbox 2135 5012 3708 5070">
    <p class='ocr_par' dir='ltr' id='par_1_109' title="bbox 2135 5012 3708 5070">
     <span class='ocr_line' id='line_1_109' title="bbox 2135 5012 3708 5070; baseline -0.003 -2"><span class='ocrx_word' id='word_1_751' title='bbox 2135 5035 2155 5068; x_wconf 70' lang='grc' dir='ltr'>ι</span> <span class='ocrx_word' id='word_1_752' title='bbox 2200 5017 2376 5069; x_wconf 92' lang='lat' dir='ltr'><strong>nitnm</strong></span> <span class='ocrx_word' id='word_1_753' title='bbox 2407 5015 2692 5070; x_wconf 89' lang='lat' dir='ltr'><strong>dominum</strong></span> <span class='ocrx_word' id='word_1_754' title='bbox 2731 5015 3032 5069; x_wconf 75' lang='lat' dir='ltr'><strong>illanuelem</strong></span> <span class='ocrx_word' id='word_1_755' title='bbox 3065 5013 3408 5069; x_wconf 87' lang='lat' dir='ltr'><strong>Comnanum</strong></span> <span class='ocrx_word' id='word_1_756' title='bbox 3438 5028 3468 5065; x_wconf 89' lang='lat' dir='ltr'><strong>a</strong></span> <span class='ocrx_word' id='word_1_757' title='bbox 3496 5012 3708 5066; x_wconf 79' lang='lat' dir='ltr'><strong>civitate</strong></span> 
     </span>
    </p>
   </div>
   <div class='ocr_carea' id='block_1_110' title="bbox 2135 5103 3707 5176">
    <p class='ocr_par' dir='ltr' id='par_1_110' title="bbox 2135 5103 3707 5176">
     <span class='ocr_line' id='line_1_110' title="bbox 2135 5103 3707 5176; baseline -0.003 -18"><span class='ocrx_word' id='word_1_758' title='bbox 2135 5125 2154 5158; x_wconf 69' lang='grc' dir='ltr'>ι</span> <span class='ocrx_word' id='word_1_759' title='bbox 2202 5107 2416 5172; x_wconf 86' lang='lat' dir='ltr'><strong>Pisana,</strong></span> <span class='ocrx_word' id='word_1_760' title='bbox 2455 5108 2704 5176; x_wconf 88' lang='lat' dir='ltr'><strong>iuramus</strong></span> <span class='ocrx_word' id='word_1_761' title='bbox 2758 5122 2924 5171; x_wconf 90' lang='lat' dir='ltr'><strong>super</strong></span> <span class='ocrx_word' id='word_1_762' title='bbox 2973 5115 3158 5160; x_wconf 86' lang='lat' dir='ltr'><strong>sancta</strong></span> <span class='ocrx_word' id='word_1_763' title='bbox 3197 5105 3292 5160; x_wconf 88' lang='lat' dir='ltr'><strong>Dei</strong></span> <span class='ocrx_word' id='word_1_764' title='bbox 3340 5103 3618 5174; x_wconf 83' lang='lat' dir='ltr'><strong>evangelia</strong></span> <span class='ocrx_word' id='word_1_765' title='bbox 3658 5110 3707 5154; x_wconf 75' lang='lat' dir='ltr'><strong>et</strong></span> 
     </span>
    </p>
   </div>
   <div class='ocr_carea' id='block_1_111' title="bbox 2133 5197 3707 5264">
    <p class='ocr_par' dir='ltr' id='par_1_111' title="bbox 2133 5197 3707 5264">
     <span class='ocr_line' id='line_1_111' title="bbox 2133 5197 3707 5264; baseline -0.003 -15"><span class='ocrx_word' id='word_1_766' title='bbox 2133 5215 2154 5249; x_wconf 71' lang='grc' dir='ltr'>ι</span> <span class='ocrx_word' id='word_1_767' title='bbox 2204 5197 2582 5253; x_wconf 89' lang='lat' dir='ltr'><strong>honorabilem</strong></span> <span class='ocrx_word' id='word_1_768' title='bbox 2610 5207 2668 5252; x_wconf 90' lang='lat' dir='ltr'><strong>et</strong></span> <span class='ocrx_word' id='word_1_769' title='bbox 2695 5199 2965 5252; x_wconf 86' lang='lat' dir='ltr'><strong>vivificam</strong></span> <span class='ocrx_word' id='word_1_770' title='bbox 3001 5210 3244 5260; x_wconf 87' lang='lat' dir='ltr'><strong>erucem,</strong></span> <span class='ocrx_word' id='word_1_771' title='bbox 3293 5197 3440 5264; x_wconf 82' lang='lat' dir='ltr'><strong>quod</strong></span> <span class='ocrx_word' id='word_1_772' title='bbox 3475 5207 3707 5249; x_wconf 79' lang='lat' dir='ltr'><strong>conven-</strong></span> 
     </span>
    </p>
   </div>
   <div class='ocr_carea' id='block_1_112' title="bbox 2136 5279 3706 5358">
    <p class='ocr_par' dir='ltr' id='par_1_112' title="bbox 2136 5279 3706 5358">
     <span class='ocr_line' id='line_1_112' title="bbox 2136 5279 3706 5358; baseline -0.004 -16"><span class='ocrx_word' id='word_1_773' title='bbox 2136 5304 2154 5341; x_wconf 74' lang='grc' dir='ltr'>ι</span> <span class='ocrx_word' id='word_1_774' title='bbox 2203 5289 2406 5343; x_wconf 87' lang='lat' dir='ltr'><strong>tionem</strong></span> <span class='ocrx_word' id='word_1_775' title='bbox 2455 5289 2655 5344; x_wconf 78' lang='lat' dir='ltr'><strong>factam</strong></span> <span class='ocrx_word' id='word_1_776' title='bbox 2708 5303 2926 5358; x_wconf 88' lang='lat' dir='ltr'><strong>semper</strong></span> <span class='ocrx_word' id='word_1_777' title='bbox 2990 5287 3348 5343; x_wconf 79' lang='lat' dir='ltr'><strong>memorando</strong></span> <span class='ocrx_word' id='word_1_778' title='bbox 3399 5279 3706 5354; x_wconf 83' lang='lat' dir='ltr'><strong>imperatori</strong></span> 
     </span>
    </p>
   </div>
   <div class='ocr_carea' id='block_1_113' title="bbox 2137 5378 3709 5443">
    <p class='ocr_par' dir='ltr' id='par_1_113' title="bbox 2137 5378 3709 5443">
     <span class='ocr_line' id='line_1_113' title="bbox 2137 5378 3709 5443; baseline -0.003 -8"><span class='ocrx_word' id='word_1_779' title='bbox 2137 5400 2156 5434; x_wconf 80' lang='grc' dir='ltr'>ι</span> <span class='ocrx_word' id='word_1_780' title='bbox 2205 5383 2426 5436; x_wconf 91' lang='lat' dir='ltr'><strong>domino</strong></span> <span class='ocrx_word' id='word_1_781' title='bbox 2471 5382 2664 5437; x_wconf 75' lang='lat' dir='ltr'><strong>Alexio</strong></span> <span class='ocrx_word' id='word_1_782' title='bbox 2710 5381 3011 5443; x_wconf 85' lang='lat' dir='ltr'><strong>Comnano,</strong></span> <span class='ocrx_word' id='word_1_783' title='bbox 3041 5390 3098 5434; x_wconf 87' lang='lat' dir='ltr'><strong>et</strong></span> <span class='ocrx_word' id='word_1_784' title='bbox 3123 5381 3348 5434; x_wconf 88' lang='lat' dir='ltr'><strong>domino</strong></span> <span class='ocrx_word' id='word_1_785' title='bbox 3395 5389 3582 5434; x_wconf 87' lang='lat' dir='ltr'><strong>nostro</strong></span> <span class='ocrx_word' id='word_1_786' title='bbox 3609 5378 3709 5430; x_wconf 83' lang='lat' dir='ltr'><strong>im-</strong></span> 
     </span>
    </p>
   </div>
   <div class='ocr_carea' id='block_1_114' title="bbox 2139 5467 3712 5549">
    <p class='ocr_par' dir='ltr' id='par_1_114' title="bbox 2139 5467 3712 5549">
     <span class='ocr_line' id='line_1_114' title="bbox 2139 5467 3712 5549; baseline -0.005 -25"><span class='ocrx_word' id='word_1_787' title='bbox 2139 5490 2161 5524; x_wconf 69' lang='grc' dir='ltr'>ι</span> <span class='ocrx_word' id='word_1_788' title='bbox 2207 5473 2446 5541; x_wconf 85' lang='lat' dir='ltr'><strong>pcratori</strong></span> <span class='ocrx_word' id='word_1_789' title='bbox 2472 5480 2526 5525; x_wconf 89' lang='lat' dir='ltr'><strong>et</strong></span> <span class='ocrx_word' id='word_1_790' title='bbox 2547 5471 3017 5549; x_wconf 82' lang='lat' dir='ltr'><strong>Porphyrogenito</strong></span> <span class='ocrx_word' id='word_1_791' title='bbox 3045 5470 3266 5524; x_wconf 89' lang='lat' dir='ltr'><strong>domino</strong></span> <span class='ocrx_word' id='word_1_792' title='bbox 3297 5469 3532 5523; x_wconf 74' lang='lat' dir='ltr'><strong>Ilanoeli</strong></span> <span class='ocrx_word' id='word_1_793' title='bbox 3557 5467 3712 5522; x_wconf 83' lang='lat' dir='ltr'><strong>Com-</strong></span> 
     </span>
    </p>
   </div>
   <div class='ocr_carea' id='block_1_115' title="bbox 2141 5559 3710 5631">
    <p class='ocr_par' dir='ltr' id='par_1_115' title="bbox 2141 5559 3710 5631">
     <span class='ocr_line' id='line_1_115' title="bbox 2141 5559 3710 5631; baseline -0.003 -15"><span class='ocrx_word' id='word_1_794' title='bbox 2141 5582 2162 5616; x_wconf 80' lang='grc' dir='ltr'>ι</span> <span class='ocrx_word' id='word_1_795' title='bbox 2209 5577 2410 5616; x_wconf 88' lang='lat' dir='ltr'><strong>nanoa</strong></span> <span class='ocrx_word' id='word_1_796' title='bbox 2441 5563 2667 5619; x_wconf 82' lang='lat' dir='ltr'><strong>civitate</strong></span> <span class='ocrx_word' id='word_1_797' title='bbox 2721 5563 2917 5619; x_wconf 71' lang='lat' dir='ltr'><strong>Pisaea</strong></span> <span class='ocrx_word' id='word_1_798' title='bbox 2947 5600 2962 5628; x_wconf 82' lang='lat'><strong>,</strong></span> <span class='ocrx_word' id='word_1_799' title='bbox 3016 5575 3180 5631; x_wconf 80' lang='lat' dir='ltr'><strong>quam</strong></span> <span class='ocrx_word' id='word_1_800' title='bbox 3232 5559 3428 5615; x_wconf 87' lang='lat' dir='ltr'><strong>consul</strong></span> <span class='ocrx_word' id='word_1_801' title='bbox 3475 5559 3710 5614; x_wconf 66' lang='lat' dir='ltr'><strong>Pisaurum</strong></span> 
     </span>
    </p>
   </div>
   <div class='ocr_carea' id='block_1_116' title="bbox 521 5719 2015 5804">
    <p class='ocr_par' dir='ltr' id='par_1_116' title="bbox 521 5719 2015 5804">
     <span class='ocr_line' id='line_1_116' title="bbox 521 5719 2015 5804; baseline 0.007 -27"><span class='ocrx_word' id='word_1_802' title='bbox 521 5722 638 5804; x_wconf 49' lang='lat' dir='ltr'><strong>(si)</strong></span> <span class='ocrx_word' id='word_1_803' title='bbox 669 5723 939 5804; x_wconf 79' lang='lat' dir='ltr'><strong>Videntur-</strong></span> <span class='ocrx_word' id='word_1_804' title='bbox 973 5724 1062 5792; x_wconf 83' lang='lat' dir='ltr'><strong>nic</strong></span> <span class='ocrx_word' id='word_1_805' title='bbox 1117 5725 1389 5784; x_wconf 78' lang='lat' dir='ltr'><strong>excidisse</strong></span> <span class='ocrx_word' id='word_1_806' title='bbox 1442 5725 1492 5780; x_wconf 79' lang='lat' dir='ltr'><strong>oi</strong></span> <span class='ocrx_word' id='word_1_807' title='bbox 1544 5722 1898 5798; x_wconf 61' lang='grc' dir='ltr'><strong>ττι-,ριορισμνδὶ</strong></span> <span class='ocrx_word' id='word_1_808' title='bbox 1947 5719 2015 5776; x_wconf 62' lang='lat' dir='ltr'><strong>illi</strong></span> 
     </span>
    </p>
   </div>
   <div class='ocr_carea' id='block_1_117' title="bbox 2124 5719 2510 5804">
    <p class='ocr_par' dir='ltr' id='par_1_117' title="bbox 2124 5719 2510 5776">
     <span class='ocr_line' id='line_1_117' title="bbox 2124 5719 2510 5776; baseline 0 -2"><span class='ocrx_word' id='word_1_809' title='bbox 2124 5719 2306 5776; x_wconf 64' lang='lat' dir='ltr'><strong>inventi</strong></span> <span class='ocrx_word' id='word_1_810' title='bbox 2341 5719 2510 5774; x_wconf 90' lang='lat' dir='ltr'><strong>illius.</strong></span> 
     </span>
    </p>
   </div>
  </div>
