3942 6250
177 247 311 329 tat.

1276 256 1646 322 ΝΟΥΕΗΛΞ
1677 257 2372 331 CONSTITUTIONES.

3314 266 3434 331 482

178 381 200 417 ι
246 363 507 422 Athertus
531 365 760 435 juravit,
794 367 861 427 ad
889 369 1157 429 honorem
1192 372 1539 445 imperatoris
1567 374 1759 431 obser-
1785 380 1828 437 Α
1860 371 2164 441 practicum
2204 371 2406 427 horum
2443 373 2768 429 lradiciouis
2797 391 2811 440 ;
2847 375 2993 446 quod
3029 375 3120 431 ﬁct
3154 379 3452 436 notiﬁcatis

177 471 196 505 ι
244 454 498 529 vabituus
547 455 781 515 ﬁdeliter
810 471 864 517 et
896 477 1017 523 nos.
1045 471 1101 518 et
1130 463 1394 521 iaciemus
1438 465 1753 522 conﬁrmari

178 561 199 596 ι
242 546 316 598 ab
348 546 605 604 universa
659 550 880 606 civitate
934 554 1131 609 Pisana
1178 554 1297 611 sine
1338 554 1557 613 fraude.
1584 557 1650 612 Et
1679 564 1758 612 sc

178 650 197 684 ι
242 634 497 705 juramus
552 638 655 694 hec
699 641 819 697 sine
876 643 1066 703 fraude
1115 653 1173 700 et
1220 646 1365 701 malo
1416 648 1658 719 ingenio,
1704 658 1759 705 et

180 745 199 777 σ
248 728 404 784 ﬁrma
473 730 910 790 observabimus.
972 735 1062 792 Sic
1126 739 1267 794 Deus
1328 754 1430 795 nos
1493 741 1758 813 adjuvet,

179 837 200 871 ι
246 832 434 879 sancta
487 824 583 880 Dei
632 827 914 898 evangelia
960 836 1019 883 et
1070 830 1405 889 honorabilis
1446 842 1505 889 et
1545 833 1759 891 vitiﬁca

177 935 198 970 ι
224 932 405 992 νει-ω.
448 934 469 969 ι

208 1030 273 1087 ,ι
312 1010 455 1067 Ecce
514 1019 572 1066 et
616 1009 912 1082 imperium
978 1021 1227 1069 uestium
1293 1016 1612 1073 corroborat
1661 1033 1761 1090 per

174 1117 405 1171 presens
439 1101 832 1174 chrysobulum
867 1105 1109 1174 sigillum
1159 1121 1321 1161 suum
1375 1124 1578 1163 munus
1608 1112 1757 1180 qttod

175 1194 461 1249 habebant
490 1196 546 1249 in
579 1197 862 1252 notiﬁcato
906 1199 1032 1269 jure
1062 1214 1093 1253 a
1146 1213 1369 1270 semper
1399 1202 1761 1257 memorando

175 1286 509 1354 imperatore
557 1286 784 1343 domino
820 1298 878 1343 et
934 1299 1092 1359 patre
1142 1290 1287 1360 ejus,
1323 1302 1382 1346 et
1412 1293 1572 1363 jubet
1607 1292 1761 1351 ﬁrma

173 1387 229 1431 et
288 1377 627 1433 inviolabilia
687 1392 1012 1448 permanere
1076 1380 1219 1435 facta
1284 1381 1371 1438 eis
1432 1383 1761 1454 chrysobula

175 1485 343 1540 super
385 1470 679 1525 collatione
736 1470 1115 1541 hujuscemodi
1159 1473 1554 1538 immobilium,
1610 1476 1657 1530 si
1705 1485 1764 1530 et

174 1559 490 1630 hujusmodi
534 1569 678 1616 terra
724 1561 975 1619 Pisarutu
1023 1561 1164 1619 bene
1208 1565 1467 1621 observat
1499 1574 1656 1637 pacta
1702 1575 1760 1622 et

171 1659 523 1704 sacramenta
573 1665 673 1705 sua
710 1665 819 1719 que
850 1650 1083 1719 imperio
1118 1665 1328 1715 nostro.
1366 1653 1667 1709 heredibus
1704 1660 1760 1707 et

1834 462 2054 534 legatis
2091 477 2284 516 eorum
2319 479 2348 516 a
2379 465 2754 535 grammaticis
2779 466 2993 535 imperii
3026 469 3227 532 nostri,
3254 470 3452 529 Pedia-

1863 555 1974 607 dita
2039 552 2403 609 Constantino
2464 569 2517 610 et
2571 557 2881 613 clarissimo
2940 561 3453 628 protonobilissimo

1861 643 2051 715 Sergio
2075 643 2283 711 Coliva,
2311 654 2366 700 et
2392 662 2421 700 a
2451 647 2780 704 desunotato
2825 649 3188 708 Constantino
3219 654 3465 723 Petiota,

1860 735 2007 803 quod
2061 744 2117 789 et
2164 736 2217 790 in
2255 738 2521 806 congruis
2575 740 2808 796 secretis
2863 743 3039 798 sterni
3101 745 3268 803 debet
3318 764 3452 809 cum

1864 825 2105 896 presenti
2156 827 2494 899 chrysobulo
2555 829 2767 900 imperii
2824 834 3003 889 nostri
3054 853 3070 901 ;
3120 848 3175 890 et
3242 838 3451 896 habere

1864 916 2092 971 Pisanos
2127 918 2417 974 universos
2457 919 2744 975 introitum
2795 938 2986 978 eorum
3036 939 3349 996 presetttcm
3393 940 3452 986 et

1864 1008 2113 1063 futurum
2191 1024 2258 1064 ex
2317 1012 2932 1081 superediﬁcationibus
2991 1020 3256 1089 ipsorum,
3314 1040 3454 1093 quas

1866 1098 2011 1154 infra
2085 1102 2353 1156 terminos
2424 1105 2557 1173 ipsis
2622 1105 2853 1160 traditos
2883 1106 3104 1174 facient,
3161 1129 3460 1186 quousque

1865 1192 2102 1259 civitas,
2151 1207 2316 1264 quam
2363 1194 2528 1249 debet
2577 1196 2809 1267 imperio
2855 1209 3045 1254 nostro
3073 1243 3089 1266 ,
3146 1203 3455 1262 heredibus

1857 1273 1923 1336 ct
1945 1284 2361 1339 successoribus
2382 1286 2501 1356 ejus
2525 1285 2738 1356 ipsique
2767 1290 3057 1357 Rontauic,
3084 1292 3244 1348 ﬁdem
3279 1275 3446 1366 atque

1866 1374 2154 1428 servitium
2192 1387 2505 1440 conservat,
2542 1389 2597 1433 et
2627 1390 2771 1434 terra
2807 1381 3086 1438 Pisauaac
3118 1384 3297 1454 ipsum
3331 1388 3452 1457 ejus

1865 1481 2161 1529 commune
2195 1468 2589 1525 inviolabiliter
2614 1481 2669 1526 et
2692 1472 2810 1527 sine
2835 1473 3224 1542 diminutione,
3253 1494 3451 1534 secun-

1868 1555 2000 1610 dum
2023 1559 2451 1614 conventionem
2482 1563 2744 1634 scriptam
2783 1579 2810 1619 a
2852 1569 3229 1637 supranotatis
3252 1585 3448 1627 eorum

1869 1646 2062 1718 legatis
2113 1647 2314 1704 factam
2366 1663 2424 1706 et
2491 1655 2747 1722 superius
2801 1656 3109 1723 recitatam,
3160 1676 3269 1731 que
3312 1672 3370 1717 et
3413 1678 3446 1718 a

171 1747 594 1803 successoribus
612 1748 732 1819 ejus
783 1747 934 1813 fecit,
964 1748 1033 1803 ad
1074 1748 1341 1803 honorem
1370 1757 1427 1803 et
1454 1747 1758 1819 proﬁcuum
1792 1719 1839 1778 Β
1867 1748 2135 1807 ροιεενειθ
2169 1743 2418 1813 ejusdem
2446 1746 2686 1802 civitatis
2718 1759 2771 1803 et
2812 1759 2958 1806 terre
2988 1751 3187 1808 Pisano
3239 1764 3299 1810 ct
3325 1771 3442 1811 me.

174 1838 395 1907 imperii
432 1839 605 1893 nostri
659 1849 717 1894 et
769 1838 1060 1893 Romanie.
1119 1838 1300 1908 Super
1347 1837 1451 1891 hoc
1503 1836 1650 1891 enim
1705 1844 1763 1889 ct

170 1947 405 2002 presens
456 1932 675 2001 imperii
723 1932 895 1986 nostri
941 1932 1178 2001 sigillum
1236 1932 1317 1987 eis
1350 1931 1609 1986 collatum
1653 1939 1759 1995 est,

172 2025 385 2079 debetis
414 2035 473 2079 et
504 2024 562 2078 in
593 2025 852 2095 congruis
881 2025 1112 2080 secretis
1140 2023 1315 2079 sterni
1355 2033 1579 2094 propter
1611 2022 1761 2077 noti-

171 2117 515 2182 ﬁcatiouem,
547 2132 736 2172 mense
770 2117 942 2180 Julio,
980 2116 1300 2172 iudictionis
1332 2116 1516 2171 tertie.
1552 2133 1572 2168 ι

242 2208 336 2263 Sic
353 2208 614 2279 equidem
631 2209 942 2277 hujusmodi
960 2209 1310 2280 chrysobulis
1326 2207 1761 2273 continentibus,

167 2302 433 2372 quoniam
459 2303 724 2357 uotiﬁcati
741 2301 902 2372 legati
924 2302 1181 2372 superius
1202 2301 1405 2370 scripta
1433 2301 1761 2369 pepigerunt

166 2404 224 2447 et
246 2393 460 2461 scripto
477 2390 890 2461 subscriptione
910 2406 1102 2445 eorum
1138 2389 1465 2446 conﬁrman
1503 2402 1756 2458 compre-

166 2481 506 2546 henderunt,
529 2490 588 2537 et
606 2495 953 2537 sacramento
974 2497 1074 2536 ceu
1095 2481 1434 2536 uotiﬁcatum
1455 2487 1539 2535 est
1564 2493 1758 2534 corro-

167 2574 533 2641 boraverunt,
555 2575 713 2646 jubet
749 2575 1040 2644 imperium
1073 2584 1427 2639 nostrum,ea
1444 2587 1550 2643 que
1582 2572 1636 2626 in
1664 2587 1759 2626 su-

165 2664 362 2731 perius
390 2663 619 2733 scriptis
654 2664 1004 2734 cltrysobulis
1037 2663 1606 2733 comprehenduntur,
1637 2671 1748 2717 tam

164 2753 233 2808 de
270 2754 341 2809 iis
373 2768 485 2822 que
536 2769 568 2808 a
598 2754 820 2810 civitate
860 2756 1053 2811 Pisaua
1096 2755 1364 2810 Romanis
1408 2754 1549 2809 facta
1603 2765 1751 2817 sunt,

162 2860 333 2916 quam
357 2845 500 2901 etde
524 2845 715 2917 iisque
735 2862 765 2901 a
789 2847 1054 2902 Romania
1079 2847 1211 2918 ipsis
1235 2847 1429 2902 collata
1463 2857 1612 2910 sunt,
1636 2846 1755 2899 elli-

160 2939 379 2992 caciam
409 2949 467 2993 et
513 2938 986 2993 inviolabilitatem
1042 2938 1270 3005 habere,
1305 2950 1362 2993 et
1395 2939 1476 2993 sic
1504 2938 1751 3008 reputari

1864 1829 2096 1888 lioribus
2143 1834 2357 1891 Pisanis
2405 1846 2460 1899 et
2500 1839 2757 1893 universa
2803 1840 3155 1917 plenitudine
3191 1844 3443 1903 Pisarutn

1858 1920 2032 1991 jurari
2058 1924 2219 1979 debet
2248 1925 2300 1979 in
2348 1927 2625 2003 presentia
2667 1944 2832 2000 super
2867 1930 2971 1986 hoc
3006 1922 3185 2002 ipsum
3216 1935 3455 1999 ntitten-_.

1861 2012 2057 2068 dorum
2094 2015 2380 2071 hominum
2416 2019 2633 2088 imperii
2658 2021 2855 2087 nostri,
2883 2032 2938 2076 et
2967 2025 3249 2079 annuatim
3281 2041 3444 2081 reno-

1859 2108 2004 2166 vari.
2057 2109 2363 2162 secundum
2424 2111 2571 2179 quod
2635 2113 2951 2182 specialiter
3002 2132 3065 2170 ca
3113 2132 3221 2186 que
3277 2116 3444 2187 hujus

1859 2200 2083 2270 capituli
2118 2211 2268 2267 sunt,
2324 2218 2542 2274 semper
2576 2205 2932 2261 memorando
2978 2207 3315 2277 imperatori,
3348 2227 3446 2281 pa-

1859 2299 1986 2346 truo
2016 2292 2231 2363 imperii
2282 2298 2480 2367 nostri,
2534 2296 2758 2351 domino
2793 2298 3048 2363 Manueli,
3095 2313 3254 2371 pacta
3292 2313 3442 2359 sunt.

1858 2378 2136 2438 Fruentur
2172 2393 2354 2441 autem
2406 2395 2458 2441 et
2493 2386 2748 2442 libertate
2802 2387 3057 2445 universa
3113 2391 3168 2445 in
3226 2393 3445 2448 duobus

1859 2475 2108 2532 recitatis
2156 2478 2507 2549 chrysobulis
2551 2480 2949 2550 comprehensa
2999 2485 3336 2552 conuuereii,
3384 2496 3442 2541 et

1859 2569 2198 2638 reliquorum
2233 2571 2480 2625 omnium
2532 2572 2903 2642 capitulorum
2956 2589 3063 2644 que
3107 2575 3161 2629 itt
3192 2576 3275 2630 eis
3300 2591 3440 2631 con-

1860 2659 2470 2723 tinentur,cxhibentes
2492 2660 2560 2717 de
2584 2672 2805 2717 centum
2832 2664 2865 2718 4
2894 2674 3002 2717 tam
3036 2664 3089 2718 in
3125 2682 3316 2736 magna
3346 2683 3441 2722 ur-

1855 2749 1926 2804 be
1966 2765 2129 2822 quam
2152 2752 2208 2805 in
2240 2754 2439 2808 ceteris
2480 2755 2638 2810 terris
2670 2764 2856 2810 nostre
2888 2757 2975 2826 pie
3003 2759 3439 2828 tranquillitatis,

1854 2857 1965 2896 non
2004 2845 2182 2898 solum
2231 2845 2299 2900 de
2328 2847 2394 2901 iis
2448 2862 2557 2917 que
2585 2848 2653 2901 de
2682 2847 2881 2903 alienis
2922 2849 3172 2918 partibus
3212 2852 3281 2907 ab
3309 2853 3440 2924 ipsis

1855 2934 1912 2989 in
1954 2935 2276 2990 Romaniam
2326 2938 2636 2993 aﬁ'eruutur
2688 2941 2962 2995 universis
3007 2942 3304 3008 mercibus,
3342 2961 3442 3000 ve-

163 3037 227 3080 ut
254 3042 410 3081 nunc
436 3039 596 3097 pacta
611 3036 664 3081 et
694 3027 921 3094 collata;
948 3035 1004 3082 et
1026 3027 1240 3083 restitui
1264 3027 1498 3097 precipit
1526 3027 1755 3082 Pisanos
1784 3057 1828 3115 ε
1863 3041 1983 3078 rum
2015 3027 2179 3081 etiam
2229 3026 2298 3083 de
2350 3029 2417 3083 iis
2465 3044 2573 3100 que
2604 3028 2673 3084 de
2706 3031 2866 3085 terris
2900 3032 3170 3088 Romanie
3201 3034 3272 3090 ab
3308 3036 3441 3106 ipsis

159 3118 221 3174 in
247 3120 517 3175 universa
542 3135 649 3190 que
673 3120 730 3173 in
762 3134 955 3190 magna
998 3120 1132 3175 urbe
1152 3119 1286 3190 ipsis
1320 3120 1520 3174 donata
1544 3121 1756 3190 pridem

158 3210 405 3269 fuerunt
440 3227 475 3266 a
513 3226 732 3282 semper
762 3212 1120 3267 memorando
1162 3211 1494 3281 imperatore
1534 3221 1592 3267 et
1628 3226 1759 3281 pro-

155 3321 273 3360 avo
301 3306 526 3376 imperii
561 3305 761 3371 uestri,
800 3304 1029 3359 domino
1069 3304 1285 3368 Alexio,
1315 3312 1371 3357 et
1398 3302 1759 3358 desideratis-

156 3404 308 3455 simo
341 3415 412 3468 pa
440 3414 543 3452 ruo
575 3398 922 3452 celsitudinis
963 3407 1172 3462 nostre,
1208 3395 1435 3450 domino
1468 3394 1705 3449 Manueli
1738 3410 1756 3452 :

151 3492 453 3547 embolum
525 3485 815 3556 videlicet,
874 3488 1208 3555 habitacula,
1264 3488 1556 3544 ecclesiam
1626 3502 1755 3542 cum

151 3583 339 3638 altera
372 3582 445 3635 ab
499 3582 634 3651 ipsis
671 3581 815 3636 infra
859 3581 986 3653 jura
1017 3595 1211 3636 eorum
1264 3588 1450 3635 erecta
1498 3578 1754 3642 ecclesia,

150 3683 215 3729 et
267 3674 579 3731 littoralem
605 3674 831 3737 scalam,
877 3675 1181 3728 secundum
1227 3673 1372 3742 quod
1430 3671 1515 3727 eis
1558 3671 1759 3725 donata

150 3764 422 3828 fuerunt,
468 3774 526 3819 et
572 3765 879 3820 secundum
917 3764 1061 3819 facta
1108 3765 1245 3834 ipsis
1287 3762 1533 3834 practica
1584 3776 1758 3831 super

149 3855 481 3911 trndicitiue
509 3854 704 3909 horum
718 3855 802 3910 eis
826 3854 1253 3924 [δείδιθι-δῆθε·
1274 3863 1456 3909 autem
1470 3854 1571 3921 eis;
1590 3853 1663 3907 im
1670 3867 1764 3922 pe-

146 3947 313 4003 rium
372 3955 630 4001 nostrum
681 3946 1100 4016 ctpensionalia
1149 3946 1503 4000 monastaerii
1546 3945 1755 4000 domini

146 4039 545 4107 Antonii,que
566 4037 893 4093 inlacieudo
930 4037 1066 4107 ipsis
1125 4040 1368 4107 practice
1397 4037 1767 4093 notiﬁcabun-

150 4140 279 4197 tur,
331 4129 597 4184 habentia
648 4143 749 4192 pro
801 4142 947 4181 anno
1006 4127 1236 4181 introitu
1294 4126 1396 4199 [in]
1428 4128 1758 4182 nomismata

147 4230 441 4294 yprcrpera
472 4221 601 4281 246.
629 4228 688 4276 et
719 4220 923 4274 scalam
966 4219 1385 4289 predeputatam
1420 4219 1476 4271 in
1509 4219 1619 4272 situ
1651 4218 1757 4273 loci

145 4312 472 4370 lcanatisse
530 4328 562 4368 a
621 4312 918 4368 serenitate
961 4323 1149 4365 nostra
1196 4309 1479 4366 ediﬁcatio
1521 4310 1594 4364 ab
1642 4310 1757 4379 ipsa

1859 3127 2119 3171 emuntur
2145 3127 2200 3171 et
2232 3117 2284 3172 in
2314 3134 2507 3189 magna
2544 3119 2681 3173 urbe
2713 3121 2797 3174 vel
2825 3120 2947 3175 aliis
2973 3125 3140 3177 terris
3161 3124 3433 3181 Romauie

1859 3210 2197 3265 venduntur.
2262 3212 2607 3280 Quamquam
2681 3214 2831 3267 enim
2880 3222 2935 3268 et
2983 3230 3057 3269 er
3099 3214 3438 3287 chrysohulo

1860 3302 1996 3371 ipsis
2028 3303 2179 3356 facte
2232 3303 2423 3372 proavi
2476 3302 2696 3372 imperii
2743 3305 2939 3370 nostri,
2971 3318 3190 3374 semper
3226 3321 3438 3361 memo-

1862 3394 2019 3449 randi
2062 3394 2413 3463 imperatoris
2456 3394 2665 3448 domini
2711 3395 2883 3449 Alexii
2914 3395 3178 3451 Comuani
3206 3438 3221 3463 ,
3255 3406 3310 3451 ut
3350 3398 3436 3455 vel

1861 3497 1919 3540 ut
2012 3486 2207 3541 Bomei
2281 3496 2610 3554 reputentur
2668 3488 2767 3557 ipsi
2825 3489 2880 3542 in
2943 3491 3224 3546 mercibus
3299 3504 3439 3561 quas

1860 3578 1931 3632 de
1997 3577 2263 3632 Romauia
2312 3586 2503 3633 emunt
2532 3618 2550 3643 ,
2603 3579 3036 3636 delet-minatum
3084 3593 3168 3638 est
3196 3622 3211 3647 ,
3259 3584 3440 3640 idem-

1861 3682 1968 3737 que
2043 3671 2434 3724 commercium
2511 3671 2647 3726 deut
2707 3671 2779 3725 de
2834 3673 2902 3729 iis
2966 3676 3112 3744 quod
3185 3685 3242 3731 et
3324 3677 3441 3733 lto-

1859 3762 1967 3815 ntei
2001 3762 2133 3818 dant
2179 3777 2195 3823 ;
2246 3761 2343 3817 sed
2392 3772 2592 3816 tamem
2642 3763 2932 3833 imperium
2982 3776 3236 3822 nostrum
3290 3772 3439 3825 mul-

1862 3864 1973 3909 tum
2034 3870 2229 3909 eorum
2281 3854 2633 3910 devotionem
2694 3863 2752 3910 et
2796 3856 2960 3911 ﬁdem
3032 3872 3437 3927 remunerans,

1860 3945 2167 4002 liberaliter
2192 3954 2249 4001 et
2278 3959 2450 4015 super
2489 3946 2595 4000 hoc
2637 3946 2938 4015 capitulum
2979 3963 3109 4017 erga
3150 3964 3250 4004 eos
3280 3952 3434 4021 agit,

1860 4046 1917 4092 et
1945 4040 1979 4092 4
2016 4038 2085 4092 de
2107 4045 2330 4092 centum
2374 4045 2586 4091 tantum
2617 4037 2749 4091 dare
2791 4052 2889 4092 eos
2912 4040 3079 4107 jubet
3108 4049 3166 4093 et
3196 4040 3251 4093 in
3290 4056 3440 4096 tuer-

1859 4130 2021 4183 cibus
2050 4129 2297 4198 ipsorum
2325 4144 2464 4198 quas
2516 4129 2587 4183 de
2633 4128 2899 4182 Romania
2926 4130 3183 4198 equidem
3217 4142 3433 4187 emunt.

1861 4221 2141 4276 Fruentur
2179 4220 2350 4290 igitur
2374 4220 2570 4276 .Pisani
2614 4218 2871 4274 libertate
2903 4219 3038 4289 ipsis
3062 4221 3255 4275 collata
3281 4236 3312 4276 a
3338 4238 3439 4276 no-

1860 4323 1970 4368 stra
2003 4312 2300 4367 serenitate
2322 4321 2380 4366 et
2413 4310 2673 4365 omnibus
2698 4309 2840 4380 ipsis
2863 4311 3104 4375 donatis,
3136 4327 3238 4367 ceu
3270 4324 3449 4384 supe-‘

147 4405 438 4476 hospitali
474 4404 535 4461 in
581 4404 787 4473 templo
824 4403 1131 4459 venerabili
1159 4412 1479 4457 sanctorum
1516 4416 1749 4469 magno-
1783 4395 1826 4449 D
1857 4401 1971 4455 rius
2004 4400 2334 4469 patefactum
2382 4409 2488 4461 est.
2533 4407 2592 4453 et
2624 4400 3031 4454 amovebuntur
3069 4402 3139 4456 ab
3178 4402 3262 4458 his
3288 4420 3436 4458 nun-

146 4514 293 4553 rum
336 4496 638 4565 Martyrum
673 4493 1067 4561 Quadraginta.
1112 4492 1383 4548 Consedit
1417 4504 1602 4546 autem
1635 4491 1755 4546 dari

144 4603 216 4646 et
280 4602 512 4643 rursum
570 4586 766 4641 Pisane
825 4584 1061 4640 ecclesie
1120 4585 1420 4641 constituta
1463 4583 1516 4639 ei
1571 4596 1755 4636 annua

147 4674 476 4740 solemnia,
507 4674 614 4729 500
655 4674 871 4730 scilicet
927 4688 1194 4745 yperpera
1228 4684 1288 4728 et
1324 4673 1362 4728 2
1394 4674 1557 4743 pallia
1598 4681 1660 4726 ut
1701 4681 1760 4727 et

143 4773 229 4828 ab
295 4767 537 4837 imperio
583 4774 776 4820 nostro
824 4765 876 4819 ei
923 4779 1073 4820 nunc
1120 4763 1442 4829 constituta,
1471 4764 1544 4818 ob
1594 4763 1758 4818 ﬁdem

141 4875 339 4933 quam
366 4857 567 4913 civitas
605 4856 771 4912 debet
798 4864 855 4911 et
884 4865 1030 4912 terra
1052 4855 1249 4915 Pisans
1291 4854 1526 4925 imperio
1568 4864 1760 4909 nostro

139 4965 213 5012 et
242 4950 549 5008 servitium
572 4950 725 5017 ejus.
751 4947 918 5003 Addit
955 4962 1176 5018 quoque
1198 4947 1287 5003 eis
1310 4955 1370 5002 et
1390 4946 1497 5002 alia
1530 4962 1763 5017 yperpe-

141 5060 219 5101 ra
283 5044 388 5098 100
444 5040 725 5105 similiter,
762 5047 821 5096 et
868 5039 1299 5095 honoratissimo
1336 5039 1761 5109 archiepiscopo

143 5137 428 5192 Pisarum
479 5133 939 5203 preconstitutum
976 5132 1028 5186 ei
1062 5146 1309 5186 annuum
1356 5131 1638 5198 salarium,
1689 5130 1758 5185 tit)

145 5229 436 5286 videlicet
462 5239 729 5298 yperpera
756 5232 814 5280 et
840 5239 1010 5279 unum
1034 5224 1283 5293 pallium,
1326 5231 1386 5278 ut
1420 5231 1474 5278 et
1501 5224 1553 5280 ei
1606 5240 1758 5279 nunc

142 5319 541 5378 constitutum
567 5315 637 5369 ab
673 5314 905 5383 imperio
929 5323 1139 5368 nostro.
1165 5312 1333 5367 Addit
1357 5326 1488 5367 vero
1518 5325 1756 5381 persone

139 5396 585 5481 arcbiqii‘scopi
630 5409 723 5479 qui
773 5422 925 5463 nunc
975 5415 1063 5460 est
1098 5414 1154 5461 et
1185 5405 1292 5459 alia
1325 5419 1596 5476 yperpera
1651 5416 1759 5472 per

142 5505 422 5575 singulas
467 5516 647 5556 annos
688 5500 780 5556 40.
828 5500 897 5554 Et
925 5498 1086 5570 jubet
1130 5496 1445 5570 hujusmodi
1496 5494 1682 5551 omnia
1726 5509 1759 5549 a

141 5603 336 5671 parte
367 5594 612 5650 civitatis
646 5600 703 5648 et
743 5601 887 5647 terre
916 5589 1121 5646 Pisane
1153 5588 1426 5661 possideri
1454 5588 1562 5643 hoc
1591 5586 1759 5661 modo

145 5701 277 5762 per
303 5703 498 5745 omnes
522 5697 579 5744 et
615 5685 866 5743 assiduos
891 5698 1088 5753 annos,
1110 5681 1413 5740 secundum
1444 5679 1756 5738 faciendum

1860 4506 2044 4562 quam.
2071 4490 2335 4558 Quamvis
2360 4490 2507 4546 enim
2541 4491 2861 4561 huiusmodi
2876 4495 3065 4546 omnia
3094 4495 3205 4563 jam
3235 4495 3445 4551 tradita

1859 4584 2069 4639 fuerint
2114 4583 2465 4638 monasteriis
2493 4592 2551 4637 et
2579 4585 2839 4654 personis
2883 4585 3086 4653 quibus
3120 4585 3226 4639 hec
3250 4586 3434 4642 ablata

1858 4684 2010 4738 sunt,
2037 4682 2096 4730 et
2121 4674 2335 4729 Pisanis
2383 4673 2607 4740 tradita,
2638 4684 2883 4730 attamen
2918 4676 3195 4746 quoniam
3226 4676 3436 4733 iterum

1856 4767 2175 4837 hujusmodi
2220 4767 2400 4822 Pisaui
2449 4767 2553 4821 sub
2606 4767 2845 4821 servitio
2890 4767 3162 4823 amunia
3182 4768 3435 4825 ordinati

1858 4867 1989 4915 sunt
2035 4867 2094 4914 et
2155 4857 2443 4928 pristinam
2495 4873 2651 4914 suam
2708 4857 2881 4921 ﬁdens
2912 4867 3111 4928 atque
3142 4860 3457 4916 servitium-

1859 4950 2093 5019 imperio
2150 4960 2362 5014 nostro,
2406 4949 2711 5004 heredibus
2737 4958 2801 5005 et
2842 4950 3267 5007 successoribus
3311 4953 3439 5024 ejus

1857 5050 1915 5096 et
1963 5040 2255 5104 Romauie,
2314 5039 2612 5094 observare
2674 5039 3020 5111 iuraverunt,
3083 5056 3305 5096 rursum
3349 5042 3443 5099 eis

1858 5133 2035 5188 ablata
2063 5143 2191 5187 sunt
2215 5138 2271 5185 et
2304 5130 2554 5185 restituta
2577 5128 2814 5193 Pisanis,
2845 5131 3105 5200 quoniam
3135 5131 3237 5201 ipsi
3267 5131 3431 5203 satis-

1858 5225 2151 5279 factionem
2216 5239 2246 5276 a
2293 5223 2424 5277 ﬁsco
2480 5222 2687 5277 habere
2741 5220 2981 5290 debent;
3040 5220 3089 5277 si
3134 5220 3269 5278 vero
3300 5220 3429 5276 'non

1860 5313 2173 5379 habuerint,
2213 5328 2320 5371 non
2365 5309 2570 5369 debent
2616 5312 2672 5366 in
2719 5311 2951 5368 Pisanos
2982 5327 3167 5382 agere,
3215 5313 3312 5368 sed
3367 5313 3423 5367 in

1858 5404 2038 5476 ipsum
2077 5405 2291 5470 ﬁscum,
2331 5405 2473 5459 infra
2500 5404 2804 5475 legitimum
2828 5412 3067 5474 tempus.
3107 5403 3177 5457 Et
3213 5412 3434 5458 restau-

1861 5496 2131 5552 rationem
2173 5495 2359 5567 adepti
2411 5495 2641 5562 fuerint,
2672 5494 2954 5551 habebunt
2994 5492 3429 5549 satisfactionem

1858 5604 1959 5660 per
1984 5589 2039 5644 id
2063 5588 2211 5659 quod
2242 5588 2501 5654 dabitur;
2539 5587 2585 5644 si
2613 5598 2800 5644 autem
2831 5602 2944 5642 non
2984 5585 3169 5657 adepti
3199 5584 3433 5653 fuerint,

1860 5680 2142 5738 habebunt
2170 5696 2270 5753 pro
2312 5690 2481 5738 rato:
2533 5681 2796 5753 quoniam
2832 5681 3130 5752 imperium
3177 5686 3430 5734 nostrum
