3942 6250
427 328 559 390 483

1540 278 1551 287 “
1620 278 1873 370 ISAACi
1900 274 2202 364 'ANGELI
2258 274 2415 359 uir.

3565 276 3705 341 εει

409 439 692 499 licentiam
743 454 809 494 ex
861 433 1074 506 legibus
1106 431 1272 488 habet
1299 428 1353 484 in
1388 424 1593 482 noticia
1618 415 1889 493 largiendi
1929 428 1985 473 et
2015 430 2062 486 Α
2090 414 2179 472 nie
2206 425 2367 475 sunt,
2401 421 2456 465 et
2486 406 2791 479 pepigerint
2814 421 2878 462 ea
2908 412 2962 460 et
2994 380 3269 470 corporali
3304 388 3697 453 eonlirmavc—
3722 380 3739 393 ’

413 535 593 589 aliena
614 575 629 598 ,
658 541 713 586 et
734 529 968 603 largitur
1008 527 1114 581 hec
1155 523 1406 579 Pisarum
1458 513 1811 589 plenitudini.
1840 511 1990 578 Quo-

415 614 565 680 niam
613 638 746 676 vero
797 614 1061 674 notiiicati
1110 615 1275 686 legati
1304 608 1597 669 clementie
1641 614 1828 661 nostro
1859 617 1992 671 sup-

417 718 686 787 plicantes
720 712 1001 782 petierunt
1043 724 1168 764 cum
1211 705 1330 761 aliis
1370 698 1641 757 notiﬁeari
1668 697 1723 751 in
1754 691 1993 765 presenti

419 783 752 877 chrysobulo
798 799 1015 872 imperii
1085 796 1293 860 nostri,
1355 803 1464 847 tam
1514 806 1579 845 ea
1635 804 1743 858 que
1780 783 1993 855 pridem

419 872 845 964 possidebantur
874 905 904 943 a
946 899 1100 959 parte
1154 883 1391 942 civitatis
1430 890 1485 936 et
1527 892 1669 934 terre
1715 874 1908 931 Pisane
1940 872 1995 926 in

420 999 613 1054 magna
656 982 791 1036 urbe
821 982 963 1050 jura,
997 993 1159 1049 quam
1187 992 1250 1031 ea
1289 989 1395 1045 que
1429 986 1576 1026 nunc
1603 985 1632 1024 a
1668 964 1996 1022 celsitudine

422 1082 610 1129 nostra
655 1073 790 1143 ipsis
835 1072 1029 1126 collata
1070 1077 1218 1130 sunt,
1261 1064 1554 1135 imperium
1616 1071 1867 1114 nostrum
1916 1056 1998 1110 sic

422 1166 541 1220 ﬁeri
589 1166 887 1219 concessit.
921 1162 989 1215 Et
1040 1159 1246 1214 habent
1278 1172 1384 1227 que
1435 1152 1646 1226 pridem
1698 1150 1923 1223 quidem
1967 1162 1997 1200 a

423 1255 638 1311 Pisanis
677 1253 1102 1325 posside-bantur
1132 1250 1211 1303 sic
1242 1249 1352 1319 (45)
1380 1265 1394 1300 :

494 1342 984 1402 Conservabuntur
1024 1342 1190 1412 igitur
1226 1340 1480 1395 universa
1515 1333 1770 1405 superius
1798 1330 2000 1401 scripta

427 1434 585 1488 firma
619 1430 688 1485 ab
716 1430 947 1500 imperio
975 1439 1186 1490 nostro,
1240 1424 1540 1480 heredibus
1575 1431 1629 1477 et
1667 1418 2004 1476 successori-

424 1526 531 1579 bus
562 1524 683 1594 ejus
710 1532 766 1577 et
804 1521 1093 1583 Bouiania,
1139 1519 1184 1572 si
1214 1528 1458 1587 potesms
1488 1530 1595 1586 que
1624 1521 1708 1568 est
1761 1511 1816 1565 in
1863 1509 2003 1565 civi-

430 1627 541 1672 tate
571 1624 626 1669 et
655 1623 800 1667 terra
841 1612 1057 1676 Pisana,
1099 1610 1376 1673 consules,
1413 1603 1715 1661 consiliarii
1749 1613 1804 1657 et
1835 1615 2001 1657 sena-

430 1718 599 1768 tores.
636 1704 931 1774 capitanei,
984 1713 1228 1758 rectores
1280 1710 1335 1755 et
1384 1698 1581 1767 reliqui
1617 1695 1895 1760 meliores,
1939 1708 2005 1747 ac

431 1800 610 1869 ipsum
631 1812 920 1853 commune
942 1796 1190 1851 Pisarum
1223 1790 1529 1861 receperint
1557 1805 1665 1859 que
1687 1802 1714 1840 a
1745 1787 2001 1856 superius
2030 1798 2076 1858 Β

430 1891 653 1961 scriptis
674 1888 868 1958 legatis
901 1902 1095 1942 eorum
1140 1894 1297 1957 pacta
1347 1884 1602 1954 etjurata
1634 1878 1865 1947 imperio
1900 1892 2004 1932 no-

433 1980 878 2050 stro,heredibus
903 1988 958 2036 et
979 1975 1396 2036 successoribus
1425 1975 1547 2042 eius
1573 1969 1785 2041 ipsique
1806 1968 2006 2024 Roma-

2093 507 2206 562 rint
2238 511 2603 562 sacramento.
2661 507 2714 553 et
2746 497 3012 566 scriptum
3046 491 3148 546 hcc
3180 490 3473 544 continens
3526 498 3710 538 etnn-

2092 591 2379 664 p'osuerint
2421 598 2477 643 et
2510 594 2773 643 consuete
2813 580 3320 641 corroboraverint,
3359 587 3411 631 et
3444 575 3706 631 celsitu-

2094 686 2211 741 dini
2260 693 2445 738 nostre
2480 678 2756 744 miserint,
2809 686 2866 732 et
2915 676 3017 730 hee
3059 681 3176 727 rata
3225 672 3278 725 in
3339 678 3702 740 perpetuum

2096 775 2394 832 habuerint
2442 772 2568 843 ipsi,
2615 778 2672 826 et
2710 770 2802 839 qui
2834 777 2962 838 post
2993 780 3089 820 eos
3128 771 3293 818 erunt
3332 761 3597 816 consules
3638 765 3706 812 et

2098 874 2430 938 potestates,
2495 860 2797 917 consiliarii
2857 869 2913 913 et
2971 858 3289 919 senatores,
3361 851 3703 922 capitanei,

2099 965 2346 1013 rectores
2409 969 2474 1009 ac
2540 954 2719 1023 ipsum
2775 963 3068 1005 commune
3136 945 3376 999 civitatis
3417 946 3473 996 et
3534 950 3735 995 terre“

2097 1048 2318 1113 Pisano,
2354 1053 2609 1118 presente
2654 1034 2988 1115 chrysobulo
3039 1037 3209 1091 verbo
3260 1030 3469 1104 imperii
3510 1030 3711 1085 nostri

2101 1141 2335 1196 ﬁrmiter
2357 1149 2412 1194 et
2442 1135 2836 1193 inviolabiliter
2862 1145 3186 1204 permanere
3210 1128 3369 1199 (45⁸),
3390 1139 3707 1196 quousque

2016 1238 2021 1245 '
2101 1232 2505 1288 conservabunt
2533 1226 2893 1299 suprascripti
2921 1238 3113 1279 omnes
3148 1237 3213 1276 ex
3246 1221 3461 1289 integro
3486 1232 3557 1271 ea
3584 1230 3708 1286 que

2102 1325 2361 1392 superius
2385 1329 2605 1374 narrata
2626 1322 2777 1373 sunt.

2178 1415 2342 1469 Facto
2374 1426 2559 1466 mense
2603 1409 2903 1465 Februario
2956 1405 3230 1477 prcsentis
3271 1404 3486 1458 decime
3544 1403 3711 1456 indi-

2105 1510 2323 1573 ctionis,
2352 1522 2451 1563 sex
2493 1505 2765 1560 millesimi
2790 1499 3263 1572 septingentesimi
3295 1499 3446 1557 anni.
3482 1501 3539 1550 in
3584 1514 3711 1566 quo

2105 1612 2161 1659 et
2187 1612 2436 1656 nostrum
2480 1599 2631 1668 pium
2682 1605 2739 1650 et
2766 1611 2796 1649 a
2828 1593 2940 1649 Deo
2990 1593 3303 1647 ordinatum
3343 1590 3712 1659 subsignavit

2107 1694 2422 1765 imperium.

2182 1827 2429 1885 lsaakius
2461 1828 2514 1880 in
2543 1823 2768 1879 Christo
2809 1820 3041 1875 Domino
3076 1804 3254 1873 fidelis
3298 1815 3605 1885 imperator
3644 1821 3717 1866 et

2112 1922 2432 1989 moderator
2467 1919 2801 1975 llomcorum
2827 1913 3090 1984 Angelus.

2016 2124 2113 2181 IX.

1269 2270 1336 2309 ns
1364 2268 1626 2311 secessus
1650 2268 1713 2308 AD
1735 2262 1997 2306 ALTIOREII
2027 2256 2197 2302 Locum
2239 2258 2520 2301 pnouorts.
2557 2242 2641 2315 (Δ.
2684 2242 2869 2314 H95.)

1408 2369 1534 2423 Vide
1562 2367 1941 2437 Balsamonem
1968 2364 2038 2439 ad
2059 2359 2260 2433 Synod.
2288 2359 2533 2417 Clialced.
2568 2376 2613 2415 ε.
2652 2361 2736 2416 12.

2033 2516 2159 2577 Χ.’

1678 2683 1747 2725 DE
1778 2682 2068 2723 Ιιτιιοιιοιι
2094 2682 2458 2724 πτολειιοιωι.

1821 2782 1941 2838 Non
1971 2791 2146 2837 exstat
2181 2781 2318 2852 μθ).

2032 2936 2125 2993 XI.

1371 3094 1544 3136 suam
1576 3093 1740 3135 BULLA
1774 3091 1996 3132 VENETIS
2023 3090 2283 3133 concessa
2312 3073 2452 3149 [i7].
2484 3074 2570 3147 (Α.
2607 3073 2788 3147 H99.)

519 3223 996 3297 Quemadmodum
1020 3218 1280 3275 animalia
1306 3232 1429 3274 sese
1453 3217 1523 3273 ad
1548 3216 1782 3272 invicem
1824 3214 2024 3268 intime
2053 3227 2098 3289 ο
2129 3227 2296 3268 verna
2321 3213 2630 3283 respiciunt
2659 3225 2826 3284 atque
2864 3214 3150 3285 amplexus
3189 3224 3546 3287 exspectant;
3574 3231 3724 3273 cum

450 3318 780 3388 dilligentia,
823 3312 1088 3385 gregatim
1111 3324 1402 3380 quousque
1429 3323 1649 3377 semper
1668 3306 1879 3371 euntia,
1914 3319 2015 3360 nec

450 3428 562 3471 non
598 3421 653 3467 et
684 3406 1090 3478 eontpascentla
1117 3409 1175 3458 et
1209 3401 1375 3457 simul
1397 3401 1465 3457 ad
1497 3400 1756 3457 sublimia
1781 3407 1843 3455 et
1881 3397 2024 3453 infe-

453 3507 598 3562 riora
649 3499 1017 3561 convolantia,
1075 3493 1467 3566 coégredentia
1532 3493 1695 3563 etiam
1733 3506 1799 3546 ac
1842 3504 2028 3561 regre-

454 3595 689 3659 dientia,
753 3600 812 3648 et
845 3591 988 3647 forte
1044 3588 1324 3644 interdum
1370 3584 1625 3655 quadam
1692 3583 2028 3639 necessitate

456 3688 792 3750 secedet-tia,
834 3692 891 3739 et
909 3682 1096 3751 sepius
1118 3680 1184 3735 ad
1218 3679 1453 3735 invicem
1479 3688 1633 3733 retro
1654 3674 2031 3745 respicientis,

455 3794 513 3835 et
537 3779 781 3845 aruendo
818 3791 883 3831 ac
920 3773 1240 3843 sclingendo
1275 3783 1334 3826 et
1373 3770 1613 3841 propriis
1679 3765 2032 3835 uniuscujus-

457 3888 566 3944 que
622 3871 855 3926 vocibus
892 3866 1228 3923 desideriutn
1276 3865 1346 3919 ab
1396 3864 1633 3918 invicem
1690 3868 2029 3915 remotorum

458 3960 919 4025 demonstrantia,
962 3967 1021 4012 et
1060 3957 1109 4013 si
1168 3955 1370 4012 alicubi
1414 3954 1727 4010 libertatem
1756 3951 2030 4020 ceperint,

458 4058 642 4111 statim
674 4054 831 4110 valde
852 4052 925 4108 ad
945 4050 1354 4121 compascentia
1376 4047 1684 4107 redeuntia,
1716 4053 1775 4098 et
1800 4043 2031 4099 letitiam

459 4145 820 4218 impossibilia
865 4152 955 4200 est
1001 4142 1108 4198 dici
1138 4148 1404 4211 quantum
1429 4151 1499 4191 ex
1527 4135 1673 4190 facto
1701 4138 1769 4188 ad
1796 4133 2032 4188 invicem

459 4251 754 4299 concursu,
784 4245 841 4292 et
872 4236 1023 4291 velut
1060 4231 1331 4302 dilligenti
1357 4227 1693 4284 allocutione
1724 4241 1837 4279 non
1864 4225 2035 4296 signi-

463 4330 698 4385 ﬁcativis
737 4338 790 4383 et
825 4325 1195 4383 inartieulatis
1237 4322 1471 4377 vocibus
1515 4317 1985 4387 subsigniﬁcantia
2017 4332 2033 4371 :

461 4424 540 4478 sic
574 4431 630 4478 et
674 4436 848 4493 genus
882 4418 1269 4475 Veneticorum
1324 4412 1621 4484 plurimum
1655 4408 1941 4464 amicabile
1969 4422 2035 4463 ac

461 4516 662 4571 servile
692 4512 881 4568 eircha
916 4508 1239 4566 Romaniae:
1281 4521 1380 4575 per
1418 4513 1667 4573 tempora
1700 4502 1810 4556 iam
1836 4500 2030 4562 multa,

2130 3313 2314 3360 autem
2347 3307 2681 3374 invenerint,
2722 3309 3201 3366 indissolubilibus
3235 3311 3476 3366 vinculis
3504 3314 3727 3365 amoris

2130 3407 2321 3454 tenere
2348 3399 2594 3454 student.
2690 3432 2699 3439 -

2197 3487 2351 3553 Quod
2383 3490 2607 3558 quidem
2635 3500 2693 3545 et
2717 3505 2865 3546 nunc
2905 3491 3133 3548 Venetie
3165 3494 3351 3549 circha
3378 3496 3721 3555 Romaniam

2129 3580 2379 3651 contigit.
2403 3580 2540 3635 Nam
2562 3580 2796 3652 imperio
2830 3598 2951 3637 meo
2976 3595 3190 3654 sceptra
3216 3586 3484 3644 Romanis
3515 3591 3723 3647 divina
3742 3612 3765 3628 ο

2128 3670 2477 3738 providentia
2519 3672 2892 3742 suscipiente,
2945 3677 3414 3733 conventionibus
3456 3696 3717 3751 quoque.

2130 3776 2240 3864 que
2282 3762 2418 3864 inter
2452 3779 2572 3817 eam
2629 3775 2687 3819 et
2733 3764 3168 3820 dillcctissimum
3203 3767 3431 3824 fratrem
3486 3772 3722 3842 imperii

2132 3853 2241 3906 mei
2284 3853 2772 3922 preimperantem,
2796 3855 3083 3909 dominum
3105 3856 3380 3912 lsaakium
3413 3859 3719 3930 Angelmn,

2134 3943 2375 4006 luerent,
2417 3946 2572 4014 quasi
2629 3946 3085 4016 suscipientibus.
3141 3951 3541 4006 nobillissimus
3593 3955 3721 4008 dux

2132 4036 2359 4091 Venetia
2391 4045 2450 4089 et
2497 4046 2908 4105 protosevastes
2965 4038 3235 4094 Henricus
3287 4042 3586 4107 Dandolus,
3644 4062 3763 4101 ac-

2130 4126 2297 4182 etiam
2342 4129 2458 4198 ipsa
2510 4127 2901 4184 Veneticorum
2948 4131 3166 4184 consilii
3210 4132 3506 4200 prudentia
3537 4151 3723 4205 super

2135 4219 2551 4288 requisitionem
2586 4220 2808 4274 usionis
2849 4221 3004 4290 quasi
3061 4221 3332 4278 dissolute
3360 4239 3718 4296 nequaquam

2133 4312 2643 4381 superdormitavit,
2686 4315 2796 4368 imo
2823 4314 3032 4383 legatos
3056 4315 3122 4367 ad
3159 4326 3404 4370 nostram
3446 4319 3719 4373 transmi-

2128 4406 2274 4459 srrit
2336 4405 2719 4461 celsitudinem
2778 4424 2792 4460 :
2861 4407 3039 4476 primo
3082 4406 3310 4476 quidem
3382 4409 3717 4465 Rainerium

2139 4496 2348 4551 Zenum
2377 4503 2435 4550 et
2468 4496 2639 4551 tilium
2665 4497 3012 4553 nobillissimi
3039 4500 3265 4567 quidem
3296 4500 3461 4556 ducis
3485 4503 3721 4559 Venetie

461 4619 520 4662 et
577 4608 744 4661 etiam
796 4620 828 4659 a
865 4612 1095 4674 centum
1142 4598 1302 4653 annis
1334 4607 1396 4651 et
1454 4597 1580 4666 plus
1623 4564 2276 4650 eonnumeratisDAm-i
2335 4589 2579 4660 Magistri
2642 4590 2813 4655 Petri,
2878 4564 3148 4645 Marinum
3175 4627 3192 4654 ,
3236 4603 3299 4647 et
3343 4592 3583 4664 legatum
3642 4596 3719 4651 ab

463 4699 756 4769 possidens
777 4692 1099 4750 inconvqu
1121 4706 1245 4746 eam
1270 4694 1329 4744 et
1368 4687 1780 4742 indivisibiliter
1805 4685 2043 4740 detinet.

464 4792 535 4847 Et
561 4793 606 4846 si
640 4790 882 4858 aliquem
935 4794 1150 4841 remoto
1195 4784 1336 4838 forte
1392 4782 1474 4836 sic
1526 4795 1624 4835 eos
1670 4779 2043 4850 persequitur,

465 4881 654 4950 quiete
708 4877 1077 4932 remotionens
1124 4880 1415 4945 portantes
1471 4886 1603 4940 sepe
1662 4869 1731 4924 ad
1780 4869 2040 4922 unionem

467 4977 845 5033 revertuntur,
880 4965 1065 5021 modis
1082 4977 1304 5036 quoque
1328 4959 1589 5017 omnibus
1629 4974 1751 5013 eam
1782 4971 2044 5013 revocare

468 5061 780 5130 requirunt,
804 5068 865 5114 et
896 5068 956 5113 ut
983 5055 1096 5130 [ad]
1129 5064 1363 5110 matrem
1405 5067 1545 5123 puer
1572 5059 1630 5106 et
1655 5049 1724 5106 ad
1760 5048 2039 5104 dominam

539 5213 656 5286 (i5)
686 5210 1115 5286 Buchonomisit
1135 5208 1608 5267 enumerationem
1624 5204 1870 5286 locorum
1896 5218 1925 5256 a
1949 5201 2038 5286 Pi-

467 5271 1114 5350 saliis'tlonstantinopoli
1151 5293 1551 5351 possessorum,
1579 5275 1671 5329 sed
1708 5282 1899 5351 notat}
1944 5271 1975 5325 1
2001 5289 2019 5351 ἔ

466 5342 542 5414 cat
560 5357 818 5427 plusieurs
845 5354 941 5422 [eis
957 5342 1192 5422 qriestio'u
1212 5351 1298 5427 des
1312 5342 1830 5427 etalilissements'des
1854 5342 2039 5427 Annal-

471 5412 722 5500 phi'tains.
735 5443 751 5475 ι
763 5412 855 5500 At!
871 5412 1198 5500 aque‘eursu
1221 5417 1732 5500 Aulalpbitaporum
1747 5432 1765 5463 ι
1776 5434 1891 5500 ,ς-Δι
1901 5412 2036 5500 Jura

469 5482 671 5553 donata
690 5482 1104 5565 Amalphitaqn‘is
1126 5509 1271 5565 g.-——¢
1304 5482 1731 5565 Descendentem
1754 5485 1822 5540 ab
1848 5482 2035 5565 Amal-

472 5552 736 5638 phitanis.
768 5584 788 5617 ι
935 5583 953 5615 ι
988 5560 1193 5638 Dividit
1245 5557 1492 5612 eamdem
1559 5554 1760 5610 scalam
1817 5568 1923 5623 que
1965 5552 2034 5607 ab

472 5632 867 5704 kmalp‘hitanis
896 5632 1231 5704 possidetur.
1262 5645 1282 5680 ι

545 5695 678 5777 (43³)
712 5695 942 5762 Videtur
969 5700 1283 5769 addendum
1314 5712 1328 5750 :
1359 5695 1590 5753 debeam.

2139 4681 2374 4751 imperio
2404 4695 2526 4735 meo
2550 4692 2914 4751 susceperunt
2948 4688 3369 4753 grammaticum
3399 4685 3543 4756 ejus,
3578 4701 3721 4756 pro-

2138 4774 2619 4829 tenobillissimum
2650 4784 2937 4845 ypertaton
2969 4776 3255 4831 dominum
3278 4778 3582 4835 Jobannem
3605 4779 3720 4836 Ca-

2138 4863 2415 4918 tatlorum.
2449 4865 2519 4919 Et
2547 4867 2808 4935 quoniam
2834 4866 3057 4935 quidem
3092 4883 3190 4938 per
3216 4884 3346 4924 eum
3374 4872 3432 4925 in
3457 4871 3721 4929 Yeneciis

2137 4956 2473 5013 suﬂlcienwr
2498 4966 2825 5021 morantem,
2883 4973 2991 5029 que
3032 4960 3086 5014 in
3122 4961 3494 5018 conventione
3535 4964 3721 5020 ambi-

2136 5064 2242 5119 gua
2270 5058 2455 5117 eram,
2485 5050 2627 5106 solvi
2669 5064 2782 5106 non
2822 5060 3143 5121 potuerunt,
3180 5052 3320 5108 aliOs
3344 5058 3530 5110 statim
3558 5056 3718 5129 lega-

2143 5272 2183 5327 C
2220 5203 2330 5326 $46)
2358 5202 2637 5260 Laudatur
2673 5208 2760 5288 ad.
2794 5208 3216 5291 Dispositionem
3275 5206 3596 5263 tiu-onerum
3654 5211 3714 5266 in

2188 5292 2219 5325 υ
2244 5274 2278 5327 l.
2317 5291 2436 5329 can.
2464 5276 2552 5329 ed.
2585 5276 2760 5330 Rhallt
2796 5287 2849 5330 rt
2886 5280 3020 5330 Potli
3058 5278 3118 5330 V.
3147 5294 3200 5330 ο.
3230 5277 3358 5330 476.
3396 5294 3451 5330 n.
3478 5280 3527 5330 Ι.

2178 5277 2278 5349 ςυΙΙ.
2317 5291 2436 5329 can.
2464 5277 2552 5329 ed.
2585 5277 2760 5330 Rhalli
2796 5287 2849 5331 et
2886 5277 3020 5333 Potli
3058 5278 3118 5338 V.
3147 5294 3200 5347 p.
3230 5277 3358 5340 476,
3396 5294 3451 5332 η.
3478 5280 3527 5334 i.

2194 5343 2697 5432 ‘Si7)ANt‘ip£rritnc‘
2720 5362 2788 5432 9.":-
2818 5347 2956 5402 libro
2986 5349 3119 5429 allzo.
3142 5357 3199 5403 et
3227 5348 3388 5432 libris
3407 5349 3713 5432 factorum

2140 5415 2617 5538 ﬁdiélfgusnltaiat‘el
2646 5424 2704 5471 et
2728 5417 2968 5473 Thomas
2995 5419 3191 5487 saepius
3237 5419 3441 5473 laudati
3499 5431 3630 5474 tom.
3669 5421 3711 5484 Ι,

2139 5502 2195 5555 p.
2228 5501 2334 5538 μδ
2361 5501 2481 5554 sqq.

2215 5557 2325 5628 μδ)
2357 5555 2609 5628 lgtluores
2639 5555 2866 5628 legunt:
2912 5556 3025 5611 Etsi
3055 5557 3391 5628 aliquantum
3434 5589 3500 5599 -—
3529 5573 3716 5628 prose-

2215 5576 2325 5639 μηδ)
2357 5576 2609 5610 131111οΓεὸ
2641 5576 2866 5638 tegunt:
2912 5576 3023 5611 I'Ju
3055 5576 3391 5628 attquantltm
3434 5589 3500 5599 ⁸-
3529 5576 3563 5631 ρ

2141 5634 2336 5693 quitur.
2370 5622 2531 5697 Lege,
2562 5624 2627 5678 Et
2666 5642 2711 5679 st
2746 5626 2940 5695 aliquis
2971 5636 3215 5683 remotos.
