3942 6250
289 343 400 406 185

1397 341 1772 408 NOVELL/E
1819 343 2508 409 CONSTITUTIONES.

3469 354 3576 422 486

293 469 380 511 tos
402 454 471 509 ad
503 461 747 509 nostram
777 453 1658 519 transmiseruntsublimitatem,
1698 464 1758 509 et
1781 469 1888 509 nec
1917 465 1958 519 ι
1991 456 2064 509 mi
2095 455 2254 510 ducis
2275 471 2472 513 eorum
2509 469 2566 514 et
2601 461 2772 517 totius
2833 459 3064 520 Venetie
3123 460 3333 536 scripto
3379 470 3449 522 ab
3489 471 3572 525 eis

289 562 392 617 per
413 562 511 601 eos
543 547 790 602 valentes
816 545 1043 617 pacisci,
1076 545 1187 618 [ac]
1216 547 1379 602 linem
1407 547 1608 616 apponi
1635 547 1738 611 eis,
1771 561 1890 614 que.

290 640 362 696 ab
391 640 498 694 hiis
519 641 918 709 querebantur,
971 653 1074 703 nec
1129 640 1362 694 aliorum
1397 642 1706 710 legatorum
1748 640 1882 694 mis-

292 731 508 783 sionem
569 729 998 799 procelaverunt
1057 729 1208 796 (49),
1257 745 1372 783 uno
1418 737 1776 785 accesserunt
1823 739 1892 783 et:

288 837 515 879 rursum
550 822 618 877 ad
649 832 898 877 nostram
929 824 1094 894 legati
1122 823 1352 878 Vcnetie
1382 823 1876 892 tranquillitatem,

287 915 564 970 Henricus
613 913 954 984 Navagiosus
1013 913 1165 986 (50),
1219 915 1471 970 Andreas
1526 916 1773 969 Donatus
1821 925 1879 968 et

285 1007 624 1061 Benedictus
673 1005 978 1061 Griliionis.
1022 1008 1087 1059 Et
1121 1022 1246 1062 cum
1281 1022 1387 1061 nec
1432 1007 1556 1070 ista,
1597 1021 1705 1075 que
1734 1007 1881 1076 lega-

287 1101 456 1154 tionis
480 1107 662 1162 erant,
700 1114 800 1168 pro
837 1113 940 1152 suo
985 1099 1124 1152 velle
1159 1100 1312 1167 ipsos
1351 1099 1623 1152 imitantia
1651 1099 1788 1168 (5i),
1823 1099 1878 1152 in

283 1192 574 1246 Venetiam
622 1191 689 1246 ad
735 1207 795 1246 se
833 1193 1122 1246 mittentes
1165 1203 1222 1245 et
1271 1191 1374 1260 ipsi
1420 1192 1662 1256 rediere,
1697 1193 1878 1246 susei-

283 1297 504 1352 pentes
539 1300 568 1338 a
593 1293 782 1338 nostra
837 1295 1139 1339 serenitate
1189 1286 1452 1356 legatum,
1507 1296 1876 1353 pansevaston

281 1386 545 1429 sevaston
599 1385 656 1430 et
709 1374 1037 1430 familiarem
1129 1377 1366 1446 imperio
1440 1386 1634 1430 nostro
1683 1376 1876 1430 acolit-

283 1479 403 1520 tnm
437 1466 575 1539 (52),
606 1467 892 1520 dominum
941 1467 1254 1522 Johannem
1313 1468 1790 1536 Nomucopuium;
1820 1479 1878 1522 et

279 1558 424 1610 abiit
471 1558 517 1612 is
552 1573 675 1612 cum
712 1560 810 1613 eis.
847 1559 914 1614 Et
957 1567 1090 1613 tunc
1145 1561 1259 1628 (55)
1312 1575 1416 1614 nec
1450 1575 1550 1628 per
1581 1561 1747 1612 istum
1772 1561 1872 1624 eis,

280 1667 393 1721 que
424 1651 527 1721 ipsi
553 1652 663 1722 (54)
687 1650 973 1717 sedebant,
1000 1654 1235 1722 majores
1265 1653 1491 1707 Venetie
1523 1653 1684 1708 linem
1713 1654 1878 1707 indu-

278 1758 412 1798 cere
439 1755 760 1813 potuerunt.
790 1746 929 1798 alios
965 1746 1175 1814 legatos
1204 1744 1270 1798 ad
1320 1755 1565 1799 nostram
1596 1743 1872 1800 duxerunt

1983 546 2304 618 subscripto
2327 554 2886 621 eomprehendentes,
2939 558 2994 611 id
3034 570 3224 614 nostra
3258 561 3574 630 tranquilli-

1986 637 2082 689 tati
2114 637 2604 704 tradiderunt,-sie
2632 659 2730 712 per
2764 643 3042 700 dictiones
3070 645 3284 700 habens
3310 660 3324 704 :

2005 755 2008 758 η
2061 745 2080 778 ι
2113 728 2232 784 Non
2264 730 2382 800 (56)
2429 741 2516 786 est
2542 733 2772 790 Venetia
2802 739 3120 808 conjuncta,
3155 754 3258 794 nco
3307 753 3570 809 umquam

1982 821 2354 890 coujungetur
2376 823 2541 877 alicui
2573 837 2962 882 coronatorum
2991 829 3278 883 hominum
3314 833 3396 884 vel
3457 847 3572 886 non

1981 922 2398 995 coronatorum,
2423 923 2517 968 aut
2543 919 2789 984 gentium
2812 921 2896 974 vel
2925 924 3212 976 nationum
3245 924 3409 977 alicui
3435 940 3573 979 con~

1987 1011 2068 1056 tra
2109 1005 2404 1074 imperium
2438 1008 2652 1062 domini
2685 1010 3037 1079 imperatoris
3089 1015 3464 1069 ltoinanorum
3510 1025 3570 1070 et

1982 1115 2202 1169 semper
2231 1103 2450 1172 augusti
2480 1103 2687 1160 domini
2739 1107 2912 1160 Alcxii
2947 1108 3236 1174 Comnani,
3297 1111 3568 1180 quamdiu

1981 1193 2099 1262 ipse
2132 1195 2356 1260 vixerit,
2389 1210 2485 1251 aut
2532 1199 2800 1252 heredum
2849 1202 2969 1271 ejus
3023 1211 3130 1254 Ltlll
3193 1206 3565 1260 masculorum

1979 1299 2143 1352 quam
2173 1295 2225 1338 et
2264 1287 2619 1352 feminarum,
2651 1289 2744 1358 qui
2793 1301 2850 1345 et
2888 1307 2995 1360 que
3048 1293 3418 1361 imperabunt,
3478 1299 3560 1351 vel

1979 1391 2171 1432 eorum
2199 1378 2292 1446 qui
2314 1393 2380 1432 ex
2406 1391 2668 1449 prccepto
2686 1398 2881 1438 eorum
2901 1385 3276 1453 imperabunt,
3301 1386 3367 1440 ad
3395 1387 3566 1454 oll‘cno

1979 1469 2222 1524 dendnm
2250 1471 2574 1528 Romaniam
2612 1477 3024 1552 particulariter
3073 1479 3189 1532 sive
3227 1478 3562 1533 universali-

1980 1567 2085 1624 ter,
2121 1574 2225 1614 nec
2250 1576 2348 1630 per
2375 1576 2434 1616 se
2467 1578 2728 1632 umquam
2754 1566 3019 1623 oll‘endet.

2055 1667 2072 1700 ι
2112 1649 2268 1714 item,
2302 1652 2804 1726 quotienscumque
2833 1658 3148 1727 principum
3171 1661 3375 1732 aliquis
3405 1679 3566 1720 coro-

1980 1746 2141 1794 natus
2173 1740 2255 1794 vel
2283 1756 2391 1795 non
2418 1754 2737 1810 coronatus,
2765 1746 2881 1800 sive
2939 1764 3073 1818 gens
3123 1752 3307 1820 aliqua
3369 1770 3562 1820 contra

279 1837 801 1902 mansuetudinem,
869 1839 1091 1892 parum
1153 1837 1473 1892 Michaelcm
1536 1837 1793 1892 Videlicet
1819 1847 1875 1892 ρι
1906 1820 1952 1878 Β
1983 1830 2306 1885 Rotuaniam
2339 1835 2556 1890 venerit
2586 1836 2654 1890 ad
2689 1838 3082 1894 oﬂeudcudum
3113 1859 3235 1896 eam
3286 1861 3411 1899 cum
3467 1864 3564 1916 ga-

276 1928 645 1986 Octaviannm
671 1931 989 1998 Quirinum,
1025 1932 1174 1986 viros
1211 1931 1525 2001 prudentia,
1555 1931 1787 1985 consilio
1814 1941 1869 1984 et

275 2021 456 2076 verbo
515 2023 659 2090 apud
720 2010 1015 2077 Ve‘neticos
1049 2038 1214 2092 quam
1269 2037 1530 2093 magnos.
1590 2024 1684 2092 qui
1741 2037 1867 2078 cum

275 2125 636 2183 pansevasto,
679 2126 897 2170 sevasto
930 2125 987 2170 et
1019 2117 1253 2185 imperio
1284 2131 1407 2171 meo
1451 2114 1709 2169 familiari
1740 2128 1876 2168 can-

276 2206 511 2259 cellario
536 2206 883 2260 viccdomino
927 2205 1180 2261 Dimitrio
1217 2207 1450 2261 Trinkio
1497 2208 1612 2277 (55)
1638 2222 1704 2260 ex
1743 2221 1874 2276 pre-

274 2307 443 2366 cepto
475 2307 662 2353 nostre
710 2299 1116 2369 magniﬁcentie
1170 2309 1279 2354 tam
1336 2302 1403 2355 de
1448 2301 1560 2372 jam
1611 2298 1870 2369 peractis,

274 2404 447 2457 quam
483 2392 650 2444 etiam
701 2405 769 2444 ex
809 2405 954 2446 novo
1016 2390 1361 2460 paciscendis
1417 2390 1750 2446 multociens
1788 2403 1874 2442 ra-

275 2481 642 2548 tiocinantes,
703 2481 945 2552 denique
995 2493 1050 2537 ct
1109 2497 1292 2537 coram
1340 2495 1532 2536 nostra
1586 2482 1872 2552 majestate

275 2583 584 2638 steterunt,
625 2583 682 2628 et
722 2577 867 2628 inter
914 2575 1226 2644 predictum
1275 2573 1664 2629 canceiiarium
1707 2583 1872 2642 atque

274 2681 375 2719 eos
411 2675 644 2719 tractata
684 2668 1016 2729 retulerunt.
1049 2680 1103 2721 et
1133 2667 1360 2721 multam
1391 2665 1734 2730 instantiam,
1770 2679 1872 2720 nec

272 2768 392 2808 non
419 2762 478 2808 et
510 2755 960 2825 deprecationem
1005 2767 1064 2811 ut
1109 2757 1190 2812 eis
1219 2757 1420 2826 placita
1447 2756 1712 2826 perlicere
1744 2772 1872 2825 pos-

271 2853 409 2900 sent
439 2846 727 2913 facientes,
758 2847 825 2902 ad
862 2849 1250 2902 declarandam
1295 2850 1649 2919 acquievere.
1700 2848 1867 2902 Jura-

271 2946 486 2991 verunt
511 2947 567 2992 et
594 2938 762 2992 etiam
791 2951 1226 2994 sacramentum.
1269 2941 1354 2994 sic
1378 2940 1446 2993 ad
1479 2940 1710 2994 verbum
1736 2952 1872 2992 con-

272 3027 471 3082 tinens
499 3044 514 3088 :

357 3137 382 3170 σ
413 3119 526 3174 Nos
549 3120 742 3191 legatis
767 3119 1130 3175 nobiliissimi
1163 3121 1330 3176 Ducis
1358 3121 1586 3177 Venetie
1605 3130 1661 3176 et
1691 3120 1864 3191 impe-

271 3211 444 3266 rialis
475 3213 839 3281 protosevasti
867 3209 1092 3267 Henrici
1121 3213 1372 3279 Dandoli,
1397 3214 1595 3268 Petrus
1635 3212 1863 3266 Michael

270 3313 334 3360 et
367 3302 706 3360 Octavianus
734 3305 1020 3372 Quirinus,
1044 3307 1300 3378 juramus
1336 3308 1441 3360 hac
1471 3306 1742 3361 hodierna
1774 3306 1864 3360 die

270 3413 393 3468 que
409 3407 496 3454 est
521 3398 810 3469 vigessima
832 3401 1065 3470 septima
1095 3400 1369 3466 presentis
1387 3402 1594 3453 mensis
1614 3399 1864 3467 Septem-

270 3491 402 3546 bris
435 3492 711 3561 presentis
741 3494 984 3548 secunde
1032 3492 1379 3558 indit-tionis,
1444 3507 1539 3546 sex
1586 3491 1862 3546 millesimi

268 3574 755 3655 septingentesimi
797 3584 1020 3654 septimi
1060 3584 1301 3650 anni,ad
1355 3599 1511 3638 saera
1557 3583 1647 3638 dei
1695 3598 1866 3638 evan-

269 3676 423 3746 gelia
461 3686 516 3730 et
543 3675 611 3729 ad
641 3677 1023 3730 honorabiiem
1053 3685 1110 3731 et
1143 3676 1415 3729 viviﬁcam
1442 3690 1684 3736 crucem,
1714 3674 1860 3743 quod

267 3770 491 3834 omnia,
529 3783 636 3838 que
669 3769 812 3837 pacti
851 3783 1045 3822 sumus
1073 3783 1199 3822 cum
1223 3767 1580 3822 sanctissimo
1619 3773 1676 3818 et
1704 3766 1860 3818 altis-

266 3861 424 3916 simo
454 3861 785 3929 imperatore
839 3862 1214 3914 Romanorum
1267 3870 1324 3914 et
1363 3873 1581 3928 semper
1628 3867 1862 3926 augusto

267 3952 512 4008 domino
539 3954 732 4007 Alexio
759 3954 1068 4016 Comuauo,
1105 3951 1412 4006 secundum
1469 3951 1775 4004 orationem
1806 3957 1862 4002 et

266 4046 626 4099 voluntatem
654 4046 889 4114 predicti
933 4044 1286 4098 nobiliissimi
1331 4043 1490 4097 ducis
1529 4043 1755 4098 Venetie
1805 4035 1883 4095 et

265 4154 339 4193 ex
374 4138 580 4207 scripta
607 4138 727 4207 ejus
751 4137 1127 4192 conmissione
1175 4136 1242 4190 ad
1300 4151 1402 4190 nos
1450 4151 1514 4189 ex
1575 4136 1858 4190 voluntate

267 4230 508 4297 majoris
541 4230 712 4298 partis
731 4230 886 4300 parvi
917 4239 974 4285 et
999 4231 1182 4298 magni
1212 4228 1434 4284 concilii
1460 4228 1689 4283 Venetie
1715 4227 1858 4282 facta

266 4322 715 4377 convenimuset
743 4323 886 4391 pacti
915 4331 1228 4387 sumus;et
1277 4322 1427 4390 quod
1476 4321 1750 4374 concessit
1806 4329 1858 4374 et

266 4415 570 4472 conmissit
596 4415 758 4469 nobis
787 4416 930 4469 idem
982 4415 1382 4468 nobillissimus
1439 4413 1557 4466 Dux
1606 4411 1855 4473 Venetie,

1986 1921 2087 1975 leis
2117 1923 2478 1994 quadraginta
2509 1926 2594 1981 vel
2622 1929 2897 1997 pluribus,
2925 1947 3097 2002 usque
3121 1934 3188 1988 ad
3238 1947 3481 2001 centum,
3506 1949 3563 1994 et

1983 2016 2100 2070 vult
2132 2018 2424 2086 imperium
2447 2035 2662 2086 eorum,
2699 2022 2785 2084 vel
2816 2021 3052 2078 heredes
3087 2026 3332 2094 ipsorum
3380 2046 3562 2084 mares

1978 2108 2093 2162 sive
2123 2107 2347 2172 femine,
2381 2109 2525 2182 [qui]
2549 2121 2604 2168 et
2629 2129 2735 2183 que
2765 2115 3138 2184 imperabunt,
3171 2119 3258 2173 vel
3295 2119 3396 2187 hii,
3464 2123 3559 2192 qui

1976 2211 2044 2251 ex
2078 2209 2342 2269 preceplo
2376 2216 2571 2254 eorum
2601 2202 2979 2273 imperabunt,
2997 2209 3286 2262 servitium
3335 2210 3559 2266 Veneti-

1975 2305 2168 2344 cormn
2195 2306 2320 2346 cum
2353 2294 2523 2364 galeis
2549 2295 2914 2367 quadraginta
2935 2307 2991 2352 et
3017 2314 3190 2368 usque
3217 2303 3282 2356 ad
3309 2314 3560 2370 centum,

1975 2381 2180 2436 debent
2207 2385 2336 2439 illud
2367 2385 2574 2441 habere
2599 2386 2739 2441 infra
2767 2404 2989 2444 menses
3022 2405 3117 2446 sex
3145 2403 3266 2460 post
3295 2394 3560 2452 notieiam

1973 2474 2100 2528 duci
2123 2474 2304 2530 datam
2336 2477 2564 2533 Venetie
2597 2479 2664 2532 ab
2699 2479 2934 2550 imperio
2979 2497 3196 2538 comm.
3226 2485 3342 2552 Que
3370 2490 3558 2557 proie-

1973 2573 2063 2630 eto
2084 2568 2236 2635 gaiee
2267 2566 2476 2623 debent
2501 2569 2726 2624 Venetie
2761 2570 2875 2625 lieri
2908 2582 2963 2626 et
2994 2577 3276 2643 preparari
3306 2593 3336 2632 a
3384 2577 3558 2633 Vene-

1973 2655 2098 2710 ticis
2127 2672 2250 2710 cum
2283 2661 2541 2714 universo
2571 2676 2760 2715 earum
2795 2677 3062 2734 apparatu
3106 2682 3202 2734 per
3227 2670 3558 2737 peccuniam

1973 2747 2105 2802 illuc
2133 2751 2354 2803 missam
2389 2752 2456 2805 ab
2487 2768 2678 2806 eormn
2704 2755 2961 2824 imperio,
2997 2758 3079 2810 vel
3108 2760 3326 2813 inventa
3349 2760 3456 2832 [in]
3480 2742 3560 2817 ibi

1970 2857 1999 2892 a
2037 2851 2196 2910 parte
2223 2842 2572 2899 celsitudinis
2593 2862 2806 2911 eorum,
2833 2848 3112 2903 Veneticis
3142 2851 3272 2905 dare
3303 2853 3554 2907 debentia

1970 2932 2073 2986 bus
2103 2933 2360 2990 homines
2390 2947 2570 3007 aptos,
2607 2949 2667 2992 ut
2710 2941 2945 3009 quisque
2981 2955 3172 2995 eorum
3210 2947 3546 3014 preparatio-

1968 3041 2095 3078 nem
2132 3028 2376 3099 quinque
2406 3030 2680 3099 galearum
2735 3033 2937 3101 presit;
2973 3035 3066 3102 qui
3121 3043 3176 3088 et
3205 3037 3395 3105 jurare
3457 3037 3556 3092 de-

1971 3117 2126 3182 bent,
2160 3123 2305 3190 quod
2339 3122 2540 3175 facient
2565 3139 2656 3177 cas
2689 3137 2743 3177 et
2769 3124 2908 3178 bene
2942 3123 3083 3189 lieri,
3114 3135 3168 3180 et
3197 3143 3555 3197 unamquam-

1974 3225 2081 3277 que
2105 3227 2296 3266 earum
2327 3223 2546 3267 centum
2575 3214 2938 3286 quadraginta
2983 3217 3102 3270 lore
3162 3233 3440 3273 remorum
3497 3232 3555 3275 et

1968 3318 2094 3356 cum
2135 3305 2282 3359 omni
2316 3319 2580 3378 apparatu
2615 3323 2830 3372 earum,
2866 3324 2989 3362 cum
3017 3311 3325 3366 ccileritale
3375 3323 3428 3366 et
3485 3317 3553 3368 si-

1967 3413 2036 3451 ne
2074 3397 2223 3465 dolo,
2257 3401 2562 3456 secundum
2588 3402 2733 3471 quod
2769 3403 3036 3457 deberent
3065 3421 3159 3459 eas
3188 3406 3370 3461 facere
3405 3407 3548 3475 lieri,

1966 3487 2014 3543 si
2049 3497 2237 3544 essent
2267 3490 2422 3560 galee
2455 3490 2705 3556 Venetie,
2747 3503 2844 3545 aut
2883 3493 2928 3546 si
2961 3509 3085 3546 eum
3119 3497 3385 3564 peecunia
3442 3497 3545 3552 Ve-

1964 3583 2111 3636 netie
2143 3582 2413 3640 deberent
2438 3583 2580 3639 ﬁeri.
2615 3584 2858 3653 Quorum
2908 3585 3144 3656 quisque
3192 3587 3358 3642 debet
3387 3604 3415 3642 a
3447 3605 3543 3643 ve-

1965 3674 2160 3727 stiario
2211 3675 2424 3730 domini
2481 3677 2836 3747 imperatoris
2899 3682 3151 3747 accipere
3199 3679 3557 3736 liberalitatis.

1963 3764 2138 3832 gratia
2166 3767 2496 3820 numismata
2526 3784 2793 3837 yperpera
2826 3770 3132 3838 sexaginta.

2040 3874 2058 3906 σ
2105 3858 2258 3924 item,
2298 3857 2528 3912 comites
2577 3859 2892 3930 bujusmodi
2936 3862 3216 3930 galearum
3263 3863 3536 3934 jurabunt

1963 3965 2128 4018 super
2155 3961 2346 4006 sancta
2403 3951 2499 4005 Dei
2558 3950 2874 4023 Evangelia,
2908 3955 3053 4022 quod
3101 3954 3156 4008 in
3211 3939 3561 4028 unaquaque

1961 4041 2264 4111 gallearum
2300 4053 2466 4098 erunt
2491 4054 2715 4098 centum
2753 4045 3119 4116 quadraginta
3165 4047 3443 4116 homines,
3492 4042 3543 4105 si

1964 4147 2044 4190 tet
2103 4136 2384 4190 hominum
2433 4136 2515 4190 eis
2556 4152 2686 4206 roga
2724 4137 2851 4191 data
2897 4137 3095 4202 illexit,
3142 4140 3388 4208 exceptis
3418 4157 3540 4195 mo-

1961 4229 2234 4280 rientibus
2271 4237 2327 4281 et
2352 4226 2469 4280 sine
2506 4243 2701 4280 eorum
2730 4227 2933 4280 notieia
2973 4227 3403 4297 aufugientibus.
3435 4231 3542 4285 Vc-

1962 4332 2250 4394 runtamen
2288 4304 2390 4386 ipsi
2426 4319 2730 4373 studebunt
2787 4319 2927 4373 bona
2977 4319 3103 4385 ﬁde,
3146 4332 3421 4388 quatenus
3451 4337 3541 4376 τοι

1959 4427 2077 4480 gant
2114 4411 2322 4465 eisdem
2372 4412 2690 4465 hominibus
2751 4411 2954 4474 datam,
3019 4415 3386 4468 morientibus
3449 4415 3537 4469 vel

266 4519 333 4564 ut
358 4523 464 4561 nos
486 4522 656 4576 super
682 4507 922 4562 animam
952 4521 1108 4562 suam
1161 4505 1438 4576 juremus,
1472 4504 1617 4572 quod
1649 4511 1704 4556 et
1737 4503 1851 4570 ipse
1885 4507 1930 4560 D
1961 4504 2300 4575 fugientibus
2345 4505 2620 4572 videlicet,
2662 4515 3027 4574 recupcrent;
3070 4521 3232 4574 quant
3273 4508 3320 4559 si
3373 4522 3536 4561 recu-

263 4615 361 4658 ea.
397 4615 505 4670 que
539 4615 569 4654 a
595 4600 758 4654 nobis
787 4607 942 4670 pacta
969 4606 1099 4654 sunt
1125 4607 1182 4654 et
1213 4605 1506 4660 conventa,
1531 4593 1738 4663 jurabit
1799 4604 1856 4647 et

267 4694 536 4748 homines
566 4691 794 4748 Venetie
841 4693 1034 4762 jurare
1069 4689 1260 4746 faciet.
1307 4687 1375 4742 Et
1433 4703 1500 4742 ex
1539 4701 1648 4756 quo
1694 4683 1853 4739 nobis

264 4785 384 4839 hoc
406 4785 682 4839 concessit
696 4791 753 4839 et
780 4782 1091 4844 conmissit,
1124 4796 1234 4836 non
1257 4780 1310 4835 id
1331 4778 1602 4834 subvertit
1623 4777 1709 4832 vel
1734 4793 1854 4831 mu-

267 4878 435 4932 tavit.
469 4875 537 4930 Et
571 4876 717 4930 sicut
753 4875 857 4930 beo
881 4875 1137 4945 iuramus
1177 4873 1298 4928 sine
1352 4872 1546 4925 l‘raude
1610 4880 1668 4926 et
1707 4870 1854 4926 malo

269 4968 526 5037 ingenio,
556 4967 637 5021 sic
664 4967 889 5038 adjuvet
921 4967 1070 5020 Deus
1090 4973 1148 5018 et
1202 4973 1394 5018 sancta
1417 4964 1541 5033 ejus
1567 4963 1853 5032 evangelia

265 5073 326 5117 et
354 5060 700 5115 honorabilis
723 5069 888 5129 atque
927 5059 1141 5115 viviﬁca
1166 5073 1298 5112 crux
1319 5058 1628 5128 predictum
1653 5056 1851 5112 ducem

267 5165 528 5209 nostrum
555 5162 610 5206 et
641 5167 759 5216 nos,
798 5159 854 5206 et
880 5151 936 5205 in
967 5151 1072 5206 hoc
1101 5151 1288 5206 seculo
1307 5159 1366 5204 et
1398 5150 1452 5202 in
1471 5149 1679 5203 futuro.
1721 5165 1740 5200 ι

350 5245 463 5300 llec
490 5244 657 5313 igitur
681 5245 952 5314 jurantcs,
977 5254 1032 5296 et
1061 5259 1169 5311 que
1190 5251 1344 5310 pacta
1378 5250 1507 5294 sunt
1549 5241 1618 5294 ab
1643 5241 1725 5294 eis
1756 5255 1854 5293 no-

268 5355 389 5400 stre
415 5336 842 5408 magnilicmttie,
892 5347 953 5390 ut
977 5349 1042 5388 ex
1075 5344 1228 5403 parte
1273 5331 1504 5402 predicti
1547 5333 1849 5388 nobillissi-

349 5502 459 5570 (49)
493 5502 748 5556 Editores
775 5501 1072 5556 emendant
1102 5518 1114 5554 :
1147 5497 1560 5570 protelaverunt.

348 5575 458 5642 (Siti)
489 5575 610 5626 Lib.
649 5583 932 5642 pactorum
965 5589 977 5624 :
1011 5572 1360 5640 Navugcrios.

347 5643 458 5712 (51)
498 5643 748 5712 Legerim
790 5659 801 5693 :
839 5645 1204 5711 impetrarem.

346 5714 456 5782 (5‘2)
488 5714 606 5766 Lib.
635 5724 776 5781 pact.
815 5716 1133 5765 acoluthum.

345 5787 457 5854 (55)
490 5785 744 5837 Editores
775 5784 917 5853 conj.
948 5797 1084 5834 cum.

1960 4612 2157 4664 perare
2238 4596 2561 4662 valuerint,
2624 4596 2887 4650 inducent
2963 4596 3101 4650 alios
3172 4612 3269 4666 pro
3316 4597 3397 4650 eis
3481 4597 3536 4654 in

1957 4690 2142 4759 galeas
2167 4703 2383 4752 eorum,
2434 4696 2546 4755 aut.
2570 4688 2805 4744 reddent
2830 4703 3017 4758 togam
3064 4686 3275 4741 homini
3325 4689 3535 4744 domini

1959 4779 2339 4850 imperatoris.
3363 4851 3366 4858 ι
3465 4768 3467 4771 ’

2037 4891 2056 4924 ε
2099 4873 2256 4936 item,
2307 4873 2578 4943 jurabunt
2632 4871 3015 4943 unusquisque
3046 4871 3335 4936 comitum,
3385 4872 3536 4942 quod

1958 4962 2278 5018 universum
2311 4972 2636 5031 apparatum
2671 4963 2805 5032 ipsis
2829 4963 3095 5018 traditum
3129 4961 3532 5016 eonducentad

1957 5056 2225 5112 honorem
2281 5055 2500 5126 imperii
2539 5070 2732 5110 eorum
2781 5065 2836 5110 et
2881 5057 3115 5111 salutem
3161 5053 3338 5108 nostri
3382 5056 3530 5110 stoli.

1961 5149 2221 5204 Homines
2268 5159 2454 5203 autem
2504 5149 2786 5219 galearum
2826 5149 2994 5204 talem
3029 5148 3282 5216 accipere
3324 5145 3531 5202 debent

1958 5257 2166 5312 rugam,
2206 5243 2426 5311 qualem
2462 5240 2706 5296 Venetici
2759 5241 2902 5308 apud
2954 5239 3256 5309 Coripbum
3287 5237 3530 5307 accipie-

1958 5335 2110 5390 bant.

2021 5500 2131 5569 (54)
2167 5500 2334 5556 iidem
2364 5520 2378 5556 :
2406 5501 2554 5569 ipsis.

2166 5572 2288 5626 Lib.
2327 5567 2474 5640 pact.
2500 5567 2768 5622 Tniniciio.

2165 5644 2292 5708 Qua:
2328 5632 2636 5712 sequuntur
2661 5635 2887 5706 repetita
2915 5644 3040 5690 sunt
3064 5648 3129 5688 ex
3156 5632 3292 5688 Nov.
3328 5633 3388 5692 V.
3419 5646 3518 5692 su-

1948 5727 2066 5780 pra,
2106 5713 2293 5780 paucis
2319 5711 2559 5763 mutatis.
