3912 6244
384 310 486 374 48Ἱ

1573 309 1829 374 ISAACI
1874 311 2161 374 ANGELI
2199 313 2357 376 IMP.

3538 313 3630 379 488

462 446 482 479 ε
522 426 677 491 Item,
728 425 774 480 si
807 424 1100 495 imperium
1148 438 1341 479 eorum
1382 422 1624 479 voluerit
1657 424 1711 478 in
1737 440 1970 479 numero
1994 428 2048 489 Α
2075 441 2220 491 rum,
2260 436 2519 497 tanquam
2553 427 2600 482 si
2631 428 2852 498 proprie
2883 438 3074 486 essent
3101 430 3355 497 Venetie,
3389 446 3634 487 veruuta-

386 519 705 590 huiusmodi
758 527 982 572 centum
1030 518 1313 587 galearum
1359 515 1646 571 servitium
1678 515 1972 570 Venetico-

390 627 511 666 rum
542 611 597 663 iu
627 608 886 663 universa
914 606 1181 662 llomunia
1227 607 1602 672 inventorum,
1636 606 1803 661 debet
1830 607 1966 660 illud

392 704 593 757 habere
616 717 740 756 cum
780 709 859 755 tot
897 699 1114 754 scilicet
1160 698 1356 769 galeis,
1393 707 1529 768 quot
1563 699 1766 751 armari
1812 709 1969 767 pete-

390 804 523 849 ruut
567 810 636 850 ex
669 793 908 851 inventis
943 791 1244 854 Veneticis,
1276 806 1341 844 ex
1385 799 1623 858 quatuor
1659 789 1835 843 tribus
1885 789 1970 842 in-

391 889 573 943 ductis
589 885 895 941 secundum
917 898 1205 937 numerum
1227 881 1968 935 inveutoranenetieorum

392 996 518 1035 cum
565 990 621 1033 et
675 978 920 1047 predicta
979 991 1131 1044 roga.
1177 975 1380 1028 Tamen
1433 989 1540 1027 non
1585 983 1852 1042 cogentur
1882 972 1967 1026 vi-

393 1073 528 1142 ginti
576 1085 848 1125 annorum
887 1067 1141 1122 homines
1186 1063 1288 1136 [et]
1331 1064 1471 1118 infra
1517 1063 1702 1134 galeas
1727 1062 1965 1134 ingredi,

394 1179 575 1234 neque
605 1161 886 1230 sexaginta
921 1173 1192 1212 annorum
1220 1166 1276 1210 ct
1305 1156 1470 1210 ultra.

473 1295 492 1325 ε
526 1276 682 1338 Item,
723 1281 912 1326 noster
959 1271 1132 1324 stolus
1156 1268 1323 1324 debet
1374 1269 1579 1324 habere
1616 1270 1965 1338 capitaneum

395 1367 479 1420 vel
515 1352 839 1433 capitaneos
861 1361 1174 1424 Veneticos,
1210 1359 1303 1429 qui
1340 1361 1630 1430 iurabunt,
1663 1359 1809 1430 quod
1836 1376 1968 1414 con-

395 1457 598 1510 ducent
623 1454 826 1508 stolum
853 1453 920 1505 ad
962 1452 1226 1505 honorem
1262 1451 1475 1520 imperii
1513 1467 1704 1505 eorum
1730 1461 1786 1505 et
1820 1452 1969 1506 salu-

397 1559 506 1603 tem
562 1547 734 1601 nostri
791 1545 917 1599 stoli
962 1545 1104 1598 bona
1139 1543 1245 1597 fide
1288 1544 1408 1597 sine
1447 1543 1641 1599 fraude
1692 1559 1868 1614 usque
1899 1543 1966 1597 ad

395 1641 596 1695 stolum
618 1637 966 1692 celsitudinis
993 1636 1210 1705 imperii
1251 1650 1468 1689 eorum.

469 1767 489 1801 ι
528 1751 687 1813 Item,
738 1747 785 1803 si
833 1757 962 1802 ante
987 1764 1150 1818 quam
1181 1759 1370 1802 noster
1397 1747 1572 1802 stolus
1617 1746 1840 1801 uniatur
1869 1746 1967 1800 im-

393 1841 529 1910 perii
555 1855 744 1894 eorum
775 1841 937 1901 stolo,
975 1840 1246 1894 invenerit
1268 1840 1505 1908 aliquem
1530 1839 1729 1893 stolum
1756 1838 1964 1893 inimici

395 1931 610 2000 imperii
658 1946 876 1993 eorum,
909 1939 964 1985 et
997 1931 1233 1983 voluerit
1263 1931 1312 1985 ei
1353 1947 1554 1986 nocere
1586 1932 1667 1984 vel
1716 1945 1842 1984 eum
1867 1946 1964 1984 ex-

393 2037 656 2094 pugnare,
705 2022 868 2077 faciet
900 2023 979 2077 sic
1012 2023 1219 2092 absque
1243 2022 1437 2076 fraude
1483 2031 1538 2077 et
1573 2023 1716 2075 malo
1747 2022 1965 2090 ingenio

390 2116 596 2185 aliquo.
652 2114 950 2183 Postquam
988 2129 1120 2168 vero
1150 2113 1326 2166 stolus
1355 2121 1542 2167 noster
1568 2113 1756 2166 unitus
1800 2113 1966 2166 fuerit

391 2206 532 2259 stolo
555 2205 911 2274 imperatorie
930 2203 1309 2267 sublimitatis,
1337 2202 1540 2255 debent
1558 2199 1854 2265 numerari,
1869 2198 1965 2268 qui

393 2295 449 2350 in
480 2294 655 2366 galeis
685 2303 870 2359 erunt,
902 2309 931 2348 a
969 2293 1260 2362 capitaneo
1299 2291 1454 2346 stolii
1502 2291 1717 2360 imperii
1749 2305 1963 2355 eorum,

391 2385 437 2440 si
477 2387 590 2454 ipse
618 2385 891 2449 voluerit;
920 2394 979 2438 et
1000 2383 1209 2437 inventi
1235 2383 1458 2452 quidem
1481 2381 1717 2435 eruntin
1739 2380 1966 2434 servitio

391 2480 735 2537 celsitudinis
760 2479 972 2549 imperii
1020 2494 1211 2534 eorum
1235 2495 1249 2544 ;
1284 2479 1541 2531 absentes
1564 2490 1695 2530 vero
1719 2475 1966 2529 studiose

391 2587 458 2626 ac
494 2573 634 2626 bona
675 2571 780 2626 fide
809 2569 1083 2624 curabunt
1110 2571 1354 2640 reperire
1383 2568 1658 2634 Venetici,
1695 2568 1742 2623 si
1765 2576 1966 2638 potue-

393 2663 520 2727 rint,
549 2674 605 2717 et
636 2677 928 2716 numerum
961 2662 1292 2732 adimplere.

470 2793 488 2827 c
522 2775 681 2837 item,
723 2774 1046 2843 capitaneus
1083 2774 1166 2827 vel
1200 2773 1476 2843 capitanei
1505 2772 1680 2826 nostri
1727 2773 1854 2827 stoli
1902 2781 1960 2827 et

389 2865 624 2920 comites
672 2874 727 2917 et
766 2864 1059 2926 nauclerii,
1097 2880 1198 2918 nec
1227 2881 1335 2918 non
1365 2875 1420 2917 et
1462 2864 1766 2934 prodenses
1798 2873 1853 2917 et
1897 2878 1962 2918 ex

392 2968 724 3022 unaquaque
776 2952 1056 3022 galearum
1118 2952 1310 3007 decem
1367 2954 1622 3008 homines
1675 2953 1962 3024 jurabunt,

389 3047 536 3115 quod
570 3045 830 3100 obedicnt
867 3055 1124 3116 precepto
1171 3046 1444 3116 capitanei
1493 3045 1621 3100 stoli
1663 3047 1960 3116 imperato-

391 3142 472 3193 rie
529 3139 876 3194 celsitudinis
907 3139 1124 3208 imperii
1175 3154 1406 3202 eorum,
1467 3139 1534 3193 ad
1586 3139 1855 3193 honorem
1907 3143 2033 3198 etC

390 3231 622 3284 salutem
661 3230 834 3283 nostri
875 3229 1022 3292 stoli,
1071 3229 1193 3283 sine
1224 3227 1418 3283 fraude
1442 3239 1497 3284 et
1523 3229 1666 3284 malo
1719 3229 1961 3300 ingenio,

387 3334 443 3376 et
499 3322 641 3392 quod
681 3339 784 3374 una
814 3337 939 3376 cum
970 3321 1112 3376 stolo
1145 3321 1360 3391 imperii
1391 3337 1582 3376 eorum
1624 3337 1966 3392 persequeuo

389 3427 480 3468 tur
537 3415 739 3469 stolum
803 3413 1010 3469 inimici
1062 3413 1366 3485 maiestatis
1419 3414 1799 3482 imperatorie,
1849 3414 1964 3468 sive

385 3507 685 3561 Christiani
737 3508 848 3561 sint
886 3507 1003 3561 sive
1057 3508 1286 3575 pagani;
1318 3515 1374 3560 ct
1404 3506 1698 3559 offendunt
1730 3521 1856 3559 eum
1909 3513 1965 3558 et

389 3599 788 3667 expugnahunt
830 3607 886 3651 et
913 3609 1339 3667 persequentur,
1375 3599 1727 3669 inferentque
1754 3599 1805 3653 ei
1843 3614 1958 3651 ma-

393 3689 529 3747 lum,
561 3689 706 3756 quod
742 3687 947 3741 inferre
974 3687 1259 3752 valebunt,
1295 3689 1437 3743 bona
1466 3689 1593 3753 fide,
1625 3692 1743 3744 sine
1770 3690 1962 3744 fraude

389 3791 440 3834 et
477 3779 618 3833 malo
657 3779 911 3848 ingenio;
970 3790 1026 3834 et
1073 3781 1479 3851 impugnahunt
1513 3798 1662 3847 eum,
1714 3782 1959 3852 quandiu

388 3878 445 3922 et
476 3871 651 3923 stolus
717 3870 931 3939 imperii
983 3886 1174 3925 eorum
1233 3873 1580 3942 impugnabit
1646 3890 1770 3927 cum
1819 3875 1960 3929 bona

390 3961 518 4024 lide,
566 3962 686 4016 sine
735 3962 952 4017 fraude.
981 3963 1120 4016 Etsi
1159 3963 1342 4031 aliqua
1365 3963 1465 4036 [in]
1520 3974 1795 4019 terrarum
1852 3967 1960 4020 ini-

389 4046 520 4102 mici
561 4048 864 4118 imperialis
888 4051 1242 4105 celsitudinis
1268 4054 1502 4122 ceperit,
1530 4053 1796 4108 debemus
1825 4057 1875 4109 in
1896 4071 1959 4110 ea

386 4139 674 4194 ecclesiam
725 4150 780 4195 et
837 4142 1117 4197 embolum
1157 4155 1212 4197 et
1241 4145 1443 4197 scalam
1499 4145 1700 4201 habere
1731 4155 1787 4201 et
1822 4163 1958 4202 cons

383 4246 609 4286 servare
668 4233 787 4288 sine
843 4236 992 4289 onmi
1043 4234 1289 4292 datione.
1345 4237 1716 4293 Vcruntameu
1785 4239 1958 4295 stolus

383 4324 596 4394 imperii
625 4341 814 4380 eorum
845 4327 1010 4381 debet
1058 4337 1244 4383 tantus
1296 4343 1440 4395 esse,
1473 4340 1716 4400 quantus
1768 4341 1825 4387 et
1857 4348 1959 4386 no-

382 4425 536 4483 ster,
576 4426 666 4472 aut
717 4421 974 4489 amplior.
1029 4421 1326 4490 Postquam
1380 4431 1567 4478 autem
1636 4424 1952 4495 huiusmodi

381 4509 668 4561 servitium
702 4511 936 4578 imperio
974 4527 1165 4566 eorum
1202 4515 1537 4584 peregerint,
1562 4513 1762 4569 debent
1787 4517 1955 4570 habe-

383 4611 444 4649 re
483 4612 548 4649 ex
601 4598 789 4666 galeis,
835 4615 940 4668 que
984 4600 1051 4655 de
1089 4600 1315 4656 Venetia
1347 4603 1638 4668 exiverint,
1685 4607 1751 4659 ad
1801 4621 1954 4660 suam

385 4688 757 4740 reversionem
793 4691 974 4758 galeas
1008 4701 1112 4755 tot,
1138 4702 1273 4761 quot
1305 4694 1388 4748 eis
1417 4697 1726 4751 necessarie
1751 4713 1957 4753 conve-

383 4777 601 4830 nienter
628 4790 812 4841 erunt,
839 4788 893 4833 et
917 4781 1038 4836 sine
1060 4782 1253 4836 fraude
1282 4796 1338 4838 et
1370 4783 1512 4838 bona
1544 4785 1675 4840 lide.

456 4908 476 4941 ι
540 4888 694 4954 Item,
755 4903 1044 4964 postquam
1099 4897 1416 4968 huiusmodi
1461 4899 1614 4969 galee
1665 4899 1950 4955 Venetiam

381 4982 758 5052 pervenerint,
815 4985 862 5039 si
917 5001 1112 5041 eorum
1148 4990 1447 5058 imperium
1483 4991 1717 5045 voluerit
1765 5007 1859 5046 eas
1894 4993 1952 5046 in

383 5075 707 5130 Romaniam
757 5092 973 5132 rursum
1023 5081 1209 5135 reduci
1237 5098 1264 5135 a
1293 5083 1592 5142 Veneticis.
1625 5082 1719 5137 fiet
1747 5083 1863 5149 sic;
1894 5095 1951 5139 et

380 5169 765 5238 unusquisque
797 5186 1012 5235 eorum,
1046 5173 1139 5241 qui
1175 5189 1270 5228 eas
1302 5175 1719 5240 reducet,debct
1747 5177 1949 5232 habere

377 5264 597 5331 proprie
621 5262 894 5316 mercedis
916 5264 1108 5333 gratia,
1134 5266 1280 5334 quod
1311 5279 1616 5338 conpetens
1638 5279 1722 5323 est
1749 5284 1948 5324 secun-

376 5354 505 5405 dum
537 5363 775 5422 tempus.
815 5353 870 5408 Si
906 5365 1089 5410 autem
1131 5358 1421 5426 imperium
1469 5375 1661 5414 eorum
1709 5362 1947 5416 voluerit

375 5458 476 5512 per
524 5445 660 5499 alias
707 5463 971 5514 personas
1008 5451 1123 5503 sive
1165 5466 1262 5519 per
1290 5451 1525 5520 aliquam
1564 5452 1942 5521 dispensatio-

374 5548 499 5588 nem
531 5537 901 5592 reversionem
926 5556 1114 5595 earum
1146 5541 1260 5596 fieri
1312 5546 1365 5596 in
1403 5554 1606 5598 terram
1635 5561 1748 5599 sua:
1785 5546 1944 5600 celsi-

374 5627 580 5682 tudinis
604 5670 618 5695 ,
651 5631 841 5686 licebit
867 5644 922 5688 et
951 5636 1052 5692 hoc
1080 5638 1150 5692 ei.
1192 5632 1257 5692 Si
1281 5656 1416 5694 vero
1446 5641 1709 5696 vollucrit
1739 5659 1833 5697 eas
1865 5644 1939 5698 ibi

373 5720 662 5788 custodiri,
697 5726 1077 5783 custodientur
1121 5731 1188 5786 ad
1256 5733 1520 5790 honorem
1579 5737 1795 5808 imperii
1845 5755 1938 5794 eo-

2069 533 2196 571 men
2231 533 2355 572 cum
2386 519 2665 590 imperiali
2700 537 2965 590 expensa.

2137 609 2295 674 item,
2322 611 2367 664 si
2401 612 2474 666 ob
2503 614 2832 682 gravitatem
2861 614 3103 685 aliquam
3142 614 3463 682 huiusmodi
3493 615 3633 685 galee

2068 703 2422 773 nequiverint
2448 705 2754 760 secundum
2792 707 3061 776 prolixum
3096 709 3396 762 terminum
3441 708 3511 762 de
3541 708 3634 762 Ve-

2069 795 2220 848 netia
2266 797 2480 859 venire,
2537 797 2770 868 (debent)
2820 799 2874 851 in
2930 798 3227 853 servitium
3261 799 3390 853 stoli
3428 798 3632 866 imperii

2068 900 2262 939 eorum
2291 887 2505 956 ingredi
2547 888 2791 942 universi
2822 888 2878 941 in
2907 888 3179 943 Romania
3231 889 3440 944 inventi
3473 889 3638 944 Vene-

2071 977 2187 1038 tici,
2217 979 2525 1032 secundum
2557 980 2706 1049 quod
2741 981 3002 1048 superius
3024 981 3370 1036 declaratum
3396 989 3504 1045 est,
3535 982 3636 1036 sci-

2070 1065 2199 1120 licet
2221 1067 2288 1121 de
2307 1068 2374 1122 ιν
2405 1077 2536 1130 tres,
2564 1084 2690 1124 cum
2722 1083 2888 1139 supra
2907 1071 3113 1140 scripta
3142 1087 3291 1140 roga.

2148 1176 2167 1208 ι
2201 1158 2361 1222 Item,
2391 1159 2437 1213 si
2473 1156 2717 1231 eo[rum]
2761 1161 2994 1228 imperio
3052 1163 3280 1232 expedit
3309 1163 3632 1232 adiutorium

2071 1247 2137 1302 ad
2185 1249 2482 1304 vindictam
2521 1258 2667 1306 terre
2713 1251 3019 1320 impcrialis
3067 1253 3414 1310 celsitudinis
3442 1255 3634 1308 ohali-

2071 1355 2232 1409 quem
2287 1341 2572 1395 inimicum
2631 1342 2684 1396 in
2729 1343 3064 1402 Romaniaut
3093 1345 3473 1415 ingressurum
3514 1363 3630 1402 cum

2071 1431 2242 1501 galeis
2275 1431 2638 1502 quadraginta
2676 1436 2790 1504 [aut
2834 1436 3110 1505 pluribus,
3145 1446 3202 1491 et
3229 1439 3423 1507 nequit
3473 1439 3633 1506 impc-

2073 1520 2216 1573 rium
2264 1537 2456 1576 eorum
2493 1538 2594 1592 pro
2629 1525 2834 1579 auxilio
2869 1527 3090 1581 mittere
3119 1527 3405 1581 Venetiam
3427 1570 3441 1590 ,
3478 1529 3632 1583 debet

2072 1611 2422 1682 imperatoria
2469 1618 2725 1687 maiestas
2766 1618 3062 1674 Venetieos
3114 1619 3376 1676 inducere
3430 1621 3497 1676 ad
3548 1638 3634 1678 sue

2073 1713 2217 1759 terre
2271 1707 2648 1762 defensionem
2681 1721 2873 1766 contra
2914 1699 3297 1780 huiuscemodi
3334 1714 3630 1778 inimicum,

2003 1799 2040 1853 Β
2072 1798 2326 1854 inventos
2363 1799 2419 1854 in
2453 1817 2647 1871 magna
2706 1803 2842 1858 urbe
2896 1805 3154 1859 videlicet
3187 1818 3242 1860 et
3277 1806 3468 1862 circha
3499 1823 3632 1873 eam,

2069 1897 2125 1942 et
2154 1889 2224 1942 ab
2248 1906 2312 1944 ea
2368 1891 2503 1945 locis
2533 1893 2848 1962 iacentibus
2894 1895 3081 1950 circha
3136 1912 3256 1951 eam
3323 1913 3520 1954 versus
3553 1915 3658 1953 or-v

2070 1989 2269 2035 tumet
2299 1998 2494 2037 versus
2525 1999 2782 2040 occasum
2818 2001 2990 2056 usque
3037 1988 3106 2043 ad
3150 1989 3412 2053 Avidum,
3462 1992 3636 2061 ibique

2068 2072 2324 2129 similiter
2381 2087 2656 2145 repertos,
2706 2088 2761 2133 et
2813 2080 2868 2133 in
2919 2082 3105 2143 terris,
3160 2097 3269 2150 que
3307 2083 3448 2138 infra
3495 2093 3631 2149 sunt,

2070 2181 2243 2234 usque
2277 2166 2676 2237 Filadclphiam
2709 2179 2766 2224 et
2809 2171 2863 2223 in
2887 2185 2975 2234 ea,
3001 2182 3059 2226 et
3093 2188 3266 2242 usque
3297 2175 3634 2244 Adrianupo-

2069 2255 2162 2309 lim
2192 2265 2250 2310 et
2282 2258 2336 2310 in
2377 2273 2465 2320 ea,
2493 2274 2560 2312 ex
2595 2270 2838 2328 quatuor
2871 2269 3004 2328 tres,
3032 2279 3156 2317 cum
3184 2274 3258 2319 tot
3285 2265 3480 2334 galeis.
3511 2274 3635 2336 quot

2067 2362 2287 2402 armare
2335 2349 2640 2416 valebunt,
2699 2351 2906 2407 inventi
2963 2356 3272 2410 secundum
3329 2358 3631 2426 predictum

2067 2439 2342 2506 ordinem,
2386 2457 2510 2495 cum
2561 2445 2728 2498 etiam
2766 2446 3056 2502 manifesta
3101 2465 3256 2519 roga.
3289 2450 3409 2505 Tali
3455 2452 3630 2522 itaque

2068 2530 2232 2584 modo
2264 2533 2466 2601 talique
2495 2533 2692 2590 ordine
2723 2537 2997 2605 iuvabunt
3017 2548 3072 2592 et
3096 2539 3420 2596 deﬂendent
3445 2543 3633 2597 Roma-

2066 2624 2478 2680 niamVenetici
2527 2636 2718 2682 contra
2749 2644 2968 2684 onmem
3002 2630 3281 2686 hominem
3309 2642 3629 2687 coronatum

2067 2722 2125 2767 ει
2173 2729 2283 2768 non
2326 2725 2674 2782 coronatum,
2709 2727 2766 2772 0|.
2793 2729 2988 2774 contra
3018 2737 3239 2775 omnem
3273 2731 3494 2792 gentem
3535 2723 3630 2776 ΠΟ·

2068 2806 2306 2862 maniam
2341 2824 2541 2864 nocere
2582 2811 2880 2875 volentem,
2909 2822 3074 2882 prout
3104 2817 3362 2883 superius
3391 2815 3632 2870 declara-

2071 2905 2186 2952 tum
2210 2909 2322 2967 est;
2353 2909 2410 2956 et
2438 2911 2628 2956 contra
2651 2903 2828 2972 ipsum
2869 2920 3051 2974 regem
3089 2905 3442 2961 Alemannie.

2145 3009 2162 3041 ι
2186 2991 2345 3057 item,
2378 2993 2422 3046 si
2450 2993 2744 3064 imperium
2771 3009 2966 3050 eorum
2988 2997 3227 3052 voluerit
3246 2998 3631 3056 mittereVeue-

2069 3083 2198 3138 timi
2257 3084 2511 3140 homines
2571 3096 2668 3142 aut
2727 3088 3008 3152 vestiaria,
3065 3093 3239 3160 gratia
3296 3093 3632 3147 conducendi

2069 3176 2275 3230 milites
2301 3185 2399 3230 aut
2424 3178 2493 3232 de
2521 3177 2858 3234 Lombardia
2884 3190 2982 3236 aut
3010 3181 3080 3235 ab
3111 3182 3218 3237 alia
3249 3191 3396 3238 terra
3419 3222 3436 3248 ,
3470 3193 3526 3238 et
3551 3183 3653 3237 di--

2067 3268 2364 3336 spensandi
2383 3269 2451 3322 ad
2477 3269 2743 3324 honorem
2761 3281 2817 3326 et
2842 3273 3135 3328 utilitatem
3160 3275 3466 3343 spectantia
3495 3285 3633 3329 terre

2065 3359 2422 3414 celsitudinis
2478 3375 2712 3424 eorum,
2757 3363 2951 3418 licebit
2986 3374 3043 3418 et
3093 3365 3200 3420 hoc
3248 3366 3353 3428 eis,
3400 3367 3507 3422 nisi
3537 3367 3636 3421 hoc

2079 3458 2271 3502 contra
2313 3449 2601 3504 Venetiam
2636 3452 2728 3506 sit.
2761 3452 2974 3509 Debent
3009 3467 3195 3510 autem
3216 3457 3462 3512 Venetici
3503 3460 3636 3513 reci-

2067 3555 2198 3610 pere
2263 3540 2520 3596 homines
2577 3553 2635 3598 et
2682 3546 2980 3614 peecunias
3023 3557 3080 3602 et
3109 3549 3371 3603 vestiaria
3423 3549 3641 3620 imperii

2065 3646 2283 3697 eorum,
2318 3640 2376 3686 et
2401 3631 2702 3687 defendere
2733 3645 2791 3689 et
2827 3635 3083 3693 homines
3114 3646 3172 3692 et
3212 3641 3512 3707 peccunias
3546 3656 3636 3694 co-

2066 3738 2188 3776 rum
2221 3723 2290 3776 ab
2329 3725 2590 3779 munibus
2615 3726 2876 3782 inimicis.
2904 3728 3300 3785 Verumtamen
3342 3731 3634 3786 clementia

2065 3814 2496 3884 imperiieorum
2543 3833 2656 3872 non
2700 3819 2864 3874 debet
2910 3822 3136 3877 Venetia
3169 3823 3374 3877 stolum
3406 3825 3635 3880 educere

2066 3907 2152 3960 vel
2181 3909 2486 3964 exercitum
2522 3919 2715 3965 contra
2749 3912 2991 3981 aliquem
3015 3951 3034 3978 ,
3083 3931 3210 3970 cum
3244 3933 3358 3986 quo
3394 3917 3633 3974 Venetici

2062 3999 2270 4057 habent
2310 4004 2574 4060 unionem
2615 4014 2674 4060 et
2707 4021 2978 4061 amorem.

2136 4111 2154 4142 ι
2186 4093 2345 4158 item,
2370 4096 2415 4149 si
2444 4094 2738 4164 imperium
2795 4097 3033 4152 voluerit
3057 4114 3156 4168 per
3183 4109 3376 4169 partes
3413 4100 3633 4156 Venetie

2062 4185 2271 4240 milites
2304 4186 2360 4239 in
2399 4186 2722 4241 Romaniam
2755 4187 2980 4253 ducere,
3009 4191 3202 4246 licebit
3242 4201 3298 4246 et
3336 4192 3442 4247 hoc
3468 4194 3635 4260 impe—

2062 4275 2147 4328 rio
2170 4290 2384 4341 eorum,
2427 4277 2533 4332 nisi
2565 4279 2667 4348 ipsi
2697 4280 2972 4334 manifesti
3008 4282 3218 4336 inimici
3242 4283 3471 4338 Venetie
3501 4285 3632 4344 sint,

2059 4373 2155 4418 aut
2193 4365 2420 4420 Venetia
2452 4367 2715 4436 impedita
2746 4369 2838 4434 sit,
2873 4370 2995 4424 sine
3035 4370 3230 4426 fraude
3264 4382 3320 4427 et
3352 4377 3496 4428 malo
3537 4374 3621 4426 in-

1989 4478 2029 4531 ο
2058 4456 2221 4524 genio
2247 4457 2457 4526 aliquo.
2499 4459 2632 4512 Nam
2673 4469 2949 4516 transacto
2976 4462 3376 4530 impedimento
3422 4464 3631 4518 licitum

2059 4548 2168 4602 erit
2205 4549 2312 4616 eis,
2339 4553 2456 4605 sive
2482 4553 2582 4606 soli
2611 4552 2820 4608 fuerint
2853 4555 2968 4610 sive
2997 4571 3121 4609 cum
3169 4555 3418 4623 familiis,
3448 4566 3628 4612 trans-

2062 4635 2165 4692 ire.
2205 4637 2316 4693 Hec
2351 4649 2534 4694 autem
2591 4644 2818 4696 servitia
2868 4644 3074 4700 debent
3113 4646 3359 4702 Venetici
3403 4647 3626 4717 imperio

2056 4741 2250 4782 eorum
2281 4739 2337 4784 et
2376 4731 2643 4788 Romanie
2666 4736 2902 4801 servire,
2935 4738 3044 4792 nisi
3081 4740 3405 4795 manifestas
3443 4737 3624 4798 inimi-

2056 4818 2228 4876 cicias
2247 4822 2447 4878 habeat
2474 4825 2543 4878 ab
2575 4827 2759 4897 aliqua
2791 4842 3054 4886 coronata
3081 4846 3314 4900 persona
3339 4833 3424 4887 vel
3448 4834 3620 4900 aliqua

2055 4927 2250 4982 magna
2297 4925 2466 4980 terra,
2514 4917 2590 4972 ita
2653 4921 2802 4988 quod
2853 4924 3145 4977 servitium
3200 4926 3304 4995 ipsi
3353 4931 3622 4996 nequeant

2054 5005 2257 5072 facere,
2297 5010 2415 5064 sine
2447 5010 2636 5070 fraude
2669 5024 2726 5069 et
2751 5015 2894 5070 malo
2918 5015 3159 5086 ingenio.

2130 5117 2148 5150 ι
2191 5099 2325 5156 [tem
2365 5102 2590 5172 debent,
2632 5108 2726 5174 qui
2759 5123 2857 5176 per
2908 5117 3157 5178 tempora
3185 5111 3364 5167 Duces
3403 5115 3620 5170 Venetie

2051 5202 2236 5256 erunt,
2272 5194 2505 5263 imperio
2543 5211 2740 5251 eorum
2767 5209 2824 5252 et
2864 5199 3162 5258 heredibus
3185 5219 3379 5258 eorum
3412 5221 3621 5262 mascu-

2049 5280 2117 5335 lis
2163 5293 2219 5336 et
2259 5285 2585 5340 mulieribus
2643 5288 3016 5358 imperaturis,
3058 5292 3176 5348 sive
3228 5294 3361 5359 hiis,
3406 5298 3496 5368 qui
3552 5311 3618 5350 ex

2047 5384 2312 5444 precepto
2351 5393 2545 5432 eorum
2594 5380 2830 5449 imperio
2875 5383 3278 5454 imperabunt,
3312 5399 3369 5444 et
3413 5391 3613 5455 Iidem,

2048 5473 2350 5521 servabunt
2373 5470 2541 5524 etiam
2574 5487 2694 5526 eam
2729 5484 2924 5530 contra
2947 5493 3169 5534 omnem
3201 5481 3479 5538 hominem
3515 5498 3604 5536 eo—

2048 5569 2324 5625 ronatum,
2355 5570 2411 5616 et
2456 5579 2564 5617 non
2614 5578 2964 5635 coronatum,
2993 5572 3146 5627 salvo
3187 5589 3254 5630 eo
3281 5615 3297 5641 ,
3335 5577 3476 5646 quod
3518 5590 3611 5645 per

2038 5651 2414 5720 iuramcntum
2440 5652 2874 5714 debentVeuetie
2897 5664 3201 5717 secundum
3232 5667 3374 5734 quod
3390 5679 3444 5721 et
3468 5676 3609 5720 nunc

2044 5742 2153 5797 dux
2187 5739 2406 5798 Venetie
2438 5759 2538 5802 nos
2565 5747 2837 5806 Henricus
2865 5751 3166 5822 Dandulus,
3199 5758 3520 5830 iuravimus.
