1971 3125
122 151 168 184 ζ8)

664 151 851 185 NOVELLIE
870 151 1215 184 CONSTITUTIONES.

1685 147 1737 178 £90

155 219 163 235 ι
177 204 256 240 item.
286 208 309 236 si
323 207 499 236 inimicorum
519 208 626 243 imperii
646 209 749 243 aliquis
765 209 899 239 insultum
914 212 939 238 Α
951 215 1013 236 nem
1030 208 1183 237 habebunt.
1196 213 1223 235 et
1245 213 1382 242 tamquam
1399 205 1469 236 facta
1484 204 1518 233 ab
1544 202 1661 239 imperio
1678 210 1738 230 meo

121 255 212 283 fecerit
233 255 268 282 ad
290 255 508 290 hnpnguandnm
531 255 652 289 aliquam
667 260 803 284 terrarum
820 255 899 282 celsi-

122 301 219 329 tudinis
239 308 349 332 eorum,
371 301 398 327 in
416 309 471 335 qua
486 304 551 328 sunt
565 301 700 331 Venetici.
719 301 822 328 debent
838 307 899 328 eam

121 346 262 374 defendere
281 346 414 378 Venetici,
424 351 452 374 et
464 346 737 381 inimioosexpellerc
759 347 794 373 ab
803 346 900 380 hujus-

123 392 188 419 modi
200 397 283 423 terra,
302 397 384 426 prout
394 396 519 426 possunt,
530 392 600 418 bona
616 392 668 419 {ide
678 397 704 418 et
717 393 775 419 sine
793 392 899 418 fraude.

156 446 164 462 ι
184 437 260 464 Hanc
275 437 367 471 itaque
388 437 604 464 conventionem
622 437 727 463 firmam
743 437 900 464 custodierit

124 483 251 514 Venetici,
272 482 363 511 ethoc
383 488 585 510 sacramentum
608 482 728 515 ﬁrmum,
751 488 846 510 etnec
865 483 901 509 ob

123 529 184 555 iram
210 527 278 561 ipsis
295 528 397 556 illamm
413 536 523 563 semper
537 528 709 554 memorandi
726 528 901 562 imperatoris

122 574 221 603 domini
238 573 372 602 Manuelis
385 574 625 609 I’orpliyrogeniti.
638 583 688 602 nec
700 575 735 601 ob
753 575 835 601 aliam
852 575 902 602 ali—

123 627 198 653 quam
222 619 395 647 occasionem
416 619 484 654 ipsis
510 620 627 652 iactam,
665 628 715 646 nec
736 628 787 654 pro
807 620 901 655 aliquo

122 669 246 699 precepto
276 665 319 691 vel
343 666 441 693 timore
471 666 590 700 alicujus
621 671 751 692 ceronate
785 674 902 699 persone

123 711 160 737 vel
173 718 226 738 non
247 715 389 741 coronate,
408 710 450 737 vel
465 710 551 745 ipsius
572 711 644 745 regis
658 712 834 742 Alcmannie,
852 720 902 738 nec

122 764 166 790 pro
180 757 272 791 aliqua
285 757 571 784 exemumunicationc
590 758 779 784 ecclesiastica
795 758 837 784 vel
858 766 901 785 so-

121 803 220 830 lutione
240 803 357 838 alicujus
378 802 550 836 pontificum,
578 809 625 830 aut
646 803 732 838 ipsius
750 811 835 839 papae
859 813 903 830 ur-

123 849 160 875 bis
195 848 292 880 Rome,
330 848 485 882 lmjusmodi
520 849 662 875 \‘iolnbunt
688 851 901 877 conventionem

123 897 160 921 vcl
181 894 382 929 juramentum.
412 895 467 922 llec
499 900 591 922 autent
629 897 720 922 omnia
746 897 903 923 custodierit

123 939 239 966 Venetici
268 940 337 966 bona
365 940 433 971 ﬁde,
449 941 508 967 sine
526 941 622 968 fraude
646 947 674 968 ct
697 942 767 968 malo
781 942 901 976 ingenio,

121 985 246 1019 quamdiu
276 986 309 1012 ab
321 986 435 1020 imperio
453 994 549 1013 eorum
573 992 601 1014 et
616 987 838 1021 imperatoribus,
856 987 902 1021 qui

121 1032 247 1066 deinceps
269 1038 362 1063 erunt,
386 1033 492 1067 integre
514 1038 725 1064 conservantur,
748 1041 801 1067 quc
823 1034 903 1059 nobis

121 1078 252 1112 promissa
274 1083 338 1106 sunt
359 1086 374 1105 a
399 1079 573 1106 sanctissimo
596 1080 763 1113 imperatore
792 1080 903 1106 domino

120 1124 208 1153 Alexio
218 1124 364 1152 (Σο-ωηιηο
381 1133 429 1159 per
445 1125 613 1152 crisobulum
637 1125 745 1159 imperii
759 1125 845 1160 ejus.)

139 1165 183 1198 Ἐι
198 1178 254 1205 quc
265 1171 375 1205 quidem
391 1172 568 1205 suprascripti
597 1171 803 1205 prudentissimi
823 1172 902 1206 legali

121 1216 279 1244 nobilissimi
300 1222 328 1244 et
343 1217 504 1244 [niellissimi
517 1217 633 1251 imperio
650 1226 710 1245 meo
724 1219 903 1252 protosevasti

119 1266 143 1289 et
161 1262 243 1290 Ducis
262 1263 384 1295 Venetie,
406 1263 515 1290 llenrici
541 1264 667 1296 Dantluli,
699 1265 732 1290 ad
760 1265 903 1299 imperium

121 1316 206 1335 meum
226 1314 257 1337 et
273 1309 435 1336 Romaniam
453 1311 615 1344 pepigerunt
631 1316 659 1337 ct
687 1311 859 1345 jurazcrunt,
878 1317 905 1337 ct

119 1355 145 1381 in
163 1355 269 1389 scripto
279 1355 313 1382 ab
329 1356 369 1382 eis
387 1356 543 1390 subseripto
558 1357 826 1391 εοιιιιπυιιριιώιιιιυδ
852 1357 904 1383 im-

120 1401 192 1434 perio
206 1410 269 1429 meo
285 1402 465 1435 tradiderunt,
478 1404 589 1438 jurandi
603 1404 657 1438 (A7)
672 1408 700 1430 ct
713 1404 746 1430 ab
760 1405 818 1438 ipso
833 1404 905 1431 Dure

118 1454 210 1474 eorum
227 1452 257 1474 ct
270 1452 326 1475 tota
337 1448 449 1476 Venetia
464 1449 526 1486 ltec.
543 1450 690 1484 Imperium
706 1457 796 1477 autem
814 1458 904 1477 meum

119 1492 167 1520 liec
181 1494 347 1529 suscipiens,
363 1502 475 1529 presens
488 1495 683 1530 clirysobulum
698 1496 811 1523 verbum
823 1504 903 1523 suum

119 1540 270 1567 transmisit
286 1540 458 1568 nobilissimo
474 1545 502 1567 et
523 1541 692 1568 ﬁdellissimo
710 1542 829 1576 imperio
841 1551 902 1569 meo

118 1590 306 1619 protosevasto
330 1591 358 1613 et
376 1586 442 1613 Dnci
459 1586 570 1614 Vcnetie
588 1591 615 1613 et
634 1587 776 1614 universae
792 1588 904 1615 Venetic-

117 1632 283 1666 plenitudiui
298 1640 346 1666 per
359 1632 467 1666 imperii
478 1633 530 1659 mci
547 1632 664 1667 legatum
677 1633 741 1660 illuc
757 1633 903 1665 directum,

117 1686 164 1712 per
180 1677 466 1706 honorabillissimum
483 1682 510 1704 et
530 1677 691 1704 familiarem
712 1679 826 1712 imperio
845 1687 905 1705 meo

117 1722 336 1756 protonotarium
356 1722 410 1757 (58)
427 1723 628 1750 vicedominum
642 1723 816 1750 Theodorum
831 1724 905 1750 Auli-

116 1770 250 1798 calamunt
264 1769 332 1804 (59),
353 1769 425 1803 quod
447 1769 642 1804 ehrysobulum
659 1770 770 1796 verbum
799 1770 905 1796 scilicet

115 1816 255 1849 promittit
284 1816 335 1848 cis,
367 1816 497 1850 quoniam
523 1816 706 1842 nobillissimo
724 1816 793 1843 duce
808 1824 903 1842 eorum

115 1866 306 1895 protoscvasto
322 1866 349 1888 et
362 1869 458 1896 magno
470 1867 498 1888 et
509 1870 592 1896 parvo
608 1862 724 1889 consilio
737 1863 858 1893 Venetia,
873 1870 904 1888 ac

113 1907 165 1934 alia
175 1908 238 1943 ejus
252 1908 425 1942 plenitudine
434 1908 649 1942 suscipientibus
659 1909 721 1938 hoc.
730 1914 903 1936 sam-amento

114 1961 223 1988 quoque
237 1953 391 1981 secundum
403 1960 481 1980 suam
493 1954 722 1980 consuetudinem
737 1957 903 1980 conlirman-

115 2000 196 2032 tibus,
211 2005 242 2027 et
256 2000 287 2027 in
301 2000 403 2034 scripto
429 2000 596 2034 ponentibus
629 2000 680 2027 huc
695 2000 786 2026 omnia
814 2001 903 2027 conti-

114 2046 200 2077 ucnti,
214 2051 246 2072 ct
261 2045 434 2080 propriarum
449 2053 559 2072 suarum
575 2054 704 2072 nianuum
718 2047 902 2080 subscriptio—

114 2090 195 2118 nibus
207 2091 238 2118 id
256 2091 524 2122 consummantibus,
544 2096 574 2118 ct
588 2100 651 2118 cum
669 2092 793 2126 predicto
809 2097 902 2127 proto-

113 2138 222 2165 notario
259 2138 377 2172 imperio
393 2146 454 2165 meo
472 2137 500 2165 id
517 2138 700 2167 mittentibus.
718 2138 842 2166 tradetur
861 2139 902 2165 eis

113 2181 191 2210 abeo
211 2190 329 2216 presens
355 2183 550 2217 clirysobulum
569 2183 681 2210 verbum
708 2184 813 2217 imperii
836 2184 899 2216 mei,

918 879 940 908 B

950 253 1166 288 deputabuntur.
1195 252 1364 281 Corroborat
1390 252 1464 279 enim
1491 255 1522 278 et
1544 249 1691 282 conﬁrmat
1705 254 1737 275 ea

951 298 1097 332 imperium
1115 305 1206 327 meum
1221 305 1268 333 per
1286 305 1399 334 presens
1413 296 1608 332 cbrysobnlum
1621 293 1737 321 verbum

951 351 1033 370 suum
1050 349 1080 371 et
1112 343 1242 378 precipit,
1266 351 1316 370 eos
1334 342 1493 371 conversari
1516 341 1606 369 salvos
1619 343 1648 367 et
1679 339 1740 370 sine

953 391 1050 416 timore
1066 390 1093 416 in
1111 390 1240 416 omnibus
1256 390 1414 424 regionibus
1429 388 1537 423 imperii
1553 388 1617 419 mei,
1637 388 1664 414 in
1677 393 1739 421 per-

952 437 1027 463 sonis
1042 441 1070 463 et
1094 437 1234 471 peccuniis
1259 443 1366 466 eorum,
1384 441 1436 464 tam
1450 436 1483 463 ab
1500 434 1661 465 horninibus
1690 434 1741 461 im-

952 483 1021 517 perii
1040 483 1103 512 mei.
1120 490 1202 516 quam
1221 487 1248 508 et
1270 482 1303 508 ab
1323 482 1382 516 ipso
1403 482 1520 516 imperio
1547 489 1620 512 meo,
1636 480 1740 507 habere

952 537 1062 564 quoque
1081 530 1155 563 ipsos
1169 534 1197 555 et
1214 529 1308 556 omnia
1332 532 1504 559 tcinuncnta,
1519 535 1572 562 que
1600 528 1740 555 habebant

954 581 1077 609 tempore
1090 582 1174 609 super
1187 582 1235 601 cos
1252 574 1440 609 prevenientis
1457 574 1495 600 ire
1512 581 1619 607 semper
1635 580 1734 600 memor

955 621 1031 648 randi
1048 621 1220 655 imperatoris
1241 620 1332 655 patrui
1354 620 1463 655 impwii
1484 620 1547 650 mei.
1565 618 1739 651 domini_Ma-

954 667 1043 694 nuelis
1060 667 1202 694 Comnani.
1218 667 1251 694 Et
1266 667 1288 694 si
1305 668 1340 693 ob
1355 666 1512 696 servitium,
1527 665 1599 700 quod
1622 665 1739 699 imperio

955 721 1016 741 meo
1033 713 1149 740 fecerint
1172 713 1216 740 vel
1240 713 1427 747 imperatoris,
1453 717 1536 746 prout
1562 711 1589 738 in
1613 710 1742 745 supirius

954 762 1081 788 ordinato
1091 761 1192 795 scripto
1202 761 1352 794 legatorum
1366 760 1560 786 Veneticornm
1576 758 1741 787 declaratur,

954 813 981 835 et
994 808 1016 835 si
1030 807 1223 842 supervenerit
1234 807 1273 833 eis
1284 814 1298 833 a
1311 810 1442 833 coronata
1453 812 1572 840 persona
1587 804 1629 831 vel
1644 810 1741 837 magna

955 859 1035 888 gente
1053 861 1163 888 guerra.
1179 853 1260 880 debet
1283 853 1428 887 imperium
1444 859 1536 879 meum
1558 851 1599 877 vel
1612 858 1660 884 per
1674 854 1743 876 tem-

956 907 1021 934 pora
1038 900 1208 934 imperaturi,
1225 899 1295 926 sicut
1313 899 1338 925 in
1358 898 1415 933 ipsa
1427 897 1610 924 conventione
1619 895 1743 923 declara‘

957 953 1009 977 Iur,
1025 954 1072 973 eos
1084 946 1224 980 adjuvare,
1239 948 1321 979 prout
1337 944 1449 971 deberet
1464 943 1593 976 adjuvare
1608 948 1690 968 unam
1708 940 1742 966 de

955 991 1062 1026 ninguis
1075 991 1234 1017 civitatibus
1241 989 1385 1016 Romanie.
1394 989 1520 1023 insuper,
1530 988 1551 1014 si
1561 991 1588 1014 et
1596 987 1741 1021 imperium

955 1046 1045 1064 nicum
1063 1042 1111 1063 aut
1123 1036 1281 1070 imperaturi
1298 1035 1393 1063 iecerit
1406 1042 1528 1062 amorem
1554 1038 1601 1061 a-ut
1619 1038 1739 1067 trcguam

955 1092 1016 1111 cum
1030 1083 1122 1117 aliquo
1138 1082 1261 1112 inimico,
1290 1086 1385 1108 contra
1404 1089 1485 1115 quem
1514 1079 1662 1108 servierint
1689 1079 1742 1106 im-

956 1131 1033 1165 perio
1046 1136 1151 1160 nostro.
1170 1129 1252 1156 debet
1279 1128 1426 1161 imperium
1453 1131 1577 1154 nostrum
1593 1133 1643 1153 eos
1658 1125 1741 1152 indli-

956 1185 1017 1203 cere
1034 1176 1060 1202 in
1082 1177 1162 1202 talem
1178 1176 1253 1202 illum
1275 1182 1397 1200 amorem
1413 1174 1455 1200 vel
1475 1179 1611 1208 tregnam.

992 1222 1173 1249 l‘rouiittitet
1204 1222 1245 1248 eis
1263 1221 1402 1248 licentiam
1434 1220 1537 1247 habere
1552 1220 1580 1246 in
1612 1219 1742 1246 omnibus

957 1270 1116 1304 regionibus
1129 1268 1237 1302 imperii
1255 1267 1318 1299 mei,
1352 1272 1407 1293 tam
1429 1265 1457 1292 in
1477 1265 1542 1296 hiis,
1573 1273 1627 1300 que
1649 1265 1742 1292 circlta

957 1316 1023 1342 litus
1036 1321 1110 1346 sunt,
1130 1321 1211 1348 quam
1229 1312 1292 1340 etin
1310 1312 1373 1344 hiis,
1388 1319 1441 1346 que
1455 1310 1525 1337 inl'ra
1541 1315 1655 1342 terram,
1671 1315 1699 1337 et
1715 1310 1742 1336 in

958 1361 1022 1395 ipsis
1035 1360 1145 1391 insulis,
1155 1356 1525 1392 ctsimpliciterinomnibus
1541 1356 1675 1390 partibus.
1689 1363 1743 1390 quc

956 1407 1007 1434 sub
1020 1410 1153 1441 potestate
1163 1409 1255 1432 nostra
1271 1404 1314 1438 pie
1329 1408 1395 1430 sunt
1404 1402 1620 1437 tranquillitatis,
1633 1408 1742 1428 omnem

957 1453 1153 1479 mercationcm
1181 1458 1321 1481 exercere,
1348 1455 1376 1476 et
1389 1449 1483 1476 cinere
1507 1453 1591 1483 atque
1622 1448 1743 1475 vendere

957 1507 1066 1526 omnem
1084 1498 1202 1533 speciem
1221 1497 1248 1524 in
1263 1496 1422 1532 regionibus
1435 1495 1546 1529 imperii
1560 1495 1612 1522 mei
1630 1502 1739 1521 nascen-

959 1550 1024 1576 tem,
1040 1550 1067 1572 et
1082 1553 1114 1572 ex
1127 1544 1187 1571 aliis
1204 1543 1362 1577 regionibus
1376 1544 1402 1568 in
1421 1548 1469 1568 eas
1484 1541 1593 1567 allatam
1614 1541 1672 1567 sive
1693 1548 1741 1575 per

958 1598 1040 1618 naves
1050 1598 1098 1624 per
1107 1597 1192 1620 mare,
1200 1589 1258 1616 sive
1271 1586 1443 1622 persamaria
1455 1585 1495 1611 vel
1503 1585 1624 1619 plaustra
1633 1588 1743 1618 perter-

957 1645 1031 1669 ram;
1045 1640 1131 1663 etnec
1140 1634 1309 1661 comercium
1320 1637 1368 1658 aut
1381 1631 1525 1666 pedaginm
1536 1630 1577 1656 vel
1586 1630 1740 1664 passagium

956 1688 1003 1710 aut
1029 1682 1223 1710 samariaticon
1265 1679 1307 1705 vel
1344 1677 1517 1713 portuaticon
1552 1681 1598 1703 aut
1629 1683 1744 1703 savura-

957 1731 1030 1757 ticon
1051 1732 1098 1755 aut
1125 1734 1206 1754 causa
1240 1724 1372 1752 onerandi
1410 1728 1458 1750 aut
1486 1723 1660 1754 scalaticum,
1693 1729 1744 1749 nec

957 1777 1038 1803 aliam
1067 1774 1185 1808 aliquam
1201 1779 1301 1799 census
1323 1770 1524 1806 appetieiouem
1542 1778 1556 1796 a
1582 1769 1699 1796 navibus
1717 1777 1743 1795 in

957 1822 1118 1850 itotnaniam
1145 1818 1323 1846 venientibus
1340 1817 1415 1844 vela
1445 1816 1572 1843 samariis
1595 1815 1637 1842 vcl
1667 1815 1743 1850 plau-

955 1870 1019 1897 stris
1033 1876 1085 1903 pcr
1099 1874 1193 1893 omnes
1205 1865 1330 1900 regiones
1344 1863 1450 1897 imperii
1464 1863 1516 1889 mei
1538 1861 1746 1889 transeuntibus

954 1924 985 1943 ex
1000 1913 1199 1942 consuetudine
1214 1914 1338 1938 exactum
1357 1909 1413 1944 (60)
1427 1908 1580 1942 exigenlur.

990 1961 1104 1994 insuper
1118 1962 1156 1988 et,
1193 1956 1322 1991 quoniam
1339 1954 1366 1981 in
1393 1953 1558 1988 quibusdam
1585 1951 1744 1986 regionibus

955 2004 1061 2039 imperii
1079 2002 1130 2029 mei
1146 2001 1300 2028 molestiam
1323 2004 1351 2026 et
1371 1998 1573 2025 infestationem
1597 2004 1651 2023 non
1682 2004 1744 2030 par-

955 2058 1013 2076 vam
1030 2049 1174 2075 chcticos
1190 2045 1307 2080 imperio
1319 2051 1381 2070 meo
1419 2043 1591 2070 lidclissimos
1608 2042 1665 2075 (6|)
1686 2042 1741 2075 jam

955 2095 1019 2122 dicti
1048 2092 1252 2128 prudentissimi
1269 2090 1350 2124 legati
1372 2089 1497 2119 Venetic,
1515 2088 1611 2114 Petrus
1625 2087 1740 2114 Michael

953 2141 1152 2169 ctOctavianus
1160 2137 1301 2171 Quirinus,
1313 2144 1374 2162 meo
1399 2142 1558 2170 suggesserc
1570 2134 1696 2167 imperio,
1708 2141 1742 2160 eo

955 2187 1028 2222 quod
1042 2187 1115 2213 clare
1129 2186 1154 2211 in
1167 2182 1348 2219 ehrysoboliis
1363 2182 1438 2216 prius
1450 2181 1490 2207 eis
1506 2180 1585 2207 factis
1601 2180 1660 2214 ipse
1685 2187 1739 2206 non

112 2228 301 2255 corroborans
312 2232 339 2255 et
349 2229 515 2255 conlirutans
531 2228 706 2258 tidcliissimis
720 2228 902 2263 imperiomeo
920 2239 941 2265 θ
955 2232 1010 2259 sim
1025 2230 1151 2257 ordinate
1170 2238 1176 2255 ;
1194 2228 1343 2262 imperium
1359 2233 1451 2253 incum
1464 2230 1503 2252 'et
1519 2233 1533 2252 a
1551 2225 1596 2251 tali
1615 2224 1740 2251 molestia

115 2271 254 2301 Veneticis
283 2274 436 2309 antiquitus
469 2274 538 2301 facta
570 2275 736 2308 ebrysobula
763 2283 777 2301 a
804 2275 902 2309 sempi-

113 2324 188 2347 lernc
201 2320 339 2348 memorie
352 2320 517 2355 imperatore
542 2326 569 2347 et
590 2328 690 2354 proavo
712 2320 819 2354 imperii
837 2320 901 2353 mei,

111 2365 223 2395 domino
245 2365 346 2395 Alexio
362 2367 502 2396 Comnano
517 2371 544 2393 et
563 2366 619 2393 lilio
633 2367 692 2401 ejus
715 2366 900 2400 imperatoris,

110 2411 223 2439 domino
235 2411 370 2444 Johanni,
386 2417 414 2439 et
429 2413 528 2440 dilecto
547 2418 643 2447 patruo
657 2413 775 2447 imperii,
790 2412 901 2439 domino

112 2456 238 2486 blauncle
252 2457 413 2488 Gomoario;
427 2458 540 2493 insuper
552 2465 580 2486 et
601 2459 669 2486 facta
681 2459 722 2485 eis
736 2458 901 2493 cbrysobula

111 2503 144 2532 ab
159 2505 322 2540 imperante
339 2504 518 2532 dibctissimo
537 2504 622 2532 fratre
635 2504 743 2539 imperii
761 2505 824 2538 mei,
851 2505 901 2533 do-

112 2550 186 2578 mino
201 2550 315 2582 Isaakio
328 2550 432 2586 Angelo
447 2559 529 2585 super
543 2551 607 2583 hiis,
624 2558 677 2585 quc
692 2550 826 2585 promissa
839 2554 903 2577 sunt

110 2597 150 2625 eis
165 2605 216 2632 per
231 2605 279 2631 ea,
295 2602 350 2626 tam
363 2598 420 2632 jam
434 2597 595 2631 compleclis
609 2604 690 2630 quam
704 2600 798 2623 etnon
814 2596 904 2623 adhuc

109 2644 191 2673 tinem
211 2645 401 2680 capientibus,
417 2649 444 2672 et
458 2644 601 2671 ementium
626 2651 658 2670 ac
683 2644 905 2671 incommutatio~

144 2726 203 2761 (57)
224 2725 357 2752 Fortasse
373 2723 551 2761 jurabuntuf.

145 2759 202 2796 (58)
220 2761 354 2787 Editoucs
366 2764 462 2786 notant
478 2768 506 2785 ει
517 2760 563 2786 Sic
578 2767 629 2787 nos
646 2767 679 2786 ex
694 2759 856 2794 compendio
873 2760 904 2787 li—

110 2796 151 2823 bri
164 2797 219 2823 albi
234 2805 241 2828 ;
260 2797 421 2829 pra'com‘um
434 2795 481 2821 lib.
500 2799 588 2829 pact.»

144 2833 200 2861 (59)
217 2831 309 2858 lidcln
323 2839 330 2856 ε
348 2830 418 2864 Lege
435 2829 637 2857 Auriculanum.

145 2868 201 2902 (I50)
222 2866 299 2900 Lege
314 2870 447 2893 exactam.
648 2883 650 2886 μ

254 2915 393 2942 ΡΑτιιυι..
410 2913 467 2941 Gn.
492 2911 646 2941 CXXXV.

952 2278 1047 2303 volens
1062 2275 1235 2302 fidelissimos
1261 2278 1289 2300 et
1305 2272 1448 2301 Vcneticos
1463 2271 1590 2302 liberare,
1607 2275 1636 2297 et
1650 2272 1741 2297 nomic

952 2322 1037 2348 natim
1054 2328 1150 2347 omnes
1167 2319 1301 2354 regiones,
1320 2326 1373 2352 quc
1388 2317 1440 2344 sub
1461 2316 1591 2344 immania
1618 2321 1694 2347 sntit,
1712 2317 1738 2342 in

951 2368 1053 2402 quibus
1069 2366 1184 2393 mercari
1200 2365 1313 2397 debent,
1328 2364 1456 2390 ordinare
1478 2363 1505 2390 in
1524 2363 1644 2397 presenti
1659 2365 1739 2398 chry-

951 2414 1049 2441 sobnlo
1064 2419 1125 2439 meo
1137 2412 1237 2447 placuit
1246 2410 1372 2445 imperio.
1383 2410 1440 2443 Que
1449 2413 1512 2438 sunt
1528 2409 1580 2436 istc
1590 2409 1716 2437 videlicet
1732 2418 1738 2436 :

953 2459 1091 2486 Provintia
1114 2458 1250 2485 Dirrachii
1267 2457 1323 2492 (6‘2)
1340 2464 1402 2483 cum
1419 2457 1482 2489 illis,
1509 2464 1563 2491 que
1580 2456 1607 2482 in
1617 2463 1648 2482 ea
1673 2462 1739 2483 sunt

952 2514 1132 2542 personarum
1148 2511 1175 2533 ct
1192 2505 1369 2533 ecclesiarum
1383 2504 1581 2536 immobilibus.
1596 2503 1739 2530 Provincia

951 2554 1060 2580 .lcricbo
1076 2558 1103 2580 et
1114 2552 1237 2580 Cauinon
1252 2560 1314 2578 (ευ-ιι
1328 2551 1459 2578 omnibus
1474 2551 1499 2577 in
1508 2558 1540 2577 ea
1552 2549 1739 2576 immobilibus

953 2598 1144 2626 existentibus.
1191 2597 1335 2624 Provincia
1387 2597 1536 2624 .loaninon.
1595 2594 1739 2621 Provinci:

955 2644 1156 2679 llrynupoleos.
1205 2643 1341 2671 Similiter
1384 2644 1526 2678 provincia
1573 2641 1739 2677 Dyavoleos.

993 2725 1050 2761 (Gl)
1066 2725 1193 2753 Editores
1203 2725 1300 2753 volunt
1313 2734 1320 2752 :
1336 2724 1516 2754 Venetiarum
1529 2737 1563 2742 —
1575 2722 1742 2757 ﬁdelissimo-

958 2769 1050 2831 mi’t'i'i)
1065 2795 1253 2830 Geographiea
1265 2794 1369 2829 optime
1385 2792 1534 2831 illustravit
1550 2792 1673 2821 'l'afelius
1687 2793 1706 2821 Ι.
1720 2793 1740 2822 1.

960 2832 987 2858 in
999 2831 1235 2862 adnotationibus.
1252 2838 1321 2865 quas
1338 2830 1460 2857 consule.

1569 2906 1605 2936 16
