3942 6250
469 319 570 386 ΖΜ

475 436 757 491 i’rovincia
831 436 1078 491 Colonie.
1165 432 1454 488 Provincia
1540 433 1846 502 Aehrydos.

479 528 654 582 vincia
734 529 960 597 Prespe.
1043 525 1331 582 Provincia
1411 524 1679 580 Castoric.
1764 523 2053 578 Provincia

479 619 730 674 Servion.
773 618 1062 673 Provincia
1103 617 1357 673 Triadice
1391 627 1450 672 et
1497 615 1865 672 Vvelsvusdii.
1922 615 2057 669 Pro-

479 710 657 764 vineia
695 711 806 763 Nisi
869 719 924 765 et
957 709 1275 766 Vranisove.
1337 708 1621 762 Provincia
1681 708 1878 776 Scopie
1932 723 2054 761 cum

480 800 750 870 episkcpsi
808 801 1056 856 Coriton.
1115 801 1398 856 Provincia
1430 800 1718 870 Sagorion.
1769 799 2055 854 Provincia

478 895 755 950 Malesovii
801 907 857 950 et
881 895 1216 950 Morovisdii.
1275 894 1560 949 Provincia
1597 893 1892 949 Struniice.
1922 894 2058 948 Pro-

483 989 658 1042 vincia
732 989 934 1057 Prilapi
1004 997 1059 1042 et
1119 987 1408 1057 Pelagonic
1479 1001 1541 1041 ac
1615 985 1879 1056 Molyscii,
1958 1001 2061 1040 nec

481 1094 592 1133 non
660 1087 716 1134 et
777 1079 1055 1149 Mogreno.
1113 1077 1396 1132 Provineia
1454 1077 1646 1132 Verias
1705 1092 1830 1131 cum
1914 1085 2062 1131 cate-

485 1171 703 1240 panikio
727 1171 898 1226 Cetri.
929 1170 1216 1225 Provincia
1241 1170 1449 1233 Voleri,
1485 1169 1793 1223 Strimonos
1815 1178 1870 1223 et
1897 1169 2064 1223 Thes-

482 1264 772 1317 salonices.
819 1263 1104 1316 Provineia
1139 1260 1436 1331 Nicopulon
1490 1277 1615 1316 eum
1679 1260 2064 1330 episkepsibus

483 1357 539 1408 in
595 1370 658 1408 ea
697 1354 1065 1407 existentibus
1129 1353 1536 1422 personalibns,
1591 1351 1980 1406 ecclesiasticis
2009 1360 2065 1405 et

485 1447 988 1510 monasterialibus,
1027 1454 1082 1500 et
1134 1450 1258 1500 cum
1293 1447 1427 1515 ipsis
1449 1443 1831 1514 episkepsibus
1879 1442 2064 1513 subia-

483 1537 738 1591 centibus
764 1537 970 1591 intimis
991 1536 1652 1605 eonsanguineisimperii
1685 1535 1813 1600 mei,
1852 1549 2067 1604 semper

486 1627 816 1683 felicissimis
839 1627 1373 1683 sevastoeratoribus
1395 1627 1691 1684 Cesaribus
1747 1638 1803 1684 et
1847 1629 2067 1686 dilectis

487 1720 702 1790 imperii
759 1721 865 1774 mei
917 1719 1150 1783 ﬁliabus,
1181 1736 1245 1775 ac
1284 1721 1755 1776 desideratissime
1787 1722 1890 1791 ipsi
1938 1737 2062 1777 mee

1734 317 1976 377 iSAACI
2019 314 2303 377 ANGELI
2348 316 2500 378 IMP.

3621 312 3721 376 W2

1919 432 2054 486 Pro-
2081 434 2131 492 Α
2156 432 2225 486 ab
2258 433 2303 486 is
2339 431 2545 502 aliquid
2579 431 2648 486 ab
2674 433 2859 502 aliquo
2893 432 3226 502 requiretur.
3253 431 3427 484 Immo
3470 431 3650 500 quiete
3669 442 3722 486 ct

2157 527 2275 579 sine
2317 526 2500 594 aliqua
2549 525 2769 580 datione
2801 527 2982 579 omnis
3023 524 3327 596 [regiones]
3380 525 3598 594 imperii
3628 529 3724 578 mei

2159 619 2490 680 transibunt,
2529 627 2586 672 et
2616 633 2720 673 nec
2756 633 2864 688 que
2892 620 2957 672 al)
2975 620 3056 673 eis
3085 618 3470 672 conducentur
3505 619 3726 672 samaria

2158 709 2242 762 vel
2281 711 2540 777 plaustra,
2592 709 2677 762 vel
2718 709 2812 777 qui
2845 709 2927 763 eis
2984 706 3298 763 servierunt
3345 705 3616 779 agOgtate,
3646 724 3727 762 rc-

2159 802 2452 870 quircntur
2491 802 2740 872 aliquid;
2776 817 2876 856 nec
2927 802 3018 871 qui
3081 801 3164 856 eis
3221 801 3461 870 aliquam
3496 803 3724 870 speciem

2160 893 2511 948 vendiderint
2542 894 2624 947 vel
2652 893 2721 947 ab
2746 895 2828 948 eis
2850 893 3107 957 emerint,
3144 893 3436 963 exigentur
3462 907 3727 947 commer-

2161 986 2304 1040 cium
2334 1001 2433 1055 pro
2468 986 2556 1040 illa
2604 986 2697 1040 tali
2732 987 2913 1057 specie
2947 986 3032 1040 vel
3068 983 3386 1054 pratikium,
3438 984 3586 1054 quod
3639 985 3729 1038 de-

2162 1076 2316 1130 beret
2347 1078 2598 1147 accipere
2634 1078 2798 1133 ﬁscus
2835 1079 2921 1132 vel
2955 1085 3174 1146 praetor
3207 1077 3359 1132 illius
3395 1077 3654 1146 regionis,
3679 1077 3729 1130 in

2162 1184 2269 1238 qua
2303 1169 2360 1223 lit
2391 1169 2675 1235 mercatio,
2707 1171 2810 1223 nisi
2836 1169 3113 1224 Veneticis
3139 1169 3242 1223 hoc
3264 1170 3620 1228 venderctur,
3645 1170 3731 1220 sed

2165 1261 2484 1315 hominibus
2541 1264 2926 1315 commeriium
2987 1262 3120 1316 dare
3152 1261 3506 1315 debentibus.
3562 1261 3735 1316 Plat-et

2163 1353 2311 1408 enim
2347 1353 2578 1423 imperio
2611 1369 2754 1416 meo,
2783 1355 2992 1406 nullum
3049 1369 3265 1417 eorum,
3306 1353 3400 1421 qui
3449 1352 3556 1406 sub
3592 1363 3735 1421 poti--

2166 1454 2304 1499 state
2354 1444 2566 1514 imperii
2601 1445 2973 1499 Romanorum
3033 1455 3163 1500 sunt
3189 1455 3244 1498 et
3293 1460 3419 1499 cum
3467 1445 3736 1498 Veneties

2167 1547 2502 1600 mereantur,
2541 1538 2595 1591 in
2650 1537 2912 1591 omnibus
2973 1537 3293 1607 regionibus
3348 1535 3570 1605 imperii
3615 1537 3733 1594 mei.

2168 1630 2282 1684 sive
2312 1645 2434 1684 cum
2478 1630 2558 1684 eis
2589 1629 2902 1684 vendiderit
2948 1639 3042 1682 aut
3075 1629 3212 1683 adeo
3246 1642 3370 1682 cum
3419 1627 3608 1696 aliquo
3637 1627 3731 1679 aii-

2170 1721 2300 1791 quid
2341 1722 2558 1782 emerit,
2611 1721 2741 1775 dare
2774 1721 3068 1790 quicquam
3128 1735 3227 1789 pro
3272 1719 3609 1772 commercio
3657 1720 3734 1771 vel

483 1789 746 1881 Auguste.
805 1811 988 1866 Insula
1051 1811 1332 1884 Coryphy,
1394 1813 1703 1882 Kephalini,
1783 1789 2059 1878 Zakintos,
2101 1789 2142 1845 θ
2171 1789 2270 1884 pro
2301 1813 2482 1882 aliqua
2529 1813 2632 1866 alia
2664 1789 2994 1878 exactione;
3051 1811 3144 1865 sed
3201 1825 3298 1865 eos
3344 1825 3469 1866 esse
3518 1811 3736 1871 liberos,

487 1903 721 1967 Leukas,
765 1905 961 1961 lthaki.
1003 1905 1170 1960 Orion
1233 1906 1432 1960 Patron
1464 1917 1520 1962 et
1572 1907 1866 1962 Methonis.
1896 1907 2063 1962 Orion

483 1994 985 2067 Corinthii,Argus
1010 2006 1066 2051 et
1125 1995 1367 2067 Nauplii.
1406 1999 1571 2052 Orion
1632 2000 1946 2054 Thebarum
2010 2009 2067 2055 et

491 2087 721 2156 Euripii,
777 2103 903 2143 cum
939 2089 1134 2144 insulis
1198 2089 1384 2143 Andro
1428 2101 1484 2145 et
1510 2090 1744 2156 Caristo,
1776 2094 1906 2158 Keo,
1941 2093 2067 2146 Milo

487 2179 619 2232 etin
645 2180 847 2234 ceteris
872 2180 1090 2244 insulis,
1119 2194 1226 2249 que
1259 2181 1363 2236 sub
1387 2181 1560 2237 Antro
1590 2192 1720 2237 sunt
1749 2183 2062 2238 etCaristo.

492 2269 912 2327 Dodcconissos.
976 2271 1272 2325 Mitilinim.
1324 2272 1512 2328 Chios.
1565 2273 1778 2329 Samos.
1862 2275 2063 2331 Rodos.

490 2360 614 2414 Kos.
681 2361 972 2415 Strovilos.
1026 2361 1184 2414 Kriti.
1219 2362 1437 2430 Kipros.
1488 2364 1651 2418 Orion
1705 2366 2062 2420 Athenarum.

494 2452 778 2506 Provincia
835 2453 1206 2507 Velechative.
1276 2454 1562 2508 Provincia
1608 2456 1884 2510 Valachie.
1937 2457 2068 2526 Epi-

489 2542 702 2613 skepsis
739 2544 1109 2598 Dimitriados.
1148 2544 1266 2598 Duo
1307 2544 1537 2599 Almeri.
1575 2545 1891 2616 Episkepsis
1937 2545 2070 2602 Cre-

491 2633 759 2689 vennicon
807 2643 863 2688 et
926 2634 1208 2688 Fersalon.
1240 2633 1558 2705 Episkepsis
1595 2635 1836 2691 Domocu
1871 2647 1928 2692 et
1959 2639 2066 2692 Ve-

490 2726 661 2781 senis.
691 2725 1078 2781 Chartularata
1112 2726 1335 2792 Ezeros,
1367 2727 1840 2798 Dobrochuvysta,
1871 2739 1923 2784 et
1959 2747 2068 2800 que

489 2817 595 2871 sub
651 2817 768 2886 ipsa
831 2825 959 2871 sunt
1003 2817 1150 2871 ville.
1204 2817 1440 2872 Tricaia.
1499 2818 1786 2874 Provineia
1829 2819 2065 2876 Larisse.

490 2905 806 2976 Episkepsis
845 2906 1212 2959 l’latatnonos.
1268 2905 1560 2960 Provincia
1591 2905 1828 2962 Thrakis
1864 2918 1920 2962 et
1957 2908 2070 2962 Ma-

493 2998 744 3063 cedonio,
779 3007 971 3066 etque
1005 2998 1058 3051 in
1103 3012 1169 3051 ea
1209 3005 1338 3052 sunt
1389 2997 1746 3070 [cpiskepses]
1781 3001 2066 3070 physcales

493 3098 549 3144 et
605 3087 942 3157 personales.
1026 3086 1346 3156 Episkepsis
1398 3089 1746 3144 Kerovaehii.

493 3177 809 3248 Episkepsis
872 3176 1039 3230 Zurlii
1104 3185 1160 3232 et
1213 3177 1684 3248 Theodorupleos.
1751 3180 2071 3250 Episkcpsis

494 3271 758 3332 Mcssinis,
791 3269 1228 3338 Archadiupieos
1255 3279 1310 3324 et
1341 3271 1754 3341 Vulgarophigi.
1782 3273 2068 3327 Provincia

489 3363 826 3418 Cherunissi.
851 3365 1137 3418 Pruvincia
1156 3363 1560 3434 Adrianupieos
1589 3377 1645 3421 et
1677 3368 2065 3439 Didymotichi.

495 3456 774 3510 Provincia
796 3456 1439 3510 Braiicliialii.Proviucia
1461 3457 1829 3528 Phylipuleos,
1847 3460 2070 3529 Veroys,

495 3547 672 3600 Moras
690 3547 1057 3601 etArchridii.
1080 3548 1366 3601 Provincia
1389 3547 1716 3604 Mesothinie
1756 3550 2075 3620 Episkepsis

497 3641 817 3694 Damalrios.
844 3641 1098 3696 Povincia
1115 3641 1457 3705 Nicomedie,
1479 3642 1794 3714 Episkcpsis
1813 3644 2074 3698 Pillarum

495 3741 552 3785 et
589 3733 823 3786 Pithion.
856 3733 1142 3786 Provincia
1189 3733 1414 3802 Opsikin
1468 3745 1523 3790 et
1555 3736 1736 3806 Eegeu
1781 3753 1906 3791 cum
1953 3737 2076 3804 cpi-

500 3823 677 3892 skepsi
703 3824 943 3892 Lopadiu
971 3835 1028 3878 et
1053 3825 1454 3893 Appoloniade.
1486 3825 1772 3881 Provincia
1798 3827 2072 3880 Achcrau.

503 3916 786 3969 l’rovincia
817 3919 1100 3986 Atramyti.
1132 3918 1417 3971 Provincia
1456 3919 1655 3972 Milasis
1677 3931 1733 3973 et
1759 3918 2074 3972 Melanudii.

503 4005 787 4059 Provincia
845 4005 1115 4060 Meandri.
1161 4006 1454 4061 Provincia
1506 4006 1907 4061 Neochastron.
1941 4008 2077 4061 Pro-

503 4097 679 4153 vincia
722 4098 1146 4169 Phyladelphyc.
1186 4099 1472 4154 Provincia
1511 4097 1733 4164 Attalie,
1782 4099 2037 4154 Seleukie
2061 4141 2075 4160 ,

501 4193 844 4256 Antiochiae,
883 4191 1142 4246 Laudikic
1168 4208 1183 4256 ;
1209 4202 1264 4246 et
1290 4208 1464 4261 usque
1494 4192 1664 4260 ipsam
1691 4191 2075 4259 Antiochiam;

501 4297 555 4339 et
582 4286 904 4353 simpliciter
950 4286 1002 4338 in
1058 4287 1207 4338 omni
1248 4293 1588 4351 tenumcnto,
1623 4285 1771 4354 quod
1819 4286 1922 4340 sub
1953 4302 2076 4342 meo

1825 3089 2063 3146 Silivria.
2097 3072 2140 3131 θ

2171 1916 2446 1976 tamquam
2483 1915 2537 1961 et
2562 1906 2684 1974 ipsi,
2709 1907 2800 1974 qni
2833 1905 3224 1960 commercium
3257 1903 3389 1957 dare
3413 1903 3737 1957 debentibus

2169 2009 2506 2053 mercantur.
2541 1998 2596 2052 Si
2623 2000 2747 2068 quis
2778 2013 2907 2052 vero
2938 2012 3106 2051 ausus
3140 1997 3308 2050 fuerit
3341 1997 3395 2050 in
3426 1996 3614 2066 aliquo
3644 2011 3736 2049 eos

2171 2093 2498 2161 inquietare,
2529 2093 2613 2146 vel
2650 2091 2860 2162 aliquid
2903 2092 2969 2146 ab
2996 2092 3077 2146 eis
3127 2091 3366 2155 auferre,
3418 2105 3526 2160 qua
3557 2105 3737 2158 magna

2170 2183 2248 2238 ira
2282 2185 2495 2253 imperii
2525 2184 2632 2238 mei
2657 2185 2764 2238 erit
2793 2182 3158 2245 infestandus,
3194 2192 3250 2237 et
3277 2180 3423 2251 quod
3440 2180 3735 2235 auferetur.

2172 2275 2228 2329 in
2279 2275 2646 2344 quadruplum
2717 2274 3058 2329 redditurus.
3117 2275 3187 2329 Et
3245 2274 3351 2328 hec
3403 2273 3627 2342 quidem
3677 2273 3738 2326 de

2171 2367 2422 2420 libertate
2447 2366 2912 2420 ﬁdellissimorum
2936 2365 3300 2434 imperiomeo
3325 2363 3736 2417 Veneticorum.

2169 2475 2331 2529 quam
2369 2459 2423 2512 in
2466 2458 2616 2511 oruni
2647 2467 2969 2511 tenumento
3017 2456 3232 2527 imperii
3290 2458 3396 2510 mei
3442 2455 3737 2510 habebunt.

2241 2552 2488 2620 Insuper,
2516 2549 2770 2621 quoniam
2807 2549 3031 2618 quidem
3059 2551 3169 2619 jam
3195 2547 3328 2602 dicti
3385 2548 3552 2618 legati
3599 2563 3729 2616 pru-

2170 2643 2474 2697 dentiss'mi
2527 2641 2774 2706 Venetie,
2808 2641 3003 2695 Petrus
3034 2640 3265 2694 Michael
3324 2648 3380 2693 et
3415 2639 3741 2694 Octavianus

2170 2735 2451 2802 Quirinus,
2494 2736 2804 2790 retulerunt
2855 2734 3087 2804 imperio
3128 2750 3268 2796 meo,
3341 2735 3470 2802 quia
3523 2749 3588 2788 ex
3639 2748 3740 2786 non

2170 2831 2378 2897 scripto
2427 2843 2599 2897 usque
2659 2836 2716 2882 et
2762 2841 2910 2881 nunc
2958 2827 3139 2882 causis
3180 2827 3420 2880 inductis
3443 2825 3513 2879 ab
3565 2825 3742 2892 aliquo

2171 2920 2473 2974 Grecorum
2536 2931 2731 2974 contra
2789 2919 3029 2986 aliquem
3092 2917 3442 2982 Veneticum,
3491 2931 3520 2970 a
3571 2916 3742 2985 legato

2173 3012 2400 3067 Venetic
2429 3027 2528 3082 per
2561 3022 2806 3080 tempora
2831 3011 2883 3062 in
2918 3023 3111 3079 magna
3140 3011 3276 3062 urbe
3299 3007 3570 3062 existente
3597 3006 3740 3074 judi-

2174 3103 2310 3158 eatis
2337 3113 2391 3156 et
2420 3100 2634 3166 solutis,
2663 3099 2945 3154 interdum
2999 3099 3224 3169 quidam
3272 3097 3577 3152 Grecorum
3631 3097 3718 3164 qui

2179 3195 2407 3250 busdam
2455 3194 2702 3248 civilium
2758 3193 3002 3263 iudicum
3046 3192 3127 3246 vel
3177 3191 3230 3245 in
3288 3191 3492 3260 palatio
3539 3190 3741 3258 imperii

2179 3289 2282 3342 mei
2312 3285 2742 3341 custodientium
2783 3286 3111 3339 accedentes
3150 3281 3524 3336 adtractiones
3547 3281 3747 3349 gravis-

2175 3380 2345 3434 simas
2387 3378 2746 3433 lidellissimls
2772 3377 3008 3447 imperio
3041 3391 3161 3429 meo
3195 3374 3474 3429 Veneticis
3503 3373 3747 3442 superin-

2178 3474 2405 3531 ducunt,
2437 3481 2492 3525 et
2527 3471 2580 3523 in
2607 3485 2886 3524 carcerem
2917 3468 3240 3521 rctrudieos
3272 3467 3509 3527 faciunt,
3543 3476 3600 3520 et
3632 3480 3740 3518 om-

2179 3564 2344 3616 nibus
2401 3562 2524 3616 aliis
2580 3561 2951 3616 dcdecoribus
3011 3559 3221 3623 subici;
3273 3557 3553 3627 deprecati
3623 3569 3743 3609 sunt

2179 3656 2344 3726 igitur
2371 3653 2662 3723 imperium
2694 3669 2898 3716 meum,
2961 3661 3017 3704 ut
3044 3661 3099 3706 et
3155 3652 3257 3704 tale
3300 3648 3604 3718 capitulum
3657 3663 3715 3716 pc

2178 3759 2406 3814 presens
2435 3743 2825 3809 chrysobulum
2858 3745 3082 3795 verbum
3108 3739 3323 3809 imperii
3353 3739 3459 3792 mei
3487 3738 3744 3800 soiva:ur,

2177 3843 2233 3888 et
2263 3835 2598 3888 concedatur
2633 3833 2733 3896 eis,
2767 3833 2914 3902 quod
2937 3831 3114 3886 Greco
3140 3831 3364 3901 quidem
3397 3838 3590 3882 contra
3645 3829 3742 3882 Ve-

2181 3931 2418 3978 neticum
2449 3934 2642 3992 agente
2674 3924 2727 3976 in
2755 3923 3060 3992 peecuniali
3087 3937 3275 3987 causa,
3300 3937 3330 3976 a
3365 3921 3543 3992 legato
3573 3920 3747 3975 Vene-

2182 4018 2278 4082 tic,
2321 4019 2414 4087 qui
2473 4029 2602 4071 tunc
2639 4018 2690 4070 in
2737 4032 2929 4086 magna
2976 4017 3081 4070 erit
3113 4015 3270 4079 urbe,
3311 4014 3585 4084 judicium
3639 4012 3744 4066 ﬁeri

2181 4108 2413 4173 debeat;
2481 4107 2746 4161 Venetico
2802 4122 2935 4160 vero
2975 4115 3168 4160 contra
3212 4106 3450 4160 Grecum
3503 4104 3748 4160 similiter

2181 4210 2399 4269 agente,
2454 4200 2497 4254 si
2553 4199 2796 4269 quidem,
2839 4198 2936 4268 qui
2995 4207 3126 4253 tunc
3171 4198 3337 4252 fuerit
3398 4196 3748 4251 cancellarius

2183 4293 2268 4346 vie
2295 4293 2427 4361 (63).
2484 4291 2537 4345 in
2576 4307 2767 4360 magna
2820 4292 2956 4345 urbe
2991 4291 3171 4354 iverit,
3239 4291 3382 4360 apud
3434 4306 3562 4344 eum
3592 4303 3747 4342 causa

419 4388 421 4390 ·
501 4393 580 4430 est
615 4378 866 4446 imperio,
897 4378 1014 4431 sive
1067 4392 1225 4432 secus
1252 4377 1384 4431 litus
1444 4387 1540 4430 aut
1567 4377 1709 4432 infra
1763 4386 1989 4435 terram.
2020 4379 2076 4433 ln
2109 4386 2393 4472 Dmovcri
2425 4394 2482 4438 et
2525 4385 2761 4455 judicari
2797 4384 3038 4438 debeat:
3087 4383 3132 4437 si
3179 4399 3312 4437 vero
3359 4383 3504 4439 forte
3555 4382 3664 4453 ipse
3697 4383 3746 4435 in

505 4470 768 4523 omnibus
818 4470 964 4523 enim
1002 4469 1200 4523 talibus
1249 4469 1568 4539 regionibus
1618 4469 1835 4540 imperii
1885 4471 1992 4525 mei
2025 4483 2082 4525 et

463 4591 466 4594 -
510 4561 796 4624 Romanic,
830 4560 912 4614 vel
953 4561 1224 4629 phisealcs
1270 4561 1382 4614 sint
1414 4571 1512 4614 aut
1575 4561 1948 4616 ecclesiastice
1993 4563 2079 4616 vel

507 4653 754 4721 subjeCIe
780 4655 1011 4707 secretis
1043 4670 1320 4708 sacrarum
1360 4655 1622 4708 dontnum
1663 4667 1759 4710 aut
1789 4656 1923 4725 ipsis
1953 4655 2082 4708 inti-

511 4743 614 4796 mis
651 4744 896 4812 cognatis
952 4746 1167 4813 imperii
1200 4745 1328 4810 mei,
1370 4761 1468 4814 per
1494 4749 1678 4800 omnia
1728 4745 2083 4801 fellicissimis

512 4837 1044 4893 sevastocratoribus
1075 4847 1131 4891 et
1158 4837 1473 4899 Cesaribus,
1520 4839 1656 4907 ipsis
1690 4838 1907 4892 dilectis
1940 4836 2080 4892 lilia-

513 4930 615 4982 bns
649 4929 860 4998 imperii
902 4929 1030 4992 mei,
1071 4944 1172 4983 nec
1203 4945 1311 4983 non
1333 4938 1389 4983 ct
1418 4929 1521 4998 ipsi
1571 4944 1689 4982 mce
1728 4928 2086 4982 dilectissime

512 5023 777 5091 Auguste,
809 5023 928 5077 sine
959 5023 1352 5093 impedimento
1382 5029 1547 5075 erunt
1578 5029 1906 5082 mcrcantes.
1937 5031 1992 5076 ct
2033 5022 2086 5075 in

516 5117 629 5187 ipsa
658 5121 823 5172 etiam
872 5117 1090 5170 urbium
1147 5119 1332 5185 regina
1393 5115 1599 5168 nullam
1659 5115 1985 5168 mollestiam
2019 5116 2089 5169 ab

516 5213 696 5281 aliquo
728 5211 1081 5275 sustinentes,
1141 5226 1241 5264 nec
1283 5208 1447 5263 etiam
1467 5224 1530 5261 ex
1567 5217 1680 5261 toto
1705 5224 1878 5277 usque
1918 5224 2087 5264 unum

515 5305 736 5356 obolqu
764 5318 863 5372 pro
890 5301 1222 5356 commercio
1253 5300 1336 5354 vel
1358 5302 1608 5368 passagio
1632 5300 1714 5353 vel
1738 5301 2089 5355 samariatico

518 5396 601 5449 vei
651 5396 930 5450 scaliatieo
975 5395 1057 5448 vel
1116 5393 1425 5462 portuatico
1480 5393 1564 5446 vel
1622 5409 1720 5462 pro
1754 5393 1939 5462 aliquo
1980 5395 2088 5448 alio

517 5491 755 5560 capitulo
784 5487 1076 5558 requisiti;
1113 5487 1342 5539 eandem
1378 5484 1542 5539 etiam
1578 5485 1888 5540 libertatein
1922 5487 2084 5540 habe-

515 5584 654 5639 bunt
673 5597 729 5642 ct
757 5585 828 5640 ab
862 5583 943 5640 eis
973 5580 1242 5636 conducta
1273 5579 1506 5634 samaria
1531 5587 1587 5634 et
1617 5579 1881 5647 plaustra,
1909 5587 1964 5632 ct
1991 5593 2088 5632 uec

2187 4493 2378 4548 magna
2417 4478 2552 4532 urbe
2579 4493 2686 4531 non
2725 4476 2913 4539 fuerit,
2943 4484 3074 4530 tunc
3101 4475 3244 4545 apud
3299 4491 3556 4546 magnum
3607 4476 3746 4545 loga-

2185 4571 2409 4623 riastam
2435 4584 2596 4622 cause
2623 4567 2942 4637 iudicentur
2967 4585 2983 4620 :
3011 4567 3252 4636 graviter
3290 4567 3516 4636 quidem
3575 4567 3742 4634 impe-

2187 4658 2326 4711 rium
2356 4673 2536 4711 meum
2575 4658 2738 4709 talem
2768 4670 2961 4709 eorum
2997 4655 3212 4725 accepit
3241 4665 3298 4709 et
3337 4657 3667 4726 peticionem
3697 4665 3744 4709 et

2185 4765 2253 4802 ex
2285 4758 2398 4802 toto
2437 4748 2500 4801 ad
2531 4749 2650 4817 ejus
2696 4748 3154 4816 complementum
3213 4762 3462 4802 annucre
3515 4747 3744 4801 nolebat.

2192 4840 2297 4894 Sed
2325 4839 2584 4910 quoniam
2624 4841 2796 4894 multa
2857 4841 3125 4896 instancia
3180 4841 3544 4910 predeclarati
3594 4838 3743 4909 legati

2183 4932 2252 4986 ad
2309 4931 2599 5002 imperi-um
2645 4948 2824 4984 meum
2880 4932 3150 4996 fecerunt,
3184 4941 3344 4986 etne
3393 4932 3515 4985 talis
3566 4944 3744 4985 eorum

2184 5027 2501 5094 deprecatio
2532 5039 2642 5078 non
2668 5025 3048 5089 exaudiretur,
3096 5023 3305 5093 magnis
3339 5024 3592 5092 precibus
3617 5036 3712 5088 sup

2185 5118 2550 5186 plieavernnl,
2577 5125 2635 5170 ut
2657 5117 2762 5170 hoc
2789 5117 2905 5169 solo
2927 5115 3164 5185 capitulo
3194 5128 3451 5184 separare
3481 5113 3743 5170 Venetiam

2188 5227 2216 5263 a
2250 5209 2514 5264 Bouiania
2548 5209 2785 5270 valente,
2828 5207 3116 5276 imperium
3149 5222 3330 5261 meum
3354 5222 3544 5276 puram
3595 5206 3720 5258 ﬁdei:

2190 5310 2246 5356 et
2298 5302 2496 5355 bonam
2533 5300 2719 5354 circha
2772 5299 3096 5354 Romaniam
3153 5299 3383 5354 Venetie
3426 5299 3724 5352 voluntaten

2193 5408 2302 5446 non
2333 5393 2608 5463 ignorans,
2653 5391 2876 5459 insuper
2909 5399 2960 5443 et
2991 5389 3490 5458 prcdeclaratorum
3520 5387 3713 5458 pruden

2196 5487 2532 5540 tissimorum
2558 5485 2786 5538 Venetia
2827 5484 3152 5552 legatorum,
3190 5481 3338 5535 Petri
3382 5480 3650 5535 Michaelis
3698 5497 3709 5524 ι

2195 5577 2481 5631 Octaviani
2524 5574 2765 5640 Quirini,
2829 5590 3024 5643 magno
3059 5574 3322 5628 instantic
3381 5589 3444 5626 ac
3492 5570 3720 5640 suppliczi

588 5749 698 5819 (63)
751 5746 1053 5817 Logotheta
1116 5743 1294 5800 dromi
1345 5743 1577 5799 indicari
1639 5743 1876 5798 videtur.
1935 5739 2077 5794 Infra
2125 5757 2142 5788 ‹
2173 5737 2270 5792 Vie
2301 5735 2599 5804 logothcta.
2637 5753 2656 5786 ι
