1971 3125
128 166 181 200 693

654 165 847 196 ΝΟΥΕΙᾸΛΕ
867 164 1206 196 (ΞΟΝΞἯΤΗΤΙὉΠΕΞ.

1022 86 1049 94 -4

1693 162 1747 197 (9L

128 223 193 252 tioni
210 221 350 253 inﬂexum,
367 220 485 256 precipit
499 219 573 256 [per]
585 228 700 255 presens
719 219 953 256 cbrysobulumA
968 220 1043 248 tione
1060 221 1132 249 inter
1158 222 1276 249 Grecam
1290 226 1319 250 et
1341 221 1503 249 Veneticum
1529 221 1665 249 existente
1687 229 1746 249 mo-

129 270 250 299 vcrbum,
271 267 345 303 quod
369 267 459 295 Greco
474 267 585 301 quidem
602 271 697 294 eontra
713 267 873 295 Veneticum
884 265 911 292 in

130 314 300 350 peccuniaria
312 321 393 341 causa
401 317 509 348 agente,
519 313 634 347 legatus,
644 313 690 348 qui
699 321 747 347 per
755 318 878 347 tempora
885 312 913 338 in

129 368 221 396 magna
236 360 306 387 urbe
330 360 394 391 erit,
413 360 466 387 tale
486 359 621 394 judicium
644 363 853 394 perscrutetnr;
886 364 913 385 et

129 407 227 441 scripto
239 406 350 440 quidem
363 406 550 432 demonstrato
563 413 577 431 ιι
593 405 679 432 Greco
695 405 828 431 tavulatio
837 413 913 431 com-

130 454 226 488 posito,
235 451 385 480 certiilcato
396 453 479 479 etiam
493 452 526 478 al)
539 452 629 486 aliquo
640 452 763 486 judicunt
776 451 828 479 veli
837 452 912 485 etepi

131 504 158 525 tu
172 498 330 534 yppodromi
350 497 393 523 vel
419 497 581 523 semiomate
600 497 715 530 alicujus
727 497 912 530 predictorum

130 544 259 577 judicum,
273 547 319 569 aut
334 547 362 570 et
374 543 408 569 ab
423 541 515 576 aliquo
536 542 696 576 pontiﬁcum
713 542 754 567 vel
767 541 800 568 ab
822 541 913 575 aliqum

134 588 263 616 lavulario
284 588 325 615 vel
349 587 452 621 judice,
481 594 530 621 per
555 594 636 620 quem
665 585 739 620 apud
768 585 913 612 Vettcticos

131 635 239 670 dignum
255 633 306 660 ﬁde
327 633 470 663 habeatur,
496 631 646 658 secundum
667 631 822 666 ltujusmodi
843 631 912 657 seri-

131 680 167 716 pti
176 677 440 713 conprehensionem
452 675 617 703 decisionetn
631 684 712 704 cause
723 676 912 710 superinduei.

131 724 173 753 Sic
187 723 354 758 etiamquod
371 731 418 757 per
439 722 642 756 qualecumque
668 726 777 755 tempus
800 729 814 747 a
833 721 914 748 nobi-

131 771 230 798 lissimo
245 774 272 796 et
290 768 404 803 imperio
416 775 478 794 ttteo
499 767 660 793 ﬁdelissimo
684 771 872 801 protosevasto
886 771 915 793 et

130 817 195 843 duce
211 814 323 842 Venetie
340 813 373 840 ad
389 820 514 845 magnam
531 812 626 839 urbem
657 812 781 838 mittetur
798 811 912 844 legatus,

130 867 156 889 et
168 862 213 896 qui
224 861 320 888 subeo
332 860 450 894 judices.
461 859 553 885 statim
569 863 629 893 post
641 858 667 884 in
680 866 804 892 magnam
818 858 913 884 urbem

131 915 221 935 eorum
257 906 400 933 introitum
427 905 536 932 ostendi
568 904 689 931 debeant
704 905 741 935 ei,
770 905 816 938 qui
850 909 915 930 tttttc

130 955 182 982 erit
199 955 240 980 tie
256 953 445 983 cancellarius,
465 957 512 979 aut
524 952 546 978 si
564 952 622 986 ipse
651 956 715 978 tunc
736 951 915 977 cancellarius

133 1005 195 1027 tunc
212 1000 240 1027 in
272 998 511 1032 Constantinopoli
538 1006 592 1024 non
615 997 708 1028 fuerit,
725 997 760 1028 ei,
777 997 824 1031 qui
849 1001 915 1024 tunc

131 1045 182 1072 erit
203 1051 319 1079 magnus
336 1043 481 1078 logariasta
496 1051 503 1075 ;
526 1047 554 1070 et
571 1043 604 1069 ab
622 1050 655 1068 eo
669 1042 768 1069 debeat
794 1042 864 1069 mitti
882 1041 915 1068 ad

130 1090 271 1117 ecclesiam
289 1088 482 1116 Veneticorum
498 1095 547 1122 per
565 1095 695 1122 magnum
724 1087 914 1121 interpretem,

135 1135 172 1162 vel
183 1135 205 1162 si
235 1134 288 1169 ipsi
316 1141 371 1160 non
399 1133 492 1164 fuerit,
515 1141 564 1168 per
589 1133 708 1166 aliquem
735 1133 811 1159 curic
831 1133 914 1158 alium

134 1180 320 1214 interpretem,
349 1182 377 1205 et
393 1185 442 1212 per
456 1185 541 1204 unum
556 1184 664 1206 eoruttt,
678 1175 725 1209 qui
752 1175 915 1201 cancellnric

133 1225 240 1259 scriptis
268 1223 440 1254 deserviunt,
467 1226 515 1249 aut
544 1230 592 1256 per
615 1221 914 1260 unum-secreticorum

134 1269 218 1304 magni
242 1268 417 1303 logariastae,
428 1267 450 1294 si
478 1265 539 1294 talis
551 1266 716 1301 gramalieus
728 1269 793 1291 tuttc
804 1273 915 1299 presens

132 1323 183 1343 non
200 1315 303 1347 fuerit;
319 1319 346 1341 et
361 1314 387 1340 in
401 1313 492 1340 medio
509 1313 595 1347 ipsius
610 1312 803 1339 Venetieorum
829 1311 916 1338 cci-lc—

133 1362 170 1389 sic
184 1362 210 1388 in
224 1360 394 1388 audientiam
410 1360 498 1386 tocius
513 1357 693 1392 plenitudinis
720 1357 914 1384 Veneticorum

135 1414 194 1435 tunc
203 1408 229 1434 in
239 1404 477 1439 Constantinopoli
490 1404 666 1431 existentium
680 1403 798 1430 debeant
808 1403 913 1437 jurare,

133 1454 200 1488 quod
216 1458 291 1480 recte
310 1456 338 1480 et
350 1452 423 1486 jttste
435 1455 462 1477 et
477 1451 536 1478 sine
545 1450 719 1483 susceptione
735 1456 914 1483 personarum

133 1500 171 1527 vel
186 1499 302 1534 alicujus
316 1498 380 1525 doni
395 1497 450 1524 dati
464 1497 506 1524 vel
522 1496 647 1531 promissi
657 1495 766 1530 juditia,
779 1502 832 1529 que
843 1494 916 1521 ittter

970 271 1067 293 veatur
1086 274 1179 298 causa,
1196 276 1293 303 magna
1302 268 1412 303 quidem
1423 267 1560 295 existente
1574 267 1711 295 seditione
1719 271 1747 295 ιι

966 311 1003 338 ad
1019 312 1223 339 multitudinem
1238 313 1355 341 deventa
1378 317 1407 340 et
1420 312 1453 340 ad
1469 313 1649 340 homicidium
1676 312 1748 339 forte

966 357 1146 391 perveniente
1164 362 1212 384 aut
1228 365 1339 392 magnas
1363 358 1467 393 plagas,
1487 362 1553 385 tunc
1567 357 1750 385 cancellarius

971 402 1025 432 vie,
1041 402 1084 428 vel
1099 409 1132 428 eo
1148 410 1163 428 a
1186 410 1282 437 magna
1306 402 1373 429 urbe
1392 403 1520 433 absente,
1548 407 1614 430 tunc
1635 410 1749 437 presens

965 448 1022 481 (ﬁt)
1048 447 1076 474 in
1103 448 1203 482 palatio
1238 448 1452 475 Vlaelternarunt
1482 449 1702 483 pritnieeriorum
1720 455 1749 475 et

965 493 1166 520 strattiotarutn
1187 493 1342 527 hujusmodi
1354 494 1569 527 perscrutabitur
1581 502 1703 526 causam,
1721 499 1749 521 et

966 544 996 565 ut
1020 539 1056 566 ab
1069 547 1102 566 eo
1119 545 1311 574 eoguoscetur,
1328 541 1416 567 solvet
1436 547 1464 568 et
1479 541 1644 573 ulciseetur;
1665 549 1747 576 parva

966 592 1033 612 vero
1049 589 1076 612 et
1091 586 1125 612 ad
1145 594 1227 613 unum
1241 587 1281 613 vel
1297 586 1331 613 ad
1355 586 1425 613 duos
1449 587 1576 619 deducta,
1591 587 1614 614 si
1637 588 1747 622 quidem

966 630 1126 658 vulneratus
1149 631 1253 666 plagam
1271 632 1437 659 mediocrem
1453 634 1594 660 sustinens
1607 639 1654 660 aut
1675 633 1747 668 inju-

967 676 1034 703 riam
1051 676 1198 704 Vettetieus
1213 677 1306 709 fuerit,
1322 679 1393 712 apud
1413 683 1479 705 tunc
1490 678 1683 706 cancellarium
1695 679 1747 710 vie,

966 722 1007 749 vel
1024 730 1057 749 eo
1078 731 1093 750 a
1108 731 1205 757 magna
1218 724 1286 751 urbe
1302 724 1428 757 absente,
1444 725 1517 759 apud
1531 729 1596 751 tunc
1621 732 1748 759 magnum

965 767 1142 802 logariastam
1154 770 1304 803 qnerellattt
1314 775 1459 805 proponat,
1475 776 1502 798 et
1512 770 1664 798 secundum
1678 771 1751 804 leges

967 813 1114 840 vindictam
1142 814 1263 842 habebit.
1291 816 1319 842 Si
1340 823 1406 842 vero
1428 815 1533 843 Greeus
1550 816 1636 844 fuerit
1660 816 1750 852 ydiota

965 859 1087 892 quidem.
1108 866 1136 887 et
1150 868 1202 886 non
1214 868 1247 887 ex
1262 866 1374 888 Senatus
1393 862 1521 890 consulto
1533 867 1582 890 aut
1598 862 1632 889 de
1647 863 1749 890 clario~

968 904 1044 931 ribus
1076 905 1235 932 hominibus
1261 907 1336 933 cttrie
1373 907 1480 941 imperii
1501 908 1555 935 mei
1586 909 1749 940 consistens,

966 950 1038 984 apud
1062 950 1182 985 legatum
1209 951 1402 978 Vettctieorttm
1419 958 1446 979 et
1464 952 1515 979 sub
1531 961 1564 979 eo
1579 953 1688 988 judices
1716 953 1750 979 de

967 995 1064 1027 injuria
1079 1001 1107 1023 et
1126 996 1260 1023 dedecore
1278 998 1426 1024 movebunt
1439 1005 1564 1030 causam,
1590 1003 1618 1026 ct
1638 998 1672 1025 ab
1691 999 1750 1025 istis

968 1041 1099 1075 suscipiet
1129 1042 1289 1069 vindictam.
1318 1042 1466 1077 Diligenter
1495 1044 1570 1071 enim
1602 1044 1749 1079 intperium

969 1092 1059 1112 meum
1081 1086 1204 1118 conﬁdit,
1236 1087 1307 1120 quod
1332 1095 1415 1122 super
1444 1087 1602 1122 hujttsmodi
1623 1089 1752 1124 capitulis

967 1137 1138 1158 sacratttettla
1169 1140 1219 1166 pro
1242 1133 1351 1167 iustieia
1376 1133 1589 1160 intervenientia
1614 1135 1750 1166 Venetici,

967 1176 1065 1210 quibus
1090 1177 1223 1212 judicium
1240 1183 1283 1205 est
1299 1179 1488 1212 commissum,
1504 1187 1557 1206 non
1587 1180 1750 1215 despicient,

969 1221 1052 1248 immo
1067 1222 1193 1249 similiter
1206 1227 1234 1250 et
1257 1224 1284 1250 in
1313 1223 1470 1258 hujusmodi
1499 1225 1590 1261 causis
1610 1227 1750 1262 jnstieiant

967 1266 1134 1299 custodiant,
1162 1269 1393 1302 quemadmodum
1412 1275 1439 1297 et
1464 1271 1490 1298 in
1508 1273 1702 1306 peceuniariis,
1724 1278 1752 1300 et

967 1321 1019 1339 non
1034 1318 1137 1340 tantum
1151 1315 1282 1342 honorent
1295 1317 1338 1343 vel
1368 1317 1489 1345 dedecus
1514 1318 1571 1345 sive
1599 1319 1751 1353 proﬁcuum

970 1359 1010 1385 vel
1043 1359 1191 1394 datnpnum
1226 1362 1419 1390 Vcnelicornm
1450 1365 1597 1397 curabunt,
1619 1372 1751 1400 quantum

966 1412 1061 1432 eorum
1085 1412 1265 1439 sacramenta,
1290 1416 1344 1442 que
1363 1409 1397 1436 ab
1420 1410 1460 1437 eis
1479 1418 1528 1445 pm
1548 1410 1657 1445 justicia
1675 1412 1750 1444 ﬁent,

967 1450 994 1477 in
1008 1452 1135 1478 omnibus
1153 1452 1222 1479 bette
1238 1454 1377 1481 custodire
1394 1459 1421 1481 ct
1436 1455 1593 1483 observare.
1604 1457 1643 1484 Nc
1661 1462 1751 1484 autent

967 1497 1046 1531 longa
1065 1505 1197 1532 sequatur
1224 1507 1299 1526 mora
1322 1500 1348 1527 in
1369 1501 1481 1535 jndiciis
1508 1502 1580 1528 inter
1599 1501 1702 1530 Grecos
1724 1508 1753 1531 et

134 1545 230 1573 Grccos
242 1549 351 1571 actores
374 1547 402 1570 et
426 1542 572 1570 Vcnctieos
596 1549 657 1568 reos
674 1545 769 1572 erunt,
801 1539 911 1568 facient.
929 1551 949 1579 ο
970 1542 1014 1568 Ve:
1027 1543 1232 1574 eticos’uturis.
1248 1552 1298 1572 nec
1313 1545 1397 1573 libelli
1411 1547 1468 1574 dies
1481 1548 1750 1576 nccinterdictorum

135 1590 297 1626 necaliquod
311 1589 475 1623 adjutorium
488 1587 624 1614 Veneticis
640 1587 773 1616 tribuent.
787 1585 834 1612 sed
844 1593 913 1619 equa

135 1639 209 1666 lance
222 1638 367 1671 utriusque
375 1643 483 1663 causam
496 1640 550 1662 tam
561 1634 640 1661 Greci
655 1641 736 1668 quam
747 1639 774 1660 et
790 1632 913 1660 Venetici

136 1685 292 1712 discernent
316 1687 346 1710 et
371 1682 554 1716 judicabunt:
583 1680 714 1707 Venetico
741 1688 787 1706 rco
813 1680 915 1706 donare

134 1730 246 1758 debente
261 1730 349 1757 Greco
360 1733 452 1755 actore
466 1728 620 1761 calumpnie
630 1731 843 1753 saermm-ulum.
857 1726 916 1760 ipso

135 1775 265 1803 Venetico
273 1775 332 1802 solo
340 1775 435 1809 jurare
445 1774 561 1800 debcnte
572 1772 719 1799 decisionis
733 1779 814 1798 cause
825 1779 900 1797 sacra
908 1787 915 1790 -

137 1827 267 1851 mentum,
283 1820 329 1851 ita,
353 1819 425 1853 quod
443 1819 547 1853 integre
564 1817 710 1844 dcetsionis
729 1825 809 1843 cause
831 1825 916 1843 sacra-

136 1872 254 1894 mentum
264 1866 410 1893 Venclicus
417 1865 504 1891 Greco
512 1864 597 1898 possit
606 1864 720 1894 referre,
729 1863 750 1890 si
758 1863 824 1891 vult,
837 1867 917 1897 prout

135 1918 161 1940 et
175 1913 206 1940 de
222 1913 276 1941 ltoc
296 1910 500 1947 prudentissimi
518 1910 598 1945 legati
619 1909 810 1937 Veneticorum
826 1916 916 1935 meum

135 1959 270 1995 deprecati
297 1962 361 1986 sunt
376 1957 533 1992 imperium.
558 1956 592 1983 Et
605 1956 656 1983 ltcc
679 1956 800 1990 quidem.
829 1955 918 1982 Greco

134 2010 226 2033 contra
243 2005 405 2033 Veneticum
423 2007 531 2038 agente.
549 2002 578 2030 Si
598 2010 664 2028 vero
678 2002 826 2029 Veneticus
852 2009 918 2028 cett-

136 2056 176 2079 tra
194 2052 312 2079 Grecum
332 2050 428 2085 eget-it,
441 2048 512 2084 apud
527 2054 593 2079 tunc
604 2048 798 2074 caneellarium
812 2047 865 2078 vie,
875 2047 916 2073 vel

135 2105 166 2124 eo
177 2105 191 2124 a
209 2104 307 2132 magna
323 2095 391 2122 urbe
408 2095 532 2125 absente.
548 2093 619 2127 apud
651 2101 780 2127 magnum
804 2093 919 2127 lngaria-

135 2146 200 2169 stam
214 2140 367 2176 querellam
388 2140 665 2174 debeatproponcrc.
689 2142 717 2165 et
733 2138 835 2172 scripto
855 2138 917 2172 qui-

969 1595 1055 1622 usqttc
1073 1588 1100 1615 in
1119 1589 1214 1624 viginti
1240 1590 1282 1616 vel
1309 1591 1431 1625 triginta.
1461 1597 1543 1626 prout
1570 1594 1752 1622 communiter

967 1634 1117 1661 secundum
1136 1635 1209 1670 leges
1222 1640 1341 1667 tenetur,
1364 1639 1556 1664 connutnerari
1577 1646 1639 1665 ttteo
1662 1640 1751 1674 placet

968 1682 1094 1715 imperio,
1108 1682 1155 1709 sed
1170 1682 1319 1709 secundum
1330 1691 1427 1710 novam
1439 1684 1665 1712 constitutionem
1677 1694 1751 1714 sem-

969 1727 1075 1760 piterna
1110 1728 1240 1754 memorie
1271 1728 1446 1763 imperatoris
1469 1735 1497 1756 et
1533 1730 1624 1757 dilecti
1661 1732 1752 1766 patrui

970 1774 1078 1809 imperii
1113 1776 1176 1808 mei,
1197 1775 1301 1803 domini
1333 1777 1464 1805 Manuelis
1485 1777 1628 1810 Comnttni,
1653 1780 1752 1808 lactant

968 1821 1001 1847 de
1013 1821 1136 1856 judieiis,
1157 1830 1209 1856 que
1225 1823 1296 1849 inter
1307 1828 1453 1851 extraneos
1474 1829 1502 1851 et
1521 1825 1662 1861 indigenas
1679 1827 1754 1855 cives

969 1874 1118 1893 Cnnvcrsntt
1124 1872 1130 1893 ί
1136 1875 1150 1893 ιι
1157 1877 1178 1895 r.

1005 1913 1117 1947 Insuper
1143 1919 1171 1940 ct
1190 1914 1269 1940 aliam
1298 1915 1461 1948 peticionem
1478 1916 1570 1951 sepius
1586 1916 1752 1946 declaratant

968 1958 1175 1988 prudentissimi
1200 1959 1282 1994 legati
1296 1960 1330 1987 ad
1352 1968 1443 1988 nteum
1467 1961 1590 1989 fecerunt
1607 1963 1752 1998 imperiunt

965 2003 1146 2038 justissimattt
1161 2009 1257 2032 etmeo
1265 2006 1460 2040 accoptabilem
1472 2007 1598 2041 imperio.
1611 2008 1750 2037 Petierunt

969 2050 1055 2081 extitit,
1072 2054 1102 2077 ιιι
1121 2049 1249 2078 Venetico
1267 2051 1294 2077 itt
1319 2051 1410 2086 aliqua
1435 2052 1544 2086 regione
1567 2053 1674 2088 imperii
1699 2057 1751 2082 mei

971 2096 1106 2122 moriente
1126 2096 1227 2122 ttullatn
1252 2097 1371 2130 praetori
1398 2103 1470 2124 terre
1485 2098 1517 2124 ad
1534 2098 1604 2125 bona
1631 2099 1748 2127 defuncti

969 2141 1090 2169 Venetici
1105 2142 1162 2168 ﬁeri
1177 2142 1374 2174 accessionem,
1388 2143 1470 2170 imtno
1489 2144 1641 2171 secundum
1661 2146 1749 2180 placi-

112 2187 115 2191 '
136 2187 192 2214 dem
208 2187 261 2213 ﬁde
279 2186 362 2220 digno
375 2187 508 2212 existente
522 2185 607 2212 actori
623 2183 768 2214 Vcnetico,
792 2182 917 2217 quamvis
936 2193 956 2220 ο
972 2192 1029 2213 ιιιιιι
1056 2187 1150 2213 Veneti
1167 2187 1286 2214 defuncti
1305 2188 1364 2223 ejus
1388 2189 1581 2224 dispensentur
1603 2198 1647 2218 res
1661 2193 1702 2219 vel
1719 2196 1743 2220 al

135 2240 149 2259 tt
161 2231 248 2260 Greco
261 2231 394 2260 tavulario
406 2230 550 2265 autjndice
563 2231 612 2257 veli
626 2235 653 2256 et
668 2229 919 2264 cpilnyppodromi,

137 2281 208 2304 tanta
225 2277 355 2312 pontiﬁce
382 2277 424 2303 vel
449 2276 579 2303 Venetico
604 2275 742 2302 tabulario
769 2275 809 2301 vel
827 2275 919 2309 judice

137 2324 170 2351 sit
183 2324 377 2359 compositum,
394 2323 545 2350 secundum
560 2322 612 2349 ltoc
630 2323 725 2356 utique
743 2329 823 2348 causa
842 2322 919 2348 deci-

137 2369 224 2398 detur.
238 2370 350 2404 Scripto
363 2376 426 2396 vero
441 2369 528 2396 actori
547 2376 600 2395 non
614 2368 758 2398 existente,
769 2367 918 2394 secundum

139 2415 223 2450 ipsum
233 2416 278 2450 jus
291 2420 318 2442 et
330 2420 406 2442 actor
422 2414 569 2441 Veneticus
591 2413 771 2449 jutlicztbitur,
794 2417 822 2439 et
837 2414 921 2439 dona-

139 2461 211 2488 bitur
224 2461 336 2496 quidem
354 2466 381 2487 et
396 2466 489 2487 contra
505 2460 538 2486 ab
550 2468 583 2486 eo
602 2459 690 2486 Greco
707 2459 859 2494 calutnpnie
877 2467 922 2486 sa-

140 2512 318 2535 cramentum.
342 2506 486 2534 Jurabitur
514 2511 605 2532 autem
641 2510 669 2532 et
697 2506 731 2532 ab
747 2506 806 2539 ipso
833 2505 920 2532 Greco

143 2554 228 2588 ipsum
251 2553 402 2581 (lecisionis
438 2560 520 2580 cause
549 2557 754 2579 sacramentum
784 2553 832 2584 ita,
848 2552 919 2586 quod

140 2599 268 2628 Vcttctico
298 2600 384 2635 possit
409 2600 514 2626 reierre
545 2606 560 2626 e
579 2603 685 2625 contra.
702 2598 735 2625 Et
771 2597 921 2624 secundum

142 2652 295 2680 presetttem
309 2647 424 2673 formant
449 2646 588 2681 presentis
607 2645 701 2679 scripti
719 2644 800 2679 hujus
811 2645 924 2679 chryso-

143 2692 194 2719 boli
225 2692 335 2726 imperii
368 2692 434 2722 mei,
464 2699 496 2718 cx
517 2699 591 2717 nunc
620 2696 647 2717 et
667 2691 797 2723 deinceps
825 2690 923 2724 juditia

143 2739 313 2772 pecuniaria
335 2738 408 2765 inter
422 2738 571 2765 Venetieos
591 2743 618 2764 et
630 2737 733 2764 Greeos
749 2737 921 2763 decidantur.

174 2784 301 2812 Prcterea
322 2783 445 2818 quidem,
463 2784 486 2811 si
514 2783 546 2810 de
567 2783 703 2810 seditione
722 2783 763 2809 vel
791 2791 923 2818 repugna-

173 2862 227 2897 (64)
242 2862 324 2890 Forte
344 2871 452 2898 prima.

971 2233 1031 2267 ejtts
1051 2232 1324 2265 ﬁdcieotnmissariis,
1350 2235 1372 2261 si
1393 2236 1599 2264 tcstatnenlorie
1620 2238 1741 2273 contingi

956 2272 1031 2305 ἐιιιιι
1050 2279 1160 2309 abiisse,
1178 2279 1218 2306 vel
1237 2279 1270 2306 ab
1287 2279 1339 2307 hiis
1357 2281 1402 2314 qui
1421 2282 1608 2316 reperirentur
1623 2289 1688 2311 tunc
1716 2272 1743 2311 ib

973 2325 1464 2362 \‘ctteticis.Attnuitigiturimperium
1476 2330 1754 2358 nteumettalicorum

971 2373 1110 2407 peticioul,
1134 2379 1222 2408 (ιιι-ει·
1239 2381 1352 2408 presens
1377 2375 1509 2410 scriptum
1536 2383 1604 2402 auro
1618 2376 1754 2410 signatum

972 2419 1166 2454 chrysobttlunt
1182 2419 1295 2447 verbum
1308 2421 1387 2455 jubet
1402 2429 1408 2447 :
1427 2421 1493 2448 ttulli
1510 2421 1536 2448 itt
1552 2426 1606 2449 tota
1623 2422 1755 2449 Romanis

972 2465 1085 2500 aliquod
1100 2466 1253 2493 dominium
1270 2468 1418 2497 cxcrcenti.
1434 2467 1492 2495 sive
1510 2474 1620 2502 praetor
1644 2469 1756 2502 ιιι-ιινίη-

975 2510 1010 2537 tie
1029 2511 1075 2542 sit,
1093 2511 1149 2538 sive
1175 2512 1282 2538 villicus
1298 2513 1448 2546 personalis
1465 2514 1507 2540 vel
1533 2514 1690 2540 monasterii
1708 2520 1754 2540 attt

973 2555 1092 2590 ipsorum
1123 2557 1279 2584 intimorum
1304 2564 1482 2593 cognatorum
1506 2559 1613 2594 imperii
1641 2560 1706 2590 mei,
1728 2564 1756 2586 ct

973 2602 1095 2636 ipsorum
1125 2603 1206 2629 etiam
1224 2603 1442 2631 felicissimorum
1467 2609 1714 2631 sevastocratorum
1730 2609 1755 2631 et
1776 2631 1781 2637 ,

972 2648 1103 2675 Cesarnm
1122 2650 1164 2676 vel
1180 2649 1341 2676 dilectorunt
1360 2650 1508 2677 liberoruttt
1526 2650 1630 2683 imperii
1645 2650 1696 2676 mei
1709 2655 1757 2676 attt

974 2694 1060 2728 ipsius
1073 2695 1249 2722 dilectissime
1270 2703 1328 2722 mee
1346 2696 1478 2730 Auguste,
1496 2696 1578 2721 licere
1601 2695 1656 2721 |Ill0
1675 2695 1757 2722 modo

975 2739 1000 2765 itt
1018 2739 1208 2767 Veneticorum
1225 2739 1417 2767 defunctorum
1438 2748 1481 2766 res
1495 2747 1592 2766 manus
1605 2740 1756 2772 inmittere,

975 2789 1002 2811 ct
1022 2785 1123 2819 aliquid
1139 2794 1172 2813 ex
1183 2786 1224 2813 eis
1237 2794 1324 2820 usque
1345 2785 1378 2812 ad
1394 2792 1477 2812 unum
1495 2784 1605 2811 obolum
1622 2784 1755 2819 accipere,

1005 2872 1037 2884 Δ-ὶᾹ
