3912 6244
243 340 341 401 4117

1344 345 1440 405 DE
1480 345 2100 406 CALAMITATiBUS
2125 346 2379 408 CYPRL

3389 346 3490 410 ωδ

236 455 340 505 τῶν
376 454 445 522 τῇ
476 451 634 524 χώρᾳ
673 453 1118 524 συμϐεϐηκότων.
1165 454 1545 525 Κρατηθείσης
1582 457 1681 524 μὲν
1705 455 1801 524 γάρ

1917 465 2010 510 tuo
2040 458 2454 521 succedentium
2481 457 2874 519 calamitatum.
2906 469 3028 528 qua:
3057 457 3264 529 regioni
3288 469 3488 515 nostra

234 543 329 612 τῆς
389 532 748 615 Ἰερουσαλὴμ
793 545 896 597 ὑπὸ
944 545 1039 611 τοῦ
1072 545 1232 599 ἀθέου
1270 546 1593 617 Σαλαχαντὶ,
1623 547 1722 612 τῆς
1755 549 1812 602 δὲ

239 635 466 702 Κύπρου
503 635 610 687 ὑπὸ
655 635 926 690 Ἰσαακίου
956 636 1050 689 τοῦ
1084 636 1394 708 Κομνηνοῦ,
1429 639 1600 707 μάχαι
1628 639 1813 691 λοιπὸν

238 730 328 780 καὶ
348 727 597 795 πόλεμοι,
633 730 872 798 ταραχαὶ
903 730 997 782 καὶ
1024 730 1452 795 ἀκαταστασίαι,
1477 732 1808 798 λαφυραγω-

237 819 348 883 γίαι
394 819 490 872 καὶ
521 820 693 872 δειναὶ
725 822 1097 891 συναντήσεις,
1131 821 1230 893 τὴν
1255 823 1361 891 γῆν
1381 825 1439 874 ὲν
1547 825 1596 874 ot
1635 823 1811 889 δηλου-

235 909 419 973 θέντες
474 907 655 982 ἦρξαν
706 913 1092 982 κατεκάλυψαν
1145 914 1374 983 νεφέλης
1431 916 1528 967 καὶ
1578 915 1812 984 ὁμίχλης

234 1001 419 1060 πλέον.
459 1003 591 1057 Ἰδοὺ
624 1005 733 1072 γὰρ
779 1007 809 1058 6
843 1004 1128 1076 ζωηφόρος
1160 1007 1254 1060 τοῦ
1291 1008 1494 1077 Κυρίου
1534 1009 1692 1077 ἡμῶν
1720 1007 1812 1060 τάν

234 1110 330 1160 eo;
352 1094 450 1146 καὶ
475 1096 545 1148 τὰ
574 1095 738 1148 λοιπά
759 1095 892 1164 ἅγια
916 1098 1182 1168 ἐδόθησαν
1229 1100 1342 1161 τοῖς
1374 1099 1500 1151 κυσὶ
1533 1100 1810 1152 Μουσουλ-

235 1185 427 1253 μάνοις
462 1186 553 1240 διά
583 1186 685 1251 τὰς
720 1188 1000 1258 ἁμαρτίας
1036 1189 1218 1258 ἡμῶν,
1252 1190 1348 1242 καὶ
1378 1190 1604 1256 δακρύει
1645 1191 1704 1240 ὲν
1741 1192 1807 1259 τῇ

232 1277 454 1351 τοιαύτῃ
487 1281 740 1350 συμφορᾷ
772 1283 920 1334 πᾶσα
945 1281 1090 1352 ψυχὴ
1123 1282 1398 1348 φιλόθεος’
1440 1282 1810 1350 Ταραχθένντα

231 1367 298 1419 δὲ
330 1371 426 1421 καὶ
459 1370 532 1423 τὰ
563 1370 733 1438 ἔθνη,
759 1372 856 1424 καὶ
876 1373 1190 1436 βασιλεῖαι
1223 1373 1543 1436 κλιθεῑσαι,
1578 1374 1717 1426 κατὰ
1751 1373 1810 1425 τὸ

233 1456 622 1525 γεγραμμένον
647 1475 661 1488 ·
695 1460 724 1511 6
781 1460 1142 1530 ’Δλαμανέας,
1182 1461 1349 1531 φημὶ,
1394 1463 1489 1514 καὶ
1524 1464 1551 1514 ὁ
1596 1462 1810 1529 Ἐγκλι-

231 1548 374 1612 νίας,
422 1552 519 1604 καὶ
565 1554 674 1605 πᾶν
708 1552 858 1616 ἔθνος
903 1555 1110 1624 σχεδὸν,
1168 1555 1486 1624 κεκίνηνται
1535 1554 1676 1624 ὑπὲρ
1711 1555 1810 1622 τῆς

240 1640 625 1715 Ἰερουσαλὴμ,
657 1647 749 1698 καὶ
772 1646 974 1716 ἤνυσαν
1006 1646 1178 1700 οὐδέν.
1203 1645 1338 1700 Οὐδὲ
1369 1649 1475 1716 γὰρ
1502 1647 1807 1714 ηὐδόκησεν

228 1734 260 1802 η
311 1732 543 1804 πρόνοια
589 1736 760 1800 κύνας
802 1736 1007 1802 ἐξῶσαι
1062 1739 1156 1790 καὶ
1200 1738 1398 1798 λύκους
1465 1736 1803 1799 ἀντεισάξαι.

1917 548 2284 617 contigerunt.
2314 551 2532 606 Etenim
2577 551 2800 606 obtenta
2832 549 3209 622 Hierosolyma
3255 566 3352 620 per
3385 551 3488 607 im-

1915 641 2066 710 pium
2128 640 2439 696 Salacbanti
2507 658 2605 698 seu
2659 643 2998 708 Saladinum,
3049 652 3107 698 et
3163 643 3341 714 Cypro
3391 655 3489 711 per

1916 730 2180 785 lsaacittm
2231 731 2598 796 Comnenum,
2660 734 2922 800 deinceps
2970 749 3166 804 pugnae
3215 743 3272 788 et
3324 733 3484 788 bella.

1915 823 2185 876 tumultus
2237 837 2302 878 ac
2360 823 2682 883 seditiones.
2741 825 3176 894 deprzedationes
3243 825 3483 895 saevique

1912 926 2074 966 casus
2104 921 2301 967 terram
2352 912 2408 968 in
2469 928 2576 984 qua
2627 914 2874 983 praedicti
2912 916 3256 984 imperarunt
3310 916 3486 984 magis

1913 1016 2342 1072 cooperuerunt,
2379 1021 2544 1075 quam
2572 1007 2748 1062 nubes
2793 1016 2848 1061 et
2880 1007 3103 1062 nebula.
3158 1008 3297 1064 Ecce
3333 1006 3482 1062 enim

1917 1097 2188 1150 vivificnm
2251 1095 2460 1151 Domini
2527 1098 2698 1152 nostri
2753 1098 3096 1167 sepulcrum.
3175 1109 3484 1167 ceteraque

1873 1187 1882 1196 '
1914 1195 2121 1249 sancta,
2157 1186 2353 1241 tradita
2382 1197 2510 1241 sunt
2539 1197 2762 1258 propter
2788 1198 3012 1258 peccata
3043 1198 3225 1244 nostra
3253 1189 3486 1244 canibus

1913 1279 2310 1344 Musulusanis;
2341 1296 2513 1349 quare
2542 1280 2594 1334 in
2635 1288 2784 1335 tanta
2807 1281 3117 1335 calamitate
3149 1281 3486 1351 laerymatur

1911 1368 2090 1421 munis
2115 1369 2294 1422 anima
2321 1385 2442 1439 quae
2467 1371 2635 1424 Deum
2653 1371 2866 1440 diligit;
2891 1369 2987 1424 sed
3009 1381 3064 1424 et
3083 1371 3238 1441 juxta
3263 1370 3317 1425 id
3337 1370 3485 1440 quod

1909 1461 2177 1530 scriptum
2230 1468 2334 1525 est,
2371 1460 2715 1517 Conturbatw
2754 1470 2878 1515 sunt
2909 1470 3107 1532 gentes,
3138 1470 3193 1516 et
3228 1461 3488 1516 inclinata

1909 1562 2032 1606 sunt
2088 1553 2296 1623 regna’
2339 1553 2700 1616 :Alamania),
2761 1554 3008 1622 inquam,
3059 1554 3358 1608 tttonareha
3385 1551 3488 1624 (I),

1911 1653 1967 1698 et
1992 1643 2082 1698 ille
2110 1644 2317 1714 Anglia
2357 1645 2455 1713 (9.),
2492 1653 2815 1712 cunctaeque
2859 1642 3257 1713 propemodum
3310 1644 3490 1698 natio—

1915 1751 2013 1789 nes
2056 1752 2156 1806 pro
2208 1736 2603 1807 Hierosolymis
2633 1744 2796 1789 mota:
2839 1743 2992 1797 sunt.
3041 1749 3145 1790 nec
3187 1734 3488 1804 quidquam

227 1825 607 1893 profecerunt.
648 1827 837 1899 Neque
884 1831 1031 1886 enim
1070 1832 1276 1900 placuit
1324 1830 1522 1885 divinae
1581 1829 1954 1900 providentke.
2015 1847 2181 1886 canes
2243 1832 2538 1901 expellere,
2598 1841 2659 1885 ut
2715 1831 2876 1901 lupos
2966 1831 3020 1886 in
3066 1844 3260 1886 eorum
3306 1830 3490 1884 locum

225 1916 539 1976 induceret.

297 2037 365 2106 β’.
409 2039 522 2092 Καὶ
554 2038 664 2094 ἰδοὺ
696 2038 763 2110 ιβ’
794 2041 1024 2112 χρόνους
1058 2044 1152 2098 ἐπὶ
1183 2043 1242 2096 τδ
1267 2046 1451 2112 χεῖρον
1475 2043 1542 2096 τὰ
1576 2042 1801 2112 κύματα

1973 2039 2027 2094 2.
2058 2039 2126 2093 Et
2156 2053 2288 2093 ecce
2345 2038 2456 2110 jam
2509 2036 2874 2094 duodecimus
2922 2043 3100 2093 annus
3132 2045 3238 2103 est,
3270 2051 3338 2092 ex
3373 2053 3490 2108 quo

225 2127 618 2196 κορυφοῦνται.
653 2130 776 2183 Ἐτι
803 2149 862 2184 τε
896 2132 991 2185 καὶ
1024 2133 1228 2197 αὑτὸςὸ
1259 2134 1375 2196 υίὸς
1399 2134 1558 2202 ἡμῶν
1587 2133 1616 2186 6
1647 2149 1800 2185 πνευ-

229 2219 479 2286 ματικὸς,
509 2224 645 2292 πρὸς
671 2222 730 2275 δν
763 2223 963 2297 δηλαδὴ
995 2225 1167 2279 ταῦτα
1199 2225 1536 2296 ἐγράφομεν,
1561 2229 1630 2280 τὰ
1651 2225 1802 2280 δεινά

228 2311 305 2381 μὴ
331 2312 625 2385 ὑποφέρων
651 2313 873 2384 βλέπειν
899 2333 958 2370 τε
993 2318 1088 2370 καὶ⁹
1118 2318 1340 2372 ἀκούειν
1381 2319 1474 2372 καὶ
1495 2320 1558 2372 ὲκ
1600 2319 1800 2389 μέρους

221 2403 404 2456 αὐτῶν
429 2406 680 2475 πάσχειν,
715 2406 854 2477 μετά
886 2408 1087 2473 πολλάς
1118 2411 1398 2481 περινοίας
1423 2410 1518 2466 καὶ
1552 2412 1800 2482 μηχανὰς

222 2492 455 2563 ἐξέφυγε
512 2499 702 2568 χεῖρας
724 2501 1044 2570 μιαιφόνους
1072 2502 1170 2555 σὺν
1199 2505 1366 2556 παντὶ
1387 2503 1464 2575 τῷ
1487 2504 1603 2574 λαῷ
1636 2502 1801 2557 αὐτοῦ

223 2589 347 2660 θεία
399 2593 565 2664 ῥοπῇ,
592 2593 688 2647 καὶ
736 2596 1147 2666 προσφοιτήσας
1189 2597 1431 2669 Ἀγγέλῳ
1476 2597 1554 2668 τῷ
1595 2597 1805 2668 βασιλεῖ

223 2681 882 2750 Κωνσταντινουπόλεως,
931 2688 1268 2758 προσεδέχθη
1313 2690 1569 2759 ἐντίμως,
1614 2691 1802 2744 καὶτὸ

222 2772 491 2827 σεϐαστοῦ
521 2776 691 2848 γέρας
720 2777 943 2850 εῐληφεν
972 2781 1031 2844 ἐξ
1069 2780 1258 2836 αὑτοῦ.
1295 2781 1438 2850 Ἐγὼ
1451 2783 1508 2837 δὲ
1538 2783 1636 2854 τὴν
1668 2783 1800 2836 ὑπό-

225 2882 413 2934 σχεσιν
450 2868 764 2939 ἐκπληρῶν,
808 2872 918 2926 ίδοὺ
949 2873 1046 2926 σὺν
1091 2874 1211 2942 Θεῷ
1241 2875 1438 2944 γράφω
1458 2877 1551 2930 καὶ
1582 2877 1647 2930 τά
1685 2876 1804 2929 ἐπί-

221 2955 410 3024 λοιπα,
430 2958 507 3022 ὡς
537 2961 878 3033 ὑπεσχόμην,
912 2966 1027 3027 τοῖς
1055 2965 1442 3035 ἐντυγχάνουσι
1470 2967 1802 3037 παραδηλῶν

222 3049 320 3118 τὴν
367 3050 683 3106 ἐνεστῶσαν
723 3053 1047 3124 δυσχέρειαν
1085 3055 1194 3108 τῶν
1245 3057 1631 3128 πραγμάτωψ
1679 3058 1803 3127 ἥτις

220 3140 328 3211 ἆρα
361 3141 657 3214 δυσχέρεια
710 3142 816 3198 ποῦ
865 3144 930 3216 δὴ
980 3147 1297 3219 καταλήξει,
1337 3145 1480 3201 οἶδεν
1513 3147 1689 3212 οὐδεὶς
1743 3151 1801 3202 ὲν

219 3235 556 3304 ἀνθρώποις,
588 3237 636 3290 εί
662 3238 738 3307 μὴ
782 3239 945 3308 μόνος
975 3241 1002 3292 6
1021 3220 1304 3311 ’ἐπιτιμῶν
1332 3244 1398 3313 τῇ
1426 3240 1674 3313 Θαλάσσῃ
1707 3240 1803 3296 καὶ

215 3329 330 3388 τοῖς
364 3327 615 3395 ἀνέμοις,
657 3329 754 3382 καὶ
795 3331 1151 3401 γαληνιῶσιν.
1216 3332 1354 3386 Ξένα
1379 3335 1505 3387 τινὰ
1545 3335 1643 3388 καλ⁵
1674 3335 1803 3390 δυσ-

169 3427 179 3437 ·
218 3420 491 3489 ήκουειτα,
519 3421 585 3474 τὰ
614 3423 679 3494 τῇ
704 3421 859 3494 χώρα
874 3424 1052 3497 ταύτῃ
1087 3425 1477 3495 συμϐεϐηκότα
1503 3427 1682 3481 δεινά·
1708 3429 1804 3482 καὶ

214 3512 446 3565 τοιαῦτα
519 3512 595 3576 ὡς
644 3514 852 3578 πάντας
896 3516 1023 3580 τοὺς
1067 3517 1235 3587 αὐτῆς
1276 3518 1564 3583 πλουσίους
1613 3521 1804 3575 ἐπιλα-

213 3603 406 3659 θέσθαι
446 3607 684 3660 πλούτου
730 3608 931 3670 αὐτῶν,
975 3609 1245 3681 λαμπρῶν
1275 3613 1616 3683 οἰκημάτων,
1670 3631 1802 3684 συγ-

212 3699 415 3762 γενῶν,
467 3699 719 3765 οίκετῶν,
787 3700 1162 3770 ἀνδραπόδων,
1221 3703 1459 3774 πλήθους
1508 3706 1799 3776 ποιμνίων,

211 3788 543 3855 βουκολίων,
607 3791 868 3846 λακινιῶν
909 3793 1013 3863 (5),
1070 3793 1438 3866 βοσκημάτων
1500 3798 1797 3862 παντοίων,

208 3883 414 3952 χωρῶν
465 3883 792 3956 σιτοφόρων,
845 3886 942 3939 καὶ
1001 3889 1309 3959 παμφόρων
1363 3890 1652 3960 ἀμπέλων,
1705 3895 1798 3946 καὶ

213 3975 574 4046 παραδείσων
629 3977 915 4044 ποικίλων,
962 3983 1058 4034 καὶ
1122 3985 1265 4054 μετὰ
1312 3983 1518 4055 πολλῆς
1562 3987 1800 4057 σπουδῆς

205 4066 559 4122 ἀποπλεῦσαι
593 4069 768 4141 λάθρα
795 4072 932 4142 πρὸς
970 4073 1154 4145 χώρας
1193 4074 1501 4142 ἀλλοδαπὰς
1536 4079 1633 4132 καὶ
1665 4081 1799 4151 πρὸς

205 4159 306 4229 τὴν
328 4160 586 4229 βασιλίδα
604 4163 714 4215 τῶν
735 4164 964 4220 πόλεων.
984 4165 1138 4220 Ὅσοι
1157 4167 1214 4220 δὲ
1231 4167 1516 4238 διαφυγεῖν
1534 4173 1633 4225 οὐκ
1650 4173 1800 4242 ἴσχυ-

209 4267 335 4318 σαν,
391 4253 480 4317 τίς
517 4254 705 4318 ἱκανὸς
753 4257 1170 4328 ὲκτραγῳδῆσαι
1203 4259 1302 4324 τὰς
1342 4261 1552 4332 θλίψεις
1591 4265 1794 4328 αὐτῶν,

203 4342 334 4404 τοὺς
386 4343 686 4412 ἑτασμοὺς,
727 4346 854 4410 τοὺς
905 4347 1197 4417 δημοσίους
1232 4349 1634 4422 φυλακισμοὺς,
1693 4354 1795 4425 τὴν

204 4431 380 4502 ὁλκὴν
407 4435 522 4488 τῶν
548 4435 974 4506 ἀπαιτουμένων
1006 4443 1329 4511 χρημάτωι,
1359 4443 1519 4516 μέχρι
1542 4447 1796 4516 χιλιάδων

201 4526 384 4580 τόσων
407 4528 507 4580 καὶ
537 4530 713 4581 τόσων
739 4547 755 4596 ;
787 4529 973 4585 Ταῦτα
1003 4531 1059 4586 δὲ
1092 4533 1509 4608 συγκεχώρηται
1544 4540 1798 4606 γενέσθαι

203 4611 272 4667 δι’
302 4617 592 4688 ἁμαρτίας
630 4617 798 4686 ὄγκον
827 4619 991 4692 ψήφῳ
1021 4621 1157 4676 Θεοῦ
1187 4625 1377 4697 δικαία
1403 4644 1416 4657 ·
1461 4625 1570 4692 ἴνα,
1598 4643 1795 4683 ταπειο

201 4708 498 4776 τρωθέντες,
525 4709 957 4784 καταξιωθῶμεν
999 4713 1130 4780 ἴσως
1156 4716 1510 4790 συγγνώμης.

269 4979 352 5034 I".
392 4979 563 5052 Χώρα
608 4979 760 5033 ἐστὶν
801 4981 1146 5056 Ἰγκλιτὲρῤα
1201 4985 1394 5058 πόρρω
1439 4989 1540 5054 τῆς
1579 4985 1794 5056 Ῥωμαο

194 5071 320 5135 νίας
367 5073 513 5126 κατά
555 5072 787 5143 βορρᾶν,
831 5074 893 5138 ἐξ
927 5069 994 5144 ἧς
1037 5075 1196 5144 νέφος
1254 5077 1532 5146 Ἰγκλίνων
1564 5079 1662 5132 σὺν
1718 5077 1798 5149 τῷ

193 5164 428 5233 ἄρχοντι
463 5162 672 5227 αὐτῶν,
705 5161 788 5225 είς
826 5161 988 5217 πλοῖα
1019 5165 1235 5234 μεγάλα
1278 5163 1551 5238 λεγόμενα
1588 5170 1798 5229 νάκκας

266 5318 283 5349 ¹
331 5317 480 5375 Psal.
510 5336 638 5385 ην,
663 5320 718 5374 7.
789 5319 811 5352 ’
843 5321 1036 5379 Matth.
1061 5339 1179 5391 vm,
1212 5323 1302 5380 26.

261 5497 350 5626 (ἒ)
389 5496 714 5578 Friderieus
741 5499 787 5554 ι.

331 5571 350 5626 )
388 5567 723 5624 ﬂuebat-dus.

286 5567 350 5634 ‘2)
388 5567 723 5624 Richardus.

265 5634 352 5707 (5)
405 5639 723 5693 λακινιῶν.
785 5639 1034 5694 Divinavi
1084 5640 1397 5707 λακτινιῶν,
1458 5656 1526 5697 ac
1583 5643 1784 5697 tentavi

189 5708 274 5780 de,
322 5709 596 5780 porcellis
639 5725 940 5778 exponere,
993 5713 1149 5780 quasi
1204 5711 1481 5768 λακτίνυον
1531 5722 1587 5767 et
1647 5711 1782 5765 λακ-

190 5779 347 5841 uio;
412 5777 558 5836 idem
621 5777 768 5846 sint;
828 5797 933 5851 qua
963 5777 1028 5837 de
1059 5792 1335 5852 postrema
1385 5799 1517 5840 voce
1549 5783 1635 5853 egi
1667 5791 1706 5836 t.
1740 5781 1780 5836 Ι.

1904 2133 1959 2187 in
1993 2133 2147 2202 pejus
2192 2129 2391 2184 ﬂuctus
2423 2136 2660 2184 tument.
2717 2130 2838 2198 lpse
2893 2135 3156 2199 praeterea
3182 2128 3490 2198 spiritualis

1904 2223 2050 2278 filius
2091 2228 2299 2286 noster,
2355 2221 2423 2277 ad
2464 2237 2628 2292 quem
2676 2222 2932 2278 videlicet
2980 2222 3084 2277 ista
3138 2220 3485 2291 scripsimus,

1903 2330 2176 2371 mrumnas
2204 2330 2309 2372 nec
2330 2315 2520 2371 videre
2547 2330 2650 2370 nec
2677 2315 2868 2372 audire
2892 2331 2997 2372 nec
3039 2323 3108 2372 ex
3137 2325 3290 2386 parte
3342 2313 3487 2370 ferre

1903 2408 2112 2470 valens.
2144 2416 2275 2478 post
2320 2407 2496 2462 multa
2558 2408 2795 2463 solerter
2851 2418 2906 2463 et
2961 2405 3258 2463 artificiose
3319 2405 3487 2469 facta,

1903 2500 2156 2557 crudeles
2186 2506 2382 2554 manus
2405 2513 2534 2553 cum
2559 2500 2708 2555 omni
2747 2500 2950 2570 p0pulo
2975 2514 3096 2558 suo.
3129 2509 3228 2568 per
3257 2496 3486 2568 gratiam

1906 2593 2000 2646 Dei
2053 2591 2278 2661 effugit;
2336 2605 2574 2661 cumque
2607 2605 2668 2647 se
2735 2589 3064 2647 contulisset
3111 2587 3488 2658 'ad-Angelum

1902 2683 2409 2754 Constantinopolis
2434 2682 2841 2751 imperatorem,
2875 2679 3177 2736 honorifice
3209 2685 3477 2748 exceptus

1903 2785 2008 2840 est,
2038 2783 2203 2845 atque
2243 2775 2446 2831 sebasti
2494 2774 2820 2845 dignitatem
2873 2772 2942 2828 ab
2981 2787 3049 2826 eo
3081 2771 3316 2840 accepit.
3372 2767 3486 2840 Ego

1906 2877 2037 2924 vero
2084 2868 2232 2940 quod
2283 2869 2644 2939 premiseram
2707 2867 3036 2937 adimplens,
3067 2876 3196 2920 ecce
3247 2863 3358 2923 Deo
3392 2863 3486 2933 ju-

1904 2975 2089 3027 vante,
2119 2963 2289 3016 etiam
2329 2964 2542 3034 reliqua
2577 2961 2787 3025 scribo,
2812 2963 2968 3032 juxta
3023 2957 3483 3029 pollicitationem

1905 3068 2106 3119 meam,
2143 3053 2319 3124 iisque
2355 3055 2451 3123 qui
2492 3054 2687 3110 lecturi
2733 3061 2866 3108 'sunt
2924 3061 3112 3106 notam
3147 3050 3287 3105 facio
3345 3065 3483 3120 ιιι-εε-

1905 3155 2115 3202 sentem
2148 3161 2330 3202 rerum
2391 3140 2768 3202 difficultatem
2795 3162 2810 3209 ;
2857 3159 2978 3215 qua:
3007 3159 3137 3199 sane
3166 3140 3482 3206 'diflicullas,

1905 3253 2015 3308 quo
2066 3253 2289 3294 cessura
2321 3239 2413 3303 sit,
2438 3233 2626 3292 nullus
2655 3237 2800 3293 inter
2842 3235 3098 3290 homines
3147 3237 3323 3296 novit.
3377 3233 3484 3290 nisi

1906 3329 2059 3383 solus
2089 3329 2183 3382 ille
2209 3329 2304 3400 qui
2338 3331 2587 3398 increpat
2611 3339 2762 3388 mare
2789 3339 2852 3381 ac
2877 3333 3093 3389 ventes,
3143 3332 3200 3378 et
3218 3323 3284 3378 ad
3326 3334 3478 3378 tran-

1905 3421 2231 3490 quillitatem
2286 3420 2592 3475 redeunt’.
2632 3419 2767 3474 Mala
2820 3431 2942 3486 quae
2985 3415 3041 3472 in
3091 3413 3199 3472 hac
3259 3411 3482 3486 regione

1903 3523 2231 3581 evenerunt,
2265 3515 2402 3568 mira
2432 3520 2581 3578 sunt,
2606 3512 2808 3582 vixque
2856 3517 3094 3580 possunt
3121 3501 3342 3575 audiri;
3397 3516 3482 3564 at-

1901 3619 2010 3673 que
2060 3613 2192 3660 sunt
2239 3603 2538 3674 ejusmodi,
2603 3611 2665 3659 ut
2699 3603 2882 3660 cuncti
2932 3602 3024 3658 hic
3071 3602 3270 3658 divites
3325 3601 3482 3655 obliti

1901 3697 2106 3752 fuerint
2135 3713 2361 3752 suarum
2400 3697 2742 3759 divitiarum,
2772 3695 3192 3766 splendidarum
3255 3693 3485 3762 aedium,

1902 3800 2282 3860 cognatorum.
2329 3791 2783 3854 domesticorum,
2839 3790 3270 3861 mancipiorum,
3298 3789 3486 3843 multi-

1905 3881 2111 3936 tudinis
2141 3896 2387 3952 gregum,
2428 3889 2827 3946 armentorum,
2875 3880 3273 3950 porcellorum,
3321 3893 3484 3947 pecu-

1901 3974 2031 4029 dum
2065 3974 2244 4032 omnis
2275 3975 2517 4046 generis,
2570 3989 2826 4045 agrorum
2862 3971 3127 4028 frumenti
3192 3971 3479 4035 feracium,

1903 4065 2184 4121 vinearum
2237 4065 2732 4133 fertilissimarum,
2760 4065 3154 4133 variorumque
3187 4063 3480 4117 viridario-

1901 4176 2050 4226 rum;
2085 4167 2248 4228 alque
2277 4173 2404 4214 cum
2436 4158 2606 4212 multa
2638 4157 2990 4212 festinatione
3017 4157 3158 4211 clam
3209 4153 3278 4209 ad
3305 4162 3480 4208 extra-

1898 4267 2032 4307 neas
2059 4251 2310 4320 regiones
2339 4259 2394 4305 et
2423 4251 2491 4304 ad
2527 4249 2747 4304 urbium
2777 4249 3022 4318 reginam
3057 4248 3133 4318 (-l)
3184 4247 3481 4317 abnavigao

1898 4341 2096 4396 verint.
2125 4341 2327 4412 Eorum
2353 4345 2537 4394 autem
2571 4338 2664 4409 qui
2699 4337 2943 4408 effugere
2994 4353 3101 4392 non
3151 4345 3476 4406 potuerunt.

1897 4433 2022 4504 quis
2068 4433 2300 4488 sufficiet
2333 4432 2538 4500 tragice
2589 4431 2916 4486 enarrandis
2949 4430 3238 4502 angustiis,
3276 4429 3483 4498 disqui—

1897 4523 2222 4587 sitionibus,
2277 4521 2516 4591 publicis
2559 4521 2616 4575 in
2672 4535 2953 4576 carcerem
3012 4521 3472 4590 conjectionibus,

1898 4617 2298 4688 postulatarum
2329 4616 2688 4686 pecuniarum
2723 4613 3033 4685 quantitate
3089 4629 3264 4684 usque
3294 4612 3362 4668 ad
3397 4619 3478 4666 tot

1831 4726 1872 4780 ι)
1901 4706 2227 4764 millenaria.
2255 4701 2527 4763 Caeterum
2563 4706 2680 4763 haec
2706 4707 2822 4762 fieri
2851 4706 3104 4778 permisit
3139 4707 3348 4779 justum
3379 4705 3474 4761 Dei

1891 4799 2186 4870 judicium,
2218 4798 2290 4854 ob
2338 4798 2549 4869 peccati
2597 4799 2947 4869 gravitatem,
2996 4807 3055 4852 ut
3081 4797 3149 4851 ad
3203 4797 3476 4852 humilita-

1898 4903 2004 4948 tem
2039 4894 2269 4960 redacti,
2305 4893 2462 4949 venia
2482 4894 2715 4950 fortasse
2747 4893 2899 4964 d‘gni
2936 4892 3264 4949 habeamur.

1966 4987 2020 5040 '5.
2052 4986 2222 5056 Regio
2247 4994 2334 5041 est
2360 4986 2580 5057 Anglia,
2616 4986 2778 5056 longe
2819 4999 2853 5040 ι
2902 4984 3171 5041 Retnania
3220 4984 3288 5039 ad
3320 4985 3476 5052 aqui-

1895 5077 2098 5140 lonem,
2128 5091 2160 5131 e
2194 5092 2302 5147 qua
2329 5077 2630 5148 Anglorum
2654 5076 2832 5131 nubes
2853 5090 2979 5130 cum
3007 5089 3200 5131 eorum
3221 5074 3472 5144 principe

1897 5169 2214 5226 conscensis
2243 5169 2453 5240 magnis
2478 5169 2733 5241 navigiis,
2763 5183 2886 5240 quae
2911 5183 3064 5224 naca:
3087 5167 3166 5239 (5)
3192 5164 3472 5235 appellan-

1904 5503 2012 5576 ξιξά
2050 5503 2106 5576 in
2136 5519 2216 5576 ire
2264 5503 2496 5576 obscura
2543 5518 2644 5558 suo
2700 5504 2934 5576 quisque
2980 5496 3462 5576 utaturgrbitriu.

1900 5571 2284 5644 suspicabitur
2351 5573 2582 5628 fortasse
2629 5569 2926 5627 nonnullus
2979 5569 3240 5634 λαγῑνιῶν
3289 5580 3325 5620 ο·
3365 5569 3464 5618 λα-

1895 5643 2041 5712 γίνη,
2097 5645 2274 5713 lepus.

1961 5713 2036 5784 (—f)
2067 5711 2621 5784 Constantinopolim.

1959 5781 2034 5854 (Si)
2055 5783 2301 5838 Glossar.
2346 5781 2587 5838 Fresnii.
