3912 6244
232 307 325 376 501

1261 318 1296 378 ,ἶ
1300 316 1501 377 ΟΑΝΝ
1508 317 1582 379 IS
1613 316 1867 379 CHILIE
1911 320 2410 388 FRAGMENTA.

3294 300 3295 311 ‘
3356 312 3481 389 '502

233 439 316 478 νον
365 418 579 484 ἀνύσας
635 421 801 493 μηδὲν
844 422 874 476 6
921 421 1224 496 ἀλιτήριος,
1289 424 1454 492 ἤνυσε
1500 424 1661 479 τοῦτο
1708 425 1806 480 καὶ

1914 432 2057 499 quod
2108 433 2317 489 Latinis
2364 435 2605 508 Cyprum
2659 435 2905 494 vendidit
2938 392 3197 493 ducentis
3237 435 3478 491 millibus

237 514 407 582 μόνον,
450 513 767 585 διαπράσας
809 514 910 585 τὴν
939 515 1128 586 χώραν
1160 516 1415 583 Λατίνοις
1465 519 1691 589 χρυσίου
1715 536 1802 590 χι-

234 607 420 661 λιάδων
443 608 650 680 λιτρῶν
675 609 985 666 διακοσίων.
1017 612 1108 665 Διὸ
1134 612 1225 666 καὶ
1246 613 1413 679 πολὺς
1431 615 1458 667 6
1485 615 1802 685 ὀλολυγμὸς,

237 702 322 755 καὶ
364 700 645 771 ἀφόρητος
681 703 709 755 6
753 705 982 767 καπνὸς,
1034 703 1112 767 ὡς
1155 704 1508 777 προείρηται,
1557 708 1585 760 6
1631 707 1805 761 ἐλθὼν

235 794 293 846 ὲκ
332 792 426 847 τοῦ
463 792 660 864 βορῤἆ.
720 796 856 865 Περὶ
892 789 968 850 ὧν
998 797 1027 849 6
1056 796 1229 851 θέλων
1254 797 1496 869 δηλῶσαι
1528 800 1671 855 κατὰ
1709 801 1807 871 μέ-

238 901 341 955 ρος,
367 884 465 937 καλ⁵
487 884 516 935 6
537 886 731 955 χρόνος
761 885 1055 955 ἐπιλείψει.

298 979 374 1038 ς’.
403 974 756 1045 Μαινομένης
779 975 1054 1047 θαλάσσης
1074 976 1139 1031 ἐκ
1156 977 1363 1048 πολλῆς
1386 979 1690 1049 τρικυμίας
1712 983 1809 1034 καὶ

237 1064 428 1134 πολλῆς
455 1065 772 1129 καταιγίδος
808 1066 962 1121 οὐδὲν
1007 1069 1227 1122 ἀποδέει
1270 1070 1366 1124 νῦν
1394 1072 1460 1125 τὰ
1482 1073 1583 1141 τῆς
1626 1072 1807 1144 χώρας

236 1158 266 1226 ἡ
273 1156 409 1226 μῶν·
433 1156 638 1224 μᾶλλον
656 1157 711 1210 δὲ
726 1158 819 1211 καὶ
836 1160 1019 1230 χεῖρον
1038 1160 1233 1231 ἀγρίας
1251 1160 1548 1232 θαλάσσης.
1565 1165 1808 1237 Ἑκείνης

236 1248 334 1317 rip
358 1247 459 1318 τὴν
491 1249 792 1318 ἀγριότητα
822 1250 1126 1320 διαδέχεται
1166 1252 1373 1324 γαλήνη
1398 1271 1409 1283 ·
1460 1255 1647 1309 ἐνθάδε
1692 1258 1750 1310 δὲ
1782 1258 1810 1309 6

236 1338 439 1392 κλύδων
469 1341 820 1411 καθεκάστην
853 1342 1100 1410 ἑπαύξει,
1133 1347 1229 1399 καὶ
1251 1345 1312 1400 τὸ
1360 1346 1612 1417 ῥαγδαῖον
1644 1349 1809 1401 αὐτοῦ

232 1431 375 1494 τέλος
409 1432 512 1483 οὐκ
540 1431 685 1501 ἔχει·
729 1435 778 1486 εί
822 1434 897 1505 μή
935 1451 1040 1489 που
1069 1435 1346 1500 ἀκούσειε,
1377 1436 1565 1507 Μέχρι
1594 1441 1811 1494 τούτου

234 1520 482 1589 ἐλεύσῃ,
505 1523 603 1576 καί
635 1526 748 1593 οὐχ
772 1524 1108 1595 ὐπερϐήσῃ,
1130 1528 1269 1582 ἀλλ’
1304 1527 1375 1582 ἐν
1409 1527 1645 1598 σεαυτῇ
1659 1545 1812 1584 συν-

234 1615 574 1683 τριϐήσεταί
587 1630 703 1671 σου
734 1618 807 1672 τὰ
826 1620 1079 1688 κύματα.
1116 1620 1203 1673 Ἐν
1244 1624 1310 1691 τῇ
1342 1624 1600 1695 Λευιτῖκῇ
1645 1623 1814 1695 βίϐλῳ

233 1705 537 1778 γέγραπται
573 1707 870 1780 διαρρήδην
915 1709 985 1763 τὰ
1031 1711 1091 1764 ὲν
1139 1713 1204 1782 τῇ
1252 1713 1502 1784 γῇἠμῶν
1553 1717 1815 1786 συναντή-

231 1799 666 1869 σανταπήματα,
691 1800 807 1869 ἦτοι
823 1801 1073 1872 πόλεμοι,
1092 1796 1277 1874 ἧτται,
1301 1805 1507 1875 σποραὶ
1529 1806 1809 1876 διακενῆς,

230 1890 564 1945 ὑπεναντίων
586 1892 757 1964 ἐδωδὴ
782 1895 1045 1964 καμάτων
1068 1895 1225 1966 ἡμῶν
1253 1911 1268 1926 ³
1296 1898 1388 1951 καὶ
1412 1899 1444 1968 ή
1479 1898 1629 1968 ἰσχὺς
1656 1899 1813 1969 ἡμῶν

229 1983 442 2048 trivere
471 1986 555 2046 είς
575 1984 750 2038 οὐδέν·
771 1978 865 2039 ἰαὶ
889 1987 1189 2057 ἐγενόμεθα
1218 1987 1490 2057 ὁλιγοστοί
1516 2006 1532 2021 ο
1558 1991 1655 2042 καὶ
1685 1990 1814 2054 λαὸς

230 2072 512 2147 ἀλλότριος
539 2076 856 2149 ἐπληθύνθη
885 2080 944 2133 ἐν
973 2082 1038 2151 τῇ
1070 2083 1140 2151 γῇ
1164 2067 1352 2149 ήμῶνξ
1409 2083 1811 2150 Ἔπορεύθιιτε

229 2169 372 2233 πρός
391 2184 477 2236 με
509 2167 774 2236 πλάγιοι,
819 2170 964 2238 λέγει
984 2173 1011 2223 6
1032 2170 1186 2236 Θεὸς,
1226 2172 1387 2243 κάγὼ
1438 2170 1810 2244 πορεύσομαι

227 2258 369 2325 πρὸς
394 2257 560 2327 ὑμᾶς
581 2259 653 2312 ἐν
672 2260 835 2330 θυμῷ
851 2262 1103 2332 πλαγίῳ.
1124 2264 1360 2335 Καὶιγὰρ
1384 2263 1554 2328 οὕτως
1581 2265 1713 2335 ἔχει.
1744 2266 1806 2319 Εἰ

229 2350 404 2421 μήπω
431 2352 549 2421 γάρ
567 2368 651 2415 τις
668 2354 903 2424 νοσήσας
933 2356 1188 2429 χωλανεῖ,
1211 2357 1322 2410 οὐδ’
1345 2356 1374 2410 6
1404 2358 1587 2425 ἰατρὸς
1611 2357 1807 2426 ἐπάγει

228 2444 393 2514 τομὴν
413 2444 564 2512 μετὰ
583 2445 808 2513 πικρίας
821 2445 917 2499 καὶ
932 2445 1201 2511 καύσεως.
1214 2448 1384 2519 Δῆλον
1409 2449 1492 2501 ὅτι
1513 2451 1606 2501 καὶ
1620 2450 1804 2519 ἡμεῖς,

228 2534 274 2587 εί
307 2537 380 2605 μή
418 2553 533 2589 που
565 2536 740 2591 πολλὰ
768 2537 858 2591 τὸν
888 2538 1203 2605 πανάγαθον
1241 2540 1425 2612 ἰατρὸν
1470 2541 1629 2611 ἡμῶν
1673 2554 1808 2610 παρ-

233 2629 750 2699 ιπικράναμεν,καὶ
778 2629 1020 2699 πλαγίως
1049 2632 1185 2703 πρὸς
1214 2632 1376 2686 αὐτὸν
1401 2632 1800 2703 ἐπορεύθημεν,

228 2721 323 2775 οὐκ
352 2721 419 2776 ἂν
453 2723 559 2776 καὶ
588 2722 752 2785 αὐτὸς
792 2723 1040 2793 πλαγίως
1060 2726 1204 2796 πρὸς
1234 2725 1382 2795 ἡμᾶς
1420 2723 1660 2796 διετέθη,
1697 2741 1801 2779 τω-

224 2811 503 2883 τηριωδῶς
526 2813 980 2885 καταπικραίνων
1009 2794 1157 2885 ἡμᾶς

293 3104 316 3137 ³
343 3104 449 3162 Job
477 3120 712 3173 xxxvm,
750 3106 839 3163 H.
935 3107 957 3139 ’⁵
981 3107 1159 3164 Levit.
1200 3125 1346 3177 τινι,
1398 3109 1466 3165 16
1486 3118 1542 3166 et
1572 3125 1731 3181 seqq.

1908 520 2026 574 auri
2056 521 2346 580 librarum.
2383 524 2653 592 Quocirca
2709 528 2948 599 ejulatus
2980 513 3207 592 multus,
3246 534 3298 581 et
3333 526 3480 579 into-

1906 611 2152 668 lerabilis
2181 616 2384 682 fumus,
2418 629 2478 673 ut
2500 628 2659 675 antea
2693 620 2902 675 dictum
2940 629 3046 686 est,
3084 634 3151 674 ex
3207 618 3482 688 Aquilone

1909 706 2060 761 venit
2088 726 2101 762 :
2137 707 2205 763 de
2231 710 2432 779 quibus
2465 728 2591 768 eum
2616 702 2723 784 qui
2740 713 2977 769 voluerit
3011 712 3291 783 sigillatim
3315 725 3483 783 expo-

1908 814 2064 866 nere,
2107 809 2324 871 tempus
2350 802 2589 859 deficiet.

1988 976 2040 1030 6.
2075 976 2323 1031 Praesens
2353 974 2519 1045 hujus
2545 973 2647 1029 loci
2664 981 2839 1029 status
2867 988 3215 1044 nequaquam
3249 957 3483 1027 inferior

1909 1078 1991 1126 est
2044 1069 2179 1123 mari
2231 1084 2297 1124 ex
2357 1066 2567 1138 ingenti
2638 1074 2986 1136 tempestate,
3056 1063 3484 1133 vehementique

1868 1198 1877 1207 ι
1912 1161 2153 1234 procella
2186 1160 2391 1216 furiose
2423 1159 2666 1230 agitato;
2723 1158 2972 1230 quinimo
3005 1157 3175 1213 feroci
3216 1157 3354 1214 mari
3386 1155 3485 1211 de-

1915 1254 2106 1319 terior,
2156 1252 2429 1322 siquidem
2484 1251 2659 1321 pelagi
2714 1250 3057 1306 ferocitatem
3120 1247 3486 1318 tranquillitas

1914 1345 2118 1409 excipit
2143 1362 2157 1408 ;
2191 1344 2280 1399 hic
2298 1359 2429 1398 vero
2463 1342 2697 1414 singulis
2724 1326 2920 1397 diebus
2948 1341 3154 1397 crescit
3180 1338 3486 1402 ﬂuctuatio,

1914 1438 2144 1506 ejusque
2195 1436 2434 1504 impetus
2463 1432 2625 1488 finem
2666 1449 2774 1487 non
2839 1432 3036 1499 habet;
3088 1430 3193 1486 nisi
3218 1430 3357 1485 forte
3387 1444 3488 1483 au-

1916 1529 2127 1583 dierit:
2193 1527 2474 1598 [lucusque
2519 1528 2716 1590 venies,
2755 1534 2806 1579 et
2859 1542 2963 1579 non
3017 1520 3488 1594 prwtergredieris,

1915 1620 2007 1674 sed
2043 1622 2096 1675 in
2147 1629 2195 1674 te
2244 1619 2666 1673 comminuentur
2713 1619 2906 1688 ﬂuctus
2956 1617 3032 1669 tui
3066 1615 3108 1671 ³.
3138 1614 3195 1668 lu
3257 1610 3491 1667 Levitici

1917 1712 2060 1768 libro
2083 1712 2312 1781 ‘aperte
2336 1710 2554 1777 scriptae
2587 1717 2715 1764 sunt
2750 1708 2934 1764 clades
2963 1722 3083 1777 quae
3130 1705 3183 1760 in
3218 1713 3364 1759 terra
3397 1717 3491 1756 no-

1916 1813 2027 1859 stra
2052 1809 2364 1857 evenerunt
2390 1816 2404 1853 :
2432 1798 2575 1853 bella
2597 1798 2830 1860 scilicet,
2855 1796 3220 1860 devictiones,
3250 1792 3493 1848 sationes

1917 1893 1972 1947 in
2026 1905 2252 1954 vanum,
2300 1897 2619 1943 nostrorum
2672 1887 2926 1941 laborum
2995 1899 3092 1955 per
3144 1881 3494 1937 adversarios

1919 1982 2214 2048 comestio;
2254 1988 2310 2035 et
2341 1978 2609 2034 fortitudo
2650 1986 2839 2033 nostra
2870 1977 2938 2032 ad
2980 1975 3218 2032 nihilum
3257 1973 3489 2037 recidit;

1915 2074 2076 2147 pauci
2105 2074 2235 2129 facti
2263 2088 2492 2137 sumus;
2528 2080 2585 2127 et
2624 2071 2862 2142 populus
2906 2069 3121 2125 alienus
3155 2065 3490 2136 multiplica-

1913 2176 2003 2222 tus
2029 2175 2111 2222 est
2148 2165 2202 2220 in
2245 2174 2387 2220 terra
2430 2172 2634 2220 nostra.
2679 2161 3052 2218 Ambulavistis
3082 2173 3209 2230 erga
3257 2173 3338 2212 me
3365 2153 3496 2210 oblt-

1907 2262 2016 2329 qui,
2042 2258 2175 2313 dicit
2212 2258 2378 2321 Deus,
2413 2266 2463 2311 et
2498 2273 2591 2328 ego
2644 2254 2930 2310 ambulabo
2964 2244 3281 2325 crgarvosiu
3308 2250 3487 2320 furore

1908 2349 2134 2418 obliquo.
2174 2348 2390 2404 Etenim
2444 2348 2519 2402 ita
2580 2362 2669 2401 res
2714 2345 2902 2401 habet.
2953 2343 3066 2400 Nisi
3108 2341 3255 2398 enim
3291 2337 3493 2408 aliquis

1909 2450 2183 2512 :egrotans
2238 2437 2656 2502 claudicaverlt,
2717 2452 2898 2507 neque
2968 2433 3187 2488 inducit
3243 2428 3492 2485 medicus

1907 2533 2207 2589 sectionem
2255 2547 2378 2588 cum
2434 2530 2738 2585 acrimonia
2772 2537 2827 2583 et
2874 2526 3115 2582 ustione.
3146 2523 3314 2579 Patet,
3344 2518 3493 2589 quod

1914 2621 2078 2676 etiam
2112 2637 2213 2676 nos
2238 2622 2342 2676 nisi
2369 2620 2669 2691 plurimum
2696 2618 3241 2674 exaeerbavissemus
3264 2623 3493 2668 summae

1915 2713 2177 2770 bonitatis
2248 2713 2524 2768 medicum
2593 2719 2869 2773 nostrum.
2961 2715 3017 2763 et
3082 2705 3305 2774 oblique
3364 2714 3495 2771 erga

1917 2805 2069 2859 illum
2120 2804 2638 2870 ambulavissemus,
2690 2813 3037 2872 nequaquam
3081 2806 3153 2853 et
3190 2796 3307 2866 ipse
3362 2806 3495 2861 erga

1917 2910 2019 2950 nos
2041 2895 2265 2964 oblique
2290 2894 2523 2951 affectus
2569 2893 2786 2958 fuisset,
2816 2891 3114 2953 salubriter
3154 2901 3258 2942 nos
3291 2882 3494 2943 amari-

1919 2986 2108 3043 tudine
2140 2987 2384 3059 replens.

244 3276 3435 3312 mw

1458 3455 1637 3501 ANNO
1673 3452 1900 3500 DOMINI
1944 3451 2182 3498 MCXCV.

920 3633 1897 3828 JOANNES
1997 3629 2787 3815 CHILAS

1362 4002 1363 4005 η
1459 3936 1707 3996 EPHESI
1743 3931 2265 3996 METROPOLITA.

949 4118 1551 4238 NOTITIA
1634 4116 1822 4232 ET
1918 4111 2805 4231 FRAGMENTA

937 4343 1030 4407 (Ex
1060 4341 1240 4408 Angeli
1263 4340 1376 4394 Maii
1401 4341 1698 4392 Praefatione
1733 4340 1794 4391 ad
1812 4346 1943 4390 “tom.
1990 4339 2051 4389 Vl
2072 4333 2332 4401 Spicilegii
2356 4332 2584 4394 Romani,
2610 4346 2661 4395 p.
2688 4328 2821 4393 xvn)‘

276 4659 424 4718 inter
459 4652 702 4714 codices
734 4648 1048 4714 Vaticanos,
1087 4646 1183 4718 qui
1217 4641 1553 4716 dogmaticas
1590 4640 2008 4696 controversias
2041 4637 2112 4692 de
2145 4635 2387 4706 Spiritus
2421 4634 2596 4689 sancti
2636 4630 2991 4703 processione
3047 4630 3214 4687 etiam
3249 4644 3281 4687 a
3327 4629 3490 4696 Filio.

210 4752 290 4806 vel
338 4750 410 4806 de
456 4751 741 4805 Romanae
788 4741 1047 4799 Ecclesiae
1093 4738 1337 4811 primatu
1383 4735 1694 4800 continent,
1745 4734 1832 4790 vel
1885 4733 2153 4790 subnatas
2203 4728 2340 4784 alias
2397 4743 2497 4799 per
2543 4726 2784 4785 schisma
2830 4733 2885 4783 et
2938 4726 3253 4782 animorum
3300 4736 3496 4782 aestum

210 4840 593 4909 quaestiones.
646 4832 822 4886 multa
863 4829 1179 4886 Graecorum
1228 4823 1510 4896 opuscula'
1547 4836 1844 4878 occurrere
1887 4821 2021 4876 alibi
2070 4818 2219 4885 dixi,
2250 4831 2487 4889 quorum
2541 4830 2710 4870 unum
2758 4815 2846 4871 vel
2874 4815 3110 4871 alterum
3146 4813 3503 4885 peculiariter

207 4903 700 4982 commemorabo,
734 4915 1090 4984 indidemque
1117 4919 1377 4980 excerpta
1416 4911 1763 4980 depromatn.
1802 4909 1983 4980 Atque
2023 4909 2079 4964 in
2112 4908 2305 4978 primis
2337 4906 2567 4963 Joannis
2599 4905 2772 4963 Clidae
2814 4906 2955 4977 (sive
2987 4903 3182 4974 Chilae)
3216 4913 3498 4974 metropo-

206 5011 314 5067 lita:
340 5011 557 5081 Ephesi
615 5002 949 5076 perdoctam
980 4999 1092 5055 vidi
1139 4998 1389 5055 libellum
1420 4999 1492 5053 ob
1523 4996 1840 5054 schismatis
1885 4994 2315 5052 detestationem
2361 4993 2783 5065 conscriptum;
2832 5000 2889 5049 et
2917 4993 3141 5064 quidem
3185 4990 3390 5062 duplici
3438 4991 3498 5045 in

205 5079 555 5169 exemplari.
627 5092 810 5146 altero
863 5088 1062 5144 latiore
1116 5086 1243 5143 cod.
1298 5085 1486 5141 Ottob.
1539 5084 1684 5149 225,
1749 5083 1923 5141 altero
1946 5093 2131 5141 autem
2194 5084 2474 5140 strictiore
2546 5083 2798 5139 oratione
2847 5082 3313 5154 comprehensum
3364 5079 3493 5135 cod.

206 5168 389 5248 Ottob.
436 5189 578 5244 2l5.
626 5181 888 5239 Hominis
929 5180 1231 5251 scriptique
1264 5180 1358 5234 vix
1400 5180 1738 5234 mentionem
1785 5176 1917 5231 facit
1952 5174 2186 5229 Allatius
2216 5172 2420 5228 Contra
2457 5172 2875 5244 Creyghtonum,
2914 5188 2970 5243 p.
3005 5171 3130 5233 644,
3163 5177 3218 5224 et
3256 5168 3331 5223 De
3368 5182 3497 5220 con-

204 5296 356 5345 εεηιιι
392 5295 451 5351 p.
506 5275 649 5339 515,
692 5270 933 5340 denique
972 5267 1046 5323 De
1096 5267 1373 5322 Methodiis
1404 5282 1459 5337 p.
1490 5265 1595 5321 565
1624 5274 1679 5320 et
1711 5264 1836 5329 377,
1871 5279 1984 5334 quo
2023 5275 2304 5335 postremo
2336 5264 2458 5319 loco
2491 5265 2815 5334 particulam
2847 5277 3069 5333 quoque
3107 5259 3320 5314 recitat.
3354 5255 3493 5311 Nam

206 5375 376 5429 altera
393 5347 510 5427 illa
542 5363 829 5441 particula
855 5378 977 5430 quae
1008 5377 1065 5431 p.
1098 5361 1205 5417 514
1234 5360 1312 5414 De
1339 5375 1485 5414 cons.
1515 5357 1737 5428 legitur,
1770 5373 1839 5411 ex
1872 5357 2095 5412 diverso
2130 5356 2357 5427 Ephesii
2394 5356 2604 5425 scripto
2648 5356 2914 5410 dimanat.
2959 5352 3097 5407 Fuit-
3126 5349 3218 5403 hic
3246 5347 3490 5441 {omlnes

209 5462 351 5517 inter
383 5435 604 5530 Ephesi
649 5449 1037 5520 metropolitas
1065 5449 1170 5503 hoc
1193 5447 1418 5502 nomine
1452 5446 1680 5515 quintus
1705 5483 1718 5505 .
1756 5444 1854 5515 qui
1890 5454 2140 5515 tempore
2170 5445 2365 5516 synodi
2399 5442 3023 5512 Constantinopolitanae
3061 5435 3334 5499 innotuit,
3383 5435 3492 5490 sub

207 5520 533 5603 Andronico
566 5536 851 5604 secundo,
880 5536 1163 5591 Michaelis
1191 5534 1367 5592 octavi
1399 5534 1531 5596 ﬁlio,
1563 5542 1909 5603 congregatae
1956 5533 2028 5587 ob
2059 5533 2337 5588 sedandos
2363 5530 2626 5588 Ecclesiae
2653 5530 2856 5585 Graeca
2890 5532 3091 5587 mollis.
3123 5535 3219 5576 seu
3246 5520 3489 5576 δοιιίειηίι

211 5639 352 5693 inter
396 5628 755 5691 Arseniotas
800 5640 865 5681 ac
912 5623 1244 5695 Josephinos
1290 5631 1517 5694 propter
1579 5621 1847 5676 ambitum
1898 5620 2043 5676 sedis
2095 5618 2479 5688 patriarchalis
2531 5616 2887 5674 concitatum.
2942 5609 3055 5667 Etsi
3100 5617 3284 5663 autem
3340 5609 3497 5683 apud

210 5723 546 5797 Lequinium
597 5713 705 5773 Or.
747 5713 828 5767 ch.
864 5710 1068 5767 dicitur
1106 5711 1315 5784 synodo
1344 5709 1635 5785 Ephesius
1674 5724 1786 5764 non
1829 5709 2356 5783 interfuisse,_nuttc
2398 5715 2589 5764 contra
2627 5703 2893 5762 accidisse
2926 5699 3240 5765 cernimus;
3282 5698 3493 5755 etenim
