3942 6250
431 315 534 375 507

1413 307 1723 369 NICULAI
1762 303 2316 365 METHONENSlS
2365 299 2708 360 EPISCOPI

3595 295 3662 359 Et}
3676 295 3700 352 ἶ

430 412 812 479 exsistentiam
885 417 1220 477 sanctissimi
1289 417 1534 487 Spiritus
1592 415 2010 486 designautem,

2130 427 2287 472 1.1m;
2314 407 2740 478 εὑρισκομένην,
2795 407 2891 459 καὶ
2935 402 3358 474 παραστατικὴν
3405 400 3575 471 μόνης
3605 404 3708 470 τῆς

437 517 640 572 Deiferi
669 515 864 570 Patres
895 522 951 568 et
984 511 1296 582 intelligunt
1327 519 1382 564 et
1411 509 1714 578 accipiunt,
1748 506 2019 577 quemad-

436 606 658 660 modum
697 615 755 659 et
795 604 1204 674 processiouem
1242 602 1449 670 ipsam,
1480 609 1536 654 et
1571 598 2016 668 productionem.

433 699 614 762 Quare
643 696 790 749 circa
829 697 971 748 hanc
998 709 1190 748 vocem
1223 691 1504 761 quippiam
1541 690 1894 754 innovantes,
1925 699 2022 744 aut

435 789 829 853 decernentes,
877 795 972 842 aut
1018 785 1396 840 monumentis
1439 783 1860 854 consigna‘ntes,
1899 798 2053 836 eam

436 880 647 935 scilicet
685 879 983 949 aliquando
1019 878 1073 931 in
1116 876 1326 930 divinis
1367 875 1594 930 Litteris
1637 873 2021 930 exsistentiam

437 973 745 1042 designare,
767 971 1066 1040 aliquando
1095 968 1512 1034 revelationem,
1565 967 2021 1027 illuminationem

436 1071 493 1117 et
515 1061 957 1132 explicationem,
989 1069 1267 1115 rectorum
1301 1059 1355 1112 hi
1389 1059 1709 1130 dogmatum
1738 1059 2024 1114 adultera-

441 1163 620 1219 tores,
657 1163 713 1208 et
745 1155 905 1222 longe
936 1168 966 1207 a
1015 1151 1248 1205 veritate
1292 1153 1651 1212 aberrantes.
1702 1160 2021 1217 censentur;

439 1255 814 1314 pmtereaque
845 1243 1204 1297 detestabiles
1230 1254 1380 1308 sunt,
1415 1243 1703 1313 dignique,
1731 1259 1873 1312 quos
1903 1259 2024 1298 om-

441 1353 541 1391 nes
587 1345 932 1390 aversentur.
987 1336 1096 1390 Ista
1147 1335 1298 1389 hunc
1349 1335 1403 1389 in
1456 1336 1678 1389 modum
1731 1337 2026 1404 praeteritis

443 1427 786 1496 temporibus
814 1436 1002 1481 sancta
1035 1427 1130 1481 Dei
1157 1427 1391 1481 ecclesia
1419 1427 1804 1491 novit,tenuit,
1836 1428 2024 1482 sanci-

445 1522 548 1584 vit,
583 1518 808 1581 docuit,
851 1527 901 1572 et
943 1518 1185 1587 professa
1219 1527 1324 1573 est.
1361 1517 1487 1572 Haec
1523 1534 1624 1574 nos
1660 1535 1882 1588 quoque
1916 1535 2024 1575 non

446 1629 555 1666 una
591 1615 804 1667 ratione
836 1621 1026 1666 tenere
1050 1653 1062 1675 ,
1107 1612 1440 1676 decernere,
1484 1613 1719 1679 docere,
1760 1615 2023 1683 proﬁteri,

2126 503 2412 571 ὑπάρξεως
2473 501 2566 555 τοῦ
2624 501 2893 567 παναγιου
2965 497 3289 568 Πνεῦματος
3349 497 3400 549 οἱ
3454 495 3706 564 θεοφόροι

2127 593 2371 660 Πατέρες
2411 592 2497 644 ἀεὶ
2533 592 2626 644 καὶ
2655 589 2864 654 νοοῦσι,
2893 590 2988 643 καὶ
3019 586 3453 657 ἐκλαμϐάνουσι.
3514 586 3705 638 K101-

2124 700 2230 753 περ
2280 685 2390 753 ἄρα.
2415 681 2509 735 καὶ
2560 681 2658 753 τὴν
2711 680 3041 751 ἐκπόρευσιν
3094 678 3284 749 αὐτὴν,
3317 678 3413 730 καὶ
3440 676 3540 747 τὴν
3573 693 3707 746 προσ

2123 776 2307 846 ϐολήν.
2336 776 2398 826 Οἱ
2426 773 2557 842 γοῦν
2592 772 3072 842 καινοτομοῦντες,
3105 775 3200 825 καὶ
3243 771 3454 839 ταύτην
3488 769 3552 839 δὴ
3605 769 3708 837 τὴν

2125 868 2330 937 φωνὴν,
2359 868 2456 919 καὶ
2486 864 2916 934 δογματίζοντες
2947 863 3090 934 ἅμα,
3130 863 3227 916 καὶ
3271 862 3605 932 γράφοντες.
3629 861 3708 924 ὼς

2125 957 2226 1012 ποῦ
2280 959 2376 1028 μὲν
2425 958 2532 1010 τῶν
2589 954 2820 1026 Γριφῶν
2876 956 2986 1007 τῶν
3034 954 3206 1021 ἁγίων
3239 953 3532 1020 ὑπάρξεως
3560 953 3710 1003 ἐστὶν

2126 1050 2264 1121 αὕτη
2303 1049 2713 1119 παραστατικὴ,
2747 1047 2849 1100 ποῦ
2885 1047 2942 1101 δὲ
2974 1047 3138 1101 πάλιν
3169 1045 3562 1115 φανερώσεως,
3613 1042 3711 1096 καὶ

2125 1144 2466 1212 ὲκεράνσεως,
2519 1143 2612 1194 καὶ
2633 1140 2964 1214 ὲκλὰμψεως
2994 1141 3104 1192 τῶν
3128 1138 3305 1208 ὀρθῶν
3340 1139 3711 1208 παραχαρὰκ-

2125 1253 2216 1288 ται
2249 1235 2340 1287 καὶ
2361 1227 2509 1287 οὗτοι
2537 1233 2825 1302 δογμάτων
2854 1231 3149 1299 λογίζεται,
3205 1231 3297 1283 καὶ
3326 1229 3431 1298 τῆς
3453 1228 3712 1296 ἀληθείας

2127 1328 2318 1399 πὸρῤω
2357 1326 2675 1395 φερόμενοι,
2727 1325 2826 1377 καὶ
2867 1324 3016 1392 παρὰ
3063 1322 3221 1375 τοῦτο
3251 1321 3446 1392 μίσους
3471 1320 3549 1391 τῷ
3576 1320 3712 1378 byn,

2130 1421 2223 1472 καὶ
2264 1419 2618 1487 ἀποστροφῆς
2652 1415 2810 1480 ἄξιοι.
2873 1415 3060 1468 Ταῦτα
3105 1413 3278 1476 οὕτως
3313 1407 3458 1466 οἶδεν
3510 1413 3714 1463 ἄνωθεν

2127 1514 2160 1581 ἡ
2188 1511 2279 1564 τοῦ
2307 1509 2440 1562 Θεοῦ
2477 1510 2610 1576 ἁγία
2653 1506 2952 1576 Ἐκκλησία
2981 1509 3225 1584 φρονεῖν,
3265 1507 3408 1559 οὔτω
3441 1506 3708 1574 δογματί-

2131 1602 2275 1666 ζειν,
2321 1600 2467 1653 οὕτω
2516 1599 2792 1652 διδάσκειν
2821 1615 2833 1629 ·
2867 1597 3042 1662 οὕτως
3089 1598 3372 1666 ὁμολογεῖν
3420 1597 3715 1648 ταῦτακαὶ

446 1705 620 1759 multo
660 1705 862 1759 abhinc
897 1713 1142 1772 tempore
1181 1705 1250 1757 ab
1286 1705 1483 1759 eadem
1527 1707 1859 1774 accepimus.
1903 1706 2026 1760 Haec

2132 1696 2312 1763 ἡμεῖς,
2337 1691 2480 1745 οὕτω
2540 1693 2780 1760 φρονεῖν,
2805 1689 2951 1743 οὕτω
2977 1689 3350 1759 δογματίζειν,
3379 1689 3525 1740 οὕτω
3569 1687 3716 1739 διδά-

445 1806 501 1849 et
527 1795 594 1850 ad
620 1796 766 1850 hunc
792 1795 936 1850 diem
968 1796 1256 1850 nobiscum
1287 1797 1410 1850 lites
1439 1804 1764 1850 exercentes
1795 1798 1838 1851 si
1872 1797 2022 1852 hunc

449 1886 501 1938 in
535 1885 754 1939 modum
799 1884 1031 1955 professi
1071 1884 1309 1947 fuerint,
1351 1895 1464 1938 tum
1509 1898 1606 1938 ore
1647 1893 1759 1937 tum
1794 1885 2020 1953 scripto,

449 1977 643 2043 partim
676 1992 771 2042 ea,
804 1986 1064 2046 tanquam
1103 1985 1266 2030 recta:
1302 1975 1567 2030 doctrina:
1602 1991 1864 2041 consona,
1897 1993 2026 2031 exo-

446 2066 748 2131 sculantes,
784 2068 982 2135 partim
1007 2073 1066 2118 ut
1099 2065 1442 2134 blasphema,
1475 2063 1826 2117 anathemate
1856 2064 2024 2127 dicto,

448 2172 602 2225 aeque
633 2171 696 2210 ac
720 2172 822 2210 nos
849 2156 1255 2227 abjudicnntes,
1285 2165 1449 2210 erunt
1477 2154 1635 2208 nobis
1661 2155 1731 2208 ab
1763 2157 1866 2209 hoc
1895 2162 2031 2208 tem-

449 2262 583 2315 pore
614 2247 811 2301 fratres
838 2245 1109 2316 germani,
1139 2256 1398 2314 recteque
1429 2245 1754 2300 sentientes.
1784 2243 1893 2300 Nos
1923 2261 2030 2299 una

451 2354 576 2392 eum
625 2337 692 2392 iis
733 2338 975 2407 perfecte
1009 2338 1425 2400 reconciliatos,
1467 2353 1638 2407 seque
1677 2353 1744 2392 ex
1776 2337 1939 2391 corde
1973 2352 2035 2391 ac

453 2430 678 2498 pacilice
700 2446 731 2484 a
761 2431 923 2484 nobis
951 2431 1206 2499 amplecti
1235 2432 1578 2498 persentient
1603 2447 1617 2484 :
1641 2429 1785 2500 quod
1811 2429 1855 2484 si
1883 2429 2036 2482 aliud

456 2519 563 2573 illis
594 2520 650 2573 in
687 2521 872 2576 animo
903 2522 1091 2587 fuerit,
1121 2521 1266 2592 quod
1301 2523 1446 2577 Deus
1475 2533 1711 2590 avertat,
1739 2537 2031 2592 nusquam,

456 2623 634 2678 neque
677 2611 789 2667 ullo
824 2622 1090 2683 tempore.

2133 1803 2308 1850 σκειν,
2364 1784 2538 1846 οὕτως
2589 1783 2878 1854 ὁμολογεῖν
2937 1783 3224 1849 ἀνέκαθεν,
3292 1783 3391 1835 καὶ
3448 1783 3507 1845 ἐς
3557 1781 3715 1850 δεῦρο

2133 1877 2266 1946 παρ’
2321 1875 2495 1944 αὐτῆς
2534 1875 2942 1945 παρελάεομεν.
2981 1874 3166 1927 Ταῦτα
3199 1875 3378 1926 κα.ὶοί
3420 1874 3586 1942 μέχρι
3614 1871 3716 1937 τῆς

2131 1968 2225 2022 νῦν
2282 1968 2669 2038 διαφερόμενοι
2727 1968 2866 2038 πρὸς
2915 1969 3098 2037 ἡμᾶς,⁸
3139 1967 3188 2018 εἰ
3231 1966 3406 2028 οὕτως
3452 1965 3720 2034 ὁμολογῇ·

2135 2074 2308 2122 σαιεν,
2341 2057 2478 2128 ὁμοῦ
2539 2057 2662 2126 μὶν,
2718 2059 2810 2110 καὶ
2853 2058 2960 2112 ἀπὸ
3039 2057 3326 2128 στόματος,
3367 2055 3506 2125 ὁμοῦ
3541 2055 3716 2108 δὲκαὶ

2133 2146 2221 2200 διὰ
2252 2146 2603 2217 Γραμμάτων
2635 2161 2651 2176 ο
2694 2145 2763 2198 τὰ
2796 2147 2893 2216 μὲν
2933 2146 3405 2216 ὲνστερνιζὸμενοι
3447 2145 3521 2208 ὡς
3576 2143 3712 2216 ὀροὰ

2141 2239 2407 2309 δηλονότι,
2438 2237 2506 2290 τὰ
2532 2238 2589 2292 δὲ
2615 2239 2690 2303 ὥς
2754 2238 3053 2309 βλάσφημα
3085 2239 3163 2310 τῷ
3202 2238 3507 2308 ἀναθέματι
3538 2255 3716 2308 παρα-

2140 2332 2476 2400 πέμποντες,
2542 2329 2850 2398 καθαπερεὶ
2901 2331 2997 2382 καὶ
3051 2331 3230 2399 ἡμεῖς,
3263 2329 3477 2400 γνήσιοι
3503 2327 3714 2380 ἔσονται

2137 2425 2268 2494 ἡμῖν
2293 2424 2353 2475 τὸ
2419 2422 2527 2476 ἀπὸ
2551 2423 2705 2476 τοῦδε
2740 2422 2988 2490 ἀδελφοὶ,
3019 2424 3114 2476 καὶ
3139 2421 3414 2492 ὀρθόδοξοι
3445 2436 3460 2451 ·
3493 2421 3588 2472 καὶ
3612 2424 3716 2486 τὴν

2141 2518 2259 2588 μετ’
2291 2515 2472 2568 αὐτῶν
2508 2514 2702 2585 ἐντελῆ
2724 2515 3098 2585 καταλλαγὴν,
3135 2514 3231 2566 xui.
3259 2514 3486 2583 εἰρήνην
3503 2511 3718 2578 ἕξουσιν

2137 2610 2245 2664 ἀπὸ
2279 2609 2507 2679 καρδίας
2557 2607 2972 2677 ἀσπαζομένους
3007 2608 3162 2678 ἡμᾶς
3200 2621 3215 2636 ⁸
3250 2609 3300 2660 εἰ
3325 2605 3383 2659 δὲ
3433 2605 3528 2677 μὴν
3579 2605 3720 2674 ὅπερ

2143 2703 2356 2773 μήποτε
2388 2702 2622 2770 γένοιτο,
2656 2699 2872 2770 οὐδαμῆ
2902 2699 3178 2770 οὐδαμῶς.

568 2887 3687 2913 ___________—__________—_____________________

1732 3059 1904 3105 ANNO
1947 3060 2181 3107 DOMINI
2214 3062 2478 3109 MCXCVI.

1548 3245 1689 3421 Ν
1697 3241 2640 3442 ICOLAUS

805 3543 1378 3606 METHONENSIS
1409 3543 1489 3604 IN
1535 3542 2113 3606 PELOPONNESO
2159 3543 2587 3607 EPISCOPUS
2635 3542 2740 3606 ΕΤ
2782 3545 3404 3615 METROPOLITA.

1849 3876 2357 3970 NOTITIA

1556 4067 1776 4128 (FABRIC.
1809 4064 2037 4118 Biblioth.
2065 4070 2152 4120 Gr.
2188 4075 2305 4119 tom.
2334 4071 2420 4134 Vl,
2446 4087 2494 4138 p.
2519 4073 2657 4142 294.)

541 4365 820 4431 Nicolaus,
841 4363 1215 4418 Methonensis
1235 4362 1290 4417 in
1313 4362 1693 4432 Peloponneso
1715 4364 2007 4436 episcopus
2031 4369 2479 4438 etmctropolita,
2502 4367 2735 4422 multum
2755 4367 2920 4424 Mich.
2947 4367 3234 4425 Cerulario
3257 4369 3560 4436 recentior,
3581 4381 3639 4425 et
3659 4369 3727 4424 ad

471 4458 857 4515 duodecimum
893 4457 1216 4512 referendus
1254 4455 1537 4519 saeculum,
1569 4471 1671 4510 nec
1699 4457 2124 4513 confundendus
2153 4475 2279 4514 cum
2308 4459 2535 4514 Nicolao
2557 4457 2806 4514 Cabasila
2838 4459 2938 4530 (a),
2989 4462 3146 4530 plura
3200 4461 3426 4532 scripsit
3457 4461 3729 4518 adversus

475 4554 717 4614 Latinos,
744 4550 1033 4604 maximam
1069 4556 1275 4617 partem
1304 4547 1506 4601 inedita
1541 4548 1721 4603 adhuc
1750 4567 1762 4603 :
1790 4549 1992 4603 librum
2021 4551 2259 4620 primum
2294 4550 2370 4602 De
2397 4551 2633 4620 primatu
2667 4569 2820 4621 papa:
2845 4554 2978 4606 citat
3015 4552 3137 4607 Nic.
3163 4551 3500 4616 Comnenus,
3526 4569 3581 4622 p.
3602 4554 3726 4620 366,

473 4653 705 4716 praenot.
738 4644 1032 4714 Mystagog.
1069 4643 1266 4695 librum
1323 4642 1650 4706 secundum,
1688 4643 1887 4698 Contra
1916 4642 2156 4708 Latinos,
2192 4660 2248 4713 p.
2285 4645 2408 4700 556.
2452 4644 2712 4716 Ejusdem
2746 4643 3088 4716 Syllogismus
3117 4645 3180 4699 de
3213 4646 3542 4714 processione
3599 4645 3731 4714 Spi-

475 4741 610 4792 ritus
641 4729 1093 4804 sancti,quorum
1121 4734 1337 4787 initium
1370 4753 1381 4787 :
1423 4735 1786 4806 Ὠμολόγηται
1811 4737 1889 4788 ὅτι
1919 4737 2012 4788 καὶ

2130 4755 2136 4805 ι
2170 4736 2432 4807 ἡθεότης
2462 4736 2630 4803 μονάς
2660 4738 2778 4790 ὲςτι
2818 4739 2911 4789 καὶ
2960 4737 3022 4789 τὸ
3052 4735 3132 4789 ἓν.
3192 4737 3261 4790 Ει
3310 4737 3545 4792 alterum
3581 4735 3728 4806 quod

475 4831 670 4900 incipit
699 4849 711 4882 :
755 4828 956 4898 Ἐχρῆν
991 4828 1090 4896 μὲν
1123 4827 1245 4897 μηδ’
1272 4816 1658 4896 ἀπολογεῖσθαι
1690 4830 1802 4889 τοῖς
1836 4827 2026 4879 οὖτωκ

2130 4826 2358 4896 οφὼνοις
2382 4829 2474 4881 καὶ
2506 4829 2902 4891 καινοπίστοις.
2935 4829 3049 4883 Nec
3072 4843 3181 4881 non
3231 4827 3455 4882 tertium
3498 4826 3576 4880 De
3608 4844 3734 4899 azy—

476 4924 572 4976 mis
607 4921 876 4977 evolvisse
913 4936 973 4975 se
1003 4928 1236 4974 testatur
1260 4920 1514 4984 Allatius,
1548 4923 1646 4975 lib.
1675 4937 1735 4985 n,
1769 4921 1914 4982 elo,
1943 4919 2018 4974 De
2043 4937 2318 4986 consensu,
2344 4921 2371 4992 §
2397 4921 2452 4988 2,
2479 4939 2602 4993 pag.
2633 4922 2923 4993 627,cujus
2949 4922 3166 4976 initium
3201 4940 3216 4976 :
3249 4921 3355 4974 Τὸν
3391 4921 3493 4993 μὲν
3514 4921 3735 4992 πρῶτον

473 5018 632 5084 λόγον
666 5015 1035 5087 ἐποιησάμην,
1070 5010 1114 5068 ὦ
1142 5017 1489 5086 Λατινόφιλε,
1521 5017 1656 5086 πρὸς
1686 5017 1946 5084 aé.!Aliud
1979 5033 2026 5071 sc

2131 5028 2244 5071 tum
2282 5017 2359 5072 De
2389 5018 2721 5086 processione
2769 5017 3000 5088 Spiritus
3033 5017 3209 5070 sancti
3240 5014 3394 5070 idem
3461 5026 3738 5071 memorat

473 5109 619 5180 quod
658 5109 888 5179 incipit:
924 5109 1154 5163 Βασιλεῖ)
1187 5109 1430 5180 οὐράνιε,
1484 5107 1810 5177 Παράκλητε
1871 5108 2026 5174 ἀγαθὲ

2130 5109 2225 5164 sed
2276 5109 2411 5164 illud
2461 5110 2673 5178 juniori
2731 5109 2947 5164 cuidam
2987 5108 3245 5180 Νικολάῳ
3296 5107 3575 5180 λάμψαντι
3626 5109 3734 5178 νέῳ

474 5206 738 5277 Μεθώνης
765 5206 1120 5260 tribuendum
1157 5206 1489 5276 suspicatur,
1514 5203 1609 5273 qui
1633 5203 1922 5272 scripserit
1950 5213 2069 5272 post
2092 5204 2464 5271 Nicephorum
2493 5203 2889 5277 Blemmydam.
2921 5204 3132 5259 lnbibl.
3163 5203 3430 5258 Bavarica
3451 5202 3724 5257 asservati

476 5307 608 5351 sunt
659 5305 858 5365 prmter
909 5295 1116 5349 librum
1151 5296 1223 5350 De
1284 5294 1613 5365 proccssione
1652 5292 1881 5363 Spiritus
1931 5298 2102 5350 sancti
2157 5295 2661 5361 Graeco-Latinum,
2724 5297 2868 5352 liber
2915 5296 2990 5350 De
3044 5306 3231 5349 sancta
3273 5295 3618 5350 Eucharistia
3675 5296 3734 5348 in

477 5409 614 5464 pane
643 5393 958 5461 fermentata
1001 5390 1331 5459 conﬁcienda
1355 5407 1374 5456 ;
1395 5419 1464 5430 ——
1491 5389 1632 5444 liber
1665 5389 1740 5442 De
1761 5386 1971 5459 jejunio
2007 5390 2320 5446 Latinorum
2378 5394 2433 5446 in
2499 5392 2738 5447 Sabbato
2760 5434 2775 5459 ,
2809 5402 2858 5445 et
2892 5391 2954 5445 de
2997 5391 3330 5445 sacerdotum
3383 5390 3649 5459 conjugio,
3682 5397 3734 5440 et

475 5490 615 5560 quod
664 5493 718 5544 in
776 5487 1198 5560 Quadragesima
1257 5501 1362 5538 non
1408 5483 1474 5536 sit
1521 5485 1753 5552 per/ecta
1807 5483 1972 5538 Missa
2029 5484 2365 5543 celebranda.
2417 5486 2474 5540 In
2507 5487 2700 5540 eadem
2747 5485 2882 5541 bibl.
2927 5493 3092 5554 atque
3127 5485 3179 5537 in
3215 5483 3341 5537 aliis
3379 5483 3537 5538 obvia
3568 5483 3734 5553 hujus

477 5577 684 5634 Nicolai
725 5579 992 5634 Discussio
1022 5578 1321 5646 theologica:
1347 5575 1690 5629 institutionis
1711 5573 1908 5641 Procli,
1947 5576 2212 5650 Platonici
2241 5579 2578 5651 philosophi.
2634 5577 2714 5633 Ex
2745 5577 2952 5646 scripto
2999 5575 3075 5630 De.
3120 5575 3446 5644 pracessione
3499 5572 3731 5644 Spiritus

553 5725 628 5788 (ο)
662 5723 822 5780 Αιιαι.
858 5724 936 5778 De
959 5739 1228 5787 consensu,
1269 5738 1388 5794 pag.
1428 5723 1529 5780 858
1560 5731 1612 5775 ct
1644 5721 1765 5776 55L
