3912 6244
442 546 498 598 in
529 550 785 598 a'ternum
801 542 844 605 ';
864 547 957 594 et:
1001 537 1166 591 Panis
1197 540 1374 587 autem
1406 543 1559 598 quem
1590 541 1683 594 ego
1707 523 1863 582 dabo,
1899 533 2024 574 caro

443 650 560 687 mea
600 644 710 695 est,
742 647 903 700 quam
937 644 1033 698 ego
1078 624 1211 679 dabo
1236 638 1331 692 pro
1350 620 1533 675 mundi
1571 619 1676 672 vita
1696 617 1718 647 ⁸
1743 632 1760 681 ;
1789 623 1873 669 et:
1911 611 2026 669 Nisi

444 725 773 780 manducetis
796 736 1011 775 carnem
1040 716 1169 773 Filii
1196 713 1441 775 hominis,
1468 719 1514 764 et
1539 709 1725 764 bibatis
1755 708 1868 777 ejus
1895 722 2023 760 san-

366 825 370 829 ‘
442 816 674 884 guinem,
698 828 803 865 non
840 810 1043 865 habetis
1068 810 1233 862 vitam
1274 805 1328 858 in
1367 802 1508 856 vobis
1535 816 1554 855 .'
1595 801 1684 870 qui
1730 798 2023 853 manducat

444 921 613 959 meam
640 919 855 958 carnem
918 908 969 955 et
1026 900 1157 952 bibit
1214 911 1387 951 meum
1441 894 1792 963 sanguinem,
1868 893 2024 944 habet

442 1001 609 1054 vitam
678 1008 936 1055 (sternam
986 996 1042 1060 ’;
1095 1002 1154 1049 et
1223 1006 1475 1047 rursus:
1554 988 1658 1054 Qui
1737 987 2024 1060 manduca‘

443 1107 619 1145 mm
682 1105 923 1153 carnem,
988 1095 1037 1139 et
1071 1084 1198 1140 bibit
1261 1099 1433 1138 meum
1486 1081 1822 1151 sanguinem,
1856 1080 1912 1132 iu
1940 1094 2023 1132 me

444 1187 646 1245 manet,
699 1189 749 1232 et
779 1194 872 1249 ego
934 1179 994 1231 in
1050 1191 1153 1232 eo:
1239 1172 1694 1239 Quemadmodum
1752 1170 1891 1223 misit
1942 1185 2023 1223 me

442 1273 618 1326 vivens
660 1270 850 1332 Pater,
869 1275 920 1322 et
945 1283 1038 1338 ego
1065 1268 1175 1321 vivo
1216 1274 1431 1336 prapter
1462 1264 1679 1318 Patrem
1701 1263 1754 1329 ις
1785 1271 1876 1319 et:
1919 1260 2023 1327 Qui

442 1364 550 1417 edit
595 1377 712 1425 me,
755 1369 805 1414 et
847 1359 936 1414 ille
979 1361 1111 1414 vivet
1154 1369 1369 1429 promer
1412 1373 1493 1411 me
1519 1359 1562 1411 ’.
1596 1356 1828 1411 Carnem
1873 1355 2021 1409 enim

445 1465 601 1504 suam
636 1448 792 1518 quasi
826 1463 1007 1503 escam
1039 1448 1202 1502 hamo
1232 1448 1674 1515 circumponens,
1707 1445 1892 1499 divina
1918 1459 2019 1499 sua

445 1540 674 1601 virtute,
720 1547 1031 1607 serpentem
1077 1538 1298 1609 quidem
1346 1537 1644 1605 deprimit,
1694 1551 1795 1590 nos
1835 1542 2017 1589 autem

449 1630 629 1700 erigit.
658 1628 836 1700 Papa),
868 1646 1030 1700 quam
1060 1629 1533 1701 expavescendum
1579 1639 1636 1685 et
1670 1629 2019 1685 tremendum

449 1722 769 1820 mysterium
792 1724 814 1820 i
833 1723 938 1788 Qui
969 1724 1075 1820 hoc
1109 1722 1358 1820 tradidit,
1405 1723 1549 1778 Deus
1589 1733 1697 1820 est,
1730 1724 1824 1792 qui
1849 1739 2015 1793 prop-
2047 1765 2088 1820 Β

448 1822 533 1868 ter
562 1814 906 1869 clementiam
930 1824 986 1870 et
1007 1815 1398 1886 benignitatem
1422 1830 1575 1870 suam
1604 1815 1770 1869 homo
1794 1830 2013 1885 quoque

445 1904 625 1960 factus
668 1913 774 1969 est,
826 1914 885 1960 et
937 1914 1194 1976 tanquam
1257 1906 1376 1961 ovis
1415 1905 1483 1959 ad
1537 1906 1922 1960 mactationem
1959 1916 2016 1961 et

448 2005 680 2052 mortem
733 1998 1023 2067 processit,
1075 2006 1136 2054 ut
1183 1999 1480 2055 obnoxium
1554 2000 1721 2055 morti
1787 2007 2018 2071 propter

448 2102 733 2161 peccatum
764 2091 1041 2145 hominem
1077 2100 1254 2146 morte
1288 2093 1576 2147 eximeret.
1628 2091 1804 2148 Causa
1855 2092 2019 2163 hujus

448 2183 765 2239 traditionis
796 2193 902 2245 est,
931 2184 1113 2252 magni
1158 2183 1323 2255 hujus
1372 2184 1625 2239 beneﬁcii
1680 2184 2015 2241 recordatio.

446 2273 664 2351 Corpus
707 2282 764 2328 et
806 2276 1033 2347 sanguis;
1059 2273 1268 2329 Christi
1312 2289 1377 2329 ea
1407 2285 1556 2340 sunt,
1589 2290 1713 2347 qua
1762 2276 1868 2331 hoc
1907 2275 2018 2331 ritu

451 2365 852 2434 perﬁciuntur;
904 2366 1046 2421 ritus
1100 2364 1248 2431 ﬁnis,
1300 2365 1649 2438 participatio
1713 2366 1916 2424 Christi
1963 2376 2021 2423 et

452 2454 562 2508 vita
592 2464 830 2517 aeterna;
869 2456 1015 2524 quod
1050 2456 1194 2511 idem
1223 2465 1308 2512 est
1354 2458 1508 2527 quasi
1556 2459 1791 2525 diceres,
1844 2460 2020 2530 parti-

452 2544 754 2614 cipantium
779 2546 1078 2612 deiﬁeatio,
1113 2557 1174 2603 ut
1203 2548 1365 2604 divus
1391 2550 1594 2606 Paulus
1641 2566 1836 2621 magna
1885 2566 2020 2607 voce

455 2636 799 2706 preclalnat:
837 2638 995 2693 Catia;
1036 2639 1409 2694 benedictionis
1446 2657 1604 2710 quem
1646 2642 2018 2709 benedicimus,

455 2744 627 2781 nonne
649 2730 1054 2784 communicatio
1076 2732 1351 2802 sanguinis
1394 2731 1589 2787 Christi
1615 2744 1690 2788 est
1712 2734 1755 2766 ¹⁰
1778 2736 1801 2789 i
1823 2735 2022 2791 deinde

453 2821 644 2876 subdit
701 2832 758 2878 et
811 2825 1104 2891 rationem,
1153 2842 1266 2897 quo
1336 2837 1499 2898 pacto
1566 2831 1761 2885 ﬁamus
1820 2848 2023 2903 corpus

456 2913 684 2980 Christi,
740 2917 973 2986 aitque:
1030 2916 1200 2973 Panis
1245 2937 1400 2990 quem
1462 2926 1785 2994 frangimus,
1850 2943 2023 2981 nonne

454 3009 857 3062 communicatio
905 3013 1139 3081 corporis
1186 3011 1380 3068 Christi
1425 3016 1547 3069 est?
1600 3018 2022 3088 quandoquidem

456 3115 597 3153 unus
623 3101 798 3170 panis,
845 3114 893 3157 et
936 3120 1103 3158 unum
1147 3121 1335 3175 corpus
1381 3108 1535 3163 multi
1575 3126 1801 3165 sumus:
1845 3130 2025 3170 omnes

451 3193 595 3245 enim
626 3208 729 3245 uno
759 3209 897 3262 pane
920 3196 1303 3264 participamus
1327 3198 1396 3251 ¹ί.
1422 3194 1561 3265 Quid
1600 3200 1750 3256 enim
1785 3213 1890 3269 est,
1923 3206 2021 3272 ait,

456 3288 648 3359 panis?
696 3289 966 3345 Nimirum
1021 3305 1223 3363 corpus
1261 3290 1492 3350 Christi.
1533 3289 1675 3362 Quid
1722 3313 1856 3354 vero
1886 3299 2025 3356 ﬁunt

456 3381 894 3451 partieipantes?
961 3384 1233 3439 Nimirum
1293 3402 1496 3457 corpus
1575 3387 1838 3460 Christi;
1894 3409 2022 3448 nam

458 3475 852 3545 participantes
913 3492 1144 3546 corpore
1192 3478 1422 3546 Christi,
1483 3496 1586 3536 nos
1644 3483 1810 3538 etiam
1843 3485 2024 3556 ipsum

450 3564 745 3621 eﬁicimur.
779 3569 913 3623 Nam
943 3570 1072 3639 quia
1111 3571 1366 3627 universa
1392 3584 1580 3629 nostra
1614 3588 1741 3632 caro
1769 3587 2027 3651 corrupta

454 3666 541 3711 est
591 3672 620 3711 a
672 3670 920 3728 peccato,
949 3676 1090 3731 opus
1154 3664 1315 3719 nobis
1339 3664 1442 3720 fuit
1470 3680 1613 3722 nova
1633 3683 1818 3724 carne.

1308 370 1313 375 ι
1405 344 1719 408 NICOLM
1764 332 2324 401 METHONENSIS
2362 327 2707 392 EPISCOPI
3075 407 3081 408 ί
3175 404 3204 408 η
3336 403 3360 408 _
3595 310 3689 408 ιιι

443 403 645 522 ἐξ
683 451 857 514 enim,
898 444 1108 515 inquit,
1144 438 1426 495 comederit
1469 451 1534 489 ea:
1562 436 1655 489 hoc
1685 446 1822 501 pane
1843 467 1859 494 ,
1894 428 2025 482 vivet

2130 437 2330 492 μενον.
2373 418 2433 471 '0
2463 417 2519 470 δὲ
2552 413 2750 473 σκοπὸς
2773 410 2874 476 τίς,
2917 408 3009 461 καὶ
3037 407 3098 460 τὸ
3129 404 3280 469 τέλος
3300 403 3399 474 τῆς
3445 404 3680 473 παραδά-

2369 512 2434 522 ....
2506 508 2584 522 ..η
2678 507 2700 522 .
3053 499 3288 522 ,νὴ-μ,
3367 497 3456 522 ___‘
3499 495 3606 522 LL
3634 498 3680 522 xu

2299 529 2314 578 ;
2369 512 2435 565 Τί
2499 507 2705 577 mm}
2738 503 3000 577 μετουσία
3050 499 3311 571 Χριστοῦ,
3366 497 3461 552 καὶ
3494 495 3608 568 ξωὴ
3634 498 3688 548 ὲν

2126 603 2345 675 Χριστῷ
2397 603 2507 655 τῶν
2564 599 2899 670 μετεχόντων
2956 593 3209 657 αίὼνιο;;
3280 590 3416 644 Ἐάν
3446 607 3541 657 τις
3566 589 3687 658 γὰρ,

2127 697 2284 766 φησι,
2324 693 2484 765 φάγῃ
2517 692 2586 746 ἐκ
2645 691 2860 744 τούτου
2921 686 3029 739 τοῦ
3078 684 3282 751 ἄρτου,
3317 682 3560 750 ζήσεται
3610 682 3690 745 είς

2123 787 2231 842 τὸν
2251 786 2469 840 αἰῶνα·
2530 782 2654 836 mi‘
2696 780 2761 835 ὐ
2808 780 2987 846 ἄρτος
3019 776 3086 846 es
3120 776 3193 830 ὃν
3246 774 3360 844 ἐγὼ
3434 773 3626 833 δώσω,
3650 774 3687 839 ἡ

2124 877 2282 946 σάρξ
2335 893 2455 947 μου
2505 875 2699 938 ἐστίν,
2751 871 2832 941 ἢν
2881 870 2995 940 ἐγὼ
3054 868 3226 922 δώσω
3277 867 3429 934 ὑπὲρ
3456 865 3569 933 τῆς
3592 865 3689 918 τοῦ

2124 969 2354 1038 κόσμου
2378 964 2523 1035 ζωῆς
2542 984 2555 997 ³
2597 966 2692 1019 καί
2721 982 2737 999 ο
2797 962 2935 1016 Ἐὰν
2976 961 3062 1030 μὴ
3098 958 3329 1030 φάγητε
3356 958 3472 1025 τὴν
3502 959 3691 1025 σάρκα

2122 1058 2232 1114 τοῦ
2254 1057 2389 1112 Υίοῦ
2415 1057 2523 1112 τοῦ
2552 1053 2892 1124 ἀνθρώπου,
2917 1055 3015 1106 καί
3046 1052 3220 1116 πίητε
3242 1049 3429 1104 αὐτοῦ
3452 1047 3519 1102 τὸ
3532 1042 3687 1115 alga,

2122 1153 2234 1205 οὐκ
2293 1149 2461 1219 ἔχετε
2499 1147 2654 1215 ζωὴν
2700 1146 2771 1200 ἐν
2799 1143 3041 1209 ἑαυτοῖς
3065 1156 3078 1172 ⁸
3111 1146 3145 1197 ό
3173 1142 3548 1211 τρώγων-μου
3583 1139 3691 1206 τὴν

2122 1237 2338 1308 σάρκα,
2381 1240 2477 1292 καὶ
2506 1239 2699 1290 πίνων
2755 1253 2876 1304 μου
2926 1234 2993 1288 τὸ
3021 1228 3184 1301 αἷμα,
3237 1230 3361 1300 ἔχει
3387 1229 3544 1300 {io-ip-
3570 1231 3693 1283 αἰώ-

2120 1343 2273 1381 νιον·
2306 1328 2403 1381 καὶ
2429 1326 2590 1379 πᾶλιν
2612 1343 2627 1358 ο
2663 1327 2734 1379 '0
2760 1324 2994 1392 τρώγων
3026 1341 3144 1392 μου
3170 1322 3285 1390 τὴν
3332 1320 3556 1390 σάρκα,
3596 1321 3688 1374 καὶ

2122 1422 2315 1475 πίνων
2337 1438 2459 1489 μου
2488 1420 2554 1472 τὸ
2582 1419 2743 1487 αἷμα,
2772 1418 2841 1471 ἐν
2871 1416 2998 1485 ἐμοί
3015 1417 3203 1485 μένει,
3236 1413 3398 1483 κάγὼ
3417 1415 3487 1468 ἐν
3518 1412 3690 1476 αὐτῷ·

2123 1513 2316 1578 καθὼς
2341 1511 2666 1567 ἀπέστειλέ
2717 1527 2793 1580 με
2820 1512 2853 1564 ό
2883 1507 2993 1570 ζῶν
3040 1507 3262 1575 Πατὴρ,
3312 1505 3477 1576 κάγὼ
3507 1504 3579 1566 ζῶ
3603 1505 3694 1559 διὰ

2120 1604 2230 1657 τὸν
2261 1602 2489 1671 Πατέρα
2520 1619 2535 1633 ⁸
2573 1603 2665 1658 καί
2697 1619 2712 1634 ·
2749 1600 2992 1669 Τμώγων
3024 1617 3123 1670 με.
3158 1600 3438 1665 κάκεῖνος
3462 1596 3694 1663 ζήσεται

2121 1696 2196 1749 δι’
2231 1694 2358 1765 ἐμέ.
2392 1696 2503 1760 Τὴν
2540 1695 2648 1764 γὰρ
2679 1692 2845 1747 αὐτοῦ
2877 1693 3059 1762 σάρκα
3097 1692 3172 1754 ὡς
3200 1691 3395 1758 δέλεαρ
3451 1691 3512 1741 ὲν
3547 1687 3695 1755 ἁγκί-

2119 1803 2265 1856 στρῳ
2294 1785 2730 1855 περιτιθέμενος,
2757 1784 2823 1854 τῇ
2842 1782 2963 1854 θεία
2977 1780 3142 1835 αὐτοῦ
3172 1781 3428 1851 δυνάμει,
3458 1778 3552 1831 τὸν
3602 1778 3694 1847 μὲν

2116 1876 2241 1945 ὅφιν
2260 1875 2699 1944 καθέλκει,ήμᾶς
2731 1875 2788 1928 δὲ
2819 1875 3035 1941 ἀνάγει.
3061 1873 3235 1927 ιῖαόαὶ
3253 1873 3331 1935 ὡς
3351 1871 3581 1942 φρικτὸν
3606 1868 3694 1921 καὶ

2124 1968 2354 2038 φοϐερὸν
2410 1969 2471 2020 τὺ
2538 1969 2857 2038 μυστήριον.
2930 1968 2990 2020 '0
3048 1962 3451 2032 παραδεδωκὼς
3493 1960 3688 2023 τοῦτο,

2117 2059 2250 2123 Θεός
2278 2061 2398 2112 ἐστι
2431 2057 2522 2112 διὰ
2546 2057 2959 2128 φιλανθρωπίαν
3020 2059 3112 2110 καὶ
3141 2054 3427 2126 ἄνθρωπος
3477 2053 3694 2122 γενόμε-

2118 2167 2230 2217 νος,
2261 2151 2358 2204 καὶ
2379 2149 2455 2213 ὡς
2488 2149 2765 2221 πρόόατον
2793 2150 2886 2203 ἐπὶ
2912 2149 3132 2218 σφαγὴν
3166 2149 3261 2201 καὶ
3293 2145 3534 2199 θάνατσν
3563 2161 3692 2215 προ-

2119 2240 2432 2313 ερχόμενος,
2493 2240 2580 2295 ἵνα
2625 2239 2718 2294 τδν
2763 2239 3020 2293 ὑπόδικον
3049 2237 3129 2307 τῷ
3186 2237 3403 2306 θανάτῳ
3459 2235 3552 2288 διὰ
3599 2236 3694 2301 τὴν

2119 2332 2398 2404 ἁμαρτίαν
2429 2331 2720 2403 ἄνθρωπον
2746 2331 2841 2387 τοῦ
2869 2332 3104 2386 θανάτου
3128 2329 3405 2400 ἐξέληται.
3457 2329 3616 2382 Δίτία
3636 2328 3691 2380 δὲ

2121 2424 2222 2494 τῆς
2253 2423 2635 2493 παραδόσεως.
2657 2423 2689 2493 ἡ
2712 2422 2814 2492 τῆς
2839 2421 3085 2492 μεγάλης
3136 2421 3345 2491 ταύτης
3379 2418 3693 2489 εὐεργεσίας

2122 2514 2456 2585 ἀνάμνησις·
2490 2513 2651 2583 σῶμα
2684 2514 2778 2567 καὶ
2807 2508 2948 2584 αἷμα
2985 2511 3248 2584 Χριστοῦ,
3277 2511 3347 2565 τὰ
3374 2511 3690 2579 τελούμενα·

2121 2607 2221 2678 τῆς
2275 2606 2498 2676 τελετῆς
2553 2607 2729 2670 τέλος,
2774 2604 3032 2676 μετουσία
3089 2602 3327 2675 Χριστοῦ
3356 2642 3373 2670 ,
3429 2602 3527 2656 καὶ
3587 2602 3693 2671 ζωὴ

2114 2682 2364 2761 ἀἰώνιος
2395 2695 2590 2750 ταύτὸν
2624 2696 2683 2749 δὲ
2720 2697 2914 2761 εἰπεῖν,
2971 2694 3079 2748 τῶν
3132 2696 3474 2764 μετεχόντων
3502 2692 3694 2746 ἐκθέω-

2125 2806 2232 2855 σις,
2259 2790 2337 2853 ὼς
2380 2789 2474 2843 καὶ
2513 2789 2804 2852 θεσπέσιος
2865 2787 3077 2851 Παῦλος
3138 2787 3543 2857 μεγαλοφὼνως
3578 2787 3690 2857 βοᾷ,

2133 2882 2203 2936 Τὸ
2236 2881 2526 2953 ποτήριον
2568 2880 2679 2949 τῆς
2724 2883 3007 2949 εὐλογίας
3060 2880 3093 2936 ὃ
3122 2880 3519 2948 εὐλογοῦμεν,
3555 2880 3684 2947 οὐχί

2122 2974 2405 3029 κοινωνία
2428 2972 2535 3027 τοῦ
2560 2974 2810 3044 αἵματος
2860 2974 2967 3028 τοῦ
3001 2971 3258 3043 Χριστοῦ
3286 2973 3462 3027 ἐστιν
3489 2988 3509 3034 ;
3570 2968 3694 3025 Εἶτα

2049 3086 2095 3150 C
2131 3067 2326 3135 ἐπάγει
2361 3068 2456 3121 καὶ
2494 3066 2773 3138 λογισμὸν,
2808 3067 2921 3130 πῶς
2953 3067 3219 3137 γινόμεθα
3244 3066 3406 3135 σῶμα
3434 3065 3693 3137 Χριστοῦ,

2132 3159 2222 3213 καί
2244 3174 2400 3230 φησιο
2464 3159 2507 3214 Τ
2510 3162 2581 3214 ὸν
2632 3161 2815 3228 ἄρτον
2840 3160 2912 3214 ὃν
2958 3157 3217 3229 κλῶμεν,
3260 3158 3398 3227 οὐχὶ
3424 3158 3698 3213 κοινωνία

2128 3251 2234 3308 τοῦ
2262 3253 2538 3322 σώματος
2569 3253 2677 3308 τοῦ
2711 3253 2967 3322 Χριστοῦ
2989 3252 3198 3315 ἑστιν;
3229 3251 3321 3304 ὅτι
3358 3247 3453 3317 εἷς
3504 3250 3696 3318 ἄρτος,

2137 3345 2206 3399 ἓν
2226 3345 2396 3414 σῶμα
2426 3347 2482 3399 οἱ
2505 3344 2726 3399 πολλοί
2753 3345 2960 3415 ἐσμεν*
2990 3347 3044 3399 ot
3086 3343 3197 3411 γὰρ
3227 3342 3452 3408 πάντες
3508 3343 3578 3395 ἐκ
3601 3340 3699 3395 τοῦ

2132 3436 2269 3502 ἐνὸς
2287 3435 2472 3504 ἄρτου
2489 3435 2839 3506 μετέχομεν.
2871 3434 2936 3488 Τί
2959 3435 3068 3506 γάρ
3095 3436 3233 3497 ἐστι,
3257 3432 3448 3503 φησὶν,
3466 3435 3495 3487 ό
3511 3433 3697 3504 ἄρτοςς

2140 3526 2384 3596 δηλονότι
2420 3528 2580 3600 σῶμα
2606 3527 2866 3599 Χριστοῦ.
2890 3528 2956 3581 Τί
2977 3527 3036 3581 δὲ
3065 3526 3305 3595 γίνονται
3337 3527 3388 3579 oi
3425 3524 3700 3596 μεταλαμ-

2133 3618 2410 3688 6άνοντες;
2441 3621 2685 3690 δηλονότι
2711 3619 2870 3690 σῶμα
2898 3616 3137 3690 Χριστοῦ
3162 3634 3177 3649 ⁶
3244 3618 3571 3688 μετέχοντες
3601 3617 3700 3685 γὰρ

2139 3710 2239 3765 τοῦ
2285 3712 2535 3784 σώματος
2571 3711 2663 3767 τοῦ
2700 3710 2935 3784 Χριστοῦ
2987 3712 3082 3765 καὶ
3132 3711 3291 3781 ἡμεῖς
3343 3710 3525 3763 ἐκεῖνο
3560 3708 3700 3777 γινό·

344 3866 365 3875 Ι
464 3771 646 3875 nega:
683 3775 873 3848 ἐπειδὴ
890 3775 999 3848 γὰρ
1024 3778 1057 3849 ἠ
1084 3779 1234 3875 πᾶσα
1255 3781 1411 3852 ἡμῶν
1440 3783 1578 3855 σὰρξ
1604 3786 1813 3860 ἐφθάρη
1849 3791 1954 3847 ὑπὸ
1994 3797 2094 3869 τῆς
2149 3771 2445 3875 ἁμαρτίας,
2489 3771 2706 3875 ἐδέησεν
2750 3771 2894 3875 ⁸ἡμῖν
2917 3802 3119 3874 σαρκὸς
3145 3771 3291 3864 νέας,

535 3864 670 3932 Quis
726 3880 859 3937 ergo
913 3877 1021 3923 tam
1085 3872 1263 3927 audax
1314 3883 1371 3930 et
1430 3891 1659 3948 prorsus
1701 3888 2027 3945 temerarius

460 3959 706 4048 exsistat,
767 3969 825 4048 ut
894 3961 1157 4018 adversus
1210 3965 1353 4020 hanc
1406 3970 1760 4029 traditionem
1817 3976 2027 4048 aliquid

461 4047 587 4100 novi
658 4046 937 4113 moliatur,
983 4055 1414 4127 mysteriumque
1470 4059 1724 4118 falsitatis
1781 4046 2023 4135 accuset,

460 4147 623 4208 atque
669 4140 894 4213 abroget
942 4159 1091 4208 eum,
1133 4148 1226 4217 qui
1258 4149 1332 4205 ita
1378 4153 1603 4209 tradidit
1650 4165 1705 4210 et
1750 4158 2030 4218 instituit?

460 4229 519 4286 Si
543 4234 656 4300 quis
680 4234 845 4305 legem
872 4236 1070 4307 Moysis
1105 4241 1339 4312 abroget,
1375 4244 1555 4314 inquit
1577 4249 1890 4317 Apostolus,
1915 4255 2030 4310 sine

462 4328 819 4383 misericordia
869 4330 1004 4396 ulla,
1051 4333 1146 4387 sub
1193 4336 1392 4392 duobus
1432 4348 1525 4392 aut
1597 4342 1763 4397 tribus
1817 4347 2031 4403 testibus

462 4423 726 4474 moritur:
759 4432 959 4491 quanto
992 4425 1180 4494 dignus
1219 4428 1468 4483 deteriori
1504 4434 1758 4505 supplicio
1820 4456 2034 4495 censen-

462 4512 558 4565 dus
591 4514 711 4574 erit.
756 4514 846 4584 qui
887 4515 1083 4572 Filium
1116 4516 1215 4573 Dei
1243 4520 1589 4591 conculcarit,
1638 4536 1689 4580 et
1721 4534 2034 4602 sanguinem

466 4604 763 4691 testamenti
787 4604 1071 4675 profanant
1100 4610 1498 4676 existimaverit,
1516 4622 1564 4665 et
1585 4618 1829 4685 spiritum
1846 4624 2035 4691 gratia:

464 4689 665 4756 injuria
696 4694 923 4763 aﬂ'ecerit
951 4697 1016 4751 “.
1050 4698 1254 4754 Verum
1294 4704 1417 4771 quis
1452 4704 1561 4772 ille,
1601 4708 1696 4775 qui
1745 4689 2036 4768 conculcat

468 4778 663 4835 Filium
693 4781 810 4848 Dei,
841 4792 897 4838 et
922 4784 1153 4841 aliorum
1175 4805 1297 4859 quae
1322 4791 1561 4850 diximus
1592 4811 1720 4852 reus
1739 4803 2036 4857 censetur?

465 4872 657 4928 Nonne
690 4874 785 4944 qui
824 4880 1148 4948 sanguiuem
1199 4884 1318 4954 ejus
1364 4886 1611 4956 ingratus
1646 4889 1892 4962 abrogat,
1935 4910 2038 4950 nec

467 4965 728 5033 admittit,
777 4980 834 5025 et
885 4972 1099 5029 veracis
1148 4975 1217 5031 ab
1255 4978 1514 5050 omnique
1550 4983 1834 5039 mendacio
1873 4987 2034 5042 alieni

467 5057 580 5113 oris
629 5059 981 5118 traditionem
1029 5073 1086 5120 et
1138 5067 1457 5124 mandatum
1510 5072 1669 5128 nihili
1713 5073 1882 5131 facit?
1931 5078 2039 5133 lloc

467 5158 544 5207 est
594 5169 782 5223 corpus
837 5171 1032 5219 meum,
1095 5157 1371 5227 dicentis;
1424 5171 1500 5231 et,
1558 5164 1658 5219 Hic
1701 5175 1775 5221 est
1817 5172 2036 5240 sanguis

473 5259 659 5311 incus;
690 5252 768 5309 et,
803 5244 916 5301 Nisi
944 5249 1272 5306 manducetis
1303 5270 1514 5309 carnem
1548 5254 1673 5311 Filii
1712 5257 1958 5322 hominis,
1988 5269 2038 5315 et

473 5334 660 5389 bibatis
682 5337 796 5404 ejus
818 5340 1158 5410 sanguinem.
1200 5360 1303 5397 non
1333 5344 1534 5399 habetis
1569 5348 1733 5403 vitam
1772 5350 1825 5403 iu
1873 5350 2035 5407 vobis.

473 5427 614 5492 Quid
666 5429 916 5485 hzesitas?
942 5433 1075 5502 quid
1105 5433 1480 5505 Omnipotenti
1529 5439 1907 5508 impotentiam
1952 5454 2036 5499 at-

478 5522 711 5581 tribuis?
757 5523 949 5580 Nonne
985 5527 1100 5598 ipse
1151 5530 1354 5609 estqui
1401 5544 1468 5585 ex
1517 5531 1694 5587 nihilo
1743 5534 1928 5589 omnia
1979 5543 2040 5590 ut

573 5664 594 5695 ⁸
635 5662 791 5716 Joan.
851 5681 925 5725 vr.
978 5667 1067 5722 52.
1165 5668 1186 5699 ⁶
1229 5668 1362 5725 ibid.

486 5733 526 5772 ιι
554 5732 718 5787 Hebr.
760 5747 814 5799 κ,
841 5735 931 5803 es,
963 5737 1056 5791 ευ.

2206 3897 2302 3962 Τίς
2326 3893 2419 3952 οὖν
2445 3896 2587 3951 οὕτω
2618 3895 2827 3969 θρασὺς
2862 3897 2954 3950 καὶ
2984 3894 3308 3965 πάντολμος,
3340 3892 3416 3957 ὡς
3446 3908 3690 3947 καινοτο-

2130 3991 2253 4063 μεῖν
2284 3989 2383 4062 τὴν
2415 3989 2738 4063 παράδοσιν,
2771 3988 2867 4044 καὶ
2901 3987 3367 4060 παραγράφεσθαι
3395 3985 3458 4039 τὸ
3493 3984 3691 4055 μυστή-

2131 4099 2273 4155 ριον,
2308 4082 2407 4136 καὶ
2436 4081 2651 4135 ἀθετεῖν
2676 4079 2820 4135 οὕτω
2845 4079 2937 4132 τὸν
2970 4077 3290 4148 παραδόντα
3314 4092 3375 4129 τε
3427 4076 3524 4129 καὶ
3573 4073 3699 4144 μυή-

2129 4190 2331 4238 σαντα;
2372 4169 2710 4245 ,Ἀθετήὶτας
2761 4187 2849 4236 τις
2901 4171 3091 4234 νόμον
3136 4164 3455 4230 Μωῦσέως,
3498 4161 3700 4231 φησὶνό

2140 4263 2485 4328 ’Λπόστολος,
2516 4262 2693 4332 χωρίς
2730 4258 3069 4330 οἰκτιρμῶν,
3101 4257 3202 4310 ἐπί
3228 4256 3414 4311 δυσίν
3466 4254 3505 4323 ἢ
3552 4252 3696 4320 τρισί

2126 4354 2445 4426 μάρτυσιν,
2505 4351 2875 4420 ἀποθνήσκει
2912 4366 2926 4381 ·
2983 4349 3154 4414 πόσῳ
3216 4345 3416 4411 δοκεῖς
3444 4344 3696 4414 χείρονος

2133 4445 2529 4513 ἀξιωθήσεται
2586 4442 2868 4512 τιμωρίας
2912 4444 2944 4496 ό
2978 4441 3082 4494 τὸν
3113 4439 3249 4494 Υιόν
3270 4437 3377 4491 τοῦ
3428 4436 3571 4491 Θεοῦ
3597 4452 3693 4487 κα·

2132 4538 2519 4607 ταπατήσας,
2579 4536 2679 4590 καὶ
2727 4534 2792 4589 τὸ
2821 4530 2965 4602 αἷμα
3013 4532 3124 4601 τῆς
3168 4531 3465 4598 διαθήκης
3502 4525 3692 4583 κοινόν

2136 4628 2543 4701 ἡγησάμενος,
2568 4627 2664 4682 καί
2697 4626 2763 4680 τὸ
2793 4623 3033 4695 πνεῦμα
3055 4622 3167 4691 τῆς
3223 4622 3470 4693 χάριτος
3522 4622 3691 4674 καθυ-

2137 4722 2351 4791 ϐρίσας
2384 4737 2403 4785 ,'
2445 4717 2607 4775 ’Δλλὰ
2633 4718 2714 4781 τίς
2739 4718 2766 4769 ό
2787 4715 3121 4772 καταπατῶν
3145 4715 3236 4767 τδν
3261 4713 3391 4766 Υίὸν
3419 4711 3511 4765 τοῦ
3549 4705 3689 4767 Θεοῦ,

2139 4817 2236 4871 καὶ
2258 4814 2428 4869 τᾶλλα
2457 4814 2525 4867 τὰ
2556 4810 2822 4884 εἰρημένα
2866 4807 3348 4879 κατηγορούμενος
3373 4822 3389 4872 ;
3427 4800 3503 4857 Ἶί
3526 4801 3689 4870 δῆλον,

2138 4910 2213 4973 ὡς
2246 4910 2274 4960 ὁ
2309 4906 2371 4961 τὸ
2402 4907 2564 4977 σῶμα
2617 4902 2783 4959 αὐτοῦ
2841 4902 2931 4957 διὰ
2972 4901 3073 4970 τῆς
3102 4899 3432 4971 ἀχαριστίας
3481 4893 3690 4951 ἀθετῶν.

2142 5000 2238 5056 καὶ
2268 5000 2343 5072 μὴ
2377 4997 2800 5069 ἀποδεχόμενος,
2830 4995 2928 5049 καὶ
2956 4993 3058 5063 τὴν
3086 4990 3181 5046 τοῦ
3300 4988 3557 5060 ἀψευδοῦς
3586 4982 3692 5037 στό-

2144 5109 2315 5165 ματος
2371 5089 2671 5161 παράδοσίν
2724 5105 2783 5141 τε
2833 5084 2926 5140 καὶ
2993 5082 3234 5153 ἔνταλμα
3312 5076 3689 5146 ἐξουθενίξων;

2146 5185 2328 5241 Τοῦτό
2345 5184 2475 5238 ἐστι
2506 5180 2573 5236 τὸ
2594 5177 2765 5250 σῶμα
2780 5195 2900 5248 μου
2926 5175 3170 5238 εἰπόντος
3186 5188 3206 5206 '
3243 5173 3359 5239 καὶ,
3382 5168 3553 5225 Τοῦτό
3573 5165 3687 5218 ἐστι

2144 5279 2209 5333 τὸ
2269 5270 2414 5344 αἷμά
2448 5290 2567 5344 μου
2592 5287 2608 5304 ο
2642 5269 2758 5334 καὶ,
2806 5266 2947 5322 Ἐὰν
2987 5265 3073 5337 μὴ
3109 5263 3337 5334 φάγητε
3374 5260 3485 5329 τὴν
3510 5253 3689 5344 σάρκα

2148 5371 2253 5427 τοῦ
2303 5341 2583 5424 Ῠίοῦϋτοῦ
2632 5361 2972 5431 ἀνθρώπου,
3030 5357 3131 5413 καί
3184 5356 3364 5425 πίητε
3416 5347 3591 5407 αὐτοῦ
3628 5341 3686 5395 τὸ

2148 5456 2312 5530 αἷμα,
2347 5459 2460 5512 οὐκ
2509 5455 2681 5524 ἔχετε
2730 5449 2884 5520 ζωὴν
2905 5450 2975 5503 ἐν
3002 5443 3260 5510 ἑαυτοῖς.
3306 5435 3686 5533 naturam:

2151 5523 2223 5604 Τί
2266 5523 2344 5616 τῷ
2398 5523 2794 5610 παντοδυνάμῳ
2845 5536 3138 5592 ἀδυνατίαν
3182 5531 3535 5604 περιάπτεις;
3590 5523 3688 5574 Οὐκ

1474 5671 1493 5702 '
1525 5671 1661 5727 ibid.
1698 5671 1785 5735 54,
1994 5674 2012 5701 ⁵³

2130 5674 2170 5727 1.
2225 5671 2314 5734 ενι,
2347 5666 2436 5720 ss.
2513 5659 2697 5714 “ibid.
2779 5660 2820 5690 ιο
2860 5658 2878 5712 ι
2919 5658 3043 5712 Cor.
3089 5653 3266 5728 3,10.
3344 5652 3384 5682 ιε
3440 5642 3561 5701 ibid.
3612 5634 3682 5688 ιτ.
