3942 6250
477 303 580 371 515
718 372 723 381 χ
1431 300 1744 365 NICOLAI
1780 294 2336 360 METHONENSIS
2377 294 2727 358 EPISCOPI.
2788 338 2798 342 ‹
3629 294 3742 355 516

476 436 690 485 manus,
738 428 785 474 et
835 419 1051 474 elevatis
1096 417 1258 472 oculis
1310 418 1381 473 ad
1413 395 1464 470 te
1514 416 1677 469 Deum
1726 430 1788 468 ac
1840 412 2033 465 Patren

2193 410 2513 480 ιναόλέψας
2544 414 2696 479 πρός
2722 427 2796 466 σε
2823 413 2927 465 τὸν
2957 411 3108 468 Θεὸν
3140 409 3329 465 αὑτοῦ
3362 410 3462 464 καὶ
3492 410 3750 476 Πατέρα,

472 529 650 576 suum,
682 512 859 583 fregit,
897 512 1142 581 deditque
1182 509 1330 563 nobis
1358 508 1535 563 dicens
1562 523 1579 560 :
1611 505 1841 574 Accipite
1876 518 1939 557 ea:
1971 518 2029 555 eo

2181 501 2257 556 ταί
2280 502 2521 569 κλάσας
2564 494 2792 557 ἔδωκεν
2812 495 2979 573 ἡμῖν,
3017 500 3232 556 εἰπών·
3289 498 3516 557 Λάϐετε
3556 499 3627 567 ἐξ
3647 504 3738 557 αὑ

474 601 730 655 comedite
764 614 783 652 :
826 598 937 652 Hoc
989 607 1065 653 est
1120 613 1309 666 corpus
1354 612 1527 650 meum
1551 595 1690 665 quod
1729 608 1825 661 pro
1876 589 2031 644 multi.

2195 594 2286 662 οῦ,
2322 595 2563 664 φάγετε,
2582 595 2761 648 τοῦτό
2780 595 2911 648 ἐστι
2926 595 2992 649 τὸ
3009 594 3179 663 σῶμά
3191 612 3310 664 μου
3331 594 3399 647 τὸ
3432 595 3569 663 περὶ
3603 600 3752 649 10.1-

472 688 874 753 comminuitur,
914 688 973 740 in
1002 688 1363 741 remissionem
1391 693 1747 754 peccatorum.
1790 680 2029 735 Similitc

2197 686 2282 738 ῶν
2320 687 2719 755 θρυπτόμενον
2758 687 2847 752 είς
2860 686 3082 755 ἄφεσιν
3110 685 3435 754 αμαρτιῶν.
3468 686 3750 749 Ὡσαύτως

473 789 532 835 et
562 780 792 835 calicem
836 794 904 834 ex
954 779 1085 833 vino
1119 788 1177 833 et
1221 792 1362 848 aqua
1396 786 1786 846 temperatum,
1811 773 2023 829 sanctiﬁ

2190 780 2250 832 al
2278 777 2339 832 τὸ
2370 780 2631 849 ποτήριον
2683 779 2926 848 κεράσας
2956 778 3015 844 ἐξ
3040 779 3190 833 οἴνου
3249 780 3342 832 καὶ
3392 777 3614 841 ὓδατος,
3651 782 3747 833 καὶ

475 873 643 936 cavit,
673 872 938 942 deditque
971 872 1133 926 nobis
1163 870 1396 926 dicens:
1437 867 1609 923 Bibite
1651 883 1715 921 ea:
1739 883 1799 920 eo
1831 883 2008 921 omnes

2184 871 2395 938 ιγιάσας
2412 870 2613 923 ἔδωκεν
2668 871 2800 939 ἡμῖν
2835 869 3031 938 λέγων,
3069 871 3238 924 Πιέτε
3268 870 3339 934 ἐξ
3361 871 3557 925 αὐτοῦ
3586 871 3741 924 πάν-

474 965 559 1019 Ιιὶο
616 974 694 1018 est
718 964 934 1035 sanguis
961 979 1103 1017 meus
1131 963 1220 1033 qui
1251 978 1346 1030 pro
1377 962 1555 1015 multis
1578 959 1862 1031 eﬂ'unditur
1887 959 1943 1013 in
1971 974 2031 1012 re-

2194 977 2276 1026 ες,
2321 957 2501 1015 τοῦτό
2541 961 2673 1014 ἐστι
2728 959 2796 1013 τὸ
2851 955 2996 1029 αἷμά
3032 979 3154 1030 μου
3191 959 3260 1014 τὸ
3300 960 3438 1027 περὶ
3503 960 3751 1017 πολλῶν

476 1056 777 1109 missionem
805 1064 1162 1124 peccatorum.
1197 1052 1306 1107 Hoc
1334 1054 1492 1121 facite
1529 1053 1583 1106 in
1626 1068 1798 1106 meam
1829 1066 2033 1105 eamme

2194 1053 2572 1122 κχυνόμενον
2595 1056 2684 1117 είς
2709 1051 2937 1120 ἄφεσιν
2955 1049 3257 1121 ἁμαρτιῶν
3277 1069 3293 1083 ·
3321 1053 3507 1106 τοῦτο
3533 1052 3751 1106 ποιεῖτε

477 1151 852 1202 morationem.
878 1146 1150 1200 Memores
1180 1145 1345 1215 igitur
1375 1144 1644 1213 passionis
1666 1145 1809 1214 ejus,
1834 1144 2030 1197 mortis

2190 1147 2244 1211 ίς
2289 1143 2404 1212 τὴν
2429 1143 2585 1211 ἐμὴν
2641 1145 3007 1212 ἀνάμνησιν.
3039 1143 3402 1214 Μεμνημένοι
3449 1144 3633 1197 τοίνυν
3654 1143 3745 1196 τοῦ

480 1237 934 1303 resurrectionis,
970 1236 1183 1292 reditus
1211 1236 1268 1290 in
1305 1236 1475 1290 caelos
1511 1245 1569 1289 et
1618 1235 1789 1290 futuri
1818 1235 1938 1305 ejus
1964 1249 2037 1288 se.

2178 1237 2362 1298 πάθους
2395 1236 2563 1290 αὑτοῦ
2595 1236 2691 1289 καὶ
2756 1237 2851 1289 τοῦ
2908 1236 3168 1300 θανάτου,
3208 1234 3301 1289 καὶ
3351 1234 3448 1307 τῆς
3506 1238 3735 1289 ἀναστά-

479 1328 646 1383 cundi
678 1327 974 1391 adventus,
1014 1326 1069 1380 in
1119 1340 1230 1396 quo
1264 1327 1450 1379 veniet
1497 1324 1843 1395 iudicaturus
1899 1324 2036 1377 vivo:

2185 1347 2318 1394 τεως,
2341 1329 2557 1399 καὶτῆς
2578 1331 2659 1393 εἰς
2680 1330 2946 1400 οὐρανοὺς
2975 1330 3258 1394 ἐπανόδου,
3291 1332 3389 1382 καὶ
3447 1328 3550 1397 τῆς
3574 1378 3577 1387 ,
3619 1324 3742 1398 μελε

478 1427 534 1475 ct
559 1427 830 1482 mortuos,
873 1416 1301 1486 redditurusque
1324 1418 1525 1485 cuique
1556 1415 1864 1470 secundum
1885 1429 2035 1484 oper:

2189 1421 2357 1491 οὔσης
2401 1421 2566 1474 αὑτοῦ
2640 1422 2899 1491 δευτέρας
2959 1421 3288 1491 παρουσίας,
3336 1423 3396 1473 ὲν
3533 1419 3744 1492 ἔρχεται

481 1527 604 1578 sua,
644 1510 929 1566 otl‘erimus
960 1511 1056 1566 tibi
1080 1510 1192 1579 regi
1221 1525 1286 1564 ac
1318 1509 1451 1573 Deo,
1478 1509 1786 1565 secundum
1811 1510 1933 1578 ejus
1965 1508 2038 1563 in-

2184 1515 2344 1583 :pi’vat
2394 1512 2609 1577 ζῶντας
2639 1514 2734 1567 καὶ
2797 1514 3046 1584 νεκροὺς,
3075 1514 3169 1566 καὶ
3197 1506 3493 1567 ἀποδοῦναι
3523 1509 3741 1580 ἑκάστῳ

480 1602 856 1665 stitutionem,
884 1614 1081 1671 panem
1118 1600 1290 1662 hunc,
1329 1609 1388 1655 et
1439 1601 1587 1654 hunc
1627 1599 1879 1660 calicem,
1930 1613 2037 1668 gra.

2182 1607 2301 1659 πατὰ
2325 1606 2392 1659 τὰ
2457 1606 2597 1676 ἔργα
2623 1605 2814 1671 αὐτοῦ,
2840 1607 3230 1678 προσφέρομέν
3287 1623 3374 1660 σοι
3421 1605 3504 1676 τῷ
3531 1604 3739 1676 βασιλεί

481 1698 585 1750 tias
613 1695 709 1749 tibi
742 1709 842 1764 per
867 1709 991 1748 eum
1024 1703 1275 1763 agentes,
1312 1693 1457 1761 quod
1484 1708 1583 1748 nos
1609 1692 1779 1747 fueris
1800 1692 2038 1761 dignatur

2177 1698 2257 1753 cal
2304 1697 2447 1768 Θεῷ,
2484 1698 2629 1752 κατά
2653 1697 2752 1767 τὴν
2782 1697 2948 1751 αὑτοῦ
2972 1697 3242 1762 διάταξιν,
3271 1697 3364 1751 τὸν
3402 1698 3569 1768 ἄρτον
3612 1696 3734 1750 τοῦ·

476 1787 700 1843 adstare
728 1802 911 1843 coram
952 1795 1004 1841 te
1032 1796 1089 1842 et
1116 1786 1215 1842 tibi
1246 1759 1578 1842 sacriﬁcare.
1617 1786 1686 1840 Et
1719 1795 1770 1840 te
1802 1759 2023 1855 ro—gamu

2185 1806 2281 1858 :ov,
2311 1791 2406 1842 καὶ
2466 1790 2529 1843 τὸ
2583 1791 2845 1859 ποτήριον
2922 1789 3100 1848 τοῦτο.
3157 1788 3611 1859 εὐχαριστοῦντες
3663 1804 3742 1841 σοι

478 1892 542 1935 ut
594 1879 837 1951 pr0pitio
898 1894 1214 1949 serenoque
1266 1879 1418 1934 vultu
1454 1877 1717 1948 respicias
1742 1890 1907 1946 supra
1941 1878 2035 1933 bat

2180 1882 2233 1936 it‘
2254 1878 2443 1948 αὑτοῦ,
2478 1882 2566 1949 ἐφ’
2595 1875 2680 1943 οἷς
2704 1879 3059 1950 κατηξίωσας
3083 1881 3229 1949 ἡμᾶς
3260 1879 3488 1932 ἑστάναι
3513 1878 3737 1931 ἐνώπιόν

481 1971 768 2041 proposita
821 1969 963 2024 dona
996 1984 1182 2024 coram
1214 1977 1289 2033 te,
1337 1977 1396 2023 tu
1441 1967 1534 2038 qui
1584 1968 1791 2022 nullius
1818 1966 2038 2037 indiges1

2179 1992 2266 2028 σου
2302 1975 2401 2029 καὶ
2470 1974 2778 2044 ἱερατεύειν
2843 1990 2927 2026 σοι
2956 1989 2974 2005 ο
3031 1973 3128 2026 καὶ
3166 1970 3433 2041 ἀξιοῦμέν
3464 1987 3543 2036 σε,
3598 1970 3736 2034 ὅπως

481 2063 625 2117 Deus
656 2079 670 2114 :
703 2069 760 2116 et
793 2061 892 2116 tibi
928 2060 1316 2130 complacitum
1360 2060 1433 2115 sit
1483 2060 1538 2114 in
1570 2059 1655 2115 eis
1685 2060 1754 2114 ad
1788 2059 2038 2114 honoren

2180 2066 2408 2136 εὐμενῶς
2436 2064 2755 2135 ἐπιϐλέψοις
2785 2065 2878 2117 ἐπὶ
2899 2063 2971 2118 τὰ
3001 2064 3347 2133 προκείμενα
3371 2063 3522 2135 δῶρα
3569 2062 3737 2115 ταῦτα

470 2154 680 2209 Christi
713 2154 815 2219 tui,
844 2163 901 2209 et
929 2144 1151 2208 mittere
1175 2152 1422 2223 digneris
1453 2162 1706 2207 sanctum
1741 2160 1890 2208 tuum
1922 2152 2024 2222 .Spi

2179 2158 2399 2211 ενώπιὸν
2456 2174 2575 2222 σου,
2614 2158 2679 2211 σὺ
2705 2160 2732 2210 ὀ
2761 2157 3018 2223 ἀνενδεὴς
3080 2155 3230 2222 Θεὸς,
3262 2158 3356 2208 καὶ
3428 2155 3736 2226 εὐδοκήσοις

481 2248 648 2301 ritum
699 2261 868 2315 super
919 2246 1023 2301 hoc
1081 2245 1436 2310 sacriﬁcium,
1491 2255 1685 2300 testem
1736 2246 2038 2316 passionum

2180 2251 2252 2303 m’
2281 2251 2465 2329 αὐτοῖς
2496 2251 2573 2311 είς
2604 2249 2771 2319 τιμὴν
2799 2247 2896 2301 τοῦ
2919 2245 3161 2318 Χριστοῦ
3188 2263 3306 2300 σου·
3340 2247 3439 2301 καὶ
3458 2246 3737 2316 καταπέμ-

478 2336 695 2392 Domini
720 2337 875 2403 Jesu,
904 2336 1186 2392 utetliciat
1213 2350 1414 2406 panem
1442 2338 1612 2402 hunc,
1631 2354 1836 2408 corpus
1849 2338 2035 2395 Christ

2177 2343 2285 2413 ίοοις
2316 2341 2379 2396 τὸ
2418 2341 2574 2410 ἅγιόν
2603 2358 2699 2395 σου
2724 2341 2951 2412 Πνεῦμα
2997 2341 3090 2394 ἐπὶ
3122 2340 3223 2412 τὴν
3275 2340 3469 2396 θυσίαν
3518 2340 3734 2411 ταύτην,

481 2428 602 2495 tui;
628 2437 685 2485 et
711 2428 936 2484 calicem
972 2427 1139 2494 hunc,
1166 2428 1490 2500 sanguinem
1519 2430 1725 2487 Christi
1755 2429 1888 2485 tui.»

2178 2436 2254 2499 τὸν
2292 2436 2546 2505 μάρτυρα
2607 2433 2715 2487 τῶν
2769 2434 3115 2504 παθημάτων
3141 2432 3237 2486 τοῦ
3302 2432 3510 2503 Κυρίου
3541 2432 3735 2502 Ἰησοῦ,

2161 2526 2311 2589 ὅπως
2332 2527 2607 2597 ἀποφήνοι
2636 2525 2728 2579 τὸν
2755 2526 2921 2596 ἄρτον
2951 2525 3164 2592 τοῦτον,
3206 2524 3367 2595 σῶμα
3390 2524 3483 2579 τοῦ
3502 2523 3733 2596 Χριστοῦ

2163 2635 2279 2683 σου,
2304 2617 2366 2671 τὸ
2394 2617 2662 2688 ποτήριον
2691 2617 2872 2680 τοῦτο,
2906 2612 3047 2687 αἷμα
3079 2617 3178 2670 τοῦ
3209 2615 3449 2686 Χριστοῦ
3484 2632 3599 2669 σου.

551 2706 619 2762 Et
647 2705 850 2761 iterum
882 2721 1116 2777 magnus
1145 2707 1235 2762 ille
1256 2707 1465 2764 Paulus
1489 2726 1504 2763 :
1544 2707 1655 2780 Ego
1684 2712 1861 2780 accepi
1891 2729 1925 2765 a
1949 2711 2058 2767 Do-

2232 2711 2345 2763 Καὶ
2370 2710 2534 2764 πάλιν
2555 2711 2583 2762 ὁ
2630 2709 2800 2778 μέγας
2827 2708 3036 2773 Παῦλος
3057 2725 3073 2742 ·
3091 2709 3238 2779 Ἐγὼ
3271 2708 3610 2777 παρέλαϐον
3625 2705 3733 2762 ἀπὸ

482 2801 627 2885 mino
652 2800 794 2869 quod
837 2808 889 2853 et
932 2799 1131 2852 tradidi
1179 2799 1319 2854 vobis
1355 2814 1375 2853 :
1409 2800 1549 2870 quod
1594 2799 1852 2856 Dominus
1902 2802 2039 2858 Jesw

2177 2804 2270 2860 τοῦ
2328 2805 2569 2872 Κυρίου,
2604 2802 2637 2857 ὃ
2667 2804 2768 2857 καὶ
2813 2803 3131 2871 παρέδωκα
3182 2803 3347 2872 ὑμῖν,
3376 2800 3734 2868 ὅτιόΚύριος

482 2893 536 2946 in
564 2908 669 2962 qua
715 2901 863 2947 nocte
915 2890 1249 2957 tradebatur,
1312 2893 1510 2961 accepit
1563 2908 1782 2959 panem,
1815 2903 1864 2948 et
1903 2895 2039 2949 bene-

2175 2896 2408 2964 Ἰησοῦς
2435 2895 2498 2950 ἐν
2534 2894 2610 2965 τῇ
2626 2894 2799 2949 νυκτὶ
2822 2888 2863 2967 ᾗ
2892 2894 3273 2964 παρεδίδοτο,
3301 2886 3520 2949 ἔλασεν
3543 2892 3732 2960 ἄρτον,

481 2985 641 3047 dixit,
675 2984 851 3054 fregit,
886 2983 1127 3047 dixitque
1157 2999 1176 3036 :
1223 2985 1479 3053 Accipite,
1518 2986 1802 3051 comedite;
1841 2990 1936 3042 hoc
1979 3004 2038 3043 es.

2175 2988 2265 3045 καὶ
2301 2988 2778 3057 εὐχαριστήσας,
2801 2988 3032 3041 ἐκλασε
3053 2987 3151 3041 καί
3185 2983 3335 3041 εἶπε·
3360 2984 3598 3047 Λάϐετε,
3628 2984 3732 3053 φά-

480 3092 670 3145 corpus
698 3093 868 3131 meum
902 3077 1049 3146 quod
1075 3093 1168 3144 pro
1193 3077 1333 3130 vobis
1364 3078 1650 3145 frangitur.
1690 3079 1796 3133 Hoc
1818 3082 1977 3151 facile
1999 3084 2037 3136 ir

2174 3096 2317 3147 rete,
2356 3079 2536 3132 τοῦτό
2563 3095 2686 3148 μου
2712 3077 2842 3131 ἐστὶ
2863 3076 2930 3131 τὸ
2949 3075 3123 3145 σῶμα
3143 3077 3210 3130 τὸ
3237 3076 3388 3144 ὑπὲρ
3416 3074 3731 3146 interue-

483 3185 654 3223 meam
688 3169 1265 3222 commemorationem.
1322 3168 1741 3242 Quotiescunque
1790 3175 1930 3227 enim
1970 3190 2040 3227 co-

2171 3190 2381 3240 μενον·
2410 3172 2588 3226 τοῦτο
2612 3171 2837 3225 ποιεῖτε
2878 3173 2967 3236 εὶς
3015 3168 3130 3237 τὴν
3182 3169 3339 3240 ἐμὴν
3377 3169 3728 3238 ἀνάμνησιν.

485 3262 691 3316 meditis
713 3276 903 3331 panem
929 3262 1089 3324 hunc,
1123 3268 1172 3314 et
1203 3261 1419 3315 calicem
1457 3266 1596 3317 hunc
1620 3265 1813 3332 bibitis,
1840 3275 2042 3319 morten

2177 3265 2421 3328 Ὁσάκις
2447 3264 2557 3333 τὰρ
2588 3262 2666 3316 ἂν
2694 3261 2940 3328 ἐσθίητε
2963 3261 3071 3315 τὸν
3097 3261 3279 3329 ἄρτον
3299 3261 3535 3326 τοῦτον,
3556 3258 3648 3313 καί
3672 3262 3728 3312 τὸ

487 3353 698 3407 Domini
724 3354 1084 3417 annuntiatis,
1117 3352 1283 3407 donec
1304 3356 1562 3410 veniat".
1598 3355 1653 3411 Si
1685 3372 1816 3411 vero
1846 3374 2038 3413 censes

2169 3354 2454 3422 ποτήριον
2477 3354 2655 3408 τοῦτο
2697 3355 2930 3422 πίνητε,
2956 3352 3065 3407 τὸν
3086 3353 3349 3407 θάνατον
3388 3353 3494 3407 τοῦ
3523 3353 3726 3419 Κυρίου

486 3445 589 3500 hoc
613 3445 759 3515 quod
788 3461 818 3498 a
849 3445 1014 3499 nobis
1040 3444 1350 3512 perﬁcitur,
1387 3446 1484 3500 illo
1512 3448 1693 3502 minus
1715 3464 1858 3511 esse,
1883 3451 2043 3505 nesci:

2166 3444 2604 3513 καταγγέλλετε
2630 3445 2805 3514 ἄχρις
2828 3440 2901 3500 οὗ
2937 3442 3014 3498 ἂν
3064 3443 3240 3512 ἔλθῃ.
3303 3445 3365 3497 Εἰ
3410 3445 3466 3499 δὲ
3497 3445 3723 3503 ὑπονοεῖς

480 3534 767 3591 Christum
809 3537 977 3590 etiam
1032 3537 1141 3590 hoc
1196 3547 1442 3606 tempore
1511 3540 1755 3609 operari,
1806 3558 2037 3613 nuncqui

2165 3537 2323 3590 τοῦτο
2373 3538 2435 3590 τὸ
2467 3536 2599 3608 παρ’
2650 3538 2810 3607 ἡμῶν
2872 3537 3296 3607 ἐπιτελούμενον
3347 3538 3567 3591 ἔλαττον
3596 3534 3722 3590 εἶναι

484 3628 683 3683 adesse
714 3645 729 3678 :
766 3627 875 3681 Ero
897 3629 1039 3681 enim
1073 3629 1334 3681 vobiscum
1365 3631 1476 3684 dies
1528 3635 1795 3688 universos
1833 3635 1903 3687 ad
1940 3651 2038 3689 con

2166 3629 2399 3695 ἐκείνου,
2434 3630 2538 3682 οὐκ
2589 3624 2738 3691 οἶδας
2790 3629 2874 3681 ὅτι
2896 3631 2925 3682 ὁ
2947 3629 3186 3699 Χριστὸς
3240 3630 3339 3682 καὶ
3370 3629 3467 3682 νῦν
3507 3631 3717 3700 ἐνεργεῖ,

485 3721 892 3775 summationem
951 3737 1111 3789 usque
1162 3721 1341 3775 steculi
1373 3722 1439 3788 ⁸⁵,
1472 3724 1751 3794 pollicitus
1788 3738 1892 3781 est.
1951 3727 2042 3782 H04

2168 3722 2261 3773 ua".
2292 3720 2388 3773 νῦν
2412 3721 2699 3790 πάρεστιν
2758 3721 3016 3790 Ἕσομαι
3062 3723 3174 3788 γὰρ
3240 3718 3377 3789 μεθ’
3426 3720 3590 3791 ὑμῶν
3629 3720 3720 3783 τὰς

489 3815 620 3866 item
658 3813 979 3884 mysterium
1013 3827 1363 3883 summopere
1393 3814 1674 3870 admirans
1695 3817 1851 3886 quasi
1879 3816 2046 3871 obstu.

2167 3812 2394 3881 ἡμέρας
2414 3811 2659 3877 ἁπάσας
2684 3812 2826 3881 ἄχρι
2845 3812 2957 3881 τῆς
2983 3815 3347 3880 συντελείας
3369 3813 3477 3869 τοῦ
3506 3812 3715 3878 αίῶνος,

488 3905 737 3974 pcfactus
789 3906 952 3961 dirus
984 3905 1296 3974 Apostolus,
1335 3923 1459 3963 cum
1489 3910 1684 3964 timore
1719 3910 1813 3965 Dei
1848 3927 1912 3965 ac
1962 3912 1995 3964 ti
2019 3916 2045 3965 ξι

2167 3905 2553 3974 ἐπηγγείλατο.
2587 3904 2758 3959 Τοῦτο
2780 3904 2841 3957 τὸ
2865 3905 3168 3975 μυστήριον
3184 3904 3346 3959 πάλιν
3366 3906 3567 3974 ὑπερειι
3588 3904 3716 3975 τλητ-

489 4004 548 4053 ιιι
573 3998 738 4069 digne
778 3998 827 4053 ei
864 3999 1256 4069 participemus
1284 4000 1629 4063 adhortatur,
1654 4009 1707 4055 el
1734 4004 2046 4072 suppliciun

2168 3997 2395 4065 τόμενος
2482 3996 2625 4059 θεῖος
2668 3996 3016 4060 Ἀπόστολος,
3056 3997 3193 4067 μετὰ
3252 3997 3421 4066 φόὸου
3470 3996 3596 4049 θεοῦ
3636 3993 3715 4047 καὶ

488 4090 881 4160 transgressori
930 4090 1127 4145 deﬁnit
1180 4108 1195 4143 :
1244 4090 1552 4162 Quicunque
1615 4095 1918 4158 comederit,
1977 4095 2045 4149 in-

2169 4091 2406 4150 πίστεως
2458 4087 2625 4152 ἀξίως
2672 4077 3021 4158 ἡμᾶςαὺτοῦ
3054 4088 3309 4158 μετέχειν
3367 4085 3710 4159 παρακελεύε-

488 4182 705 4251 quiens,
736 4196 928 4249 panem
961 4184 1119 4248 hunc,
1155 4192 1245 4236 aut
1274 4183 1457 4237 biberit
1479 4185 1696 4238 calicem
1740 4184 1952 4239 Domini
1986 4188 2039 4240 in

2168 4198 2282 4243 ται,
2318 4182 2415 4234 καὶ
2446 4180 2725 4251 τιμωρίαν
2748 4180 2844 4234 τοῦ
2902 4180 3337 4251 παραϐαίνοντος
3397 4180 3708 4252 ἀφορίζεται·

487 4271 663 4342 digne,
697 4287 814 4325 reus
846 4272 945 4324 erit
968 4273 1203 4342 corporis
1248 4280 1297 4325 et
1345 4274 1617 4342 sanguinis
1661 4272 1873 4328 Domini
1898 4276 1964 4327 “‘.
2010 4275 2044 4329 Ιι

2176 4275 2280 4339 Ὃς
2303 4272 2379 4326 ἂν
2426 4273 2626 4340 ἐσθίῃ,
2693 4271 2890 4340 λέγων,
2927 4272 3036 4327 τὸν
3058 4270 3242 4340 ἄρτον
3267 4270 3503 4335 τοῦτον,
3531 4273 3567 4339 ἢ
3590 4271 3710 4335 πίνῃ

488 4363 716 4433 perinde
746 4374 853 4430 est,
895 4379 959 4420 ac
1011 4364 1056 4417 si
1112 4364 1315 4419 dixerit
1365 4365 1500 4431 (divi
1532 4365 1906 4437 Chrysostomi
1938 4382 2045 4422 seni

2172 4366 2237 4418 τὸ
2261 4363 2549 4432 ποτήριον
2592 4361 2700 4416 τοῦ
2754 4361 2976 4430 Κυρίου
3028 4361 3315 4428 ἀναξίως,
3344 4360 3711 4431 ἐνοχοςέσται

490 4456 711 4526 tentia):
733 4455 1203 4522 Quemadmodum
1233 4455 1458 4510 tradidit
1484 4457 1705 4527 quidem
1722 4473 1848 4513 cum
1872 4458 2047 4514 Judas

2167 4453 2275 4509 τοῦ
2302 4452 2578 4522 σώματος
2607 4449 2709 4504 καί
2732 4450 2839 4503 τοῦ
2867 4450 3115 4518 αἵματος
3131 4450 3238 4504 τοῦ
3268 4451 3513 4519 Κυρίου.
3538 4447 3711 4502 Ταῦτὺν

491 4547 547 4600 in
588 4561 723 4602 eum
774 4563 908 4603 vero
957 4548 1269 4618 petulanter
1300 4547 1622 4604 debacchati
1671 4559 1800 4605 sunt
1850 4550 2025 4606 Judaei

2168 4547 2227 4601 δὲ
2261 4548 2438 4599 εἰπεῖν
2486 4544 2651 4615 (κατὰ
2701 4544 2793 4597 τὸν
2828 4543 2971 4597 θεῖον
3004 4544 3419 4615 Χρυσόστομον)
3445 4584 3461 4609 ,
3492 4541 3712 4607 καθάπερ

489 4640 564 4695 ita
596 4639 869 4695 dedecore
892 4649 948 4695 et
979 4638 1203 4694 infamia
1232 4654 1358 4693 eum
1384 4639 1650 4705 alliciunt,
1676 4642 1768 4709 qui
1795 4641 2045 4697 sanctissi

2171 4640 2465 4710 παρέδωκε
2505 4639 2605 4707 μὲν
2665 4637 2837 4691 αὐτὸν
2880 4637 3109 4701 Ἰούδας,
3141 4637 3508 4709 ὲπαρῲνησαν
3555 4635 3606 4689 δὲ
3649 4633 3712 4689 εἰς

490 4749 641 4789 mum
673 4734 795 4804 ejus
819 4746 1022 4802 corpus
1050 4730 1278 4802 indigne
1316 4746 1417 4786 ore
1469 4742 1718 4802 sumunt,
1748 4742 1805 4789 et
1851 4749 2047 4803 corpor

2170 4729 2333 4783 αὑτὸν
2403 4729 2672 4794 Ἰουδαῖοι,
2737 4726 2911 4790 οὕτως
2959 4726 3321 4796 ἀτιμάζουσιν
3370 4727 3533 4780 αὑτὸν
3585 4725 3628 4776 οἱ
3665 4721 3712 4772 τὸ

491 4824 790 4879 admovent
840 4825 1080 4894 impuro.
1121 4822 1313 4893 Itaque
1359 4822 1563 4893 inquit,
1599 4823 1791 4878 Probet
1840 4827 2048 4896 seipsun

2169 4821 2434 4888 πανὰγιον
2467 4819 2631 4872 αὑτοῦ
2655 4817 2816 4889 σῶμα
2846 4816 3075 4882 ἀναξίως
3099 4815 3178 4887 τῷ
3198 4816 3429 4886 στόματι
3447 4817 3680 4887 δεχῦμειο
3699 4848 3712 4873 .

489 4920 681 4981 homo;
729 4930 841 4969 non
878 4915 1019 4968 alter
1048 4914 1305 4978 alterum,
1342 4913 1445 4967 hoc
1492 4912 1641 4967 enim
1671 4913 1921 4984 judicare
1958 4925 2042 4969 est

2170 4910 2267 4964 καὶ
2296 4913 2488 4979 ἐναγεῖ
2507 4911 2921 4981 προσφέροντες
2957 4907 3197 4977 σώματι.
3239 4910 3335 4960 Διὸ
3377 4925 3511 4979 φησι
3534 4923 3547 4937 ·
3577 4907 3710 4959 Ama-

490 5006 585 5060 scd
613 5005 852 5076 primum
884 5006 1121 5075 quisque
1149 5005 1389 5074 seipsum
1420 5021 1434 5058 :
1480 5014 1529 5057 et
1560 5006 1633 5058 sic
1654 5005 1717 5058 de
1739 5021 1876 5075 pane
1903 5006 2047 5060 edat.

2165 5001 2395 5069 μαζέτω
2453 5002 2767 5071 ἅνθρωπος
2802 5001 3046 5065 ἐαυτὸν,
3075 5000 3175 5070 οὐχ
3203 4999 3390 5070 ἕτερος
3423 5000 3513 5051 τὸν
3542 4998 3714 5065 ἕτερον·

491 5107 543 5152 et
574 5098 640 5150 de
687 5096 851 5150 calice
872 5096 1037 5149 bibat.
1076 5096 1180 5160 Qui
1206 5097 1347 5149 enim
1378 5097 1668 5151 manducat
1713 5104 1761 5150 et
1811 5096 1935 5150 bibit
1972 5098 2048 5151 ini

2168 5093 2329 5148 τοῦτο
2359 5095 2470 5165 γὰρ
2496 5094 2680 5165 κρῖναί
2709 5096 2862 5148 ἔστιν
2882 5110 2896 5126 ·
2933 5092 3072 5165 ἀλλὰ
3100 5090 3320 5163 πρῶτον
3347 5091 3578 5153 ἕκαστος
3611 5090 3716 5141 ἐαυ-

494 5188 669 5257 digne,
688 5187 954 5257 judicium
980 5186 1079 5241 sibi
1102 5187 1389 5240 manducat
1434 5194 1484 5240 et
1512 5186 1660 5246 bibit.
1716 5204 1820 5241 non
1867 5189 2051 5258 dijudi-

2167 5187 2279 5239 τόν*
2309 5186 2416 5240 Καὶ
2435 5187 2620 5251 οὕτως
2647 5186 2720 5257 ἐκ
2758 5185 2864 5239 τοῦ
2897 5185 3084 5254 ἄρτου
3137 5182 3405 5247 ἐσθιέτω,
3428 5181 3525 5236 καί
3549 5181 3614 5233 ἐκ
3632 5176 3719 5231 τοῦ

493 5295 642 5342 cans,
672 5278 778 5332 hoc
829 5286 936 5337 est.
987 5276 1335 5347 perpendens
1372 5287 1429 5332 et
1473 5277 1833 5332 considerans
1877 5295 2050 5349 corpu;

2171 5280 2462 5347 ποτηρίου
2488 5277 2707 5332 πινέτω
2728 5293 2742 5308 ’
2775 5280 2809 5331 ὁ
2832 5278 2942 5347 γὰρ
2964 5277 3184 5331 ἐσθίων
3209 5275 3311 5329 καί
3368 5275 3560 5329 πίνων
3597 5271 3720 5327 ἁνα-

496 5368 709 5422 Domini
737 5366 780 5397 ”
836 5367 1207 5436 propositum.
1261 5367 1413 5432 Quod
1463 5366 1509 5421 si
1569 5365 1638 5431 is,
1668 5366 1762 5436 qui
1801 5383 1899 5437 per
1922 5384 1980 5424 se
2014 5371 2053 5423 ir

2170 5369 2332 5436 ξίως,
2356 5370 2532 5440 κρῖμα
2566 5368 2759 5434 ἐαυτῷ
2782 5370 2973 5424 ἐσθίει
3005 5368 3107 5423 καὶ
3143 5370 3327 5434 πίνει,
3383 5371 3471 5436 μὴ
3522 5361 3724 5431 διακρί-

494 5459 717 5529 aliquod
749 5460 1125 5514 humanorum
1166 5460 1425 5514 vitiorum
1466 5459 1724 5528 delapsus
1752 5471 1854 5526 est,
1886 5470 1943 5515 et
1987 5461 2051 5515 in

2171 5479 2313 5529 νων,
2348 5463 2628 5517 τουτέστιν
2658 5461 2930 5527 ἐξετάζων
2953 5462 3047 5515 καὶ
3097 5461 3296 5515 ἐννοῶν
3324 5460 3391 5515 τὸ
3439 5458 3605 5529 σῶμα
3634 5452 3725 5511 τοῦ

493 5549 731 5608 ἀξεοιοῑε
783 5552 1038 5614 accessit,
1075 5561 1135 5606 ut
1178 5550 1400 5620 indigne
1441 5551 1878 5621 communicans,
1917 5561 2050 5608 tant:

2173 5556 2392 5624 Κυρίου
2445 5552 2824 5624 προκείμενον.
2880 5553 2946 5606 El
2974 5552 3034 5606 δὲ
3064 5554 3092 5606 δ
3125 5552 3247 5606 καθ’
3286 5552 3483 5607 ἑαυτὸν
3524 5550 3582 5602 ἐν
3627 5559 3722 5601 τινι

567 5731 658 5786 ¹³1
693 5731 819 5787 Cor.
864 5750 938 5800 xu,
969 5734 1058 5800 25,
1096 5735 1187 5804 ει,
1236 5734 1326 5791 27.
1410 5737 1451 5768 ”
1501 5738 1691 5795 Matth.
1756 5753 1943 5802 xxvm,
1987 5735 2074 5789 Q0.

1663 5759 1691 5794 ι.
1756 5753 1943 5802 xxvm,
1987 5735 2074 5789 Q0.
2162 5734 2203 5823 :5
2241 5734 2261 5788 Ι
2309 5733 2436 5791 Cor.
2480 5751 2555 5803 χι,
2590 5735 2692 5826 27..
2762 5735 2804 5768 ¹⁶
2836 5734 2971 5791 ibid.
3006 5734 3097 5802 28,
3132 5735 3220 5791 29.
