3942 6250
242 345 339 410 531

1507 361 1589 421 IN
1646 362 1860 425 PSAL.
1899 368 2177 430 XLVIII.

3378 376 3477 461 529

243 476 362 516 ται·
397 459 688 530 ἅνθρωπος
739 460 820 528 δὲ,
851 462 910 518 τὸ
944 464 1002 519 ἐν
1040 467 1232 539 κόσμῳ
1280 470 1505 541 ἄριστον
1545 473 1706 538 ζῶον,
1752 493 1782 528 τ

1918 495 2020 548 gna
2062 481 2364 550 productis,
2435 487 2499 540 ad
2545 503 2778 556 quorum
2850 492 3243 553 incrementum
3308 516 3478 573 neque

241 553 333 605 τοῦ
367 551 501 605 Θεοῦ
550 553 737 624 ἔργον,
766 555 826 610 τὸ
872 559 956 621 εἰς
995 560 1291 629 ἐργατείαν
1329 565 1541 619 ἐκεῖθεν
1587 567 1805 634 εὐφυὲς,

241 646 297 698 τὸ
331 645 403 714 μὴ
434 649 772 717 τεταγμένον
813 651 1171 719 ἀναπίπτειν,
1208 655 1343 709 ἀλλὰ
1383 658 1478 710 καὶ
1516 659 1596 723 είς
1637 661 1812 712 ἀεικι-

240 739 430 805 νησίαν
482 741 885 809 παραγγέλλον,
946 744 1037 797 ὅτε
1089 744 1392 801 διατίθεται
1439 751 1663 820 νοερῶς,
1717 752 1810 805 καὶ

239 831 510 896 κοπιάσει,
548 835 645 887 καὶ
677 834 908 904 ίδρῶτας
939 841 1202 910 ὲκκρινεῖ,
1249 844 1345 896 καὶ
1384 847 1684 915 πονήσεται
1716 864 1813 899 κα·-

239 921 326 972 λὺν
363 925 623 991 ποιῆσαι·
659 929 754 979 καὶ
804 927 948 983 οὕτω
978 932 1228 996 τεύξεται
1274 935 1371 1005 τῆς
1402 937 1665 1006 ἐφέσεως,
1714 940 1813 1011 οὐχ

237 1014 438 1077 ἁπλῶς,
468 1016 608 1068 ἀλλὰ
642 1020 1255 1093 συνεπιλαμϐανομένου
1293 1027 1454 1083 Θεοῦ.

1915 580 2119 635 aratro,
2170 587 2349 642 neque
2423 588 2666 633 semente
2726 597 2865 652 opus
2897 593 3000 650 est,
3053 596 3107 640 et
3161 589 3361 658 quibus
3395 593 3479 649 vis

1915 663 2096 717 vitalis
2145 665 2197 719 in
2257 669 2584 726 animalibus
2637 687 2998 733 conservatur
3038 698 3053 734 :
3087 682 3249 739 homo
3275 696 3478 754 autem,

1915 754 2117 808 animal
2164 756 2216 809 in
2278 756 2377 812 hac
2408 768 2548 814 terra
2600 767 3134 835 priestantissimum,
3194 787 3332 844 opus
3367 775 3461 833 Dei

1915 847 1981 901 ad
2016 862 2175 915 opt-ra
2212 847 2394 903 divina
2463 853 2824 920 aptissimum,
2858 859 3042 926 homo,
3069 863 3314 933 inquam,
3374 883 3480 924 non

1917 938 1984 994 ad
2046 939 2511 1007 lnnguescendum
2600 951 2961 1017 compositus,
3032 957 3126 1010 sed
3217 963 3478 1018 continuo

1911 1031 2087 1086 motui
2123 1031 2450 1096 destinatus.
2488 1038 2710 1103 quando
2760 1041 3102 1100 rationaliter
3158 1047 3308 1114 vivit,
3337 1067 3475 1107 sem.

234 1123 326 1175 per
379 1108 667 1172 laborabit,
721 1122 774 1166 et
832 1115 1128 1171 sudoribus
1182 1119 1441 1185 madebit,
1486 1131 1541 1176 et
1600 1124 1802 1180 bonum
1865 1122 2043 1177 facere
2093 1125 2412 1192 contendet,
2455 1136 2619 1198 atque
2683 1131 2786 1185 hoc
2836 1134 2996 1188 modo
3045 1138 3111 1191 ad
3170 1108 3477 1200 desiderata

234 1199 536 1267 prrtendet,
590 1218 703 1257 non
777 1206 1101 1275 simpliciter
1177 1226 1272 1280 per
1328 1227 1408 1278 se,
1470 1215 1564 1269 sed
1638 1218 1929 1286 adjuvante
1978 1215 2105 1270 Deo.

300 1289 366 1360 β’.
406 1293 537 1346 Εἰδ’
588 1295 671 1347 ὄτι
715 1298 994 1366 κυριεύειν
1021 1303 1130 1356 τῶν
1164 1304 1257 1357 ἐπὶ
1300 1307 1403 1376 γῆς
1452 1309 1617 1373 αὐτὸς
1651 1312 1806 1363 τέτα-

231 1400 376 1448 κται,
409 1385 552 1448 ἀξιοῖ
592 1387 863 1453 ἀνεῖσθαι,
896 1392 995 1457 καὶ
1023 1392 1165 1447 θέλει
1208 1396 1554 1465 ἀνακείσθω,
1599 1402 1692 1455 καὶ
1730 1404 1803 1472 μὴ

231 1474 365 1544 πρὸς
395 1475 626 1543 ἀγαθοῖς
671 1480 860 1543 κόποις
910 1477 1074 1549 εῖναι,
1117 1485 1254 1538 ἀλλά
1282 1486 1440 1541 τοῦτο
1472 1491 1563 1542 καὶ
1608 1492 1806 1559 μᾶλλον

231 1567 390 1618 αὑτὸν
433 1569 677 1637 ὲναγέτω
724 1575 925 1645 κοπιᾷν
973 1578 1053 1638 είς
1093 1577 1276 1643 καλὸν,
1321 1582 1418 1633 καὶ
1469 1582 1689 1652 μοχθεῖν
1718 1586 1804 1636 ἐπ’

230 1662 423 1730 ἀρετῇ,
450 1663 614 1715 ὁποία
646 1662 743 1732 τὴν
766 1663 952 1720 θεόθεν
983 1667 1129 1738 αὐτῷ
1158 1671 1479 1725 δεσποτείαν
1504 1676 1807 1744 ἐπικοσμή-

1978 1308 2033 1365 2.
2067 1308 2302 1364 Tantum
2348 1319 2529 1368 autem
2583 1315 2739 1372 abest
2789 1328 2847 1372 ut
2899 1318 3040 1385 ideo,
3085 1325 3231 1392 quod
3282 1327 3475 1384 domi-

1911 1415 2015 1455 nus
2054 1410 2215 1455 terrae
2283 1405 2615 1462 constitutus
2664 1416 2768 1468 est.
2837 1410 3191 1479 languescere
3269 1426 3326 1472 et
3365 1421 3478 1475 otio

1907 1505 2030 1547 sese
2070 1490 2271 1549 dedere
2307 1502 2362 1548 et
2414 1509 2444 1548 a
2505 1496 2671 1553 bonis
2722 1500 3004 1558 laboribus
3071 1518 3293 1563 cessare
3348 1525 3478 1578 per-

1909 1586 2174 1650 mittatur,
2237 1594 2295 1639 ut
2353 1588 2448 1642 illo
2506 1592 2623 1657 ipso
2690 1591 2855 1645 etiam
2917 1595 3089 1663 magis
3151 1596 3356 1667 impelli
3385 1602 3481 1656 de.

1909 1673 2033 1729 beat
2117 1678 2184 1732 ad
2255 1678 2544 1747 pulchrum
2614 1681 2937 1737 sectandum
2996 1692 3052 1738 et
3106 1686 3291 1742 virtuti
3363 1700 3480 1746 stu-

231 1770 332 1808 σει.
374 1758 748 1826 Παραδὲδοται
788 1761 919 1830 γὰρ,
949 1763 1045 1815 καὶ
1075 1765 1177 1818 οὐκ
1209 1765 1360 1821 ἐστιν
1389 1767 1686 1835 ἀντειπεῖν,
1720 1770 1780 1823 ὅτ

1905 1765 2141 1822 dendum
2178 1783 2283 1837 qua
2333 1771 2636 1825 dominium
2696 1773 2957 1828 divinitus
3002 1774 3104 1844 ipsi
3149 1792 3476 1837 concessum

212 1846 609 1912 φροντιστικὸς
639 1846 715 1910 ὡς
766 1849 1003 1918 μάλιστα
1036 1854 1063 1906 ὁ
1112 1854 1372 1909 πλειόνων
1418 1858 1670 1930 κρατῶν·
1719 1859 1800 1913 διὸ

228 1934 318 1985 καὶ
350 1934 625 2004 τοσαύτης
673 1938 842 2007 ἐχρῆν
875 1939 952 2009 τῷ
982 1942 1204 2012 ἄρχοντι
1262 1946 1511 2012 μετεῖναι
1559 1947 1798 2015 σπουδῆς

227 2025 312 2076 καὶ
349 2024 549 2094 βουλῆς
579 2030 676 2080 καὶ
710 2031 1050 2101 ὲντρεχείας,
1075 2033 1149 2098 ὡς
1179 2035 1314 2106 μηδὲ
1346 2036 1642 2108 παννύχιον
1667 2038 1801 2102 ἐξεῖν-

223 2130 308 2183 ναι
345 2115 636 2171 καθεύδειν
670 2120 738 2172 αὐ
748 2120 857 2174 τόν.

289 2305 358 2368 γ’.
390 2302 456 2355 Ei
482 2300 614 2369 γοῦν
660 2302 943 2371 βασιλεύει
978 2308 1084 2360 τῶν
1126 2308 1221 2362 ἐπὶ
1254 2310 1361 2379 γῆς
1410 2311 1557 2375 ἅπας
1592 2312 1799 2385 ἄνθρω-

224 2410 335 2457 πος,
378 2395 475 2445 καὶ
511 2395 750 2464 μάλιστα
774 2398 801 2449 ὁ
844 2399 1160 2467 σπουδαῖος,
1201 2403 1547 2473 ἐνθυμείσθω
1575 2409 1670 2459 καὶ
1702 2425 1798 2472 με-

222 2483 388 2555 λέτωρ
425 2485 624 2539 ἑαυτοῦ
668 2504 731 2541 τε
763 2483 902 2542 εἶναι
954 2491 1047 2544 τοῦ
1093 2493 1235 2556 ἐνὸς,
1270 2496 1363 2547 καὶ
1393 2495 1460 2549 δι’
1496 2496 1626 2549 αὐτὸ
1653 2499 1797 2552 οὐδε-

223 2577 330 2637 νὸς.
364 2578 511 2630 κατά
562 2578 664 2648 τὴν
698 2579 934 2633 παλαιὰν
969 2564 1289 2663 παροιμίαν,
1340 2587 1437 2640 καὶ
1481 2589 1592 2641 τῶν
1617 2590 1793 2643 ἄλλων

219 2667 292 2730 δὲ,
328 2669 491 2732 ὅσους
530 2671 621 2721 ὑπ’
650 2670 800 2740 αύτῷ
834 2671 1025 2738 ἔταξεν
1053 2675 1080 2728 ὁ
1106 2676 1238 2740 Θεός
1264 2693 1279 2708 ⁸
1315 2680 1410 2731 καὶ
1443 2679 1518 2751 μὴ
1561 2680 1793 2734 ὲθελέτω

217 2762 449 2829 ἀπονητὶ
500 2762 771 2832 ἐπήϐολος
820 2766 1078 2835 ἐναρέτου
1133 2769 1382 2835 γίνεσθαι
1439 2773 1788 2842 πράγματος,

217 2852 745 2924 ὲλπιδοκοπούμενος
773 2856 854 2920 είς
884 2857 1042 2911 κενὸν
1065 2858 1209 2913 κατὰ
1236 2862 1363 2925 τοὺς
1384 2862 1790 2932 ὀνειροπολοῦν-

215 2961 308 3007 τας
340 2947 439 2998 καὶ
466 2948 829 3015 εὑρίσκοντας
861 2949 1097 3004 ἐνώπιον
1143 2951 1211 3005 τὰ
1240 2952 1327 3006 διὰ
1358 2954 1526 3009 πόθου
1577 2956 1783 3020 αὐτοῖς.

216 3037 472 3090 Βαλλέτω
492 3038 549 3091 δὲ
588 3039 667 3100 είς
698 3038 821 3092 νοῦν
851 3043 945 3094 καὶ
986 3041 1149 3111 σοφὸν
1183 3045 1389 3098 ἐκεῖνον
1432 3045 1686 3113 παλαιὸν,
1726 3049 1786 3111 ὃς

1901 1858 2316 1918 condecoretur.
2370 1858 2654 1918 Traditum
2706 1866 2850 1918 enim
2901 1874 2989 1921 est
3058 1883 3231 1938 neque
3289 1874 3477 1938 negari

1898 1950 2120 2019 poterit,
2172 1965 2298 2006 euzn
2353 1954 2445 2023 qui
2482 1953 2674 2023 majori
2723 1957 2954 2026 imperio
3029 1961 3256 2028 gaudet,
3296 1963 3475 2032 pluri-

1898 2041 2005 2095 mis
2039 2042 2188 2097 curis
2220 2057 2343 2098 esse
2369 2044 2689 2113 implicitum
2730 2066 2742 2101 :
2778 2061 2945 2116 quare
2973 2050 3138 2103 etiam
3177 2051 3477 2121 imperator

1899 2137 2051 2185 tanto
2108 2134 2291 2187 studio
2338 2143 2393 2188 et
2445 2135 2796 2192 meditatione
2854 2148 2908 2194 et
2953 2139 3141 2196 labore
3179 2155 3320 2213 opus
3376 2144 3475 2199 lia-

1899 2222 2035 2288 huit,
2092 2231 2154 2277 ut
2184 2239 2253 2279 ne
2304 2232 2413 2280 tela
2467 2229 2687 2297 quidem
2722 2238 2882 2286 nocte
2923 2233 3161 2290 dormire
3203 2240 3466 2302 potuerit.

1965 2316 2020 2370 5.
2058 2315 2192 2371 Jam'
2220 2334 2349 2374 vero
2394 2320 2441 2376 si
2494 2321 2727 2391 quilibet
2797 2324 2982 2388 homo,
3055 2335 3110 2381 et
3190 2328 3244 2384 in
3281 2331 3474 2399 primis

1897 2409 2121 2464 virtutis
2197 2409 2498 2477 studiosus,
2557 2427 2742 2467 rerum
2813 2416 3155 2472 terrestrium
3215 2420 3473 2477 dominus

1894 2510 2000 2563 est,
2050 2509 2279 2555 conetur
2308 2503 2393 2557 sui
2445 2501 2618 2570 ipsius
2654 2502 2844 2567 solius,
2902 2505 2954 2558 id
3010 2513 3115 2574 est,
3192 2517 3250 2563 ut
3312 2519 3473 2568 vetus

1894 2592 2243 2661 proverbium
2288 2594 2389 2656 ait,
2450 2593 2654 2648 nullius
2703 2609 2891 2649 curam
2935 2611 3168 2666 gerere;
3217 2599 3312 2655 sed
3337 2603 3471 2655 reli-

1893 2696 2126 2750 quorum
2163 2697 2299 2750 quos
2338 2682 2482 2737 Deus
2557 2684 2604 2736 ei
2646 2682 2902 2752 subjecit,
2967 2700 3146 2743 nenue
3195 2688 3474 2746 desideret

1893 2772 2011 2827 sine
2041 2773 2226 2827 labore
2257 2787 2323 2827 ae
2376 2773 2559 2829 studio
2604 2775 2827 2831 virtutis
2884 2790 3112 2847 compos
3159 2780 3300 2848 ﬁeri,
3371 2800 3471 2853 spe

1891 2876 2029 2917 vana
2078 2864 2337 2935 deceptus
2361 2863 2428 2920 ad
2468 2864 2643 2920 instar
2676 2866 2887 2920 illorum
2916 2869 3008 2938 qui
3052 2873 3285 2928 somniis
3333 2889 3472 2930 eou-

1894 2955 2065 3008 lidunt
2094 2963 2148 3010 et
2211 2961 2390 3023 cupita
2435 2955 2547 3025 jam
2581 2957 2685 3011 sibi
2747 2959 2944 3015 adesse
2985 2971 3269 3017 autumant
3315 2978 3330 3016 :
3371 2969 3468 3021 sed

1888 3048 2073 3115 potius
2131 3049 2386 3102 animum
2439 3049 2684 3105 advertat
2733 3051 2801 3106 ad
2838 3053 2988 3108 illum
3022 3063 3257 3111 veterem
3289 3057 3470 3127 philo-

216 3130 424 3194 παίζων
448 3131 576 3193 τοὺς
602 3131 886 3194 ἐθέλοντας
918 3134 1015 3203 μὲν
1038 3136 1094 3187 ὲν
1126 3136 1354 3204 ἀγαθοῖς
1385 3133 1549 3201 εἶναι,
1572 3141 1782 3195 όκνοῦνυ

1894 3140 2147 3208 sophum,
2193 3144 2308 3207 qui,
2346 3148 2404 3194 ut
2433 3140 2688 3195 illuderet
2752 3143 2820 3198 iis
2864 3146 2955 3214 qui
3030 3146 3188 3202 bonis
3246 3149 3464 3217 quidem

212 3235 303 3281 τας
333 3220 391 3272 δὲ
428 3222 629 3291 κοπιᾷν
677 3221 771 3274 καὶ
809 3221 951 3275 οὕτω
987 3225 1219 3279 κτᾶσθαι
1259 3227 1324 3309 3b
1356 3228 1599 3298 θελητὸν,
1650 3233 1786 3302 ἁπηι

214 3313 444 3382 σχόλησε
492 3317 669 3384 φωνῇ,
705 3316 1134 3387 ίστορησάμενος
1179 3318 1254 3381 ὡς
1302 3320 1392 3373 ἐπὶ
1439 3325 1660 3393 τρυφῇ·
1691 3328 1785 3380 καὶ

212 3404 487 3458 ἐπλάσατό
520 3424 638 3461 τινα
665 3406 779 3477 βίον
804 3408 1157 3471 παλαίτατον,
1187 3414 1244 3462 ἐν
1267 3404 1310 3479 ᾧ
1331 3412 1490 3466 θυσία
1520 3431 1578 3466 τε
1609 3415 1781 3481 ζῶσα,

209 3501 273 3552 si
303 3516 358 3551 τε
393 3498 532 3569 κρέα
554 3499 693 3567 ἑφθὰ
720 3501 809 3552 καὶ
843 3499 982 3554 ὀπτά
1007 3502 1125 3560 ταῖς
1158 3502 1464 3573 τραπέζαις
1490 3505 1782 3574 ἀπραγμό..

208 3605 309 3653 νως
340 3590 647 3660 ἐπέτρεχον
674 3591 753 3653 είς
791 3591 979 3645 ἑστίαν
1017 3593 1298 3662 μακαρίαν
1336 3595 1429 3647 καὶ
1462 3596 1777 3665 εὐδαίμονα,

206 3683 296 3735 καὶ
331 3672 513 3750 ζωμόὶ
573 3681 793 3752 λιπαροὶ
844 3684 1161 3752 ποταμηδδν
1200 3684 1390 3755 ἔρρεον
1444 3687 1522 3749 εἰς
1580 3690 1778 3760 χρῆσιν

204 3772 309 3829 τοῖς
335 3769 762 3838 ὀριγνωμένοις,
796 3770 890 3823 καὶ
922 3772 1101 3838 πτηνὰ
1141 3771 1280 3825 καλά
1301 3774 1383 3837 είς
1417 3773 1622 3845 βρῶσιν
1676 3794 1776 3830 κα-

203 3862 598 3913 τεπετάννυντο
626 3860 820 3929 ἕτοιμα
849 3863 963 3926 τοῖς
1000 3862 1311 3934 δαιτυμόσι,
1352 3866 1447 3918 καὶ
1488 3868 1602 3929 τοῖς
1639 3869 1779 3922 ὲκεί-

204 3969 303 4005 νων
342 3955 697 4023 ἐμπίπτοντα
732 3953 964 4025 στόμασι
1000 3954 1358 4024 παρεδύοντο,
1393 3958 1487 4012 καὶ
1517 3959 1696 4029 ἰχθύες
1717 3960 1773 4013 δὲ

199 4043 477 4108 ὀπτῶντες
514 4045 768 4110 ἑαυτοὺς,
826 4046 1051 4100 ἐπειδὰν
1095 4047 1323 4115 θάτερον
1358 4054 1532 4119 μέρος
1578 4068 1773 4122 κατερ-

200 4136 444 4205 γασθῶσι
528 4138 698 4206 πυρὶ,
760 4139 1190 4206 μετεστρέφοντο
1253 4140 1629 4194 αὑτοκύλιστοι
1677 4143 1770 4195 ἐπὶ

201 4223 419 4296 θάτερα,
456 4228 556 4280 καὶ
586 4223 759 4291 οὕτως
806 4225 1018 4281 εύθετοι
1043 4229 1331 4295 γεγονότες
1364 4230 1598 4297 ἀρτύσαι
1638 4231 1769 4299 τρά-

199 4319 385 4384 πεζαν,
410 4318 510 4372 καὶ
540 4319 800 4388 ἀρθέντες
849 4319 1120 4389 μετέωροι
1149 4322 1268 4383 ταῖς
1304 4322 1606 4392 τραπέζαις
1653 4324 1768 4374 ὲνε-

199 4410 471 4464 κυϐίστων
494 4425 509 4440 ⁸
534 4411 632 4463 καὶ
662 4396 913 4482 ἐτρύφων
943 4410 1116 4475 οὕτως
1144 4411 1203 4476 ἐξ
1224 4413 1542 4484 αὐτομάτων
1569 4415 1618 4469 οἱ
1643 4416 1764 4469 τότε

195 4499 465 4566 δαιταλεῖς
500 4500 719 4556 ἄπονοι.

256 4700 316 4759 δ’.
348 4704 463 4757 Καὶ
495 4703 710 4769 ἐξέθετο
751 4702 849 4773 μὲν
872 4700 1045 4755 ταῦτα
1079 4704 1106 4755 ὁ
1133 4702 1295 4770 σοφὸς
1324 4703 1554 4767 ἐκεῖνος,
1586 4705 1762 4760 λαλῶν

194 4793 498 4863 εὐτράπελα
537 4795 676 4846 κατά
711 4778 811 4862 τῆς
866 4793 1164 4863 Ἀσκραίοις
1207 4793 1418 4864 μούσης
1448 4793 1545 4865 (ὡς
1570 4796 1636 4850 ἄν
1681 4815 1763 4861 τις

192 4885 495 4949 εὐθυϐολως
537 4886 770 4954 νοήσοι),
808 4884 891 4953 ἐφ’
923 4881 1002 4946 οἷς
1050 4883 1281 4954 χρύσεον
1311 4884 1493 4956 ἐκείνη
1539 4887 1764 4957 ἀρχαῖον

192 4973 454 5039 ζωὼοασα
486 4977 645 5043 γένος
673 4975 1066 5047 ἠγαλμάτωσε,
1101 4974 1517 5042 μεταλλεύσασα
1551 4977 1760 5045 δεξιῶς,

190 5069 278 5118 καὶ
293 5068 668 5137 χρυσοχοῖκῶς
684 5068 1049 5137 χοανεύοασα.
1073 5067 1181 5121 Καὶ
1194 5068 1261 5120 τὰ
1284 5068 1472 5136 πρῶτα
1491 5070 1589 5137 μὲν
1605 5069 1758 5124 αὐτό·

190 5158 375 5214 ἔπειτα
423 5162 479 5213 δὲ
514 5164 594 5223 εἰς
624 5160 899 5229 ἀργύρεον
934 5158 1066 5212 αὐτὸ
1098 5159 1426 5226 ύπεὸίϐασε,
1470 5162 1564 5214 καὶ
1598 5160 1762 5214 θάνα-

188 5267 274 5304 τον
308 5254 678 5323 ὲρρητὸρευσε
730 5254 846 5314 τοῖς
879 5253 1003 5306 τότε
1038 5250 1266 5320 γλυκὺν,
1301 5246 1390 5305 οἷα
1438 5254 1532 5305 καὶ
1565 5252 1756 5319 ὕπνον,

190 5343 438 5414 ῥᾳστώνῃ
470 5345 589 5414 βίου
625 5345 721 5396 καὶ
765 5344 954 5414 ἀπόνῳ
982 5343 1096 5413 ζωῇ
1131 5341 1430 5412 ἀνάλγητον
1473 5343 1566 5394 καὶ
1595 5344 1759 5396 αὑτὸν

187 5433 541 5502 ὲφεπόμενον.
566 5434 1024 5504 Διαγραψόιμενος
1046 5433 1103 5484 δὲ
1127 5430 1302 5492 οὕτως
1325 5433 1351 5483 ὁ
1375 5434 1592 5496 ἀστεῖος
1619 5436 1758 5487 ἐκεῖ·

189 5540 290 5585 νος,
326 5525 423 5578 καὶ
458 5526 765 5595 γοητεύσας
795 5525 984 5589 ἀκοὰς,
1020 5524 1095 5583 tit;
1120 5523 1215 5577 καὶ
1239 5524 1603 5593 ὀνειροπολεῖν
1631 5542 1758 5594 τρυ-

188 5620 285 5683 φὰς
316 5620 414 5674 καί
441 5621 876 5689 τραπεζὼματα,
906 5619 967 5672 οὐ
1010 5618 1253 5689 φαύλως,
1290 5612 1467 5687 οἶμαι,
1501 5618 1759 5672 καθίκετο

185 5707 288 5759 τῶν
321 5712 402 5772 εἰς
439 5713 616 5780 μάτην
642 5711 1049 5780 χασμωμένων,
1080 5708 1175 5760 καὶ
1201 5706 1293 5758 τὸν
1318 5707 1518 5761 κόλπον
1547 5708 1634 5761 διὰ
1662 5726 1754 5761 κε-

188 5798 274 5868 νῆς
304 5801 822 5863 ἁναπεταννύντων,
848 5799 1228 5865 ὲξαπλούντων
1269 5799 1326 5852 δὲ
1354 5800 1446 5854 καὶ
1472 5801 1546 5853 τὼ
1581 5803 1750 5873 χεῖρε,

353 5971 365 5982 ,
440 5897 711 5958 Parum.
751 5894 868 5954 Gn.
901 5892 1194 5955 CXXXV.

1894 3228 2000 3281 frui
2072 3228 2406 3296 desiderant,
2494 3231 2590 3286 sed
2636 3232 2822 3288 laboro
2893 3235 3206 3291 desiderata
3273 3240 3463 3309 acqui-

1891 3336 2012 3375 rere
2066 3332 2346 3387 recusant,
2401 3323 2584 3379 fabula
2653 3326 2884 3393 quadam
2949 3329 3016 3382 de
3078 3330 3304 3385 mollitie
3364 3346 3464 3386 ex.

1890 3416 2125 3482 Cogitata
2164 3421 2379 3480 tempus
2457 3415 2586 3468 olim
2633 3415 2808 3470 fuisse
2882 3418 3038 3484 dixit,
3081 3435 3187 3489 quo
3245 3422 3463 3478 victima

1888 3510 2097 3569 vivens,
2142 3523 2336 3565 carnes
2393 3517 2573 3566 autem
2630 3522 2800 3568 coctae
2829 3522 3143 3586 assatmque
3185 3517 3254 3572 ad
3313 3535 3463 3575 men-

1887 3615 1975 3655 sas
2038 3603 2393 3658 aceurrebant
2464 3603 2743 3657 hominum
2800 3605 2852 3659 in
2920 3607 3095 3665 beatis
3167 3609 3463 3666 habitatio-

1886 3693 2046 3746 nibus
2111 3693 2342 3748 feliciter
2397 3694 2731 3763 degentium,
2791 3698 3066 3768 liquorum
3129 3716 3294 3771 porro
3341 3704 3462 3759 dul-

1884 3785 2027 3840 cium
2101 3792 2371 3840 torrentes
2430 3786 2577 3840 velut
2610 3788 2675 3840 ad
2758 3797 2952 3843 nutum
3022 3793 3457 3851 desiderantium

1882 3874 2196 3938 abluebant,
2260 3889 2388 3930 aves
2467 3892 2686 3948 quoque
2770 3878 3048 3937 deliciosae
3140 3899 3453 3941 mensarum

1880 3966 2285 4021 accubitoribus
2322 3967 2662 4034 advolantes,
2712 3978 2835 4024 totae
2881 3969 2949 4024 ad
3017 3987 3173 4028 csum
3254 3977 3459 4033 idoneae

1879 4058 2092 4111 illorum
2133 4059 2216 4113 ori
2256 4075 2376 4115 sese
2432 4060 2819 4125 immittebant,
2887 4063 3063 4132 pisces
3118 4065 3354 4135 denique
3397 4085 3458 4123 se.

1878 4148 2026 4217 ipsos
2070 4160 2340 4214 assautes,
2405 4150 2495 4206 ubi
2577 4152 2685 4222 igni
2754 4153 2958 4207 admoti
3033 4170 3095 4209 ex
3127 4173 3230 4209 una
3297 4172 3456 4227 parm

1876 4244 2002 4295 tosti
2063 4253 2271 4306 essent,
2308 4258 2406 4297 sua
2469 4252 2663 4311 sponte
2710 4244 2765 4299 in
2830 4244 3055 4299 alteram
3118 4256 3325 4315 partem
3392 4265 3454 4304 se

1873 4335 2282 4398 convertebant,
2351 4351 2456 4404 quo
2513 4334 2654 4390 facto
2709 4337 2910 4391 mensis
2969 4336 3080 4403 jam
3133 4348 3290 4406 aptm,
3345 4344 3449 4394 im»

1874 4435 1999 4495 petu
2030 4428 2268 4494 gratuito
2300 4428 2567 4495 provoluti
2601 4429 2844 4483 convivis
2875 4443 2933 4482 se
2960 4427 3284 4495 otl‘erebant,
3312 4434 3449 4487 adeo

1797 4496 1841 4550 D
1874 4527 1929 4569 ut
1969 4517 2114 4570 illius
2162 4518 2260 4571 aevi
2310 4519 2558 4573 homines
2613 4521 2733 4573 sine
2785 4522 2932 4575 omni
3006 4521 3188 4577 labore
3230 4523 3449 4580 deliciis

1868 4616 2061 4677 Sponte
2113 4608 2457 4665 afﬂuentibus
2491 4611 2858 4666 abundarent.

1938 4701 1990 4753 4.
2023 4697 2149 4753 Ilaec
2188 4701 2413 4769 sapiens
2459 4702 2549 4757 ille
2595 4704 2800 4767 retulit,
2849 4704 3060 4775 lepores
3089 4706 3449 4764 imitansmu-

1865 4806 1939 4845 διο
1995 4792 2226 4845 Ascraeas
2278 4792 2379 4862 (uti
2434 4793 2592 4848 facile
2626 4795 2751 4863 quis
2802 4796 3209 4870 intellexerit),
3268 4805 3445 4873 siqui—

1804 4893 1816 4905 '
1864 4884 1983 4937 dem
2016 4882 2107 4936 illa
2144 4882 2333 4936 eodem
2381 4885 2544 4939 modo
2580 4900 2688 4954 quo
2735 4885 2928 4941 artifex
2987 4892 3194 4960 peritus
3250 4909 3443 4950 aurum

1862 4973 2099 5029 conﬂare
2129 4981 2183 5029 et
2216 4974 2270 5028 in
2316 4975 2564 5029 diversas
2598 4976 2801 5031 formas
2838 4980 3112 5036 .diduccre
3146 4986 3313 5050 novit,
3340 5002 3441 5040 an-

1865 5067 2074 5134 tiquum
2104 5065 2387 5120 hominum
2430 5083 2602 5136 genus
2662 5080 2918 5139 tanquam
2955 5090 3181 5129 aureum
3243 5090 3442 5145 reproa-

1861 5157 2116 5211 sentarit.
2156 5155 2221 5209 Et
2278 5157 2382 5210 hoc
2454 5160 2674 5227 quidem
2723 5161 2792 5214 ab
2849 5161 3005 5216 initio
3057 5164 3175 5218 fuit.
3242 5166 3439 5220 Postea

1862 5264 2040 5307 autem
2073 5252 2207 5307 illud
2271 5252 2336 5306 ad
2386 5264 2701 5325 argenteum
2769 5256 3062 5326 depressit,
3115 5268 3170 5311 et
3228 5257 3295 5310 iis
3342 5258 3439 5326 qui

1862 5353 1991 5399 tunc
2021 5346 2291 5409 viverent,
2334 5355 2570 5399 mortem
2602 5347 2741 5403 dixit
2770 5348 2940 5404 fuisse
2973 5348 3208 5412 dulcem,
3258 5351 3437 5402 somni

1862 5438 2119 5502 similem,
2157 5438 2282 5491 vitze
2312 5439 2465 5494 Suavi
2510 5454 2573 5492 ac
2603 5439 2850 5494 laborum
2922 5441 3282 5508 dolorumque
3340 5453 3439 5493 ox~

1862 5528 2001 5597 perti
2044 5528 2369 5583 insecutam.
2404 5529 2540 5582 Dum
2593 5538 2773 5583 autem
2816 5531 3033 5598 sapiens
3071 5530 3158 5583 ille
3194 5531 3331 5583 hanc
3360 5528 3441 5583 fas

1862 5620 2039 5674 bulam
2077 5620 2253 5691 lepide
2284 5622 2560 5675 enarravit
2591 5634 2641 5675 et
2674 5637 2835 5675 aures
2866 5622 3127 5676 demulsit
3173 5624 3236 5677 ad
3284 5639 3437 5676 som-

1861 5712 2090 5767 niandas
2117 5714 2297 5767 omnis
2326 5714 2543 5782 generis
2573 5712 2823 5777 delicias,
2850 5712 2993 5767 haud
3022 5714 3182 5777 male,
3218 5715 3434 5784 opinor,

1863 5802 2101 5857 traduxit
2142 5805 2263 5858 illos
2322 5807 2415 5873 qui
2494 5805 2697 5859 frustra
2749 5820 2811 5860 os
2897 5807 3181 5873 diducunt,
3241 5816 3294 5864 ct
3361 5810 3440 5866 in.

2886 5899 2953 5962 17
