3912 6244
442 335 548 400 523

1155 334 1582 397 EUSTATHH
1624 333 2385 398 THESSALONICENSIS
2426 338 2994 402 METROPOLITBE

3602 346 3704 410 524

445 472 666 513 cassum
702 472 882 514 smttm
925 457 1177 528 aperiunt
1238 467 1293 512 et
1347 456 1536 511 ambas
1591 470 1787 510 manus
1838 464 2019 510 exterr-

2133 455 2210 519 ὡς
2239 456 2334 510 καὶ
2375 459 2650 528 ἐμφαγεῖν
2693 461 2776 524 είς
2809 462 2995 531 κόρον,
3040 461 3136 515 καὶ
3172 461 3405 516 πλοῦτον
3435 466 3705 516 κατακολ-

444 550 602 613 dum,
642 560 702 604 ut
731 551 855 605 cibo
893 553 1226 619 repleantur,
1268 557 1322 603 et
1377 549 1599 602 divitias
1640 549 1916 618 colligant,
1969 559 2024 602 et

446 645 759 699 desiderata
839 644 1180 713 prehendant
1246 643 1398 698 nttllo
1437 643 1622 697 labore
1650 642 1918 696 adhibito.

515 738 571 792 5.
597 737 940 791 Luctandum
971 751 1102 806 ergo
1135 738 1297 792 nobis
1327 745 1433 801 est,
1477 751 1510 790 ο
1537 736 1758 798 fratres,
1788 744 1840 789 et
1876 735 2030 789 labo-

444 833 702 896 randum,
733 840 786 884 et
802 831 1277 893 eontemlendum,
1305 840 1358 884 et
1384 829 1714 893 sudandum,
1746 828 2020 898 siquidem

380 918 396 925 ”
448 921 590 976 haud
625 922 804 985 aliter,
837 923 930 976 sed
979 922 1080 975 hac
1112 922 1230 976 sola
1281 921 1519 984 ratione,
1568 920 1634 974 ad
1679 921 1818 974 bona
1860 934 2027 989 atque

447 1017 680 1069 honesta
713 1015 1001 1083 pervenire
1036 1015 1184 1069 licet.
1223 1013 1305 1068 Ad
1339 1014 1486 1085 quod
1524 1013 1866 1083 probandum
1897 1029 2025 1084 pro-

445 1108 481 1159 l'.
501 1122 560 1160 ro
593 1105 726 1160 illud
761 1105 1039 1175 (quamvis
1063 1106 1422 1160 mintttiarutn
1455 1105 1735 1161 studiusus
1763 1106 1969 1170 videar)
1995 1121 2023 1160 a

443 1205 690 1272 profanis
738 1205 988 1259 dir-tum:
1037 1203 1182 1258 Nihil
1241 1203 1492 1261 succedit
1539 1205 1662 1259 sine
1711 1202 1918 1256 labore.
1961 1200 2026 1253 Et

443 1297 696 1366 quamvis
719 1303 977 1350 sexcenta
1014 1296 1118 1349 alia
1159 1296 1390 1351 habeam
1427 1298 1582 1367 (non,
1618 1296 1762 1350 velut
1782 1303 2027 1350 ostenta-

445 1401 530 1443 tor
555 1390 682 1458 quis
723 1389 949 1453 dixerit,
986 1404 1108 1459 qua:
1141 1399 1406 1453 eructem,
1453 1392 1546 1443 sed
1582 1404 1703 1458 qua:
1736 1388 2025 1442 commode

446 1483 728 1550 referam),
776 1482 1032 1537 lubenter
1076 1482 1295 1546 omitto,
1333 1493 1392 1537 ut
1427 1497 1496 1536 ne
1535 1481 1854 1537 ambitionis
1883 1480 2026 1534 male

441 1581 770 1644 opportunae
815 1571 1148 1642 vituperium
1201 1571 1504 1628 incurram.
1555 1572 1691 1626 Cum
1743 1579 1923 1625 autem
1967 1571 2022 1624 in

445 1682 610 1720 sacro
637 1667 935 1736 Scriptura:
975 1666 1238 1721 thesauro
1270 1676 1680 1736 peropportune
1714 1664 2021 1720 invenerim

444 1772 697 1816 sanctum
730 1760 1106 1815 characterem
1137 1776 1246 1829 qun
1274 1759 1536 1830 propheta
1573 1772 1825 1830 magnus,
1889 1772 2020 1812 san-

445 1853 732 1908 cIiSsimus
774 1851 959 1917 David,
997 1860 1055 1905 ut
1097 1852 1150 1906 in
1192 1851 1375 1906 tabula
1419 1849 2020 1918 Sinaitiea,descripsit

445 1949 680 1994 mentem
715 1939 983 2003 divinam,
1006 1941 1298 2008 praelegam
1337 1940 1492 1995 vobis
1531 1939 1698 1995 verba
1726 1940 1927 2010 quibus
1953 1939 2024 1996 de

443 2033 562 2088 viro
597 2033 706 2089 Deo
755 2035 956 2090 dilecto
1003 2034 1138 2089 dicit
1173 2052 1187 2088 :
1236 2053 1254 2086 ι
1315 2033 1612 2090 Laboravit
1642 2035 1697 2089 in
1731 2034 2019 2098 saeculum,

443 2134 497 2180 et
524 2124 665 2180 vivet
699 2127 751 2181 in
792 2127 951 2180 linem
984 2125 1000 2158 ¹
1044 2144 1059 2181 :
1109 2145 1127 2178 ι
1169 2128 1222 2181 id
1246 2135 1350 2188 est,
1376 2142 1484 2181 non
1510 2126 1778 2181 laboravit
1803 2127 2022 2196 quando

447 2220 642 2285 iul.tti',
681 2220 776 2274 sed
809 2235 906 2290 per
943 2233 1110 2275 omne
1144 2221 1266 2274 vitae
1302 2231 1548 2290 tempus:
1583 2221 1840 2276 sarculum
1873 2221 2020 2274 enim

443 2328 606 2366 sensu
634 2313 816 2366 altiori
875 2323 1166 2383 acceptum
1199 2313 1500 2380 cujuslibet
1531 2313 1774 2367 hominis
1805 2323 2020 2383 tempus

444 2407 568 2458 vita:
598 2404 868 2471 designat.
903 2403 1198 2475 Propterea
1221 2404 1386 2477 igitur
1415 2405 1657 2460 inveniet
1702 2406 1827 2461 talis
1859 2408 2018 2462 linem

442 2498 582 2552 bene
623 2513 687 2551 ac
729 2497 964 2551 feliciter
999 2498 1238 2562 vivendi,
1276 2497 1422 2552 velut
1460 2498 1506 2553 si
1541 2499 1666 2569 quis
1709 2514 2023 2555 azt'umnnse

444 2597 649 2641 terram
675 2598 895 2643 exercet
917 2598 1010 2644 aut
1045 2605 1196 2644 mare
1223 2598 1444 2656 tractat,
1471 2598 1525 2645 et
1559 2590 1833 2658 ejusmodi
1870 2593 2022 2647 labo-

443 2679 599 2734 ribus
631 2680 754 2734 vitm
784 2681 1097 2735 necessaria
1125 2681 1230 2736 sibi
1255 2689 1560 2751 comparat,
1589 2683 1806 2738 etiamsi
1827 2699 2018 2739 eorum

443 2771 645 2839 quibus
685 2788 825 2840 opus
859 2773 1045 2840 habet,
1092 2774 1281 2845 aliquo
1307 2783 1494 2829 careat
1537 2777 1590 2831 in
1621 2785 1922 2846 posterum,
1966 2784 2021 2832 et

442 2864 696 2932 inprimis
747 2867 968 2936 quando
1012 2876 1271 2922 senectus
1322 2869 1553 2924 molesta
1607 2870 1895 2940 ingruerit,
1927 2871 2018 2926 ubi

441 2955 626 3011 dulces
681 2957 896 3013 labores
951 2959 1210 3014 deficiunt
1256 2971 1308 3015 et
1344 2975 1601 3015 atrumnm
1639 2962 1777 3017 senii
1818 2963 2021 3030 impor-

443 3050 559 3103 tuni
619 3050 937 3120 incipiunt,
1003 3053 1228 3122 quando
1297 3055 1557 3109 nimirutn
1622 3056 2017 3125 octogesimum

441 3159 645 3197 annum
681 3146 1102 3212 cxcesserimus,
1155 3148 1230 3202 uti
1276 3147 1440 3203 David
1471 3149 1638 3204 canit.
1697 3149 1852 3205 Tunc
1873 3151 2016 3206 enim
2051 3167 2093 3227 ε

443 3238 488 3289 is
517 3237 611 3305 qui
641 3237 740 3292 hoc
787 3239 991 3293 saeculo
1032 3239 1320 3305 laboravit,
1376 3241 1428 3295 id
1462 3249 1545 3297 est
1589 3250 1700 3297 tota
1730 3243 1860 3306 vita,
1903 3245 2018 3313 pri-

440 3343 588 3381 mum
633 3339 791 3386 aetate
835 3331 1089 3400 juvenili,
1132 3332 1332 3389 deinde
1371 3333 1536 3399 virili,
1576 3336 1812 3402 denique
1839 3336 2020 3404 sutili,

438 3437 544 3489 qua
592 3422 746 3476 nervi
792 3423 1162 3479 laborantium
1215 3428 1590 3495 remittuntur,
1650 3429 1734 3495 is,
1778 3430 2020 3501 inquam,

441 3514 586 3568 vivet
630 3516 683 3568 in
713 3519 742 3570 ti
757 3533 897 3581 nem,
935 3528 1122 3586 utpote
1151 3521 1268 3591 qui.
1300 3539 1422 3592 qua:
1452 3539 1576 3578 cum
1613 3524 1799 3581 labore
1831 3527 2022 3597 acqui-

442 3607 592 3672 sivit,
621 3608 672 3661 in
703 3610 868 3662 vitam
897 3609 1151 3681 deposuit
1195 3614 1454 3680 futuram,
1515 3633 1622 3671 non
1668 3618 2020 3676 formicarum

444 3697 620 3752 inssar
658 3716 778 3768 qua:
808 3700 875 3755 de
911 3717 1057 3758 anno
1087 3705 1141 3759 in
1183 3720 1383 3762 annum
1423 3708 1676 3766 laborant
1717 3720 1776 3766 ut
1815 3714 2020 3778 vivant,

445 3790 542 3844 sed
597 3794 1058 3862 quemadmodum
1114 3798 1272 3852 decet
1337 3801 1612 3856 hominem
1668 3803 1878 3860 domini
1937 3803 2022 3860 vel

445 3881 591 3952 regis
646 3900 801 3940 more
852 3887 1146 3955 viventem,
1197 3899 1252 3945 et
1297 3892 1392 3962 qui
1443 3896 1510 3948 ab
1545 3893 1663 3964 ipso
1697 3895 1885 3951 Deoin
1921 3897 2022 3954 hoc

444 3976 778 4034 constitutus
812 3986 894 4034 est
921 3979 1158 4052 fastigio.

510 4163 563 4218 6.
589 4162 725 4219 Cum
753 4173 934 4221 autem
967 4167 1246 4239 loquimur
1270 4169 1337 4225 de
1368 4169 1666 4228 virtutibus
1695 4173 1897 4243 quibus
1928 4177 2020 4246 qui

443 4257 498 4311 in
557 4260 818 4314 saeculum
880 4261 1112 4328 laborat,
1173 4263 1229 4319 in
1287 4267 1446 4319 linem
1499 4265 1665 4332 vivet,
1707 4271 2022 4324 necessario

442 4350 708 4405 addemus
759 4351 1178 4410 beneﬁcentiam
1227 4366 1282 4412 et
1323 4373 1511 4412 verant
1551 4361 1870 4417 amicitiam.
1915 4362 2018 4430 Qui

444 4443 589 4497 enim
631 4460 757 4498 cum
809 4444 902 4500 Dei
959 4463 1145 4503 amore
1191 4459 1243 4503 et
1284 4464 1550 4522 perpetuo
1591 4455 1821 4518 laborat,
1858 4465 1912 4512 et
1946 4459 2018 4512 ita

2131 549 2311 614 πίσαι,
2361 553 2456 605 καὶ
2510 552 2813 623 δράξατθαι
2865 554 2977 608 τῶν
3023 553 3377 626 ποθουμένων
3432 557 3558 629 δίχα
3616 577 3708 614 κο-

2131 655 2436 708 πιαματος.

2202 739 2264 786 ε’.
2297 733 2613 805 Μοχθητέον
2642 736 2758 800 οῦν,
2790 731 2835 791 ῶ
2866 737 3106 806 ἀδελφοὶ,
3135 738 3230 792 καὶ
3266 742 3581 807 κοπιατέον,
3616 747 3707 798 κα⁴ι

2131 827 2418 896 πονητέον,
2466 831 2562 881 καὶ
2603 830 2859 900 ίδρωτέον
2906 833 2994 883 ἐπ’
3027 832 3278 900 ἀγαθοῖς,
3308 834 3384 896 ὼς
3437 837 3513 905 μὴ
3569 840 3709 891 κατά

2127 936 2254 971 τινα
2279 921 2484 988 τρόπον
2534 921 2746 991 ἕτερον,
2774 923 2926 977 ἀλλά,
2943 923 3133 976 τοῦτον
3167 924 3231 994 δὴ
3275 926 3368 979 καὶ
3406 927 3570 994 μόνον
3612 945 3711 979 πε-

2132 1011 2581 1080 ριγενησομένοις
2613 1015 2746 1083 ἡμῖν
2785 1013 2884 1066 τοῦ
2920 1014 3224 1084 κατορθοῦν
3266 1017 3336 1069 τὰ
3391 1019 3555 1072 καλά.
3598 1019 3708 1072 Καὶ

2130 1106 2476 1172 παραγαγεῖν
2506 1106 2605 1174 μὲν
2639 1107 2723 1170 είς
2757 1107 3066 1178 μαρτυρίαν
3097 1108 3158 1162 το
3202 1128 3220 1160 ι
3263 1111 3429 1178 μηδὲν
3457 1111 3713 1181 εὐτυχεῖν

2128 1195 2258 1248 ἄνευ
2297 1202 2485 1261 πόνου,
2527 1217 2544 1250 ι
2581 1201 2662 1264 είς
2709 1200 2965 1254 τοσοῦτον
3011 1202 3403 1272 στενολεσχῶν,
3470 1205 3710 1275 παράγω

2128 1284 2216 1342 οἶα
2257 1289 2605 1359 ἐξωτερικόν.
2639 1293 2829 1362 Μυρία
2855 1293 2912 1346 δὲ
2954 1294 3049 1348 καὶ
3079 1296 3215 1348 ἄλλα
3241 1295 3383 1364 ἔχων
3418 1295 3525 1366 (οὗ,
3569 1298 3711 1351 καθά

2127 1400 2213 1446 τις
2241 1383 2308 1436 ἂν
2341 1386 2770 1456 περιαυτολόγος
2816 1389 2953 1453 ἐρεῖ,
3001 1389 3416 1458 ὲξερεύξασοαι,
3467 1391 3592 1442 κατ’
3621 1392 3712 1443 εύ-

2128 1478 2326 1548 πορὶαν
2361 1479 2419 1531 δὲ
2469 1479 2892 1548 προὸαλέσθαι),
2949 1481 3153 1550 ἀφίημι
3205 1481 3616 1551 ἀπολεγὸμενος
3649 1484 3712 1537 τὸ

2129 1568 2376 1638 ἀκαίρως
2408 1568 2716 1639 φιλότιμον.
2754 1571 3004 1641 Καιρίως
3028 1572 3084 1624 δὲ
3111 1571 3206 1625 τοῦ
3245 1573 3542 1644 ἱερωτάτου
3573 1591 3713 1644 γρα-

2128 1661 2292 1728 φικοῦ
2336 1663 2616 1736 θησαυροῦ
2641 1663 3044 1735 ἀναλεξάμενος
3083 1665 3238 1732 ἅγιον
3266 1667 3618 1737 χαρακτῆρα,
3654 1669 3713 1720 ἐν

2126 1746 2170 1820 ᾧ
2205 1757 2493 1824 προφήτης
2547 1757 2722 1825 μέγας
2755 1759 2850 1810 καὶ
2903 1754 3263 1828 ὑπερϐάλλων
3298 1760 3456 1828 ἅγιος
3487 1763 3514 1813 ό
3547 1761 3716 1814 Δαυῖδ

2131 1845 2521 1911 ὲξετυπὼσατο
2544 1846 2668 1900 νοῦν
2706 1847 2868 1911 Θεῑον,
2907 1849 3006 1901 ὃσα
3037 1850 3133 1902 καὶ
3162 1851 3219 1901 ἐν
3245 1851 3475 1920 Σιναῖκῇ
3512 1850 3711 1915 πλακὶ,

2132 1939 2526 2008 ἀναγνώσομαι
2559 1939 2689 2010 ὑμῖν
2723 1940 3160 2010 διαλαμϐάνοντα
3187 1943 3397 1996 ἐκεῖνον
3430 1943 3561 2015 περὶ
3591 1943 3710 1998 οεο-

2132 2031 2319 2100 φιλοῦς
2352 2031 2568 2101 ἀνδρὸς,
2605 2015 2696 2095 ’ὥς
2727 2031 2824 2086 καὶ
2868 2051 2885 2083 ι
2911 2027 3241 2088 Ἐκοπίασεν
3279 2036 3361 2098 εἰς
3389 2036 3484 2090 τὸν
3513 2038 3715 2103 αἰῶνα,

2131 2122 2227 2175 καὶ
2254 2120 2484 2189 ζήσεται
2518 2123 2600 2183 είς
2638 2122 2812 2186 τέλος,
2854 2142 2872 2174 ι
2919 2124 3056 2194 ὅπερ
3089 2125 3240 2177 ἐστίν
3264 2141 3280 2156 ο
3323 2127 3620 2180 ἐκοπίασεν
3649 2127 3715 2181 οὐ

2129 2217 2260 2282 τυχό
2293 2230 2424 2276 τως,
2461 2212 2595 2267 ἀλλὰ
2631 2215 2762 2285 ὅλην
2807 2215 2908 2284 τὴν
2941 2217 3065 2270 κατ’
3088 2217 3252 2270 αὐτὸν
3282 2219 3339 2270 ὲν
3392 2219 3494 2289 βίῳ
3535 2219 3714 2289 ζωήν·

2137 2323 2156 2356 ι
2196 2304 2331 2357 αἰὼν
2361 2322 2380 2356 ι
2423 2305 2530 2376 γὰρ
2565 2305 2916 2376 ὡμολόγηται
2962 2308 3288 2378 σεμνότερον
3326 2311 3587 2378 λέγεσθαι
3616 2315 3716 2366 καὶ

2135 2415 2154 2450 ι
2186 2399 2212 2451 ό
2242 2398 2430 2468 χρόνος
2467 2417 2485 2449 ›
2525 2399 2622 2467 τῆς
2671 2400 2921 2453 ἑκάστων
2954 2401 3260 2472 ἀνθρώπων
3300 2403 3471 2472 ζωῆς.
3499 2403 3717 2456 Οὐκοῦν

2128 2491 2199 2545 δι’
2225 2492 2356 2545 αὐτὸ
2379 2491 2530 2553 τέλος
2563 2492 2591 2543 ὁ
2640 2494 2883 2566 τοιοῦτος
2905 2493 3129 2564 εὑρήσει
3161 2495 3222 2548 τὸ
3268 2498 3363 2550 καὶ
3394 2493 3454 2551 εὖ
3489 2498 3588 2569 ζῇν
3617 2499 3714 2551 καὶ

2133 2586 2422 2656 μακαρίως
2460 2585 2548 2638 διὰ
2589 2584 2704 2656 βίου
2747 2589 3044 2656 περιεῖναι,
3090 2589 3277 2658 ὅμοιον
3305 2591 3380 2654 ὡς
3410 2592 3461 2644 εί
3495 2593 3592 2646 καὶ
3617 2611 3715 2646 κυ-

2129 2678 2400 2748 πτόμενός
2427 2695 2512 2740 τις
2543 2679 2781 2742 ἑκκοπος
2817 2679 2971 2749 παρά
2996 2681 3122 2751 γῆν,
3151 2681 3183 2741 ἢ
3214 2683 3551 2753 πονούμενος
3579 2703 3648 2738 πε
3659 2686 3712 2756 pi.

2131 2770 2432 2836 θάλασσαν,
2481 2772 2775 2840 πορίσεται
2811 2773 3080 2837 τοιούτοις
3125 2773 3352 2843 μόχθοις
3394 2777 3574 2846 ἑαυτῷ
3610 2777 3714 2844 τὴν

2128 2860 2297 2932 ζωὴν,
2328 2861 2404 2924 ὡς
2433 2864 2526 2916 καὶ
2551 2862 2715 2915 αὐτόν
2754 2880 2806 2916 τι
2836 2863 2942 2916 τῶν
2968 2865 3204 2918 δεόντων
3228 2867 3390 2920 αὐτὸν
3430 2868 3715 2923 ἐπιλιπεῖν

2126 2955 2223 3009 τοῦ
2254 2954 2470 3020 λοιποῦ,
2498 2956 2594 3010 καὶ
2620 2957 2846 3027 μᾶλλον,
2879 2958 2967 3010 ὅτε
2996 2959 3056 3011 τὸ
3085 2961 3264 3029 γῆρας
3290 2962 3575 3032 ἐγκρατῶς
3611 2964 3713 3016 αὖ-

2127 3049 2224 3104 τοῦ
2256 3050 2598 3121 ἀμφήσεται,
2642 3053 2774 3120 περὶ
2805 3051 2832 3104 ὃ
2864 3052 3248 3106 συντελοῦνται
3281 3056 3380 3117 μὲν
3409 3057 3457 3109 οἱ
3483 3055 3712 3124 γλυκεῖς

2126 3144 2417 3214 ἐργατικοὶ
2477 3144 2635 3198 πόνοι
2689 3145 2785 3198 καὶ
2830 3145 3012 3208 κόποι,
3050 3146 3371 3218 ἐνάρχονται
3417 3149 3473 3202 δὲ
3503 3150 3552 3201 οί
3610 3151 3712 3220 τῆς

2125 3237 2406 3309 ἀργαλέας
2427 3241 2859 3310 γηραλεότητος,
2892 3243 2943 3294 οἱ
2968 3244 3107 3311 μετά
3138 3245 3206 3297 τὰ
3229 3245 3560 3314 ὀγδοήκοντα
3588 3247 3709 3314 ἐτη,

2122 3332 2201 3395 ὡς
2233 3331 2428 3400 ψάλλει
2458 3333 2642 3387 Δαυῖὂ.
2679 3331 2813 3386 Τότε
2859 3333 2967 3404 γὰρ
3000 3335 3028 3386 ὁ
3058 3335 3151 3388 τὸν
3182 3335 3356 3390 αἰῶνα
3386 3337 3580 3389 τοῦτον
3617 3357 3712 3391 πο-

2123 3425 2318 3494 νήσας,
2354 3426 2522 3494 ήγουν
2553 3426 2654 3493 τὴν
2713 3425 2834 3479 κατ’
2869 3425 3035 3479 αὑτὸν
3073 3426 3204 3496 ὃλην
3258 3427 3428 3497 ζωὴν,
3479 3428 3712 3500 πρώτην

2124 3516 2225 3588 τὴν
2253 3517 2613 3587 νεωτερικὴν,
2639 3513 2760 3570 εἶτα
2793 3519 2894 3588 τὴν
2931 3518 3199 3588 ἀκμαίαν,
3236 3520 3332 3573 καὶ
3371 3520 3577 3588 ἑφεξῆς
3608 3521 3712 3590 τὴν

2122 3609 2598 3680 ῶμογεροντικὴν,
2653 3609 2774 3680 μεθ’
2799 3610 2866 3681 ἣν
2910 3611 3252 3680 ὐποχαλᾶται
3283 3613 3350 3664 τὰ
3389 3612 3558 3682 νεῦρα
3595 3615 3711 3674 τοῖς

2125 3702 2416 3770 κάμνουσι,
2441 3702 2666 3771 ζήσεται
2694 3701 2780 3755 διὰ
2802 3703 3015 3768 τέλους,
3041 3697 3121 3766 οἷς
3147 3704 3541 3773 προεπόνησεν,
3572 3707 3713 3757 ἀπο-

2161 3792 2354 3863 έμενος
2379 3794 2433 3856 ἐς
2454 3794 2568 3862 βίον
2595 3793 2760 3861 αὐτὰ,
2795 3795 2855 3846 οὗ
2890 3797 3031 3848 κατᾶ
3065 3797 3391 3866 μύρμηκας,
3422 3797 3583 3868 οἷπερ
3619 3799 3711 3850 ἀεὶ

2127 3883 2185 3950 ἐξ
2221 3885 2374 3947 ἔτους
2403 3887 2484 3947 εἱς
2523 3884 2642 3946 ἔτος
2688 3886 3008 3952 πονοῦνται,
3039 3889 3131 3940 καὶ
3161 3887 3306 3940 οῦτω
3356 3888 3546 3952 ζῶσιν,
3587 3890 3710 3941 ἀλλ’

2124 3975 2200 4039 ὡς
2223 3974 2499 4046 ἀνθρώπῳ
2531 3977 2833 4047 ἐπιπρέπει
2859 3977 3067 4046 βιοῦντι
3095 3979 3456 4047 δεσποτικῶς,
3489 3982 3586 4034 εἰτ’
3611 3977 3713 4036 οὖν

2129 4069 2452 4140 βασιλικῶς,
2489 4070 2564 4134 ὡς
2591 4073 2687 4125 καὶ
2725 4071 3036 4124 πέπλασται
3067 4072 3204 4143 πρὸς
3238 4073 3330 4126 τοῦ
3364 4073 3522 4128 Θεοῦ.

2240 4160 2252 4180 ν
2557 4184 2563 4189 .
2627 4163 2644 4189 ι
2790 4163 2812 4192 λ
2952 4181 2971 4192 .
3125 4183 3163 4199 .,
3224 4182 3245 4196 ρ
3374 4166 3388 4185 τ
3453 4160 3477 4180 '
3663 4169 3712 4199 -.

2198 4180 2274 4228 ς.
2316 4163 2710 4217 Συνεισαιτεον
2757 4163 2814 4218 δε
2859 4165 2970 4226 τοί,
3019 4165 3268 4234 τρό..οι.,,
3320 4165 3370 4218 δι
3443 4184 3520 4220 ων
3561 4169 3590 4221 ὁ
3625 4185 3712 4233 ει,

2125 4255 2220 4308 τὸν
2249 4255 2423 4309 αἰῶνα
2471 4255 2748 4319 κοπιάσας
2781 4255 3008 4326 ζήσεται
3052 4257 3134 4321 εἰς
3163 4257 3343 4321 τέλος,
3371 4259 3464 4312 καὶ
3491 4262 3620 4323 τοὺς
3647 4261 3714 4326 ἐξ

2126 4346 2448 4416 εὐεργεσίας
2477 4346 2720 4410 καὶτοὺς
2753 4347 2932 4418 ὀρθῶς
2965 4348 3235 4417 φιλικούς.
3272 4351 3334 4404 Ὀ
3359 4352 3468 4420 γάρ
3495 4354 3714 4406 κοπιῶν

2128 4437 2396 4508 θεοφιλῶς
2429 4439 2544 4508 ἅμα
2580 4441 2673 4493 καὶ
2698 4440 2988 4512 διηνεκῶς,
3031 4447 3124 4495 καί
3156 4444 3514 4514 ποριζόμενος
3553 4446 3716 4500 οὕτω

442 4535 641 4605 dignus
674 4538 731 4589 tit
767 4537 1049 4595 beneﬁciis
1081 4540 1177 4596 Dei
1215 4546 1306 4612 qui
1339 4545 1490 4599 omni
1525 4548 1678 4601 carui
1714 4549 2019 4604 nutrimen-

2130 4533 2194 4586 τὰ
2224 4534 2290 4587 ὲκ
2321 4533 2415 4586 τοῦ
2449 4532 2610 4595 Θεοῦ,
2635 4532 2692 4595 ὃς
2736 4533 2922 4587 δίδωσι
2954 4535 3160 4604 τροφὴν
3190 4537 3338 4606 πασῃ
3393 4541 3579 4608 σαρκῖ,
3618 4545 3713 4594 ναὶ

443 4635 558 4678 tum
590 4629 925 4696 suppeditat,
949 4630 996 4684 is
1021 4646 1176 4698 sane,
1209 4633 1480 4704 siquidem
1509 4651 1608 4705 pro
1633 4638 1842 4694 viribus
1864 4655 2018 4694 cum-

443 4715 692 4768 municat
727 4716 1119 4786 indigentibus,
1161 4731 1216 4776 et
1244 4725 1437 4778 amicis
1470 4727 1782 4780 necessaria
1824 4727 2017 4794 donat,

444 4806 689 4860 inveniet
729 4807 878 4863 illinc
899 4811 1102 4878 quibus
1132 4812 1187 4866 in
1225 4824 1512 4872 senectute
1538 4817 1704 4872 vitam
1729 4829 2020 4886 sustentet,

442 4894 701 4961 quoniam
738 4895 818 4949 illi
845 4897 944 4965 ipsi
983 4915 1217 4969 quorum
1255 4904 1682 4960 necessitatibus
1710 4909 1864 4975 prius
1897 4924 2020 4964 suc-

445 4984 635 5048 currit,
664 4984 766 5056 ipsi
801 4991 1112 5044 necessaria
1156 4994 1463 5051 retribueut
1490 5007 1565 5063 et,
1607 5009 1870 5063 quantum
1907 5000 2020 5055 ﬁeri

444 5079 645 5137 potest,
705 5069 883 5126 oﬂicio
933 5089 1034 5128 suo
1094 5091 1220 5148 erga
1292 5095 1417 5134 eutn
1468 5080 1788 5153 fungentur,
1852 5085 2020 5140 hone-

443 5167 672 5230 stosque
729 5175 788 5216 se
840 5164 1179 5218 exhibebunt
1211 5175 1264 5220 et
1293 5170 1527 5236 gratiam
1577 5171 1835 5228 referent.
1899 5171 2018 5228 Jarn

443 5265 570 5307 vero
603 5255 649 5311 si
683 5255 824 5310 forte
875 5255 1004 5310 boni
1045 5262 1306 5313 memoria
1357 5277 1420 5315 ex
1470 5263 1686 5318 illorum
1723 5275 1900 5322 mente
1941 5268 2025 5322 di-

443 5343 593 5415 lapsa
621 5348 805 5412 fuerit,
843 5347 984 5405 Deus
1016 5359 1196 5405 tamen
1225 5353 1317 5423 qui
1338 5355 1556 5411 abunde
1591 5356 1892 5423 distribuit,
1924 5361 2018 5430 qui

445 5441 699 5496 amicitix
739 5443 947 5496 arbiter
995 5453 1046 5497 et
1082 5440 1470 5499 beneficiorum
1507 5456 1816 5502 nostrorum
1862 5453 2023 5504 retri-

441 5528 603 5583 butor
633 5533 871 5595 exsistit,
903 5551 1009 5590 non
1071 5539 1352 5606 permittet
1395 5550 1451 5593 ut
1486 5539 1575 5594 ille
1623 5556 1729 5593 non
1767 5541 1821 5595 in
1860 5544 2018 5598 tinctu

442 5621 607 5689 vivat,
636 5626 715 5680 uti
747 5627 1014 5697 Propheta
1048 5630 1143 5699 ait,
1186 5633 1280 5689 sed
1326 5633 1769 5690 retnuncrabitur
1804 5643 1856 5692 et
1887 5651 2022 5707 pra:-

518 5795 536 5825 ⁵
564 5795 708 5852 Psa'.
745 5815 937 5869 sum,
977 5806 1034 5860 9.

2123 4625 2180 4678 δὲ
2208 4625 2305 4678 καὶ
2327 4625 2354 4677 ό
2383 4624 2701 4694 μεταδιδοὺς
2724 4625 2834 4680 τῶν
2865 4626 2945 4690 είς
2971 4627 3163 4696 χρείαν
3187 4630 3300 4692 τοῖς
3329 4628 3493 4683 αὑτοῦ
3511 4631 3716 4702 δεομέ-

2123 4734 2260 4784 νοις,
2291 4716 2365 4781 ὡς
2392 4717 2644 4786 δύναμις,
2684 4718 2940 4787 χορηγῶν
2969 4719 3026 4772 δὲ
3062 4722 3158 4776 καὶ
3203 4721 3378 4789 φίλοις
3409 4722 3476 4775 τὰ
3521 4725 3716 4794 καθή-

2124 4827 2312 4877 κοντα,
2344 4809 2571 4880 εὑρήσει
2610 4808 2907 4862 κάντεῦθεν
2942 4811 3000 4862 ὲν
3027 4809 3102 4881 τῷ
3127 4813 3275 4884 γήρα
3305 4812 3576 4882 χορηγίαν
3609 4812 3714 4866 τοῦ

2126 4899 2246 4971 ζῇν,
2278 4901 2460 4953 αὐτῶν
2497 4899 2749 4966 ἐκείνων,
2790 4894 2874 4963 οἷς
2902 4901 2963 4952 τὸ
2987 4901 3107 4954 δέον
3147 4903 3428 4973 ἐχορήγει,
3459 4907 3713 4957 ἀνταπο-

2129 4993 2378 5047 διδόντων
2403 4994 2470 5046 tit
2499 4993 2707 5055 δέοντα,
2736 4995 2831 5046 καὶ
2856 4993 3320 5064 ἀναπληρούντων
3341 4996 3718 5064 εύδιακρξτως

2124 5085 2186 5139 τὸ
2215 5085 2332 5140 δέον
2367 5089 2424 5139 ἐν
2450 5087 2623 5158 αὐτῷ,
2653 5089 2706 5140 εί
2737 5104 2801 5156 γε
2837 5087 2932 5140 καί
2959 5086 3240 5151 δύναιντο,
3285 5088 3380 5141 καὶ
3413 5088 3720 5156 εὔγνωμο-

2127 5179 2296 5249 σύνην
2325 5180 2665 5248 φυλάττοιεν,
2699 5181 2773 5244 ῶς
2803 5182 2898 5234 καὶ
2927 5180 3114 5250 ὖφλειν
3146 5182 3396 5250 χάριτας.
3429 5181 3486 5232 Εἰ
3514 5182 3583 5234 δὲ
3620 5182 3723 5234 καὶ

2127 5271 2257 5336 ἴσως
2296 5273 2354 5337 ἐξ
2383 5274 2607 5327 ἐκείνων
2637 5275 2670 5343 ἡ
2699 5272 2792 5326 τοῦ
2838 5272 3004 5326 καλοῦ
3041 5274 3228 5344 μνήμη
3266 5272 3719 5343 ἀποπεταοοεὲη,

2126 5360 2264 5413 ἀλλὰ
2293 5361 2387 5414 τοῦ
2417 5361 2577 5427 Θεοῦ,
2611 5362 2705 5414 τοῦ
2740 5363 3127 5431 δανειζομένου
3156 5362 3224 5414 τά
3259 5361 3382 5414 κατ’
3408 5362 3719 5433 εὐπορίαν,

2121 5453 2179 5516 ὃς
2219 5455 2314 5507 καὶ
2347 5455 2440 5523 τῆς
2479 5455 2661 5523 φιλίας
2704 5454 2910 5524 ταμίας
2943 5454 3037 5506 καὶ
3071 5453 3434 5521 ἀνταποδότης
3483 5454 3614 5508 τῶν
3662 5457 3723 5508 ἐν

2121 5546 2256 5614 ἡμῖν
2288 5545 2672 5613 ἀγαθουργιῶν
2706 5547 2970 5614 πέφηνεν,
3007 5543 3106 5596 οὐκ
3146 5544 3400 5610 ἀφιέντος
3426 5541 3610 5595 αὐτὸν
3643 5547 3724 5617 μὴ

2123 5636 2222 5707 ζῇν
2252 5638 2331 5702 εἰς
2375 5636 2549 5704 τέλος,
2588 5637 2663 5700 ὡς
2692 5639 2718 5691 ό
2759 5637 3054 5708 Προφήτης
3105 5633 3487 5706 ἀπεφθέγξατο
3575 5637 3723 5692 ἀλλὰ
