  <div class='ocr_page' id='page_1' title='image "/cluster/home/n/w/nwhite01/storage/ocr_20150623/135/mdp.39015029921197/270.png"; bbox 0 0 3942 6250; ppageno 0'>
   <div class='ocr_carea' id='block_1_1' title="bbox 279 323 382 386">
    <p class='ocr_par' dir='ltr' id='par_1_1' title="bbox 279 323 382 386">
     <span class='ocr_line' id='line_1_1' title="bbox 279 323 382 386; baseline 0.01 -1"><span class='ocrx_word' id='word_1_1' title='bbox 279 323 382 386; x_wconf 80' lang='grc'><strong>525</strong></span> 
     </span>
    </p>
   </div>
   <div class='ocr_carea' id='block_1_2' title="bbox 1571 338 2208 409">
    <p class='ocr_par' dir='ltr' id='par_1_2' title="bbox 1571 338 2208 409">
     <span class='ocr_line' id='line_1_2' title="bbox 1571 338 2208 409; baseline 0.017 -11"><span class='ocrx_word' id='word_1_2' title='bbox 1571 338 1656 399; x_wconf 79' lang='lat' dir='ltr'><strong>IN</strong></span> <span class='ocrx_word' id='word_1_3' title='bbox 1686 340 1897 403; x_wconf 79' lang='lat' dir='ltr'><strong>PSAL.</strong></span> <span class='ocrx_word' id='word_1_4' title='bbox 1939 345 2208 409; x_wconf 80' lang='lat' dir='ltr'><strong>XLVIII.</strong></span> 
     </span>
    </p>
   </div>
   <div class='ocr_carea' id='block_1_3' title="bbox 3413 373 3522 459">
    <p class='ocr_par' dir='ltr' id='par_1_3' title="bbox 3413 373 3522 459">
     <span class='ocr_line' id='line_1_3' title="bbox 3413 373 3522 459; baseline -0.018 -26"><span class='ocrx_word' id='word_1_5' title='bbox 3413 373 3522 459; x_wconf 64' lang='grc' dir='ltr'>εει)</span> 
     </span>
    </p>
   </div>
   <div class='ocr_carea' id='block_1_4' title="bbox 280 435 1826 542">
    <p class='ocr_par' dir='ltr' id='par_1_4' title="bbox 280 435 1826 518">
     <span class='ocr_line' id='line_1_4' title="bbox 280 435 1826 518; baseline 0.007 -27"><span class='ocrx_word' id='word_1_6' title='bbox 280 436 368 491; x_wconf 75' lang='grc' dir='ltr'>καὶ</span> <span class='ocrx_word' id='word_1_7' title='bbox 397 435 770 504; x_wconf 69' lang='grc' dir='ltr'><strong>ἀποδιδόντος,</strong></span> <span class='ocrx_word' id='word_1_8' title='bbox 813 438 908 494; x_wconf 71' lang='grc' dir='ltr'>καὶ</span> <span class='ocrx_word' id='word_1_9' title='bbox 937 443 1016 512; x_wconf 84' lang='grc' dir='ltr'><strong>τῷ</strong></span> <span class='ocrx_word' id='word_1_10' title='bbox 1057 443 1341 516; x_wconf 77' lang='grc' dir='ltr'><strong>κεφαλαίῳ</strong></span> <span class='ocrx_word' id='word_1_11' title='bbox 1376 449 1826 518; x_wconf 76' lang='grc' dir='ltr'>προσεπιϐάλλον·</span> 
     </span>
    </p>
   </div>
   <div class='ocr_carea' id='block_1_5' title="bbox 1931 435 3519 542">
    <p class='ocr_par' dir='ltr' id='par_1_5' title="bbox 1951 448 3519 542">
     <span class='ocr_line' id='line_1_5' title="bbox 1951 448 3519 542; baseline 0.023 -36"><span class='ocrx_word' id='word_1_12' title='bbox 1951 459 2032 508; x_wconf 84' lang='lat' dir='ltr'><strong>ter</strong></span> <span class='ocrx_word' id='word_1_13' title='bbox 2076 461 2344 514; x_wconf 82' lang='lat' dir='ltr'><strong>summam</strong></span> <span class='ocrx_word' id='word_1_14' title='bbox 2404 463 2760 534; x_wconf 81' lang='lat' dir='ltr'><strong>principalem</strong></span> <span class='ocrx_word' id='word_1_15' title='bbox 2819 469 2986 524; x_wconf 89' lang='lat' dir='ltr'><strong>etiam</strong></span> <span class='ocrx_word' id='word_1_16' title='bbox 3054 469 3243 532; x_wconf 75' lang='lat' dir='ltr'><strong>fenore</strong></span> <span class='ocrx_word' id='word_1_17' title='bbox 3305 448 3519 542; x_wconf 80' lang='lat' dir='ltr'><strong>reddet.</strong></span> 
     </span>
    </p>
   </div>
   <div class='ocr_carea' id='block_1_6' title="bbox 279 531 1846 612">
    <p class='ocr_par' dir='ltr' id='par_1_6' title="bbox 279 531 1846 612">
     <span class='ocr_line' id='line_1_6' title="bbox 279 531 1846 612; baseline 0.01 -32"><span class='ocrx_word' id='word_1_18' title='bbox 279 547 386 606; x_wconf 72' lang='grc' dir='ltr'>τος,</span> <span class='ocrx_word' id='word_1_19' title='bbox 413 531 543 582; x_wconf 74' lang='grc' dir='ltr'>ὡσεὶ</span> <span class='ocrx_word' id='word_1_20' title='bbox 571 533 666 585; x_wconf 77' lang='grc' dir='ltr'>καὶ</span> <span class='ocrx_word' id='word_1_21' title='bbox 694 533 856 588; x_wconf 82' lang='grc' dir='ltr'><strong>τόκον</strong></span> <span class='ocrx_word' id='word_1_22' title='bbox 888 535 1231 592; x_wconf 85' lang='grc' dir='ltr'>ἀπετίννυεν.</span> <span class='ocrx_word' id='word_1_23' title='bbox 1279 538 1511 603; x_wconf 82' lang='grc' dir='ltr'>Ἀνύσας</span> <span class='ocrx_word' id='word_1_24' title='bbox 1542 541 1652 612; x_wconf 79' lang='grc' dir='ltr'>γὰρ</span> <span class='ocrx_word' id='word_1_25' title='bbox 1699 544 1726 595; x_wconf 90' lang='grc' dir='ltr'>ὁ</span> <span class='ocrx_word' id='word_1_26' title='bbox 1757 561 1846 611; x_wconf 83' lang='grc' dir='ltr'>φι-</span> 
     </span>
    </p>
   </div>
   <div class='ocr_carea' id='block_1_7' title="bbox 277 620 1844 702">
    <p class='ocr_par' dir='ltr' id='par_1_7' title="bbox 277 620 1844 702">
     <span class='ocr_line' id='line_1_7' title="bbox 277 620 1844 702; baseline 0.011 -30"><span class='ocrx_word' id='word_1_27' title='bbox 277 620 464 690; x_wconf 78' lang='grc' dir='ltr'>λεργὺς</span> <span class='ocrx_word' id='word_1_28' title='bbox 511 622 580 674; x_wconf 86' lang='grc' dir='ltr'>δι’</span> <span class='ocrx_word' id='word_1_29' title='bbox 613 623 738 677; x_wconf 78' lang='grc' dir='ltr'>ὅλου</span> <span class='ocrx_word' id='word_1_30' title='bbox 785 625 882 678; x_wconf 80' lang='grc' dir='ltr'>τοῦ</span> <span class='ocrx_word' id='word_1_31' title='bbox 915 626 1058 682; x_wconf 80' lang='grc' dir='ltr'><strong>κατά</strong></span> <span class='ocrx_word' id='word_1_32' title='bbox 1092 629 1194 698; x_wconf 81' lang='grc' dir='ltr'>τὴν</span> <span class='ocrx_word' id='word_1_33' title='bbox 1232 631 1519 702; x_wconf 86' lang='grc' dir='ltr'>ἐπίκηρον,</span> <span class='ocrx_word' id='word_1_34' title='bbox 1549 635 1643 687; x_wconf 75' lang='grc' dir='ltr'>καὶ</span> <span class='ocrx_word' id='word_1_35' title='bbox 1670 633 1844 699; x_wconf 76' lang='grc' dir='ltr'>οὕτως</span> 
     </span>
    </p>
   </div>
   <div class='ocr_carea' id='block_1_8' title="bbox 276 713 1840 797">
    <p class='ocr_par' dir='ltr' id='par_1_8' title="bbox 276 713 1840 797">
     <span class='ocr_line' id='line_1_8' title="bbox 276 713 1840 797; baseline 0.012 -34"><span class='ocrx_word' id='word_1_36' title='bbox 276 713 468 777; x_wconf 73' lang='grc' dir='ltr'>εἰπεῖν,</span> <span class='ocrx_word' id='word_1_37' title='bbox 504 714 793 785; x_wconf 81' lang='grc' dir='ltr'><strong>ἐπίκαιρον</strong></span> <span class='ocrx_word' id='word_1_38' title='bbox 825 720 919 770; x_wconf 69' lang='grc' dir='ltr'>καὶ</span> <span class='ocrx_word' id='word_1_39' title='bbox 952 720 1231 794; x_wconf 79' lang='grc' dir='ltr'>ἐφήμερον</span> <span class='ocrx_word' id='word_1_40' title='bbox 1257 723 1424 776; x_wconf 76' lang='grc' dir='ltr'>αὑτοῦ</span> <span class='ocrx_word' id='word_1_41' title='bbox 1454 724 1600 797; x_wconf 75' lang='grc' dir='ltr'>ζωὴν</span> <span class='ocrx_word' id='word_1_42' title='bbox 1622 727 1840 792; x_wconf 81' lang='grc' dir='ltr'>αίῶνος,</span> 
     </span>
    </p>
   </div>
   <div class='ocr_carea' id='block_1_9' title="bbox 275 806 1842 892">
    <p class='ocr_par' dir='ltr' id='par_1_9' title="bbox 275 806 1842 892">
     <span class='ocr_line' id='line_1_9' title="bbox 275 806 1842 892; baseline 0.011 -35"><span class='ocrx_word' id='word_1_43' title='bbox 275 806 406 875; x_wconf 84' lang='grc' dir='ltr'>ὅπερ</span> <span class='ocrx_word' id='word_1_44' title='bbox 434 806 668 875; x_wconf 78' lang='grc' dir='ltr'>ὠφειλεν</span> <span class='ocrx_word' id='word_1_45' title='bbox 703 808 781 879; x_wconf 79' lang='grc' dir='ltr'>τῷ</span> <span class='ocrx_word' id='word_1_46' title='bbox 808 812 901 864; x_wconf 64' lang='grc' dir='ltr'><strong>κα)⁸</strong></span> <span class='ocrx_word' id='word_1_47' title='bbox 929 814 1299 887; x_wconf 82' lang='grc' dir='ltr'>παμπλουσίῳ</span> <span class='ocrx_word' id='word_1_48' title='bbox 1331 821 1426 873; x_wconf 71' lang='grc' dir='ltr'>καὶ</span> <span class='ocrx_word' id='word_1_49' title='bbox 1455 818 1842 892; x_wconf 72' lang='grc' dir='ltr'>ἀψευδεστάτῳ</span> 
     </span>
    </p>
   </div>
   <div class='ocr_carea' id='block_1_10' title="bbox 272 898 1844 981">
    <p class='ocr_par' dir='ltr' id='par_1_10' title="bbox 272 898 1844 981">
     <span class='ocr_line' id='line_1_10' title="bbox 272 898 1844 981; baseline 0.01 -31"><span class='ocrx_word' id='word_1_50' title='bbox 272 898 503 970; x_wconf 74' lang='grc' dir='ltr'>δεσπότῃ</span> <span class='ocrx_word' id='word_1_51' title='bbox 524 899 668 970; x_wconf 52' lang='lat' dir='ltr'><strong>eaq),</strong></span> <span class='ocrx_word' id='word_1_52' title='bbox 691 903 785 954; x_wconf 75' lang='grc' dir='ltr'>καὶ</span> <span class='ocrx_word' id='word_1_53' title='bbox 818 902 915 974; x_wconf 81' lang='grc' dir='ltr'>τὴν</span> <span class='ocrx_word' id='word_1_54' title='bbox 947 902 1180 973; x_wconf 68' lang='grc' dir='ltr'>ἐγκοπον</span> <span class='ocrx_word' id='word_1_55' title='bbox 1216 909 1640 981; x_wconf 76' lang='grc' dir='ltr'>πληροφορήσας</span> <span class='ocrx_word' id='word_1_56' title='bbox 1679 915 1844 980; x_wconf 82' lang='grc' dir='ltr'>ἐργα-</span> 
     </span>
    </p>
   </div>
   <div class='ocr_carea' id='block_1_11' title="bbox 272 991 1839 1063">
    <p class='ocr_par' dir='ltr' id='par_1_11' title="bbox 272 991 1839 1063">
     <span class='ocr_line' id='line_1_11' title="bbox 272 991 1839 1063; baseline 0.01 -19"><span class='ocrx_word' id='word_1_57' title='bbox 272 991 416 1044; x_wconf 79' lang='grc' dir='ltr'>τιίαν</span> <span class='ocrx_word' id='word_1_58' title='bbox 460 992 645 1057; x_wconf 78' lang='grc' dir='ltr'>αὑτοῦ,</span> <span class='ocrx_word' id='word_1_59' title='bbox 696 996 756 1048; x_wconf 88' lang='grc' dir='ltr'><strong>ἐν</strong></span> <span class='ocrx_word' id='word_1_60' title='bbox 804 994 883 1063; x_wconf 81' lang='grc' dir='ltr'>τῷ</span> <span class='ocrx_word' id='word_1_61' title='bbox 929 997 1078 1050; x_wconf 89' lang='grc' dir='ltr'>τέλει</span> <span class='ocrx_word' id='word_1_62' title='bbox 1124 998 1544 1056; x_wconf 76' lang='grc' dir='ltr'>ἀναπαύσεταιο</span> <span class='ocrx_word' id='word_1_63' title='bbox 1600 1005 1693 1058; x_wconf 82' lang='grc' dir='ltr'>καὶ</span> <span class='ocrx_word' id='word_1_64' title='bbox 1739 1007 1839 1060; x_wconf 83' lang='grc' dir='ltr'>οὐκ</span> 
     </span>
    </p>
   </div>
   <div class='ocr_carea' id='block_1_12' title="bbox 271 1085 1841 1164">
    <p class='ocr_par' dir='ltr' id='par_1_12' title="bbox 271 1085 1841 1164">
     <span class='ocr_line' id='line_1_12' title="bbox 271 1085 1841 1164; baseline 0.01 -27"><span class='ocrx_word' id='word_1_65' title='bbox 271 1085 603 1156; x_wconf 75' lang='grc' dir='ltr'>ἀποϐήσεται</span> <span class='ocrx_word' id='word_1_66' title='bbox 631 1088 660 1140; x_wconf 82' lang='grc' dir='ltr'><strong><em>ὁ</em></strong></span> <span class='ocrx_word' id='word_1_67' title='bbox 689 1088 905 1158; x_wconf 89' lang='grc' dir='ltr'>καίριος</span> <span class='ocrx_word' id='word_1_68' title='bbox 939 1091 1109 1155; x_wconf 81' lang='grc' dir='ltr'>κόπος</span> <span class='ocrx_word' id='word_1_69' title='bbox 1136 1094 1282 1163; x_wconf 84' lang='grc' dir='ltr'>αὐτῷ</span> <span class='ocrx_word' id='word_1_70' title='bbox 1315 1095 1396 1158; x_wconf 77' lang='grc' dir='ltr'><strong>εἰς</strong></span> <span class='ocrx_word' id='word_1_71' title='bbox 1437 1113 1491 1150; x_wconf 82' lang='grc' dir='ltr'><strong>τι</strong></span> <span class='ocrx_word' id='word_1_72' title='bbox 1529 1097 1720 1164; x_wconf 76' lang='grc' dir='ltr'>κακὸν,</span> <span class='ocrx_word' id='word_1_73' title='bbox 1751 1093 1841 1153; x_wconf 74' lang='grc' dir='ltr'>οἷα</span> 
     </span>
    </p>
   </div>
   <div class='ocr_carea' id='block_1_13' title="bbox 272 1179 1838 1257">
    <p class='ocr_par' dir='ltr' id='par_1_13' title="bbox 272 1179 1838 1257">
     <span class='ocr_line' id='line_1_13' title="bbox 272 1179 1838 1257; baseline 0.01 -27"><span class='ocrx_word' id='word_1_74' title='bbox 272 1181 656 1245; x_wconf 73' lang='grc' dir='ltr'>συγκοπτικὸς,</span> <span class='ocrx_word' id='word_1_75' title='bbox 688 1179 830 1235; x_wconf 78' lang='grc' dir='ltr'><strong>ἀλλά</strong></span> <span class='ocrx_word' id='word_1_76' title='bbox 860 1183 1086 1249; x_wconf 77' lang='grc' dir='ltr'><strong>ζήσεται</strong></span> <span class='ocrx_word' id='word_1_77' title='bbox 1112 1185 1234 1256; x_wconf 81' lang='grc' dir='ltr'>δίχα</span> <span class='ocrx_word' id='word_1_78' title='bbox 1265 1187 1509 1254; x_wconf 83' lang='grc' dir='ltr'>δηλονότι</span> <span class='ocrx_word' id='word_1_79' title='bbox 1542 1191 1733 1256; x_wconf 88' lang='grc' dir='ltr'>κόπου,</span> <span class='ocrx_word' id='word_1_80' title='bbox 1762 1191 1838 1257; x_wconf 85' lang='grc' dir='ltr'><strong>ὡς</strong></span> 
     </span>
    </p>
   </div>
   <div class='ocr_carea' id='block_1_14' title="bbox 266 1270 1837 1354">
    <p class='ocr_par' dir='ltr' id='par_1_14' title="bbox 266 1270 1837 1354">
     <span class='ocr_line' id='line_1_14' title="bbox 266 1270 1837 1354; baseline 0.01 -31"><span class='ocrx_word' id='word_1_81' title='bbox 266 1270 356 1324; x_wconf 82' lang='grc' dir='ltr'><strong>τοῦ</strong></span> <span class='ocrx_word' id='word_1_82' title='bbox 374 1274 574 1343; x_wconf 77' lang='grc' dir='ltr'>κοπιᾷν</span> <span class='ocrx_word' id='word_1_83' title='bbox 602 1273 676 1344; x_wconf 82' lang='grc' dir='ltr'><strong>μὴ</strong></span> <span class='ocrx_word' id='word_1_84' title='bbox 695 1277 1082 1348; x_wconf 81' lang='grc' dir='ltr'>ὲνταττομένου</span> <span class='ocrx_word' id='word_1_85' title='bbox 1105 1279 1185 1343; x_wconf 80' lang='grc' dir='ltr'><strong>είς</strong></span> <span class='ocrx_word' id='word_1_86' title='bbox 1204 1281 1480 1354; x_wconf 62' lang='grc' dir='ltr'>ἀκραιφνῆ</span> <span class='ocrx_word' id='word_1_87' title='bbox 1505 1281 1672 1354; x_wconf 76' lang='grc' dir='ltr'>ζωὴν,</span> <span class='ocrx_word' id='word_1_88' title='bbox 1701 1285 1837 1340; x_wconf 80' lang='grc' dir='ltr'>ἀλλὰ</span> 
     </span>
    </p>
   </div>
   <div class='ocr_carea' id='block_1_15' title="bbox 267 1363 846 1438">
    <p class='ocr_par' dir='ltr' id='par_1_15' title="bbox 267 1363 846 1438">
     <span class='ocr_line' id='line_1_15' title="bbox 267 1363 846 1438; baseline 0.002 -22"><span class='ocrx_word' id='word_1_89' title='bbox 267 1363 453 1431; x_wconf 80' lang='grc' dir='ltr'>ὑγείας</span> <span class='ocrx_word' id='word_1_90' title='bbox 487 1365 846 1438; x_wconf 84' lang='grc' dir='ltr'>ἐγκοπτικήν.</span> 
     </span>
    </p>
   </div>
   <div class='ocr_carea' id='block_1_16' title="bbox 331 1454 1838 1540">
    <p class='ocr_par' dir='ltr' id='par_1_16' title="bbox 331 1454 1838 1540">
     <span class='ocr_line' id='line_1_16' title="bbox 331 1454 1838 1540; baseline 0.011 -31"><span class='ocrx_word' id='word_1_91' title='bbox 331 1454 393 1520; x_wconf 77' lang='grc' dir='ltr'><strong>ζ’.</strong></span> <span class='ocrx_word' id='word_1_92' title='bbox 434 1456 590 1511; x_wconf 67' lang='grc' dir='ltr'>Οὕτω</span> <span class='ocrx_word' id='word_1_93' title='bbox 613 1459 668 1511; x_wconf 74' lang='grc' dir='ltr'><strong>δὲ</strong></span> <span class='ocrx_word' id='word_1_94' title='bbox 706 1460 805 1531; x_wconf 82' lang='grc' dir='ltr'>τὴν</span> <span class='ocrx_word' id='word_1_95' title='bbox 852 1462 1243 1534; x_wconf 76' lang='grc' dir='ltr'>ἐκτεθειμένην</span> <span class='ocrx_word' id='word_1_96' title='bbox 1275 1464 1647 1538; x_wconf 72' lang='grc' dir='ltr'>ψαλμῳδικῶς</span> <span class='ocrx_word' id='word_1_97' title='bbox 1678 1471 1838 1540; x_wconf 75' lang='grc' dir='ltr'>ῥῆσιν</span> 
     </span>
    </p>
   </div>
   <div class='ocr_carea' id='block_1_17' title="bbox 264 1549 1840 1634">
    <p class='ocr_par' dir='ltr' id='par_1_17' title="bbox 264 1549 1840 1634">
     <span class='ocr_line' id='line_1_17' title="bbox 264 1549 1840 1634; baseline 0.01 -33"><span class='ocrx_word' id='word_1_98' title='bbox 264 1549 508 1604; x_wconf 78' lang='grc' dir='ltr'>ἐπελθὼν</span> <span class='ocrx_word' id='word_1_99' title='bbox 533 1553 942 1622; x_wconf 81' lang='grc' dir='ltr'>ταπεινότερον,</span> <span class='ocrx_word' id='word_1_100' title='bbox 968 1555 1141 1608; x_wconf 80' lang='grc' dir='ltr'><strong>ἐθέλω</strong></span> <span class='ocrx_word' id='word_1_101' title='bbox 1163 1558 1257 1610; x_wconf 72' lang='grc' dir='ltr'><strong>καὶ</strong></span> <span class='ocrx_word' id='word_1_102' title='bbox 1285 1559 1460 1623; x_wconf 78' lang='grc' dir='ltr'>ἄλλως</span> <span class='ocrx_word' id='word_1_103' title='bbox 1488 1562 1658 1632; x_wconf 78' lang='grc' dir='ltr'>αὐτὴν</span> <span class='ocrx_word' id='word_1_104' title='bbox 1687 1565 1840 1634; x_wconf 79' lang='grc' dir='ltr'>ἐξερ-</span> 
     </span>
    </p>
   </div>
   <div class='ocr_carea' id='block_1_18' title="bbox 263 1640 1838 1722">
    <p class='ocr_par' dir='ltr' id='par_1_18' title="bbox 263 1640 1838 1722">
     <span class='ocr_line' id='line_1_18' title="bbox 263 1640 1838 1722; baseline 0.01 -29"><span class='ocrx_word' id='word_1_105' title='bbox 263 1640 535 1709; x_wconf 79' lang='grc' dir='ltr'>γάσασθαι</span> <span class='ocrx_word' id='word_1_106' title='bbox 589 1643 943 1714; x_wconf 71' lang='grc' dir='ltr'><strong>ὑψηλότερον.</strong></span> <span class='ocrx_word' id='word_1_107' title='bbox 990 1647 1145 1718; x_wconf 84' lang='grc' dir='ltr'>Ἔχει</span> <span class='ocrx_word' id='word_1_108' title='bbox 1197 1649 1297 1720; x_wconf 77' lang='grc' dir='ltr'><strong>μὲν</strong></span> <span class='ocrx_word' id='word_1_109' title='bbox 1333 1652 1443 1722; x_wconf 78' lang='grc' dir='ltr'><strong>γὰρ</strong></span> <span class='ocrx_word' id='word_1_110' title='bbox 1490 1653 1611 1707; x_wconf 77' lang='grc' dir='ltr'><strong>ούδέ</strong></span> <span class='ocrx_word' id='word_1_111' title='bbox 1657 1657 1838 1710; x_wconf 86' lang='grc' dir='ltr'>ἐκεῖνο</span> 
     </span>
    </p>
   </div>
   <div class='ocr_carea' id='block_1_19' title="bbox 1955 546 3523 634">
    <p class='ocr_par' dir='ltr' id='par_1_19' title="bbox 1955 546 3523 634">
     <span class='ocr_line' id='line_1_19' title="bbox 1955 546 3523 634; baseline 0.021 -34"><span class='ocrx_word' id='word_1_112' title='bbox 1955 546 2129 603; x_wconf 86' lang='lat' dir='ltr'><strong>Homo</strong></span> <span class='ocrx_word' id='word_1_113' title='bbox 2159 552 2302 605; x_wconf 88' lang='lat' dir='ltr'><strong>enim</strong></span> <span class='ocrx_word' id='word_1_114' title='bbox 2336 556 2429 625; x_wconf 85' lang='lat' dir='ltr'><strong>qui</strong></span> <span class='ocrx_word' id='word_1_115' title='bbox 2467 572 2562 626; x_wconf 88' lang='lat' dir='ltr'><strong>per</strong></span> <span class='ocrx_word' id='word_1_116' title='bbox 2592 568 2762 616; x_wconf 89' lang='lat' dir='ltr'><strong>totum</strong></span> <span class='ocrx_word' id='word_1_117' title='bbox 2805 563 2964 633; x_wconf 83' lang='lat' dir='ltr'><strong>hujus</strong></span> <span class='ocrx_word' id='word_1_118' title='bbox 3002 567 3226 634; x_wconf 71' lang='lat' dir='ltr'><strong>caduca:</strong></span> <span class='ocrx_word' id='word_1_119' title='bbox 3257 572 3523 634; x_wconf 75' lang='lat' dir='ltr'><strong>brevissi-</strong></span> 
     </span>
    </p>
   </div>
   <div class='ocr_carea' id='block_1_20' title="bbox 1947 825 3512 924">
    <p class='ocr_par' dir='ltr' id='par_1_20' title="bbox 1947 825 3512 924">
     <span class='ocr_line' id='line_1_20' title="bbox 1947 825 3512 924; baseline 0.022 -46"><span class='ocrx_word' id='word_1_120' title='bbox 1947 825 2134 881; x_wconf 81' lang='lat' dir='ltr'><strong>vitatis</strong></span> <span class='ocrx_word' id='word_1_121' title='bbox 2159 828 2446 888; x_wconf 72' lang='lat' dir='ltr'><strong>laboriosae</strong></span> <span class='ocrx_word' id='word_1_122' title='bbox 2463 839 2740 896; x_wconf 76' lang='lat' dir='ltr'><strong>studiosus</strong></span> <span class='ocrx_word' id='word_1_123' title='bbox 2771 841 2893 910; x_wconf 78' lang='lat' dir='ltr'><strong>fuit,</strong></span> <span class='ocrx_word' id='word_1_124' title='bbox 2921 847 2972 901; x_wconf 86' lang='lat' dir='ltr'><strong>in</strong></span> <span class='ocrx_word' id='word_1_125' title='bbox 2995 847 3154 903; x_wconf 87' lang='lat' dir='ltr'><strong>tinem</strong></span> <span class='ocrx_word' id='word_1_126' title='bbox 3180 853 3512 924; x_wconf 61' lang='lat' dir='ltr'><strong>requiescet,</strong></span> 
     </span>
    </p>
   </div>
   <div class='ocr_carea' id='block_1_21' title="bbox 1946 920 3514 1018">
    <p class='ocr_par' dir='ltr' id='par_1_21' title="bbox 1946 920 3514 1018">
     <span class='ocr_line' id='line_1_21' title="bbox 1946 920 3514 1018; baseline 0.02 -46"><span class='ocrx_word' id='word_1_127' title='bbox 1946 933 2123 988; x_wconf 61' lang='lat' dir='ltr'><strong>ttet‘lue</strong></span> <span class='ocrx_word' id='word_1_128' title='bbox 2145 920 2303 976; x_wconf 86' lang='lat' dir='ltr'><strong>labor</strong></span> <span class='ocrx_word' id='word_1_129' title='bbox 2351 925 2515 992; x_wconf 86' lang='lat' dir='ltr'><strong>hujus</strong></span> <span class='ocrx_word' id='word_1_130' title='bbox 2554 930 2680 985; x_wconf 71' lang='lat' dir='ltr'><strong>vitae</strong></span> <span class='ocrx_word' id='word_1_131' title='bbox 2711 932 2765 988; x_wconf 90' lang='lat' dir='ltr'><strong>in</strong></span> <span class='ocrx_word' id='word_1_132' title='bbox 2812 938 3013 993; x_wconf 84' lang='lat' dir='ltr'><strong>malum</strong></span> <span class='ocrx_word' id='word_1_133' title='bbox 3043 942 3094 996; x_wconf 90' lang='lat' dir='ltr'><strong>ei</strong></span> <span class='ocrx_word' id='word_1_134' title='bbox 3127 920 3305 1013; x_wconf 52' lang='lat' dir='ltr'><strong>cedei,</strong></span> <span class='ocrx_word' id='word_1_135' title='bbox 3331 957 3390 1002; x_wconf 91' lang='lat' dir='ltr'><strong>ut</strong></span> <span class='ocrx_word' id='word_1_136' title='bbox 3418 920 3514 1018; x_wconf 81' lang='lat' dir='ltr'><strong>qui</strong></span> 
     </span>
    </p>
   </div>
   <div class='ocr_carea' id='block_1_22' title="bbox 1945 1011 3510 1106">
    <p class='ocr_par' dir='ltr' id='par_1_22' title="bbox 1945 1011 3510 1106">
     <span class='ocr_line' id='line_1_22' title="bbox 1945 1011 3510 1106; baseline 0.022 -43"><span class='ocrx_word' id='word_1_137' title='bbox 1945 1011 2110 1064; x_wconf 84' lang='lat' dir='ltr'><strong>vitam</strong></span> <span class='ocrx_word' id='word_1_138' title='bbox 2134 1013 2518 1088; x_wconf 90' lang='lat' dir='ltr'><strong>interrumpat,</strong></span> <span class='ocrx_word' id='word_1_139' title='bbox 2570 1023 2665 1078; x_wconf 80' lang='lat' dir='ltr'><strong>sed</strong></span> <span class='ocrx_word' id='word_1_140' title='bbox 2697 1027 2836 1082; x_wconf 87' lang='lat' dir='ltr'><strong>vivet</strong></span> <span class='ocrx_word' id='word_1_141' title='bbox 2867 1031 3120 1088; x_wconf 91' lang='lat' dir='ltr'><strong>nimirum</strong></span> <span class='ocrx_word' id='word_1_142' title='bbox 3153 1011 3284 1093; x_wconf 82' lang='lat' dir='ltr'><strong>sine</strong></span> <span class='ocrx_word' id='word_1_143' title='bbox 3301 1011 3510 1106; x_wconf 70' lang='lat' dir='ltr'><strong>labore,</strong></span> 
     </span>
    </p>
   </div>
   <div class='ocr_carea' id='block_1_23' title="bbox 1944 1104 3511 1192">
    <p class='ocr_par' dir='ltr' id='par_1_23' title="bbox 1944 1104 3511 1192">
     <span class='ocr_line' id='line_1_23' title="bbox 1944 1104 3511 1192; baseline 0.02 -32"><span class='ocrx_word' id='word_1_144' title='bbox 1944 1104 2216 1175; x_wconf 83' lang='lat' dir='ltr'><strong>siquidem</strong></span> <span class='ocrx_word' id='word_1_145' title='bbox 2263 1109 2421 1167; x_wconf 87' lang='lat' dir='ltr'><strong>labor</strong></span> <span class='ocrx_word' id='word_1_146' title='bbox 2443 1121 2498 1168; x_wconf 90' lang='lat' dir='ltr'><strong>et</strong></span> <span class='ocrx_word' id='word_1_147' title='bbox 2540 1131 2800 1175; x_wconf 68' lang='lat' dir='ltr'><strong>aerumnae</strong></span> <span class='ocrx_word' id='word_1_148' title='bbox 2843 1138 2967 1192; x_wconf 66' lang='lat' dir='ltr'><strong>quae</strong></span> <span class='ocrx_word' id='word_1_149' title='bbox 3004 1131 3225 1186; x_wconf 74' lang='lat' dir='ltr'><strong>sanitati</strong></span> <span class='ocrx_word' id='word_1_150' title='bbox 3265 1104 3511 1191; x_wconf 69' lang='lat' dir='ltr'><strong>alliciunt</strong></span> 
     </span>
    </p>
   </div>
   <div class='ocr_carea' id='block_1_24' title="bbox 1943 1198 3022 1276">
    <p class='ocr_par' dir='ltr' id='par_1_24' title="bbox 1943 1198 3022 1276">
     <span class='ocr_line' id='line_1_24' title="bbox 1943 1198 3022 1276; baseline 0.023 -26"><span class='ocrx_word' id='word_1_151' title='bbox 1943 1198 2008 1251; x_wconf 91' lang='lat' dir='ltr'><strong>ad</strong></span> <span class='ocrx_word' id='word_1_152' title='bbox 2038 1215 2228 1270; x_wconf 87' lang='lat' dir='ltr'><strong>puram</strong></span> <span class='ocrx_word' id='word_1_153' title='bbox 2264 1206 2430 1262; x_wconf 75' lang='lat' dir='ltr'><strong>vitam</strong></span> <span class='ocrx_word' id='word_1_154' title='bbox 2455 1223 2566 1265; x_wconf 89' lang='lat' dir='ltr'><strong>non</strong></span> <span class='ocrx_word' id='word_1_155' title='bbox 2592 1214 3022 1276; x_wconf 79' lang='lat' dir='ltr'><strong>transferuntur.</strong></span> 
     </span>
    </p>
   </div>
   <div class='ocr_carea' id='block_1_25' title="bbox 1941 1559 3506 1656">
    <p class='ocr_par' dir='ltr' id='par_1_25' title="bbox 1941 1559 3506 1656">
     <span class='ocr_line' id='line_1_25' title="bbox 1941 1559 3506 1656; baseline 0.026 -42"><span class='ocrx_word' id='word_1_156' title='bbox 1941 1559 2221 1620; x_wconf 81' lang='lat' dir='ltr'><strong>humiliori</strong></span> <span class='ocrx_word' id='word_1_157' title='bbox 2259 1572 2509 1638; x_wconf 85' lang='lat' dir='ltr'><strong>exposui,</strong></span> <span class='ocrx_word' id='word_1_158' title='bbox 2537 1573 2650 1643; x_wconf 85' lang='lat' dir='ltr'><strong>jam</strong></span> <span class='ocrx_word' id='word_1_159' title='bbox 2679 1579 2858 1635; x_wconf 87' lang='lat' dir='ltr'><strong>altiori</strong></span> <span class='ocrx_word' id='word_1_160' title='bbox 2892 1599 3109 1656; x_wconf 86' lang='lat' dir='ltr'><strong>quoque</strong></span> <span class='ocrx_word' id='word_1_161' title='bbox 3134 1593 3383 1648; x_wconf 88' lang='lat' dir='ltr'><strong>eumdem</strong></span> <span class='ocrx_word' id='word_1_162' title='bbox 3414 1613 3506 1652; x_wconf 75' lang='lat' dir='ltr'><strong>ex-</strong></span> 
     </span>
    </p>
   </div>
   <div class='ocr_carea' id='block_1_26' title="bbox 1937 1655 3511 1753">
    <p class='ocr_par' dir='ltr' id='par_1_26' title="bbox 1937 1655 3511 1753">
     <span class='ocr_line' id='line_1_26' title="bbox 1937 1655 3511 1753; baseline 0.025 -46"><span class='ocrx_word' id='word_1_163' title='bbox 1937 1655 2142 1724; x_wconf 86' lang='lat' dir='ltr'><strong>plicare</strong></span> <span class='ocrx_word' id='word_1_164' title='bbox 2172 1658 2338 1753; x_wconf 81' lang='lat' dir='ltr'><strong>lubet.</strong></span> <span class='ocrx_word' id='word_1_165' title='bbox 2374 1662 2453 1719; x_wconf 86' lang='lat' dir='ltr'><strong>Ac</strong></span> <span class='ocrx_word' id='word_1_166' title='bbox 2482 1666 2620 1722; x_wconf 85' lang='lat' dir='ltr'><strong>bene</strong></span> <span class='ocrx_word' id='word_1_167' title='bbox 2658 1673 2877 1740; x_wconf 81' lang='lat' dir='ltr'><strong>quidem</strong></span> <span class='ocrx_word' id='word_1_168' title='bbox 2915 1655 3116 1736; x_wconf 81' lang='lat' dir='ltr'><strong>habent</strong></span> <span class='ocrx_word' id='word_1_169' title='bbox 3145 1699 3268 1753; x_wconf 72' lang='lat' dir='ltr'><strong>quae</strong></span> <span class='ocrx_word' id='word_1_170' title='bbox 3302 1687 3511 1746; x_wconf 81' lang='lat' dir='ltr'><strong>hucus-</strong></span> 
     </span>
    </p>
   </div>
   <div class='ocr_carea' id='block_1_27' title="bbox 264 1735 1826 1848">
    <p class='ocr_par' dir='ltr' id='par_1_27' title="bbox 264 1735 1826 1814">
     <span class='ocr_line' id='line_1_27' title="bbox 264 1735 1826 1814; baseline 0.011 -29"><span class='ocrx_word' id='word_1_171' title='bbox 264 1735 483 1802; x_wconf 77' lang='grc' dir='ltr'>φαύλως</span> <span class='ocrx_word' id='word_1_172' title='bbox 508 1736 569 1788; x_wconf 78' lang='grc' dir='ltr'>τὸ</span> <span class='ocrx_word' id='word_1_173' title='bbox 599 1739 948 1808; x_wconf 78' lang='grc' dir='ltr'>προρῤηθέν·</span> <span class='ocrx_word' id='word_1_174' title='bbox 985 1742 1085 1795; x_wconf 71' lang='grc' dir='ltr'><strong>οὐκ</strong></span> <span class='ocrx_word' id='word_1_175' title='bbox 1114 1741 1182 1795; x_wconf 83' lang='grc' dir='ltr'>ἂν</span> <span class='ocrx_word' id='word_1_176' title='bbox 1222 1743 1301 1810; x_wconf 81' lang='grc' dir='ltr'>δὲ,</span> <span class='ocrx_word' id='word_1_177' title='bbox 1335 1745 1500 1799; x_wconf 82' lang='grc' dir='ltr'>αὐτού</span> <span class='ocrx_word' id='word_1_178' title='bbox 1535 1748 1826 1814; x_wconf 84' lang='grc' dir='ltr'>ἐγκοσμίου</span> 
     </span>
    </p>
   </div>
   <div class='ocr_carea' id='block_1_28' title="bbox 1931 1735 3503 1848">
    <p class='ocr_par' dir='ltr' id='par_1_28' title="bbox 1937 1749 3503 1848">
     <span class='ocr_line' id='line_1_28' title="bbox 1937 1749 3503 1848; baseline 0.027 -51"><span class='ocrx_word' id='word_1_179' title='bbox 1937 1762 2043 1817; x_wconf 89' lang='lat' dir='ltr'><strong>que</strong></span> <span class='ocrx_word' id='word_1_180' title='bbox 2065 1749 2449 1819; x_wconf 86' lang='lat' dir='ltr'><strong>disseruimus,</strong></span> <span class='ocrx_word' id='word_1_181' title='bbox 2479 1764 2730 1826; x_wconf 80' lang='lat' dir='ltr'><strong>quamvis</strong></span> <span class='ocrx_word' id='word_1_182' title='bbox 2755 1764 2898 1822; x_wconf 82' lang='lat' dir='ltr'><strong>hanc</strong></span> <span class='ocrx_word' id='word_1_183' title='bbox 2926 1779 3126 1827; x_wconf 85' lang='lat' dir='ltr'><strong>terram</strong></span> <span class='ocrx_word' id='word_1_184' title='bbox 3161 1779 3459 1848; x_wconf 83' lang='lat' dir='ltr'><strong>respiciant</strong></span> <span class='ocrx_word' id='word_1_185' title='bbox 3487 1803 3503 1840; x_wconf 89' lang='lat'><strong>:</strong></span> 
     </span>
    </p>
   </div>
   <div class='ocr_carea' id='block_1_29' title="bbox 261 1827 1828 1904">
    <p class='ocr_par' dir='ltr' id='par_1_29' title="bbox 261 1827 1828 1904">
     <span class='ocr_line' id='line_1_29' title="bbox 261 1827 1828 1904; baseline 0.01 -26"><span class='ocrx_word' id='word_1_186' title='bbox 261 1827 434 1891; x_wconf 75' lang='grc' dir='ltr'>ὄντος,</span> <span class='ocrx_word' id='word_1_187' title='bbox 476 1828 779 1898; x_wconf 78' lang='grc' dir='ltr'>λελείψοιτο</span> <span class='ocrx_word' id='word_1_188' title='bbox 820 1832 900 1894; x_wconf 81' lang='grc' dir='ltr'><strong>είς</strong></span> <span class='ocrx_word' id='word_1_189' title='bbox 935 1833 1193 1904; x_wconf 74' lang='grc' dir='ltr'>ἐνάρετον</span> <span class='ocrx_word' id='word_1_190' title='bbox 1226 1835 1435 1891; x_wconf 83' lang='grc' dir='ltr'>ἔννοιαν</span> <span class='ocrx_word' id='word_1_191' title='bbox 1470 1839 1590 1892; x_wconf 82' lang='grc' dir='ltr'>οὐδέ</span> <span class='ocrx_word' id='word_1_192' title='bbox 1623 1839 1681 1892; x_wconf 78' lang='grc' dir='ltr'>τὸ</span> <span class='ocrx_word' id='word_1_193' title='bbox 1715 1840 1828 1894; x_wconf 80' lang='grc' dir='ltr'>δεύο</span> 
     </span>
    </p>
   </div>
   <div class='ocr_carea' id='block_1_30' title="bbox 259 1919 1834 2003">
    <p class='ocr_par' dir='ltr' id='par_1_30' title="bbox 259 1919 1834 2003">
     <span class='ocr_line' id='line_1_30' title="bbox 259 1919 1834 2003; baseline 0.019 -36"><span class='ocrx_word' id='word_1_194' title='bbox 259 1935 435 1988; x_wconf 79' lang='grc' dir='ltr'>τερον,</span> <span class='ocrx_word' id='word_1_195' title='bbox 480 1919 557 1990; x_wconf 87' lang='grc' dir='ltr'>τῷ</span> <span class='ocrx_word' id='word_1_196' title='bbox 610 1923 788 1974; x_wconf 85' lang='grc' dir='ltr'>ἐκεῖσε</span> <span class='ocrx_word' id='word_1_197' title='bbox 850 1923 1044 1996; x_wconf 84' lang='grc' dir='ltr'>κόσμῳ</span> <span class='ocrx_word' id='word_1_198' title='bbox 1106 1927 1517 1999; x_wconf 74' lang='grc' dir='ltr'>ἀφωρισμένον,</span> <span class='ocrx_word' id='word_1_199' title='bbox 1581 1932 1680 1985; x_wconf 63' lang='grc' dir='ltr'>καὶ</span> <span class='ocrx_word' id='word_1_200' title='bbox 1734 1934 1834 2003; x_wconf 81' lang='grc' dir='ltr'><strong>τῆς</strong></span> 
     </span>
    </p>
   </div>
   <div class='ocr_carea' id='block_1_31' title="bbox 261 2011 1829 2094">
    <p class='ocr_par' dir='ltr' id='par_1_31' title="bbox 261 2011 1829 2094">
     <span class='ocr_line' id='line_1_31' title="bbox 261 2011 1829 2094; baseline 0.008 -30"><span class='ocrx_word' id='word_1_201' title='bbox 261 2011 480 2064; x_wconf 76' lang='grc' dir='ltr'>αἰωνίου</span> <span class='ocrx_word' id='word_1_202' title='bbox 531 2011 676 2083; x_wconf 78' lang='grc' dir='ltr'>ζωῆς</span> <span class='ocrx_word' id='word_1_203' title='bbox 706 2015 988 2085; x_wconf 80' lang='grc' dir='ltr'>ἐχόμενον.</span> <span class='ocrx_word' id='word_1_204' title='bbox 1031 2035 1049 2068; x_wconf 77' lang='grc' dir='ltr'><strong>ι</strong></span> <span class='ocrx_word' id='word_1_205' title='bbox 1090 2019 1199 2071; x_wconf 80' lang='grc' dir='ltr'><strong>Καὶ</strong></span> <span class='ocrx_word' id='word_1_206' title='bbox 1242 2020 1529 2085; x_wconf 77' lang='grc' dir='ltr'><strong>ἐκοπίασε,</strong></span> <span class='ocrx_word' id='word_1_207' title='bbox 1573 2040 1592 2075; x_wconf 72' lang='grc' dir='ltr'><strong>ι</strong></span> <span class='ocrx_word' id='word_1_208' title='bbox 1645 2026 1829 2094; x_wconf 72' lang='grc' dir='ltr'>φησὶν,</span> 
     </span>
    </p>
   </div>
   <div class='ocr_carea' id='block_1_32' title="bbox 263 2104 1832 2189">
    <p class='ocr_par' dir='ltr' id='par_1_32' title="bbox 263 2104 1832 2189">
     <span class='ocr_line' id='line_1_32' title="bbox 263 2104 1832 2189; baseline 0.01 -35"><span class='ocrx_word' id='word_1_209' title='bbox 263 2121 282 2153; x_wconf 80' lang='grc' dir='ltr'><strong>ι</strong></span> <span class='ocrx_word' id='word_1_210' title='bbox 317 2106 396 2166; x_wconf 75' lang='grc' dir='ltr'>εἰς</span> <span class='ocrx_word' id='word_1_211' title='bbox 430 2105 522 2157; x_wconf 74' lang='grc' dir='ltr'>τὸν</span> <span class='ocrx_word' id='word_1_212' title='bbox 552 2104 748 2170; x_wconf 78' lang='grc' dir='ltr'>αἰῶνα,</span> <span class='ocrx_word' id='word_1_213' title='bbox 780 2108 876 2160; x_wconf 78' lang='grc' dir='ltr'>καὶ</span> <span class='ocrx_word' id='word_1_214' title='bbox 908 2108 1138 2177; x_wconf 75' lang='grc' dir='ltr'><strong>ζήσεται</strong></span> <span class='ocrx_word' id='word_1_215' title='bbox 1176 2115 1256 2189; x_wconf 81' lang='grc' dir='ltr'><strong>είς</strong></span> <span class='ocrx_word' id='word_1_216' title='bbox 1280 2129 1454 2178; x_wconf 80' lang='grc' dir='ltr'>τεΑος.</span> <span class='ocrx_word' id='word_1_217' title='bbox 1498 2132 1517 2166; x_wconf 74' lang='grc' dir='ltr'><strong>ι</strong></span> <span class='ocrx_word' id='word_1_218' title='bbox 1551 2115 1658 2168; x_wconf 76' lang='grc' dir='ltr'><strong>Καὶ</strong></span> <span class='ocrx_word' id='word_1_219' title='bbox 1695 2117 1832 2181; x_wconf 86' lang='grc' dir='ltr'>τέως</span> 
     </span>
    </p>
   </div>
   <div class='ocr_carea' id='block_1_33' title="bbox 259 2197 1830 2276">
    <p class='ocr_par' dir='ltr' id='par_1_33' title="bbox 259 2197 1830 2276">
     <span class='ocr_line' id='line_1_33' title="bbox 259 2197 1830 2276; baseline 0.009 -26"><span class='ocrx_word' id='word_1_220' title='bbox 259 2197 618 2267; x_wconf 81' lang='grc' dir='ltr'>προληπτέον,</span> <span class='ocrx_word' id='word_1_221' title='bbox 648 2198 732 2252; x_wconf 84' lang='grc' dir='ltr'>ὅτι</span> <span class='ocrx_word' id='word_1_222' title='bbox 763 2199 936 2253; x_wconf 75' lang='grc' dir='ltr'>αἰῶνα</span> <span class='ocrx_word' id='word_1_223' title='bbox 969 2202 1240 2271; x_wconf 83' lang='grc' dir='ltr'>μέλλομεν</span> <span class='ocrx_word' id='word_1_224' title='bbox 1271 2205 1399 2274; x_wconf 83' lang='grc' dir='ltr'>ἄρτι</span> <span class='ocrx_word' id='word_1_225' title='bbox 1435 2207 1626 2276; x_wconf 77' lang='grc' dir='ltr'>νοῆσαι</span> <span class='ocrx_word' id='word_1_226' title='bbox 1651 2210 1710 2263; x_wconf 80' lang='grc' dir='ltr'>οὐ</span> <span class='ocrx_word' id='word_1_227' title='bbox 1739 2210 1830 2264; x_wconf 72' lang='grc' dir='ltr'>τὸν</span> 
     </span>
    </p>
   </div>
   <div class='ocr_carea' id='block_1_34' title="bbox 258 2290 1831 2373">
    <p class='ocr_par' dir='ltr' id='par_1_34' title="bbox 258 2290 1831 2373">
     <span class='ocr_line' id='line_1_34' title="bbox 258 2290 1831 2373; baseline 0.009 -31"><span class='ocrx_word' id='word_1_228' title='bbox 258 2290 382 2361; x_wconf 81' lang='grc' dir='ltr'>παρ’</span> <span class='ocrx_word' id='word_1_229' title='bbox 407 2293 543 2361; x_wconf 75' lang='grc' dir='ltr'><strong>ἡμῖν</strong></span> <span class='ocrx_word' id='word_1_230' title='bbox 568 2294 682 2355; x_wconf 84' lang='grc' dir='ltr'>τοῖς</span> <span class='ocrx_word' id='word_1_231' title='bbox 714 2293 860 2347; x_wconf 86' lang='grc' dir='ltr'><strong>κατά</strong></span> <span class='ocrx_word' id='word_1_232' title='bbox 906 2295 1067 2364; x_wconf 88' lang='grc' dir='ltr'>σῶμα</span> <span class='ocrx_word' id='word_1_233' title='bbox 1094 2295 1330 2367; x_wconf 81' lang='grc' dir='ltr'>Θνητοῖς,</span> <span class='ocrx_word' id='word_1_234' title='bbox 1365 2298 1456 2352; x_wconf 73' lang='grc' dir='ltr'><strong>τὸν</strong></span> <span class='ocrx_word' id='word_1_235' title='bbox 1503 2304 1602 2372; x_wconf 82' lang='grc' dir='ltr'>τῆς</span> <span class='ocrx_word' id='word_1_236' title='bbox 1631 2302 1831 2373; x_wconf 80' lang='grc' dir='ltr'>ἡμετέ-</span> 
     </span>
    </p>
   </div>
   <div class='ocr_carea' id='block_1_35' title="bbox 259 2383 1829 2465">
    <p class='ocr_par' dir='ltr' id='par_1_35' title="bbox 259 2383 1829 2465">
     <span class='ocr_line' id='line_1_35' title="bbox 259 2383 1829 2465; baseline 0.008 -30"><span class='ocrx_word' id='word_1_237' title='bbox 259 2399 354 2451; x_wconf 85' lang='grc' dir='ltr'><strong>ρας</strong></span> <span class='ocrx_word' id='word_1_238' title='bbox 383 2383 554 2454; x_wconf 77' lang='grc' dir='ltr'>ζωῆς,</span> <span class='ocrx_word' id='word_1_239' title='bbox 606 2385 698 2438; x_wconf 60' lang='grc' dir='ltr'>τὶν</span> <span class='ocrx_word' id='word_1_240' title='bbox 728 2385 948 2450; x_wconf 81' lang='grc' dir='ltr'>ἀπόνως</span> <span class='ocrx_word' id='word_1_241' title='bbox 982 2389 1272 2460; x_wconf 84' lang='grc' dir='ltr'>μετρητὸν,</span> <span class='ocrx_word' id='word_1_242' title='bbox 1309 2389 1404 2443; x_wconf 77' lang='grc' dir='ltr'>τὸν</span> <span class='ocrx_word' id='word_1_243' title='bbox 1448 2391 1647 2463; x_wconf 77' lang='grc' dir='ltr'>ῥᾳδίως</span> <span class='ocrx_word' id='word_1_244' title='bbox 1694 2396 1829 2465; x_wconf 81' lang='grc' dir='ltr'>ἀρι-</span> 
     </span>
    </p>
   </div>
   <div class='ocr_carea' id='block_1_36' title="bbox 258 2476 1832 2559">
    <p class='ocr_par' dir='ltr' id='par_1_36' title="bbox 258 2476 1832 2559">
     <span class='ocr_line' id='line_1_36' title="bbox 258 2476 1832 2559; baseline 0.009 -33"><span class='ocrx_word' id='word_1_245' title='bbox 258 2476 480 2545; x_wconf 71' lang='grc' dir='ltr'>Ομητδν,</span> <span class='ocrx_word' id='word_1_246' title='bbox 507 2479 597 2530; x_wconf 86' lang='grc' dir='ltr'>τὸν</span> <span class='ocrx_word' id='word_1_247' title='bbox 619 2480 711 2532; x_wconf 84' lang='grc' dir='ltr'>καὶ</span> <span class='ocrx_word' id='word_1_248' title='bbox 738 2479 991 2550; x_wconf 83' lang='grc' dir='ltr'>ἀόριστον</span> <span class='ocrx_word' id='word_1_249' title='bbox 1017 2482 1113 2536; x_wconf 77' lang='grc' dir='ltr'>καὶ</span> <span class='ocrx_word' id='word_1_250' title='bbox 1137 2482 1641 2554; x_wconf 73' lang='grc' dir='ltr'>τελειούμενον,τὸν</span> <span class='ocrx_word' id='word_1_251' title='bbox 1667 2488 1832 2559; x_wconf 79' lang='grc' dir='ltr'>πρόσ-</span> 
     </span>
    </p>
   </div>
   <div class='ocr_carea' id='block_1_37' title="bbox 255 2572 1824 2648">
    <p class='ocr_par' dir='ltr' id='par_1_37' title="bbox 255 2572 1824 2648">
     <span class='ocr_line' id='line_1_37' title="bbox 255 2572 1824 2648; baseline 0.007 -28"><span class='ocrx_word' id='word_1_252' title='bbox 255 2585 466 2637; x_wconf 83' lang='grc' dir='ltr'>καιρον,</span> <span class='ocrx_word' id='word_1_253' title='bbox 503 2572 552 2624; x_wconf 85' lang='grc' dir='ltr'><strong>εί</strong></span> <span class='ocrx_word' id='word_1_254' title='bbox 606 2573 703 2624; x_wconf 74' lang='grc' dir='ltr'>καὶ</span> <span class='ocrx_word' id='word_1_255' title='bbox 745 2573 1052 2642; x_wconf 87' lang='grc' dir='ltr'>χιλιοστύος</span> <span class='ocrx_word' id='word_1_256' title='bbox 1086 2575 1254 2642; x_wconf 81' lang='grc' dir='ltr'>ἐγγὺς</span> <span class='ocrx_word' id='word_1_257' title='bbox 1302 2577 1784 2648; x_wconf 81' lang='grc' dir='ltr'>παρεκταθήσεται</span> <span class='ocrx_word' id='word_1_258' title='bbox 1809 2595 1824 2610; x_wconf 77' lang='grc' dir='ltr'><strong>ο</strong></span> 
     </span>
    </p>
   </div>
   <div class='ocr_carea' id='block_1_38' title="bbox 255 2662 1829 2742">
    <p class='ocr_par' dir='ltr' id='par_1_38' title="bbox 255 2662 1829 2742">
     <span class='ocr_line' id='line_1_38' title="bbox 255 2662 1829 2742; baseline 0.006 -28"><span class='ocrx_word' id='word_1_259' title='bbox 255 2662 384 2716; x_wconf 84' lang='grc' dir='ltr'><strong>ἀλλά</strong></span> <span class='ocrx_word' id='word_1_260' title='bbox 411 2663 510 2716; x_wconf 82' lang='grc' dir='ltr'>τὸν</span> <span class='ocrx_word' id='word_1_261' title='bbox 549 2662 800 2731; x_wconf 85' lang='grc' dir='ltr'>ὕστερον,</span> <span class='ocrx_word' id='word_1_262' title='bbox 832 2666 928 2719; x_wconf 84' lang='grc' dir='ltr'>τὸν</span> <span class='ocrx_word' id='word_1_263' title='bbox 957 2665 1127 2729; x_wconf 78' lang='grc' dir='ltr'>ὅντως</span> <span class='ocrx_word' id='word_1_264' title='bbox 1156 2665 1411 2742; x_wconf 85' lang='grc' dir='ltr'>ἄπειρον,</span> <span class='ocrx_word' id='word_1_265' title='bbox 1457 2669 1549 2721; x_wconf 72' lang='grc' dir='ltr'><strong>τὸν</strong></span> <span class='ocrx_word' id='word_1_266' title='bbox 1579 2671 1829 2741; x_wconf 82' lang='grc' dir='ltr'>ἀμέτρη-</span> 
     </span>
    </p>
   </div>
   <div class='ocr_carea' id='block_1_39' title="bbox 252 2754 1822 2832">
    <p class='ocr_par' dir='ltr' id='par_1_39' title="bbox 252 2754 1822 2832">
     <span class='ocr_line' id='line_1_39' title="bbox 252 2754 1822 2832; baseline 0.006 -26"><span class='ocrx_word' id='word_1_267' title='bbox 252 2765 358 2821; x_wconf 73' lang='grc' dir='ltr'>τον,</span> <span class='ocrx_word' id='word_1_268' title='bbox 393 2756 487 2810; x_wconf 82' lang='grc' dir='ltr'>τὸν</span> <span class='ocrx_word' id='word_1_269' title='bbox 548 2757 715 2827; x_wconf 79' lang='grc' dir='ltr'>μηδὲν</span> <span class='ocrx_word' id='word_1_270' title='bbox 767 2757 908 2828; x_wconf 80' lang='grc' dir='ltr'>πρὸς</span> <span class='ocrx_word' id='word_1_271' title='bbox 956 2760 1104 2828; x_wconf 80' lang='grc' dir='ltr'>ἡμᾶς</span> <span class='ocrx_word' id='word_1_272' title='bbox 1151 2761 1275 2823; x_wconf 72' lang='grc' dir='ltr'>τοὺς</span> <span class='ocrx_word' id='word_1_273' title='bbox 1324 2754 1428 2816; x_wconf 82' lang='grc' dir='ltr'>ὦδε</span> <span class='ocrx_word' id='word_1_274' title='bbox 1476 2761 1822 2832; x_wconf 77' lang='grc' dir='ltr'>βραχυϐίους,</span> 
     </span>
    </p>
   </div>
   <div class='ocr_carea' id='block_1_40' title="bbox 252 2848 1828 2926">
    <p class='ocr_par' dir='ltr' id='par_1_40' title="bbox 252 2848 1828 2926">
     <span class='ocr_line' id='line_1_40' title="bbox 252 2848 1828 2926; baseline 0.006 -25"><span class='ocrx_word' id='word_1_275' title='bbox 252 2848 600 2919; x_wconf 79' lang='grc' dir='ltr'>ἀνθρώπους,</span> <span class='ocrx_word' id='word_1_276' title='bbox 637 2849 730 2903; x_wconf 82' lang='grc' dir='ltr'>τὸν</span> <span class='ocrx_word' id='word_1_277' title='bbox 759 2852 835 2920; x_wconf 84' lang='grc' dir='ltr'><strong>μὴ</strong></span> <span class='ocrx_word' id='word_1_278' title='bbox 869 2849 949 2922; x_wconf 83' lang='grc' dir='ltr'><strong>τῷ</strong></span> <span class='ocrx_word' id='word_1_279' title='bbox 992 2852 1185 2922; x_wconf 72' lang='grc' dir='ltr'>κόσμῳ</span> <span class='ocrx_word' id='word_1_280' title='bbox 1219 2852 1554 2923; x_wconf 75' lang='grc' dir='ltr'>σύμμετρον,</span> <span class='ocrx_word' id='word_1_281' title='bbox 1584 2858 1731 2926; x_wconf 77' lang='grc' dir='ltr'>μόνῳ</span> <span class='ocrx_word' id='word_1_282' title='bbox 1769 2857 1828 2911; x_wconf 80' lang='grc' dir='ltr'><strong>δὲ</strong></span> 
     </span>
    </p>
   </div>
   <div class='ocr_carea' id='block_1_41' title="bbox 250 2939 1828 3018">
    <p class='ocr_par' dir='ltr' id='par_1_41' title="bbox 250 2939 1828 3018">
     <span class='ocr_line' id='line_1_41' title="bbox 250 2939 1828 3018; baseline 0.007 -30"><span class='ocrx_word' id='word_1_283' title='bbox 250 2939 327 3008; x_wconf 83' lang='grc' dir='ltr'>τῷ</span> <span class='ocrx_word' id='word_1_284' title='bbox 355 2939 476 3009; x_wconf 83' lang='grc' dir='ltr'><strong>Θεῷ</strong></span> <span class='ocrx_word' id='word_1_285' title='bbox 509 2940 937 3009; x_wconf 76' lang='grc' dir='ltr'>ἀρμοττόμενον,</span> <span class='ocrx_word' id='word_1_286' title='bbox 967 2943 1062 2994; x_wconf 57' lang='grc' dir='ltr'><strong>καὶ⁵</strong></span> <span class='ocrx_word' id='word_1_287' title='bbox 1094 2945 1159 3012; x_wconf 82' lang='grc' dir='ltr'><strong>τῇ</strong></span> <span class='ocrx_word' id='word_1_288' title='bbox 1197 2944 1320 2995; x_wconf 86' lang='grc' dir='ltr'>κατ’</span> <span class='ocrx_word' id='word_1_289' title='bbox 1355 2945 1563 2998; x_wconf 84' lang='grc' dir='ltr'>ἐκεῖνον</span> <span class='ocrx_word' id='word_1_290' title='bbox 1597 2947 1828 3018; x_wconf 69' lang='grc' dir='ltr'>ἀπειρίᾳ.</span> 
     </span>
    </p>
   </div>
   <div class='ocr_carea' id='block_1_42' title="bbox 255 3033 1826 3103">
    <p class='ocr_par' dir='ltr' id='par_1_42' title="bbox 255 3033 1826 3103">
     <span class='ocr_line' id='line_1_42' title="bbox 255 3033 1826 3103; baseline 0.006 -21"><span class='ocrx_word' id='word_1_291' title='bbox 255 3034 886 3101; x_wconf 78' lang='grc' dir='ltr'>συμπαρεκτεινόμενον,</span> <span class='ocrx_word' id='word_1_292' title='bbox 923 3033 1014 3084; x_wconf 71' lang='grc' dir='ltr'>τὸν</span> <span class='ocrx_word' id='word_1_293' title='bbox 1052 3034 1338 3102; x_wconf 81' lang='grc' dir='ltr'>μέλλοντα,</span> <span class='ocrx_word' id='word_1_294' title='bbox 1370 3035 1462 3088; x_wconf 74' lang='grc' dir='ltr'>τὸν</span> <span class='ocrx_word' id='word_1_295' title='bbox 1493 3036 1702 3103; x_wconf 81' lang='grc' dir='ltr'>ὄγδοον,</span> <span class='ocrx_word' id='word_1_296' title='bbox 1735 3040 1826 3092; x_wconf 78' lang='grc' dir='ltr'>τὸν</span> 
     </span>
    </p>
   </div>
   <div class='ocr_carea' id='block_1_43' title="bbox 1937 1838 3505 1937">
    <p class='ocr_par' dir='ltr' id='par_1_43' title="bbox 1937 1838 3505 1937">
     <span class='ocr_line' id='line_1_43' title="bbox 1937 1838 3505 1937; baseline 0.023 -45"><span class='ocrx_word' id='word_1_297' title='bbox 1937 1838 2030 1892; x_wconf 82' lang='lat' dir='ltr'><strong>Sed</strong></span> <span class='ocrx_word' id='word_1_298' title='bbox 2075 1855 2198 1910; x_wconf 74' lang='lat' dir='ltr'><strong>quae</strong></span> <span class='ocrx_word' id='word_1_299' title='bbox 2241 1841 2373 1912; x_wconf 84' lang='lat' dir='ltr'><strong>jam,</strong></span> <span class='ocrx_word' id='word_1_300' title='bbox 2426 1856 2614 1918; x_wconf 83' lang='lat' dir='ltr'><strong>utpote</strong></span> <span class='ocrx_word' id='word_1_301' title='bbox 2663 1864 2922 1913; x_wconf 68' lang='lat' dir='ltr'><strong>aaternam</strong></span> <span class='ocrx_word' id='word_1_302' title='bbox 2981 1862 3147 1917; x_wconf 87' lang='lat' dir='ltr'><strong>vitam</strong></span> <span class='ocrx_word' id='word_1_303' title='bbox 3202 1838 3505 1937; x_wconf 70' lang='lat' dir='ltr'><strong>spectantia</strong></span> 
     </span>
    </p>
   </div>
   <div class='ocr_carea' id='block_1_44' title="bbox 1934 1931 3504 2035">
    <p class='ocr_par' dir='ltr' id='par_1_44' title="bbox 1934 1931 3504 2035">
     <span class='ocr_line' id='line_1_44' title="bbox 1934 1931 3504 2035; baseline 0.024 -49"><span class='ocrx_word' id='word_1_304' title='bbox 1934 1940 1988 1986; x_wconf 90' lang='lat' dir='ltr'><strong>et</strong></span> <span class='ocrx_word' id='word_1_305' title='bbox 2041 1931 2181 1990; x_wconf 86' lang='lat' dir='ltr'><strong>hanc</strong></span> <span class='ocrx_word' id='word_1_306' title='bbox 2239 1946 2439 1995; x_wconf 86' lang='lat' dir='ltr'><strong>terram</strong></span> <span class='ocrx_word' id='word_1_307' title='bbox 2494 1943 2884 2016; x_wconf 75' lang='lat' dir='ltr'><strong>despicientia,</strong></span> <span class='ocrx_word' id='word_1_308' title='bbox 2943 1931 3504 2035; x_wconf 43' lang='lat' dir='ltr'><strong>prolaturi‘sumus,</strong></span> 
     </span>
    </p>
   </div>
   <div class='ocr_carea' id='block_1_45' title="bbox 1936 2025 3504 2113">
    <p class='ocr_par' dir='ltr' id='par_1_45' title="bbox 1936 2025 3504 2113">
     <span class='ocr_line' id='line_1_45' title="bbox 1936 2025 3504 2113; baseline 0.024 -37"><span class='ocrx_word' id='word_1_309' title='bbox 1936 2025 2104 2094; x_wconf 89' lang='lat' dir='ltr'><strong>priori</strong></span> <span class='ocrx_word' id='word_1_310' title='bbox 2141 2027 2218 2082; x_wconf 83' lang='lat' dir='ltr'><strong>illi</strong></span> <span class='ocrx_word' id='word_1_311' title='bbox 2256 2033 2442 2086; x_wconf 82' lang='lat' dir='ltr'><strong>sensui</strong></span> <span class='ocrx_word' id='word_1_312' title='bbox 2490 2034 2911 2112; x_wconf 84' lang='lat' dir='ltr'><strong>haudquaqua</strong></span> <span class='ocrx_word' id='word_1_313' title='bbox 2943 2047 3160 2104; x_wconf 88' lang='lat' dir='ltr'><strong>cedent.</strong></span> <span class='ocrx_word' id='word_1_314' title='bbox 3205 2070 3224 2105; x_wconf 86' lang='grc' dir='ltr'><strong>ι</strong></span> <span class='ocrx_word' id='word_1_315' title='bbox 3259 2025 3504 2113; x_wconf 53' lang='lat' dir='ltr'><strong>Labore;</strong></span> 
     </span>
    </p>
   </div>
   <div class='ocr_carea' id='block_1_46' title="bbox 1935 2115 3504 2204">
    <p class='ocr_par' dir='ltr' id='par_1_46' title="bbox 1935 2115 3504 2204">
     <span class='ocr_line' id='line_1_46' title="bbox 1935 2115 3504 2204; baseline 0.024 -38"><span class='ocrx_word' id='word_1_316' title='bbox 1935 2115 2032 2178; x_wconf 89' lang='lat' dir='ltr'><strong>vit,</strong></span> <span class='ocrx_word' id='word_1_317' title='bbox 2061 2116 2260 2185; x_wconf 79' lang='lat' dir='ltr'><strong>inquit,</strong></span> <span class='ocrx_word' id='word_1_318' title='bbox 2297 2121 2350 2174; x_wconf 93' lang='lat' dir='ltr'><strong>in</strong></span> <span class='ocrx_word' id='word_1_319' title='bbox 2380 2128 2660 2194; x_wconf 87' lang='lat' dir='ltr'><strong>saeculum,</strong></span> <span class='ocrx_word' id='word_1_320' title='bbox 2703 2139 2757 2185; x_wconf 92' lang='lat' dir='ltr'><strong>et</strong></span> <span class='ocrx_word' id='word_1_321' title='bbox 2796 2133 2939 2189; x_wconf 80' lang='lat' dir='ltr'><strong>vivet</strong></span> <span class='ocrx_word' id='word_1_322' title='bbox 2981 2142 3034 2192; x_wconf 86' lang='lat' dir='ltr'><strong>in</strong></span> <span class='ocrx_word' id='word_1_323' title='bbox 3079 2141 3264 2199; x_wconf 84' lang='lat' dir='ltr'><strong>linem.</strong></span> <span class='ocrx_word' id='word_1_324' title='bbox 3301 2163 3320 2198; x_wconf 75' lang='grc' dir='ltr'><strong>ι</strong></span> <span class='ocrx_word' id='word_1_325' title='bbox 3357 2147 3504 2204; x_wconf 65' lang='lat' dir='ltr'><strong>Prai-</strong></span> 
     </span>
    </p>
   </div>
   <div class='ocr_carea' id='block_1_47' title="bbox 1933 2212 3504 2308">
    <p class='ocr_par' dir='ltr' id='par_1_47' title="bbox 1933 2212 3504 2308">
     <span class='ocr_line' id='line_1_47' title="bbox 1933 2212 3504 2308; baseline 0.024 -47"><span class='ocrx_word' id='word_1_326' title='bbox 1933 2212 2264 2267; x_wconf 90' lang='lat' dir='ltr'><strong>monendum</strong></span> <span class='ocrx_word' id='word_1_327' title='bbox 2298 2224 2477 2272; x_wconf 86' lang='lat' dir='ltr'><strong>autem</strong></span> <span class='ocrx_word' id='word_1_328' title='bbox 2512 2219 2727 2277; x_wconf 80' lang='lat' dir='ltr'><strong>videtur</strong></span> <span class='ocrx_word' id='word_1_329' title='bbox 2759 2239 2860 2281; x_wconf 90' lang='lat' dir='ltr'><strong>nos</strong></span> <span class='ocrx_word' id='word_1_330' title='bbox 2890 2227 3002 2297; x_wconf 88' lang='lat' dir='ltr'><strong>jam</strong></span> <span class='ocrx_word' id='word_1_331' title='bbox 3044 2248 3152 2288; x_wconf 88' lang='lat' dir='ltr'><strong>non</strong></span> <span class='ocrx_word' id='word_1_332' title='bbox 3180 2251 3504 2308; x_wconf 82' lang='lat' dir='ltr'><strong>accepturos</strong></span> 
     </span>
    </p>
   </div>
   <div class='ocr_carea' id='block_1_48' title="bbox 1881 2303 3508 2386">
    <p class='ocr_par' dir='ltr' id='par_1_48' title="bbox 1881 2303 3508 2386">
     <span class='ocr_line' id='line_1_48' title="bbox 1881 2303 3508 2386; baseline 0.024 -38"><span class='ocrx_word' id='word_1_333' title='bbox 1881 2316 1889 2326; x_wconf 85' lang='lat'><strong>-</strong></span> <span class='ocrx_word' id='word_1_334' title='bbox 1931 2311 2052 2353; x_wconf 87' lang='lat' dir='ltr'><strong>esse</strong></span> <span class='ocrx_word' id='word_1_335' title='bbox 2081 2303 2341 2358; x_wconf 82' lang='lat' dir='ltr'><strong>saeculum</strong></span> <span class='ocrx_word' id='word_1_336' title='bbox 2373 2313 2633 2377; x_wconf 86' lang='lat' dir='ltr'><strong>tanquam</strong></span> <span class='ocrx_word' id='word_1_337' title='bbox 2674 2321 2886 2384; x_wconf 89' lang='lat' dir='ltr'><strong>tempus</strong></span> <span class='ocrx_word' id='word_1_338' title='bbox 2929 2319 3088 2378; x_wconf 85' lang='lat' dir='ltr'><strong>nobis</strong></span> <span class='ocrx_word' id='word_1_339' title='bbox 3129 2303 3342 2384; x_wconf 82' lang='lat' dir='ltr'><strong>mortali</strong></span> <span class='ocrx_word' id='word_1_340' title='bbox 3383 2346 3508 2386; x_wconf 87' lang='lat' dir='ltr'><strong>cor-</strong></span> 
     </span>
    </p>
   </div>
   <div class='ocr_carea' id='block_1_49' title="bbox 1932 2390 3504 2480">
    <p class='ocr_par' dir='ltr' id='par_1_49' title="bbox 1932 2390 3504 2480">
     <span class='ocr_line' id='line_1_49' title="bbox 1932 2390 3504 2480; baseline 0.024 -39"><span class='ocrx_word' id='word_1_341' title='bbox 1932 2404 2064 2459; x_wconf 88' lang='lat' dir='ltr'><strong>pore</strong></span> <span class='ocrx_word' id='word_1_342' title='bbox 2091 2390 2295 2450; x_wconf 88' lang='lat' dir='ltr'><strong>indutis</strong></span> <span class='ocrx_word' id='word_1_343' title='bbox 2330 2395 2400 2450; x_wconf 90' lang='lat' dir='ltr'><strong>ad</strong></span> <span class='ocrx_word' id='word_1_344' title='bbox 2445 2400 2734 2459; x_wconf 83' lang='lat' dir='ltr'><strong>vivendum</strong></span> <span class='ocrx_word' id='word_1_345' title='bbox 2780 2421 3126 2480; x_wconf 83' lang='lat' dir='ltr'><strong>concessum,</strong></span> <span class='ocrx_word' id='word_1_346' title='bbox 3162 2419 3282 2473; x_wconf 82' lang='lat' dir='ltr'><strong>sine</strong></span> <span class='ocrx_word' id='word_1_347' title='bbox 3315 2419 3504 2478; x_wconf 85' lang='lat' dir='ltr'><strong>labore</strong></span> 
     </span>
    </p>
   </div>
   <div class='ocr_carea' id='block_1_50' title="bbox 1931 2488 3504 2582">
    <p class='ocr_par' dir='ltr' id='par_1_50' title="bbox 1931 2488 3504 2582">
     <span class='ocr_line' id='line_1_50' title="bbox 1931 2488 3504 2582; baseline 0.024 -48"><span class='ocrx_word' id='word_1_348' title='bbox 1931 2488 2503 2557; x_wconf 75' lang='lat' dir='ltr'><strong>cornmensurandutn,</strong></span> <span class='ocrx_word' id='word_1_349' title='bbox 2536 2494 2657 2550; x_wconf 85' lang='lat' dir='ltr'><strong>sine</strong></span> <span class='ocrx_word' id='word_1_350' title='bbox 2695 2501 2914 2570; x_wconf 82' lang='lat' dir='ltr'><strong>negotio</strong></span> <span class='ocrx_word' id='word_1_351' title='bbox 2956 2511 3380 2582; x_wconf 85' lang='lat' dir='ltr'><strong>numerandum,</strong></span> <span class='ocrx_word' id='word_1_352' title='bbox 3419 2515 3504 2572; x_wconf 79' lang='lat' dir='ltr'><strong>in-</strong></span> 
     </span>
    </p>
   </div>
   <div class='ocr_carea' id='block_1_51' title="bbox 1931 2579 3500 2677">
    <p class='ocr_par' dir='ltr' id='par_1_51' title="bbox 1931 2579 3500 2677">
     <span class='ocr_line' id='line_1_51' title="bbox 1931 2579 3500 2677; baseline 0.025 -52"><span class='ocrx_word' id='word_1_353' title='bbox 1931 2582 2140 2629; x_wconf 88' lang='lat' dir='ltr'><strong>certum</strong></span> <span class='ocrx_word' id='word_1_354' title='bbox 2199 2585 2253 2632; x_wconf 86' lang='lat' dir='ltr'><strong>et</strong></span> <span class='ocrx_word' id='word_1_355' title='bbox 2294 2579 2495 2638; x_wconf 78' lang='lat' dir='ltr'><strong>finibus</strong></span> <span class='ocrx_word' id='word_1_356' title='bbox 2542 2587 3051 2663; x_wconf 83' lang='lat' dir='ltr'><strong>circumscriptum,</strong></span> <span class='ocrx_word' id='word_1_357' title='bbox 3092 2579 3500 2677; x_wconf 86' lang='lat' dir='ltr'><strong>brevissimum,</strong></span> 
     </span>
    </p>
   </div>
   <div class='ocr_carea' id='block_1_52' title="bbox 1929 2669 3501 2765">
    <p class='ocr_par' dir='ltr' id='par_1_52' title="bbox 1929 2669 3501 2765">
     <span class='ocr_line' id='line_1_52' title="bbox 1929 2669 3501 2765; baseline 0.026 -50"><span class='ocrx_word' id='word_1_358' title='bbox 1929 2669 2180 2734; x_wconf 77' lang='lat' dir='ltr'><strong>quamvis</strong></span> <span class='ocrx_word' id='word_1_359' title='bbox 2219 2671 2285 2725; x_wconf 84' lang='lat' dir='ltr'><strong>ad</strong></span> <span class='ocrx_word' id='word_1_360' title='bbox 2319 2675 2469 2730; x_wconf 89' lang='lat' dir='ltr'><strong>mille</strong></span> <span class='ocrx_word' id='word_1_361' title='bbox 2514 2690 2685 2736; x_wconf 88' lang='lat' dir='ltr'><strong>annos</strong></span> <span class='ocrx_word' id='word_1_362' title='bbox 2729 2698 3024 2744; x_wconf 87' lang='lat' dir='ltr'><strong>excurrat:</strong></span> <span class='ocrx_word' id='word_1_363' title='bbox 3057 2694 3150 2748; x_wconf 86' lang='lat' dir='ltr'><strong>sed</strong></span> <span class='ocrx_word' id='word_1_364' title='bbox 3204 2701 3501 2765; x_wconf 83' lang='lat' dir='ltr'><strong>posterius,</strong></span> 
     </span>
    </p>
   </div>
   <div class='ocr_carea' id='block_1_53' title="bbox 1930 2761 3504 2857">
    <p class='ocr_par' dir='ltr' id='par_1_53' title="bbox 1930 2761 3504 2857">
     <span class='ocr_line' id='line_1_53' title="bbox 1930 2761 3504 2857; baseline 0.027 -50"><span class='ocrx_word' id='word_1_365' title='bbox 1930 2771 2118 2811; x_wconf 86' lang='lat' dir='ltr'><strong>revera</strong></span> <span class='ocrx_word' id='word_1_366' title='bbox 2168 2761 2464 2830; x_wconf 88' lang='lat' dir='ltr'><strong>inlinitum,</strong></span> <span class='ocrx_word' id='word_1_367' title='bbox 2514 2769 3084 2849; x_wconf 88' lang='lat' dir='ltr'><strong>incommensurabile,</strong></span> <span class='ocrx_word' id='word_1_368' title='bbox 3123 2761 3299 2857; x_wconf 69' lang='lat' dir='ltr'><strong>Iraque</strong></span> <span class='ocrx_word' id='word_1_369' title='bbox 3343 2761 3504 2848; x_wconf 69' lang='lat' dir='ltr'><strong>nobis</strong></span> 
     </span>
    </p>
   </div>
   <div class='ocr_carea' id='block_1_54' title="bbox 1929 2847 3502 2948">
    <p class='ocr_par' dir='ltr' id='par_1_54' title="bbox 1929 2847 3502 2948">
     <span class='ocr_line' id='line_1_54' title="bbox 1929 2847 3502 2948; baseline 0.025 -47"><span class='ocrx_word' id='word_1_370' title='bbox 1929 2847 2254 2907; x_wconf 88' lang='lat' dir='ltr'><strong>brevissimo</strong></span> <span class='ocrx_word' id='word_1_371' title='bbox 2285 2855 2412 2910; x_wconf 67' lang='lat' dir='ltr'><strong>vitae</strong></span> <span class='ocrx_word' id='word_1_372' title='bbox 2441 2862 2621 2928; x_wconf 88' lang='lat' dir='ltr'><strong>spatio</strong></span> <span class='ocrx_word' id='word_1_373' title='bbox 2653 2865 3057 2939; x_wconf 89' lang='lat' dir='ltr'><strong>circumclusis,</strong></span> <span class='ocrx_word' id='word_1_374' title='bbox 3090 2847 3268 2948; x_wconf 76' lang='lat' dir='ltr'><strong>neque</strong></span> <span class='ocrx_word' id='word_1_375' title='bbox 3301 2885 3502 2941; x_wconf 90' lang='lat' dir='ltr'><strong>mundo</strong></span> 
     </span>
    </p>
   </div>
   <div class='ocr_carea' id='block_1_55' title="bbox 1928 2940 3503 3042">
    <p class='ocr_par' dir='ltr' id='par_1_55' title="bbox 1928 2940 3503 3042">
     <span class='ocr_line' id='line_1_55' title="bbox 1928 2940 3503 3042; baseline 0.025 -50"><span class='ocrx_word' id='word_1_376' title='bbox 1928 2940 2292 3042; x_wconf 64' lang='lat' dir='ltr'><strong>adaquatum,</strong></span> <span class='ocrx_word' id='word_1_377' title='bbox 2337 2950 2433 3002; x_wconf 87' lang='lat' dir='ltr'><strong>sed</strong></span> <span class='ocrx_word' id='word_1_378' title='bbox 2473 2951 2590 3006; x_wconf 88' lang='lat' dir='ltr'><strong>solo</strong></span> <span class='ocrx_word' id='word_1_379' title='bbox 2630 2953 2740 3011; x_wconf 87' lang='lat' dir='ltr'><strong>Deo</strong></span> <span class='ocrx_word' id='word_1_380' title='bbox 2770 2959 3083 3030; x_wconf 88' lang='lat' dir='ltr'><strong>adaptatum</strong></span> <span class='ocrx_word' id='word_1_381' title='bbox 3126 2940 3192 3023; x_wconf 41' lang='lat' dir='ltr'><strong>et.</strong></span> <span class='ocrx_word' id='word_1_382' title='bbox 3220 2971 3339 3042; x_wconf 83' lang='lat' dir='ltr'><strong>ejus</strong></span> <span class='ocrx_word' id='word_1_383' title='bbox 3375 2940 3503 3030; x_wconf 37' lang='lat' dir='ltr'><strong>inti;</strong></span> 
     </span>
    </p>
   </div>
   <div class='ocr_carea' id='block_1_56' title="bbox 1927 3031 3503 3125">
    <p class='ocr_par' dir='ltr' id='par_1_56' title="bbox 1927 3031 3503 3125">
     <span class='ocr_line' id='line_1_56' title="bbox 1927 3031 3503 3125; baseline 0.025 -42"><span class='ocrx_word' id='word_1_384' title='bbox 1927 3031 2087 3087; x_wconf 87' lang='lat' dir='ltr'><strong>nitati</strong></span> <span class='ocrx_word' id='word_1_385' title='bbox 2123 3050 2446 3106; x_wconf 84' lang='lat' dir='ltr'><strong>congruum,</strong></span> <span class='ocrx_word' id='word_1_386' title='bbox 2481 3041 2746 3111; x_wconf 81' lang='lat' dir='ltr'><strong>futurum,</strong></span> <span class='ocrx_word' id='word_1_387' title='bbox 2776 3062 3056 3122; x_wconf 83' lang='lat' dir='ltr'><strong>octavum,</strong></span> <span class='ocrx_word' id='word_1_388' title='bbox 3091 3031 3419 3122; x_wconf 67' lang='lat' dir='ltr'><strong>incessabile</strong></span> <span class='ocrx_word' id='word_1_389' title='bbox 3447 3078 3503 3125; x_wconf 85' lang='lat' dir='ltr'><strong>et</strong></span> 
     </span>
    </p>
   </div>
   <div class='ocr_carea' id='block_1_57' title="bbox 250 3122 1826 3224">
    <p class='ocr_par' dir='ltr' id='par_1_57' title="bbox 250 3123 1825 3197">
     <span class='ocr_line' id='line_1_57' title="bbox 250 3123 1825 3197; baseline 0.004 -22"><span class='ocrx_word' id='word_1_390' title='bbox 250 3123 675 3177; x_wconf 65' lang='grc' dir='ltr'>ἀκατάπαυστον</span> <span class='ocrx_word' id='word_1_391' title='bbox 721 3123 817 3177; x_wconf 77' lang='grc' dir='ltr'><strong>καὶ</strong></span> <span class='ocrx_word' id='word_1_392' title='bbox 859 3124 1240 3197; x_wconf 77' lang='grc' dir='ltr'>ἀτελεύτητον,</span> <span class='ocrx_word' id='word_1_393' title='bbox 1273 3128 1366 3180; x_wconf 77' lang='grc' dir='ltr'><strong>καὶ</strong></span> <span class='ocrx_word' id='word_1_394' title='bbox 1399 3127 1469 3180; x_wconf 80' lang='grc' dir='ltr'><strong>δι’</strong></span> <span class='ocrx_word' id='word_1_395' title='bbox 1514 3130 1646 3181; x_wconf 76' lang='grc' dir='ltr'>αὐτὸ</span> <span class='ocrx_word' id='word_1_396' title='bbox 1673 3131 1825 3193; x_wconf 85' lang='grc' dir='ltr'>τέλος</span> 
     </span>
    </p>
   </div>
   <div class='ocr_carea' id='block_1_58' title="bbox 1931 3122 3500 3224">
    <p class='ocr_par' dir='ltr' id='par_1_58' title="bbox 1931 3122 3500 3224">
     <span class='ocr_line' id='line_1_58' title="bbox 1931 3122 3500 3224; baseline 0.026 -49"><span class='ocrx_word' id='word_1_397' title='bbox 1931 3122 2351 3196; x_wconf 88' lang='lat' dir='ltr'><strong>interminabile,</strong></span> <span class='ocrx_word' id='word_1_398' title='bbox 2395 3144 2446 3188; x_wconf 93' lang='lat' dir='ltr'><strong>et</strong></span> <span class='ocrx_word' id='word_1_399' title='bbox 2485 3148 2770 3207; x_wconf 87' lang='lat' dir='ltr'><strong>propterea</strong></span> <span class='ocrx_word' id='word_1_400' title='bbox 2805 3161 2824 3194; x_wconf 79' lang='grc' dir='ltr'><strong>ι</strong></span> <span class='ocrx_word' id='word_1_401' title='bbox 2855 3145 2980 3203; x_wconf 84' lang='lat' dir='ltr'><strong>ﬁnis</strong></span> <span class='ocrx_word' id='word_1_402' title='bbox 3010 3168 3030 3202; x_wconf 85' lang='grc'>›</span> <span class='ocrx_word' id='word_1_403' title='bbox 3063 3156 3411 3224; x_wconf 84' lang='lat' dir='ltr'><strong>appellatum,</strong></span> <span class='ocrx_word' id='word_1_404' title='bbox 3445 3122 3500 3216; x_wconf 79' lang='lat' dir='ltr'><strong>in</strong></span> 
     </span>
    </p>
   </div>
   <div class='ocr_carea' id='block_1_59' title="bbox 249 3215 1821 3287">
    <p class='ocr_par' dir='ltr' id='par_1_59' title="bbox 249 3215 1821 3287">
     <span class='ocr_line' id='line_1_59' title="bbox 249 3215 1821 3287; baseline 0.004 -19"><span class='ocrx_word' id='word_1_405' title='bbox 249 3217 664 3287; x_wconf 77' lang='grc' dir='ltr'>ὠνομασμένον,</span> <span class='ocrx_word' id='word_1_406' title='bbox 695 3215 1145 3287; x_wconf 85' lang='grc' dir='ltr'>ἐνδελεχέστατον</span> <span class='ocrx_word' id='word_1_407' title='bbox 1174 3218 1308 3270; x_wconf 78' lang='grc' dir='ltr'>αὐτὸ</span> <span class='ocrx_word' id='word_1_408' title='bbox 1359 3219 1599 3284; x_wconf 76' lang='grc' dir='ltr'>παντως,</span> <span class='ocrx_word' id='word_1_409' title='bbox 1627 3222 1723 3274; x_wconf 76' lang='grc' dir='ltr'>καὶ</span> <span class='ocrx_word' id='word_1_410' title='bbox 1760 3216 1821 3275; x_wconf 74' lang='grc' dir='ltr'><strong>οὗ</strong></span> 
     </span>
    </p>
   </div>
   <div class='ocr_carea' id='block_1_60' title="bbox 246 3307 1823 3378">
    <p class='ocr_par' dir='ltr' id='par_1_60' title="bbox 246 3307 1823 3378">
     <span class='ocr_line' id='line_1_60' title="bbox 246 3307 1823 3378; baseline 0.003 -17"><span class='ocrx_word' id='word_1_411' title='bbox 246 3309 510 3361; x_wconf 80' lang='grc' dir='ltr'>ἐπέκεινα</span> <span class='ocrx_word' id='word_1_412' title='bbox 560 3309 656 3360; x_wconf 69' lang='grc' dir='ltr'>καὶ</span> <span class='ocrx_word' id='word_1_413' title='bbox 690 3307 813 3378; x_wconf 65' lang='grc' dir='ltr'>μεθ’</span> <span class='ocrx_word' id='word_1_414' title='bbox 847 3307 876 3360; x_wconf 83' lang='grc' dir='ltr'><strong>ὃ</strong></span> <span class='ocrx_word' id='word_1_415' title='bbox 905 3307 1058 3371; x_wconf 90' lang='grc' dir='ltr'>τέλος</span> <span class='ocrx_word' id='word_1_416' title='bbox 1095 3309 1195 3361; x_wconf 79' lang='grc' dir='ltr'>οὐκ</span> <span class='ocrx_word' id='word_1_417' title='bbox 1243 3310 1393 3363; x_wconf 78' lang='grc' dir='ltr'>ἔστιν</span> <span class='ocrx_word' id='word_1_418' title='bbox 1433 3311 1580 3374; x_wconf 85' lang='grc' dir='ltr'>ἀλλο,</span> <span class='ocrx_word' id='word_1_419' title='bbox 1615 3312 1701 3365; x_wconf 83' lang='grc' dir='ltr'>ἵνα</span> <span class='ocrx_word' id='word_1_420' title='bbox 1737 3330 1823 3376; x_wconf 90' lang='grc' dir='ltr'><strong>τις</strong></span> 
     </span>
    </p>
   </div>
   <div class='ocr_carea' id='block_1_61' title="bbox 245 3396 1824 3473">
    <p class='ocr_par' dir='ltr' id='par_1_61' title="bbox 245 3396 1824 3473">
     <span class='ocr_line' id='line_1_61' title="bbox 245 3396 1824 3473; baseline 0.004 -24"><span class='ocrx_word' id='word_1_421' title='bbox 245 3396 399 3470; x_wconf 75' lang='grc' dir='ltr'>λέγῃ,</span> <span class='ocrx_word' id='word_1_422' title='bbox 437 3397 577 3468; x_wconf 82' lang='grc' dir='ltr'><strong>μηδέ</strong></span> <span class='ocrx_word' id='word_1_423' title='bbox 614 3397 708 3451; x_wconf 71' lang='grc' dir='ltr'>καὶ</span> <span class='ocrx_word' id='word_1_424' title='bbox 757 3396 913 3463; x_wconf 82' lang='grc' dir='ltr'>τέλος</span> <span class='ocrx_word' id='word_1_425' title='bbox 943 3396 1107 3467; x_wconf 84' lang='grc' dir='ltr'>εἶναι,</span> <span class='ocrx_word' id='word_1_426' title='bbox 1137 3400 1215 3465; x_wconf 82' lang='grc' dir='ltr'><strong>ὡς</strong></span> <span class='ocrx_word' id='word_1_427' title='bbox 1242 3401 1362 3454; x_wconf 76' lang='grc' dir='ltr'><strong>οὐδὲ</strong></span> <span class='ocrx_word' id='word_1_428' title='bbox 1408 3403 1508 3471; x_wconf 85' lang='grc' dir='ltr'>τῆς</span> <span class='ocrx_word' id='word_1_429' title='bbox 1543 3400 1824 3473; x_wconf 80' lang='grc' dir='ltr'>βασιλείας</span> 
     </span>
    </p>
   </div>
   <div class='ocr_carea' id='block_1_62' title="bbox 245 3491 1805 3545">
    <p class='ocr_par' dir='ltr' id='par_1_62' title="bbox 245 3491 1805 3545">
     <span class='ocr_line' id='line_1_62' title="bbox 245 3491 1805 3545; baseline 0.001 -2"><span class='ocrx_word' id='word_1_430' title='bbox 245 3491 336 3544; x_wconf 75' lang='grc' dir='ltr'>τοῦ</span> <span class='ocrx_word' id='word_1_431' title='bbox 369 3491 531 3545; x_wconf 79' lang='grc' dir='ltr'>Θεοῦ.</span> <span class='ocrx_word' id='word_1_432' title='bbox 1799 3540 1805 3545; x_wconf 91' lang='grc'>.</span> 
     </span>
    </p>
   </div>
   <div class='ocr_carea' id='block_1_63' title="bbox 313 3581 1824 3656">
    <p class='ocr_par' dir='ltr' id='par_1_63' title="bbox 313 3581 1824 3656">
     <span class='ocr_line' id='line_1_63' title="bbox 313 3581 1824 3656; baseline 0.001 -18"><span class='ocrx_word' id='word_1_433' title='bbox 313 3581 385 3651; x_wconf 77' lang='grc' dir='ltr'><strong>η’.</strong></span> <span class='ocrx_word' id='word_1_434' title='bbox 423 3582 652 3637; x_wconf 84' lang='grc' dir='ltr'>Τούτων</span> <span class='ocrx_word' id='word_1_435' title='bbox 683 3583 749 3655; x_wconf 74' lang='grc' dir='ltr'><strong>δὴ</strong></span> <span class='ocrx_word' id='word_1_436' title='bbox 781 3582 927 3638; x_wconf 79' lang='grc' dir='ltr'>οὕτω</span> <span class='ocrx_word' id='word_1_437' title='bbox 968 3583 1448 3654; x_wconf 84' lang='grc' dir='ltr'>προειλημμένων,</span> <span class='ocrx_word' id='word_1_438' title='bbox 1500 3583 1824 3656; x_wconf 78' lang='grc' dir='ltr'>ἐπιϐλητέον</span> 
     </span>
    </p>
   </div>
   <div class='ocr_carea' id='block_1_64' title="bbox 243 3675 1826 3748">
    <p class='ocr_par' dir='ltr' id='par_1_64' title="bbox 243 3675 1826 3748">
     <span class='ocr_line' id='line_1_64' title="bbox 243 3675 1826 3748; baseline 0.003 -20"><span class='ocrx_word' id='word_1_439' title='bbox 243 3678 306 3745; x_wconf 83' lang='grc' dir='ltr'><strong>τῇ</strong></span> <span class='ocrx_word' id='word_1_440' title='bbox 332 3675 695 3747; x_wconf 79' lang='grc' dir='ltr'>ἐκτεθειμένῃ</span> <span class='ocrx_word' id='word_1_441' title='bbox 716 3679 976 3747; x_wconf 76' lang='grc' dir='ltr'>Δαυῖτικῇ</span> <span class='ocrx_word' id='word_1_442' title='bbox 1005 3677 1257 3748; x_wconf 75' lang='grc' dir='ltr'>προφορᾷ</span> <span class='ocrx_word' id='word_1_443' title='bbox 1281 3680 1374 3731; x_wconf 72' lang='grc' dir='ltr'>καὶ</span> <span class='ocrx_word' id='word_1_444' title='bbox 1396 3681 1593 3742; x_wconf 78' lang='grc' dir='ltr'>οὕτως.</span> <span class='ocrx_word' id='word_1_445' title='bbox 1618 3697 1638 3730; x_wconf 79' lang='grc' dir='ltr'><strong>ι</strong></span> <span class='ocrx_word' id='word_1_446' title='bbox 1677 3681 1826 3734; x_wconf 81' lang='grc' dir='ltr'>Ἐκο·</span> 
     </span>
    </p>
   </div>
   <div class='ocr_carea' id='block_1_65' title="bbox 243 3765 1826 3840">
    <p class='ocr_par' dir='ltr' id='par_1_65' title="bbox 243 3765 1826 3840">
     <span class='ocr_line' id='line_1_65' title="bbox 243 3765 1826 3840; baseline 0.004 -24"><span class='ocrx_word' id='word_1_447' title='bbox 243 3765 428 3830; x_wconf 81' lang='grc' dir='ltr'>πίασε,</span> <span class='ocrx_word' id='word_1_448' title='bbox 469 3785 490 3818; x_wconf 72' lang='grc' dir='ltr'><strong>ι</strong></span> <span class='ocrx_word' id='word_1_449' title='bbox 523 3772 710 3838; x_wconf 67' lang='grc' dir='ltr'>φησὶν,</span> <span class='ocrx_word' id='word_1_450' title='bbox 745 3768 868 3837; x_wconf 70' lang='grc' dir='ltr'><strong>οὐχὶ</strong></span> <span class='ocrx_word' id='word_1_451' title='bbox 896 3769 923 3820; x_wconf 90' lang='grc' dir='ltr'>ὁ</span> <span class='ocrx_word' id='word_1_452' title='bbox 950 3767 1164 3830; x_wconf 80' lang='grc' dir='ltr'>ἁπλῶς,</span> <span class='ocrx_word' id='word_1_453' title='bbox 1195 3767 1332 3821; x_wconf 81' lang='grc' dir='ltr'>ἀλλὰ</span> <span class='ocrx_word' id='word_1_454' title='bbox 1376 3770 1403 3821; x_wconf 81' lang='grc' dir='ltr'>ὁ</span> <span class='ocrx_word' id='word_1_455' title='bbox 1448 3769 1702 3840; x_wconf 80' lang='grc' dir='ltr'>ἐνάρετος</span> <span class='ocrx_word' id='word_1_456' title='bbox 1731 3771 1826 3825; x_wconf 79' lang='grc' dir='ltr'><strong>ἄν·</strong></span> 
     </span>
    </p>
   </div>
   <div class='ocr_carea' id='block_1_66' title="bbox 241 3854 1822 3929">
    <p class='ocr_par' dir='ltr' id='par_1_66' title="bbox 241 3854 1822 3929">
     <span class='ocr_line' id='line_1_66' title="bbox 241 3854 1822 3929; baseline 0.003 -19"><span class='ocrx_word' id='word_1_457' title='bbox 241 3858 482 3928; x_wconf 70' lang='grc' dir='ltr'>θρωπος,</span> <span class='ocrx_word' id='word_1_458' title='bbox 512 3854 599 3912; x_wconf 76' lang='grc' dir='ltr'>οἵα</span> <span class='ocrx_word' id='word_1_459' title='bbox 625 3860 718 3911; x_wconf 74' lang='grc' dir='ltr'>καὶ</span> <span class='ocrx_word' id='word_1_460' title='bbox 747 3860 828 3922; x_wconf 82' lang='grc' dir='ltr'>εἴς</span> <span class='ocrx_word' id='word_1_461' title='bbox 856 3876 975 3912; x_wconf 80' lang='grc' dir='ltr'>τινα</span> <span class='ocrx_word' id='word_1_462' title='bbox 1003 3859 1448 3929; x_wconf 74' lang='grc' dir='ltr'>προϐεϐλημένον</span> <span class='ocrx_word' id='word_1_463' title='bbox 1479 3861 1698 3927; x_wconf 81' lang='grc' dir='ltr'>σκοπὸν,</span> <span class='ocrx_word' id='word_1_464' title='bbox 1729 3863 1822 3915; x_wconf 63' lang='grc' dir='ltr'>τὸν</span> 
     </span>
    </p>
   </div>
   <div class='ocr_carea' id='block_1_67' title="bbox 240 3950 1822 4021">
    <p class='ocr_par' dir='ltr' id='par_1_67' title="bbox 240 3950 1822 4021">
     <span class='ocr_line' id='line_1_67' title="bbox 240 3950 1822 4021; baseline 0.003 -19"><span class='ocrx_word' id='word_1_465' title='bbox 240 3951 412 4004; x_wconf 75' lang='grc' dir='ltr'>αἰῶνα</span> <span class='ocrx_word' id='word_1_466' title='bbox 461 3951 676 4004; x_wconf 81' lang='grc' dir='ltr'>ἐκεῖνον</span> <span class='ocrx_word' id='word_1_467' title='bbox 724 3950 815 4004; x_wconf 77' lang='grc' dir='ltr'><strong>τὸν</strong></span> <span class='ocrx_word' id='word_1_468' title='bbox 862 3950 1116 4020; x_wconf 77' lang='grc' dir='ltr'>ἄπειρον,</span> <span class='ocrx_word' id='word_1_469' title='bbox 1165 3950 1225 4002; x_wconf 82' lang='grc' dir='ltr'>οὐ</span> <span class='ocrx_word' id='word_1_470' title='bbox 1282 3951 1421 4021; x_wconf 81' lang='grc' dir='ltr'>πρὸς</span> <span class='ocrx_word' id='word_1_471' title='bbox 1448 3951 1539 4006; x_wconf 79' lang='grc' dir='ltr'>τὸν</span> <span class='ocrx_word' id='word_1_472' title='bbox 1584 3951 1822 4007; x_wconf 82' lang='grc' dir='ltr'>ἐνταῦθα</span> 
     </span>
    </p>
   </div>
   <div class='ocr_carea' id='block_1_68' title="bbox 238 4040 1823 4112">
    <p class='ocr_par' dir='ltr' id='par_1_68' title="bbox 238 4040 1823 4112">
     <span class='ocr_line' id='line_1_68' title="bbox 238 4040 1823 4112; baseline 0.003 -19"><span class='ocrx_word' id='word_1_473' title='bbox 238 4041 448 4111; x_wconf 80' lang='grc' dir='ltr'>δηλαδὴ</span> <span class='ocrx_word' id='word_1_474' title='bbox 478 4041 573 4096; x_wconf 83' lang='grc' dir='ltr'>τὸν</span> <span class='ocrx_word' id='word_1_475' title='bbox 598 4042 1020 4112; x_wconf 81' lang='grc' dir='ltr'>πεπερασμένον</span> <span class='ocrx_word' id='word_1_476' title='bbox 1059 4040 1410 4106; x_wconf 78' lang='grc' dir='ltr'>ἀποὸλέπων,</span> <span class='ocrx_word' id='word_1_477' title='bbox 1446 4044 1540 4095; x_wconf 68' lang='grc' dir='ltr'>καὶ</span> <span class='ocrx_word' id='word_1_478' title='bbox 1563 4043 1706 4096; x_wconf 76' lang='grc' dir='ltr'>οὕτω</span> <span class='ocrx_word' id='word_1_479' title='bbox 1729 4061 1823 4097; x_wconf 86' lang='grc' dir='ltr'>κο-</span> 
     </span>
    </p>
   </div>
   <div class='ocr_carea' id='block_1_69' title="bbox 238 4131 1820 4204">
    <p class='ocr_par' dir='ltr' id='par_1_69' title="bbox 238 4131 1820 4204">
     <span class='ocr_line' id='line_1_69' title="bbox 238 4131 1820 4204; baseline 0.003 -19"><span class='ocrx_word' id='word_1_480' title='bbox 238 4136 378 4186; x_wconf 79' lang='grc' dir='ltr'>πιῶν</span> <span class='ocrx_word' id='word_1_481' title='bbox 406 4136 502 4188; x_wconf 86' lang='grc' dir='ltr'><strong>διά</strong></span> <span class='ocrx_word' id='word_1_482' title='bbox 556 4136 726 4204; x_wconf 81' lang='grc' dir='ltr'>μόνην</span> <span class='ocrx_word' id='word_1_483' title='bbox 755 4134 855 4204; x_wconf 74' lang='grc' dir='ltr'>τὴν</span> <span class='ocrx_word' id='word_1_484' title='bbox 898 4134 1050 4187; x_wconf 81' lang='grc' dir='ltr'>κάτω</span> <span class='ocrx_word' id='word_1_485' title='bbox 1090 4131 1259 4202; x_wconf 76' lang='grc' dir='ltr'>ζωὴν,</span> <span class='ocrx_word' id='word_1_486' title='bbox 1314 4133 1411 4186; x_wconf 56' lang='grc' dir='ltr'><strong>καὶ⁸</strong></span> <span class='ocrx_word' id='word_1_487' title='bbox 1447 4133 1518 4188; x_wconf 80' lang='grc' dir='ltr'>τὰ</span> <span class='ocrx_word' id='word_1_488' title='bbox 1567 4133 1820 4189; x_wconf 81' lang='grc' dir='ltr'>ἐντεῦθεν</span> 
     </span>
    </p>
   </div>
   <div class='ocr_carea' id='block_1_70' title="bbox 239 4226 1824 4299">
    <p class='ocr_par' dir='ltr' id='par_1_70' title="bbox 239 4226 1824 4299">
     <span class='ocr_line' id='line_1_70' title="bbox 239 4226 1824 4299; baseline -0.001 -19"><span class='ocrx_word' id='word_1_489' title='bbox 239 4229 460 4299; x_wconf 75' lang='grc' dir='ltr'>κοπηρά</span> <span class='ocrx_word' id='word_1_490' title='bbox 492 4227 658 4291; x_wconf 78' lang='grc' dir='ltr'>καλὰ,</span> <span class='ocrx_word' id='word_1_491' title='bbox 693 4227 832 4298; x_wconf 81' lang='grc' dir='ltr'>πρὸς</span> <span class='ocrx_word' id='word_1_492' title='bbox 874 4228 1085 4278; x_wconf 79' lang='grc' dir='ltr'>ἐκεῖνον</span> <span class='ocrx_word' id='word_1_493' title='bbox 1113 4226 1172 4279; x_wconf 84' lang='grc' dir='ltr'><strong>δὲ</strong></span> <span class='ocrx_word' id='word_1_494' title='bbox 1215 4227 1312 4279; x_wconf 69' lang='grc' dir='ltr'>καὶ</span> <span class='ocrx_word' id='word_1_495' title='bbox 1342 4227 1505 4296; x_wconf 87' lang='grc' dir='ltr'>μόνον</span> <span class='ocrx_word' id='word_1_496' title='bbox 1539 4227 1631 4280; x_wconf 81' lang='grc' dir='ltr'>τὸν</span> <span class='ocrx_word' id='word_1_497' title='bbox 1665 4226 1824 4280; x_wconf 62' lang='grc' dir='ltr'>ὓστευ</span> 
     </span>
    </p>
   </div>
   <div class='ocr_carea' id='block_1_71' title="bbox 239 4316 1820 4386">
    <p class='ocr_par' dir='ltr' id='par_1_71' title="bbox 239 4316 1820 4386">
     <span class='ocr_line' id='line_1_71' title="bbox 239 4316 1820 4386; baseline 0.003 -18"><span class='ocrx_word' id='word_1_498' title='bbox 239 4333 351 4385; x_wconf 74' lang='grc' dir='ltr'>ρον.</span> <span class='ocrx_word' id='word_1_499' title='bbox 385 4320 487 4372; x_wconf 80' lang='grc' dir='ltr'>καὶ</span> <span class='ocrx_word' id='word_1_500' title='bbox 522 4318 655 4386; x_wconf 69' lang='grc' dir='ltr'>πρὸς</span> <span class='ocrx_word' id='word_1_501' title='bbox 693 4317 834 4386; x_wconf 78' lang='grc' dir='ltr'>μόνα</span> <span class='ocrx_word' id='word_1_502' title='bbox 860 4318 929 4369; x_wconf 78' lang='grc' dir='ltr'><strong>τὰ</strong></span> <span class='ocrx_word' id='word_1_503' title='bbox 983 4319 1099 4370; x_wconf 85' lang='grc' dir='ltr'>ἐκεῖ</span> <span class='ocrx_word' id='word_1_504' title='bbox 1130 4316 1452 4370; x_wconf 82' lang='grc' dir='ltr'>ἀπευθύνων</span> <span class='ocrx_word' id='word_1_505' title='bbox 1502 4319 1695 4372; x_wconf 82' lang='grc' dir='ltr'>ἑαυτὸν</span> <span class='ocrx_word' id='word_1_506' title='bbox 1726 4319 1820 4372; x_wconf 70' lang='grc' dir='ltr'><strong>καὶ</strong></span> 
     </span>
    </p>
   </div>
   <div class='ocr_carea' id='block_1_72' title="bbox 235 4401 1822 4481">
    <p class='ocr_par' dir='ltr' id='par_1_72' title="bbox 235 4401 1822 4481">
     <span class='ocr_line' id='line_1_72' title="bbox 235 4401 1822 4481; baseline 0 -18"><span class='ocrx_word' id='word_1_507' title='bbox 235 4412 608 4480; x_wconf 79' lang='grc' dir='ltr'>τυπούμενος.</span> <span class='ocrx_word' id='word_1_508' title='bbox 642 4411 766 4472; x_wconf 84' lang='grc' dir='ltr'>Πῶς</span> <span class='ocrx_word' id='word_1_509' title='bbox 793 4401 848 4464; x_wconf 77' lang='grc' dir='ltr'><strong>δὲ</strong></span> <span class='ocrx_word' id='word_1_510' title='bbox 881 4411 1041 4463; x_wconf 77' lang='grc' dir='ltr'>τοῦτο</span> <span class='ocrx_word' id='word_1_511' title='bbox 1073 4407 1392 4478; x_wconf 77' lang='grc' dir='ltr'>κατορθῶν;</span> <span class='ocrx_word' id='word_1_512' title='bbox 1445 4410 1500 4461; x_wconf 79' lang='grc' dir='ltr'><strong>ἐν</strong></span> <span class='ocrx_word' id='word_1_513' title='bbox 1535 4410 1613 4480; x_wconf 84' lang='grc' dir='ltr'><strong>τῷ</strong></span> <span class='ocrx_word' id='word_1_514' title='bbox 1646 4427 1822 4481; x_wconf 85' lang='grc' dir='ltr'>παρα-</span> 
     </span>
    </p>
   </div>
   <div class='ocr_carea' id='block_1_73' title="bbox 237 4501 1818 4574">
    <p class='ocr_par' dir='ltr' id='par_1_73' title="bbox 237 4501 1818 4574">
     <span class='ocr_line' id='line_1_73' title="bbox 237 4501 1818 4574; baseline 0.002 -20"><span class='ocrx_word' id='word_1_515' title='bbox 237 4507 466 4571; x_wconf 80' lang='grc' dir='ltr'>μετρεῖν</span> <span class='ocrx_word' id='word_1_516' title='bbox 530 4503 702 4555; x_wconf 85' lang='grc' dir='ltr'>αίῶνα</span> <span class='ocrx_word' id='word_1_517' title='bbox 763 4502 950 4556; x_wconf 67' lang='grc' dir='ltr'>στενὸν</span> <span class='ocrx_word' id='word_1_518' title='bbox 1025 4501 1215 4555; x_wconf 82' lang='grc' dir='ltr'>τοῦτον</span> <span class='ocrx_word' id='word_1_519' title='bbox 1277 4502 1434 4555; x_wconf 85' lang='grc' dir='ltr'>αἰῶνι</span> <span class='ocrx_word' id='word_1_520' title='bbox 1492 4501 1818 4574; x_wconf 79' lang='grc' dir='ltr'>πλατυτάτῳ</span> 
     </span>
    </p>
   </div>
   <div class='ocr_carea' id='block_1_74' title="bbox 233 4587 1814 4665">
    <p class='ocr_par' dir='ltr' id='par_1_74' title="bbox 233 4587 1814 4665">
     <span class='ocr_line' id='line_1_74' title="bbox 233 4587 1814 4665; baseline 0 -19"><span class='ocrx_word' id='word_1_521' title='bbox 233 4597 448 4664; x_wconf 77' lang='grc' dir='ltr'>ἐκείνῳ,</span> <span class='ocrx_word' id='word_1_522' title='bbox 485 4595 580 4646; x_wconf 72' lang='grc' dir='ltr'>καὶ</span> <span class='ocrx_word' id='word_1_523' title='bbox 629 4591 774 4664; x_wconf 80' lang='grc' dir='ltr'>ζωὴν</span> <span class='ocrx_word' id='word_1_524' title='bbox 822 4594 1105 4664; x_wconf 83' lang='grc' dir='ltr'>καιρικὴν,</span> <span class='ocrx_word' id='word_1_525' title='bbox 1145 4594 1240 4663; x_wconf 79' lang='grc' dir='ltr'>τὴν</span> <span class='ocrx_word' id='word_1_526' title='bbox 1271 4594 1330 4645; x_wconf 82' lang='grc' dir='ltr'><strong>ἐν</strong></span> <span class='ocrx_word' id='word_1_527' title='bbox 1379 4595 1493 4655; x_wconf 84' lang='grc' dir='ltr'>τοῖς</span> <span class='ocrx_word' id='word_1_528' title='bbox 1527 4587 1651 4658; x_wconf 84' lang='grc' dir='ltr'>ὧδε,</span> <span class='ocrx_word' id='word_1_529' title='bbox 1702 4595 1814 4665; x_wconf 79' lang='grc' dir='ltr'><strong>ζωῇ</strong></span> 
     </span>
    </p>
   </div>
   <div class='ocr_carea' id='block_1_75' title="bbox 234 4683 1816 4755">
    <p class='ocr_par' dir='ltr' id='par_1_75' title="bbox 234 4683 1816 4755">
     <span class='ocr_line' id='line_1_75' title="bbox 234 4683 1816 4755; baseline 0.001 -18"><span class='ocrx_word' id='word_1_530' title='bbox 234 4687 464 4755; x_wconf 77' lang='grc' dir='ltr'>ἀλήκτῳ</span> <span class='ocrx_word' id='word_1_531' title='bbox 497 4686 565 4754; x_wconf 80' lang='grc' dir='ltr'>τῇ</span> <span class='ocrx_word' id='word_1_532' title='bbox 600 4686 736 4750; x_wconf 83' lang='grc' dir='ltr'>ἐκεῖ,</span> <span class='ocrx_word' id='word_1_533' title='bbox 763 4685 856 4737; x_wconf 62' lang='grc' dir='ltr'><strong>καὶ⁵</strong></span> <span class='ocrx_word' id='word_1_534' title='bbox 883 4683 1025 4737; x_wconf 77' lang='grc' dir='ltr'>οὕτω</span> <span class='ocrx_word' id='word_1_535' title='bbox 1053 4685 1192 4738; x_wconf 74' lang='grc' dir='ltr'>κατὰ</span> <span class='ocrx_word' id='word_1_536' title='bbox 1218 4686 1426 4752; x_wconf 79' lang='grc' dir='ltr'>κόσμον</span> <span class='ocrx_word' id='word_1_537' title='bbox 1452 4685 1816 4754; x_wconf 80' lang='grc' dir='ltr'>παρατιθέναι</span> 
     </span>
    </p>
   </div>
   <div class='ocr_carea' id='block_1_76' title="bbox 232 4776 1812 4848">
    <p class='ocr_par' dir='ltr' id='par_1_76' title="bbox 232 4776 1812 4848">
     <span class='ocr_line' id='line_1_76' title="bbox 232 4776 1812 4848; baseline 0 -17"><span class='ocrx_word' id='word_1_538' title='bbox 232 4779 298 4831; x_wconf 70' lang='grc' dir='ltr'>τὰ</span> <span class='ocrx_word' id='word_1_539' title='bbox 325 4779 708 4848; x_wconf 85' lang='grc' dir='ltr'>ὑπερκόσμια,</span> <span class='ocrx_word' id='word_1_540' title='bbox 742 4779 837 4831; x_wconf 73' lang='grc' dir='ltr'>καὶ</span> <span class='ocrx_word' id='word_1_541' title='bbox 863 4776 1327 4831; x_wconf 84' lang='grc' dir='ltr'>ἀνταλλάττεσθαι</span> <span class='ocrx_word' id='word_1_542' title='bbox 1365 4776 1570 4829; x_wconf 83' lang='grc' dir='ltr'>τούτων</span> <span class='ocrx_word' id='word_1_543' title='bbox 1605 4779 1812 4831; x_wconf 78' lang='grc' dir='ltr'>ἐκεῖνα.</span> 
     </span>
    </p>
   </div>
   <div class='ocr_carea' id='block_1_77' title="bbox 231 4867 1816 4938">
    <p class='ocr_par' dir='ltr' id='par_1_77' title="bbox 231 4867 1816 4938">
     <span class='ocr_line' id='line_1_77' title="bbox 231 4867 1816 4938; baseline 0.001 -17"><span class='ocrx_word' id='word_1_544' title='bbox 231 4871 322 4923; x_wconf 79' lang='grc' dir='ltr'><strong>Διὸ</strong></span> <span class='ocrx_word' id='word_1_545' title='bbox 353 4869 458 4922; x_wconf 72' lang='grc' dir='ltr'>καὶ</span> <span class='ocrx_word' id='word_1_546' title='bbox 493 4868 707 4923; x_wconf 83' lang='grc' dir='ltr'>κοπιῶν</span> <span class='ocrx_word' id='word_1_547' title='bbox 741 4871 822 4933; x_wconf 73' lang='grc' dir='ltr'><strong>εἰς</strong></span> <span class='ocrx_word' id='word_1_548' title='bbox 849 4867 1096 4922; x_wconf 85' lang='grc' dir='ltr'>τοιοῦτον</span> <span class='ocrx_word' id='word_1_549' title='bbox 1127 4868 1320 4934; x_wconf 74' lang='grc' dir='ltr'>αἰῶνα,</span> <span class='ocrx_word' id='word_1_550' title='bbox 1359 4869 1590 4938; x_wconf 79' lang='grc' dir='ltr'>ζήσεται</span> <span class='ocrx_word' id='word_1_551' title='bbox 1620 4869 1699 4932; x_wconf 86' lang='grc' dir='ltr'><strong>είς</strong></span> <span class='ocrx_word' id='word_1_552' title='bbox 1728 4870 1816 4922; x_wconf 71' lang='grc' dir='ltr'><strong>τέ⁴</strong></span> 
     </span>
    </p>
   </div>
   <div class='ocr_carea' id='block_1_78' title="bbox 230 4959 1819 5031">
    <p class='ocr_par' dir='ltr' id='par_1_78' title="bbox 230 4959 1819 5031">
     <span class='ocr_line' id='line_1_78' title="bbox 230 4959 1819 5031; baseline 0.001 -19"><span class='ocrx_word' id='word_1_553' title='bbox 230 4961 319 5024; x_wconf 88' lang='grc' dir='ltr'><strong>λος</strong></span> <span class='ocrx_word' id='word_1_554' title='bbox 349 4962 617 5031; x_wconf 79' lang='grc' dir='ltr'>ἄληκτον,</span> <span class='ocrx_word' id='word_1_555' title='bbox 651 4963 825 5014; x_wconf 67' lang='grc' dir='ltr'>εἰπεῖν</span> <span class='ocrx_word' id='word_1_556' title='bbox 848 4960 906 5012; x_wconf 82' lang='grc' dir='ltr'><strong>δὲ</strong></span> <span class='ocrx_word' id='word_1_557' title='bbox 935 4959 1230 5030; x_wconf 81' lang='grc' dir='ltr'>προσφυῶς</span> <span class='ocrx_word' id='word_1_558' title='bbox 1259 4961 1355 5013; x_wconf 76' lang='grc' dir='ltr'>καὶ</span> <span class='ocrx_word' id='word_1_559' title='bbox 1382 4960 1660 5030; x_wconf 83' lang='grc' dir='ltr'>προσῆκον</span> <span class='ocrx_word' id='word_1_560' title='bbox 1694 4959 1819 5031; x_wconf 86' lang='grc' dir='ltr'>[κα-</span> 
     </span>
    </p>
   </div>
   <div class='ocr_carea' id='block_1_79' title="bbox 229 5050 1816 5123">
    <p class='ocr_par' dir='ltr' id='par_1_79' title="bbox 229 5050 1816 5123">
     <span class='ocr_line' id='line_1_79' title="bbox 229 5050 1816 5123; baseline 0.001 -19"><span class='ocrx_word' id='word_1_561' title='bbox 229 5053 400 5122; x_wconf 82' lang='grc' dir='ltr'>θῆκον</span> <span class='ocrx_word' id='word_1_562' title='bbox 424 5051 530 5123; x_wconf 81' lang='grc'><strong>(1)]</strong></span> <span class='ocrx_word' id='word_1_563' title='bbox 574 5052 670 5105; x_wconf 73' lang='grc' dir='ltr'>καὶ</span> <span class='ocrx_word' id='word_1_564' title='bbox 694 5051 934 5122; x_wconf 83' lang='grc' dir='ltr'>ἀληθῶς,</span> <span class='ocrx_word' id='word_1_565' title='bbox 970 5050 1372 5116; x_wconf 85' lang='grc' dir='ltr'>ἐντελέστατον,</span> <span class='ocrx_word' id='word_1_566' title='bbox 1410 5051 1505 5104; x_wconf 73' lang='grc' dir='ltr'>καὶ</span> <span class='ocrx_word' id='word_1_567' title='bbox 1533 5051 1610 5114; x_wconf 87' lang='grc' dir='ltr'><strong>ὡς</strong></span> <span class='ocrx_word' id='word_1_568' title='bbox 1661 5051 1816 5105; x_wconf 79' lang='grc' dir='ltr'>εἶπο-</span> 
     </span>
    </p>
   </div>
   <div class='ocr_carea' id='block_1_80' title="bbox 232 5143 1818 5215">
    <p class='ocr_par' dir='ltr' id='par_1_80' title="bbox 232 5143 1818 5215">
     <span class='ocr_line' id='line_1_80' title="bbox 232 5143 1818 5215; baseline 0.001 -18"><span class='ocrx_word' id='word_1_569' title='bbox 232 5163 357 5215; x_wconf 87' lang='grc' dir='ltr'>μεν,</span> <span class='ocrx_word' id='word_1_570' title='bbox 411 5147 781 5199; x_wconf 82' lang='grc' dir='ltr'>τελειότατον.</span> <span class='ocrx_word' id='word_1_571' title='bbox 839 5145 950 5197; x_wconf 78' lang='grc' dir='ltr'><strong>Καὶ</strong></span> <span class='ocrx_word' id='word_1_572' title='bbox 1007 5144 1208 5197; x_wconf 80' lang='grc' dir='ltr'>τοιόνδε</span> <span class='ocrx_word' id='word_1_573' title='bbox 1261 5143 1361 5214; x_wconf 85' lang='grc' dir='ltr'><strong>μὲν</strong></span> <span class='ocrx_word' id='word_1_574' title='bbox 1397 5145 1491 5197; x_wconf 82' lang='grc' dir='ltr'>καὶ</span> <span class='ocrx_word' id='word_1_575' title='bbox 1543 5144 1689 5209; x_wconf 82' lang='grc' dir='ltr'>τόδε,</span> <span class='ocrx_word' id='word_1_576' title='bbox 1721 5145 1818 5198; x_wconf 74' lang='grc' dir='ltr'><strong>καὶ</strong></span> 
     </span>
    </p>
   </div>
   <div class='ocr_carea' id='block_1_81' title="bbox 228 5235 1154 5305">
    <p class='ocr_par' dir='ltr' id='par_1_81' title="bbox 228 5235 1154 5305">
     <span class='ocr_line' id='line_1_81' title="bbox 228 5235 1154 5305; baseline 0 -17"><span class='ocrx_word' id='word_1_577' title='bbox 228 5236 447 5303; x_wconf 71' lang='grc' dir='ltr'>γένοιτο</span> <span class='ocrx_word' id='word_1_578' title='bbox 480 5236 662 5299; x_wconf 79' lang='grc' dir='ltr'>καλῶς</span> <span class='ocrx_word' id='word_1_579' title='bbox 697 5236 844 5305; x_wconf 80' lang='grc' dir='ltr'>ἔχειν</span> <span class='ocrx_word' id='word_1_580' title='bbox 878 5236 973 5288; x_wconf 69' lang='grc' dir='ltr'><strong>καὶ</strong></span> <span class='ocrx_word' id='word_1_581' title='bbox 1001 5235 1154 5288; x_wconf 78' lang='grc' dir='ltr'>αύτό.</span> 
     </span>
    </p>
   </div>
   <div class='ocr_carea' id='block_1_82' title="bbox 297 5326 1817 5398">
    <p class='ocr_par' dir='ltr' id='par_1_82' title="bbox 297 5326 1817 5398">
     <span class='ocr_line' id='line_1_82' title="bbox 297 5326 1817 5398; baseline -0.001 -16"><span class='ocrx_word' id='word_1_582' title='bbox 297 5326 368 5382; x_wconf 76' lang='grc' dir='ltr'><strong>θ’.</strong></span> <span class='ocrx_word' id='word_1_583' title='bbox 401 5330 466 5381; x_wconf 75' lang='lat' dir='ltr'><strong>Ei</strong></span> <span class='ocrx_word' id='word_1_584' title='bbox 497 5329 554 5381; x_wconf 78' lang='grc' dir='ltr'><strong>δὲ</strong></span> <span class='ocrx_word' id='word_1_585' title='bbox 594 5329 655 5380; x_wconf 81' lang='grc' dir='ltr'>τὸ</span> <span class='ocrx_word' id='word_1_586' title='bbox 683 5329 764 5392; x_wconf 83' lang='grc' dir='ltr'><strong>δίς</strong></span> <span class='ocrx_word' id='word_1_587' title='bbox 789 5329 858 5382; x_wconf 80' lang='grc' dir='ltr'><strong>τά</strong></span> <span class='ocrx_word' id='word_1_588' title='bbox 902 5327 1044 5382; x_wconf 82' lang='grc' dir='ltr'><strong>καλά</strong></span> <span class='ocrx_word' id='word_1_589' title='bbox 1092 5326 1501 5397; x_wconf 80' lang='grc' dir='ltr'>προσαυξητέον</span> <span class='ocrx_word' id='word_1_590' title='bbox 1551 5326 1817 5398; x_wconf 76' lang='grc' dir='ltr'>ἁρμοζόν-</span> 
     </span>
    </p>
   </div>
   <div class='ocr_carea' id='block_1_83' title="bbox 226 5420 1816 5492">
    <p class='ocr_par' dir='ltr' id='par_1_83' title="bbox 226 5420 1816 5492">
     <span class='ocr_line' id='line_1_83' title="bbox 226 5420 1816 5492; baseline 0.001 -23"><span class='ocrx_word' id='word_1_591' title='bbox 226 5435 358 5483; x_wconf 87' lang='grc' dir='ltr'>τως,</span> <span class='ocrx_word' id='word_1_592' title='bbox 395 5420 500 5472; x_wconf 74' lang='grc' dir='ltr'>καὶ</span> <span class='ocrx_word' id='word_1_593' title='bbox 538 5421 619 5481; x_wconf 79' lang='grc' dir='ltr'><strong>εἰς</strong></span> <span class='ocrx_word' id='word_1_594' title='bbox 646 5420 706 5472; x_wconf 85' lang='grc' dir='ltr'>τὸ</span> <span class='ocrx_word' id='word_1_595' title='bbox 736 5422 860 5490; x_wconf 83' lang='grc' dir='ltr'>τρὶς</span> <span class='ocrx_word' id='word_1_596' title='bbox 891 5421 1217 5490; x_wconf 78' lang='grc' dir='ltr'>ἐπιόλητέον</span> <span class='ocrx_word' id='word_1_597' title='bbox 1241 5421 1334 5474; x_wconf 86' lang='grc' dir='ltr'><strong>καί</strong></span> <span class='ocrx_word' id='word_1_598' title='bbox 1363 5438 1470 5473; x_wconf 89' lang='grc' dir='ltr'>τινι</span> <span class='ocrx_word' id='word_1_599' title='bbox 1502 5421 1662 5492; x_wconf 79' lang='grc' dir='ltr'>τρίτῃ</span> <span class='ocrx_word' id='word_1_600' title='bbox 1693 5420 1816 5490; x_wconf 75' lang='grc' dir='ltr'><strong>ἐξη-</strong></span> 
     </span>
    </p>
   </div>
   <div class='ocr_carea' id='block_1_84' title="bbox 229 5511 1815 5584">
    <p class='ocr_par' dir='ltr' id='par_1_84' title="bbox 229 5511 1815 5584">
     <span class='ocr_line' id='line_1_84' title="bbox 229 5511 1815 5584; baseline 0.001 -22"><span class='ocrx_word' id='word_1_601' title='bbox 229 5516 397 5578; x_wconf 69' lang='grc' dir='ltr'>γήσει</span> <span class='ocrx_word' id='word_1_602' title='bbox 427 5511 529 5562; x_wconf 81' lang='grc' dir='ltr'><strong>τοῦ</strong></span> <span class='ocrx_word' id='word_1_603' title='bbox 561 5513 850 5565; x_wconf 81' lang='grc' dir='ltr'>Δαυῖτικοῦ</span> <span class='ocrx_word' id='word_1_604' title='bbox 879 5511 1046 5584; x_wconf 71' lang='grc' dir='ltr'>ῥητοῦ</span> <span class='ocrx_word' id='word_1_605' title='bbox 1068 5513 1300 5582; x_wconf 82' lang='grc' dir='ltr'>ἐχόμενά</span> <span class='ocrx_word' id='word_1_606' title='bbox 1328 5530 1442 5576; x_wconf 90' lang='grc' dir='ltr'><strong>πως</strong></span> <span class='ocrx_word' id='word_1_607' title='bbox 1464 5515 1692 5584; x_wconf 81' lang='grc' dir='ltr'>κειμένῃ</span> <span class='ocrx_word' id='word_1_608' title='bbox 1716 5513 1815 5582; x_wconf 80' lang='grc' dir='ltr'>τῆς</span> 
     </span>
    </p>
   </div>
   <div class='ocr_carea' id='block_1_85' title="bbox 232 5599 1819 5675">
    <p class='ocr_par' dir='ltr' id='par_1_85' title="bbox 232 5599 1819 5675">
     <span class='ocr_line' id='line_1_85' title="bbox 232 5599 1819 5675; baseline 0.001 -21"><span class='ocrx_word' id='word_1_609' title='bbox 232 5599 573 5671; x_wconf 75' lang='grc' dir='ltr'>προσεχοῦς,</span> <span class='ocrx_word' id='word_1_610' title='bbox 601 5603 694 5654; x_wconf 81' lang='grc' dir='ltr'>καὶ</span> <span class='ocrx_word' id='word_1_611' title='bbox 723 5605 916 5673; x_wconf 71' lang='grc' dir='ltr'>ῥητέον</span> <span class='ocrx_word' id='word_1_612' title='bbox 945 5606 1002 5658; x_wconf 80' lang='grc' dir='ltr'><strong>ἐν</strong></span> <span class='ocrx_word' id='word_1_613' title='bbox 1035 5605 1293 5675; x_wconf 82' lang='grc' dir='ltr'>πρώτοις,</span> <span class='ocrx_word' id='word_1_614' title='bbox 1324 5604 1406 5657; x_wconf 82' lang='grc' dir='ltr'>ὅτι</span> <span class='ocrx_word' id='word_1_615' title='bbox 1445 5603 1819 5675; x_wconf 72' lang='grc' dir='ltr'>μυστηριῶδε-</span> 
     </span>
    </p>
   </div>
   <div class='ocr_carea' id='block_1_86' title="bbox 299 5776 896 5850">
    <p class='ocr_par' dir='ltr' id='par_1_86' title="bbox 299 5776 896 5850">
     <span class='ocr_line' id='line_1_86' title="bbox 299 5776 896 5850; baseline 0.005 -18"><span class='ocrx_word' id='word_1_616' title='bbox 299 5776 382 5850; x_wconf 78' lang='lat' dir='ltr'><strong>(l)</strong></span> <span class='ocrx_word' id='word_1_617' title='bbox 413 5776 682 5833; x_wconf 79' lang='lat' dir='ltr'><strong>Scholion</strong></span> <span class='ocrx_word' id='word_1_618' title='bbox 707 5777 760 5832; x_wconf 84' lang='lat' dir='ltr'><strong>in</strong></span> <span class='ocrx_word' id='word_1_619' title='bbox 796 5796 896 5835; x_wconf 85' lang='lat' dir='ltr'><strong>ms.</strong></span> 
     </span>
    </p>
   </div>
   <div class='ocr_carea' id='block_1_87' title="bbox 1847 4470 1900 4530">
    <p class='ocr_par' dir='ltr' id='par_1_87' title="bbox 1847 4470 1900 4530">
     <span class='ocr_line' id='line_1_87' title="bbox 1847 4470 1900 4530; baseline 0 0"><span class='ocrx_word' id='word_1_620' title='bbox 1847 4470 1900 4530; x_wconf 74' lang='grc' dir='ltr'><strong><em>Β</em></strong></span> 
     </span>
    </p>
   </div>
   <div class='ocr_carea' id='block_1_88' title="bbox 1928 3222 3500 3313">
    <p class='ocr_par' dir='ltr' id='par_1_88' title="bbox 1928 3222 3500 3313">
     <span class='ocr_line' id='line_1_88' title="bbox 1928 3222 3500 3313; baseline 0.024 -44"><span class='ocrx_word' id='word_1_621' title='bbox 1928 3225 2194 3274; x_wconf 64' lang='grc' dir='ltr'>ωιοινηιω</span> <span class='ocrx_word' id='word_1_622' title='bbox 2228 3222 2570 3295; x_wconf 88' lang='lat' dir='ltr'><strong>duraturum,</strong></span> <span class='ocrx_word' id='word_1_623' title='bbox 2603 3232 2744 3288; x_wconf 87' lang='lat' dir='ltr'><strong>ultra</strong></span> <span class='ocrx_word' id='word_1_624' title='bbox 2787 3246 2842 3292; x_wconf 89' lang='lat' dir='ltr'><strong>et</strong></span> <span class='ocrx_word' id='word_1_625' title='bbox 2871 3251 2994 3308; x_wconf 89' lang='lat' dir='ltr'><strong>post</strong></span> <span class='ocrx_word' id='word_1_626' title='bbox 3028 3247 3174 3313; x_wconf 90' lang='lat' dir='ltr'><strong>quod</strong></span> <span class='ocrx_word' id='word_1_627' title='bbox 3207 3262 3316 3302; x_wconf 88' lang='lat' dir='ltr'><strong>non</strong></span> <span class='ocrx_word' id='word_1_628' title='bbox 3357 3222 3500 3307; x_wconf 88' lang='lat' dir='ltr'><strong>alius</strong></span> 
     </span>
    </p>
   </div>
   <div class='ocr_carea' id='block_1_89' title="bbox 1927 3306 3495 3400">
    <p class='ocr_par' dir='ltr' id='par_1_89' title="bbox 1927 3306 3495 3400">
     <span class='ocr_line' id='line_1_89' title="bbox 1927 3306 3495 3400; baseline 0.025 -43"><span class='ocrx_word' id='word_1_629' title='bbox 1927 3306 2033 3360; x_wconf 88' lang='lat' dir='ltr'><strong>erit</strong></span> <span class='ocrx_word' id='word_1_630' title='bbox 2077 3307 2224 3374; x_wconf 80' lang='lat' dir='ltr'><strong>linis,</strong></span> <span class='ocrx_word' id='word_1_631' title='bbox 2270 3318 2728 3381; x_wconf 86' lang='lat' dir='ltr'><strong>quemadmodum</strong></span> <span class='ocrx_word' id='word_1_632' title='bbox 2774 3306 2880 3381; x_wconf 10' lang='lat' dir='ltr'><strong>neci</strong></span> <span class='ocrx_word' id='word_1_633' title='bbox 2913 3306 3142 3400; x_wconf 61' lang='lat' dir='ltr'><strong>regnum</strong></span> <span class='ocrx_word' id='word_1_634' title='bbox 3195 3334 3292 3392; x_wconf 90' lang='lat' dir='ltr'><strong>Dei</strong></span> <span class='ocrx_word' id='word_1_635' title='bbox 3328 3306 3495 3395; x_wconf 79' lang='lat' dir='ltr'><strong>ﬁnem</strong></span> 
     </span>
    </p>
   </div>
   <div class='ocr_carea' id='block_1_90' title="bbox 1926 3394 2946 3480">
    <p class='ocr_par' dir='ltr' id='par_1_90' title="bbox 1926 3394 2946 3480">
     <span class='ocr_line' id='line_1_90' title="bbox 1926 3394 2946 3480; baseline 0.025 -32"><span class='ocrx_word' id='word_1_636' title='bbox 1926 3394 2242 3455; x_wconf 84' lang='lat' dir='ltr'><strong>habiturum</strong></span> <span class='ocrx_word' id='word_1_637' title='bbox 2269 3417 2389 3459; x_wconf 85' lang='lat' dir='ltr'><strong>esse</strong></span> <span class='ocrx_word' id='word_1_638' title='bbox 2411 3405 2536 3474; x_wconf 87' lang='lat' dir='ltr'><strong>jure</strong></span> <span class='ocrx_word' id='word_1_639' title='bbox 2563 3412 2688 3480; x_wconf 84' lang='lat' dir='ltr'><strong>quis</strong></span> <span class='ocrx_word' id='word_1_640' title='bbox 2721 3415 2946 3476; x_wconf 75' lang='lat' dir='ltr'><strong>dixerit.</strong></span> 
     </span>
    </p>
   </div>
   <div class='ocr_carea' id='block_1_91' title="bbox 1997 3583 3496 3673">
    <p class='ocr_par' dir='ltr' id='par_1_91' title="bbox 1997 3583 3496 3673">
     <span class='ocr_line' id='line_1_91' title="bbox 1997 3583 3496 3673; baseline 0.024 -36"><span class='ocrx_word' id='word_1_641' title='bbox 1997 3583 2049 3638; x_wconf 91' lang='lat'><strong>8.</strong></span> <span class='ocrx_word' id='word_1_642' title='bbox 2090 3584 2185 3642; x_wconf 89' lang='lat' dir='ltr'><strong>llis</strong></span> <span class='ocrx_word' id='word_1_643' title='bbox 2235 3591 2573 3656; x_wconf 85' lang='lat' dir='ltr'><strong>praemonitis</strong></span> <span class='ocrx_word' id='word_1_644' title='bbox 2611 3597 2676 3652; x_wconf 89' lang='lat' dir='ltr'><strong>ad</strong></span> <span class='ocrx_word' id='word_1_645' title='bbox 2723 3599 3004 3660; x_wconf 88' lang='lat' dir='ltr'><strong>laudatum</strong></span> <span class='ocrx_word' id='word_1_646' title='bbox 3050 3607 3272 3667; x_wconf 88' lang='lat' dir='ltr'><strong>Davidis</strong></span> <span class='ocrx_word' id='word_1_647' title='bbox 3315 3613 3496 3673; x_wconf 91' lang='lat' dir='ltr'><strong>locum</strong></span> 
     </span>
    </p>
   </div>
   <div class='ocr_carea' id='block_1_92' title="bbox 1925 3679 3499 3774">
    <p class='ocr_par' dir='ltr' id='par_1_92' title="bbox 1925 3679 3499 3774">
     <span class='ocr_line' id='line_1_92' title="bbox 1925 3679 3499 3774; baseline 0.022 -45"><span class='ocrx_word' id='word_1_648' title='bbox 1925 3679 2326 3747; x_wconf 78' lang='lat' dir='ltr'><strong>aggrediamur.</strong></span> <span class='ocrx_word' id='word_1_649' title='bbox 2365 3700 2385 3733; x_wconf 78' lang='grc' dir='ltr'><strong>ι</strong></span> <span class='ocrx_word' id='word_1_650' title='bbox 2419 3683 2738 3756; x_wconf 87' lang='lat' dir='ltr'><strong>Laboravit,</strong></span> <span class='ocrx_word' id='word_1_651' title='bbox 2773 3710 2794 3743; x_wconf 69' lang='grc' dir='ltr'><strong><em>ι</em></strong></span> <span class='ocrx_word' id='word_1_652' title='bbox 2843 3693 3042 3765; x_wconf 86' lang='lat' dir='ltr'><strong>inquit,</strong></span> <span class='ocrx_word' id='word_1_653' title='bbox 3074 3715 3186 3756; x_wconf 83' lang='lat' dir='ltr'><strong>non</strong></span> <span class='ocrx_word' id='word_1_654' title='bbox 3231 3705 3499 3774; x_wconf 88' lang='lat' dir='ltr'><strong>simplici-</strong></span> 
     </span>
    </p>
   </div>
   <div class='ocr_carea' id='block_1_93' title="bbox 1925 3772 3500 3860">
    <p class='ocr_par' dir='ltr' id='par_1_93' title="bbox 1925 3772 3500 3860">
     <span class='ocr_line' id='line_1_93' title="bbox 1925 3772 3500 3860; baseline 0.02 -36"><span class='ocrx_word' id='word_1_655' title='bbox 1925 3777 2030 3835; x_wconf 91' lang='lat' dir='ltr'><strong>ter,</strong></span> <span class='ocrx_word' id='word_1_656' title='bbox 2065 3774 2160 3827; x_wconf 88' lang='lat' dir='ltr'><strong>sed</strong></span> <span class='ocrx_word' id='word_1_657' title='bbox 2199 3772 2365 3828; x_wconf 86' lang='lat' dir='ltr'><strong>homo</strong></span> <span class='ocrx_word' id='word_1_658' title='bbox 2395 3775 2617 3834; x_wconf 87' lang='lat' dir='ltr'><strong>virtutis</strong></span> <span class='ocrx_word' id='word_1_659' title='bbox 2657 3783 2960 3853; x_wconf 86' lang='lat' dir='ltr'><strong>studiosus,</strong></span> <span class='ocrx_word' id='word_1_660' title='bbox 2998 3793 3298 3860; x_wconf 80' lang='lat' dir='ltr'><strong>respiciens</strong></span> <span class='ocrx_word' id='word_1_661' title='bbox 3340 3772 3500 3853; x_wconf 78' lang='lat' dir='ltr'><strong>nimi-</strong></span> 
     </span>
    </p>
   </div>
   <div class='ocr_carea' id='block_1_94' title="bbox 1921 3861 3500 3942">
    <p class='ocr_par' dir='ltr' id='par_1_94' title="bbox 1921 3861 3500 3942">
     <span class='ocr_line' id='line_1_94' title="bbox 1921 3861 3500 3942; baseline 0.019 -29"><span class='ocrx_word' id='word_1_662' title='bbox 1921 3875 2045 3915; x_wconf 84' lang='lat' dir='ltr'><strong>rum</strong></span> <span class='ocrx_word' id='word_1_663' title='bbox 2086 3861 2153 3916; x_wconf 87' lang='lat' dir='ltr'><strong>ad</strong></span> <span class='ocrx_word' id='word_1_664' title='bbox 2207 3877 2432 3934; x_wconf 89' lang='lat' dir='ltr'><strong>scopum</strong></span> <span class='ocrx_word' id='word_1_665' title='bbox 2483 3871 2844 3939; x_wconf 86' lang='lat' dir='ltr'><strong>propositum,</strong></span> <span class='ocrx_word' id='word_1_666' title='bbox 2893 3880 3155 3934; x_wconf 70' lang='lat' dir='ltr'><strong>smculum</strong></span> <span class='ocrx_word' id='word_1_667' title='bbox 3199 3884 3336 3939; x_wconf 87' lang='lat' dir='ltr'><strong>illud</strong></span> <span class='ocrx_word' id='word_1_668' title='bbox 3375 3887 3500 3942; x_wconf 88' lang='lat' dir='ltr'><strong>inli-</strong></span> 
     </span>
    </p>
   </div>
   <div class='ocr_carea' id='block_1_95' title="bbox 1926 3950 3500 4043">
    <p class='ocr_par' dir='ltr' id='par_1_95' title="bbox 1926 3950 3500 4043">
     <span class='ocr_line' id='line_1_95' title="bbox 1926 3950 3500 4043; baseline 0.019 -40"><span class='ocrx_word' id='word_1_669' title='bbox 1926 3950 2124 4017; x_wconf 90' lang='lat' dir='ltr'><strong>nitum,</strong></span> <span class='ocrx_word' id='word_1_670' title='bbox 2158 3968 2267 4007; x_wconf 85' lang='lat' dir='ltr'><strong>non</strong></span> <span class='ocrx_word' id='word_1_671' title='bbox 2302 3954 2370 4009; x_wconf 91' lang='lat' dir='ltr'><strong>ad</strong></span> <span class='ocrx_word' id='word_1_672' title='bbox 2404 3955 2567 4024; x_wconf 90' lang='lat' dir='ltr'><strong>bujus</strong></span> <span class='ocrx_word' id='word_1_673' title='bbox 2597 3959 2721 4016; x_wconf 78' lang='lat' dir='ltr'><strong>vita:</strong></span> <span class='ocrx_word' id='word_1_674' title='bbox 2747 3961 3016 4023; x_wconf 89' lang='lat' dir='ltr'><strong>limitibus</strong></span> <span class='ocrx_word' id='word_1_675' title='bbox 3045 3973 3380 4043; x_wconf 89' lang='lat' dir='ltr'><strong>restrictum,</strong></span> <span class='ocrx_word' id='word_1_676' title='bbox 3405 3988 3500 4033; x_wconf 83' lang='lat' dir='ltr'><strong>aut</strong></span> 
     </span>
    </p>
   </div>
   <div class='ocr_carea' id='block_1_96' title="bbox 1923 4042 3500 4135">
    <p class='ocr_par' dir='ltr' id='par_1_96' title="bbox 1923 4042 3500 4135">
     <span class='ocr_line' id='line_1_96' title="bbox 1923 4042 3500 4135; baseline 0.017 -40"><span class='ocrx_word' id='word_1_677' title='bbox 1923 4042 2184 4098; x_wconf 84' lang='lat' dir='ltr'><strong>laborans</strong></span> <span class='ocrx_word' id='word_1_678' title='bbox 2223 4045 2293 4100; x_wconf 92' lang='lat' dir='ltr'><strong>ob</strong></span> <span class='ocrx_word' id='word_1_679' title='bbox 2333 4046 2475 4103; x_wconf 88' lang='lat' dir='ltr'><strong>banc</strong></span> <span class='ocrx_word' id='word_1_680' title='bbox 2513 4049 2686 4105; x_wconf 84' lang='lat' dir='ltr'><strong>solam</strong></span> <span class='ocrx_word' id='word_1_681' title='bbox 2723 4053 2886 4109; x_wconf 77' lang='lat' dir='ltr'><strong>vitam</strong></span> <span class='ocrx_word' id='word_1_682' title='bbox 2915 4067 3230 4116; x_wconf 90' lang='lat' dir='ltr'><strong>terrestrem</strong></span> <span class='ocrx_word' id='word_1_683' title='bbox 3271 4042 3500 4135; x_wconf 74' lang='lat' dir='ltr'><strong>ejusque</strong></span> 
     </span>
    </p>
   </div>
   <div class='ocr_carea' id='block_1_97' title="bbox 1925 4134 3496 4212">
    <p class='ocr_par' dir='ltr' id='par_1_97' title="bbox 1925 4134 3496 4212">
     <span class='ocr_line' id='line_1_97' title="bbox 1925 4134 3496 4212; baseline 0.015 -24"><span class='ocrx_word' id='word_1_684' title='bbox 1925 4134 2064 4189; x_wconf 87' lang='lat' dir='ltr'><strong>bona</strong></span> <span class='ocrx_word' id='word_1_685' title='bbox 2099 4134 2374 4206; x_wconf 77' lang='lat' dir='ltr'><strong>fugienda,</strong></span> <span class='ocrx_word' id='word_1_686' title='bbox 2424 4140 2522 4195; x_wconf 86' lang='lat' dir='ltr'><strong>sed</strong></span> <span class='ocrx_word' id='word_1_687' title='bbox 2579 4142 2647 4195; x_wconf 90' lang='lat' dir='ltr'><strong>ad</strong></span> <span class='ocrx_word' id='word_1_688' title='bbox 2705 4144 2852 4198; x_wconf 89' lang='lat' dir='ltr'><strong>illam</strong></span> <span class='ocrx_word' id='word_1_689' title='bbox 2899 4153 3280 4207; x_wconf 85' lang='lat' dir='ltr'><strong>tantummodo</strong></span> <span class='ocrx_word' id='word_1_690' title='bbox 3329 4134 3496 4212; x_wconf 75' lang='lat' dir='ltr'><strong>vitam</strong></span> 
     </span>
    </p>
   </div>
   <div class='ocr_carea' id='block_1_98' title="bbox 1924 4229 3498 4312">
    <p class='ocr_par' dir='ltr' id='par_1_98' title="bbox 1924 4229 3498 4312">
     <span class='ocr_line' id='line_1_98' title="bbox 1924 4229 3498 4312; baseline 0.015 -32"><span class='ocrx_word' id='word_1_691' title='bbox 1924 4229 2218 4284; x_wconf 87' lang='lat' dir='ltr'><strong>secundam</strong></span> <span class='ocrx_word' id='word_1_692' title='bbox 2265 4239 2320 4284; x_wconf 89' lang='lat' dir='ltr'><strong>et</strong></span> <span class='ocrx_word' id='word_1_693' title='bbox 2357 4246 2478 4300; x_wconf 76' lang='lat' dir='ltr'><strong>quze</strong></span> <span class='ocrx_word' id='word_1_694' title='bbox 2509 4247 2626 4286; x_wconf 88' lang='lat' dir='ltr'><strong>eam</strong></span> <span class='ocrx_word' id='word_1_695' title='bbox 2662 4248 3005 4293; x_wconf 86' lang='lat' dir='ltr'><strong>concernunt</strong></span> <span class='ocrx_word' id='word_1_696' title='bbox 3042 4257 3104 4297; x_wconf 81' lang='lat' dir='ltr'><strong>se</strong></span> <span class='ocrx_word' id='word_1_697' title='bbox 3133 4243 3372 4312; x_wconf 75' lang='lat' dir='ltr'><strong>dirigens</strong></span> <span class='ocrx_word' id='word_1_698' title='bbox 3409 4259 3498 4302; x_wconf 86' lang='lat' dir='ltr'><strong>at-</strong></span> 
     </span>
    </p>
   </div>
   <div class='ocr_carea' id='block_1_99' title="bbox 1925 4322 3498 4402">
    <p class='ocr_par' dir='ltr' id='par_1_99' title="bbox 1925 4322 3498 4402">
     <span class='ocr_line' id='line_1_99' title="bbox 1925 4322 3498 4402; baseline 0.013 -33"><span class='ocrx_word' id='word_1_699' title='bbox 1925 4333 2031 4386; x_wconf 90' lang='lat' dir='ltr'><strong>que</strong></span> <span class='ocrx_word' id='word_1_700' title='bbox 2059 4334 2415 4388; x_wconf 87' lang='lat' dir='ltr'><strong>componens.</strong></span> <span class='ocrx_word' id='word_1_701' title='bbox 2462 4322 2746 4387; x_wconf 87' lang='lat' dir='ltr'><strong>Quomodo</strong></span> <span class='ocrx_word' id='word_1_702' title='bbox 2780 4335 2959 4381; x_wconf 87' lang='lat' dir='ltr'><strong>autem</strong></span> <span class='ocrx_word' id='word_1_703' title='bbox 2991 4332 3096 4387; x_wconf 83' lang='lat' dir='ltr'><strong>hoc</strong></span> <span class='ocrx_word' id='word_1_704' title='bbox 3139 4337 3498 4402; x_wconf 79' lang='lat' dir='ltr'><strong>assequitur?</strong></span> 
     </span>
    </p>
   </div>
   <div class='ocr_carea' id='block_1_100' title="bbox 1924 4409 3496 4482">
    <p class='ocr_par' dir='ltr' id='par_1_100' title="bbox 1924 4409 3496 4482">
     <span class='ocr_line' id='line_1_100' title="bbox 1924 4409 3496 4482; baseline 0.011 -18"><span class='ocrx_word' id='word_1_705' title='bbox 1924 4409 2305 4480; x_wconf 87' lang='lat' dir='ltr'><strong>Comparando</strong></span> <span class='ocrx_word' id='word_1_706' title='bbox 2361 4413 2620 4469; x_wconf 89' lang='lat' dir='ltr'><strong>nimirum</strong></span> <span class='ocrx_word' id='word_1_707' title='bbox 2682 4417 2787 4473; x_wconf 89' lang='lat' dir='ltr'><strong>boc</strong></span> <span class='ocrx_word' id='word_1_708' title='bbox 2841 4421 3101 4476; x_wconf 66' lang='lat' dir='ltr'><strong>saeculum</strong></span> <span class='ocrx_word' id='word_1_709' title='bbox 3155 4437 3496 4482; x_wconf 88' lang='lat' dir='ltr'><strong>coarctatum</strong></span> 
     </span>
    </p>
   </div>
   <div class='ocr_carea' id='block_1_101' title="bbox 1925 4499 3502 4581">
    <p class='ocr_par' dir='ltr' id='par_1_101' title="bbox 1925 4499 3502 4581">
     <span class='ocr_line' id='line_1_101' title="bbox 1925 4499 3502 4581; baseline 0.015 -33"><span class='ocrx_word' id='word_1_710' title='bbox 1925 4511 2050 4548; x_wconf 82' lang='lat' dir='ltr'><strong>eum</strong></span> <span class='ocrx_word' id='word_1_711' title='bbox 2093 4500 2296 4554; x_wconf 75' lang='lat' dir='ltr'><strong>saeculo</strong></span> <span class='ocrx_word' id='word_1_712' title='bbox 2342 4499 2437 4554; x_wconf 89' lang='lat' dir='ltr'><strong>illo</strong></span> <span class='ocrx_word' id='word_1_713' title='bbox 2472 4502 2758 4571; x_wconf 86' lang='lat' dir='ltr'><strong>latissimo,</strong></span> <span class='ocrx_word' id='word_1_714' title='bbox 2791 4516 2847 4562; x_wconf 91' lang='lat' dir='ltr'><strong>et</strong></span> <span class='ocrx_word' id='word_1_715' title='bbox 2878 4510 3043 4563; x_wconf 87' lang='lat' dir='ltr'><strong>vitam</strong></span> <span class='ocrx_word' id='word_1_716' title='bbox 3077 4527 3236 4581; x_wconf 85' lang='lat' dir='ltr'><strong>quant</strong></span> <span class='ocrx_word' id='word_1_717' title='bbox 3288 4515 3378 4568; x_wconf 83' lang='lat' dir='ltr'><strong>hic</strong></span> <span class='ocrx_word' id='word_1_718' title='bbox 3407 4518 3502 4572; x_wconf 82' lang='lat' dir='ltr'><strong>de-</strong></span> 
     </span>
    </p>
   </div>
   <div class='ocr_carea' id='block_1_102' title="bbox 1924 4589 3496 4674">
    <p class='ocr_par' dir='ltr' id='par_1_102' title="bbox 1924 4589 3496 4674">
     <span class='ocr_line' id='line_1_102' title="bbox 1924 4589 3496 4674; baseline 0.015 -35"><span class='ocrx_word' id='word_1_719' title='bbox 1924 4589 2102 4655; x_wconf 65' lang='lat' dir='ltr'><strong>simus</strong></span> <span class='ocrx_word' id='word_1_720' title='bbox 2136 4589 2355 4644; x_wconf 87' lang='lat' dir='ltr'><strong>brevem</strong></span> <span class='ocrx_word' id='word_1_721' title='bbox 2405 4609 2530 4647; x_wconf 91' lang='lat' dir='ltr'><strong>cum</strong></span> <span class='ocrx_word' id='word_1_722' title='bbox 2575 4595 2667 4649; x_wconf 88' lang='lat' dir='ltr'><strong>illa</strong></span> <span class='ocrx_word' id='word_1_723' title='bbox 2715 4598 2823 4652; x_wconf 88' lang='lat' dir='ltr'><strong>vita</strong></span> <span class='ocrx_word' id='word_1_724' title='bbox 2865 4615 3144 4670; x_wconf 89' lang='lat' dir='ltr'><strong>nunquam</strong></span> <span class='ocrx_word' id='word_1_725' title='bbox 3191 4620 3496 4674; x_wconf 82' lang='lat' dir='ltr'><strong>cessatura,</strong></span> 
     </span>
    </p>
   </div>
   <div class='ocr_carea' id='block_1_103' title="bbox 1922 4684 3499 4764">
    <p class='ocr_par' dir='ltr' id='par_1_103' title="bbox 1922 4684 3499 4764">
     <span class='ocr_line' id='line_1_103' title="bbox 1922 4684 3499 4764; baseline 0.014 -30"><span class='ocrx_word' id='word_1_726' title='bbox 1922 4687 1977 4734; x_wconf 89' lang='lat' dir='ltr'><strong>et</strong></span> <span class='ocrx_word' id='word_1_727' title='bbox 2005 4684 2384 4752; x_wconf 88' lang='lat' dir='ltr'><strong>componendo</strong></span> <span class='ocrx_word' id='word_1_728' title='bbox 2424 4686 2701 4742; x_wconf 85' lang='lat' dir='ltr'><strong>mundana</strong></span> <span class='ocrx_word' id='word_1_729' title='bbox 2750 4705 2870 4745; x_wconf 88' lang='lat' dir='ltr'><strong>cum</strong></span> <span class='ocrx_word' id='word_1_730' title='bbox 2911 4697 3398 4764; x_wconf 82' lang='lat' dir='ltr'><strong>Supramundanis,</strong></span> <span class='ocrx_word' id='word_1_731' title='bbox 3443 4712 3499 4756; x_wconf 86' lang='lat' dir='ltr'><strong>et</strong></span> 
     </span>
    </p>
   </div>
   <div class='ocr_carea' id='block_1_104' title="bbox 1925 4772 3502 4854">
    <p class='ocr_par' dir='ltr' id='par_1_104' title="bbox 1925 4772 3502 4854">
     <span class='ocr_line' id='line_1_104' title="bbox 1925 4772 3502 4854; baseline 0.015 -29"><span class='ocrx_word' id='word_1_732' title='bbox 1925 4772 2040 4827; x_wconf 72' lang='lat' dir='ltr'><strong>haec</strong></span> <span class='ocrx_word' id='word_1_733' title='bbox 2075 4789 2198 4828; x_wconf 91' lang='lat' dir='ltr'><strong>cum</strong></span> <span class='ocrx_word' id='word_1_734' title='bbox 2231 4775 2339 4831; x_wconf 90' lang='lat' dir='ltr'><strong>illis</strong></span> <span class='ocrx_word' id='word_1_735' title='bbox 2371 4781 2752 4846; x_wconf 87' lang='lat' dir='ltr'><strong>permutando.</strong></span> <span class='ocrx_word' id='word_1_736' title='bbox 2784 4781 2918 4836; x_wconf 89' lang='lat' dir='ltr'><strong>Cum</strong></span> <span class='ocrx_word' id='word_1_737' title='bbox 2958 4784 3127 4854; x_wconf 83' lang='lat' dir='ltr'><strong>igitur</strong></span> <span class='ocrx_word' id='word_1_738' title='bbox 3167 4789 3232 4843; x_wconf 84' lang='lat' dir='ltr'><strong>ad</strong></span> <span class='ocrx_word' id='word_1_739' title='bbox 3261 4791 3367 4846; x_wconf 88' lang='lat' dir='ltr'><strong>tale</strong></span> <span class='ocrx_word' id='word_1_740' title='bbox 3398 4807 3502 4848; x_wconf 79' lang='lat' dir='ltr'><strong>sac-</strong></span> 
     </span>
    </p>
   </div>
   <div class='ocr_carea' id='block_1_105' title="bbox 1921 4861 3502 4940">
    <p class='ocr_par' dir='ltr' id='par_1_105' title="bbox 1921 4861 3502 4940">
     <span class='ocr_line' id='line_1_105' title="bbox 1921 4861 3502 4940; baseline 0.014 -27"><span class='ocrx_word' id='word_1_741' title='bbox 1921 4861 2104 4914; x_wconf 86' lang='lat' dir='ltr'><strong>culum</strong></span> <span class='ocrx_word' id='word_1_742' title='bbox 2147 4865 2456 4933; x_wconf 83' lang='lat' dir='ltr'><strong>pertingere</strong></span> <span class='ocrx_word' id='word_1_743' title='bbox 2501 4865 2801 4934; x_wconf 85' lang='lat' dir='ltr'><strong>adnititur,</strong></span> <span class='ocrx_word' id='word_1_744' title='bbox 2837 4872 2981 4926; x_wconf 86' lang='lat' dir='ltr'><strong>vivet</strong></span> <span class='ocrx_word' id='word_1_745' title='bbox 3021 4875 3075 4928; x_wconf 90' lang='lat' dir='ltr'><strong>in</strong></span> <span class='ocrx_word' id='word_1_746' title='bbox 3123 4875 3284 4931; x_wconf 87' lang='lat' dir='ltr'><strong>linem</strong></span> <span class='ocrx_word' id='word_1_747' title='bbox 3319 4879 3502 4940; x_wconf 83' lang='lat' dir='ltr'><strong>inlini-</strong></span> 
     </span>
    </p>
   </div>
   <div class='ocr_carea' id='block_1_106' title="bbox 1926 4954 3498 5038">
    <p class='ocr_par' dir='ltr' id='par_1_106' title="bbox 1926 4954 3498 5038">
     <span class='ocr_line' id='line_1_106' title="bbox 1926 4954 3498 5038; baseline 0.013 -34"><span class='ocrx_word' id='word_1_748' title='bbox 1926 4963 2076 5019; x_wconf 90' lang='lat' dir='ltr'><strong>tum,</strong></span> <span class='ocrx_word' id='word_1_749' title='bbox 2138 4954 2246 5018; x_wconf 87' lang='lat' dir='ltr'><strong>vel,</strong></span> <span class='ocrx_word' id='word_1_750' title='bbox 2281 4965 2341 5010; x_wconf 92' lang='lat' dir='ltr'><strong>ut</strong></span> <span class='ocrx_word' id='word_1_751' title='bbox 2382 4957 2568 5012; x_wconf 86' lang='lat' dir='ltr'><strong>verius</strong></span> <span class='ocrx_word' id='word_1_752' title='bbox 2620 4965 3123 5034; x_wconf 80' lang='lat' dir='ltr'><strong>congruentiusque</strong></span> <span class='ocrx_word' id='word_1_753' title='bbox 3165 4969 3498 5038; x_wconf 87' lang='lat' dir='ltr'><strong>loquamur,</strong></span> 
     </span>
    </p>
   </div>
   <div class='ocr_carea' id='block_1_107' title="bbox 1924 5045 3498 5122">
    <p class='ocr_par' dir='ltr' id='par_1_107' title="bbox 1924 5045 3498 5122">
     <span class='ocr_line' id='line_1_107' title="bbox 1924 5045 3498 5122; baseline 0.011 -23"><span class='ocrx_word' id='word_1_754' title='bbox 1924 5045 2386 5116; x_wconf 72' lang='lat' dir='ltr'><strong>perfectissimum</strong></span> <span class='ocrx_word' id='word_1_755' title='bbox 2435 5058 2520 5115; x_wconf 90' lang='lat' dir='ltr'><strong>et,</strong></span> <span class='ocrx_word' id='word_1_756' title='bbox 2575 5051 2652 5105; x_wconf 85' lang='lat' dir='ltr'><strong>uti</strong></span> <span class='ocrx_word' id='word_1_757' title='bbox 2682 5067 2846 5122; x_wconf 90' lang='lat' dir='ltr'><strong>supra</strong></span> <span class='ocrx_word' id='word_1_758' title='bbox 2906 5054 3182 5118; x_wconf 82' lang='lat' dir='ltr'><strong>diximus,</strong></span> <span class='ocrx_word' id='word_1_759' title='bbox 3240 5062 3498 5116; x_wconf 83' lang='lat' dir='ltr'><strong>Omnibus</strong></span> 
     </span>
    </p>
   </div>
   <div class='ocr_carea' id='block_1_108' title="bbox 1922 5141 3496 5219">
    <p class='ocr_par' dir='ltr' id='par_1_108' title="bbox 1922 5141 3496 5219">
     <span class='ocr_line' id='line_1_108' title="bbox 1922 5141 3496 5219; baseline 0.006 -26"><span class='ocrx_word' id='word_1_760' title='bbox 1922 5142 2169 5195; x_wconf 88' lang='lat' dir='ltr'><strong>numeris</strong></span> <span class='ocrx_word' id='word_1_761' title='bbox 2197 5141 2532 5196; x_wconf 88' lang='lat' dir='ltr'><strong>absolutum.</strong></span> <span class='ocrx_word' id='word_1_762' title='bbox 2566 5141 2658 5197; x_wconf 89' lang='lat' dir='ltr'><strong>Sic</strong></span> <span class='ocrx_word' id='word_1_763' title='bbox 2693 5145 2935 5200; x_wconf 86' lang='lat' dir='ltr'><strong>secunda</strong></span> <span class='ocrx_word' id='word_1_764' title='bbox 2983 5148 3147 5203; x_wconf 86' lang='lat' dir='ltr'><strong>habet</strong></span> <span class='ocrx_word' id='word_1_765' title='bbox 3180 5151 3496 5219; x_wconf 73' lang='lat' dir='ltr'><strong>CXp&#39;icalio,</strong></span> 
     </span>
    </p>
   </div>
   <div class='ocr_carea' id='block_1_109' title="bbox 1923 5231 2842 5290">
    <p class='ocr_par' dir='ltr' id='par_1_109' title="bbox 1923 5231 2842 5290">
     <span class='ocr_line' id='line_1_109' title="bbox 1923 5231 2842 5290; baseline 0.004 -5"><span class='ocrx_word' id='word_1_766' title='bbox 1923 5239 1978 5285; x_wconf 85' lang='lat' dir='ltr'><strong>et</strong></span> <span class='ocrx_word' id='word_1_767' title='bbox 2008 5231 2217 5284; x_wconf 88' lang='lat' dir='ltr'><strong>utinam</strong></span> <span class='ocrx_word' id='word_1_768' title='bbox 2253 5232 2416 5286; x_wconf 88' lang='lat' dir='ltr'><strong>etiam</strong></span> <span class='ocrx_word' id='word_1_769' title='bbox 2447 5233 2584 5288; x_wconf 87' lang='lat' dir='ltr'><strong>bene</strong></span> <span class='ocrx_word' id='word_1_770' title='bbox 2616 5236 2842 5290; x_wconf 84' lang='lat' dir='ltr'><strong>habeat!</strong></span> 
     </span>
    </p>
   </div>
   <div class='ocr_carea' id='block_1_110' title="bbox 1991 5313 3498 5397">
    <p class='ocr_par' dir='ltr' id='par_1_110' title="bbox 1991 5313 3498 5397">
     <span class='ocr_line' id='line_1_110' title="bbox 1991 5313 3498 5397; baseline 0.003 -19"><span class='ocrx_word' id='word_1_771' title='bbox 1991 5323 2044 5378; x_wconf 87' lang='lat'><strong>9.</strong></span> <span class='ocrx_word' id='word_1_772' title='bbox 2086 5321 2144 5378; x_wconf 86' lang='lat' dir='ltr'><strong>Si</strong></span> <span class='ocrx_word' id='word_1_773' title='bbox 2197 5313 2378 5378; x_wconf 85' lang='lat' dir='ltr'><strong>autem</strong></span> <span class='ocrx_word' id='word_1_774' title='bbox 2432 5325 2668 5380; x_wconf 87' lang='lat' dir='ltr'><strong>secunda</strong></span> <span class='ocrx_word' id='word_1_775' title='bbox 2718 5327 3096 5397; x_wconf 83' lang='lat' dir='ltr'><strong>interpretatio</strong></span> <span class='ocrx_word' id='word_1_776' title='bbox 3145 5330 3498 5383; x_wconf 84' lang='lat' dir='ltr'><strong>commenda-</strong></span> 
     </span>
    </p>
   </div>
   <div class='ocr_carea' id='block_1_111' title="bbox 1922 5419 3497 5489">
    <p class='ocr_par' dir='ltr' id='par_1_111' title="bbox 1922 5419 3497 5489">
     <span class='ocr_line' id='line_1_111' title="bbox 1922 5419 3497 5489; baseline 0.005 -20"><span class='ocrx_word' id='word_1_777' title='bbox 1922 5424 2031 5479; x_wconf 89' lang='lat' dir='ltr'><strong>tur,</strong></span> <span class='ocrx_word' id='word_1_778' title='bbox 2075 5425 2472 5486; x_wconf 87' lang='lat' dir='ltr'><strong>consequenter</strong></span> <span class='ocrx_word' id='word_1_779' title='bbox 2501 5419 2688 5473; x_wconf 89' lang='lat' dir='ltr'><strong>eadem</strong></span> <span class='ocrx_word' id='word_1_780' title='bbox 2737 5420 2822 5473; x_wconf 91' lang='lat' dir='ltr'><strong>via</strong></span> <span class='ocrx_word' id='word_1_781' title='bbox 2866 5420 3271 5489; x_wconf 82' lang='lat' dir='ltr'><strong>procedendum</strong></span> <span class='ocrx_word' id='word_1_782' title='bbox 3306 5423 3409 5474; x_wconf 88' lang='lat' dir='ltr'><strong>crit</strong></span> <span class='ocrx_word' id='word_1_783' title='bbox 3443 5435 3497 5477; x_wconf 87' lang='lat' dir='ltr'><strong>ct</strong></span> 
     </span>
    </p>
   </div>
   <div class='ocr_carea' id='block_1_112' title="bbox 1923 5503 3493 5577">
    <p class='ocr_par' dir='ltr' id='par_1_112' title="bbox 1923 5503 3493 5577">
     <span class='ocr_line' id='line_1_112' title="bbox 1923 5503 3493 5577; baseline 0.004 -21"><span class='ocrx_word' id='word_1_784' title='bbox 1923 5505 2081 5559; x_wconf 85' lang='lat' dir='ltr'><strong>tertia</strong></span> <span class='ocrx_word' id='word_1_785' title='bbox 2112 5504 2258 5559; x_wconf 79' lang='lat' dir='ltr'><strong>eﬂ‘ati</strong></span> <span class='ocrx_word' id='word_1_786' title='bbox 2294 5503 2538 5560; x_wconf 86' lang='lat' dir='ltr'><strong>Davidici</strong></span> <span class='ocrx_word' id='word_1_787' title='bbox 2567 5506 2860 5574; x_wconf 79' lang='lat' dir='ltr'><strong>explicatio</strong></span> <span class='ocrx_word' id='word_1_788' title='bbox 2883 5504 3183 5575; x_wconf 84' lang='lat' dir='ltr'><strong>promenda</strong></span> <span class='ocrx_word' id='word_1_789' title='bbox 3219 5522 3340 5577; x_wconf 69' lang='lat' dir='ltr'><strong>quae</strong></span> <span class='ocrx_word' id='word_1_790' title='bbox 3367 5525 3493 5562; x_wconf 89' lang='lat' dir='ltr'><strong>cum</strong></span> 
     </span>
    </p>
   </div>
   <div class='ocr_carea' id='block_1_113' title="bbox 1926 5597 3497 5672">
    <p class='ocr_par' dir='ltr' id='par_1_113' title="bbox 1926 5597 3497 5672">
     <span class='ocr_line' id='line_1_113' title="bbox 1926 5597 3497 5672; baseline 0.003 -19"><span class='ocrx_word' id='word_1_791' title='bbox 1926 5600 2282 5656; x_wconf 75' lang='lat' dir='ltr'><strong>antecedente</strong></span> <span class='ocrx_word' id='word_1_792' title='bbox 2315 5607 2469 5655; x_wconf 90' lang='lat' dir='ltr'><strong>arcte</strong></span> <span class='ocrx_word' id='word_1_793' title='bbox 2533 5599 2791 5672; x_wconf 71' lang='lat' dir='ltr'><strong>cohaeret.</strong></span> <span class='ocrx_word' id='word_1_794' title='bbox 2819 5598 2959 5654; x_wconf 86' lang='lat' dir='ltr'><strong>Ante</strong></span> <span class='ocrx_word' id='word_1_795' title='bbox 3008 5597 3192 5656; x_wconf 83' lang='lat' dir='ltr'><strong>omnia</strong></span> <span class='ocrx_word' id='word_1_796' title='bbox 3244 5613 3497 5658; x_wconf 67' lang='lat' dir='ltr'><strong>noramus</strong></span> 
     </span>
    </p>
   </div>
  </div>
