3942 6250
209 373 305 436 529

1465 383 1549 441 ΙΝ
1590 384 1799 445 PSAL.
1845 383 2115 446 XLVIII.

3370 392 3388 448 Ξ
3404 393 3475 451 30

209 490 382 551 πεῦνο-δς
409 488 656 556 δηλονότι
685 487 845 560 ἔχων,
875 491 970 544 καὶ
991 491 1331 563 ὀδυνώμενος
1360 497 1523 560 αὐτὸς
1555 496 1767 569 βαρέως

1889 499 2012 555 rivet
2043 499 2283 569 quidem,
2319 502 2412 556 sed
2449 515 2670 571 prorsus
2701 502 2878 564 aliter,
2935 498 3215 555 laboribus
3294 500 3463 555 nimi-

150 596 153 599 '
208 576 277 641 οἷς
304 595 357 630 τε
404 579 700 644 κολάζεται
746 581 841 633 καὶ
906 577 987 642 οἷς
1034 583 1226 651 βλέπει
1291 585 1381 637 τὸν
1441 585 1650 639 δίκαιον
1698 591 1771 660 μὴ

213 672 671 739 ωγκοινωνοῦντα
702 672 851 743 ζωῆς
891 677 1109 743 μακρᾶς
1138 667 1231 729 τδν
1262 678 1448 747 ὅμοιον
1478 680 1625 749 αὐτῷ
1651 682 1771 752 τρό-

215 783 319 829 πον,
351 763 486 818 ἀλλά
518 767 576 818 ἐν
603 764 830 834 ἀγαθοῖς
871 766 1021 831 ὅντα,
1047 771 1256 832 ὁποίοις
1293 771 1574 841 χαίρουσιν
1602 772 1771 841 ἀγγε-

211 859 317 910 λοι·
364 858 625 927 ὁπηνίκα.
667 858 729 912 τό
763 875 829 925 γε
873 861 952 922 εἰς
983 862 1192 915 ἐκεῖνον
1220 856 1375 933 ἧκον.
1427 863 1526 915 οὐκ
1560 862 1624 917 ἂν
1654 864 1775 917 οὐδὲ

208 951 364 1003 ἐθέλοι
417 950 565 1016 ζωὴν
619 951 894 1020 ἐπιμήκη,
939 952 1073 1005 ἀλλά
1104 954 1164 1006 τὸ
1218 952 1557 1024 θνητόψυχον
1597 955 1774 1010 ἕλοιτο

213 1043 271 1096 ἂν
298 1043 386 1094 ἐπὶ
412 1042 707 1112 ἀπαλλαγῇ
734 1042 1098 1112 αῖωνιζούσης
1124 1045 1319 1114 ποινῆς
1343 1063 1357 1079 ο
1382 1046 1524 1100 ὥστε
1547 1047 1773 1114 δικαίως

211 1136 354 1204 καὶὴ
409 1135 713 1201 ἀπόλαυσις
761 1138 857 1192 καὶ
891 1139 924 1207 ή
976 1139 1225 1202 κόλασις,
1260 1141 1389 1209 περὶ
1436 1136 1512 1195 ὧν
1557 1144 1585 1195 6
1614 1143 1776 1211 λόγος

211 1232 340 1300 ἄρτι,
374 1228 589 1283 αἱὼνιοι
634 1230 850 1286 ἔσονται
875 1245 890 1261 ·
920 1233 1015 1285 καὶ
1048 1232 1192 1286 καθά
1227 1234 1254 1286 6
1280 1235 1377 1304 τῆς
1403 1234 1603 1306 ἀρετῆς
1636 1254 1773 1306 χρη-

218 1324 436 1392 ματίσας
483 1324 542 1376 ἐν
581 1323 682 1394 βίῳ
723 1326 1014 1395 τρόφιμοτ,
1047 1326 1286 1396 ὁπηνίκα
1329 1329 1355 1380 ὀ
1388 1328 1593 1397 κόσμος
1616 1329 1773 1399 ἔσχεν

215 1416 384 1478 αὐτὸν,
432 1414 519 1469 ἀεὶ
562 1415 718 1468 ἔσται
766 1414 861 1470 τοῦ
915 1417 1308 1488 ὑπερκοσμ⁷ως
1365 1419 1485 1472 ἐκεῖ
1535 1421 1770 1490 τρυφᾷν,

214 1509 341 1561 οὕτω
369 1509 463 1561 καὶ
488 1511 517 1562 6
558 1505 1012 1580 ἀπότροφοκιοῖς
1043 1512 1141 1564 οὐκ
1173 1512 1361 1583 ἐχρῆν,
1396 1513 1625 1565 πάντοτε
1669 1531 1773 1566 κα-

214 1601 315 1662 κῶς
342 1600 462 1654 ἐκεῖ
508 1601 760 1671 πάσχων,
802 1603 904 1655 οὐκ
957 1603 1046 1662 ἂν,
1102 1599 1277 1672 οἶμαι,
1314 1604 1437 1657 οὐδὲ
1494 1604 1773 1673 ὀφθαλμδν

214 1691 490 1762 ἑπιρμψαι
527 1692 777 1763 τολμήσῃ
805 1692 884 1761 τῷ
917 1693 1105 1762 χωρίῳ
1146 1692 1242 1762 τῆς
1292 1697 1525 1764 τρυφῆς.
1558 1696 1635 1765 Τῇ
1663 1696 1772 1766 γὰρ

212 1782 324 1834 καθ’
362 1781 487 1835 ὅλον
512 1783 604 1836 τὸν
646 1783 884 1838 ἐνταῦθα
932 1785 1105 1839 αἰῶνα
1140 1791 1237 1839 καὶ
1287 1788 1320 1858 ἠ
1351 1787 1471 1840 ἐκεῖ
1500 1788 1773 1852 ἀντίδοσις

1880 610 1999 648 rum
2040 595 2333 663 implicitus
2358 604 2411 649 et
2436 596 2674 665 grav'tcr
2698 596 2891 650 dolens
2949 604 3224 662 quatenus
3281 609 3458 665 panis

1877 686 2169 758 subjicitur
2193 697 2247 742 et
2283 689 2427 742 videt
2463 690 2667 759 justum
2704 705 2809 743 non
2848 689 3095 759 ejusdem
3159 703 3283 742 eum
3338 688 3459 758 ipso

1878 784 2002 837 vita:
2036 784 2209 855 longa:
2265 786 2608 853 participem,
2671 786 2762 842 sed
2815 785 2868 840 in
2934 785 3092 839 bonis
3147 792 3457 839 versantem

1874 873 2073 943 quibus
2098 876 2273 945 angi-li
2302 876 2557 945 gaudent,
2585 878 2763 938 itaut,
2790 886 3054 946 quantum
3088 889 3252 945 penes
3275 874 3455 943 ipsum

1874 972 1977 1031 est,
2010 966 2146 1020 nolit
2178 966 2287 1020 vita
2307 967 2462 1037 longa
2494 966 2619 1033 frui,
2646 968 2741 1021 sed
2769 978 2981 1023 aeterna:
3013 983 3184 1038 pteme
3209 967 3466 1035 praeferat

1879 1059 2074 1111 animae
2105 1067 2355 1112 mortem.
2415 1055 2545 1111 .lurc
2599 1059 2905 1127 meritoque
2956 1059 3121 1129 igitur
3169 1057 3459 1112 retributio

1875 1157 1929 1202 et
1961 1163 2144 1218 paena,
2177 1150 2243 1203 de
2268 1149 2466 1219 quibus
2493 1150 2653 1204 modo
2672 1164 2853 1204 sermo
2877 1150 2996 1214 fuit,
3023 1161 3239 1203 atteram.
3262 1156 3463 1211 erunt:

1875 1250 1926 1292 et
1962 1241 2418 1308 quemadmodum
2460 1241 2548 1296 ille
2597 1241 2711 1308 qui,
2751 1241 2990 1311 quandiu
3022 1242 3076 1296 in
3112 1242 3314 1295 mundo
3342 1240 3463 1304 fuit,

1875 1332 2062 1386 virtuti
2086 1348 2305 1402 operam
2344 1333 2580 1401 narravit,
2615 1334 2725 1387 illic
2754 1344 2957 1387 mterua
2982 1332 3239 1387 felicitate
3267 1347 3464 1400 super-

1876 1422 2150 1476 muudana
2190 1421 2422 1487 fruetur,
2454 1423 2526 1477 ita
2556 1424 2602 1478 is
2631 1423 2746 1491 qni,
2781 1422 2926 1492 quod
2965 1437 3074 1476 non
3107 1420 3318 1483 debuit,
3354 1419 3468 1475 viro
3504 1492 3509 1497 Ι

1876 1517 2009 1569 tntis
2035 1515 2274 1569 studium
2308 1515 2566 1585 neglexit,
2598 1515 2707 1569 iliie
2738 1516 2789 1568 in
2823 1522 3090 1569 teternum
3118 1512 3304 1567 infelix
3336 1510 3464 1575 erit,

1875 1613 2113 1679 adeunt,
2148 1629 2177 1667 c
2247 1627 2367 1667 mea
2430 1611 2651 1680 quidem
2715 1612 3007 1676 sententia,
3062 1610 3129 1663 ad
3185 1609 3466 1663 beatorum

1874 1705 2059 1761 sedem
2095 1720 2165 1760 ne
2223 1705 2440 1760 oculum
2483 1705 2699 1775 quidem
2755 1704 3005 1759 attollere
3058 1702 3277 1756 audeat.
3329 1698 3469 1753 Vita:

1873 1800 2016 1851 enim
2040 1813 2200 1868 quam
2233 1814 2329 1868 per
2358 1808 2528 1853 telum
2566 1798 2653 1852 hic
2677 1797 2932 1853 szecnlnm
2962 1797 3146 1866 gessit,
3176 1794 3285 1850 illic
3312 1786 3468 1847 retri-

211 1873 596 1943 ἐξομοιώτεται
616 1891 631 1908 ο
662 1877 860 1930 αἰωνία
884 1876 939 1930 δὲ
964 1879 997 1949 ἡ
1020 1879 1306 1944 ἐνταυθοῖ,
1334 1879 1442 1951 ἄρα
1467 1876 1559 1934 οὖν
1584 1881 1777 1937 αἰωνέα

1889 1890 2036 1944 butio
2062 1891 2438 1961 adatqnabitnr
2468 1906 2483 1944 :
2514 1888 2613 1946 fuit
2642 1900 2819 1944 autem
2851 1890 2936 1942 hic
2970 1904 3077 1942 non
3133 1888 3463 1956 interrupta,

216 1970 301 2020 καὶ
328 1969 358 2035 ή
400 1970 545 2022 ἐκεῖ.

282 2058 362 2129 ιβ’.
403 2061 515 2113 Καὶ
567 2061 717 2114 ἔστιν
758 2063 791 2134 ἡ
833 2062 1101 2133 ἀνάλογον
1151 2064 1371 2133 εὐλογία
1426 2069 1526 2138 τῆς
1567 2068 1781 2132 ἐννοίας

208 2152 423 2223 τοιαύτη
454 2169 470 2185 ⁶
503 2155 531 2206 6
562 2156 643 2217 ei;
683 2154 856 2208 αἰῶνα
887 2156 1160 2219 κοπιάσας
1188 2156 1268 2220 εἰς
1315 2157 1488 2211 αἰῶνα
1524 2160 1777 2229 ζήσεται,

210 2244 292 2296 ἵνα
344 2246 506 2299 κόποι
555 2247 771 2310 αῐῶνος,
805 2248 866 2300 6v
914 2249 1165 2303 ἐνταυθοῖ
1212 2250 1382 2323 ὥρισε
1443 2251 1716 2323 προγνοὺς
1753 2254 1781 2305 6

211 2336 334 2399 Θεὸς
379 2337 458 2407 τῷ
500 2338 693 2409 ἀγαθῷ
751 2340 1043 2412 ἀνθρώπῳ,
1088 2342 1245 2397 αἰῶνι
1304 2342 1780 2414 παρατεθήσονται

212 2430 527 2494 ἀντιδόσεως
551 2431 652 2500 τῆς
688 2431 782 2485 τοῦ
811 2433 976 2486 αὐτοῦ
1000 2433 1292 2506 ἀνθρώπου
1319 2435 1468 2506 ζωῆς
1486 2454 1501 2469 ο
1527 2436 1624 2491 καὶ
1650 2437 1784 2490 ἀνά-

212 2525 365 2576 παλιν
419 2525 742 2592 ἀναγκαέως
789 2527 817 2579 6
870 2527 1390 2598 ἐρρᾳστωνευμένος
1448 2530 1508 2580 ἐν
1556 2529 1664 2599 ὅλῳ
1702 2530 1781 2599 τῷ

216 2614 361 2666 αἰῶνι
401 2615 583 2686 τούτῳ
629 2615 918 2686 ἄνθρωπος
945 2619 1025 2681 εἰς
1056 2618 1149 2671 τὸν
1185 2620 1302 2673 ἐκεῖ
1349 2614 1782 2692 αἰῶναζήσεται

218 2704 330 2773 μὲν,
366 2707 468 2758 οὐκ
498 2706 564 2759 ἂν
592 2706 647 2759 δὲ
682 2707 825 2761 καθά
862 2710 889 2761 6
918 2709 1152 2776 δίκαιος,
1180 2710 1319 2765 ἀλλὰ
1360 2712 1434 2775 ὡς
1469 2706 1561 2765 οἷα
1589 2714 1782 2783 νεκρὸς

192 2797 404 2862 ,αἰῶνος
458 2800 677 2853 ἐκείνου
736 2800 1147 2873 λογισθήσεται.
1200 2802 1311 2857 Καί
1366 2821 1449 2866 τις
1491 2805 1578 2856 ἐπ’
1632 2804 1784 2876 αὐτῷ

214 2889 348 2944 εἴποι
375 2891 466 2956 ἂν,
493 2893 569 2956 ὡς
607 2893 774 2947 καλὸν
797 2890 888 2965 ἦν,
916 2896 965 2949 εἰ
998 2895 1073 2966 μὴ
1097 2897 1173 2960 ὡς
1209 2897 1481 2967 ἐγεννήθη
1516 2901 1542 2953 6
1573 2898 1787 2968 ἄνθρω-

218 3000 309 3046 πος
339 2986 553 3048 ἐκεῖνος
599 2988 680 3049 εἰς
720 2989 812 3042 τὸν
852 2989 1095 3058 κόσμον⁶
1140 2990 1445 3060 προσθήσει
1483 2991 1561 3058 δὲ,
1591 2992 1787 3047 ἀναλε-

215 3079 439 3150 ξάμενος
476 3084 542 3134 ὲκ
568 3082 663 3135 τοῦ
693 3083 998 3151 ἀγιωτάτου
1042 3085 1404 3153 Εὐαγγελίου,
1441 3087 1537 3141 ἐπὶ
1580 3089 1785 3159 ἀμφοῖν

1882 2000 2009 2053 ergo
2042 1984 2151 2038 illic
2179 1999 2396 2055 quoque
2421 1984 2474 2038 in
2513 1994 2775 2038 aeternum
2809 1982 3049 2036 durabit.

1951 2077 2037 2131 19..
2073 2076 2165 2131 Est
2196 2085 2377 2131 autem
2412 2092 2606 2131 sensus
2636 2076 2782 2130 illius
2822 2074 2951 2129 dicti
2988 2075 3113 2128 hic:
3148 2073 3251 2139 Qui
3300 2072 3466 2125 labo-

1882 2171 2019 2223 ravit
2054 2172 2107 2224 in
2160 2171 2418 2227 satculum
2474 2169 2693 2225 viretin
2761 2168 3040 2232 szeculum,
3101 2167 3194 2221 ubi
3251 2165 3464 2220 labores

1882 2264 2068 2319 saeculi
2091 2266 2236 2335 quod
2269 2265 2413 2319 Deus
2472 2264 2774 2333 praevidens
2820 2262 2968 2318 bono
3028 2260 3236 2315 bomini
3291 2259 3461 2314 desti-

1883 2357 2058 2422 navit,
2091 2359 2294 2413 saeculo
2354 2356 2734 2412 retributionis
2790 2356 2862 2409 ita
2921 2354 3347 2426 adaptabuntnr,
3406 2359 3467 2404 ut

1884 2448 2130 2519 ejusdem
2179 2448 2421 2503 bominis
2478 2447 2602 2502 vitae
2652 2445 3056 2518 respondeant;
3106 2461 3136 2499 e
3188 2441 3466 2498 contrario

1885 2552 2064 2597 autem
2095 2541 2183 2595 ille
2216 2542 2306 2611 qui
2340 2541 2392 2594 in
2416 2547 2532 2595 toto
2591 2539 2694 2594 hoc
2747 2538 2949 2615 saeculo
3000 2534 3280 2606 negligens
3340 2531 3466 2595 fuit,

1883 2635 2197 2689 necessario
2223 2635 2278 2688 in
2311 2633 2402 2688 illo
2432 2647 2649 2704 quoque
2694 2633 2839 2687 vivet
2869 2631 3092 2693 saeculo,
3117 2642 3226 2683 non
3280 2635 3466 2679 tamen

1885 2727 2074 2783 eodem
2109 2727 2268 2782 modo
2303 2742 2412 2798 quo
2467 2725 2678 2796 justus,
2737 2724 2830 2779 sed
2889 2735 3151 2793 tanquam
3214 2725 3467 2773 mortuus

1886 2819 2034 2874 illius
2070 2819 2255 2874 smculi
2297 2819 2659 2888 reputabitur.
2692 2816 2870 2885 Quare
2899 2816 2965 2869 de
2989 2829 3053 2869 eo
3081 2811 3280 2868 dixerit
3314 2810 3471 2878 quis-

1891 2912 2276 2984 piam:Quam
2338 2912 2476 2967 bene
2529 2911 2810 2975 liaberet,.
2835 2909 2879 2965 si
2939 2908 3100 2962 homo
3155 2905 3244 2960 ille
3304 2902 3467 2972 huius

1889 3006 2080 3061 mundi
2135 3010 2315 3060 lucem
2378 3021 2486 3059 non
2548 3003 2925 3073 conspexisset
2949 3001 2971 3055 l’
3027 3007 3129 3064 et;
3164 2993 3467 3052 secundum

1889 3096 2219 3152 sanctissimi
2248 3095 2522 3166 Evangelii
2550 3095 2792 3159 eﬂ‘atnm,
2824 3093 2892 3148 de
2917 3092 3130 3146 duobus
3153 3090 3270 3143 isds
3292 3086 3468 3142 immi-

210 3174 419 3227 τούτοιν
454 3175 790 3246 ἀνθρώποιν,
818 3176 893 3246 τῷ
923 3193 980 3229 τε
1009 3177 1076 3230 δι’
1107 3177 1303 3243 αἰῶνος
1328 3180 1661 3235 κοπιάσαντι
1685 3182 1781 3235 καὶ

1889 3191 2073 3256 nibus,
2104 3205 2337 3260 quorum
2364 3189 2500 3243 alter
2562 3190 2616 3242 in
2675 3188 2933 3243 smculum
2981 3184 3244 3241 laboravit
3305 3191 3357 3235 et
3407 3179 3466 3232 in

214 3266 289 3329 εἰς
330 3267 487 3330 τέλος
545 3267 635 3319 ἐπ’
682 3269 909 3336 ἀγαθοῖς
966 3270 1210 3339 ζὴσοντι,
1260 3273 1355 3324 καὶ
1409 3272 1488 3343 τῷ
1528 3275 1786 3342 ἑτεροὶως

215 3360 686 3432 διεκπεσουμένῳ,
716 3364 799 3415 ὅτι
843 3361 1071 3426 δικαίως
1100 3366 1126 3417 6
1161 3365 1260 3433 μὲν
1291 3366 1384 3420 ἐπὶ
1415 3366 1575 3434 ὀλίγα
1602 3367 1673 3420 τὰ
1703 3370 1787 3421 ἐνο

214 3451 384 3505 ταῦθα
433 3455 630 3516 πιστὸς
681 3454 1150 3509 πολλαπλασιάσει
1207 3457 1265 3519 ἐς
1311 3454 1550 3528 ἀρῤητον
1587 3457 1685 3528 τὴν
1729 3460 1787 3511 ἐν

215 3548 402 3610 καλοῖς
434 3549 622 3599 ἐκεῖσε
661 3547 1019 3610 κατάστασιν,
1053 3550 1081 3603 6
1106 3548 1162 3601 δὲ
1197 3550 1291 3602 ἐπὶ
1325 3549 1486 3619 ὀλίγα
1512 3551 1698 3605 ἐκεῖνα
1719 3552 1789 3606 τὰ

210 3638 265 3689 ἐν
295 3638 371 3708 τῷ
424 3639 533 3710 βίῳ
581 3640 1067 3710 πονηρευσάμενος
1110 3642 1201 3694 ἐπὶ
1252 3641 1466 3707 οὐδενὸς
1511 3645 1790 3716 καταστή-

212 3750 384 3789 σεται.

279 3833 367 3894 ιγ’.
403 3828 533 3881 Ἵνα
559 3827 614 3881 δὲ
655 3828 763 3880 ἀπὸ
786 3828 1001 3898 ἀγαθῆς
1034 3828 1258 3899 ταύτης,
1291 3829 1352 3883 οὐ
1390 3832 1789 3901 παρεκϐάσεως

211 3918 425 3989 εἴποιμι
462 3922 555 3986 ἂν,
603 3921 715 3973 ἀλλ’
751 3923 826 3984 ὠς
856 3917 969 3974 οἷον
998 3922 1119 3974 ὀδοῦ
1156 3924 1384 3991 σχιστῆς
1423 3924 1516 3976 ἐπὶ
1545 3926 1791 3996 ἐναρὲτῳ

209 4014 502 4084 διατριϐῇ,
561 4015 618 4076 ἐς
664 4014 723 4066 τὸ
781 4013 1209 4084 προτεθειμένον
1273 4016 1788 4088 ἐπανακάμψωμεν,

210 4108 387 4160 δοτέον
424 4109 582 4178 ἡμᾶς
616 4106 754 4160 αύτά
777 4106 864 4159 διὰ
895 4105 1068 4160 ταῦτα
1100 4108 1194 4160 καὶ
1217 4108 1420 4172 πόνοις,
1455 4111 1550 4163 καὶ
1587 4112 1793 4181 μοχθη-

209 4198 350 4262 τέον,
383 4199 463 4263 ὡς
501 4198 804 4269 ἐπιπρέπει
846 4198 1162 4269 ἀνθρώποις
1210 4201 1357 4267 (ἐπεὶ
1386 4201 1561 4256 οὐκ...
1604 4202 1791 4267 ἄνεσις

210 4291 303 4344 καὶ
343 4293 696 4357 ἀνάπτωσις,
744 4291 863 4343 οὐδὲ
904 4308 989 4354 τις
1036 4291 1320 4345 καθεύδων
1358 4290 1482 4347 οὔτε
1530 4295 1793 4366 τρόπαιον

209 4385 491 4450 ἐγείρει...
558 4383 865 4451 ἐνεργῶν...
929 4382 1186 4453 εἰρηνικὰ
1244 4384 1790 4455 διοικονομούμενος,

210 4480 417 4546 ἀγαθὸν
466 4475 774 4547 κατορθοῖ),
809 4478 902 4530 καὶ
945 4479 1236 4531 κοπιατέον
1279 4479 1376 4547 οὐχ
1403 4478 1617 4544 ἁπλῶς,
1649 4480 1791 4532 ὥστε

1894 3282 2051 3339 finem
2080 3283 2344 3338 bonorum
2371 3279 2707 3334 abundantia
2737 3276 3064 3349 perfruetur,
3103 3275 3239 3328 alter
3281 3276 3464 3323 autem
3490 3272 3501 3281 '

1890 3390 1920 3429 e
1969 3374 2298 3428 eontrarioa
2347 3387 2514 3442 scopo
2568 3371 2861 3433 aberravit,
2907 3368 3136 3436 insuper
3190 3361 3464 3417 addiderit

1890 3467 2032 3543 quod
2057 3467 2182 3536 jure
2214 3467 2516 3536 meritoque
2544 3464 2637 3534 qui
2694 3464 2783 3519 hic
2824 3460 2989 3532 super
3044 3457 3235 3529 paucis
3289 3451 3464 3509 ﬁdelis

1894 3561 2016 3622 fuit,
2052 3560 2106 3614 in
2136 3561 2306 3614 altera
2350 3560 2459 3613 vita
2493 3557 2764 3613 bonorqu
2819 3555 2973 3625 copia
3036 3550 3249 3607 inﬁnita
3286 3549 3463 3602 abnu-

1890 3651 2061 3716 dabit,
2104 3651 2193 3719 qni
2233 3656 2417 3704 autem
2461 3648 2513 3702 in
2551 3648 2653 3701 liae
2708 3647 2818 3700 vita
2851 3660 3020 3716 pauca
3060 3643 3155 3699 illa
3205 3640 3344 3694 mala
3381 3656 3471 3694 -ηιοι

1889 3741 2073 3813 glexit,
2104 3759 2268 3814 super
2302 3742 2470 3798 nihilo
2500 3742 2880 3797 constituetur.
3275 3798 3287 3817 θ

1962 3836 2049 3891 15.
2087 3835 2356 3892 Utautem
2387 3836 2455 3891 ab
2478 3835 2580 3890 bac
2612 3836 2752 3900 utili,
2782 3849 2889 3888 non
2914 3832 3089 3887 dicam
3111 3834 3463 3893 excursione,

1890 3929 1985 3983 sed
2028 3928 2461 4000 velutbipartita
2500 3928 2586 3981 via
2648 3927 2716 3981 ad
2753 3929 3033 3980 honestam
3086 3927 3467 3981 conversatio-

1892 4034 2012 4073 nem
2054 4021 2308 4083 ducente,
2335 4020 2409 4073 ad.
2442 4033 2668 4086 scopum
2702 4016 3048 4086 propositum
3097 4024 3465 4074 revertamur.

1893 4113 1945 4166 in
1976 4112 2186 4168 labores
2218 4117 2356 4166 hanc
2415 4113 2587 4180 ipsam
2642 4109 2711 4164 ob
2764 4124 2986 4165 causam
3042 4108 3358 4161 incumbere
3410 4117 3466 4161 et

1893 4204 2137 4260 studiose
2176 4202 2510 4258 contendere
2538 4201 2821 4266 debemus,
2854 4199 2933 4252 uti
3000 4198 3247 4252 homines
3299 4197 3466 4251 adde-

1891 4309 1972 4353 Cet
2001 4296 2291 4369 (siquidem
2319 4310 2525 4349 unum.
2565 4293 2790 4363 languor
2831 4299 2887 4346 et
2936 4290 3225 4351 relaxatio,
3284 4305 3466 4359 neque

1891 4391 2162 4460 quispiam
2217 4389 2498 4444 dormiens
2576 4395 2837 4455 tropaeum
2908 4384 3116 4463 erigit..
3184 4398 3462 4452 Operam"

1893 4484 2122 4553 paciﬁca
2157 4482 2573 4544 administrans,
2604 4480 2803 4532 bonum
2833 4477 3089 4547 perlicit),
3122 4491 3299 4544 neque
3331 4475 3466 4528 sim-

209 4571 421 4643 ἀποζῇν
483 4571 762 4642 βιωτικῶς
817 4571 998 4640 (τοῦτο
1049 4570 1157 4642 γὰρ
1190 4570 1415 4634 ἄκοντες
1465 4573 1783 4642 ποιήσομεν,

1897 4570 2433 4641 pliciter-allaborare
2462 4580 2518 4622 ut
2548 4570 2666 4622 vitae
2709 4566 3087 4622 sustentanda:
3160 4565 3469 4636 prospicia-

208 4665 307 4719 κᾶν
339 4667 419 4736 μὴ
470 4664 827 4736 βουλομένοις
872 4665 1004 4734 ἡμῖν
1042 4664 1151 4735 εἴη,
1200 4666 1293 4718 καὶ
1339 4665 1790 4735 φερεπονήσομεν

208 4759 453 4823 πάντως,
492 4758 586 4811 ἵνα
625 4758 699 4827 μὴ
731 4758 830 4810 καὶ
866 4757 1000 4826 ἡμῖν
1043 4755 1283 4828 ἕμιρορος
1315 4759 1341 4808 6
1369 4756 1526 4826 λιμὸς
1556 4757 1789 4827 γένηται

206 4852 432 4919 ἀεργοῖς
503 4847 812 4919 μένουσιν),
842 4847 959 4901 ἀλλ’
985 4847 1060 4911 ὡς
1087 4848 1181 4900 καὶ
1230 4848 1305 4918 τῷ
1337 4847 1457 4917 Θεῷ
1505 4849 1787 4916 ἀρέσκειν,

209 4944 300 4995 καὶ
337 4942 554 4995 αὐτίκα
605 4938 952 5008 εὐλογεῖσθαι
1002 4939 1096 4992 καὶ
1141 4940 1287 5010 ἡμᾶς
1340 4941 1501 4994 καὶ...
1534 4939 1602 4992 τὰ
1650 4939 1790 5010 ἔργα

207 5035 387 5104 ήμῶν,
428 5033 535 5088 καὶ
568 5032 742 5084 κόπον
781 5030 969 5083 τοῦτον
1005 5030 1098 5083 ἐπὶ
1133 5030 1496 5102 εύαρεστήσει
1529 5030 1664 5083 Θεοῦ
1696 5030 1791 5083 πό-

209 5144 315 5187 νοις
360 5122 515 5178 εἶναι
578 5121 863 5194 συνέριθον
920 5121 1234 5191 βιωτικοῖς,
1294 5122 1634 5191 ἁρμόττοντα
1693 5120 1792 5174 ’ἐνα

206 5221 417 5271 ἐκεῖνον
448 5216 553 5270 καὶ
581 5213 832 5284 μονοειδῆ
860 5217 972 5277 τοῖς
996 5213 1165 5277 ὅλοις,
1196 5206 1270 5267 ὧν
1295 5214 1394 5264 οὐκ
1420 5212 1535 5265 ἐστι
1561 5213 1647 5265 διὰ
1673 5212 1790 5282 βίου

211 5309 355 5377 ἡμᾶς
397 5305 879 5361 ἀπαλλάττεσθαι.
934 5304 1044 5357 Καὶ
1093 5305 1282 5374 μηδεὶς
1327 5304 1437 5356 τῶν
1490 5305 1549 5356 ἐν
1602 5305 1793 5372 κόσμῳ

203 5400 394 5465 ὅνῖων,
430 5399 534 5452 καὶ
571 5399 792 5465 γυναικὶ
822 5397 919 5448 καὶ
952 5397 1297 5464 πραγμάτων
1332 5395 1562 5466 τύρϐαις
1597 5395 1793 5464 ἐμελέ-

207 5512 346 5558 πων,
374 5492 643 5559 ἀδελφοῖς
673 5493 784 5553 τοῖς
815 5491 921 5557 ἔξω
946 5492 1263 5560 γενομένοις
1297 5492 1505 5561 κόσμου
1531 5493 1623 5545 καὶ
1650 5492 1789 5560 Sion,

206 5585 418 5654 λεγέτω
456 5584 540 5656 μὴ
596 5585 936 5652 ἐνευκαιρεῖν
974 5584 1138 5647 αὐτὸς
1170 5585 1363 5647 κόποις
1407 5584 1519 5646 τοῖς
1565 5583 1650 5637 διὰ
1701 5586 1792 5638 τὸν

206 5679 360 5734 Θεὸν.
399 5675 715 5731 Ἀλὼσεται
752 5677 860 5745 γὰρ
892 5679 918 5729 6
948 5675 1192 5738 τοιοῦτος
1220 5675 1466 5745 ἀμαθοῦς
1503 5674 1793 5744 λογισμοῦ,

210 5772 302 5824 καὶ
338 5769 418 5844 μὴ
468 5768 841 5840 προσέχοντος
873 5764 955 5833 οἷς
1000 5767 1256 5837 λέγομεν.
1296 5769 1520 5820 Ἀνεσιν
1569 5766 1675 5837 γὰρ
1708 5768 1795 5835 ἐφ’

210 5871 364 5937 ὑμῶν
398 5867 741 5938 κολάζομεν,
782 5868 882 5922 οὐκ
918 5865 1169 5919 ἐπίτασιν
1220 5864 1619 5934 ἑπιτὸιΰςομεψ
1665 5863 1793 5917 ἁ·λά-

1896 4681 2016 4719 mus
2052 4665 2174 4735 (boc
2207 4664 2352 4718 enim
2378 4671 2432 4717 et
2465 4663 2621 4716 inviti
2668 4677 2733 4715 ac
2773 4661 2934 4730 quasi
2991 4661 3244 4713 nolentes
3298 4657 3471 4713 faeie-

1893 4774 2036 4821 mus,
2064 4768 2229 4825 atque
2250 4754 2478 4809 omnino
2510 4770 2730 4824 operam
2753 4754 3006 4807 dabimus
3041 4766 3129 4818 ne,
3167 4750 3212 4805 si
3243 4750 3471 4822 ignaviae

1892 4866 1993 4904 nos
2028 4849 2365 4910 dederimus,
2400 4846 2542 4901 fame
2574 4842 2911 4915 pereamus),
2944 4844 3039 4899 sed
3078 4854 3132 4898 ut
3161 4844 3325 4897 etiam
3361 4844 3472 4896 Deu

1890 4944 2230 5012 placeamus,
2266 4951 2322 4994 ut
2349 4939 2739 4994 benedicuntur
2768 4946 2822 4991 et
2853 4951 2951 4991 nos
3005 4944 3101 4990 οι..
3128 4949 3292 5006 Opera
3374 4951 3474 4988 no-

1890 5032 2028 5098 st:-a,
2057 5044 2111 5089 et
2146 5044 2203 5087 ut
2237 5033 2387 5085 labor
2410 5031 2500 5085 ille
2532 5030 2640 5083 Deo
2672 5039 2861 5100 gratus
2889 5044 2979 5083 res
3007 5028 3072 5081 ad
3101 5027 3263 5080 vitam
3285 5041 3474 5079 neces-

1891 5126 2068 5179 sarias
2103 5126 2261 5178 nobis
2297 5137 2572 5191 procuret,
2606 5129 2795 5190 utpote
2840 5119 2933 5188 qui
2990 5118 3143 5172 solus
3196 5125 3360 5185 aptus
3400 5115 3473 5166 sit

1892 5224 1946 5269 et
1982 5213 2433 5270 accommodatus
2488 5212 2747 5266 omnibus
2798 5210 3084 5278 quibusin
3120 5209 3228 5261 vita
3284 5221 3474 5258 carere

1894 5319 2000 5356 non
2028 5318 2337 5371 possumus.
2400 5300 2595 5370 Neque
2660 5302 2951 5369 quisquam
3017 5312 3207 5353 eurum
3273 5295 3365 5363 qui
3418 5295 3471 5345 in

1892 5395 2097 5447 mundo
2125 5401 2253 5446 sunt
2282 5402 2334 5446 et
2358 5392 2548 5446 uxoris
2585 5407 2879 5461 rerumque
2918 5389 3260 5443 terrestrium
3285 5399 3471 5438 turam

1895 5495 2113 5555 gerunt,
2147 5486 2409 5539 fratribus
2482 5496 2635 5536 extra
2672 5483 2835 5537 vitam
2895 5480 3226 5533 mundanam
3281 5477 3475 5545 positis

1895 5579 2062 5642 dicat,
2098 5595 2220 5632 sese
2250 5577 2529 5631 iabm‘ibns
2587 5574 2788 5627 divinis
2829 5587 3046 5641 cperam
3103 5584 3301 5622 navare
3367 5584 3483 5621 nntr

1896 5687 2076 5740 posse.
2111 5670 2259 5723 Talis
2282 5670 2425 5722 enim
2456 5676 2508 5721 et
2566 5664 2831 5732 insipiens
2880 5678 3002 5717 esse
3047 5671 3102 5716 ct
3141 5659 3207 5713 ad
3239 5677 3301 5715 ea
3358 5675 3480 5727 qua:

1910 5782 2010 5818 nos
2044 5764 2303 5826 dicimus,
2330 5761 2574 5815 animum
2611 5757 2755 5811 baud
2790 5758 3073 5811 advertere
3094 5756 3474 5810 convincrtur.

1900 5853 2475 5914 lielaxationetncnim
2511 5852 2562 5905 iu
2611 5852 2763 5906 vobis
2783 5850 3064 5922 pnnimus,
3107 5865 3214 5904 non
3247 5834 3474 5905 contru-
