3912 6244
374 377 470 441 531

1079 371 1507 437 EUSTATHII
1545 365 2306 431 THESSALONICENSIS
2341 363 2905 425 METROPOLIT/ﬁ

3520 343 3627 423 532

374 498 578 553 tionem
605 491 989 566 postulamus;
1025 491 1344 560 languorem
1383 494 1660 546 retamus,
1687 497 1797 537 non
1821 495 1954 536 con-

2080 495 2271 532 ττωσιν
2301 477 2605 546 κωλύομεν,
2635 477 2696 530 ού
2724 476 2782 529 τὸ
2813 473 3246 545 ἀκατάκαμπτον
3311 474 3643 546 βιαζόμεθαο

378 592 589 646 tinuam
621 589 987 644 intentionem
1052 585 1424 654 imperamus;
1469 577 1782 633 cﬂ'cminate
1837 576 1962 629 dor-

381 683 641 738 mientem
684 677 1181 751 expergefacimus,
1204 691 1316 730 non
1349 671 1777 740 requiescentem
1809 665 1960 732 ejicio

378 790 524 828 mus.
584 774 932 842 Quapropter
973 769 1139 823 sinite
1174 766 1480 820 monachos
1513 759 1781 816 luetariet
1810 756 1963 811 forti-

306 911 310 918 .
377 875 461 919 ιρι·
491 875 704 919 ccrtarc
738 883 751 918 :
790 879 888 918 ros
911 874 1093 915 autem
1153 858 1404 924 remisse,
1461 863 1628 926 prout
1683 849 1958 923 poteritis,

377 953 568 1008 virtuti
601 969 663 1005 ac
695 951 953 1021 probitati
979 947 1221 1002 studete.

450 1046 537 1100 M.
575 1044 782 1112 Sponte
809 1040 1100 1107 illijugum
1129 1034 1372 1096 Domini,
1431 1031 1712 1086 interdum
1770 1043 1956 1098 grave,

380 1135 433 1188 in
478 1150 538 1189 se
578 1142 859 1204 receptum
887 1130 1083 1183 tollunt
1120 1145 1132 1180 :
1168 1125 1423 1180 similiter
1447 1138 1547 1178 vos
1587 1136 1806 1193 quoque
1837 1133 1960 1188 por-

381 1234 492 1280 tate
529 1225 662 1280 illud
691 1223 861 1293 quod,
889 1222 965 1276 uti
1001 1219 1262 1273 Servator
1311 1225 1500 1270 noster
1539 1215 1635 1276 ait,
1709 1213 1828 1266 leve
1874 1216 1959 1264 est

387 1333 449 1370 ac
483 1318 739 1371 salutare.
767 1313 844 1367 Ita
879 1321 930 1367 et
963 1327 1059 1366 vos
1093 1311 1219 1379 ipsi,
1254 1309 1466 1362 illorum
1503 1307 1699 1365 instar,
1736 1317 1961 1373 propor-

381 1409 658 1462 tionaliter
697 1415 904 1467 tamen,
939 1399 1366 1456 benedicemini.
1441 1395 1862 1465 Exspectantes,
1897 1399 1960 1445 ut

383 1514 508 1550 cum
580 1497 780 1548 Davide
849 1496 1062 1563 loquar,
1121 1497 1445 1560 exspeCtant
1498 1487 1573 1541 illi
1642 1485 1958 1546 Dominum,

387 1600 644 1658 tanquam
684 1587 1218 1641 eolumnaeimmotte
1265 1583 1387 1652 ejus
1451 1580 1744 1650 praeceptis
1809 1578 1956 1632 inni-

387 1690 566 1738 tentes
604 1679 804 1736 :facite
863 1679 1004 1732 idem
1074 1686 1127 1732 et
1194 1691 1313 1740 vos,
1367 1683 1629 1743 tanquam
1657 1670 1960 1725 columellze

389 1776 582 1838 ﬁrmae,
607 1784 660 1830 et
687 1773 827 1828 sicut
863 1772 990 1833 illis,
1014 1769 1170 1826 vobis
1204 1782 1424 1839 quoque
1458 1765 1638 1820 aderit
1671 1764 1956 1818 Dominus.

387 1868 661 1922 Laboraut
694 1867 770 1921 illi
801 1867 865 1919 ad
894 1865 1149 1919 sudorem
1186 1877 1383 1932 usque,
1413 1858 1712 1915 humectati
1731 1857 1877 1912 velut
1908 1855 1964 1910 in

387 1963 606 2021 balneo,
653 1968 814 2030 atque
876 1957 1132 2028 lacrymis
1164 1955 1370 2010 cubilia
1402 1967 1500 2008 sua
1549 1949 1962 2006 madefaciunt:

387 2049 544 2105 vobis
579 2058 760 2102 autem
789 2046 990 2117 quibus
1024 2059 1135 2099 non
1183 2043 1347 2097 iidem
1406 2039 1639 2096 sudores
1703 2035 1968 2092 divinitus

390 2143 638 2199 concessi
670 2150 801 2196 sunt
845 2139 962 2209 (Dei
1021 2137 1166 2192 enim
1222 2134 1365 2189 dona
1426 2147 1550 2188 esse
1611 2131 1822 2185 scimus
1875 2127 1967 2182 illa

391 2234 750 2292 scaturientia
781 2242 835 2289 et
864 2247 962 2301 per
1021 2228 1500 2298 compunctionem
1552 2222 1751 2291 pluviae
1791 2225 1967 2278 instar

392 2325 752 2396 delabentia),
804 2339 902 2394 pro
950 2321 1151 2379 sudore
1207 2320 1458 2384 salutari,
1515 2316 1752 2374 suiliciet
1813 2329 1970 2385 aqua:

395 2420 586 2474 hilaris
619 2417 876 2489 poculum
908 2417 1152 2470 infusum
1190 2414 1242 2468 in
1275 2429 1337 2469 os
1363 2412 1623 2482 pauperis
1673 2409 1740 2464 ad
1798 2407 1968 2463 animi

394 2513 818 2568 recreationem.
853 2509 908 2564 Si
939 2523 1069 2564 vero
1100 2507 1263 2561 etiam
1307 2506 1418 2559 vini
1471 2503 1682 2572 aliquid
1741 2501 1972 2558 addatur

397 2604 464 2658 ad
501 2617 598 2658 cor
634 2602 784 2657 illius
815 2601 1056 2655 hominis
1083 2597 1493 2658 laetiticandum,
1549 2605 1704 2660 tunc,
1734 2593 1806 2646 mi
1860 2591 1974 2646 tra-

395 2695 671 2760 ter,haud
706 2693 940 2763 amplius
982 2706 1122 2762 Opus
1184 2690 1414 2744 habebis
1471 2687 1545 2741 ita
1575 2685 1641 2740 ad
1697 2698 1972 2741 summum

396 2787 618 2842 virtutis
698 2786 913 2841 culmen
982 2782 1227 2853 aspirare
1293 2789 1494 2836 utcum
1560 2776 1763 2834 sudore
1821 2789 1968 2830 ores.

398 2878 569 2933 Dulce
599 2879 747 2933 enim
772 2877 902 2932 illud
932 2876 1293 2946 eleemosyna:
1352 2872 1608 2942 poculum
1677 2869 1978 2937 imputatur

398 2970 494 3025 tibi
526 2985 621 3041 pro
643 2983 832 3024 amaro
887 2957 1107 3026 sudore.
1143 2973 1198 3019 et
1228 2967 1299 3018 ita
1341 2972 1504 3032 potus
1531 2975 1695 3031 quem
1733 2957 1978 3014 liberali-

399 3075 488 3121 ter
512 3063 805 3128 miscuisti,
837 3070 1096 3117 accurate
1159 3052 1545 3128 compensabit
1611 3053 1890 3113 sudorem,
1922 3059 1978 3106 et

2064 569 2234 622 ῦπνου
2282 567 2375 621 τοῦ
2422 567 2498 631 ὡς
2547 569 2629 631 είς
2680 566 2980 635 θηλύτατον
3025 565 3404 637 ὲξεγείρομεν,
3453 569 3513 622 ού
3549 571 3640 622 τὸν

2061 658 2452 728 ἀναπαύσιμον
2497 656 2881 726 ἐξελαύνομεν.
2921 656 3131 709 Οὐκοῦν
3169 656 3336 725 ἄφετε
3378 658 3506 720 τοὺς
3541 676 3640 725 μο-

2061 757 2258 824 ναχοὺς
2289 751 2658 823 ἀγωνίζεσθαι
2717 753 2897 817 ἄλλως
2923 754 3018 806 καὶ
3059 753 3346 816 συντονίας
3375 754 3600 824 ἔχεσθαι
3624 770 3638 784 ⁸

2062 849 2222 918 ὑμεῖς
2260 846 2316 898 δὲ
2352 847 2688 916 ὑφειμένως.
2741 846 2816 909 ὡς
2867 846 3132 916 ἐγχωρεῖ,
3183 845 3636 915 μεταχειρίζεσθε

2061 944 2121 996 τδ
2155 942 2428 1012 ὲναρέτως
2459 940 2689 1008 ἀγαθόν.

2134 1030 2216 1087 ιδ’.
2265 1032 2525 1102 Λῖρουσιν
2575 1031 2876 1086 ἐθελούσιοι
2906 1032 3106 1084 ἐκεῖνοι
3155 1029 3246 1084 τὸν
3278 1029 3375 1084 τοῦ
3425 1029 3634 1100 Κυρίου

2063 1126 2250 1192 ζυγὸν.
2307 1126 2456 1179 ἐστιν
2506 1118 2566 1179 οὗ
2622 1123 2813 1194 βαρὺν,
2871 1124 3058 1184 αὐτοῖς
3103 1122 3492 1192 ἐπικείμενον·
3545 1121 3639 1174 ἐπὶ

2061 1217 2233 1288 ὁμοίῳ
2253 1217 2436 1287 φόρτῳ
2464 1217 2634 1287 ἄρατε
2662 1216 2820 1286 ὑμεῖς
2843 1215 2956 1276 τὸν,
2981 1214 3056 1278 ὡς
3086 1214 3249 1275 αὐτὸς
3275 1216 3482 1275 ἐκεῖνος
3506 1213 3635 1282 ἔφη,

2063 1310 2298 1380 ἐλαφρὸν
2336 1310 2429 1362 καὶ
2459 1310 2694 1380 χρηστόν
2714 1324 2728 1339 ·
2763 1307 2858 1361 καὶ
2885 1307 3028 1360 οὕτω
3055 1305 3176 1359 κατ’
3205 1306 3470 1368 ἐκείνους,
3505 1306 3641 1358 ἀνα·-

2061 1403 2236 1469 λόγως
2263 1401 2471 1471 μέντοι,
2503 1399 2940 1472 εὐλογηθήσεσθε
2969 1400 3066 1453 καὶ
3091 1399 3264 1452 αὐτοί.
3301 1395 3642 1465 ’Υπομένου-

2065 1514 2150 1548 σιν
2187 1494 2555 1564 ὑπομένοντες
2583 1495 2892 1556 Δαυῖτικῶς
2922 1493 3118 1544 ἐκεῖνοι
3154 1490 3246 1542 τὸν
3275 1489 3506 1561 Κύριον,
3540 1491 3641 1544 ὅσα

2062 1591 2156 1643 καὶ
2188 1589 2366 1650 κίονες
2389 1587 2683 1657 ἀστραϐεῐς
2707 1585 3075 1654 ύφεστηκότες
3099 1584 3212 1646 τοῖς
3235 1581 3444 1634 ἐκείνου
3473 1597 3642 1648 προσ-

2061 1681 2310 1750 τάγμασι
2336 1695 2350 1710 ·
2387 1681 2596 1732 ποιεῖτε
2637 1679 2804 1732 ταυτὸ
2829 1680 2924 1730 καὶ
2956 1677 3136 1745 ὑμεῖς.
3169 1675 3329 1728 ὁποῖα-
3360 1674 3644 1727 στυλίσκοι

2067 1772 2343 1842 σταθεροί.
2378 1771 2490 1825 Καὶ
2519 1769 2780 1842 προσέξει
2811 1769 2905 1823 καὶ
2939 1769 3066 1836 ὑμῖν
3099 1768 3330 1830 ἐκεῖνος,
3379 1765 3526 1819 καθὰ
3556 1767 3651 1819 καὶ

2069 1864 2277 1927 αὐτοῖς.
2301 1863 2598 1916 Πονοῦνται
2617 1861 2772 1915 αὐτοὶ
2798 1860 2926 1930 ἄχρι
2946 1861 3040 1913 καὶ
3061 1859 3142 1922 είς
3173 1858 3427 1929 ἱδρῶτας,
3459 1859 3651 1926 ὑγραί-

2068 1973 2255 2019 νοντες
2278 1955 2354 2018 ὼς
2393 1955 2452 2007 ὲν
2484 1953 2742 2022 λούματι,
2766 1952 2861 2004 καὶ
2884 1949 3176 2020 βρέχουσιν
3208 1951 3267 2002 ὲν
3293 1948 3533 2016 δάκρυσι
3554 1947 3653 2012 τὰς

2071 2049 2253 2104 αὐτῶν
2315 2045 2651 2118 στρωμνάς·
2684 2043 2803 2098 ἀλλ’
2851 2042 3008 2114 ὑμῶν
3056 2041 3274 2110 ἑκάστῳ
3311 2039 3388 2110 μὴ
3432 2038 3654 2108 boat};-

2069 2143 2354 2214 λευομένῳ
2389 2141 2579 2195 θεόθεν
2616 2139 2762 2208 ὖγρά
2798 2139 2930 2201 ἴσως
2957 2135 3189 2210 τοιαῦτα
3221 2133 3383 2204 (Θεοῦ
3409 2134 3521 2202 γὰρ
3548 2150 3657 2184 πα-

2079 2237 2418 2309 ρειλήφαμεν
2469 2229 2613 2287 εἷναι
2653 2232 2807 2303 δῶρα
2839 2229 3142 2284 καὶταῦτα
3184 2226 3524 2290 ὲκϐλύζοντα
3556 2225 3657 2277 καὶ

2075 2328 2534 2400 καταϐρεχόμενα
2561 2325 2652 2379 διὰ
2699 2320 3074 2389 κατανύξεως)
3122 2318 3351 2391 ἀρκέσει
3389 2317 3522 2371 ἀντὶ
3554 2317 3657 2386 μὲν

2077 2422 2350 2493 σωτηρίου
2389 2421 2614 2490 ἱδρῶτος
2646 2417 2838 2479 ὓδατος
2884 2413 3072 2484 ίλαροῦ
3097 2413 3299 2480 κοτύλη
3344 2410 3656 2480 ὲγχεομένη

2073 2517 2142 2572 δι’
2185 2516 2343 2586 ὑμῶν
2371 2517 2452 2578 εἰς
2491 2511 2769 2584 πτωχικὸν
2800 2509 2978 2579 στόμα
3001 2506 3096 2560 ἐπὶ
3129 2503 3399 2575 ἀναψύξει
3426 2502 3536 2555 τῶν
3563 2503 3658 2555 ἐν·

2073 2611 2187 2674 τός.
2225 2609 2290 2660 Εἰ
2319 2607 2374 2660 δὲ
2399 2606 2494 2660 καὶ
2522 2605 2669 2658 οἴνου
2697 2600 3093 2669 ὲπισταλσχθῇ,
3119 2598 3195 2660 ὡς
3222 2597 3494 2666 εὐφρᾶναι
3515 2610 3662 2664 καρ-

2075 2701 2191 2753 δίαν
2210 2699 2505 2769 ἀνθρώπου
2536 2695 2804 2758 τοιούτου,
2826 2693 3025 2764 μηκέτι
3055 2691 3349 2763 κοπιάσῃς,
3376 2683 3657 2754 ὧάδελφέ,

2076 2791 2251 2852 οὕτως
2281 2792 2338 2854 ἐς
2377 2789 2569 2860 ἄκρον,
2614 2788 2689 2850 ὡς
2745 2786 2845 2839 καὶ
2873 2783 3170 2854 ἑνιδρῶσαι
3219 2785 3286 2852 τῇ
3346 2782 3657 2852 προσευχῇ.

2089 2881 2473 2948 Ἐλλελόγηται
2520 2879 2630 2948 γάρ
2687 2893 2768 2929 σοι
2801 2876 2863 2929 τὺ
2913 2874 3013 2942 τῆς
3047 2871 3421 2943 ὲλεημοσύνης
3459 2872 3661 2922 ’ἐκεῖνο

2079 2974 2247 3044 ὑγρδν
2294 2974 2354 3025 τὸ
2389 2971 2559 3038 γλυκὺ
2615 2968 2736 3022 ἀντὶ
2770 2965 3102 3037 ύφαλμύρου
3160 2961 3500 3032 ἱδρώματος·
3557 2959 3662 3010 καὶ

2080 3065 2224 3119 οὕτω
2261 3065 2359 3134 μὲν
2408 3063 2809 3130 ἀντισηκώσετς
2856 3059 2934 3130 τῷ
2981 3056 3167 3126 ἱδρῶτι
3217 3053 3360 3109 κατά
3411 3051 3662 3119 σταθμὸν

400 3155 780 3213 misericordia
805 3171 910 3224 qua
969 3153 1191 3207 fratrem
1244 3164 1470 3221 egenum
1539 3146 1882 3208 humectasti,
1923 3152 1973 3198 et

2081 3158 2287 3229 ἀκριϐῆ
2317 3156 2376 3209 τὸ
2404 3156 2460 3223 ἐξ
2492 3153 2876 3223 ὲλεημοσύνης
2921 3152 3136 3221 κρᾶμα,
3164 3147 3276 3201 τῶν
3308 3146 3366 3200 δὲ
3401 3145 3662 3214 δακρύων

401 3248 596 3304 oculus
645 3245 795 3301 mitis
849 3243 900 3298 in
934 3245 1085 3299 illum
1163 3240 1468 3312 respiciens
1497 3246 1552 3293 et
1613 3235 1974 3292 humanitatis

403 3339 646 3395 laetitiam
675 3337 1008 3408 exprimens,
1043 3335 1406 3406 lacrymarum
1462 3330 1571 3384 vim
1603 3343 1668 3384 ac
1716 3327 1974 3383 virtutem

402 3431 606 3487 habere
657 3430 1022 3500 reputabitur.

475 3521 565 3576 15.
597 3520 650 3574 Si
679 3528 859 3575 autem
887 3526 1083 3588 praeter
1109 3515 1257 3570 hunc
1278 3513 1481 3569 fontem
1508 3511 1783 3566 ocularem
1811 3509 1974 3565 etiam

403 3612 496 3668 ille
532 3612 783 3671 inferior,
827 3625 888 3664 os
917 3609 1063 3673 dico,
1098 3622 1286 3661 vocem
1347 3603 1770 3661 consolatoriam
1833 3599 1975 3655 emi-

406 3705 566 3768 serit,
596 3712 648 3757 et
671 3701 833 3756 simul
857 3717 980 3754 cum
1010 3714 1144 3754 voce
1175 3696 1487 3768 proruperit
1538 3683 1800 3764 lavi-ymo,
1831 3706 1975 3760 quas,

408 3801 600 3864 utpote
631 3809 662 3847 a
693 3809 856 3846 manu
893 3793 1036 3846 haud
1061 3792 1333 3853 abstersa,
1368 3789 1421 3843 in
1450 3789 1634 3843 sinum
1667 3783 1976 3845 descendit,

408 3899 463 3942 et
498 3891 627 3944 hinc
659 3903 876 3957 quoque
908 3886 1094 3940 fratris
1130 3884 1559 3940 consolationem
1594 3881 1814 3950 promit,
1849 3889 1979 3932 tunc

410 3982 586 4034 virtus
609 3978 886 4047 eiusmodi
921 3975 1158 4030 hominis
1211 3974 1387 4027 tribus
1435 3972 1697 4025 bonorum
1760 3969 1979 4040 generi-

410 4076 514 4127 bus
545 4069 838 4138 conspicua
872 4083 934 4122 ac
968 4067 1236 4121 laudanda
1267 4072 1373 4129 est,
1433 4063 1690 4116 nimirum
1755 4071 1978 4130 aspectu

410 4163 541 4229 leni,
579 4161 858 4230 colloquio
882 4170 1194 4222 mansueto,
1253 4158 1472 4212 actione
1525 4155 1789 4210 beneﬁca.
1850 4153 1982 4220 Qua:

409 4256 515 4310 tria
554 4255 644 4310 ubi
679 4253 1014 4324 possederis,
1077 4251 1262 4306 nescio
1296 4251 1363 4305 de
1427 4248 1628 4319 quibus
1685 4246 1982 4301 sudoribus

411 4350 762 4420 aclacrymis
788 4347 1008 4418 gloriari
1062 4348 1278 4414 possint
1326 4344 1504 4399 adhuc
1554 4343 1650 4414 qui
1701 4341 1980 4414 perpetuis

409 4441 666 4513 precibus
698 4441 1019 4496 incumbunt
1038 4449 1092 4494 et
1124 4440 1441 4509 frequenter
1465 4453 1586 4494 sese
1605 4445 1978 4506 prosternunt,

409 4538 550 4590 adeo
593 4545 653 4589 ut
687 4536 850 4588 etiam
906 4543 959 4588 te
1004 4534 1069 4588 ad
1123 4549 1298 4603 genua
1353 4532 1620 4587 ﬂectenda
1665 4544 1985 4600 permovere

411 4625 606 4689 velint,
649 4632 709 4677 ut
745 4625 878 4693 ipsis
909 4640 974 4678 ex
1004 4634 1158 4692 parte
1215 4624 1412 4678 similis
1449 4623 1564 4676 tias.
1633 4621 1697 4676 Et
1725 4623 1857 4693 quid
1894 4622 1984 4676 ille

413 4716 508 4785 qui
559 4730 724 4785 supra
768 4714 988 4767 modum
1119 4714 1184 4767 ad
1231 4715 1627 4768 continentiam
1677 4727 1984 4781 provocans

414 4823 538 4861 cum
591 4808 683 4876 qui
711 4823 740 4860 a
774 4807 933 4862 nobis
963 4807 1190 4860 edoctus
1221 4807 1330 4862 est?
1365 4805 1527 4862 Decet
1556 4809 1781 4860 omnino
1805 4820 1985 4878 genua

413 4900 652 4962 ﬂectere,
694 4913 727 4951 ο
759 4897 929 4952 frater
957 4898 1225 4967 religiose,
1261 4908 1525 4967 quantum
1548 4905 1702 4968 potes
1725 4913 1742 4951 :
1766 4899 1986 4966 quando

414 4999 597 5044 autem
638 5004 742 5042 non
778 4991 948 5053 vales,
987 4990 1120 5044 ollcr
1152 4990 1260 5045 Deo
1329 5006 1519 5061 preces
1561 5000 1681 5045 tuas
1744 5002 1984 5057 erectus,

413 5085 558 5138 haud
592 5085 816 5137 ﬂectens
847 5097 1011 5150 genu,
1039 5083 1334 5136 secundum
1369 5082 1776 5137 sanctissimum
1809 5082 1982 5148 illum,

413 5181 481 5232 de
511 5192 622 5248 quo
650 5178 853 5231 dicitur
887 5195 899 5228 :
928 5174 1084 5230 Stetit
1114 5176 1167 5227 in
1197 5175 1510 5230 calamitate
1539 5177 1626 5230 ille
1654 5191 1844 5230 servus
1865 5175 1982 5240 Dei,

411 5281 468 5325 et
504 5269 838 5340 propitiavit,
867 5277 921 5322 et
946 5268 1147 5321 malum
1191 5271 1450 5330 cessavit,
1478 5280 1530 5324 et
1569 5271 1634 5322 ad
1679 5273 1983 5325 satietatem

415 5378 589 5431 usque
629 5362 918 5431 colligatus
952 5371 1002 5416 et
1031 5371 1318 5416 contortus
1368 5362 1419 5416 in
1446 5363 1542 5418 ιειΙὶ
1597 5365 1814 5419 tristitia
1863 5380 1986 5433 per—

413 5455 556 5507 ειίιίι
586 5469 598 5517 ;
635 5463 893 5522 praeterea
923 5455 972 5507 ei
1007 5470 1204 5510 manus
1262 5456 1518 5510 Mosaicm
1576 5472 1683 5510 non
1717 5457 1770 5511 in
1839 5465 1981 5512 terra

413 5544 676 5609 sutlultae,
709 5546 796 5599 ubi
831 5547 1092 5616 propheta
1125 5547 1382 5613 fatigatus
1413 5559 1551 5615 erat,
1607 5565 1700 5618 per
1760 5550 1983 5622 ﬁguram

414 5645 882 5703 rcprmsentaruut
920 5637 1164 5692 futurum
1201 5640 1381 5695 crucis
1426 5643 1744 5696 miraculum
1793 5651 1988 5698 erecta:

419 5726 486 5776 ad
547 5725 746 5780 coelum
789 5737 953 5798 atque
1005 5730 1084 5784 sic
1120 5733 1374 5800 precibus
1424 5735 1685 5789 auxilium
1741 5734 1984 5788 divinum

420 5817 780 5873 attrahentes.
1505 5818 1511 5824 '

1625 5869 1765 5918 κ..

2082 3270 2163 3304 σοι
2195 3252 2293 3320 τὴν
2317 3249 2522 3318 ἀρετὴν
2545 3245 2896 3316 ἐκπληρώσει
2924 3241 3249 3310 ὲξισωθεῖσα
3271 3241 3335 3310 τῇ
3365 3233 3490 3291 κατ’
3516 3240 3666 3290 ἐκεῖ·

2079 3362 2168 3398 νον
2198 3345 2365 3414 βροχῇ
2399 3340 2716 3410 συμπάθεια
2753 3336 2975 3406 πτωχοῦ
3015 3333 3273 3404 ἀδελφοῦ.
3308 3334 3402 3386 καὶ
3436 3331 3664 3402 βλέμμα

2078 3438 2266 3508 ἱλαρὸν
2296 3435 2429 3507 πρὸς
2472 3435 2703 3497 ἐκεῖνον,
2733 3433 2830 3486 καὶ
2870 3431 2928 3496 ἐξ
2971 3430 3340 3500 ἑλεημοσύνης
3370 3424 3659 3495 γαλήνιον.

2154 3537 2234 3582 ιε’.
2269 3528 2331 3582 Εἰ
2359 3527 2414 3580 δὲ
2453 3529 2518 3596 τῇ
2550 3527 2750 3593 ὀπτικῇ
2796 3522 2969 3596 ταύτῃ
3003 3524 3156 3592 πηγῇ
3193 3522 3286 3574 καὶ
3311 3521 3346 3586 ἡ
3377 3519 3499 3589 μετ’
3527 3517 3664 3570 αὐτὸ

2080 3623 2398 3690 κατωτέρω,
2451 3621 2483 3688 ή
2525 3619 2664 3672 κατᾶ
2717 3616 2911 3686 στόμα,
2961 3613 3214 3668 ἐκϐλύσει
3273 3612 3432 3679 λόγον
3482 3612 3666 3678 παρή-

2080 3731 2261 3784 γορον,
2285 3714 2425 3766 δοκῶ
2451 3727 2560 3781 μοι,
2586 3710 2679 3762 καὶ
2695 3707 2930 3776 δάκρυον
2954 3705 3152 3758 αὐτίκα
3181 3703 3258 3772 τῷ
3289 3702 3436 3771 λόγῳ
3463 3717 3662 3753 συνεκ-

2081 3805 2441 3876 δραμεῖσθαι,
2515 3803 2650 3870 ὅπερ
2713 3799 2934 3870 ἀποψᾷν
2993 3799 3026 3868 ἡ
3096 3795 3246 3860 δεξιὰ
3343 3796 3464 3866 χεὶρ
3523 3796 3666 3862 ἀμε-

2082 3899 2295 3967 λήσασα.
2345 3896 2439 3949 καὶ
2491 3893 2582 3947 τοῦ
2623 3892 2823 3946 κόλπου
2873 3891 3160 3960 γενομένη,
3228 3888 3304 3950 ὡς
3366 3887 3462 3941 καὶ
3514 3886 3662 3939 ὲκεῖ-

2085 3991 2177 4043 θεν
2209 3983 2700 4057 παρηγορήσεσθαι
2745 3983 2836 4035 τὸν
2890 3980 3142 4048 ἀδελφὸν,
3202 3978 3660 4044 ἀποκαταστήσει

2082 4081 2142 4133 τὸ
2182 4080 2394 4132 ἐκείνου
2461 4075 2664 4142 ἀγαθὸν
2714 4074 2795 4135 είς
2851 4072 2978 4142 τρία
3030 4071 3204 4134 καλὰ,
3257 4072 3318 4122 τὸ
3383 4069 3472 4122 διὰ
3528 4066 3660 4129 θέας

2085 4166 2397 4235 ἐπαγωγοῦ,
2464 4165 2523 4216 τὸ
2559 4163 2646 4217 διὰ
2697 4161 2914 4232 ὁμιλίας
2976 4158 3271 4230 ἐμμελοῦς,
3331 4159 3427 4210 καὶ
3457 4157 3514 4210 τ’)
3572 4156 3664 4208 διὰ

2085 4259 2334 4330 πράξεως
2364 4255 2738 4326 εὐεργετικῆς.
2761 4254 2941 4323 “Amp
2971 4253 3072 4304 οὐκ
3095 4247 3213 4304 οἶδα
3251 4250 3420 4303 ποίων
3494 4246 3662 4317 ίδρὼ-

2085 4370 2194 4405 των
2225 4350 2320 4403 καὶ
2350 4347 2602 4418 δακρύων
2633 4348 2694 4400 οὐ
2745 4350 3258 4416 κατακαυχήσονται
3301 4345 3383 4395 ἔτι
3428 4341 3671 4412 ἐχόμενα

2088 4443 2470 4506 κατακλῶντες
2519 4443 2567 4493 οἱ
2605 4443 2705 4509 τῆς
2734 4435 3044 4507 ἐνδελεχοῦς
3084 4433 3400 4505 προσευχῆς
3452 4432 3672 4499 ἄνθρω-

2090 4553 2204 4600 ποι,
2236 4533 2333 4587 καὶ
2375 4533 2542 4604 συχνά
2573 4529 2882 4600 βάλλοντες,
2919 4527 3001 4581 ὅτι
3030 4528 3126 4580 καὶ
3154 4528 3233 4588 εἰς
3264 4527 3370 4594 γῆν
3409 4521 3671 4585 ὀκλάζειν

2091 4646 2152 4681 σε
2204 4627 2501 4692 πείθουσιν,
2550 4624 2625 4687 ὼς
2677 4618 3113 4690 ὑπογιγνώσκειν
3167 4618 3268 4686 τὴν
3302 4615 3438 4687 πρὸς
3463 4613 3670 4676 αὐτοὺς

2090 4721 2478 4790 παρεξίσωσιν.
2517 4717 2628 4770 Καὶ
2670 4715 2725 4767 τί
2771 4717 2798 4768 ὁ
2829 4713 2963 4782 πρὸς
2999 4710 3267 4780 ἀμετρίαν
3306 4711 3668 4776 ἐγκρατευτιο

2089 4813 2200 4876 κῶς
2228 4811 2668 4882 προκαλούμενος
2690 4807 2780 4860 τὸν
2806 4809 2862 4859 ἐν
2884 4807 3015 4876 ἡμῖν
3043 4803 3469 4870 διδασκόμενον;
3505 4798 3679 4850 Γονυ.

2090 4905 2349 4973 κλίτησον
2393 4903 2728 4970 ἀναγκαίως,
2760 4893 2804 4952 ὧ
2837 4897 2976 4950 κατά
3015 4895 3147 4948 Θεὸν
3176 4893 3394 4962 ἀδελφέ,
3434 4894 3509 4953 εἰς
3536 4891 3680 4942 ὅσον

2089 4998 2356 5053 δύνασαι·
2396 4997 2472 5066 μὴ
2522 4993 2786 5064 ἐξισχύων
2809 4992 2864 5044 δὲ
2903 4990 3063 5055 ὅλως,
3101 4987 3405 5058 πρόσευξαι
3438 4983 3507 5052 τῷ
3538 4981 3682 5051 Θεῷ

2090 5089 2440 5159 καθηκόντως
2490 5085 2844 5158 ὀρθοστάδην,
2899 5080 2976 5152 μὴ
3026 5081 3296 5148 κάμπτων
3350 5076 3474 5144 γόνυ
3515 5077 3683 5126 κατὰ

2088 5183 2179 5234 τὸν
2205 5179 2507 5248 ἁγιώτατον
2550 5179 2758 5231 τοῦτον.
2787 5177 2982 5242 Ἔστη,
3015 5173 3204 5241 φησὶν,
3237 5173 3298 5223 ἐν
3337 5172 3402 5240 τῇ
3437 5165 3686 5236 θραύσει

2090 5279 2117 5330 ὁ
2139 5277 2287 5329 δεῖνα
2319 5275 2575 5344 θεράπων
2615 5268 2776 5337 Θεοῦ,
2804 5273 2900 5323 καὶ
2935 5271 3242 5336 ἑξιλάσατο,
3279 5267 3374 5320 καὶ
3401 5265 3456 5317 τὸ
3488 5264 3687 5316 κακον

2091 5367 2394 5432 ἐπαύσατο,
2420 5366 2514 5418 καὶ
2541 5364 2810 5434 ἐκορέσθη
2838 5363 3130 5433 κρικωθεὶς
3156 5360 3383 5423 ἐκεῖνος,
3407 5355 3491 5411 καὶ
3513 5354 3691 5409 οὕτω

2092 5461 2449 5530 σφαιρωθεὶς,
2502 5461 2599 5512 καὶ
2662 5459 2894 5528 συστολῇ
2945 5454 3172 5525 τοιαύτῃ
3233 5454 3527 5523 γνόμενος·
3592 5449 3691 5502 ἔτι

2090 5551 2240 5621 αύτῷ
2269 5553 2323 5603 αἱ
2354 5548 2646 5604 διωσαῖκαὶ
2693 5550 2874 5618 χεῖρες
2915 5547 2975 5598 οὗ
3009 5545 3148 5613 πρὸς
3191 5546 3257 5612 τῇ
3291 5545 3359 5613 γῇ
3389 5535 3668 5609 ἐρείδδμε

2091 5664 2199 5709 ναι,
2235 5641 2661 5712 συγχαλωμένου
2691 5639 2785 5692 τοῦ
2823 5639 3121 5709 προφήτου,
3169 5637 3432 5706 ἐνήργουν
3472 5646 3546 5681 τυ
3562 5648 3694 5684 πω-

2090 5725 2193 5797 δῶς
2229 5735 2299 5785 τὰ
2355 5734 2411 5785 ἐν
2446 5732 2657 5801 ὑστέρῳ
2717 5729 2896 5800 χρόνῳ
2946 5725 3217 5798 στα-δρικά
3249 5724 3535 5795 τεράστια,
3587 5738 3684 5787 με-

2098 5824 2494 5896 ταρσιούμεναι
2524 5824 2602 5884 εἰς
2626 5821 2878 5891 οὐρανὸν,
2911 5822 3005 5875 καὶ
3036 5819 3177 5873 οὕτω
3206 5815 3583 5871 καθέλκουσαι
3621 5813 3699 5866 δι’

2099 5917 2263 5985 εὖγῆς
2289 5917 2386 5984 τὴν
2417 5913 2627 5967 ἐκεῖθεν
2654 5911 2929 5984 βοήθειαν.
