3912 6244
254 354 347 422 5θί

1517 344 1600 404 ut
1645 308 1851 406 rsas.
1905 345 2175 411 XLvm.

3369 349 3474 414 534

318 483 404 541 ις’.
442 473 694 544 Μίμησαι
720 471 816 524 καὶ
845 466 1202 531 διδασκάλους
1241 465 1498 534 ἐνταῦθα,
1523 461 1598 521 ὧν
1618 467 1793 529 οὐδεὶς

1971 466 2059 522 16.
2090 465 2308 522 Imitare
2357 468 2444 524 hic
2474 467 2638 524 etiam
2668 468 2964 539 magistros
3008 480 3246 538 quorum
3309 483 3473 522 nemo

253 568 335 623 ἐπὶ
375 566 656 635 πρόσωπον
704 559 1223 632 καταρρηγνύμενος
1267 559 1470 629 ὠφελεῖ
1524 558 1791 611 διδάσκων

257 660 366 719 τοὺς
409 655 794 724 μανθάνοντας.
849 652 1185 721 Ἐνθύμησαι
1234 651 1328 704 καὶ⁵
1373 650 1432 703 τό
1459 666 1472 680 ο
1510 668 1528 702 ι
1566 651 1734 718 Ἐστη
1766 648 1793 701 ὁ

270 747 454 817 Ἰησοῦς
500 746 592 799 ἐπὶ
620 745 790 797 τόπου
839 741 1082 806 πεδινοῦ,
1134 741 1230 794 καὶ
1280 740 1487 811 πλῆθος
1531 739 1795 811 μαθητῶν

261 841 380 896 πολὺ
410 840 529 910 περὶ
555 838 752 892 αὐτόν’
802 856 821 890 ι
856 836 915 889 οὐ
954 837 1062 906 μὴν
1106 834 1422 904 γονυπετῶς
1455 834 1695 905 διετέθη.
1728 836 1794 891 Εί

255 934 303 988 lt
325 934 408 987 xui
434 931 600 998 πολλὴ
636 930 833 1001 χρῆσις
860 929 1103 996 γονάτων
1129 928 1384 989 κλίσεως.
1418 928 1513 981 καὶ
1554 928 1796 999 ίδρώτων

255 1023 558 1087 ἔκελύσεως,
588 1023 684 1074 καὶ
708 1019 888 1073 αὐτῶν
924 1019 1069 1073 κατὰ
1099 1017 1375 1090 θρόμϐους
1424 1018 1671 1090 αἱμάτων
1702 1020 1798 1075 καὶ

258 1116 487 1186 δακρύων
523 1112 859 1183 καταρῤοῆς,
899 1111 991 1165 καὶ
1030 1111 1203 1164 κόπου
1247 1111 1353 1174 ἕως
1387 1113 1480 1165 καὶ
1507 1111 1588 1174 είς
1620 1111 1800 1181 μελῶν

258 1207 490 1278 πάρεσιν.
520 1204 654 1257 ἀλλὰ
688 1202 800 1271 ἐγὼ
843 1203 934 1256 τὸν
979 1202 1114 1256 Θεὸν
1158 1202 1253 1256 καὶ
1302 1203 1465 1256 αὐτὸν
1499 1202 1677 1265 εἰδὼς,
1705 1204 1799 1256 καὶ

259 1304 347 1372 τὴν
370 1300 526 1354 αὑτοῦ
561 1297 910 1364 δεσποτείαν,
943 1296 1023 1350 δτι
1055 1297 1164 1350 πᾶν
1210 1295 1415 1363 ἀγαθὸν
1454 1294 1803 1366 ἀνθρώπινον

257 1393 525 1456 είσοδιάζει
557 1390 925 1461 κομιζόμενον
969 1387 1140 1455 αύτῷ,
1174 1387 1272 1440 καὶ
1315 1387 1471 1440 οὐδὲν
1501 1385 1800 1450 ὲξουθενοῖ,

259 1488 342 1541 καὶ
366 1483 733 1555 παραμετρῶν
759 1482 901 1536 αὐτὰ
928 1481 1007 1550 πῆ
1041 1481 1141 1550 μὲν
1168 1479 1425 1549 δυνάμει,
1456 1480 1532 1547 πῆ
1572 1480 1628 1533 δὲ
1671 1480 1802 1532 ἀδυ-

257 1578 428 1647 ναμίᾳ,
450 1579 514 1646 τῇ
545 1576 669 1629 κατ’
697 1573 1004 1644 άνθρωπον,
1046 1573 1233 1626 ἐκεῖνα
1266 1571 1367 1642 μὲν
1393 1564 1468 1625 ὧν
1494 1571 1653 1636 ὑμεῖς
1687 1574 1806 1639 ἐφι-

260 1669 483 1723 κνεῖσθαι
510 1668 615 1721 οῦκ
649 1667 823 1737 ἔχετε,
848 1667 927 1729 είς
961 1664 1414 1735 ὕπερὸάλλουσαν
1440 1663 1659 1733 τίθεμαι
1683 1664 1809 1732 ἀρε-

1903 558 2055 613 vultu
2106 559 2161 614 in
2188 569 2389 615 terram
2425 561 2602 617 delito
2650 560 2853 615 docens
2899 559 3187 630 discipulis
3228 562 3473 629 prodest.

1903 651 2210 708 Recordare
2239 654 2400 708 etiam
2432 654 2560 709 dicti
2588 654 2735 710 illius
2771 671 2784 706 :
2819 652 3010 709 «Stetit
3040 652 3203 709 Jesus
3244 654 3298 708 in
3353 654 3475 707 loco

1907 759 2129 805 saxoso.
2173 755 2227 800 ct
2274 760 2470 815 magna
2519 746 2913 817 discipulorum
2976 745 3273 801 multitudo
3326 746 3475 799 circa

1904 851 2026 891 eum
2057 853 2073 903 ;
2107 854 2124 887 ›
2152 852 2259 891 non
2283 836 2448 909 igitur
2480 853 2653 907 genua
2685 838 2848 893 ﬂexit.
2879 837 3102 893 Etiamsi
3149 852 3278 892 vero
3330 836 3478 889 mul-

1907 938 2024 983 tum
2065 930 2286 999 prodest
2317 945 2556 1000 genuum
2607 929 2787 994 ﬂexio,
2831 940 2886 984 et
2937 931 3158 986 sudoris
3208 928 3474 999 profusio,

1905 1031 1959 1077 et
1996 1023 2361 1094 lacrymarum
2404 1024 2797 1094 sanguinisque
2846 1026 3000 1095 ecpia
3071 1025 3260 1080 densis
3317 1023 3479 1077 stillis

1909 1112 2183 1179 deﬂuens,
2222 1129 2322 1183 ego
2379 1122 2586 1178 tamen,
2645 1124 2832 1185 utpote
2902 1131 3238 1185 cognoscens
3304 1114 3477 1167 Deum

1909 1202 2141 1272 ejusque
2199 1204 2527 1273 potentiam,
2564 1220 2673 1276 qua
2719 1206 2904 1261 omnia
2961 1207 3103 1262 bona
3163 1206 3480 1261 hominibus

1903 1294 2157 1366 largitur,
2181 1311 2357 1365 neque
2378 1298 2672 1367 quidquam
2701 1296 2854 1352 nihili
2886 1297 3036 1360 facit,
3067 1296 3159 1352 sed
3195 1312 3257 1351 ea
3281 1297 3479 1366 partim

1920 1387 2131 1455 robori,
2181 1389 2379 1458 partim
2412 1389 2713 1444 inﬁrmitati
2770 1390 3051 1445 hominum
3081 1389 3323 1458 adaptat,
3356 1401 3480 1457 ego,

1906 1477 2153 1548 inquam,
2173 1479 2262 1533 illa
2291 1495 2413 1550 quae
2447 1495 2543 1536 vos
2569 1483 2783 1552 assequi
2815 1496 2921 1536 non
2960 1482 3216 1552 potestis,
3247 1481 3478 1550 egregiae

1912 1572 2131 1626 virtutis
2186 1587 2309 1628 esse
2350 1588 2575 1628 censeo.
2603 1573 2963 1644 Qumcunqne
3024 1585 3205 1628 autem
3264 1575 3482 1644 magnis

1930 1662 2043 1718 illis
2068 1664 2468 1720 certaminibus
2496 1673 2550 1720 et
2599 1666 2886 1723 laboribus
2920 1677 2973 1723 et
3004 1665 3202 1723 studiis
3224 1666 3482 1723 inferiora

257 1761 367 1828 τήν.
390 1758 597 1813 Ὁπόσα
624 1758 681 1812 δὲ
704 1757 798 1812 καὶ
829 1752 917 1810 οἷα
944 1756 1172 1821 ἐκείνοις
1200 1756 1313 1819 τοῖς
1339 1754 1596 1825 μεγάλοις
1632 1755 1807 1823 ἀγῶσι

1915 1758 2070 1814 sunt,
2095 1752 2164 1807 ad
2205 1754 2643 1811 mediocritatem
2676 1755 2880 1822 reiero,
2909 1758 2996 1812 cui
3030 1756 3276 1827 plerique
3303 1757 3484 1819 homi-

258 1854 342 1907 καὶ
366 1852 627 1922 καμάτοις
657 1852 752 1904 καλ.
800 1851 991 1912 κόποις
1042 1848 1489 1915 ύποϐιόάζονται,
1526 1850 1607 1911 εἰς
1651 1848 1807 1916 λόγον

1914 1862 2009 1903 nes
2037 1846 2247 1903 addicti
2288 1859 2443 1918 sunt,
2472 1859 2528 1905 rt
2572 1851 2917 1921 potissimum
2949 1851 2985 1905 ii
3040 1850 3133 1925 qui
3166 1851 3484 1909 necessario

257 1943 575 2015 συμμετρίας
608 1942 928 2007 άποτάσσω,
948 1936 1017 2013 ἦς
1039 1943 1086 1995 oi
1122 1941 1338 2004 πλείους
1359 1941 1467 1994 τῶν
1497 1939 1621 1994 καθ’
1653 1941 1800 2011 ἡμᾶς

253 2033 534 2103 ἀνθρώπων
555 2032 937 2103 στοχάζονται,
963 2031 1057 2084 καὶ
1082 2032 1321 2101 μάλιστα
1342 2031 1392 2082 oi
1410 2031 1681 2099 βιωτικολ,
1704 2030 1801 2084 καὶ

252 2122 423 2194 τῆςώς
445 2125 708 2179 ἑκάστοτε
732 2122 937 2194 τύρϐης
968 2124 1064 2177 καὶ
1095 2124 1353 2193 ἀσχολίας
1376 2124 1434 2190 ἐξ
1453 2123 1799 2193 άνάγκηςγι-

250 2213 467 2285 νόμενοι·
500 2212 598 2293 οὓς
622 2213 835 2284 ἑνάγων
857 2215 934 2278 είς
954 2213 1375 2286 άγαθοπραγίαν
1402 2213 1478 2284 τῷ
1498 2215 1594 2267 νῦν
1618 2214 1801 2285 καιρῷ

250 2305 563 2377 πρέπουσαν,
617 2304 716 2360 καὶ
766 2307 1210 2376 ἀναμιμνήσκων
1267 2304 1636 2375 γονυκλισίας,
1673 2306 1802 2378 περὶ⁵
1834 2366 1848 2378 ,

204 2456 209 2461 ,
247 2393 308 2468 ἧς
326 2390 392 2471 ἧν
419 2396 709 2470 προσεχιῖκς
752 2398 886 2468 ἡμῖν
928 2400 956 2452 ὁ
981 2397 1162 2466 λόγος,
1191 2396 1336 2466 λέγω
1373 2397 1487 2463 καὶ,
1529 2396 1610 2451 ὅτι
1637 2399 1666 2452 ὁ
1700 2397 1802 2471 τὴν

246 2487 409 2562 ψυχὴν
442 2491 740 2561 κάμπτων,
774 2490 870 2544 καὶ
920 2489 983 2544 τὸ
1023 2491 1293 2561 σαρκικὸν
1322 2488 1511 2552 ἀτενὲς
1541 2489 1800 2562 φρόνημα

247 2581 597 2648 γατακλίνων,
652 2584 749 2638 καὶ
797 2584 859 2639 τὸ
893 2582 1057 2653 δῆθεν
1102 2581 1405 2654 περιφανὲς
1448 2583 1800 2652 ὑπερήφανον

247 2673 482 2747 ἀλαμπὲς
506 2674 821 2740 ἀποτελῶν,
860 2678 932 2739 ὡς
967 2669 1080 2730 οἷον
1112 2675 1213 2747 ζῇν
1255 2674 1534 2747 ὲγκρυφῆ,
1576 2677 1672 2729 καὶ
1724 2677 1799 2746 μὴ

248 2768 728 2836 πραγματεύεσθαι
760 2767 821 2821 τὸ
850 2768 1237 2839 περίϐλεπτον,
1273 2765 1408 2821 ἀλλὰ
1436 2767 1580 2821 κατὰ
1608 2768 1716 2821 πᾶν
1741 2767 1802 2822 τὸ

247 2857 367 2926 περὶ
415 2858 576 2912 αὐτὸν
631 2857 914 2929 ὐπέρτφρυ
955 2858 1051 2912 καὶ
1097 2857 1158 2912 τὸ
1186 2858 1329 2912 κατὰ
1357 2858 1537 2929 οῐησιν
1563 2859 1803 2927 αἰθέριον

245 2951 516 3005 ταπεινοῦν
551 2952 666 3015 ἕως
702 2950 826 3021 γῆς,
856 2952 1065 3015 ἐκεῖνος
1085 2951 1187 3005 οὐκ
1220 2950 1287 3004 ἂν
1308 2949 1483 3004 δέοιτο
1511 2950 1803 3018 κατακάμ.⁴

246 3040 379 3109 ψεως
407 3043 681 3112 γονάτων,
710 3044 831 3096 ὅλον
861 3042 1056 3096 ἑαυτὸν
1100 3044 1166 3113 τῇ
1225 3041 1557 3095 ταπεινώσει
1588 3041 1802 3113 καταρ-

246 3135 440 3204 ρίπτων
485 3137 568 3201 είς
625 3137 752 3206 γῆν,
782 3136 881 3207 ἤδη
920 3135 979 3190 δὲ
1033 3135 1129 3189 καὶ
1176 3134 1253 3197 ὡς
1285 3128 1373 3188 οἷα
1403 3132 1640 3203 σκώληξ,
1680 3130 1802 3185 οὐδὲ

244 3224 331 3278 τοῦ
390 3227 531 3297 ὑπὲρ
586 3228 698 3298 γῆς
749 3227 1038 3297 φαίνεσθαι
1104 3226 1308 3297 κρίνων
1372 3222 1627 3289 κατάξιον
1683 3212 1883 3276 ξαν-Ο

315 3408 397 3474 ιζ’.
419 3412 607 3468 Ἔστω
657 3412 790 3480 γοῦν
835 3411 988 3480 ὑμῖν,
1018 3403 1064 3464 ὢ
1096 3409 1339 3481 ἀδελφοὶ,
1373 3410 1467 3464 καὶ
1505 3408 1567 3464 τὸ
1606 3424 1804 3462 ταπει-

242 3502 450 3558 νοῦσθαι
492 3502 866 3574 γονυκλίσεων
912 3502 1206 3558 ἀντίδοτον.
1264 3503 1378 3555 Καὶ
1424 3502 1489 3555 τὸ
1526 3500 1802 3571 σύμϐολον

246 3594 334 3663 τῆς
359 3596 775 3661 ταπεινώσεως,
827 3597 929 3666 τὴν
973 3596 1116 3650 κατὰ
1150 3596 1255 3665 γῆς
1302 3594 1450 3665 ρίψιν
1483 3593 1803 3659 ἰδιάζοντες,

243 3686 323 3741 ὅτε
356 3687 428 3758 μὴ
456 3688 696 3743 δύνασθε
718 3687 1043 3758 προϐάλλειν
1062 3688 1211 3752 αὐτὸ,
1247 3686 1421 3756 αὐτῆς
1452 3685 1670 3757 ἐκείνης
1708 3686 1807 3754 τῆς

246 3780 298 3832 ἑν
320 3779 413 3853 ὅλῃ
438 3780 587 3851 ψυχῇ
632 3776 1019 3842 ταπεινώσεως
1071 3778 1327 3849 γίνεσθεο
1382 3778 1476 3833 καὶ
1523 3774 1700 3843 άλλως
1751 3776 1807 3831 δὲ

243 3870 480 3936 νοοῦντες
537 3874 651 3943 τὴν
682 3871 796 3924 τῶν
824 3873 1070 3941 γονάτων
1107 3870 1253 3926 κατὰ
1299 3872 1405 3942 γῆς
1458 3872 1663 3935 κλίσιν,
1715 3871 1810 3926 καὶ

244 3961 377 4015 οὕτω
405 3964 741 4035 σωματικὴν
788 3964 930 4018 κατά
960 3963 1178 4032 κλῆσιν,
1212 3963 1522 4035 κωλυτικὴν
1550 3959 1688 4018 εῖναι
1714 3962 1809 4017 τοῦ

247 4053 493 4124 βαδίζειν,
525 4055 835 4126 βαδιστικοὶ
871 4055 1074 4125 τρόπον
1111 4054 1272 4107 ἄλλον
1315 4053 1639 4124 μεθοδεύετε
1671 4051 1811 4108 εἶναι

247 4146 531 4211 πολυειδῶς
556 4150 642 4212 είς
697 4146 926 4218 ἀρετήν.
990 4146 1102 4201 Καὶ
1134 4145 1416 4215 λογίζεται
1447 4146 1578 4218 ὑμῖν
1615 4148 1643 4200 ὁ
1680 4145 1814 4209 Θεὸς

244 4237 366 4291 αὐτὸ
394 4240 478 4302 είς
498 4224 716 4308 ἀγαθὸν
750 4237 898 4291 οὐδὲν
922 4236 1018 4291 τοῦ
1044 4237 1388 4307 γονυκλίνειν
1414 4238 1662 4297 ἔλαττον.
1690 4236 1814 4289 ἐπεί

244 4343 320 4381 τοι
345 4331 436 4383 καὶ
462 4330 849 4401 φυσικώτερον
873 4330 988 4402 ἅμα
1016 4330 1113 4385 καὶ
1138 4332 1525 4402 ἐνεργέστερον
1548 4333 1644 4385 καὶ
1673 4348 1815 4402 πρα-

247 4421 575 4495 κτικώτερον
610 4418 995 4486 κατακλίσεως
1025 4425 1057 4494 ἡ
1089 4424 1395 4485 ἀνάστασις
1417 4423 1515 4476 καὶ
1568 4423 1812 4475 ἀνάπαυ-

1903 1938 2063 2008 hujus
2101 1941 2224 1996 vita:
2248 1941 2426 1996 turbis
2457 1949 2623 2013 atque
2645 1942 2793 2000 curis
2838 1943 3314 2015 constringuntur,
3338 1958 3479 2011 quos

1901 2032 1968 2087 ad
2003 2033 2346 2089 honestatem
2388 2035 2516 2090 huic
2548 2036 2782 2106 tempori
2810 2037 3225 2091 convenientem
3285 2037 3483 2107 perdu-

1901 2137 2034 2179 cens
2079 2130 2134 2179 et
2179 2141 2417 2195 genuum
2462 2125 2736 2194 ﬂexionis,
2774 2128 2844 2184 de
2897 2144 3007 2200 qua
3044 2128 3333 2202 hucusque
3382 2145 3479 2184 no-

1905 2215 1992 2271 bis
2048 2231 2232 2273 sermo
2288 2218 2412 2284 t'uit,
2468 2219 2970 2275 conuuonei’aciens
3014 2220 3160 2286 dico,
3222 2234 3346 2274 eum
3384 2220 3479 2289 qni

1904 2305 2145 2362 animam
2189 2307 2440 2374 inclinat,
2504 2317 2558 2363 et
2607 2309 2883 2364 carnalem
2941 2323 3166 2365 sensum
3218 2304 3481 2371 deﬂectit,

1902 2404 1958 2452 et
1993 2396 2273 2467 superbia:
2314 2396 2741 2452 ostentationem
2787 2396 2855 2453 ad
2926 2398 3208 2455 modestiae
3278 2398 3486 2468 tempe-

1913 2491 2152 2544 rantiam
2204 2488 2439 2556 reducit,
2492 2490 2565 2545 ita
2615 2500 2674 2546 ut
2720 2492 2879 2561 quasi
2929 2491 2985 2546 in
3031 2491 3359 2547 abscondito
3405 2489 3486 2546 vi-

1901 2593 1992 2637 vat
2052 2596 2232 2652 neque
2279 2597 2472 2638 coram
2530 2583 2735 2639 mundo
2796 2583 3041 2653 conSpici
3095 2583 3311 2654 gestiat,
3385 2581 3480 2638 sed

1902 2687 2064 2729 omne
2113 2673 2470 2743 supercilium
2506 2681 2561 2730 et
2590 2672 2735 2730 altos
2771 2674 3000 2744 spiritus
3032 2683 3303 2744 quantum
3363 2656 3482 2727 ﬂeri

1903 2776 2084 2838 petest
2159 2766 2461 2838 deprimat,
2531 2783 2657 2823 eum
2728 2767 2854 2823 dico
2921 2782 3028 2823 non
3092 2780 3229 2836 Opus
3285 2764 3486 2820 habere

1904 2877 2146 2932 genuum
2199 2861 2456 2926 ﬂexione,
2525 2862 2728 2934 quippe
2764 2861 2857 2933 qui
2919 2859 3205 2916 humiliter
3254 2873 3378 2916 sese
3415 2858 3485 2912 ad

1906 2961 2112 3007 terram
2155 2954 2478 3023 prosternit,
2541 2961 2597 3008 et
2656 2951 2821 3008 veluti
2856 2942 3198 3019 vermis",'ne
3251 2951 3479 3022 dignum

1904 3045 2125 3118 quidem
2178 3061 2302 3105 sese
2355 3044 2633 3105 existimat
2690 3044 2784 3118 qui
2843 3032 3010 3117 supra
3043 3053 3245 3102 terram
3314 3042 3485 3100 extol-

1914 3138 2084 3195 latur.

1984 3414 2071 3481 Π,
2109 3415 2296 3488 itaque
2328 3430 2426 3488 pro
2449 3430 2689 3489 genuum
2720 3415 3027 3480 ﬂexione,o
3055 3413 3275 3481 lratres.
3297 3415 3481 3471 humi-

1908 3506 2036 3562 litas
2071 3505 2226 3561 vobis
2260 3508 2332 3560 sit
2367 3520 2537 3561 curae.
2570 3504 2705 3561 Cum
2738 3515 2919 3561 autem
2955 3504 3264 3577 symbolum
3292 3505 3483 3559 humi-

1908 3599 2081 3654 litatis
2103 3599 2176 3654 sit
2203 3598 2511 3669 provolutio
2535 3600 2590 3654 in
2614 3606 2842 3664 terram,
2890 3598 3153 3669 quoniam
3198 3598 3252 3653 id
3302 3598 3482 3654 facere

1908 3692 2171 3763 nequitis,
2192 3700 2302 3747 tota
2325 3693 2505 3747 anima
2532 3708 2627 3748 vos
2657 3691 2974 3759 bumiliate;
3005 3700 3265 3747 caeterum
3296 3701 3479 3749 autem

1910 3785 2238 3854 cogitantes,
2286 3799 2526 3854 genuum
2580 3783 2647 3838 ad
2703 3792 2906 3840 terram
2970 3783 3317 3839 inﬂexionem
3359 3800 3484 3839 esse

1910 3890 2229 3946 corpoream
2245 3889 2351 3946 qua
2371 3875 2523 3946 gradi
2541 3874 2931 3946 prohibemini,
2952 3875 3059 3930 alio
3077 3874 3240 3931 modo
3257 3874 3311 3929 in
3332 3874 3484 3930 omni

1913 3967 2132 4024 virtutis
2176 3982 2378 4038 genere
2410 3967 2659 4037 progredi
2679 3967 2969 4031 studentis,
3011 3967 3125 4022 lloc
3150 3967 3297 4021 enim
3324 3967 3483 4021 vobis

1914 4060 1970 4115 in
2005 4059 2207 4115 bonum
2249 4058 2595 4128 reputabitur
2622 4073 2650 4110 a
2684 4058 2800 4112 Deo
2839 4057 2986 4112 haud
3023 4057 3206 4112 minus
3238 4072 3402 4127 quam
3433 4056 3482 4110 si

1914 4169 2089 4224 genua
2116 4150 2431 4214 ﬂexissetis,
2480 4149 2749 4220 siquidem
2791 4149 3131 4205 resurrectio
3153 4156 3209 4204 et
3260 4148 3482 4218 requies

1915 4240 2090 4312 magis
2139 4252 2220 4297 est
2273 4249 2486 4296 natura:
2529 4239 2865 4295 conveniens
2908 4249 2962 4293 et
2995 4234 3272 4293 eﬂicacior
3297 4248 3353 4292 et
3415 4240 3484 4291 ad

1914 4333 2082 4387 vitam
2123 4334 2354 4387 activam
2397 4332 2615 4396 utilior;
2648 4338 2913 4401 praeterea
2960 4330 3008 4385 si
3060 4330 3186 4399 quis
3234 4330 3372 4384 bene
3424 4344 3488 4385 se

1918 4423 2163 4488 inclinat,
2198 4423 2392 4477 melius
2425 4423 2589 4476 etiam
2628 4428 2740 4475 stat
2772 4431 2957 4491 rectus
2987 4430 3048 4475 ut
3078 4421 3189 4476 Deo
3227 4420 3438 4487 placeat
3465 4436 3480 4484 ;

247 4529 344 4576 σις,
380 4513 461 4568 In
482 4514 542 4568 δὲ
572 4515 681 4569 καὶ
710 4512 807 4567 τοῦ
846 4515 1265 4584 κατακάμπτειν
1298 4513 1483 4576 καλῶς
1513 4513 1731 4568 κάλλιον
1752 4511 1807 4564 τὸ

1918 4512 2155 4580 denique
2197 4508 2565 4565 immobilitati
2620 4516 2846 4579 praestat
2895 4509 3161 4565 honestus
3192 4517 3398 4573 motus,
3429 4518 3487 4564 et

246 4602 548 4676 Oezpénw;
597 4604 922 4676 ὀρθοῦσθαι,
962 4608 1058 4661 καὶ
1094 4605 1188 4660 τοῦ
1239 4605 1579 4676 ἀκινητίζειν
1645 4603 1708 4656 τὸ
1751 4602 1807 4656 εὖ

1919 4601 2117 4657 melius
2142 4602 2306 4655 habet
2351 4599 2418 4654 ad
2450 4612 2668 4654 omnem
2713 4599 3073 4655 directionem
3122 4613 3243 4653 sese
3271 4605 3490 4653 vertere

246 4698 524 4763 κινείσθαι,
560 4699 663 4753 καὶ
692 4695 791 4751 τοῦ
825 4697 911 4767 ἔφ’
950 4699 1069 4762 ἑνὸς
1095 4697 1302 4768 βαίνειν
1334 4698 1431 4752 καὶ
1459 4696 1601 4751 οὕτω
1628 4694 1817 4767 στηρί-

244 4785 352 4851 ζειν
377 4790 437 4843 τὸ
463 4791 560 4844 καὶ
589 4788 1030 4860 εύπερίστροφον
1057 4790 1132 4854 ὡς
1164 4788 1467 4862 εὔμορφον.

309 4879 401 4951 ιη’.
444 4882 574 4936 Ἔτι
620 4881 687 4934 οὐ
737 4879 986 4946 δύνασαι,
1017 4874 1062 4934 ὦ
1112 4882 1173 4935 ὲν
1204 4882 1285 4952 τῷ
1316 4881 1417 4952 βίῳ
1447 4883 1668 4956 άδελαὲ,
1719 4907 1816 4961 νη-

246 4971 483 5027 στεύειν·
544 4973 705 5028 ἔσθιε
745 4973 1003 5042 μετρίως,
1060 4973 1148 5028 ἵνα
1185 4975 1261 5047 μὴ
1307 4975 1569 5047 ῥᾳθύμως
1596 4980 1813 5055 διάγῃς.

244 5063 504 5137 Καθάπερ
537 5064 761 5120 ἀλλοῖον
800 5063 896 5135 μὲν
922 5065 1032 5137 πῦρ
1063 5064 1124 5120 τὸ
1155 5067 1462 5122 διακονικὸν
1494 5072 1589 5125 καὶ
1622 5066 1819 5144 χρειῶ-

247 5155 350 5224 δες,
374 5160 624 5231 ἑτεροῖον
656 5159 718 5211 δὲ
753 5157 816 5211 τὸ
845 5161 1217 5232 τιμωρητικὸν
1242 5163 1308 5231 τῇ
1354 5163 1546 5235 δασείᾳ
1578 5169 1645 5236 τῇ
1678 5168 1819 5221 κατᾶ

241 5251 357 5322 ὅρος
381 5255 462 5321 (τὸ
481 5253 587 5323 μὲν
612 5253 731 5323 γάρ
754 5252 1031 5322 ὠφέλιμόν
1052 5255 1190 5317 ἐστι,
1207 5255 1268 5308 τὸ
1289 5254 1345 5309 δὲ
1364 5255 1549 5310 λοιπὸν
1564 5259 1819 5328 άχρειοῦν

243 5344 335 5413 τὴν
364 5343 499 5412 ’ύλην
529 5342 1036 5413 διεπινεμήσεται),
1072 5343 1214 5397 οὓτω
1262 5345 1359 5399 καὶ
1400 5345 1575 5416 τροερὴ
1611 5347 1821 5416 σύμμε-

241 5448 362 5503 τρος
397 5436 499 5506 μὲν
557 5433 799 5505 συνιστᾷ
852 5432 1088 5505 mam;
1138 5435 1230 5490 τὸν
1281 5437 1592 5507 ἄνθρωπον,
1642 5438 1822 5503 ζωπυ-

245 5525 406 5592 ροῦσα
455 5529 521 5582 τὸ
582 5528 733 5582 κατὰ
776 5525 938 5595 φύσιν
970 5528 1271 5599 ἔνθερμον
1312 5530 1345 5601 ἡ
1384 5529 1441 5582 δὲ
1473 5531 1708 5600 ἄμετρος
1742 5533 1822 5595 είς

242 5617 383 5687 πάθη
412 5619 645 5673 ἐκκαίει
669 5621 1028 5688 άφανιστικα,
1060 5621 1130 5673 δι’
1154 5613 1230 5674 ὧν
1250 5621 1455 5691 αἰωνίῳ
1487 5621 1619 5693 πυρὶ
1644 5639 1824 5692 παρα-

243 5711 524 5778 πέμπεται
585 5714 618 5766 ὀ
679 5712 906 5782 τρυφῶν
940 5714 1179 5786 άμετρα.
1214 5714 1337 5767 Ἔτι
1402 5713 1593 5768 λοῦσαι
1646 5713 1819 5784 ῥύπον

244 5802 577 5872 ἀπογυμνῶν
615 5803 934 5871 ἑαυτὸν,·εί
986 5807 1079 5862 καὶ
1119 5804 1294 5871 άλλως
1325 5805 1560 5872 πλίνθον,
1602 5806 1628 5859 ὅ
1661 5822 1815 5874 φασι,

1918 4706 2083 4764 quam
2114 4705 2226 4746 uno
2257 4689 2395 4760 pede
2426 4697 2666 4747 stantem
2688 4690 2867 4746 eidem
2899 4689 3019 4746 loco
3050 4689 3340 4753 inhaerere,

1988 4876 2078 4933 18.
2109 4875 2301 4942 Porro,
2335 4874 2408 4930 mi
2444 4875 2633 4940 frater,
2669 4876 2844 4947 quiin
2887 4875 3094 4932 mundo
3139 4875 3317 4946 degis,
3369 4891 3479 4930 non

1918 4984 2076 5045 potes
2108 4973 2386 5043 ieiunare;
2419 4973 2522 5028 ede
2554 4987 2678 5028 cum
2716 4970 3116 5034 moderatione,
3143 4985 3212 5025 ne
3234 4969 3485 5024 mollitici

1921 5065 2273 5124 suceumbas.
2314 5062 2780 5131 Quemadmodum
2811 5064 2955 5120 alius
2976 5072 3062 5119 est
3085 5064 3227 5134 ignis
3258 5061 3350 5131 qui
3392 5064 3492 5115 he-

1922 5165 2130 5219 minum
2166 5165 2354 5219 usibus
2382 5172 2435 5218 et
2490 5162 2799 5217 commodis
2835 5161 3085 5226 inservit,
3124 5168 3176 5214 et
3207 5159 3346 5209 alius
3391 5155 3487 5223 qui

1921 5256 2115 5310 silvam
2158 5264 2473 5309 montanam
2528 5253 2756 5308 devorat
2795 5252 2958 5323 (alter
3000 5248 3146 5304 enim
3189 5246 3338 5301 utilis
3379 5254 3485 5305 est,

1921 5351 2061 5404 alter
2116 5355 2322 5413 autem,
2365 5346 2572 5400 nullius
2609 5347 2834 5400 omnino
2877 5341 3041 5410 frugi,
3087 5340 3310 5392 arbores
3359 5350 3490 5390 con-

1921 5441 2148 5509 sumet),
2206 5440 2281 5493 ita
2317 5437 2483 5493 etiam
2518 5437 2675 5492 cibus
2742 5433 3020 5488 moderate
3064 5433 3317 5496 sumptus
3355 5442 3489 5481 con-

1924 5537 2108 5586 servat
2139 5529 2443 5594 hominem,
2480 5529 2720 5581 ealorem
2754 5530 2964 5576 natura:
2991 5521 3410 5573 convenientem
3438 5516 3489 5570 ei

1923 5623 2309 5693 suppeditans;
2363 5619 2720 5675 immoderate
2754 5618 3006 5679 acceptus
3054 5608 3110 5662 in
3168 5604 3493 5676 passionum

1923 5714 2355 5784 perniciosarum
2390 5710 2657 5765 ﬂammam
2688 5705 2868 5761 exurit
2897 5700 3099 5771 quibus
3138 5699 3301 5752 homo
3333 5695 3486 5751 Ιιιτιιμ

1928 5806 2024 5862 tiei
2059 5819 2222 5875 Supra
2250 5800 2468 5858 modtuu
2502 5797 2716 5856 deditus
2750 5792 2861 5864 igni
2885 5800 3089 5847 aeterno
3123 5784 3377 5844 traditur.
3416 5785 3489 5842 De
