  <div class='ocr_page' id='page_1' title='image "/cluster/home/n/w/nwhite01/storage/ocr_20150623/135/mdp.39015029921197/276.png"; bbox 0 0 3942 6250; ppageno 0'>
   <div class='ocr_carea' id='block_1_1' title="bbox 228 332 337 396">
    <p class='ocr_par' dir='ltr' id='par_1_1' title="bbox 228 332 337 396">
     <span class='ocr_line' id='line_1_1' title="bbox 228 332 337 396; baseline 0.028 -5"><span class='ocrx_word' id='word_1_1' title='bbox 228 332 337 396; x_wconf 69' lang='lat'><strong>537</strong></span> 
     </span>
    </p>
   </div>
   <div class='ocr_carea' id='block_1_2' title="bbox 1533 343 2187 409">
    <p class='ocr_par' dir='ltr' id='par_1_2' title="bbox 1533 343 2187 409">
     <span class='ocr_line' id='line_1_2' title="bbox 1533 343 2187 409; baseline 0.009 -6"><span class='ocrx_word' id='word_1_2' title='bbox 1533 343 1617 403; x_wconf 79' lang='grc' dir='ltr'><strong>ΙΝ</strong></span> <span class='ocrx_word' id='word_1_3' title='bbox 1658 344 1872 407; x_wconf 74' lang='lat' dir='ltr'><strong>PSAL.</strong></span> <span class='ocrx_word' id='word_1_4' title='bbox 1911 347 2187 409; x_wconf 77' lang='lat' dir='ltr'><strong>XLVIII.</strong></span> 
     </span>
    </p>
   </div>
   <div class='ocr_carea' id='block_1_3' title="bbox 3381 361 3488 423">
    <p class='ocr_par' dir='ltr' id='par_1_3' title="bbox 3381 361 3488 423">
     <span class='ocr_line' id='line_1_3' title="bbox 3381 361 3488 423; baseline -0.019 0"><span class='ocrx_word' id='word_1_5' title='bbox 3381 361 3488 423; x_wconf 77' lang='lat'><strong>538</strong></span> 
     </span>
    </p>
   </div>
   <div class='ocr_carea' id='block_1_4' title="bbox 227 448 1809 529">
    <p class='ocr_par' dir='ltr' id='par_1_4' title="bbox 227 448 1800 525">
     <span class='ocr_line' id='line_1_4' title="bbox 227 448 1800 525; baseline 0.005 -23"><span class='ocrx_word' id='word_1_6' title='bbox 227 448 522 518; x_wconf 63' lang='grc' dir='ltr'>ἀπρόσιτοι</span> <span class='ocrx_word' id='word_1_7' title='bbox 552 449 648 502; x_wconf 78' lang='grc' dir='ltr'><strong>καὶ</strong></span> <span class='ocrx_word' id='word_1_8' title='bbox 680 448 1147 521; x_wconf 76' lang='grc' dir='ltr'>ἀπροσπέλαστοι.</span> <span class='ocrx_word' id='word_1_9' title='bbox 1186 472 1202 506; x_wconf 72' lang='grc' dir='ltr'><strong>ι</strong></span> <span class='ocrx_word' id='word_1_10' title='bbox 1246 455 1585 525; x_wconf 78' lang='grc' dir='ltr'>Μαινόμενοί</span> <span class='ocrx_word' id='word_1_11' title='bbox 1620 472 1684 525; x_wconf 80' lang='grc' dir='ltr'><strong>γε</strong></span> <span class='ocrx_word' id='word_1_12' title='bbox 1715 449 1800 510; x_wconf 75' lang='grc' dir='ltr'>οῦ-</span> 
     </span>
    </p>
   </div>
   <div class='ocr_carea' id='block_1_5' title="bbox 1918 448 3495 529">
    <p class='ocr_par' dir='ltr' id='par_1_5' title="bbox 1918 460 3495 529">
     <span class='ocr_line' id='line_1_5' title="bbox 1918 460 3495 529; baseline 0.011 -17"><span class='ocrx_word' id='word_1_13' title='bbox 1918 460 2189 523; x_wconf 73' lang='lat' dir='ltr'><strong>viximus;</strong></span> <span class='ocrx_word' id='word_1_14' title='bbox 2264 472 2372 514; x_wconf 86' lang='lat' dir='ltr'><strong>non</strong></span> <span class='ocrx_word' id='word_1_15' title='bbox 2420 463 2570 517; x_wconf 84' lang='lat' dir='ltr'><strong>enim</strong></span> <span class='ocrx_word' id='word_1_16' title='bbox 2636 464 3047 522; x_wconf 84' lang='lat' dir='ltr'><strong>contribulibus</strong></span> <span class='ocrx_word' id='word_1_17' title='bbox 3107 468 3386 527; x_wconf 88' lang='lat' dir='ltr'><strong>terribiles</strong></span> <span class='ocrx_word' id='word_1_18' title='bbox 3438 483 3495 529; x_wconf 90' lang='lat' dir='ltr'><strong>et</strong></span> 
     </span>
    </p>
   </div>
   <div class='ocr_carea' id='block_1_6' title="bbox 232 543 1812 620">
    <p class='ocr_par' dir='ltr' id='par_1_6' title="bbox 232 543 1812 620">
     <span class='ocr_line' id='line_1_6' title="bbox 232 543 1812 620; baseline 0.007 -27"><span class='ocrx_word' id='word_1_19' title='bbox 232 558 342 606; x_wconf 83' lang='grc' dir='ltr'>τοι,</span> <span class='ocrx_word' id='word_1_20' title='bbox 408 545 504 596; x_wconf 69' lang='grc' dir='ltr'><strong>καὶ</strong></span> <span class='ocrx_word' id='word_1_21' title='bbox 538 543 746 598; x_wconf 75' lang='grc' dir='ltr'>λύσσαν</span> <span class='ocrx_word' id='word_1_22' title='bbox 775 545 977 616; x_wconf 84' lang='grc' dir='ltr'>ἀγρίαν</span> <span class='ocrx_word' id='word_1_23' title='bbox 1031 547 1485 620; x_wconf 80' lang='grc' dir='ltr'>ἐνδομυχοῦντες,</span> <span class='ocrx_word' id='word_1_24' title='bbox 1543 551 1639 604; x_wconf 71' lang='grc' dir='ltr'>καὶ</span> <span class='ocrx_word' id='word_1_25' title='bbox 1688 551 1812 603; x_wconf 69' lang='grc' dir='ltr'>οὐδὲ</span> 
     </span>
    </p>
   </div>
   <div class='ocr_carea' id='block_1_7' title="bbox 229 632 1813 713">
    <p class='ocr_par' dir='ltr' id='par_1_7' title="bbox 229 632 1813 713">
     <span class='ocr_line' id='line_1_7' title="bbox 229 632 1813 713; baseline 0.004 -26"><span class='ocrx_word' id='word_1_26' title='bbox 229 632 518 703; x_wconf 68' lang='grc' dir='ltr'>ἂνθρωποι</span> <span class='ocrx_word' id='word_1_27' title='bbox 552 635 689 702; x_wconf 76' lang='grc' dir='ltr'>πρὸς</span> <span class='ocrx_word' id='word_1_28' title='bbox 713 635 998 704; x_wconf 81' lang='grc' dir='ltr'>ἀλήθειαν,</span> <span class='ocrx_word' id='word_1_29' title='bbox 1025 637 1160 691; x_wconf 82' lang='grc' dir='ltr'>ἀλλὰ</span> <span class='ocrx_word' id='word_1_30' title='bbox 1191 638 1510 710; x_wconf 74' lang='grc' dir='ltr'>θηριώδειςδ</span> <span class='ocrx_word' id='word_1_31' title='bbox 1537 641 1681 695; x_wconf 83' lang='grc' dir='ltr'><strong>ὀκνῶ</strong></span> <span class='ocrx_word' id='word_1_32' title='bbox 1705 642 1813 713; x_wconf 78' lang='grc' dir='ltr'><strong>γὰρ</strong></span> 
     </span>
    </p>
   </div>
   <div class='ocr_carea' id='block_1_8' title="bbox 227 723 1815 803">
    <p class='ocr_par' dir='ltr' id='par_1_8' title="bbox 227 723 1815 803">
     <span class='ocr_line' id='line_1_8' title="bbox 227 723 1815 803; baseline 0.007 -29"><span class='ocrx_word' id='word_1_33' title='bbox 227 723 615 791; x_wconf 83' lang='grc' dir='ltr'>δαιμονιώδεις</span> <span class='ocrx_word' id='word_1_34' title='bbox 644 726 821 780; x_wconf 77' lang='grc' dir='ltr'>εἰπεῖν</span> <span class='ocrx_word' id='word_1_35' title='bbox 845 743 859 757; x_wconf 89' lang='grc'><strong>·</strong></span> <span class='ocrx_word' id='word_1_36' title='bbox 901 728 1128 782; x_wconf 81' lang='grc' dir='ltr'><strong>ἐκείνων</strong></span> <span class='ocrx_word' id='word_1_37' title='bbox 1164 732 1274 801; x_wconf 73' lang='grc' dir='ltr'>γὰρ</span> <span class='ocrx_word' id='word_1_38' title='bbox 1304 733 1398 785; x_wconf 68' lang='grc' dir='ltr'><strong>καὶ</strong></span> <span class='ocrx_word' id='word_1_39' title='bbox 1431 731 1608 802; x_wconf 74' lang='grc' dir='ltr'>μόνων</span> <span class='ocrx_word' id='word_1_40' title='bbox 1651 732 1815 803; x_wconf 80' lang='grc' dir='ltr'>ἄχθος</span> 
     </span>
    </p>
   </div>
   <div class='ocr_carea' id='block_1_9' title="bbox 233 816 1818 894">
    <p class='ocr_par' dir='ltr' id='par_1_9' title="bbox 233 816 1818 894">
     <span class='ocr_line' id='line_1_9' title="bbox 233 816 1818 894; baseline 0.006 -27"><span class='ocrx_word' id='word_1_41' title='bbox 233 816 384 887; x_wconf 76' lang='grc' dir='ltr'>μέγα</span> <span class='ocrx_word' id='word_1_42' title='bbox 415 819 511 872; x_wconf 69' lang='grc' dir='ltr'><strong>καὶ</strong></span> <span class='ocrx_word' id='word_1_43' title='bbox 549 818 691 890; x_wconf 83' lang='grc' dir='ltr'>λύπη</span> <span class='ocrx_word' id='word_1_44' title='bbox 730 819 928 889; x_wconf 78' lang='grc' dir='ltr'>βαρεῖα</span> <span class='ocrx_word' id='word_1_45' title='bbox 969 822 1067 875; x_wconf 76' lang='grc' dir='ltr'><strong>καὶ</strong></span> <span class='ocrx_word' id='word_1_46' title='bbox 1093 822 1252 894; x_wconf 74' lang='grc' dir='ltr'>ὀργὴ,</span> <span class='ocrx_word' id='word_1_47' title='bbox 1285 825 1366 878; x_wconf 83' lang='grc' dir='ltr'><strong>ὅτι</strong></span> <span class='ocrx_word' id='word_1_48' title='bbox 1418 823 1494 894; x_wconf 80' lang='grc' dir='ltr'>μὴ</span> <span class='ocrx_word' id='word_1_49' title='bbox 1528 824 1615 877; x_wconf 70' lang='grc' dir='ltr'><strong>ἀεὶ</strong></span> <span class='ocrx_word' id='word_1_50' title='bbox 1647 841 1818 876; x_wconf 84' lang='grc' dir='ltr'>κατα-</span> 
     </span>
    </p>
   </div>
   <div class='ocr_carea' id='block_1_10' title="bbox 231 907 1740 977">
    <p class='ocr_par' dir='ltr' id='par_1_10' title="bbox 231 907 1740 977">
     <span class='ocr_line' id='line_1_10' title="bbox 231 907 1740 977; baseline 0.009 -17"><span class='ocrx_word' id='word_1_51' title='bbox 231 907 551 977; x_wconf 75' lang='grc' dir='ltr'>δάλλουσιν,</span> <span class='ocrx_word' id='word_1_52' title='bbox 582 910 643 965; x_wconf 82' lang='grc' dir='ltr'>δν</span> <span class='ocrx_word' id='word_1_53' title='bbox 664 912 730 966; x_wconf 85' lang='grc' dir='ltr'><strong>ἂν</strong></span> <span class='ocrx_word' id='word_1_54' title='bbox 762 912 1048 970; x_wconf 74' lang='grc' dir='ltr'>ἒθέλωσιν.</span> <span class='ocrx_word' id='word_1_55' title='bbox 1736 916 1740 920; x_wconf 70' lang='grc'><em>’</em></span> 
     </span>
    </p>
   </div>
   <div class='ocr_carea' id='block_1_11' title="bbox 308 1093 1817 1168">
    <p class='ocr_par' dir='ltr' id='par_1_11' title="bbox 308 1093 1817 1168">
     <span class='ocr_line' id='line_1_11' title="bbox 308 1093 1817 1168; baseline 0.003 -22"><span class='ocrx_word' id='word_1_56' title='bbox 308 1098 421 1148; x_wconf 81' lang='grc' dir='ltr'><strong>κα’.</strong></span> <span class='ocrx_word' id='word_1_57' title='bbox 470 1093 825 1162; x_wconf 77' lang='grc' dir='ltr'>Ἐλευθέρους</span> <span class='ocrx_word' id='word_1_58' title='bbox 868 1097 1017 1166; x_wconf 78' lang='grc' dir='ltr'>ἡμᾶς</span> <span class='ocrx_word' id='word_1_59' title='bbox 1059 1097 1324 1155; x_wconf 77' lang='grc' dir='ltr'><strong>τοιούτων</strong></span> <span class='ocrx_word' id='word_1_60' title='bbox 1372 1098 1680 1166; x_wconf 75' lang='grc' dir='ltr'>ἀνθρώπιον</span> <span class='ocrx_word' id='word_1_61' title='bbox 1729 1100 1817 1168; x_wconf 72' lang='grc' dir='ltr'><strong>εἴη</strong></span> 
     </span>
    </p>
   </div>
   <div class='ocr_carea' id='block_1_12' title="bbox 235 1185 1819 1261">
    <p class='ocr_par' dir='ltr' id='par_1_12' title="bbox 235 1185 1819 1261">
     <span class='ocr_line' id='line_1_12' title="bbox 235 1185 1819 1261; baseline 0.005 -24"><span class='ocrx_word' id='word_1_62' title='bbox 235 1185 533 1257; x_wconf 78' lang='grc' dir='ltr'>συντηρῶν</span> <span class='ocrx_word' id='word_1_63' title='bbox 562 1186 592 1240; x_wconf 80' lang='grc' dir='ltr'><strong>ὁ</strong></span> <span class='ocrx_word' id='word_1_64' title='bbox 643 1185 798 1251; x_wconf 66' lang='grc' dir='ltr'>Θεὸς,</span> <span class='ocrx_word' id='word_1_65' title='bbox 854 1188 1102 1252; x_wconf 75' lang='grc' dir='ltr'><strong>ἐκείνους</strong></span> <span class='ocrx_word' id='word_1_66' title='bbox 1145 1207 1206 1243; x_wconf 88' lang='grc' dir='ltr'><strong>τε</strong></span> <span class='ocrx_word' id='word_1_67' title='bbox 1250 1190 1504 1259; x_wconf 79' lang='grc' dir='ltr'><strong>ἀπάγων,</strong></span> <span class='ocrx_word' id='word_1_68' title='bbox 1553 1192 1652 1244; x_wconf 73' lang='grc' dir='ltr'>καὶ</span> <span class='ocrx_word' id='word_1_69' title='bbox 1682 1192 1819 1261; x_wconf 68' lang='grc' dir='ltr'><strong>μηδὲ</strong></span> 
     </span>
    </p>
   </div>
   <div class='ocr_carea' id='block_1_13' title="bbox 234 1277 1821 1350">
    <p class='ocr_par' dir='ltr' id='par_1_13' title="bbox 234 1277 1821 1350">
     <span class='ocr_line' id='line_1_13' title="bbox 234 1277 1821 1350; baseline 0.004 -20"><span class='ocrx_word' id='word_1_70' title='bbox 234 1290 367 1331; x_wconf 80' lang='grc' dir='ltr'>τινα</span> <span class='ocrx_word' id='word_1_71' title='bbox 421 1277 482 1342; x_wconf 80' lang='grc' dir='ltr'>ἐξ</span> <span class='ocrx_word' id='word_1_72' title='bbox 519 1278 679 1348; x_wconf 76' lang='grc' dir='ltr'>ἡμῶν</span> <span class='ocrx_word' id='word_1_73' title='bbox 726 1279 911 1348; x_wconf 72' lang='grc' dir='ltr'>ἀφιεὶς</span> <span class='ocrx_word' id='word_1_74' title='bbox 954 1281 1188 1346; x_wconf 73' lang='grc' dir='ltr'>ἐκείνοις</span> <span class='ocrx_word' id='word_1_75' title='bbox 1241 1284 1680 1350; x_wconf 85' lang='grc' dir='ltr'>συναπάγεσθαι,</span> <span class='ocrx_word' id='word_1_76' title='bbox 1724 1285 1821 1337; x_wconf 76' lang='grc' dir='ltr'><strong>καὶ</strong></span> 
     </span>
    </p>
   </div>
   <div class='ocr_carea' id='block_1_14' title="bbox 233 1364 1821 1446">
    <p class='ocr_par' dir='ltr' id='par_1_14' title="bbox 233 1364 1821 1446">
     <span class='ocr_line' id='line_1_14' title="bbox 233 1364 1821 1446; baseline 0.003 -23"><span class='ocrx_word' id='word_1_77' title='bbox 233 1364 386 1423; x_wconf 79' lang='grc' dir='ltr'>οῦτω</span> <span class='ocrx_word' id='word_1_78' title='bbox 410 1372 613 1441; x_wconf 81' lang='grc' dir='ltr'>κοπιᾷν</span> <span class='ocrx_word' id='word_1_79' title='bbox 641 1371 722 1435; x_wconf 86' lang='grc' dir='ltr'><strong>είς</strong></span> <span class='ocrx_word' id='word_1_80' title='bbox 752 1372 909 1425; x_wconf 81' lang='grc' dir='ltr'>οὐδὲν</span> <span class='ocrx_word' id='word_1_81' title='bbox 946 1372 1179 1437; x_wconf 87' lang='grc' dir='ltr'>οὐδόλως</span> <span class='ocrx_word' id='word_1_82' title='bbox 1236 1374 1451 1444; x_wconf 76' lang='grc' dir='ltr'>ὄφελος,</span> <span class='ocrx_word' id='word_1_83' title='bbox 1481 1372 1513 1446; x_wconf 77' lang='grc' dir='ltr'>ἢ</span> <span class='ocrx_word' id='word_1_84' title='bbox 1545 1374 1622 1445; x_wconf 84' lang='grc' dir='ltr'>τῷ</span> <span class='ocrx_word' id='word_1_85' title='bbox 1662 1376 1821 1428; x_wconf 80' lang='grc' dir='ltr'>αἰῶνι</span> 
     </span>
    </p>
   </div>
   <div class='ocr_carea' id='block_1_15' title="bbox 233 1461 1823 1537">
    <p class='ocr_par' dir='ltr' id='par_1_15' title="bbox 233 1461 1823 1537">
     <span class='ocr_line' id='line_1_15' title="bbox 233 1461 1823 1537; baseline 0.003 -22"><span class='ocrx_word' id='word_1_86' title='bbox 233 1461 420 1533; x_wconf 84' lang='grc' dir='ltr'>τούτῳ</span> <span class='ocrx_word' id='word_1_87' title='bbox 458 1461 759 1534; x_wconf 88' lang='grc' dir='ltr'>σύμφορον,</span> <span class='ocrx_word' id='word_1_88' title='bbox 797 1465 828 1535; x_wconf 81' lang='grc' dir='ltr'>ἢ</span> <span class='ocrx_word' id='word_1_89' title='bbox 861 1465 938 1537; x_wconf 83' lang='grc' dir='ltr'>τῷ</span> <span class='ocrx_word' id='word_1_90' title='bbox 970 1468 1090 1521; x_wconf 74' lang='grc' dir='ltr'>ἐκεῖ</span> <span class='ocrx_word' id='word_1_91' title='bbox 1120 1469 1218 1521; x_wconf 78' lang='grc' dir='ltr'>καὶ</span> <span class='ocrx_word' id='word_1_92' title='bbox 1262 1466 1564 1536; x_wconf 77' lang='grc' dir='ltr'><strong>τελευταίῳ</strong></span> <span class='ocrx_word' id='word_1_93' title='bbox 1593 1468 1688 1520; x_wconf 66' lang='grc' dir='ltr'>καὶ</span> <span class='ocrx_word' id='word_1_94' title='bbox 1723 1484 1823 1537; x_wconf 87' lang='grc' dir='ltr'>μο-</span> 
     </span>
    </p>
   </div>
   <div class='ocr_carea' id='block_1_16' title="bbox 233 1555 1825 1630">
    <p class='ocr_par' dir='ltr' id='par_1_16' title="bbox 233 1555 1825 1630">
     <span class='ocr_line' id='line_1_16' title="bbox 233 1555 1825 1630; baseline 0.004 -24"><span class='ocrx_word' id='word_1_95' title='bbox 233 1555 388 1624; x_wconf 86' lang='grc' dir='ltr'>νίμῳ</span> <span class='ocrx_word' id='word_1_96' title='bbox 427 1556 523 1609; x_wconf 71' lang='grc' dir='ltr'><strong>καὶ</strong></span> <span class='ocrx_word' id='word_1_97' title='bbox 575 1558 783 1626; x_wconf 88' lang='grc' dir='ltr'>αίωνίῳ</span> <span class='ocrx_word' id='word_1_98' title='bbox 818 1556 1114 1630; x_wconf 82' lang='grc' dir='ltr'>σύντροχον</span> <span class='ocrx_word' id='word_1_99' title='bbox 1147 1560 1302 1629; x_wconf 80' lang='grc' dir='ltr'>ἡμῖν,</span> <span class='ocrx_word' id='word_1_100' title='bbox 1337 1559 1477 1630; x_wconf 77' lang='grc' dir='ltr'>πρὸς</span> <span class='ocrx_word' id='word_1_101' title='bbox 1525 1559 1660 1612; x_wconf 86' lang='grc' dir='ltr'>Θεοῦ</span> <span class='ocrx_word' id='word_1_102' title='bbox 1692 1560 1825 1628; x_wconf 71' lang='grc' dir='ltr'>ἀρέ-</span> 
     </span>
    </p>
   </div>
   <div class='ocr_carea' id='block_1_17' title="bbox 235 1645 1823 1720">
    <p class='ocr_par' dir='ltr' id='par_1_17' title="bbox 235 1645 1823 1720">
     <span class='ocr_line' id='line_1_17' title="bbox 235 1645 1823 1720; baseline 0.004 -23"><span class='ocrx_word' id='word_1_103' title='bbox 235 1660 457 1709; x_wconf 81' lang='grc' dir='ltr'>σκειαν,</span> <span class='ocrx_word' id='word_1_104' title='bbox 494 1645 577 1698; x_wconf 81' lang='grc' dir='ltr'>ὅτι</span> <span class='ocrx_word' id='word_1_105' title='bbox 611 1647 686 1716; x_wconf 83' lang='grc' dir='ltr'>μὴ</span> <span class='ocrx_word' id='word_1_106' title='bbox 718 1648 813 1700; x_wconf 68' lang='grc' dir='ltr'>καὶ</span> <span class='ocrx_word' id='word_1_107' title='bbox 858 1646 1064 1717; x_wconf 80' lang='grc' dir='ltr'>μᾶλλον</span> <span class='ocrx_word' id='word_1_108' title='bbox 1097 1649 1435 1720; x_wconf 77' lang='grc' dir='ltr'><strong>ἀμφοτέροις</strong></span> <span class='ocrx_word' id='word_1_109' title='bbox 1480 1650 1823 1720; x_wconf 64' lang='grc' dir='ltr'>δνάρμοστον</span> 
     </span>
    </p>
   </div>
   <div class='ocr_carea' id='block_1_18' title="bbox 235 1736 1823 1814">
    <p class='ocr_par' dir='ltr' id='par_1_18' title="bbox 235 1736 1823 1814">
     <span class='ocr_line' id='line_1_18' title="bbox 235 1736 1823 1814; baseline 0.004 -25"><span class='ocrx_word' id='word_1_110' title='bbox 235 1738 338 1790; x_wconf 78' lang='grc' dir='ltr'><strong>καὶ</strong></span> <span class='ocrx_word' id='word_1_111' title='bbox 363 1736 645 1801; x_wconf 74' lang='grc' dir='ltr'>λυσιτελὲς</span> <span class='ocrx_word' id='word_1_112' title='bbox 671 1739 753 1800; x_wconf 86' lang='grc' dir='ltr'><strong>είς</strong></span> <span class='ocrx_word' id='word_1_113' title='bbox 775 1739 932 1792; x_wconf 79' lang='grc' dir='ltr'>οὐδὲν</span> <span class='ocrx_word' id='word_1_114' title='bbox 962 1740 1166 1794; x_wconf 79' lang='grc' dir='ltr'><strong>ὁτιοῦν.</strong></span> <span class='ocrx_word' id='word_1_115' title='bbox 1204 1738 1331 1793; x_wconf 85' lang='grc' dir='ltr'><strong>Τῶν</strong></span> <span class='ocrx_word' id='word_1_116' title='bbox 1360 1758 1419 1794; x_wconf 87' lang='grc' dir='ltr'><strong>τε</strong></span> <span class='ocrx_word' id='word_1_117' title='bbox 1448 1742 1566 1814; x_wconf 67' lang='grc' dir='ltr'><strong>γάρ</strong></span> <span class='ocrx_word' id='word_1_118' title='bbox 1584 1743 1823 1796; x_wconf 86' lang='grc' dir='ltr'>αίωνίων</span> 
     </span>
    </p>
   </div>
   <div class='ocr_carea' id='block_1_19' title="bbox 1913 549 3495 628">
    <p class='ocr_par' dir='ltr' id='par_1_19' title="bbox 1913 549 3495 628">
     <span class='ocr_line' id='line_1_19' title="bbox 1913 549 3495 628; baseline 0.008 -24"><span class='ocrx_word' id='word_1_119' title='bbox 1913 549 2324 606; x_wconf 79' lang='lat' dir='ltr'><strong>inaccessibiles</strong></span> <span class='ocrx_word' id='word_1_120' title='bbox 2377 551 2604 609; x_wconf 78' lang='lat' dir='ltr'><strong>fuimus.</strong></span> <span class='ocrx_word' id='word_1_121' title='bbox 2664 552 2973 613; x_wconf 81' lang='lat' dir='ltr'><strong>Furibundi</strong></span> <span class='ocrx_word' id='word_1_122' title='bbox 3023 560 3241 628; x_wconf 82' lang='lat' dir='ltr'><strong>quidem</strong></span> <span class='ocrx_word' id='word_1_123' title='bbox 3292 562 3393 625; x_wconf 87' lang='lat' dir='ltr'><strong>illi,</strong></span> <span class='ocrx_word' id='word_1_124' title='bbox 3440 571 3495 617; x_wconf 86' lang='lat' dir='ltr'><strong>et</strong></span> 
     </span>
    </p>
   </div>
   <div class='ocr_carea' id='block_1_20' title="bbox 1914 644 3496 720">
    <p class='ocr_par' dir='ltr' id='par_1_20' title="bbox 1914 644 3496 720">
     <span class='ocr_line' id='line_1_20' title="bbox 1914 644 3496 720; baseline 0.006 -21"><span class='ocrx_word' id='word_1_125' title='bbox 1914 644 2070 699; x_wconf 80' lang='lat' dir='ltr'><strong>rabie</strong></span> <span class='ocrx_word' id='word_1_126' title='bbox 2128 644 2300 699; x_wconf 79' lang='lat' dir='ltr'><strong>feroci</strong></span> <span class='ocrx_word' id='word_1_127' title='bbox 2361 647 2574 715; x_wconf 81' lang='lat' dir='ltr'><strong>repleti,</strong></span> <span class='ocrx_word' id='word_1_128' title='bbox 2621 662 2812 703; x_wconf 82' lang='lat' dir='ltr'><strong>revera</strong></span> <span class='ocrx_word' id='word_1_129' title='bbox 2874 665 2982 704; x_wconf 85' lang='lat' dir='ltr'><strong>non</strong></span> <span class='ocrx_word' id='word_1_130' title='bbox 3057 652 3335 720; x_wconf 87' lang='lat' dir='ltr'><strong>homines,</strong></span> <span class='ocrx_word' id='word_1_131' title='bbox 3399 655 3496 709; x_wconf 87' lang='lat' dir='ltr'><strong>sed</strong></span> 
     </span>
    </p>
   </div>
   <div class='ocr_carea' id='block_1_21' title="bbox 1918 738 3497 803">
    <p class='ocr_par' dir='ltr' id='par_1_21' title="bbox 1918 738 3497 803">
     <span class='ocr_line' id='line_1_21' title="bbox 1918 738 3497 803; baseline 0.005 -10"><span class='ocrx_word' id='word_1_132' title='bbox 1918 738 2200 803; x_wconf 87' lang='lat' dir='ltr'><strong>bestiales,</strong></span> <span class='ocrx_word' id='word_1_133' title='bbox 2254 745 2314 792; x_wconf 87' lang='lat' dir='ltr'><strong>ut</strong></span> <span class='ocrx_word' id='word_1_134' title='bbox 2380 752 2448 793; x_wconf 88' lang='lat' dir='ltr'><strong>ne</strong></span> <span class='ocrx_word' id='word_1_135' title='bbox 2494 740 2668 793; x_wconf 91' lang='lat' dir='ltr'><strong>dicam</strong></span> <span class='ocrx_word' id='word_1_136' title='bbox 2718 757 2746 795; x_wconf 89' lang='lat' dir='ltr'><strong>a</strong></span> <span class='ocrx_word' id='word_1_137' title='bbox 2795 740 3015 797; x_wconf 83' lang='lat' dir='ltr'><strong>diabolo</strong></span> <span class='ocrx_word' id='word_1_138' title='bbox 3076 743 3317 798; x_wconf 79' lang='lat' dir='ltr'><strong>obsessi.</strong></span> <span class='ocrx_word' id='word_1_139' title='bbox 3368 746 3497 801; x_wconf 83' lang='lat' dir='ltr'><strong>Ideo</strong></span> 
     </span>
    </p>
   </div>
   <div class='ocr_carea' id='block_1_22' title="bbox 1915 818 3535 904">
    <p class='ocr_par' dir='ltr' id='par_1_22' title="bbox 1915 818 3535 904">
     <span class='ocr_line' id='line_1_22' title="bbox 1915 818 3535 904; baseline 0.003 -16"><span class='ocrx_word' id='word_1_140' title='bbox 1915 834 2063 888; x_wconf 89' lang='lat' dir='ltr'><strong>enim</strong></span> <span class='ocrx_word' id='word_1_141' title='bbox 2096 834 2451 889; x_wconf 88' lang='lat' dir='ltr'><strong>solummodo</strong></span> <span class='ocrx_word' id='word_1_142' title='bbox 2480 834 2842 904; x_wconf 81' lang='lat' dir='ltr'><strong>indignantur</strong></span> <span class='ocrx_word' id='word_1_143' title='bbox 2866 846 2917 890; x_wconf 90' lang='lat' dir='ltr'><strong>et</strong></span> <span class='ocrx_word' id='word_1_144' title='bbox 2949 838 3136 892; x_wconf 85' lang='lat' dir='ltr'><strong>dolent</strong></span> <span class='ocrx_word' id='word_1_145' title='bbox 3168 846 3222 891; x_wconf 91' lang='lat' dir='ltr'><strong>et</strong></span> <span class='ocrx_word' id='word_1_146' title='bbox 3243 840 3496 893; x_wconf 79' lang='lat' dir='ltr'><strong>irasruu-</strong></span> <span class='ocrx_word' id='word_1_147' title='bbox 3518 818 3535 833; x_wconf 56' lang='grc'><strong><em>⁸</em></strong></span> 
     </span>
    </p>
   </div>
   <div class='ocr_carea' id='block_1_23' title="bbox 1919 927 3491 997">
    <p class='ocr_par' dir='ltr' id='par_1_23' title="bbox 1919 927 3491 997">
     <span class='ocr_line' id='line_1_23' title="bbox 1919 927 3491 997; baseline 0.005 -18"><span class='ocrx_word' id='word_1_148' title='bbox 1919 937 2010 980; x_wconf 93' lang='lat' dir='ltr'><strong>tur</strong></span> <span class='ocrx_word' id='word_1_149' title='bbox 2055 928 2199 994; x_wconf 84' lang='lat' dir='ltr'><strong>quod</strong></span> <span class='ocrx_word' id='word_1_150' title='bbox 2249 941 2393 997; x_wconf 90' lang='lat' dir='ltr'><strong>quos</strong></span> <span class='ocrx_word' id='word_1_151' title='bbox 2454 927 2753 993; x_wconf 84' lang='lat' dir='ltr'><strong>voluerint,</strong></span> <span class='ocrx_word' id='word_1_152' title='bbox 2813 930 3008 984; x_wconf 90' lang='lat' dir='ltr'><strong>damno</strong></span> <span class='ocrx_word' id='word_1_153' title='bbox 3059 928 3275 986; x_wconf 79' lang='lat' dir='ltr'><strong>allicere</strong></span> <span class='ocrx_word' id='word_1_154' title='bbox 3345 932 3491 986; x_wconf 90' lang='lat' dir='ltr'><strong>haud</strong></span> 
     </span>
    </p>
   </div>
   <div class='ocr_carea' id='block_1_24' title="bbox 1917 1018 2222 1088">
    <p class='ocr_par' dir='ltr' id='par_1_24' title="bbox 1917 1018 2222 1088">
     <span class='ocr_line' id='line_1_24' title="bbox 1917 1018 2222 1088; baseline 0.003 -17"><span class='ocrx_word' id='word_1_155' title='bbox 1917 1018 2222 1088; x_wconf 90' lang='lat' dir='ltr'><strong>potuerint.</strong></span> 
     </span>
    </p>
   </div>
   <div class='ocr_carea' id='block_1_25' title="bbox 1987 1111 3498 1172">
    <p class='ocr_par' dir='ltr' id='par_1_25' title="bbox 1987 1111 3498 1172">
     <span class='ocr_line' id='line_1_25' title="bbox 1987 1111 3498 1172; baseline 0.004 -6"><span class='ocrx_word' id='word_1_156' title='bbox 1987 1112 2080 1167; x_wconf 72' lang='lat'><strong>2|.</strong></span> <span class='ocrx_word' id='word_1_157' title='bbox 2111 1111 2340 1168; x_wconf 81' lang='lat' dir='ltr'><strong>Liberos</strong></span> <span class='ocrx_word' id='word_1_158' title='bbox 2373 1128 2476 1168; x_wconf 88' lang='lat' dir='ltr'><strong>nos</strong></span> <span class='ocrx_word' id='word_1_159' title='bbox 2519 1128 2545 1165; x_wconf 93' lang='lat' dir='ltr'><strong>a</strong></span> <span class='ocrx_word' id='word_1_160' title='bbox 2577 1112 2782 1167; x_wconf 82' lang='lat' dir='ltr'><strong>talibus</strong></span> <span class='ocrx_word' id='word_1_161' title='bbox 2833 1114 3151 1171; x_wconf 88' lang='lat' dir='ltr'><strong>hominibus</strong></span> <span class='ocrx_word' id='word_1_162' title='bbox 3201 1126 3498 1172; x_wconf 79' lang='lat' dir='ltr'><strong>conservet</strong></span> 
     </span>
    </p>
   </div>
   <div class='ocr_carea' id='block_1_26' title="bbox 1919 1201 3495 1277">
    <p class='ocr_par' dir='ltr' id='par_1_26' title="bbox 1919 1201 3495 1277">
     <span class='ocr_line' id='line_1_26' title="bbox 1919 1201 3495 1277; baseline 0.004 -19"><span class='ocrx_word' id='word_1_163' title='bbox 1919 1201 2069 1258; x_wconf 86' lang='lat' dir='ltr'><strong>Deus</strong></span> <span class='ocrx_word' id='word_1_164' title='bbox 2118 1213 2308 1273; x_wconf 91' lang='lat' dir='ltr'><strong>atque,</strong></span> <span class='ocrx_word' id='word_1_165' title='bbox 2354 1205 2485 1259; x_wconf 89' lang='lat' dir='ltr'><strong>dmn</strong></span> <span class='ocrx_word' id='word_1_166' title='bbox 2543 1206 2667 1259; x_wconf 89' lang='lat' dir='ltr'><strong>illos</strong></span> <span class='ocrx_word' id='word_1_167' title='bbox 2729 1205 2796 1259; x_wconf 92' lang='lat' dir='ltr'><strong>ad</strong></span> <span class='ocrx_word' id='word_1_168' title='bbox 2869 1208 3199 1277; x_wconf 88' lang='lat' dir='ltr'><strong>snpplicimn</strong></span> <span class='ocrx_word' id='word_1_169' title='bbox 3251 1210 3495 1272; x_wconf 84' lang='lat' dir='ltr'><strong>deducit.</strong></span> 
     </span>
    </p>
   </div>
   <div class='ocr_carea' id='block_1_27' title="bbox 1923 1297 3499 1369">
    <p class='ocr_par' dir='ltr' id='par_1_27' title="bbox 1923 1297 3499 1369">
     <span class='ocr_line' id='line_1_27' title="bbox 1923 1297 3499 1369; baseline -0.001 -14"><span class='ocrx_word' id='word_1_170' title='bbox 1923 1301 2058 1355; x_wconf 77' lang='lat' dir='ltr'><strong>faxit</strong></span> <span class='ocrx_word' id='word_1_171' title='bbox 2088 1303 2145 1348; x_wconf 90' lang='lat' dir='ltr'><strong>ut</strong></span> <span class='ocrx_word' id='word_1_172' title='bbox 2188 1297 2376 1352; x_wconf 91' lang='lat' dir='ltr'><strong>nullus</strong></span> <span class='ocrx_word' id='word_1_173' title='bbox 2411 1313 2440 1351; x_wconf 90' lang='lat' dir='ltr'><strong>e</strong></span> <span class='ocrx_word' id='word_1_174' title='bbox 2467 1297 2626 1351; x_wconf 84' lang='lat' dir='ltr'><strong>nobis</strong></span> <span class='ocrx_word' id='word_1_175' title='bbox 2656 1297 2966 1352; x_wconf 81' lang='lat' dir='ltr'><strong>deducatur</strong></span> <span class='ocrx_word' id='word_1_176' title='bbox 2991 1312 3114 1352; x_wconf 85' lang='lat' dir='ltr'><strong>cum</strong></span> <span class='ocrx_word' id='word_1_177' title='bbox 3148 1298 3293 1363; x_wconf 85' lang='lat' dir='ltr'><strong>istis,</strong></span> <span class='ocrx_word' id='word_1_178' title='bbox 3319 1316 3499 1369; x_wconf 87' lang='lat' dir='ltr'><strong>neque</strong></span> 
     </span>
    </p>
   </div>
   <div class='ocr_carea' id='block_1_28' title="bbox 1920 1387 3499 1459">
    <p class='ocr_par' dir='ltr' id='par_1_28' title="bbox 1920 1387 3499 1459">
     <span class='ocr_line' id='line_1_28' title="bbox 1920 1387 3499 1459; baseline 0.001 -17"><span class='ocrx_word' id='word_1_179' title='bbox 1920 1403 2152 1459; x_wconf 83' lang='lat' dir='ltr'><strong>prorsus</strong></span> <span class='ocrx_word' id='word_1_180' title='bbox 2199 1387 2475 1442; x_wconf 87' lang='lat' dir='ltr'><strong>incassum</strong></span> <span class='ocrx_word' id='word_1_181' title='bbox 2516 1388 2859 1452; x_wconf 83' lang='lat' dir='ltr'><strong>laboremus,</strong></span> <span class='ocrx_word' id='word_1_182' title='bbox 2895 1397 2947 1442; x_wconf 86' lang='lat' dir='ltr'><strong>et</strong></span> <span class='ocrx_word' id='word_1_183' title='bbox 2987 1401 3165 1458; x_wconf 70' lang='lat' dir='ltr'><strong>neQue</strong></span> <span class='ocrx_word' id='word_1_184' title='bbox 3209 1389 3336 1442; x_wconf 82' lang='lat' dir='ltr'><strong>huic</strong></span> <span class='ocrx_word' id='word_1_185' title='bbox 3391 1406 3499 1443; x_wconf 81' lang='lat' dir='ltr'><strong>sae-</strong></span> 
     </span>
    </p>
   </div>
   <div class='ocr_carea' id='block_1_29' title="bbox 1923 1479 3499 1550">
    <p class='ocr_par' dir='ltr' id='par_1_29' title="bbox 1923 1479 3499 1550">
     <span class='ocr_line' id='line_1_29' title="bbox 1923 1479 3499 1550; baseline -0.003 -13"><span class='ocrx_word' id='word_1_186' title='bbox 1923 1481 2049 1537; x_wconf 88' lang='lat' dir='ltr'><strong>culo</strong></span> <span class='ocrx_word' id='word_1_187' title='bbox 2102 1481 2237 1535; x_wconf 86' lang='lat' dir='ltr'><strong>utile</strong></span> <span class='ocrx_word' id='word_1_188' title='bbox 2275 1479 2433 1550; x_wconf 90' lang='lat' dir='ltr'><strong>quid,</strong></span> <span class='ocrx_word' id='word_1_189' title='bbox 2489 1496 2670 1547; x_wconf 84' lang='lat' dir='ltr'><strong>neque</strong></span> <span class='ocrx_word' id='word_1_190' title='bbox 2722 1481 2800 1535; x_wconf 87' lang='lat' dir='ltr'><strong>illi</strong></span> <span class='ocrx_word' id='word_1_191' title='bbox 2847 1486 2976 1535; x_wconf 83' lang='lat' dir='ltr'><strong>vitae</strong></span> <span class='ocrx_word' id='word_1_192' title='bbox 3019 1490 3292 1549; x_wconf 79' lang='lat' dir='ltr'><strong>perpetua-</strong></span> <span class='ocrx_word' id='word_1_193' title='bbox 3334 1490 3499 1549; x_wconf 80' lang='lat' dir='ltr'><strong>atque</strong></span> 
     </span>
    </p>
   </div>
   <div class='ocr_carea' id='block_1_30' title="bbox 1923 1569 3501 1640">
    <p class='ocr_par' dir='ltr' id='par_1_30' title="bbox 1923 1569 3501 1640">
     <span class='ocr_line' id='line_1_30' title="bbox 1923 1569 3501 1640; baseline -0.004 -13"><span class='ocrx_word' id='word_1_194' title='bbox 1923 1585 2142 1627; x_wconf 66' lang='lat' dir='ltr'><strong>aeternae</strong></span> <span class='ocrx_word' id='word_1_195' title='bbox 2167 1571 2646 1626; x_wconf 88' lang='lat' dir='ltr'><strong>accommodatum</strong></span> <span class='ocrx_word' id='word_1_196' title='bbox 2681 1572 2813 1640; x_wconf 80' lang='lat' dir='ltr'><strong>quiti</strong></span> <span class='ocrx_word' id='word_1_197' title='bbox 2845 1572 3149 1625; x_wconf 76' lang='lat' dir='ltr'><strong>secundum</strong></span> <span class='ocrx_word' id='word_1_198' title='bbox 3182 1569 3273 1625; x_wconf 89' lang='lat' dir='ltr'><strong>Dei</strong></span> <span class='ocrx_word' id='word_1_199' title='bbox 3311 1571 3501 1623; x_wconf 71' lang='lat' dir='ltr'><strong>volun-</strong></span> 
     </span>
    </p>
   </div>
   <div class='ocr_carea' id='block_1_31' title="bbox 1927 1661 3501 1732">
    <p class='ocr_par' dir='ltr' id='par_1_31' title="bbox 1927 1661 3501 1732">
     <span class='ocr_line' id='line_1_31' title="bbox 1927 1661 3501 1732; baseline -0.004 -13"><span class='ocrx_word' id='word_1_200' title='bbox 1927 1672 2092 1719; x_wconf 84' lang='lat' dir='ltr'><strong>tatem</strong></span> <span class='ocrx_word' id='word_1_201' title='bbox 2143 1664 2513 1732; x_wconf 83' lang='lat' dir='ltr'><strong>producentes</strong></span> <span class='ocrx_word' id='word_1_202' title='bbox 2557 1663 2693 1717; x_wconf 82' lang='lat' dir='ltr'><strong>nihil</strong></span> <span class='ocrx_word' id='word_1_203' title='bbox 2741 1663 3303 1732; x_wconf 72' lang='lat' dir='ltr'><strong>omninopra‘stemus</strong></span> <span class='ocrx_word' id='word_1_204' title='bbox 3350 1661 3501 1730; x_wconf 91' lang='lat' dir='ltr'><strong>quod</strong></span> 
     </span>
    </p>
   </div>
   <div class='ocr_carea' id='block_1_32' title="bbox 1925 1755 3496 1815">
    <p class='ocr_par' dir='ltr' id='par_1_32' title="bbox 1925 1755 3496 1815">
     <span class='ocr_line' id='line_1_32' title="bbox 1925 1755 3496 1815; baseline -0.003 -3"><span class='ocrx_word' id='word_1_205' title='bbox 1925 1759 2009 1813; x_wconf 92' lang='lat' dir='ltr'><strong>vel</strong></span> <span class='ocrx_word' id='word_1_206' title='bbox 2059 1760 2351 1814; x_wconf 88' lang='lat' dir='ltr'><strong>minimutn</strong></span> <span class='ocrx_word' id='word_1_207' title='bbox 2402 1760 2475 1815; x_wconf 89' lang='lat' dir='ltr'><strong>sit</strong></span> <span class='ocrx_word' id='word_1_208' title='bbox 2518 1759 2718 1812; x_wconf 85' lang='lat' dir='ltr'><strong>bonum</strong></span> <span class='ocrx_word' id='word_1_209' title='bbox 2758 1772 2823 1813; x_wconf 86' lang='lat' dir='ltr'><strong>ac</strong></span> <span class='ocrx_word' id='word_1_210' title='bbox 2859 1756 3231 1812; x_wconf 86' lang='lat' dir='ltr'><strong>conducibile.</strong></span> <span class='ocrx_word' id='word_1_211' title='bbox 3258 1755 3319 1810; x_wconf 89' lang='lat' dir='ltr'><strong>Si</strong></span> <span class='ocrx_word' id='word_1_212' title='bbox 3351 1759 3496 1809; x_wconf 88' lang='lat' dir='ltr'><strong>enim</strong></span> 
     </span>
    </p>
   </div>
   <div class='ocr_carea' id='block_1_33' title="bbox 234 1817 1809 1915">
    <p class='ocr_par' dir='ltr' id='par_1_33' title="bbox 234 1831 1809 1904">
     <span class='ocr_line' id='line_1_33' title="bbox 234 1831 1809 1904; baseline 0.003 -20"><span class='ocrx_word' id='word_1_213' title='bbox 234 1831 470 1898; x_wconf 86' lang='grc' dir='ltr'>ἀγαθῶν</span> <span class='ocrx_word' id='word_1_214' title='bbox 526 1831 671 1886; x_wconf 78' lang='grc' dir='ltr'>οὕτω</span> <span class='ocrx_word' id='word_1_215' title='bbox 728 1833 911 1903; x_wconf 83' lang='grc' dir='ltr'>μάτην</span> <span class='ocrx_word' id='word_1_216' title='bbox 949 1834 1185 1888; x_wconf 77' lang='grc' dir='ltr'>ἐνταῦθα</span> <span class='ocrx_word' id='word_1_217' title='bbox 1234 1837 1610 1904; x_wconf 72' lang='grc' dir='ltr'>πεπονηκότες</span> <span class='ocrx_word' id='word_1_218' title='bbox 1656 1836 1809 1889; x_wconf 80' lang='grc' dir='ltr'>ἐκπί-</span> 
     </span>
    </p>
   </div>
   <div class='ocr_carea' id='block_1_34' title="bbox 1918 1817 3494 1915">
    <p class='ocr_par' dir='ltr' id='par_1_34' title="bbox 1923 1849 3494 1915">
     <span class='ocr_line' id='line_1_34' title="bbox 1923 1849 3494 1915; baseline -0.004 -8"><span class='ocrx_word' id='word_1_219' title='bbox 1923 1849 2010 1907; x_wconf 84' lang='lat' dir='ltr'><strong>hie</strong></span> <span class='ocrx_word' id='word_1_220' title='bbox 2038 1853 2174 1907; x_wconf 87' lang='lat' dir='ltr'><strong>adeo</strong></span> <span class='ocrx_word' id='word_1_221' title='bbox 2191 1852 2394 1908; x_wconf 81' lang='lat' dir='ltr'><strong>frustra</strong></span> <span class='ocrx_word' id='word_1_222' title='bbox 2445 1852 2904 1915; x_wconf 86' lang='lat' dir='ltr'><strong>laboraverimus,</strong></span> <span class='ocrx_word' id='word_1_223' title='bbox 2935 1852 3157 1905; x_wconf 80' lang='lat' dir='ltr'><strong>aeternis</strong></span> <span class='ocrx_word' id='word_1_224' title='bbox 3203 1851 3362 1903; x_wconf 67' lang='lat' dir='ltr'><strong>honTS</strong></span> <span class='ocrx_word' id='word_1_225' title='bbox 3392 1864 3494 1902; x_wconf 80' lang='lat' dir='ltr'><strong>ex-</strong></span> 
     </span>
    </p>
   </div>
   <div class='ocr_carea' id='block_1_35' title="bbox 233 1926 1819 1998">
    <p class='ocr_par' dir='ltr' id='par_1_35' title="bbox 233 1926 1819 1998">
     <span class='ocr_line' id='line_1_35' title="bbox 233 1926 1819 1998; baseline 0.003 -21"><span class='ocrx_word' id='word_1_226' title='bbox 233 1941 475 1993; x_wconf 84' lang='grc' dir='ltr'>πτομεν,</span> <span class='ocrx_word' id='word_1_227' title='bbox 532 1927 632 1980; x_wconf 78' lang='grc' dir='ltr'>καὶ</span> <span class='ocrx_word' id='word_1_228' title='bbox 684 1927 744 1979; x_wconf 83' lang='grc' dir='ltr'>ἐν</span> <span class='ocrx_word' id='word_1_229' title='bbox 789 1926 889 1996; x_wconf 86' lang='grc' dir='ltr'>βίῳ</span> <span class='ocrx_word' id='word_1_230' title='bbox 948 1926 1006 1981; x_wconf 79' lang='grc' dir='ltr'><strong>δὲ</strong></span> <span class='ocrx_word' id='word_1_231' title='bbox 1059 1927 1507 1998; x_wconf 84' lang='grc' dir='ltr'>δυσπραγοῦντες</span> <span class='ocrx_word' id='word_1_232' title='bbox 1560 1927 1691 1996; x_wconf 78' lang='grc' dir='ltr'>περὶ</span> <span class='ocrx_word' id='word_1_233' title='bbox 1748 1927 1819 1981; x_wconf 68' lang='grc' dir='ltr'>τὰ</span> 
     </span>
    </p>
   </div>
   <div class='ocr_carea' id='block_1_36' title="bbox 233 2016 1817 2089">
    <p class='ocr_par' dir='ltr' id='par_1_36' title="bbox 233 2016 1817 2089">
     <span class='ocr_line' id='line_1_36' title="bbox 233 2016 1817 2089; baseline 0.001 -20"><span class='ocrx_word' id='word_1_234' title='bbox 233 2016 461 2086; x_wconf 78' lang='grc' dir='ltr'>φλύαρα</span> <span class='ocrx_word' id='word_1_235' title='bbox 509 2019 607 2071; x_wconf 71' lang='grc' dir='ltr'>καὶ</span> <span class='ocrx_word' id='word_1_236' title='bbox 659 2018 863 2089; x_wconf 78' lang='grc' dir='ltr'>μικροῦ</span> <span class='ocrx_word' id='word_1_237' title='bbox 913 2037 1064 2083; x_wconf 89' lang='grc' dir='ltr'>τινος</span> <span class='ocrx_word' id='word_1_238' title='bbox 1095 2020 1223 2084; x_wconf 79' lang='grc' dir='ltr'>ἀξια</span> <span class='ocrx_word' id='word_1_239' title='bbox 1265 2020 1429 2088; x_wconf 83' lang='grc' dir='ltr'>λόγου</span> <span class='ocrx_word' id='word_1_240' title='bbox 1463 2020 1574 2073; x_wconf 82' lang='grc' dir='ltr'>τῶν</span> <span class='ocrx_word' id='word_1_241' title='bbox 1605 2019 1817 2085; x_wconf 80' lang='grc' dir='ltr'>ἀξιολο-</span> 
     </span>
    </p>
   </div>
   <div class='ocr_carea' id='block_1_37' title="bbox 233 2110 1817 2182">
    <p class='ocr_par' dir='ltr' id='par_1_37' title="bbox 233 2110 1817 2182">
     <span class='ocr_line' id='line_1_37' title="bbox 233 2110 1817 2182; baseline 0.001 -20"><span class='ocrx_word' id='word_1_242' title='bbox 233 2110 511 2179; x_wconf 76' lang='grc' dir='ltr'>γωτάτων</span> <span class='ocrx_word' id='word_1_243' title='bbox 560 2111 658 2164; x_wconf 70' lang='grc' dir='ltr'><strong>καὶ</strong></span> <span class='ocrx_word' id='word_1_244' title='bbox 689 2110 988 2166; x_wconf 77' lang='grc' dir='ltr'>θειοτάτων</span> <span class='ocrx_word' id='word_1_245' title='bbox 1045 2111 1485 2182; x_wconf 82' lang='grc' dir='ltr'>ἀποξενούμεθα.</span> <span class='ocrx_word' id='word_1_246' title='bbox 1535 2110 1672 2165; x_wconf 77' lang='grc' dir='ltr'>Οὐδὲ</span> <span class='ocrx_word' id='word_1_247' title='bbox 1704 2111 1817 2181; x_wconf 80' lang='grc' dir='ltr'>γὰρ</span> 
     </span>
    </p>
   </div>
   <div class='ocr_carea' id='block_1_38' title="bbox 236 2198 1815 2271">
    <p class='ocr_par' dir='ltr' id='par_1_38' title="bbox 236 2198 1815 2271">
     <span class='ocr_line' id='line_1_38' title="bbox 236 2198 1815 2271; baseline 0.001 -19"><span class='ocrx_word' id='word_1_248' title='bbox 236 2199 367 2253; x_wconf 75' lang='grc' dir='ltr'>οὐδὲ</span> <span class='ocrx_word' id='word_1_249' title='bbox 402 2198 759 2270; x_wconf 81' lang='grc' dir='ltr'>ἀθροίζεσθαι</span> <span class='ocrx_word' id='word_1_250' title='bbox 793 2203 873 2265; x_wconf 87' lang='grc' dir='ltr'><strong>είς</strong></span> <span class='ocrx_word' id='word_1_251' title='bbox 908 2201 1000 2255; x_wconf 69' lang='grc' dir='ltr'><strong>τὸν</strong></span> <span class='ocrx_word' id='word_1_252' title='bbox 1022 2202 1118 2256; x_wconf 83' lang='grc' dir='ltr'><strong>τοῦ</strong></span> <span class='ocrx_word' id='word_1_253' title='bbox 1148 2203 1284 2256; x_wconf 82' lang='grc' dir='ltr'>Θεοῦ</span> <span class='ocrx_word' id='word_1_254' title='bbox 1314 2202 1443 2255; x_wconf 69' lang='grc' dir='ltr'>ναδν</span> <span class='ocrx_word' id='word_1_255' title='bbox 1483 2200 1745 2271; x_wconf 75' lang='grc' dir='ltr'>ἀξιοῦμεν</span> <span class='ocrx_word' id='word_1_256' title='bbox 1765 2201 1815 2253; x_wconf 75' lang='lat' dir='ltr'><strong>oi</strong></span> 
     </span>
    </p>
   </div>
   <div class='ocr_carea' id='block_1_39' title="bbox 241 2293 1818 2365">
    <p class='ocr_par' dir='ltr' id='par_1_39' title="bbox 241 2293 1818 2365">
     <span class='ocr_line' id='line_1_39' title="bbox 241 2293 1818 2365; baseline 0 -19"><span class='ocrx_word' id='word_1_257' title='bbox 241 2293 630 2363; x_wconf 71' lang='grc' dir='ltr'>μεριμνῶντες</span> <span class='ocrx_word' id='word_1_258' title='bbox 669 2293 852 2365; x_wconf 67' lang='grc' dir='ltr'>μωρὰ,</span> <span class='ocrx_word' id='word_1_259' title='bbox 889 2293 981 2348; x_wconf 71' lang='grc' dir='ltr'><strong>καὶ</strong></span> <span class='ocrx_word' id='word_1_260' title='bbox 1016 2294 1193 2359; x_wconf 82' lang='grc' dir='ltr'>ἄλλως</span> <span class='ocrx_word' id='word_1_261' title='bbox 1219 2295 1277 2348; x_wconf 76' lang='grc' dir='ltr'><strong>δὲ</strong></span> <span class='ocrx_word' id='word_1_262' title='bbox 1319 2296 1448 2365; x_wconf 80' lang='grc' dir='ltr'>περὶ</span> <span class='ocrx_word' id='word_1_263' title='bbox 1488 2294 1659 2348; x_wconf 77' lang='grc' dir='ltr'>πολλὰ</span> <span class='ocrx_word' id='word_1_264' title='bbox 1685 2310 1818 2364; x_wconf 65' lang='grc' dir='ltr'>τυρε-</span> 
     </span>
    </p>
   </div>
   <div class='ocr_carea' id='block_1_40' title="bbox 235 2385 1813 2459">
    <p class='ocr_par' dir='ltr' id='par_1_40' title="bbox 235 2385 1813 2459">
     <span class='ocr_line' id='line_1_40' title="bbox 235 2385 1813 2459; baseline -0.001 -20"><span class='ocrx_word' id='word_1_265' title='bbox 235 2386 523 2451; x_wconf 79' lang='grc' dir='ltr'>6ἀζοντες,</span> <span class='ocrx_word' id='word_1_266' title='bbox 565 2386 663 2440; x_wconf 71' lang='grc' dir='ltr'><strong>καὶ</strong></span> <span class='ocrx_word' id='word_1_267' title='bbox 702 2387 946 2457; x_wconf 72' lang='grc' dir='ltr'>βιωτιγοὶ</span> <span class='ocrx_word' id='word_1_268' title='bbox 997 2388 1100 2459; x_wconf 84' lang='grc' dir='ltr'>μὲν</span> <span class='ocrx_word' id='word_1_269' title='bbox 1135 2385 1274 2442; x_wconf 81' lang='grc' dir='ltr'>εἶναι</span> <span class='ocrx_word' id='word_1_270' title='bbox 1313 2388 1458 2442; x_wconf 83' lang='grc' dir='ltr'>πάνυ</span> <span class='ocrx_word' id='word_1_271' title='bbox 1494 2407 1546 2442; x_wconf 88' lang='grc' dir='ltr'><strong>τι</strong></span> <span class='ocrx_word' id='word_1_272' title='bbox 1586 2386 1813 2457; x_wconf 78' lang='grc' dir='ltr'>ἐφιέμε-</span> 
     </span>
    </p>
   </div>
   <div class='ocr_carea' id='block_1_41' title="bbox 229 2477 1815 2551">
    <p class='ocr_par' dir='ltr' id='par_1_41' title="bbox 229 2477 1815 2551">
     <span class='ocr_line' id='line_1_41' title="bbox 229 2477 1815 2551; baseline 0.001 -19"><span class='ocrx_word' id='word_1_273' title='bbox 229 2496 342 2544; x_wconf 80' lang='grc' dir='ltr'>νοι,</span> <span class='ocrx_word' id='word_1_274' title='bbox 379 2478 473 2532; x_wconf 86' lang='grc' dir='ltr'><strong>τοῦ</strong></span> <span class='ocrx_word' id='word_1_275' title='bbox 522 2477 858 2551; x_wconf 75' lang='grc' dir='ltr'>παραδείσου</span> <span class='ocrx_word' id='word_1_276' title='bbox 890 2480 947 2533; x_wconf 81' lang='grc' dir='ltr'><strong>δὲ</strong></span> <span class='ocrx_word' id='word_1_277' title='bbox 978 2479 1237 2548; x_wconf 79' lang='grc' dir='ltr'>γενέσθαι</span> <span class='ocrx_word' id='word_1_278' title='bbox 1273 2482 1577 2551; x_wconf 81' lang='grc' dir='ltr'>ἀνιέμενοι,</span> <span class='ocrx_word' id='word_1_279' title='bbox 1611 2482 1707 2534; x_wconf 70' lang='grc' dir='ltr'>καὶ</span> <span class='ocrx_word' id='word_1_280' title='bbox 1741 2479 1815 2551; x_wconf 79' lang='grc' dir='ltr'>μὴ</span> 
     </span>
    </p>
   </div>
   <div class='ocr_carea' id='block_1_42' title="bbox 230 2571 1816 2644">
    <p class='ocr_par' dir='ltr' id='par_1_42' title="bbox 230 2571 1816 2644">
     <span class='ocr_line' id='line_1_42' title="bbox 230 2571 1816 2644; baseline -0.001 -19"><span class='ocrx_word' id='word_1_281' title='bbox 230 2571 665 2642; x_wconf 75' lang='grc' dir='ltr'>ινθυμούμενοι,</span> <span class='ocrx_word' id='word_1_282' title='bbox 693 2572 768 2635; x_wconf 85' lang='grc' dir='ltr'>ὡς</span> <span class='ocrx_word' id='word_1_283' title='bbox 791 2573 1040 2627; x_wconf 87' lang='grc' dir='ltr'>τοιοῦτον</span> <span class='ocrx_word' id='word_1_284' title='bbox 1084 2573 1199 2644; x_wconf 74' lang='grc' dir='ltr'>βίον</span> <span class='ocrx_word' id='word_1_285' title='bbox 1237 2575 1518 2643; x_wconf 75' lang='grc' dir='ltr'>τρίϐοντες</span> <span class='ocrx_word' id='word_1_286' title='bbox 1543 2572 1667 2626; x_wconf 82' lang='grc' dir='ltr'>οῦτε</span> <span class='ocrx_word' id='word_1_287' title='bbox 1701 2575 1816 2636; x_wconf 79' lang='grc' dir='ltr'>τοῖς</span> 
     </span>
    </p>
   </div>
   <div class='ocr_carea' id='block_1_43' title="bbox 230 2665 1815 2738">
    <p class='ocr_par' dir='ltr' id='par_1_43' title="bbox 230 2665 1815 2738">
     <span class='ocr_line' id='line_1_43' title="bbox 230 2665 1815 2738; baseline 0.002 -19"><span class='ocrx_word' id='word_1_288' title='bbox 230 2666 380 2719; x_wconf 75' lang='grc' dir='ltr'>ἐτττά</span> <span class='ocrx_word' id='word_1_289' title='bbox 428 2665 626 2735; x_wconf 83' lang='grc' dir='ltr'>μερίδα</span> <span class='ocrx_word' id='word_1_290' title='bbox 678 2667 821 2721; x_wconf 83' lang='grc' dir='ltr'>κατὰ</span> <span class='ocrx_word' id='word_1_291' title='bbox 885 2668 948 2720; x_wconf 72' lang='grc' dir='ltr'>τὸ</span> <span class='ocrx_word' id='word_1_292' title='bbox 985 2667 1152 2728; x_wconf 84' lang='grc' dir='ltr'>θείως</span> <span class='ocrx_word' id='word_1_293' title='bbox 1196 2668 1591 2738; x_wconf 85' lang='grc' dir='ltr'>γεγραμμένον</span> <span class='ocrx_word' id='word_1_294' title='bbox 1637 2667 1815 2722; x_wconf 76' lang='grc' dir='ltr'>διδόα-</span> 
     </span>
    </p>
   </div>
   <div class='ocr_carea' id='block_1_44' title="bbox 233 2758 1816 2832">
    <p class='ocr_par' dir='ltr' id='par_1_44' title="bbox 233 2758 1816 2832">
     <span class='ocr_line' id='line_1_44' title="bbox 233 2758 1816 2832; baseline 0 -21"><span class='ocrx_word' id='word_1_295' title='bbox 233 2774 364 2830; x_wconf 88' lang='grc' dir='ltr'>μεν,</span> <span class='ocrx_word' id='word_1_296' title='bbox 412 2758 510 2812; x_wconf 80' lang='grc' dir='ltr'><strong>καὶ</strong></span> <span class='ocrx_word' id='word_1_297' title='bbox 549 2760 662 2824; x_wconf 79' lang='grc' dir='ltr'>τοῖς</span> <span class='ocrx_word' id='word_1_298' title='bbox 692 2759 839 2813; x_wconf 79' lang='grc' dir='ltr'><strong>ὀκτὼ</strong></span> <span class='ocrx_word' id='word_1_299' title='bbox 871 2759 995 2813; x_wconf 82' lang='grc' dir='ltr'>οὐδὲ</span> <span class='ocrx_word' id='word_1_300' title='bbox 1051 2759 1327 2813; x_wconf 77' lang='grc' dir='ltr'>ὀύολιαίόν</span> <span class='ocrx_word' id='word_1_301' title='bbox 1372 2777 1426 2813; x_wconf 88' lang='grc' dir='ltr'><strong>τι</strong></span> <span class='ocrx_word' id='word_1_302' title='bbox 1479 2759 1816 2832; x_wconf 77' lang='grc' dir='ltr'>ἀπομεριζό-</span> 
     </span>
    </p>
   </div>
   <div class='ocr_carea' id='block_1_45' title="bbox 234 2850 403 2921">
    <p class='ocr_par' dir='ltr' id='par_1_45' title="bbox 234 2850 403 2921">
     <span class='ocr_line' id='line_1_45' title="bbox 234 2850 403 2921; baseline 0.018 -18"><span class='ocrx_word' id='word_1_303' title='bbox 234 2850 403 2921; x_wconf 78' lang='grc' dir='ltr'>μεθα.</span> 
     </span>
    </p>
   </div>
   <div class='ocr_carea' id='block_1_46' title="bbox 308 2940 1813 3014">
    <p class='ocr_par' dir='ltr' id='par_1_46' title="bbox 308 2940 1813 3014">
     <span class='ocr_line' id='line_1_46' title="bbox 308 2940 1813 3014; baseline 0.002 -19"><span class='ocrx_word' id='word_1_304' title='bbox 308 2943 419 3013; x_wconf 85' lang='grc' dir='ltr'><strong>κβ’.</strong></span> <span class='ocrx_word' id='word_1_305' title='bbox 452 2945 543 2997; x_wconf 82' lang='grc' dir='ltr'>Διὸ</span> <span class='ocrx_word' id='word_1_306' title='bbox 589 2940 824 3014; x_wconf 76' lang='grc' dir='ltr'>εὔχομαι</span> <span class='ocrx_word' id='word_1_307' title='bbox 862 2944 990 3007; x_wconf 78' lang='grc' dir='ltr'>τοὺς</span> <span class='ocrx_word' id='word_1_308' title='bbox 1037 2944 1119 3007; x_wconf 87' lang='grc' dir='ltr'><strong>είς</strong></span> <span class='ocrx_word' id='word_1_309' title='bbox 1159 2945 1223 2998; x_wconf 85' lang='grc' dir='ltr'>τὸ</span> <span class='ocrx_word' id='word_1_310' title='bbox 1263 2945 1511 3014; x_wconf 82' lang='grc' dir='ltr'>ἀγίασμα</span> <span class='ocrx_word' id='word_1_311' title='bbox 1551 2943 1648 2998; x_wconf 83' lang='grc' dir='ltr'><strong>τοῦ</strong></span> <span class='ocrx_word' id='word_1_312' title='bbox 1675 2943 1813 2998; x_wconf 84' lang='grc' dir='ltr'>Θεοῦ</span> 
     </span>
    </p>
   </div>
   <div class='ocr_carea' id='block_1_47' title="bbox 231 3035 1811 3107">
    <p class='ocr_par' dir='ltr' id='par_1_47' title="bbox 231 3035 1811 3107">
     <span class='ocr_line' id='line_1_47' title="bbox 231 3035 1811 3107; baseline 0 -18"><span class='ocrx_word' id='word_1_313' title='bbox 231 3035 684 3107; x_wconf 67' lang='grc' dir='ltr'>εἰσερχομένους,</span> <span class='ocrx_word' id='word_1_314' title='bbox 714 3035 811 3089; x_wconf 71' lang='grc' dir='ltr'>καὶ</span> <span class='ocrx_word' id='word_1_315' title='bbox 845 3036 933 3090; x_wconf 81' lang='grc' dir='ltr'><strong>ἀεὶ</strong></span> <span class='ocrx_word' id='word_1_316' title='bbox 969 3037 1344 3106; x_wconf 76' lang='grc' dir='ltr'>φυλάττεσθαι</span> <span class='ocrx_word' id='word_1_317' title='bbox 1379 3039 1569 3103; x_wconf 79' lang='grc' dir='ltr'>αὐτοῖς</span> <span class='ocrx_word' id='word_1_318' title='bbox 1593 3037 1811 3099; x_wconf 80' lang='grc' dir='ltr'>ἀξιοῦν-</span> 
     </span>
    </p>
   </div>
   <div class='ocr_carea' id='block_1_48' title="bbox 1919 1941 3501 2008">
    <p class='ocr_par' dir='ltr' id='par_1_48' title="bbox 1919 1941 3501 2008">
     <span class='ocr_line' id='line_1_48' title="bbox 1919 1941 3501 2008; baseline -0.003 -9"><span class='ocrx_word' id='word_1_319' title='bbox 1919 1945 2189 2007; x_wconf 86' lang='lat' dir='ltr'><strong>cidemus,</strong></span> <span class='ocrx_word' id='word_1_320' title='bbox 2218 1954 2271 1998; x_wconf 91' lang='lat' dir='ltr'><strong>et</strong></span> <span class='ocrx_word' id='word_1_321' title='bbox 2296 1945 2343 1999; x_wconf 92' lang='lat' dir='ltr'><strong>si</strong></span> <span class='ocrx_word' id='word_1_322' title='bbox 2367 1944 2469 1999; x_wconf 87' lang='lat' dir='ltr'><strong>hac</strong></span> <span class='ocrx_word' id='word_1_323' title='bbox 2502 1945 2557 1998; x_wconf 89' lang='lat' dir='ltr'><strong>in</strong></span> <span class='ocrx_word' id='word_1_324' title='bbox 2583 1945 2691 1997; x_wconf 83' lang='lat' dir='ltr'><strong>vita</strong></span> <span class='ocrx_word' id='word_1_325' title='bbox 2730 1958 2911 1998; x_wconf 90' lang='lat' dir='ltr'><strong>rermu</strong></span> <span class='ocrx_word' id='word_1_326' title='bbox 2946 1943 3147 1997; x_wconf 86' lang='lat' dir='ltr'><strong>levium</strong></span> <span class='ocrx_word' id='word_1_327' title='bbox 3181 1941 3501 2008; x_wconf 87' lang='lat' dir='ltr'><strong>nulliusque</strong></span> 
     </span>
    </p>
   </div>
   <div class='ocr_carea' id='block_1_49' title="bbox 1921 2034 3498 2099">
    <p class='ocr_par' dir='ltr' id='par_1_49' title="bbox 1921 2034 3498 2099">
     <span class='ocr_line' id='line_1_49' title="bbox 1921 2034 3498 2099; baseline -0.004 -9"><span class='ocrx_word' id='word_1_328' title='bbox 1921 2038 2180 2093; x_wconf 87' lang='lat' dir='ltr'><strong>momenti</strong></span> <span class='ocrx_word' id='word_1_329' title='bbox 2221 2053 2354 2093; x_wconf 90' lang='lat' dir='ltr'><strong>cura</strong></span> <span class='ocrx_word' id='word_1_330' title='bbox 2384 2037 2584 2092; x_wconf 80' lang='lat' dir='ltr'><strong>misere</strong></span> <span class='ocrx_word' id='word_1_331' title='bbox 2620 2052 2720 2091; x_wconf 92' lang='lat' dir='ltr'><strong>nos</strong></span> <span class='ocrx_word' id='word_1_332' title='bbox 2743 2035 3122 2099; x_wconf 67' lang='lat' dir='ltr'><strong>amiserimus,</strong></span> <span class='ocrx_word' id='word_1_333' title='bbox 3152 2034 3313 2088; x_wconf 88' lang='lat' dir='ltr'><strong>bonis</strong></span> <span class='ocrx_word' id='word_1_334' title='bbox 3341 2048 3498 2086; x_wconf 89' lang='lat' dir='ltr'><strong>smu-</strong></span> 
     </span>
    </p>
   </div>
   <div class='ocr_carea' id='block_1_50' title="bbox 1921 2125 3496 2198">
    <p class='ocr_par' dir='ltr' id='par_1_50' title="bbox 1921 2125 3496 2198">
     <span class='ocr_line' id='line_1_50' title="bbox 1921 2125 3496 2198; baseline -0.002 -17"><span class='ocrx_word' id='word_1_335' title='bbox 1921 2129 2026 2183; x_wconf 87' lang='lat' dir='ltr'><strong>mls</strong></span> <span class='ocrx_word' id='word_1_336' title='bbox 2079 2143 2143 2182; x_wconf 87' lang='lat' dir='ltr'><strong>ac</strong></span> <span class='ocrx_word' id='word_1_337' title='bbox 2189 2128 2515 2185; x_wconf 74' lang='lat' dir='ltr'><strong>coelestibus</strong></span> <span class='ocrx_word' id='word_1_338' title='bbox 2565 2126 2926 2198; x_wconf 82' lang='lat' dir='ltr'><strong>privabimur.</strong></span> <span class='ocrx_word' id='word_1_339' title='bbox 2973 2125 3163 2196; x_wconf 81' lang='lat' dir='ltr'><strong>Neque</strong></span> <span class='ocrx_word' id='word_1_340' title='bbox 3207 2127 3349 2179; x_wconf 89' lang='lat' dir='ltr'><strong>enim</strong></span> <span class='ocrx_word' id='word_1_341' title='bbox 3404 2125 3496 2179; x_wconf 89' lang='lat' dir='ltr'><strong>Dei</strong></span> 
     </span>
    </p>
   </div>
   <div class='ocr_carea' id='block_1_51' title="bbox 1919 2219 3494 2290">
    <p class='ocr_par' dir='ltr' id='par_1_51' title="bbox 1919 2219 3494 2290">
     <span class='ocr_line' id='line_1_51' title="bbox 1919 2219 3494 2290; baseline 0.002 -19"><span class='ocrx_word' id='word_1_342' title='bbox 1919 2219 2143 2288; x_wconf 89' lang='lat' dir='ltr'><strong>quidem</strong></span> <span class='ocrx_word' id='word_1_343' title='bbox 2199 2220 2463 2287; x_wconf 86' lang='lat' dir='ltr'><strong>templum</strong></span> <span class='ocrx_word' id='word_1_344' title='bbox 2528 2219 2732 2273; x_wconf 89' lang='lat' dir='ltr'><strong>intrare</strong></span> <span class='ocrx_word' id='word_1_345' title='bbox 2785 2219 3111 2290; x_wconf 76' lang='lat' dir='ltr'><strong>satagimus,</strong></span> <span class='ocrx_word' id='word_1_346' title='bbox 3161 2220 3250 2289; x_wconf 85' lang='lat' dir='ltr'><strong>qui</strong></span> <span class='ocrx_word' id='word_1_347' title='bbox 3328 2219 3494 2274; x_wconf 85' lang='lat' dir='ltr'><strong>rebus</strong></span> 
     </span>
    </p>
   </div>
   <div class='ocr_carea' id='block_1_52' title="bbox 1919 2310 3494 2381">
    <p class='ocr_par' dir='ltr' id='par_1_52' title="bbox 1919 2310 3494 2381">
     <span class='ocr_line' id='line_1_52' title="bbox 1919 2310 3494 2381; baseline -0.001 -17"><span class='ocrx_word' id='word_1_348' title='bbox 1919 2310 2180 2366; x_wconf 86' lang='lat' dir='ltr'><strong>absurdis</strong></span> <span class='ocrx_word' id='word_1_349' title='bbox 2212 2311 2484 2365; x_wconf 86' lang='lat' dir='ltr'><strong>inhiamus</strong></span> <span class='ocrx_word' id='word_1_350' title='bbox 2519 2320 2573 2364; x_wconf 91' lang='lat' dir='ltr'><strong>et</strong></span> <span class='ocrx_word' id='word_1_351' title='bbox 2608 2310 2675 2364; x_wconf 91' lang='lat' dir='ltr'><strong>de</strong></span> <span class='ocrx_word' id='word_1_352' title='bbox 2728 2310 2939 2381; x_wconf 84' lang='lat' dir='ltr'><strong>iisquae</strong></span> <span class='ocrx_word' id='word_1_353' title='bbox 2979 2313 3118 2365; x_wconf 90' lang='lat' dir='ltr'><strong>hanc</strong></span> <span class='ocrx_word' id='word_1_354' title='bbox 3157 2311 3322 2365; x_wconf 87' lang='lat' dir='ltr'><strong>vitam</strong></span> <span class='ocrx_word' id='word_1_355' title='bbox 3356 2325 3494 2364; x_wconf 82' lang='lat' dir='ltr'><strong>con—</strong></span> 
     </span>
    </p>
   </div>
   <div class='ocr_carea' id='block_1_53' title="bbox 1919 2404 3491 2474">
    <p class='ocr_par' dir='ltr' id='par_1_53' title="bbox 1919 2404 3491 2474">
     <span class='ocr_line' id='line_1_53' title="bbox 1919 2404 3491 2474; baseline -0.003 -16"><span class='ocrx_word' id='word_1_356' title='bbox 1919 2414 2173 2470; x_wconf 82' lang='lat' dir='ltr'><strong>cernunt,</strong></span> <span class='ocrx_word' id='word_1_357' title='bbox 2239 2406 2405 2460; x_wconf 87' lang='lat' dir='ltr'><strong>anxie</strong></span> <span class='ocrx_word' id='word_1_358' title='bbox 2451 2404 2676 2460; x_wconf 83' lang='lat' dir='ltr'><strong>solliciti</strong></span> <span class='ocrx_word' id='word_1_359' title='bbox 2743 2421 2960 2469; x_wconf 83' lang='lat' dir='ltr'><strong>smnus,</strong></span> <span class='ocrx_word' id='word_1_360' title='bbox 3007 2404 3261 2474; x_wconf 78' lang='lat' dir='ltr'><strong>paradiso</strong></span> <span class='ocrx_word' id='word_1_361' title='bbox 3309 2414 3491 2456; x_wconf 86' lang='lat' dir='ltr'><strong>autem</strong></span> 
     </span>
    </p>
   </div>
   <div class='ocr_carea' id='block_1_54' title="bbox 1922 2495 3491 2567">
    <p class='ocr_par' dir='ltr' id='par_1_54' title="bbox 1922 2495 3491 2567">
     <span class='ocr_line' id='line_1_54' title="bbox 1922 2495 3491 2567; baseline -0.003 -16"><span class='ocrx_word' id='word_1_362' title='bbox 1922 2498 2082 2567; x_wconf 88' lang='lat' dir='ltr'><strong>potiri</strong></span> <span class='ocrx_word' id='word_1_363' title='bbox 2135 2498 2487 2566; x_wconf 72' lang='lat' dir='ltr'><strong>negligimus,</strong></span> <span class='ocrx_word' id='word_1_364' title='bbox 2541 2513 2647 2551; x_wconf 92' lang='lat' dir='ltr'><strong>non</strong></span> <span class='ocrx_word' id='word_1_365' title='bbox 2695 2505 3035 2567; x_wconf 80' lang='lat' dir='ltr'><strong>reputantes,</strong></span> <span class='ocrx_word' id='word_1_366' title='bbox 3083 2513 3182 2550; x_wconf 90' lang='lat' dir='ltr'><strong>nos</strong></span> <span class='ocrx_word' id='word_1_367' title='bbox 3226 2495 3329 2550; x_wconf 87' lang='lat' dir='ltr'><strong>hac</strong></span> <span class='ocrx_word' id='word_1_368' title='bbox 3384 2495 3491 2547; x_wconf 75' lang='lat' dir='ltr'><strong>rita</strong></span> 
     </span>
    </p>
   </div>
   <div class='ocr_carea' id='block_1_55' title="bbox 1920 2585 3493 2657">
    <p class='ocr_par' dir='ltr' id='par_1_55' title="bbox 1920 2585 3493 2657">
     <span class='ocr_line' id='line_1_55' title="bbox 1920 2585 3493 2657; baseline -0.004 -14"><span class='ocrx_word' id='word_1_369' title='bbox 1920 2591 2166 2644; x_wconf 82' lang='lat' dir='ltr'><strong>fruentes</strong></span> <span class='ocrx_word' id='word_1_370' title='bbox 2196 2603 2373 2657; x_wconf 85' lang='lat' dir='ltr'><strong>neque</strong></span> <span class='ocrx_word' id='word_1_371' title='bbox 2422 2589 2534 2642; x_wconf 86' lang='lat' dir='ltr'><strong>illis</strong></span> <span class='ocrx_word' id='word_1_372' title='bbox 2572 2598 2777 2657; x_wconf 87' lang='lat' dir='ltr'><strong>septem</strong></span> <span class='ocrx_word' id='word_1_373' title='bbox 2811 2587 3120 2642; x_wconf 82' lang='lat' dir='ltr'><strong>concedere</strong></span> <span class='ocrx_word' id='word_1_374' title='bbox 3166 2585 3493 2654; x_wconf 85' lang='lat' dir='ltr'><strong>particulam</strong></span> 
     </span>
    </p>
   </div>
   <div class='ocr_carea' id='block_1_56' title="bbox 1917 2678 3498 2754">
    <p class='ocr_par' dir='ltr' id='par_1_56' title="bbox 1917 2678 3498 2754">
     <span class='ocr_line' id='line_1_56' title="bbox 1917 2678 3498 2754; baseline -0.004 -14"><span class='ocrx_word' id='word_1_375' title='bbox 1917 2682 2220 2740; x_wconf 83' lang='lat' dir='ltr'><strong>secundum</strong></span> <span class='ocrx_word' id='word_1_376' title='bbox 2257 2684 2404 2754; x_wconf 88' lang='lat' dir='ltr'><strong>quod</strong></span> <span class='ocrx_word' id='word_1_377' title='bbox 2456 2681 2741 2749; x_wconf 87' lang='lat' dir='ltr'><strong>Scriptura</strong></span> <span class='ocrx_word' id='word_1_378' title='bbox 2780 2697 2944 2738; x_wconf 89' lang='lat' dir='ltr'><strong>sacra</strong></span> <span class='ocrx_word' id='word_1_379' title='bbox 2994 2680 3149 2747; x_wconf 87' lang='lat' dir='ltr'><strong>dicit,</strong></span> <span class='ocrx_word' id='word_1_380' title='bbox 3176 2695 3354 2749; x_wconf 88' lang='lat' dir='ltr'><strong>neque</strong></span> <span class='ocrx_word' id='word_1_381' title='bbox 3389 2678 3498 2733; x_wconf 72' lang='lat' dir='ltr'><strong>illis</strong></span> 
     </span>
    </p>
   </div>
   <div class='ocr_carea' id='block_1_57' title="bbox 1919 2773 2798 2832">
    <p class='ocr_par' dir='ltr' id='par_1_57' title="bbox 1919 2773 2798 2832">
     <span class='ocr_line' id='line_1_57' title="bbox 1919 2773 2798 2832; baseline -0.005 -1"><span class='ocrx_word' id='word_1_382' title='bbox 1919 2783 2053 2832; x_wconf 91' lang='lat' dir='ltr'><strong>octo</strong></span> <span class='ocrx_word' id='word_1_383' title='bbox 2090 2773 2181 2830; x_wconf 87' lang='lat' dir='ltr'><strong>vel</strong></span> <span class='ocrx_word' id='word_1_384' title='bbox 2208 2773 2489 2830; x_wconf 86' lang='lat' dir='ltr'><strong>tantillum</strong></span> <span class='ocrx_word' id='word_1_385' title='bbox 2528 2773 2798 2827; x_wconf 82' lang='lat' dir='ltr'><strong>tribuere.</strong></span> 
     </span>
    </p>
   </div>
   <div class='ocr_carea' id='block_1_58' title="bbox 1985 2953 3492 3027">
    <p class='ocr_par' dir='ltr' id='par_1_58' title="bbox 1985 2953 3492 3027">
     <span class='ocr_line' id='line_1_58' title="bbox 1985 2953 3492 3027; baseline -0.004 -16"><span class='ocrx_word' id='word_1_386' title='bbox 1985 2957 2076 3011; x_wconf 73' lang='lat'><strong>22.</strong></span> <span class='ocrx_word' id='word_1_387' title='bbox 2127 2956 2476 3027; x_wconf 86' lang='lat' dir='ltr'><strong>Quapropter</strong></span> <span class='ocrx_word' id='word_1_388' title='bbox 2525 2957 2755 3011; x_wconf 89' lang='lat' dir='ltr'><strong>obsecro</strong></span> <span class='ocrx_word' id='word_1_389' title='bbox 2789 2955 2912 3011; x_wconf 89' lang='lat' dir='ltr'><strong>illos</strong></span> <span class='ocrx_word' id='word_1_390' title='bbox 2966 2954 3060 3025; x_wconf 90' lang='lat' dir='ltr'><strong>qui</strong></span> <span class='ocrx_word' id='word_1_391' title='bbox 3117 2953 3492 3009; x_wconf 86' lang='lat' dir='ltr'><strong>sanctuarium</strong></span> 
     </span>
    </p>
   </div>
   <div class='ocr_carea' id='block_1_59' title="bbox 1917 3045 3498 3119">
    <p class='ocr_par' dir='ltr' id='par_1_59' title="bbox 1917 3045 3498 3119">
     <span class='ocr_line' id='line_1_59' title="bbox 1917 3045 3498 3119; baseline -0.004 -17"><span class='ocrx_word' id='word_1_392' title='bbox 1917 3049 2012 3104; x_wconf 86' lang='lat' dir='ltr'><strong>Dei</strong></span> <span class='ocrx_word' id='word_1_393' title='bbox 2068 3047 2415 3118; x_wconf 89' lang='lat' dir='ltr'><strong>frequentant</strong></span> <span class='ocrx_word' id='word_1_394' title='bbox 2446 3057 2500 3103; x_wconf 92' lang='lat' dir='ltr'><strong>et</strong></span> <span class='ocrx_word' id='word_1_395' title='bbox 2541 3046 2812 3119; x_wconf 80' lang='lat' dir='ltr'><strong>ejusmodi</strong></span> <span class='ocrx_word' id='word_1_396' title='bbox 2852 3047 2981 3101; x_wconf 90' lang='lat' dir='ltr'><strong>boni</strong></span> <span class='ocrx_word' id='word_1_397' title='bbox 3016 3061 3233 3116; x_wconf 86' lang='lat' dir='ltr'><strong>semper</strong></span> <span class='ocrx_word' id='word_1_398' title='bbox 3272 3045 3498 3114; x_wconf 81' lang='lat' dir='ltr'><strong>partici-</strong></span> 
     </span>
    </p>
   </div>
   <div class='ocr_carea' id='block_1_60' title="bbox 228 3128 1809 3211">
    <p class='ocr_par' dir='ltr' id='par_1_60' title="bbox 228 3128 1809 3201">
     <span class='ocr_line' id='line_1_60' title="bbox 228 3128 1809 3201; baseline -0.001 -18"><span class='ocrx_word' id='word_1_399' title='bbox 228 3145 340 3192; x_wconf 84' lang='grc' dir='ltr'><strong>τας</strong></span> <span class='ocrx_word' id='word_1_400' title='bbox 370 3145 433 3181; x_wconf 89' lang='grc' dir='ltr'><strong>το</strong></span> <span class='ocrx_word' id='word_1_401' title='bbox 463 3128 710 3181; x_wconf 84' lang='grc' dir='ltr'>τοιοῦτον</span> <span class='ocrx_word' id='word_1_402' title='bbox 739 3128 964 3197; x_wconf 83' lang='grc' dir='ltr'>ἀγαθὸν,</span> <span class='ocrx_word' id='word_1_403' title='bbox 1014 3130 1089 3200; x_wconf 78' lang='grc' dir='ltr'>μὴ</span> <span class='ocrx_word' id='word_1_404' title='bbox 1143 3128 1383 3200; x_wconf 81' lang='grc' dir='ltr'>κάμνειν</span> <span class='ocrx_word' id='word_1_405' title='bbox 1425 3131 1567 3184; x_wconf 73' lang='grc' dir='ltr'>κατὰ</span> <span class='ocrx_word' id='word_1_406' title='bbox 1599 3130 1809 3201; x_wconf 73' lang='grc' dir='ltr'>ἀνθρώ·</span> 
     </span>
    </p>
   </div>
   <div class='ocr_carea' id='block_1_61' title="bbox 1918 3128 3498 3211">
    <p class='ocr_par' dir='ltr' id='par_1_61' title="bbox 1920 3137 3498 3210">
     <span class='ocr_line' id='line_1_61' title="bbox 1920 3137 3498 3210; baseline -0.003 -15"><span class='ocrx_word' id='word_1_407' title='bbox 1920 3155 2014 3210; x_wconf 85' lang='lat' dir='ltr'><strong>pes</strong></span> <span class='ocrx_word' id='word_1_408' title='bbox 2036 3155 2159 3195; x_wconf 83' lang='lat' dir='ltr'><strong>esse</strong></span> <span class='ocrx_word' id='word_1_409' title='bbox 2191 3137 2526 3203; x_wconf 85' lang='lat' dir='ltr'><strong>desiderant,</strong></span> <span class='ocrx_word' id='word_1_410' title='bbox 2579 3146 2636 3192; x_wconf 90' lang='lat' dir='ltr'><strong>ut</strong></span> <span class='ocrx_word' id='word_1_411' title='bbox 2670 3154 2737 3192; x_wconf 90' lang='lat' dir='ltr'><strong>ne</strong></span> <span class='ocrx_word' id='word_1_412' title='bbox 2777 3139 3043 3193; x_wconf 85' lang='lat' dir='ltr'><strong>adversus</strong></span> <span class='ocrx_word' id='word_1_413' title='bbox 3097 3138 3345 3191; x_wconf 76' lang='lat' dir='ltr'><strong>homines</strong></span> <span class='ocrx_word' id='word_1_414' title='bbox 3376 3153 3498 3190; x_wconf 48' lang='lat' dir='ltr'><strong>cer.</strong></span> 
     </span>
    </p>
   </div>
   <div class='ocr_carea' id='block_1_62' title="bbox 231 3219 1810 3290">
    <p class='ocr_par' dir='ltr' id='par_1_62' title="bbox 231 3219 1810 3290">
     <span class='ocr_line' id='line_1_62' title="bbox 231 3219 1810 3290; baseline 0.002 -18"><span class='ocrx_word' id='word_1_415' title='bbox 231 3237 384 3282; x_wconf 80' lang='grc' dir='ltr'>πων,</span> <span class='ocrx_word' id='word_1_416' title='bbox 414 3219 551 3289; x_wconf 79' lang='grc' dir='ltr'><strong>μηδὲ</strong></span> <span class='ocrx_word' id='word_1_417' title='bbox 583 3220 767 3272; x_wconf 84' lang='grc' dir='ltr'>πονεῖν</span> <span class='ocrx_word' id='word_1_418' title='bbox 788 3221 930 3271; x_wconf 75' lang='grc' dir='ltr'>κατὰ</span> <span class='ocrx_word' id='word_1_419' title='bbox 958 3220 1066 3273; x_wconf 84' lang='grc' dir='ltr'><strong>τῶν</strong></span> <span class='ocrx_word' id='word_1_420' title='bbox 1090 3220 1397 3290; x_wconf 78' lang='grc' dir='ltr'>ὁμοφύλων,</span> <span class='ocrx_word' id='word_1_421' title='bbox 1431 3221 1560 3275; x_wconf 80' lang='grc' dir='ltr'>ἔνθα</span> <span class='ocrx_word' id='word_1_422' title='bbox 1581 3239 1645 3289; x_wconf 88' lang='grc' dir='ltr'><strong>γε</strong></span> <span class='ocrx_word' id='word_1_423' title='bbox 1685 3222 1810 3275; x_wconf 81' lang='grc' dir='ltr'>οὐδὲ</span> 
     </span>
    </p>
   </div>
   <div class='ocr_carea' id='block_1_63' title="bbox 227 3311 1809 3386">
    <p class='ocr_par' dir='ltr' id='par_1_63' title="bbox 227 3311 1809 3386">
     <span class='ocr_line' id='line_1_63' title="bbox 227 3311 1809 3386; baseline 0.002 -20"><span class='ocrx_word' id='word_1_424' title='bbox 227 3312 381 3371; x_wconf 63' lang='grc' dir='ltr'>κατά</span> <span class='ocrx_word' id='word_1_425' title='bbox 423 3312 533 3364; x_wconf 83' lang='grc' dir='ltr'>τῶν</span> <span class='ocrx_word' id='word_1_426' title='bbox 575 3312 763 3374; x_wconf 83' lang='grc' dir='ltr'>ἁπλῶς</span> <span class='ocrx_word' id='word_1_427' title='bbox 809 3311 1129 3381; x_wconf 77' lang='grc' dir='ltr'>ἀλλοφύλων</span> <span class='ocrx_word' id='word_1_428' title='bbox 1167 3313 1292 3383; x_wconf 84' lang='grc' dir='ltr'>είκῆ</span> <span class='ocrx_word' id='word_1_429' title='bbox 1337 3316 1429 3367; x_wconf 74' lang='grc' dir='ltr'>καὶ</span> <span class='ocrx_word' id='word_1_430' title='bbox 1480 3316 1661 3386; x_wconf 79' lang='grc' dir='ltr'>μάτην</span> <span class='ocrx_word' id='word_1_431' title='bbox 1715 3331 1809 3384; x_wconf 84' lang='grc' dir='ltr'>μο-</span> 
     </span>
    </p>
   </div>
   <div class='ocr_carea' id='block_1_64' title="bbox 225 3402 1807 3479">
    <p class='ocr_par' dir='ltr' id='par_1_64' title="bbox 225 3402 1807 3479">
     <span class='ocr_line' id='line_1_64' title="bbox 225 3402 1807 3479; baseline 0 -20"><span class='ocrx_word' id='word_1_432' title='bbox 225 3404 390 3476; x_wconf 77' lang='grc' dir='ltr'>χθεῖν</span> <span class='ocrx_word' id='word_1_433' title='bbox 449 3402 620 3469; x_wconf 69' lang='grc' dir='ltr'>ἔστιν,</span> <span class='ocrx_word' id='word_1_434' title='bbox 677 3404 725 3456; x_wconf 86' lang='grc' dir='ltr'><strong>εί</strong></span> <span class='ocrx_word' id='word_1_435' title='bbox 781 3404 854 3473; x_wconf 81' lang='grc' dir='ltr'>μή</span> <span class='ocrx_word' id='word_1_436' title='bbox 887 3420 941 3456; x_wconf 89' lang='grc' dir='ltr'><strong>τι</strong></span> <span class='ocrx_word' id='word_1_437' title='bbox 990 3402 1099 3474; x_wconf 81' lang='grc' dir='ltr'><strong>ἀρα</strong></span> <span class='ocrx_word' id='word_1_438' title='bbox 1131 3405 1322 3476; x_wconf 74' lang='grc' dir='ltr'>ἐχθροὶ</span> <span class='ocrx_word' id='word_1_439' title='bbox 1355 3407 1555 3461; x_wconf 76' lang='grc' dir='ltr'>ἐκεῖνοι</span> <span class='ocrx_word' id='word_1_440' title='bbox 1594 3407 1732 3460; x_wconf 84' lang='grc' dir='ltr'>Θεοῦ</span> <span class='ocrx_word' id='word_1_441' title='bbox 1772 3409 1807 3479; x_wconf 80' lang='grc' dir='ltr'>ἢ</span> 
     </span>
    </p>
   </div>
   <div class='ocr_carea' id='block_1_65' title="bbox 226 3494 1808 3568">
    <p class='ocr_par' dir='ltr' id='par_1_65' title="bbox 226 3494 1808 3568">
     <span class='ocr_line' id='line_1_65' title="bbox 226 3494 1808 3568; baseline 0.003 -20"><span class='ocrx_word' id='word_1_442' title='bbox 226 3495 502 3568; x_wconf 80' lang='grc' dir='ltr'>βασιλέως</span> <span class='ocrx_word' id='word_1_443' title='bbox 519 3495 922 3559; x_wconf 75' lang='grc' dir='ltr'>διεκπίπτουσι,</span> <span class='ocrx_word' id='word_1_444' title='bbox 957 3494 1094 3564; x_wconf 70' lang='grc' dir='ltr'>μηδὲ</span> <span class='ocrx_word' id='word_1_445' title='bbox 1125 3498 1323 3568; x_wconf 80' lang='grc' dir='ltr'>κοπιᾷν</span> <span class='ocrx_word' id='word_1_446' title='bbox 1357 3497 1501 3551; x_wconf 81' lang='grc' dir='ltr'><strong>κατά</strong></span> <span class='ocrx_word' id='word_1_447' title='bbox 1526 3498 1636 3551; x_wconf 82' lang='grc' dir='ltr'><strong>τῶν</strong></span> <span class='ocrx_word' id='word_1_448' title='bbox 1656 3498 1808 3552; x_wconf 76' lang='grc' dir='ltr'>οὐδὲν</span> 
     </span>
    </p>
   </div>
   <div class='ocr_carea' id='block_1_66' title="bbox 227 3590 1809 3666">
    <p class='ocr_par' dir='ltr' id='par_1_66' title="bbox 227 3590 1809 3666">
     <span class='ocr_line' id='line_1_66' title="bbox 227 3590 1809 3666; baseline 0.001 -20"><span class='ocrx_word' id='word_1_449' title='bbox 227 3592 431 3647; x_wconf 78' lang='grc' dir='ltr'>αἰτίων</span> <span class='ocrx_word' id='word_1_450' title='bbox 467 3590 854 3662; x_wconf 76' lang='grc' dir='ltr'>ὁμοθρήσκων,</span> <span class='ocrx_word' id='word_1_451' title='bbox 901 3593 1001 3646; x_wconf 71' lang='grc' dir='ltr'>καὶ</span> <span class='ocrx_word' id='word_1_452' title='bbox 1035 3591 1225 3661; x_wconf 84' lang='grc' dir='ltr'>σαφῶς</span> <span class='ocrx_word' id='word_1_453' title='bbox 1268 3592 1538 3662; x_wconf 86' lang='grc' dir='ltr'>ὀνομάσαι</span> <span class='ocrx_word' id='word_1_454' title='bbox 1581 3594 1809 3666; x_wconf 78' lang='grc' dir='ltr'>ὁμοχρι·</span> 
     </span>
    </p>
   </div>
   <div class='ocr_carea' id='block_1_67' title="bbox 230 3682 1810 3755">
    <p class='ocr_par' dir='ltr' id='par_1_67' title="bbox 230 3682 1810 3755">
     <span class='ocr_line' id='line_1_67' title="bbox 230 3682 1810 3755; baseline 0.003 -18"><span class='ocrx_word' id='word_1_455' title='bbox 230 3682 514 3737; x_wconf 79' lang='grc' dir='ltr'>στιανῶνο</span> <span class='ocrx_word' id='word_1_456' title='bbox 579 3682 716 3737; x_wconf 75' lang='grc' dir='ltr'>ἀλλὰ</span> <span class='ocrx_word' id='word_1_457' title='bbox 781 3686 960 3755; x_wconf 79' lang='grc' dir='ltr'>μισεῖν</span> <span class='ocrx_word' id='word_1_458' title='bbox 1017 3684 1284 3755; x_wconf 74' lang='grc' dir='ltr'>ὑπερλίαν</span> <span class='ocrx_word' id='word_1_459' title='bbox 1330 3687 1392 3739; x_wconf 82' lang='grc' dir='ltr'><strong>τὸ</strong></span> <span class='ocrx_word' id='word_1_460' title='bbox 1429 3686 1671 3741; x_wconf 88' lang='grc' dir='ltr'>τοιοῦτον</span> <span class='ocrx_word' id='word_1_461' title='bbox 1717 3704 1810 3741; x_wconf 86' lang='grc' dir='ltr'><strong>κο-</strong></span> 
     </span>
    </p>
   </div>
   <div class='ocr_carea' id='block_1_68' title="bbox 232 3776 1807 3848">
    <p class='ocr_par' dir='ltr' id='par_1_68' title="bbox 232 3776 1807 3848">
     <span class='ocr_line' id='line_1_68' title="bbox 232 3776 1807 3848; baseline 0.003 -17"><span class='ocrx_word' id='word_1_462' title='bbox 232 3776 441 3848; x_wconf 86' lang='grc' dir='ltr'>πίαμα,</span> <span class='ocrx_word' id='word_1_463' title='bbox 475 3776 575 3830; x_wconf 75' lang='grc' dir='ltr'>καὶ</span> <span class='ocrx_word' id='word_1_464' title='bbox 606 3777 789 3846; x_wconf 82' lang='grc' dir='ltr'>λέγειν</span> <span class='ocrx_word' id='word_1_465' title='bbox 842 3778 1097 3845; x_wconf 73' lang='grc' dir='ltr'>ἕκαστον,</span> <span class='ocrx_word' id='word_1_466' title='bbox 1131 3779 1208 3844; x_wconf 83' lang='grc' dir='ltr'>ὡς</span> <span class='ocrx_word' id='word_1_467' title='bbox 1249 3779 1420 3833; x_wconf 86' lang='grc' dir='ltr'>Τοῦτο</span> <span class='ocrx_word' id='word_1_468' title='bbox 1449 3780 1623 3845; x_wconf 69' lang='grc' dir='ltr'>κόπος</span> <span class='ocrx_word' id='word_1_469' title='bbox 1657 3783 1807 3835; x_wconf 77' lang='grc' dir='ltr'>ἐστὶν</span> 
     </span>
    </p>
   </div>
   <div class='ocr_carea' id='block_1_69' title="bbox 232 3868 1807 3946">
    <p class='ocr_par' dir='ltr' id='par_1_69' title="bbox 232 3868 1807 3946">
     <span class='ocr_line' id='line_1_69' title="bbox 232 3868 1807 3946; baseline 0.004 -25"><span class='ocrx_word' id='word_1_470' title='bbox 232 3868 469 3922; x_wconf 75' lang='grc' dir='ltr'>ἐνώπιόν</span> <span class='ocrx_word' id='word_1_471' title='bbox 508 3886 632 3937; x_wconf 78' lang='grc' dir='ltr'>μου,</span> <span class='ocrx_word' id='word_1_472' title='bbox 686 3869 1015 3937; x_wconf 76' lang='grc' dir='ltr'>συγκόπτων</span> <span class='ocrx_word' id='word_1_473' title='bbox 1044 3869 1531 3942; x_wconf 73' lang='grc' dir='ltr'>καὶ.κατατέμνων</span> <span class='ocrx_word' id='word_1_474' title='bbox 1559 3873 1653 3926; x_wconf 76' lang='grc' dir='ltr'>καὶ</span> <span class='ocrx_word' id='word_1_475' title='bbox 1706 3873 1807 3946; x_wconf 81' lang='grc' dir='ltr'>τὴν</span> 
     </span>
    </p>
   </div>
   <div class='ocr_carea' id='block_1_70' title="bbox 230 3960 1806 4035">
    <p class='ocr_par' dir='ltr' id='par_1_70' title="bbox 230 3960 1806 4035">
     <span class='ocr_line' id='line_1_70' title="bbox 230 3960 1806 4035; baseline 0.001 -19"><span class='ocrx_word' id='word_1_476' title='bbox 230 3963 375 4016; x_wconf 81' lang='grc' dir='ltr'><strong>κατά</strong></span> <span class='ocrx_word' id='word_1_477' title='bbox 418 3960 638 4031; x_wconf 85' lang='grc' dir='ltr'>πνεῦμα</span> <span class='ocrx_word' id='word_1_478' title='bbox 691 3963 971 4030; x_wconf 77' lang='grc' dir='ltr'>συμφυΐαν</span> <span class='ocrx_word' id='word_1_479' title='bbox 1002 3962 1363 4034; x_wconf 80' lang='grc' dir='ltr'>ἀποδιαιρῶν,</span> <span class='ocrx_word' id='word_1_480' title='bbox 1400 3966 1496 4019; x_wconf 75' lang='grc' dir='ltr'>καὶ</span> <span class='ocrx_word' id='word_1_481' title='bbox 1530 3965 1806 4035; x_wconf 83' lang='grc' dir='ltr'>χορδεύων</span> 
     </span>
    </p>
   </div>
   <div class='ocr_carea' id='block_1_71' title="bbox 224 4050 1805 4126">
    <p class='ocr_par' dir='ltr' id='par_1_71' title="bbox 224 4050 1805 4126">
     <span class='ocr_line' id='line_1_71' title="bbox 224 4050 1805 4126; baseline 0.002 -19"><span class='ocrx_word' id='word_1_482' title='bbox 224 4050 341 4108; x_wconf 76' lang='grc' dir='ltr'>οἷον</span> <span class='ocrx_word' id='word_1_483' title='bbox 364 4053 466 4124; x_wconf 82' lang='grc' dir='ltr'><strong>τὴν</strong></span> <span class='ocrx_word' id='word_1_484' title='bbox 495 4053 677 4105; x_wconf 80' lang='grc' dir='ltr'>ἔνθεον</span> <span class='ocrx_word' id='word_1_485' title='bbox 699 4053 1039 4122; x_wconf 79' lang='grc' dir='ltr'>ὁλομέλειαν.</span> <span class='ocrx_word' id='word_1_486' title='bbox 1076 4055 1224 4126; x_wconf 82' lang='grc' dir='ltr'>Πλὴν</span> <span class='ocrx_word' id='word_1_487' title='bbox 1264 4055 1419 4108; x_wconf 75' lang='grc' dir='ltr'>ἔσται</span> <span class='ocrx_word' id='word_1_488' title='bbox 1453 4074 1548 4126; x_wconf 88' lang='grc' dir='ltr'><strong>μοι</strong></span> <span class='ocrx_word' id='word_1_489' title='bbox 1601 4056 1663 4110; x_wconf 85' lang='grc' dir='ltr'><strong>τὸ</strong></span> <span class='ocrx_word' id='word_1_490' title='bbox 1706 4075 1805 4111; x_wconf 74' lang='grc' dir='ltr'><strong>κοο</strong></span> 
     </span>
    </p>
   </div>
   <div class='ocr_carea' id='block_1_72' title="bbox 227 4145 1807 4218">
    <p class='ocr_par' dir='ltr' id='par_1_72' title="bbox 227 4145 1807 4218">
     <span class='ocr_line' id='line_1_72' title="bbox 227 4145 1807 4218; baseline 0.003 -20"><span class='ocrx_word' id='word_1_491' title='bbox 227 4147 431 4215; x_wconf 75' lang='grc' dir='ltr'>πηρὸν,</span> <span class='ocrx_word' id='word_1_492' title='bbox 468 4147 627 4216; x_wconf 68' lang='grc' dir='ltr'>φησὶ,</span> <span class='ocrx_word' id='word_1_493' title='bbox 683 4145 853 4207; x_wconf 62' lang='grc' dir='ltr'>τοῦτο,</span> <span class='ocrx_word' id='word_1_494' title='bbox 896 4146 1092 4210; x_wconf 82' lang='grc' dir='ltr'>πάθος,</span> <span class='ocrx_word' id='word_1_495' title='bbox 1129 4148 1211 4200; x_wconf 84' lang='grc' dir='ltr'><strong>ὅτι</strong></span> <span class='ocrx_word' id='word_1_496' title='bbox 1256 4146 1333 4218; x_wconf 85' lang='grc' dir='ltr'><strong>μὴ</strong></span> <span class='ocrx_word' id='word_1_497' title='bbox 1372 4148 1512 4201; x_wconf 83' lang='grc' dir='ltr'>ἔλθω</span> <span class='ocrx_word' id='word_1_498' title='bbox 1540 4151 1618 4212; x_wconf 83' lang='grc' dir='ltr'><strong>εἰς</strong></span> <span class='ocrx_word' id='word_1_499' title='bbox 1647 4150 1807 4216; x_wconf 82' lang='grc' dir='ltr'>ἁγια-</span> 
     </span>
    </p>
   </div>
   <div class='ocr_carea' id='block_1_73' title="bbox 232 4232 1808 4312">
    <p class='ocr_par' dir='ltr' id='par_1_73' title="bbox 232 4232 1808 4312">
     <span class='ocr_line' id='line_1_73' title="bbox 232 4232 1808 4312; baseline -0.007 -17"><span class='ocrx_word' id='word_1_500' title='bbox 232 4242 462 4311; x_wconf 77' lang='grc' dir='ltr'>στήριον</span> <span class='ocrx_word' id='word_1_501' title='bbox 490 4235 587 4292; x_wconf 82' lang='grc' dir='ltr'><strong>τοῦ</strong></span> <span class='ocrx_word' id='word_1_502' title='bbox 618 4236 755 4292; x_wconf 86' lang='grc' dir='ltr'>Θεοῦ</span> <span class='ocrx_word' id='word_1_503' title='bbox 783 4254 797 4270; x_wconf 78' lang='grc' dir='ltr'><strong>ο</strong></span> <span class='ocrx_word' id='word_1_504' title='bbox 832 4238 1023 4291; x_wconf 79' lang='grc' dir='ltr'>ἔκτοτε</span> <span class='ocrx_word' id='word_1_505' title='bbox 1063 4240 1119 4292; x_wconf 82' lang='grc' dir='ltr'><strong>δὲ</strong></span> <span class='ocrx_word' id='word_1_506' title='bbox 1161 4240 1236 4304; x_wconf 87' lang='grc' dir='ltr'><strong>ὡς</strong></span> <span class='ocrx_word' id='word_1_507' title='bbox 1270 4241 1352 4302; x_wconf 86' lang='grc' dir='ltr'><strong>είς</strong></span> <span class='ocrx_word' id='word_1_508' title='bbox 1378 4238 1579 4312; x_wconf 85' lang='grc' dir='ltr'>δρόμον</span> <span class='ocrx_word' id='word_1_509' title='bbox 1609 4232 1808 4295; x_wconf 54' lang='grc' dir='ltr'>ἀποδυέ</span> 
     </span>
    </p>
   </div>
   <div class='ocr_carea' id='block_1_74' title="bbox 231 4329 1805 4402">
    <p class='ocr_par' dir='ltr' id='par_1_74' title="bbox 231 4329 1805 4402">
     <span class='ocr_line' id='line_1_74' title="bbox 231 4329 1805 4402; baseline 0.001 -16"><span class='ocrx_word' id='word_1_510' title='bbox 231 4334 490 4402; x_wconf 69' lang='grc' dir='ltr'>σόμενος,</span> <span class='ocrx_word' id='word_1_511' title='bbox 536 4330 606 4384; x_wconf 86' lang='grc' dir='ltr'><strong>δι’</strong></span> <span class='ocrx_word' id='word_1_512' title='bbox 645 4342 708 4385; x_wconf 74' lang='grc' dir='ltr'><strong>ου</strong></span> <span class='ocrx_word' id='word_1_513' title='bbox 766 4329 1202 4401; x_wconf 75' lang='grc' dir='ltr'>ὑπερϐαίνοντας</span> <span class='ocrx_word' id='word_1_514' title='bbox 1256 4333 1352 4386; x_wconf 69' lang='grc' dir='ltr'><strong>καὶ</strong></span> <span class='ocrx_word' id='word_1_515' title='bbox 1399 4334 1805 4399; x_wconf 84' lang='grc' dir='ltr'>ἀποδιώκοντας</span> 
     </span>
    </p>
   </div>
   <div class='ocr_carea' id='block_1_75' title="bbox 224 4423 1802 4496">
    <p class='ocr_par' dir='ltr' id='par_1_75' title="bbox 224 4423 1802 4496">
     <span class='ocr_line' id='line_1_75' title="bbox 224 4423 1802 4496; baseline 0.003 -18"><span class='ocrx_word' id='word_1_516' title='bbox 224 4425 490 4494; x_wconf 82' lang='grc' dir='ltr'>δαίμονας</span> <span class='ocrx_word' id='word_1_517' title='bbox 513 4423 830 4496; x_wconf 74' lang='grc' dir='ltr'>ἀπορρίψω,</span> <span class='ocrx_word' id='word_1_518' title='bbox 856 4424 918 4477; x_wconf 83' lang='grc' dir='ltr'><strong>τὸ</strong></span> <span class='ocrx_word' id='word_1_519' title='bbox 941 4425 1189 4494; x_wconf 73' lang='grc' dir='ltr'>ἀχθεινὸν</span> <span class='ocrx_word' id='word_1_520' title='bbox 1219 4426 1368 4479; x_wconf 82' lang='grc' dir='ltr'>τουτὶ</span> <span class='ocrx_word' id='word_1_521' title='bbox 1392 4425 1802 4495; x_wconf 65' lang='grc' dir='ltr'>φορολογεῖνμι.</span> 
     </span>
    </p>
   </div>
   <div class='ocr_carea' id='block_1_76' title="bbox 1918 3228 3492 3301">
    <p class='ocr_par' dir='ltr' id='par_1_76' title="bbox 1918 3228 3492 3301">
     <span class='ocr_line' id='line_1_76' title="bbox 1918 3228 3492 3301; baseline -0.004 -14"><span class='ocrx_word' id='word_1_522' title='bbox 1918 3241 2032 3287; x_wconf 90' lang='lat' dir='ltr'><strong>tcnt</strong></span> <span class='ocrx_word' id='word_1_523' title='bbox 2060 3246 2238 3301; x_wconf 89' lang='lat' dir='ltr'><strong>neque</strong></span> <span class='ocrx_word' id='word_1_524' title='bbox 2262 3231 2530 3285; x_wconf 87' lang='lat' dir='ltr'><strong>adversus</strong></span> <span class='ocrx_word' id='word_1_525' title='bbox 2559 3230 2892 3285; x_wconf 87' lang='lat' dir='ltr'><strong>contribules</strong></span> <span class='ocrx_word' id='word_1_526' title='bbox 2920 3230 3169 3283; x_wconf 84' lang='lat' dir='ltr'><strong>laborent</strong></span> <span class='ocrx_word' id='word_1_527' title='bbox 3201 3228 3492 3298; x_wconf 85' lang='lat' dir='ltr'><strong>(siquidem</strong></span> 
     </span>
    </p>
   </div>
   <div class='ocr_carea' id='block_1_77' title="bbox 1914 3321 3496 3391">
    <p class='ocr_par' dir='ltr' id='par_1_77' title="bbox 1914 3321 3496 3391">
     <span class='ocr_line' id='line_1_77' title="bbox 1914 3321 3496 3391; baseline -0.004 -14"><span class='ocrx_word' id='word_1_528' title='bbox 1914 3324 2000 3378; x_wconf 82' lang='lat' dir='ltr'><strong>vel</strong></span> <span class='ocrx_word' id='word_1_529' title='bbox 2042 3330 2238 3378; x_wconf 87' lang='lat' dir='ltr'><strong>contra</strong></span> <span class='ocrx_word' id='word_1_530' title='bbox 2297 3322 2630 3391; x_wconf 74' lang='lat' dir='ltr'><strong>alienigenas</strong></span> <span class='ocrx_word' id='word_1_531' title='bbox 2687 3322 2891 3375; x_wconf 82' lang='lat' dir='ltr'><strong>frustra</strong></span> <span class='ocrx_word' id='word_1_532' title='bbox 2931 3321 3110 3373; x_wconf 86' lang='lat' dir='ltr'><strong>oleum</strong></span> <span class='ocrx_word' id='word_1_533' title='bbox 3163 3334 3496 3388; x_wconf 84' lang='lat' dir='ltr'><strong>Operamquc</strong></span> 
     </span>
    </p>
   </div>
   <div class='ocr_carea' id='block_1_78' title="bbox 1914 3408 3493 3486">
    <p class='ocr_par' dir='ltr' id='par_1_78' title="bbox 1914 3408 3493 3486">
     <span class='ocr_line' id='line_1_78' title="bbox 1914 3408 3493 3486; baseline -0.004 -18"><span class='ocrx_word' id='word_1_534' title='bbox 1914 3414 2167 3486; x_wconf 87' lang='lat' dir='ltr'><strong>perdent,</strong></span> <span class='ocrx_word' id='word_1_535' title='bbox 2226 3412 2330 3467; x_wconf 89' lang='lat' dir='ltr'><strong>nisi</strong></span> <span class='ocrx_word' id='word_1_536' title='bbox 2375 3411 2609 3465; x_wconf 81' lang='lat' dir='ltr'><strong>fortasse</strong></span> <span class='ocrx_word' id='word_1_537' title='bbox 2661 3410 2867 3463; x_wconf 86' lang='lat' dir='ltr'><strong>inimici</strong></span> <span class='ocrx_word' id='word_1_538' title='bbox 2928 3409 3006 3463; x_wconf 91' lang='lat' dir='ltr'><strong>illi</strong></span> <span class='ocrx_word' id='word_1_539' title='bbox 3064 3408 3156 3462; x_wconf 91' lang='lat' dir='ltr'><strong>Dei</strong></span> <span class='ocrx_word' id='word_1_540' title='bbox 3209 3417 3301 3461; x_wconf 90' lang='lat' dir='ltr'><strong>aut</strong></span> <span class='ocrx_word' id='word_1_541' title='bbox 3350 3409 3493 3477; x_wconf 79' lang='lat' dir='ltr'><strong>regis</strong></span> 
     </span>
    </p>
   </div>
   <div class='ocr_carea' id='block_1_79' title="bbox 1913 3499 3494 3572">
    <p class='ocr_par' dir='ltr' id='par_1_79' title="bbox 1913 3499 3494 3572">
     <span class='ocr_line' id='line_1_79' title="bbox 1913 3499 3494 3572; baseline -0.007 -12"><span class='ocrx_word' id='word_1_542' title='bbox 1913 3500 2264 3572; x_wconf 82' lang='lat' dir='ltr'><strong>exciderint).</strong></span> <span class='ocrx_word' id='word_1_543' title='bbox 2319 3515 2495 3570; x_wconf 80' lang='lat' dir='ltr'><strong>neque</strong></span> <span class='ocrx_word' id='word_1_544' title='bbox 2549 3499 2881 3554; x_wconf 85' lang='lat' dir='ltr'><strong>contendant</strong></span> <span class='ocrx_word' id='word_1_545' title='bbox 2910 3506 3101 3553; x_wconf 87' lang='lat' dir='ltr'><strong>contra</strong></span> <span class='ocrx_word' id='word_1_546' title='bbox 3154 3514 3248 3552; x_wconf 87' lang='lat' dir='ltr'><strong>eos</strong></span> <span class='ocrx_word' id='word_1_547' title='bbox 3286 3499 3377 3567; x_wconf 91' lang='lat' dir='ltr'><strong>qui</strong></span> <span class='ocrx_word' id='word_1_548' title='bbox 3417 3499 3494 3553; x_wconf 87' lang='lat' dir='ltr'><strong>ei-</strong></span> 
     </span>
    </p>
   </div>
   <div class='ocr_carea' id='block_1_80' title="bbox 1914 3590 3494 3658">
    <p class='ocr_par' dir='ltr' id='par_1_80' title="bbox 1914 3590 3494 3658">
     <span class='ocr_line' id='line_1_80' title="bbox 1914 3590 3494 3658; baseline -0.006 -4"><span class='ocrx_word' id='word_1_549' title='bbox 1914 3599 2035 3654; x_wconf 88' lang='lat' dir='ltr'><strong>dem</strong></span> <span class='ocrx_word' id='word_1_550' title='bbox 2070 3596 2243 3652; x_wconf 90' lang='lat' dir='ltr'><strong>cultui</strong></span> <span class='ocrx_word' id='word_1_551' title='bbox 2301 3602 2431 3650; x_wconf 87' lang='lat' dir='ltr'><strong>sunt</strong></span> <span class='ocrx_word' id='word_1_552' title='bbox 2464 3593 2686 3658; x_wconf 82' lang='lat' dir='ltr'><strong>addicti,</strong></span> <span class='ocrx_word' id='word_1_553' title='bbox 2718 3590 2820 3646; x_wconf 78' lang='lat' dir='ltr'><strong>h&#39;o&#39;c</strong></span> <span class='ocrx_word' id='word_1_554' title='bbox 2867 3601 2952 3647; x_wconf 90' lang='lat' dir='ltr'><strong>est</strong></span> <span class='ocrx_word' id='word_1_555' title='bbox 2986 3591 3348 3655; x_wconf 87' lang='lat' dir='ltr'><strong>Christianos,</strong></span> <span class='ocrx_word' id='word_1_556' title='bbox 3397 3590 3494 3645; x_wconf 87' lang='lat' dir='ltr'><strong>sed</strong></span> 
     </span>
    </p>
   </div>
   <div class='ocr_carea' id='block_1_81' title="bbox 1915 3683 3495 3759">
    <p class='ocr_par' dir='ltr' id='par_1_81' title="bbox 1915 3683 3495 3759">
     <span class='ocr_line' id='line_1_81' title="bbox 1915 3683 3495 3759; baseline -0.004 -15"><span class='ocrx_word' id='word_1_557' title='bbox 1915 3700 1972 3745; x_wconf 91' lang='lat' dir='ltr'><strong>ut</strong></span> <span class='ocrx_word' id='word_1_558' title='bbox 2003 3689 2271 3759; x_wconf 82' lang='lat' dir='ltr'><strong>ejusmodi</strong></span> <span class='ocrx_word' id='word_1_559' title='bbox 2308 3686 2552 3743; x_wconf 88' lang='lat' dir='ltr'><strong>studium</strong></span> <span class='ocrx_word' id='word_1_560' title='bbox 2588 3700 2653 3739; x_wconf 89' lang='lat' dir='ltr'><strong>ac</strong></span> <span class='ocrx_word' id='word_1_561' title='bbox 2700 3685 2939 3739; x_wconf 88' lang='lat' dir='ltr'><strong>laborem</strong></span> <span class='ocrx_word' id='word_1_562' title='bbox 2976 3686 3104 3738; x_wconf 87' lang='lat' dir='ltr'><strong>odio</strong></span> <span class='ocrx_word' id='word_1_563' title='bbox 3135 3683 3368 3737; x_wconf 83' lang='lat' dir='ltr'><strong>habeant</strong></span> <span class='ocrx_word' id='word_1_564' title='bbox 3399 3685 3495 3737; x_wconf 89' lang='lat' dir='ltr'><strong>de-</strong></span> 
     </span>
    </p>
   </div>
   <div class='ocr_carea' id='block_1_82' title="bbox 1916 3774 3495 3851">
    <p class='ocr_par' dir='ltr' id='par_1_82' title="bbox 1916 3774 3495 3851">
     <span class='ocr_line' id='line_1_82' title="bbox 1916 3774 3495 3851; baseline -0.006 -12"><span class='ocrx_word' id='word_1_565' title='bbox 1916 3793 2307 3851; x_wconf 71' lang='lat' dir='ltr'><strong>testanturque.</strong></span> <span class='ocrx_word' id='word_1_566' title='bbox 2358 3778 2470 3841; x_wconf 77' lang='lat' dir='ltr'><strong>luto</strong></span> <span class='ocrx_word' id='word_1_567' title='bbox 2518 3779 2751 3848; x_wconf 79' lang='lat' dir='ltr'><strong>quisque</strong></span> <span class='ocrx_word' id='word_1_568' title='bbox 2791 3777 2890 3832; x_wconf 90' lang='lat' dir='ltr'><strong>sibi</strong></span> <span class='ocrx_word' id='word_1_569' title='bbox 2947 3776 3138 3831; x_wconf 86' lang='lat' dir='ltr'><strong>dicat:</strong></span> <span class='ocrx_word' id='word_1_570' title='bbox 3185 3774 3286 3829; x_wconf 87' lang='lat' dir='ltr'><strong>llic</strong></span> <span class='ocrx_word' id='word_1_571' title='bbox 3338 3775 3495 3829; x_wconf 87' lang='lat' dir='ltr'><strong>labor</strong></span> 
     </span>
    </p>
   </div>
   <div class='ocr_carea' id='block_1_83' title="bbox 1915 3865 3494 3942">
    <p class='ocr_par' dir='ltr' id='par_1_83' title="bbox 1915 3865 3494 3942">
     <span class='ocr_line' id='line_1_83' title="bbox 1915 3865 3494 3942; baseline -0.008 -11"><span class='ocrx_word' id='word_1_572' title='bbox 1915 3876 2039 3932; x_wconf 87' lang='lat' dir='ltr'><strong>talis</strong></span> <span class='ocrx_word' id='word_1_573' title='bbox 2069 3883 2153 3928; x_wconf 90' lang='lat' dir='ltr'><strong>est</strong></span> <span class='ocrx_word' id='word_1_574' title='bbox 2187 3882 2244 3927; x_wconf 92' lang='lat' dir='ltr'><strong>ut</strong></span> <span class='ocrx_word' id='word_1_575' title='bbox 2300 3872 2681 3942; x_wconf 87' lang='lat' dir='ltr'><strong>cognationem</strong></span> <span class='ocrx_word' id='word_1_576' title='bbox 2732 3867 3069 3940; x_wconf 86' lang='lat' dir='ltr'><strong>spiritualem</strong></span> <span class='ocrx_word' id='word_1_577' title='bbox 3108 3866 3341 3929; x_wconf 78' lang='lat' dir='ltr'><strong>excidat,</strong></span> <span class='ocrx_word' id='word_1_578' title='bbox 3379 3865 3494 3920; x_wconf 85' lang='lat' dir='ltr'><strong>dis-</strong></span> 
     </span>
    </p>
   </div>
   <div class='ocr_carea' id='block_1_84' title="bbox 1909 3959 3499 4040">
    <p class='ocr_par' dir='ltr' id='par_1_84' title="bbox 1909 3959 3499 4040">
     <span class='ocr_line' id='line_1_84' title="bbox 1909 3959 3499 4040; baseline -0.008 -17"><span class='ocrx_word' id='word_1_579' title='bbox 1909 3970 2125 4040; x_wconf 72' lang='lat' dir='ltr'><strong>iungat,</strong></span> <span class='ocrx_word' id='word_1_580' title='bbox 2163 3965 2363 4031; x_wconf 84' lang='lat' dir='ltr'><strong>deleat,</strong></span> <span class='ocrx_word' id='word_1_581' title='bbox 2394 3977 2559 4033; x_wconf 80' lang='lat' dir='ltr'><strong>azque</strong></span> <span class='ocrx_word' id='word_1_582' title='bbox 2589 3961 2826 4017; x_wconf 86' lang='lat' dir='ltr'><strong>divinam</strong></span> <span class='ocrx_word' id='word_1_583' title='bbox 2881 3959 3247 4014; x_wconf 86' lang='lat' dir='ltr'><strong>membrorum</strong></span> <span class='ocrx_word' id='word_1_584' title='bbox 3277 3972 3499 4028; x_wconf 84' lang='lat' dir='ltr'><strong>compa-</strong></span> 
     </span>
    </p>
   </div>
   <div class='ocr_carea' id='block_1_85' title="bbox 1913 4048 3494 4133">
    <p class='ocr_par' dir='ltr' id='par_1_85' title="bbox 1913 4048 3494 4133">
     <span class='ocr_line' id='line_1_85' title="bbox 1913 4048 3494 4133; baseline -0.015 -14"><span class='ocrx_word' id='word_1_585' title='bbox 1913 4079 2031 4133; x_wconf 74' lang='lat' dir='ltr'><strong>gem</strong></span> <span class='ocrx_word' id='word_1_586' title='bbox 2064 4059 2349 4119; x_wconf 72' lang='lat' dir='ltr'><strong>diSSOlVal.</strong></span> <span class='ocrx_word' id='word_1_587' title='bbox 2381 4056 2644 4111; x_wconf 67' lang='lat' dir='ltr'><strong>Praeterea</strong></span> <span class='ocrx_word' id='word_1_588' title='bbox 2678 4056 2801 4117; x_wconf 90' lang='lat' dir='ltr'><strong>hoc,</strong></span> <span class='ocrx_word' id='word_1_589' title='bbox 2839 4050 3071 4122; x_wconf 85' lang='lat' dir='ltr'><strong>inquiet,</strong></span> <span class='ocrx_word' id='word_1_590' title='bbox 3101 4048 3325 4119; x_wconf 83' lang='lat' dir='ltr'><strong>impedit</strong></span> <span class='ocrx_word' id='word_1_591' title='bbox 3356 4065 3494 4112; x_wconf 79' lang='lat' dir='ltr'><strong>quu—</strong></span> 
     </span>
    </p>
   </div>
   <div class='ocr_carea' id='block_1_86' title="bbox 1914 4144 3489 4213">
    <p class='ocr_par' dir='ltr' id='par_1_86' title="bbox 1914 4144 3489 4213">
     <span class='ocr_line' id='line_1_86' title="bbox 1914 4144 3489 4213; baseline -0.01 -4"><span class='ocrx_word' id='word_1_592' title='bbox 1914 4157 2096 4209; x_wconf 86' lang='lat' dir='ltr'><strong>tninus</strong></span> <span class='ocrx_word' id='word_1_593' title='bbox 2131 4154 2185 4208; x_wconf 91' lang='lat' dir='ltr'><strong>in</strong></span> <span class='ocrx_word' id='word_1_594' title='bbox 2225 4151 2318 4206; x_wconf 89' lang='lat' dir='ltr'><strong>Dei</strong></span> <span class='ocrx_word' id='word_1_595' title='bbox 2355 4146 2728 4205; x_wconf 87' lang='lat' dir='ltr'><strong>sanctuarium</strong></span> <span class='ocrx_word' id='word_1_596' title='bbox 2781 4144 3086 4213; x_wconf 80' lang='lat' dir='ltr'><strong>ingrediar;</strong></span> <span class='ocrx_word' id='word_1_597' title='bbox 3117 4158 3262 4195; x_wconf 87' lang='lat' dir='ltr'><strong>nunc</strong></span> <span class='ocrx_word' id='word_1_598' title='bbox 3310 4152 3489 4195; x_wconf 87' lang='lat' dir='ltr'><strong>autem</strong></span> 
     </span>
    </p>
   </div>
   <div class='ocr_carea' id='block_1_87' title="bbox 1913 4234 3491 4318">
    <p class='ocr_par' dir='ltr' id='par_1_87' title="bbox 1913 4234 3491 4318">
     <span class='ocr_line' id='line_1_87' title="bbox 1913 4234 3491 4318; baseline -0.009 -17"><span class='ocrx_word' id='word_1_599' title='bbox 1913 4248 2069 4318; x_wconf 90' lang='lat' dir='ltr'><strong>quasi</strong></span> <span class='ocrx_word' id='word_1_600' title='bbox 2105 4247 2159 4300; x_wconf 88' lang='lat' dir='ltr'><strong>in</strong></span> <span class='ocrx_word' id='word_1_601' title='bbox 2190 4259 2414 4299; x_wconf 87' lang='lat' dir='ltr'><strong>arenam</strong></span> <span class='ocrx_word' id='word_1_602' title='bbox 2469 4241 2827 4302; x_wconf 85' lang='lat' dir='ltr'><strong>descendens,</strong></span> <span class='ocrx_word' id='word_1_603' title='bbox 2870 4238 3042 4289; x_wconf 80' lang='lat' dir='ltr'><strong>malos</strong></span> <span class='ocrx_word' id='word_1_604' title='bbox 3088 4235 3361 4289; x_wconf 84' lang='lat' dir='ltr'><strong>daemones</strong></span> <span class='ocrx_word' id='word_1_605' title='bbox 3394 4234 3491 4302; x_wconf 89' lang='lat' dir='ltr'><strong>qui</strong></span> 
     </span>
    </p>
   </div>
   <div class='ocr_carea' id='block_1_88' title="bbox 1915 4325 3488 4408">
    <p class='ocr_par' dir='ltr' id='par_1_88' title="bbox 1915 4325 3488 4408">
     <span class='ocr_line' id='line_1_88' title="bbox 1915 4325 3488 4408; baseline -0.011 -15"><span class='ocrx_word' id='word_1_606' title='bbox 1915 4356 1999 4393; x_wconf 90' lang='lat' dir='ltr'><strong>me</strong></span> <span class='ocrx_word' id='word_1_607' title='bbox 2039 4342 2449 4408; x_wconf 89' lang='lat' dir='ltr'><strong>persequuntur</strong></span> <span class='ocrx_word' id='word_1_608' title='bbox 2480 4331 2533 4385; x_wconf 91' lang='lat' dir='ltr'><strong>in</strong></span> <span class='ocrx_word' id='word_1_609' title='bbox 2593 4330 2773 4397; x_wconf 81' lang='lat' dir='ltr'><strong>fugam</strong></span> <span class='ocrx_word' id='word_1_610' title='bbox 2839 4326 3150 4396; x_wconf 72' lang='lat' dir='ltr'><strong>conjiciam,</strong></span> <span class='ocrx_word' id='word_1_611' title='bbox 3208 4325 3488 4377; x_wconf 88' lang='lat' dir='ltr'><strong>molestam</strong></span> 
     </span>
    </p>
   </div>
   <div class='ocr_carea' id='block_1_89' title="bbox 1916 4412 3488 4495">
    <p class='ocr_par' dir='ltr' id='par_1_89' title="bbox 1916 4412 3488 4495">
     <span class='ocr_line' id='line_1_89' title="bbox 1916 4412 3488 4495; baseline -0.01 -13"><span class='ocrx_word' id='word_1_612' title='bbox 1916 4429 2062 4482; x_wconf 90' lang='lat' dir='ltr'><strong>illam</strong></span> <span class='ocrx_word' id='word_1_613' title='bbox 2101 4425 2445 4495; x_wconf 77' lang='lat' dir='ltr'><strong>vectigalium</strong></span> <span class='ocrx_word' id='word_1_614' title='bbox 2479 4419 2906 4475; x_wconf 67' lang='lat' dir='ltr'><strong>solutionem...</strong></span> <span class='ocrx_word' id='word_1_615' title='bbox 2961 4418 3042 4470; x_wconf 90' lang='lat' dir='ltr'><strong>eis</strong></span> <span class='ocrx_word' id='word_1_616' title='bbox 3074 4414 3167 4485; x_wconf 90' lang='lat' dir='ltr'><strong>qui</strong></span> <span class='ocrx_word' id='word_1_617' title='bbox 3198 4415 3263 4467; x_wconf 87' lang='lat' dir='ltr'><strong>ad</strong></span> <span class='ocrx_word' id='word_1_618' title='bbox 3316 4412 3488 4467; x_wconf 83' lang='lat' dir='ltr'><strong>Deum</strong></span> 
     </span>
    </p>
   </div>
   <div class='ocr_carea' id='block_1_90' title="bbox 224 4506 1809 4588">
    <p class='ocr_par' dir='ltr' id='par_1_90' title="bbox 224 4515 1808 4588">
     <span class='ocr_line' id='line_1_90' title="bbox 224 4515 1808 4588; baseline 0 -18"><span class='ocrx_word' id='word_1_619' title='bbox 224 4532 462 4571; x_wconf 85' lang='grc' dir='ltr'>οπτεται</span> <span class='ocrx_word' id='word_1_620' title='bbox 508 4517 621 4579; x_wconf 81' lang='grc' dir='ltr'>τοῖς</span> <span class='ocrx_word' id='word_1_621' title='bbox 657 4517 734 4578; x_wconf 87' lang='grc' dir='ltr'><strong>είς</strong></span> <span class='ocrx_word' id='word_1_622' title='bbox 789 4515 925 4568; x_wconf 82' lang='grc' dir='ltr'>Θεὸν</span> <span class='ocrx_word' id='word_1_623' title='bbox 955 4516 1237 4587; x_wconf 82' lang='grc' dir='ltr'>τρέχουσι,</span> <span class='ocrx_word' id='word_1_624' title='bbox 1280 4515 1378 4571; x_wconf 73' lang='grc' dir='ltr'><strong>καὶ</strong></span> <span class='ocrx_word' id='word_1_625' title='bbox 1422 4516 1498 4581; x_wconf 86' lang='grc' dir='ltr'>ὡς</span> <span class='ocrx_word' id='word_1_626' title='bbox 1528 4518 1606 4588; x_wconf 79' lang='grc' dir='ltr'>τῷ</span> <span class='ocrx_word' id='word_1_627' title='bbox 1637 4521 1808 4587; x_wconf 77' lang='grc' dir='ltr'>ὑπερ‹</span> 
     </span>
    </p>
   </div>
   <div class='ocr_carea' id='block_1_91' title="bbox 1918 4506 3487 4588">
    <p class='ocr_par' dir='ltr' id='par_1_91' title="bbox 1918 4506 3487 4585">
     <span class='ocr_line' id='line_1_91' title="bbox 1918 4506 3487 4585; baseline -0.011 -10"><span class='ocrx_word' id='word_1_628' title='bbox 1918 4517 2268 4585; x_wconf 69' lang='lat' dir='ltr'><strong>confugiunt,</strong></span> <span class='ocrx_word' id='word_1_629' title='bbox 2311 4523 2365 4572; x_wconf 85' lang='lat' dir='ltr'><strong>et</strong></span> <span class='ocrx_word' id='word_1_630' title='bbox 2398 4513 2568 4568; x_wconf 78' lang='lat' dir='ltr'><strong>veluti</strong></span> <span class='ocrx_word' id='word_1_631' title='bbox 2631 4506 3077 4579; x_wconf 80' lang='lat' dir='ltr'><strong>Splendidissimo</strong></span> <span class='ocrx_word' id='word_1_632' title='bbox 3125 4508 3260 4571; x_wconf 83' lang='lat' dir='ltr'><strong>sole,</strong></span> <span class='ocrx_word' id='word_1_633' title='bbox 3310 4506 3487 4560; x_wconf 84' lang='lat' dir='ltr'><strong>Deo...</strong></span> 
     </span>
    </p>
   </div>
   <div class='ocr_carea' id='block_1_92' title="bbox 221 4606 1810 4681">
    <p class='ocr_par' dir='ltr' id='par_1_92' title="bbox 221 4606 1810 4681">
     <span class='ocr_line' id='line_1_92' title="bbox 221 4606 1810 4681; baseline -0.002 -17"><span class='ocrx_word' id='word_1_634' title='bbox 221 4610 395 4681; x_wconf 84' lang='grc' dir='ltr'>φώτῳ</span> <span class='ocrx_word' id='word_1_635' title='bbox 436 4609 595 4680; x_wconf 76' lang='grc' dir='ltr'>ἡλίῳ,</span> <span class='ocrx_word' id='word_1_636' title='bbox 642 4608 720 4676; x_wconf 84' lang='grc' dir='ltr'>τῷ</span> <span class='ocrx_word' id='word_1_637' title='bbox 751 4606 893 4679; x_wconf 81' lang='grc' dir='ltr'>Θεῷ,</span> <span class='ocrx_word' id='word_1_638' title='bbox 919 4608 1006 4631; x_wconf 79' lang='grc'><strong>“““</strong></span> <span class='ocrx_word' id='word_1_639' title='bbox 1038 4609 1455 4680; x_wconf 71' lang='grc' dir='ltr'>ἐλλαμψόμενος</span> <span class='ocrx_word' id='word_1_640' title='bbox 1505 4609 1810 4681; x_wconf 75' lang='grc' dir='ltr'>ἀπορρίψο-</span> 
     </span>
    </p>
   </div>
   <div class='ocr_carea' id='block_1_93' title="bbox 224 4700 1805 4777">
    <p class='ocr_par' dir='ltr' id='par_1_93' title="bbox 224 4700 1805 4777">
     <span class='ocr_line' id='line_1_93' title="bbox 224 4700 1805 4777; baseline -0.003 -19"><span class='ocrx_word' id='word_1_641' title='bbox 224 4724 329 4777; x_wconf 84' lang='grc' dir='ltr'><strong>μαι</strong></span> <span class='ocrx_word' id='word_1_642' title='bbox 391 4702 591 4758; x_wconf 80' lang='grc' dir='ltr'>σπίλον</span> <span class='ocrx_word' id='word_1_643' title='bbox 642 4703 889 4756; x_wconf 84' lang='grc' dir='ltr'>τοιούτου</span> <span class='ocrx_word' id='word_1_644' title='bbox 952 4700 1235 4774; x_wconf 84' lang='grc' dir='ltr'>είδεχθοῦς</span> <span class='ocrx_word' id='word_1_645' title='bbox 1295 4700 1413 4772; x_wconf 74' lang='grc' dir='ltr'><strong>ἅμα</strong></span> <span class='ocrx_word' id='word_1_646' title='bbox 1474 4702 1569 4753; x_wconf 76' lang='grc' dir='ltr'>καὶ</span> <span class='ocrx_word' id='word_1_647' title='bbox 1625 4718 1805 4772; x_wconf 87' lang='grc' dir='ltr'>μυσα-</span> 
     </span>
    </p>
   </div>
   <div class='ocr_carea' id='block_1_94' title="bbox 222 4816 348 4867">
    <p class='ocr_par' dir='ltr' id='par_1_94' title="bbox 222 4816 348 4867">
     <span class='ocr_line' id='line_1_94' title="bbox 222 4816 348 4867; baseline 0.008 -16"><span class='ocrx_word' id='word_1_648' title='bbox 222 4816 348 4867; x_wconf 78' lang='lat' dir='ltr'><strong>pou.</strong></span> 
     </span>
    </p>
   </div>
   <div class='ocr_carea' id='block_1_95' title="bbox 295 4880 1804 4957">
    <p class='ocr_par' dir='ltr' id='par_1_95' title="bbox 295 4880 1804 4957">
     <span class='ocr_line' id='line_1_95' title="bbox 295 4880 1804 4957; baseline -0.006 -14"><span class='ocrx_word' id='word_1_649' title='bbox 295 4895 410 4957; x_wconf 81' lang='grc' dir='ltr'><strong>κγ’.</strong></span> <span class='ocrx_word' id='word_1_650' title='bbox 446 4884 511 4939; x_wconf 84' lang='lat' dir='ltr'><strong>El</strong></span> <span class='ocrx_word' id='word_1_651' title='bbox 542 4880 676 4954; x_wconf 87' lang='grc' dir='ltr'>γοῦν</span> <span class='ocrx_word' id='word_1_652' title='bbox 723 4880 956 4939; x_wconf 88' lang='grc' dir='ltr'>τοιοῦτοι</span> <span class='ocrx_word' id='word_1_653' title='bbox 987 4882 1281 4954; x_wconf 81' lang='grc' dir='ltr'>γενώμεθα</span> <span class='ocrx_word' id='word_1_654' title='bbox 1324 4883 1411 4937; x_wconf 84' lang='grc' dir='ltr'>διά</span> <span class='ocrx_word' id='word_1_655' title='bbox 1444 4882 1804 4953; x_wconf 83' lang='grc' dir='ltr'>φιλαλληλίας</span> 
     </span>
    </p>
   </div>
   <div class='ocr_carea' id='block_1_96' title="bbox 219 4974 1805 5049">
    <p class='ocr_par' dir='ltr' id='par_1_96' title="bbox 219 4974 1805 5049">
     <span class='ocr_line' id='line_1_96' title="bbox 219 4974 1805 5049; baseline -0.004 -13"><span class='ocrx_word' id='word_1_656' title='bbox 219 4984 321 5037; x_wconf 75' lang='grc' dir='ltr'><strong>καὶ</strong></span> <span class='ocrx_word' id='word_1_657' title='bbox 351 4982 629 5048; x_wconf 84' lang='grc' dir='ltr'>ὁμονοίας,</span> <span class='ocrx_word' id='word_1_658' title='bbox 679 4978 748 5049; x_wconf 73' lang='grc' dir='ltr'>ἣν</span> <span class='ocrx_word' id='word_1_659' title='bbox 777 4980 805 5032; x_wconf 84' lang='grc' dir='ltr'>ὁ</span> <span class='ocrx_word' id='word_1_660' title='bbox 862 4979 997 5042; x_wconf 76' lang='grc' dir='ltr'>Θεὸς</span> <span class='ocrx_word' id='word_1_661' title='bbox 1053 4978 1141 5031; x_wconf 75' lang='grc' dir='ltr'><strong>διὰ</strong></span> <span class='ocrx_word' id='word_1_662' title='bbox 1186 4977 1295 5031; x_wconf 86' lang='grc' dir='ltr'><strong>τῶν</strong></span> <span class='ocrx_word' id='word_1_663' title='bbox 1354 4974 1519 5046; x_wconf 81' lang='grc' dir='ltr'>ίερῶν</span> <span class='ocrx_word' id='word_1_664' title='bbox 1570 4977 1805 5047; x_wconf 82' lang='grc' dir='ltr'>Γραφῶν</span> 
     </span>
    </p>
   </div>
   <div class='ocr_carea' id='block_1_97' title="bbox 221 5069 1807 5145">
    <p class='ocr_par' dir='ltr' id='par_1_97' title="bbox 221 5069 1807 5145">
     <span class='ocr_line' id='line_1_97' title="bbox 221 5069 1807 5145; baseline -0.004 -15"><span class='ocrx_word' id='word_1_665' title='bbox 221 5074 602 5145; x_wconf 73' lang='grc' dir='ltr'>παραδίδωσι,</span> <span class='ocrx_word' id='word_1_666' title='bbox 637 5070 734 5124; x_wconf 75' lang='grc' dir='ltr'>καὶ</span> <span class='ocrx_word' id='word_1_667' title='bbox 784 5071 873 5125; x_wconf 79' lang='grc' dir='ltr'><strong>διὰ</strong></span> <span class='ocrx_word' id='word_1_668' title='bbox 923 5071 1226 5140; x_wconf 84' lang='grc' dir='ltr'>συμπνοίας</span> <span class='ocrx_word' id='word_1_669' title='bbox 1281 5069 1664 5140; x_wconf 70' lang='grc' dir='ltr'>πνευματικῆς</span> <span class='ocrx_word' id='word_1_670' title='bbox 1711 5071 1807 5124; x_wconf 81' lang='grc' dir='ltr'>καὶ</span> 
     </span>
    </p>
   </div>
   <div class='ocr_carea' id='block_1_98' title="bbox 222 5162 1806 5238">
    <p class='ocr_par' dir='ltr' id='par_1_98' title="bbox 222 5162 1806 5238">
     <span class='ocr_line' id='line_1_98' title="bbox 222 5162 1806 5238; baseline -0.004 -15"><span class='ocrx_word' id='word_1_671' title='bbox 222 5165 557 5238; x_wconf 76' lang='grc' dir='ltr'>ἀταραξίας,</span> <span class='ocrx_word' id='word_1_672' title='bbox 592 5164 659 5236; x_wconf 79' lang='grc' dir='ltr'>ἣν</span> <span class='ocrx_word' id='word_1_673' title='bbox 711 5167 739 5218; x_wconf 83' lang='grc' dir='ltr'>ὁ</span> <span class='ocrx_word' id='word_1_674' title='bbox 792 5163 867 5235; x_wconf 80' lang='grc' dir='ltr'>μὴ</span> <span class='ocrx_word' id='word_1_675' title='bbox 900 5166 1133 5232; x_wconf 81' lang='grc' dir='ltr'>ἀγαπῶν</span> <span class='ocrx_word' id='word_1_676' title='bbox 1163 5164 1427 5233; x_wconf 84' lang='grc' dir='ltr'>πονηροῖς</span> <span class='ocrx_word' id='word_1_677' title='bbox 1476 5162 1806 5231; x_wconf 80' lang='grc' dir='ltr'>κυμαίνεται</span> 
     </span>
    </p>
   </div>
   <div class='ocr_carea' id='block_1_99' title="bbox 221 5253 1806 5332">
    <p class='ocr_par' dir='ltr' id='par_1_99' title="bbox 221 5253 1806 5332">
     <span class='ocr_line' id='line_1_99' title="bbox 221 5253 1806 5332; baseline -0.007 -13"><span class='ocrx_word' id='word_1_678' title='bbox 221 5263 566 5332; x_wconf 77' lang='grc' dir='ltr'>πνεύμασιν,</span> <span class='ocrx_word' id='word_1_679' title='bbox 599 5257 852 5328; x_wconf 80' lang='grc' dir='ltr'>ἑλώμεθα</span> <span class='ocrx_word' id='word_1_680' title='bbox 883 5257 940 5310; x_wconf 78' lang='grc' dir='ltr'><strong>δὲ</strong></span> <span class='ocrx_word' id='word_1_681' title='bbox 972 5255 1353 5326; x_wconf 74' lang='grc' dir='ltr'>φορτίζεσθαι,</span> <span class='ocrx_word' id='word_1_682' title='bbox 1395 5255 1470 5319; x_wconf 85' lang='grc' dir='ltr'>ὡς</span> <span class='ocrx_word' id='word_1_683' title='bbox 1498 5253 1637 5309; x_wconf 84' lang='grc' dir='ltr'>Θεοῦ</span> <span class='ocrx_word' id='word_1_684' title='bbox 1685 5255 1806 5309; x_wconf 85' lang='grc' dir='ltr'>δου-</span> 
     </span>
    </p>
   </div>
   <div class='ocr_carea' id='block_1_100' title="bbox 215 5345 1801 5421">
    <p class='ocr_par' dir='ltr' id='par_1_100' title="bbox 215 5345 1801 5421">
     <span class='ocr_line' id='line_1_100' title="bbox 215 5345 1801 5421; baseline -0.006 -14"><span class='ocrx_word' id='word_1_685' title='bbox 215 5353 439 5414; x_wconf 72' lang='grc' dir='ltr'>λευταὶ,</span> <span class='ocrx_word' id='word_1_686' title='bbox 468 5351 614 5421; x_wconf 70' lang='grc' dir='ltr'>ἅπερ</span> <span class='ocrx_word' id='word_1_687' title='bbox 644 5351 781 5419; x_wconf 74' lang='grc' dir='ltr'>ἡμῖν</span> <span class='ocrx_word' id='word_1_688' title='bbox 827 5350 1039 5410; x_wconf 74' lang='grc' dir='ltr'>ἐκεῖνος</span> <span class='ocrx_word' id='word_1_689' title='bbox 1071 5345 1456 5415; x_wconf 72' lang='grc' dir='ltr'>εὐδιακρίτως,</span> <span class='ocrx_word' id='word_1_690' title='bbox 1485 5346 1559 5408; x_wconf 86' lang='grc' dir='ltr'>ὡς</span> <span class='ocrx_word' id='word_1_691' title='bbox 1593 5347 1801 5416; x_wconf 76' lang='grc' dir='ltr'>πατὴρ,</span> 
     </span>
    </p>
   </div>
   <div class='ocr_carea' id='block_1_101' title="bbox 214 5438 1802 5513">
    <p class='ocr_par' dir='ltr' id='par_1_101' title="bbox 214 5438 1802 5513">
     <span class='ocr_line' id='line_1_101' title="bbox 214 5438 1802 5513; baseline -0.007 -12"><span class='ocrx_word' id='word_1_692' title='bbox 214 5446 529 5513; x_wconf 70' lang='grc' dir='ltr'>ἐπιτίθησι,</span> <span class='ocrx_word' id='word_1_693' title='bbox 560 5442 657 5498; x_wconf 73' lang='grc' dir='ltr'>καὶ</span> <span class='ocrx_word' id='word_1_694' title='bbox 682 5442 905 5513; x_wconf 81' lang='grc' dir='ltr'>κοπιᾷν,</span> <span class='ocrx_word' id='word_1_695' title='bbox 934 5441 1009 5502; x_wconf 82' lang='grc' dir='ltr'>ὡς</span> <span class='ocrx_word' id='word_1_696' title='bbox 1036 5441 1247 5502; x_wconf 72' lang='grc' dir='ltr'>ἐκεῖνος</span> <span class='ocrx_word' id='word_1_697' title='bbox 1283 5438 1570 5491; x_wconf 82' lang='grc' dir='ltr'>ἐπιτάσσει</span> <span class='ocrx_word' id='word_1_698' title='bbox 1594 5454 1608 5468; x_wconf 76' lang='grc'><strong>’</strong></span> <span class='ocrx_word' id='word_1_699' title='bbox 1650 5441 1678 5490; x_wconf 86' lang='grc' dir='ltr'>ὁ</span> <span class='ocrx_word' id='word_1_700' title='bbox 1704 5439 1802 5491; x_wconf 78' lang='grc' dir='ltr'>καὶ</span> 
     </span>
    </p>
   </div>
   <div class='ocr_carea' id='block_1_102' title="bbox 212 5524 1799 5605">
    <p class='ocr_par' dir='ltr' id='par_1_102' title="bbox 212 5524 1799 5605">
     <span class='ocr_line' id='line_1_102' title="bbox 212 5524 1799 5605; baseline -0.009 -13"><span class='ocrx_word' id='word_1_701' title='bbox 212 5539 318 5600; x_wconf 81' lang='grc' dir='ltr'><strong>τάς</strong></span> <span class='ocrx_word' id='word_1_702' title='bbox 348 5534 512 5605; x_wconf 73' lang='grc' dir='ltr'>ἡμῶν</span> <span class='ocrx_word' id='word_1_703' title='bbox 534 5532 813 5604; x_wconf 77' lang='grc' dir='ltr'>ἁμαρτίας</span> <span class='ocrx_word' id='word_1_704' title='bbox 833 5531 999 5604; x_wconf 78' lang='grc' dir='ltr'>ἄρας,</span> <span class='ocrx_word' id='word_1_705' title='bbox 1029 5529 1125 5583; x_wconf 68' lang='grc' dir='ltr'>καὶ</span> <span class='ocrx_word' id='word_1_706' title='bbox 1148 5528 1297 5599; x_wconf 72' lang='grc' dir='ltr'>ἡμᾶς</span> <span class='ocrx_word' id='word_1_707' title='bbox 1329 5528 1532 5580; x_wconf 74' lang='grc' dir='ltr'>ἐθέλων</span> <span class='ocrx_word' id='word_1_708' title='bbox 1556 5525 1625 5580; x_wconf 86' lang='grc' dir='ltr'><strong>τά</strong></span> <span class='ocrx_word' id='word_1_709' title='bbox 1658 5524 1799 5596; x_wconf 77' lang='grc' dir='ltr'>βάρη</span> 
     </span>
    </p>
   </div>
   <div class='ocr_carea' id='block_1_103' title="bbox 216 5618 1802 5701">
    <p class='ocr_par' dir='ltr' id='par_1_103' title="bbox 216 5618 1802 5701">
     <span class='ocr_line' id='line_1_103' title="bbox 216 5618 1802 5701; baseline -0.008 -16"><span class='ocrx_word' id='word_1_710' title='bbox 216 5627 520 5701; x_wconf 73' lang='grc' dir='ltr'>βαστάζειν</span> <span class='ocrx_word' id='word_1_711' title='bbox 549 5624 964 5695; x_wconf 82' lang='grc' dir='ltr'>πνευματικῶς,</span> <span class='ocrx_word' id='word_1_712' title='bbox 998 5623 1099 5676; x_wconf 80' lang='grc' dir='ltr'><strong>οὐκ</strong></span> <span class='ocrx_word' id='word_1_713' title='bbox 1133 5621 1336 5690; x_wconf 78' lang='grc' dir='ltr'>ἀφήσει</span> <span class='ocrx_word' id='word_1_714' title='bbox 1383 5618 1802 5689; x_wconf 77' lang='grc' dir='ltr'>περιχορεῖσθαι</span> 
     </span>
    </p>
   </div>
   <div class='ocr_carea' id='block_1_104' title="bbox 218 5713 1801 5795">
    <p class='ocr_par' dir='ltr' id='par_1_104' title="bbox 218 5713 1801 5795">
     <span class='ocr_line' id='line_1_104' title="bbox 218 5713 1801 5795; baseline -0.005 -20"><span class='ocrx_word' id='word_1_715' title='bbox 218 5723 405 5795; x_wconf 77' lang='grc' dir='ltr'>μάτην</span> <span class='ocrx_word' id='word_1_716' title='bbox 436 5722 535 5774; x_wconf 75' lang='grc' dir='ltr'>καὶ</span> <span class='ocrx_word' id='word_1_717' title='bbox 559 5717 848 5790; x_wconf 80' lang='grc' dir='ltr'>τρίϐεσθαι</span> <span class='ocrx_word' id='word_1_718' title='bbox 883 5717 1028 5770; x_wconf 77' lang='grc' dir='ltr'>κατὰ</span> <span class='ocrx_word' id='word_1_719' title='bbox 1062 5715 1187 5779; x_wconf 80' lang='grc' dir='ltr'>τοὺς</span> <span class='ocrx_word' id='word_1_720' title='bbox 1230 5713 1699 5785; x_wconf 64' lang='grc' dir='ltr'>ἐπαχθιζομένους</span> <span class='ocrx_word' id='word_1_721' title='bbox 1733 5714 1801 5768; x_wconf 66' lang='grc' dir='ltr'><strong>τὰ</strong></span> 
     </span>
    </p>
   </div>
   <div class='ocr_carea' id='block_1_105' title="bbox 219 5804 1798 5888">
    <p class='ocr_par' dir='ltr' id='par_1_105' title="bbox 219 5804 1798 5888">
     <span class='ocr_line' id='line_1_105' title="bbox 219 5804 1798 5888; baseline -0.004 -21"><span class='ocrx_word' id='word_1_722' title='bbox 219 5818 297 5888; x_wconf 75' lang='grc' dir='ltr'>μη</span> <span class='ocrx_word' id='word_1_723' title='bbox 350 5811 486 5885; x_wconf 85' lang='grc' dir='ltr'>φίλα</span> <span class='ocrx_word' id='word_1_724' title='bbox 534 5810 751 5884; x_wconf 66' lang='grc' dir='ltr'>ἐκείνῳ.</span> <span class='ocrx_word' id='word_1_725' title='bbox 802 5808 948 5864; x_wconf 83' lang='grc' dir='ltr'>Ἀλλ’</span> <span class='ocrx_word' id='word_1_726' title='bbox 991 5808 1183 5881; x_wconf 78' lang='grc' dir='ltr'>ἐπειδὴ</span> <span class='ocrx_word' id='word_1_727' title='bbox 1216 5806 1306 5862; x_wconf 75' lang='grc' dir='ltr'>τδν</span> <span class='ocrx_word' id='word_1_728' title='bbox 1336 5806 1560 5861; x_wconf 75' lang='grc' dir='ltr'>ἐκείνου</span> <span class='ocrx_word' id='word_1_729' title='bbox 1600 5804 1798 5876; x_wconf 74' lang='grc' dir='ltr'>φόρτον</span> 
     </span>
    </p>
   </div>
   <div class='ocr_carea' id='block_1_106' title="bbox 1909 4600 3489 4675">
    <p class='ocr_par' dir='ltr' id='par_1_106' title="bbox 1909 4600 3489 4675">
     <span class='ocr_line' id='line_1_106' title="bbox 1909 4600 3489 4675; baseline -0.008 -7"><span class='ocrx_word' id='word_1_730' title='bbox 1909 4613 2263 4668; x_wconf 72' lang='lat' dir='ltr'><strong>Collustratus</strong></span> <span class='ocrx_word' id='word_1_731' title='bbox 2312 4610 2455 4663; x_wconf 81' lang='lat' dir='ltr'><strong>hanc</strong></span> <span class='ocrx_word' id='word_1_732' title='bbox 2509 4616 2725 4675; x_wconf 85' lang='lat' dir='ltr'><strong>turpem</strong></span> <span class='ocrx_word' id='word_1_733' title='bbox 2783 4600 3159 4672; x_wconf 87' lang='lat' dir='ltr'><strong>nefastatnque</strong></span> <span class='ocrx_word' id='word_1_734' title='bbox 3218 4603 3489 4656; x_wconf 85' lang='lat' dir='ltr'><strong>maculant</strong></span> 
     </span>
    </p>
   </div>
   <div class='ocr_carea' id='block_1_107' title="bbox 1910 4700 2421 4773">
    <p class='ocr_par' dir='ltr' id='par_1_107' title="bbox 1910 4700 2421 4773">
     <span class='ocr_line' id='line_1_107' title="bbox 1910 4700 2421 4773; baseline -0.004 -18"><span class='ocrx_word' id='word_1_735' title='bbox 1910 4701 2096 4773; x_wconf 91' lang='lat' dir='ltr'><strong>procul</strong></span> <span class='ocrx_word' id='word_1_736' title='bbox 2145 4700 2421 4772; x_wconf 84' lang='lat' dir='ltr'><strong>abjiciam.</strong></span> 
     </span>
    </p>
   </div>
   <div class='ocr_carea' id='block_1_108' title="bbox 1980 4884 3493 4950">
    <p class='ocr_par' dir='ltr' id='par_1_108' title="bbox 1980 4884 3493 4950">
     <span class='ocr_line' id='line_1_108' title="bbox 1980 4884 3493 4950; baseline -0.007 -5"><span class='ocrx_word' id='word_1_737' title='bbox 1980 4885 2073 4945; x_wconf 66' lang='lat'><strong>23.</strong></span> <span class='ocrx_word' id='word_1_738' title='bbox 2103 4888 2226 4944; x_wconf 85' lang='lat' dir='ltr'><strong>Jam</strong></span> <span class='ocrx_word' id='word_1_739' title='bbox 2267 4903 2395 4944; x_wconf 84' lang='lat' dir='ltr'><strong>vero</strong></span> <span class='ocrx_word' id='word_1_740' title='bbox 2449 4887 2493 4942; x_wconf 92' lang='lat' dir='ltr'><strong>si</strong></span> <span class='ocrx_word' id='word_1_741' title='bbox 2524 4884 2658 4942; x_wconf 87' lang='lat' dir='ltr'><strong>tales</strong></span> <span class='ocrx_word' id='word_1_742' title='bbox 2690 4885 2894 4940; x_wconf 89' lang='lat' dir='ltr'><strong>erimus</strong></span> <span class='ocrx_word' id='word_1_743' title='bbox 2938 4899 3035 4950; x_wconf 77' lang='lat' dir='ltr'><strong>per</strong></span> <span class='ocrx_word' id='word_1_744' title='bbox 3061 4889 3311 4937; x_wconf 89' lang='lat' dir='ltr'><strong>mutuum</strong></span> <span class='ocrx_word' id='word_1_745' title='bbox 3341 4896 3493 4936; x_wconf 79' lang='lat' dir='ltr'><strong>anto-</strong></span> 
     </span>
    </p>
   </div>
   <div class='ocr_carea' id='block_1_109' title="bbox 1905 4972 3489 5047">
    <p class='ocr_par' dir='ltr' id='par_1_109' title="bbox 1905 4972 3489 5047">
     <span class='ocr_line' id='line_1_109' title="bbox 1905 4972 3489 5047; baseline -0.006 -13"><span class='ocrx_word' id='word_1_746' title='bbox 1905 4996 2018 5036; x_wconf 88' lang='lat' dir='ltr'><strong>rem</strong></span> <span class='ocrx_word' id='word_1_747' title='bbox 2080 4990 2134 5035; x_wconf 86' lang='lat' dir='ltr'><strong>ct</strong></span> <span class='ocrx_word' id='word_1_748' title='bbox 2188 4978 2585 5042; x_wconf 83' lang='lat' dir='ltr'><strong>concordiam,</strong></span> <span class='ocrx_word' id='word_1_749' title='bbox 2649 4975 2864 5047; x_wconf 85' lang='lat' dir='ltr'><strong>qualem</strong></span> <span class='ocrx_word' id='word_1_750' title='bbox 2934 4972 3078 5027; x_wconf 90' lang='lat' dir='ltr'><strong>Deus</strong></span> <span class='ocrx_word' id='word_1_751' title='bbox 3129 4988 3226 5042; x_wconf 87' lang='lat' dir='ltr'><strong>per</strong></span> <span class='ocrx_word' id='word_1_752' title='bbox 3295 4985 3489 5025; x_wconf 87' lang='lat' dir='ltr'><strong>sacras</strong></span> 
     </span>
    </p>
   </div>
   <div class='ocr_carea' id='block_1_110' title="bbox 1901 5067 3486 5137">
    <p class='ocr_par' dir='ltr' id='par_1_110' title="bbox 1901 5067 3486 5137">
     <span class='ocr_line' id='line_1_110' title="bbox 1901 5067 3486 5137; baseline -0.009 -9"><span class='ocrx_word' id='word_1_753' title='bbox 1901 5074 2144 5128; x_wconf 81' lang='lat' dir='ltr'><strong>Litteras</strong></span> <span class='ocrx_word' id='word_1_754' title='bbox 2204 5088 2305 5127; x_wconf 69' lang='lat' dir='ltr'><strong>nas</strong></span> <span class='ocrx_word' id='word_1_755' title='bbox 2368 5070 2568 5124; x_wconf 79' lang='lat' dir='ltr'><strong>edocet</strong></span> <span class='ocrx_word' id='word_1_756' title='bbox 2604 5108 2618 5132; x_wconf 93' lang='lat'><strong>,</strong></span> <span class='ocrx_word' id='word_1_757' title='bbox 2669 5077 2722 5121; x_wconf 91' lang='lat' dir='ltr'><strong>et</strong></span> <span class='ocrx_word' id='word_1_758' title='bbox 2782 5083 2878 5137; x_wconf 90' lang='lat' dir='ltr'><strong>per</strong></span> <span class='ocrx_word' id='word_1_759' title='bbox 2941 5067 3281 5134; x_wconf 87' lang='lat' dir='ltr'><strong>spiritualem</strong></span> <span class='ocrx_word' id='word_1_760' title='bbox 3344 5078 3486 5115; x_wconf 82' lang='lat' dir='ltr'><strong>una-</strong></span> 
     </span>
    </p>
   </div>
   <div class='ocr_carea' id='block_1_111' title="bbox 1907 5144 3490 5230">
    <p class='ocr_par' dir='ltr' id='par_1_111' title="bbox 1907 5144 3490 5230">
     <span class='ocr_line' id='line_1_111' title="bbox 1907 5144 3490 5230; baseline -0.008 -11"><span class='ocrx_word' id='word_1_761' title='bbox 1907 5164 2213 5220; x_wconf 88' lang='lat' dir='ltr'><strong>nimitatem</strong></span> <span class='ocrx_word' id='word_1_762' title='bbox 2270 5173 2324 5218; x_wconf 88' lang='lat' dir='ltr'><strong>et</strong></span> <span class='ocrx_word' id='word_1_763' title='bbox 2350 5162 2822 5230; x_wconf 83' lang='lat' dir='ltr'><strong>tranquillitatem,</strong></span> <span class='ocrx_word' id='word_1_764' title='bbox 2857 5175 3021 5230; x_wconf 90' lang='lat' dir='ltr'><strong>quam</strong></span> <span class='ocrx_word' id='word_1_765' title='bbox 3050 5159 3141 5228; x_wconf 88' lang='lat' dir='ltr'><strong>qui</strong></span> <span class='ocrx_word' id='word_1_766' title='bbox 3168 5172 3274 5209; x_wconf 91' lang='lat' dir='ltr'><strong>non</strong></span> <span class='ocrx_word' id='word_1_767' title='bbox 3311 5144 3490 5222; x_wconf 75' lang='lat' dir='ltr'><strong>diligit</strong></span> 
     </span>
    </p>
   </div>
   <div class='ocr_carea' id='block_1_112' title="bbox 1905 5241 3488 5327">
    <p class='ocr_par' dir='ltr' id='par_1_112' title="bbox 1905 5241 3488 5327">
     <span class='ocr_line' id='line_1_112' title="bbox 1905 5241 3488 5327; baseline -0.009 -16"><span class='ocrx_word' id='word_1_768' title='bbox 1905 5257 2168 5327; x_wconf 86' lang='lat' dir='ltr'><strong>improbis</strong></span> <span class='ocrx_word' id='word_1_769' title='bbox 2203 5255 2459 5309; x_wconf 89' lang='lat' dir='ltr'><strong>turbatur</strong></span> <span class='ocrx_word' id='word_1_770' title='bbox 2488 5254 2854 5315; x_wconf 62' lang='lat' dir='ltr'><strong>daemonibus,</strong></span> <span class='ocrx_word' id='word_1_771' title='bbox 2905 5258 2960 5304; x_wconf 91' lang='lat' dir='ltr'><strong>et</strong></span> <span class='ocrx_word' id='word_1_772' title='bbox 2999 5250 3068 5312; x_wconf 88' lang='lat' dir='ltr'><strong>si,</strong></span> <span class='ocrx_word' id='word_1_773' title='bbox 3098 5255 3356 5315; x_wconf 90' lang='lat' dir='ltr'><strong>tanquam</strong></span> <span class='ocrx_word' id='word_1_774' title='bbox 3393 5241 3488 5297; x_wconf 73' lang='lat' dir='ltr'><strong>Dei</strong></span> 
     </span>
    </p>
   </div>
   <div class='ocr_carea' id='block_1_113' title="bbox 1906 5334 3483 5419">
    <p class='ocr_par' dir='ltr' id='par_1_113' title="bbox 1906 5334 3483 5419">
     <span class='ocr_line' id='line_1_113' title="bbox 1906 5334 3483 5419; baseline -0.011 -15"><span class='ocrx_word' id='word_1_775' title='bbox 1906 5344 2072 5411; x_wconf 79' lang='lat' dir='ltr'><strong>servi,</strong></span> <span class='ocrx_word' id='word_1_776' title='bbox 2106 5363 2167 5402; x_wconf 91' lang='lat' dir='ltr'><strong>ea</strong></span> <span class='ocrx_word' id='word_1_777' title='bbox 2194 5363 2317 5416; x_wconf 70' lang='lat' dir='ltr'><strong>qua:</strong></span> <span class='ocrx_word' id='word_1_778' title='bbox 2346 5346 2462 5419; x_wconf 80' lang='lat' dir='ltr'><strong>ipse</strong></span> <span class='ocrx_word' id='word_1_779' title='bbox 2514 5345 2675 5400; x_wconf 83' lang='lat' dir='ltr'><strong>nobis</strong></span> <span class='ocrx_word' id='word_1_780' title='bbox 2707 5354 2765 5399; x_wconf 91' lang='lat' dir='ltr'><strong>ut</strong></span> <span class='ocrx_word' id='word_1_781' title='bbox 2790 5338 3012 5411; x_wconf 87' lang='lat' dir='ltr'><strong>sapiens</strong></span> <span class='ocrx_word' id='word_1_782' title='bbox 3042 5347 3199 5408; x_wconf 88' lang='lat' dir='ltr'><strong>pater</strong></span> <span class='ocrx_word' id='word_1_783' title='bbox 3228 5334 3483 5404; x_wconf 85' lang='lat' dir='ltr'><strong>imponit,</strong></span> 
     </span>
    </p>
   </div>
   <div class='ocr_carea' id='block_1_114' title="bbox 1909 5427 3485 5512">
    <p class='ocr_par' dir='ltr' id='par_1_114' title="bbox 1909 5427 3485 5512">
     <span class='ocr_line' id='line_1_114' title="bbox 1909 5427 3485 5512; baseline -0.007 -21"><span class='ocrx_word' id='word_1_784' title='bbox 1909 5453 2147 5512; x_wconf 81' lang='lat' dir='ltr'><strong>portare,</strong></span> <span class='ocrx_word' id='word_1_785' title='bbox 2183 5451 2236 5494; x_wconf 85' lang='lat' dir='ltr'><strong>et</strong></span> <span class='ocrx_word' id='word_1_786' title='bbox 2269 5440 2508 5493; x_wconf 86' lang='lat' dir='ltr'><strong>laborem</strong></span> <span class='ocrx_word' id='word_1_787' title='bbox 2550 5453 2709 5507; x_wconf 87' lang='lat' dir='ltr'><strong>quem</strong></span> <span class='ocrx_word' id='word_1_788' title='bbox 2742 5433 3005 5504; x_wconf 64' lang='lat' dir='ltr'><strong>praecipit,</strong></span> <span class='ocrx_word' id='word_1_789' title='bbox 3039 5427 3259 5498; x_wconf 76' lang='lat' dir='ltr'><strong>exsequi</strong></span> <span class='ocrx_word' id='word_1_790' title='bbox 3295 5428 3485 5481; x_wconf 68' lang='lat' dir='ltr'><strong>studeo</strong></span> 
     </span>
    </p>
   </div>
   <div class='ocr_carea' id='block_1_115' title="bbox 1909 5517 3487 5598">
    <p class='ocr_par' dir='ltr' id='par_1_115' title="bbox 1909 5517 3487 5598">
     <span class='ocr_line' id='line_1_115' title="bbox 1909 5517 3487 5598; baseline -0.009 -14"><span class='ocrx_word' id='word_1_791' title='bbox 1909 5546 2030 5584; x_wconf 84' lang='lat' dir='ltr'><strong>tnns</strong></span> <span class='ocrx_word' id='word_1_792' title='bbox 2065 5539 2236 5584; x_wconf 90' lang='lat' dir='ltr'><strong>:tunc</strong></span> <span class='ocrx_word' id='word_1_793' title='bbox 2264 5527 2355 5583; x_wconf 89' lang='lat' dir='ltr'><strong>ille</strong></span> <span class='ocrx_word' id='word_1_794' title='bbox 2409 5529 2502 5598; x_wconf 90' lang='lat' dir='ltr'><strong>qui</strong></span> <span class='ocrx_word' id='word_1_795' title='bbox 2551 5535 2769 5597; x_wconf 87' lang='lat' dir='ltr'><strong>peccata</strong></span> <span class='ocrx_word' id='word_1_796' title='bbox 2802 5530 2988 5577; x_wconf 89' lang='lat' dir='ltr'><strong>nostra</strong></span> <span class='ocrx_word' id='word_1_797' title='bbox 3019 5517 3263 5581; x_wconf 86' lang='lat' dir='ltr'><strong>sustulit,</strong></span> <span class='ocrx_word' id='word_1_798' title='bbox 3293 5526 3346 5569; x_wconf 89' lang='lat' dir='ltr'><strong>et</strong></span> <span class='ocrx_word' id='word_1_799' title='bbox 3378 5518 3487 5570; x_wconf 73' lang='lat' dir='ltr'><strong>vult</strong></span> 
     </span>
    </p>
   </div>
   <div class='ocr_carea' id='block_1_116' title="bbox 1904 5609 3484 5692">
    <p class='ocr_par' dir='ltr' id='par_1_116' title="bbox 1904 5609 3484 5692">
     <span class='ocr_line' id='line_1_116' title="bbox 1904 5609 3484 5692; baseline -0.008 -15"><span class='ocrx_word' id='word_1_800' title='bbox 1904 5632 1963 5677; x_wconf 91' lang='lat' dir='ltr'><strong>ut</strong></span> <span class='ocrx_word' id='word_1_801' title='bbox 1990 5638 2089 5678; x_wconf 86' lang='lat' dir='ltr'><strong>nos</strong></span> <span class='ocrx_word' id='word_1_802' title='bbox 2132 5638 2299 5676; x_wconf 83' lang='lat' dir='ltr'><strong>Oncra</strong></span> <span class='ocrx_word' id='word_1_803' title='bbox 2331 5620 2688 5692; x_wconf 78' lang='lat' dir='ltr'><strong>spiritualiter</strong></span> <span class='ocrx_word' id='word_1_804' title='bbox 2708 5623 3005 5686; x_wconf 82' lang='lat' dir='ltr'><strong>gestemus,</strong></span> <span class='ocrx_word' id='word_1_805' title='bbox 3053 5627 3160 5666; x_wconf 92' lang='lat' dir='ltr'><strong>non</strong></span> <span class='ocrx_word' id='word_1_806' title='bbox 3204 5609 3347 5665; x_wconf 87' lang='lat' dir='ltr'><strong>sinet</strong></span> <span class='ocrx_word' id='word_1_807' title='bbox 3382 5624 3484 5664; x_wconf 87' lang='lat' dir='ltr'><strong>nos</strong></span> 
     </span>
    </p>
   </div>
   <div class='ocr_carea' id='block_1_117' title="bbox 1903 5703 3483 5784">
    <p class='ocr_par' dir='ltr' id='par_1_117' title="bbox 1903 5703 3483 5784">
     <span class='ocr_line' id='line_1_117' title="bbox 1903 5703 3483 5784; baseline -0.006 -18"><span class='ocrx_word' id='word_1_808' title='bbox 1903 5711 2106 5767; x_wconf 85' lang='lat' dir='ltr'><strong>frustra</strong></span> <span class='ocrx_word' id='word_1_809' title='bbox 2142 5711 2442 5784; x_wconf 73' lang='lat' dir='ltr'><strong>circuitth</strong></span> <span class='ocrx_word' id='word_1_810' title='bbox 2471 5720 2524 5766; x_wconf 90' lang='lat' dir='ltr'><strong>et</strong></span> <span class='ocrx_word' id='word_1_811' title='bbox 2552 5709 2759 5766; x_wconf 85' lang='lat' dir='ltr'><strong>versati</strong></span> <span class='ocrx_word' id='word_1_812' title='bbox 2805 5707 3020 5760; x_wconf 88' lang='lat' dir='ltr'><strong>illorum</strong></span> <span class='ocrx_word' id='word_1_813' title='bbox 3058 5705 3232 5759; x_wconf 88' lang='lat' dir='ltr'><strong>instar</strong></span> <span class='ocrx_word' id='word_1_814' title='bbox 3254 5703 3347 5773; x_wconf 83' lang='lat' dir='ltr'><strong>qui</strong></span> <span class='ocrx_word' id='word_1_815' title='bbox 3397 5719 3483 5757; x_wconf 85' lang='lat' dir='ltr'><strong>re-</strong></span> 
     </span>
    </p>
   </div>
   <div class='ocr_carea' id='block_1_118' title="bbox 1905 5798 3479 5876">
    <p class='ocr_par' dir='ltr' id='par_1_118' title="bbox 1905 5798 3479 5876">
     <span class='ocr_line' id='line_1_118' title="bbox 1905 5798 3479 5876; baseline -0.008 -12"><span class='ocrx_word' id='word_1_816' title='bbox 1905 5807 2006 5864; x_wconf 85' lang='lat' dir='ltr'><strong>bus</strong></span> <span class='ocrx_word' id='word_1_817' title='bbox 2062 5804 2170 5876; x_wconf 88' lang='lat' dir='ltr'><strong>ipsi</strong></span> <span class='ocrx_word' id='word_1_818' title='bbox 2200 5820 2307 5861; x_wconf 89' lang='lat' dir='ltr'><strong>non</strong></span> <span class='ocrx_word' id='word_1_819' title='bbox 2342 5804 2512 5874; x_wconf 76' lang='lat' dir='ltr'><strong>gratis</strong></span> <span class='ocrx_word' id='word_1_820' title='bbox 2554 5816 2672 5858; x_wconf 76' lang='lat' dir='ltr'><strong>sese</strong></span> <span class='ocrx_word' id='word_1_821' title='bbox 2707 5807 2960 5867; x_wconf 87' lang='lat' dir='ltr'><strong>onerant,</strong></span> <span class='ocrx_word' id='word_1_822' title='bbox 2989 5799 3082 5856; x_wconf 89' lang='lat' dir='ltr'><strong>scd</strong></span> <span class='ocrx_word' id='word_1_823' title='bbox 3117 5798 3339 5870; x_wconf 84' lang='lat' dir='ltr'><strong>quando</strong></span> <span class='ocrx_word' id='word_1_824' title='bbox 3362 5799 3479 5869; x_wconf 73' lang='lat' dir='ltr'><strong>ejus</strong></span> 
     </span>
    </p>
   </div>
  </div>
