3942 6250
457 293 564 357 539

1164 289 1517 352 EUSTATH
1532 290 1588 350 il
1630 291 1922 351 Tl—iESS.\
1937 290 2021 350 L0

2128 291 2388 351 EENSIS
2433 291 2482 350 Μ
2497 289 2996 351 ΕΤΒΟΡΟΙΛἹἘ

3597 290 3702 353 διο

459 419 596 459 οηιιε
645 411 925 472 portantes
960 401 1302 461 laboramus.
1363 400 1552 455 diCet:
1614 419 1632 452 ι
1662 401 1917 455 Accedite
1963 402 2021 453 ad

2133 401 2377 471 αἴροντες
2403 399 2738 467 πονούμεθα,
2790 400 2936 468 ἐρεῖ·
2975 415 2993 448 ι
3029 395 3190 449 Δεῦτε
3229 395 3369 464 πρός
3406 398 3567 466 με,οί
3604 417 3700 465 χα-

461 511 566 560 me,
595 496 686 566 qui
717 510 837 550 mea
891 509 1058 548 causa
1111 491 1374 546 laboratis
1423 502 1476 546 et
1525 492 1740 545 onerati
1786 493 1943 554 estis,
1979 502 2032 546 et

459 598 560 650 ego
604 599 696 638 vos
755 585 994 637 reficiam
1024 584 1108 637 ³.»
1145 582 1284 648 Quid
1345 591 1527 636 autem
1572 582 1704 636 illud
1754 582 1858 636 sibi
1894 584 2028 645 vult,

462 676 742 728 reﬁciam?
773 675 1014 738 Faciam,
1050 691 1118 730 ne
1147 675 1383 742 amplius
1443 674 1722 727 incassum
1751 674 2026 737 laboretis.

415 775 428 787 ’
462 767 688 832 Semper
741 768 885 822 cnim
924 778 1182 837 tanquam
1214 765 1582 820 vacillabundi
1649 773 1703 820 et
1750 767 2030 821 versatiles

459 868 511 912 ct
545 860 904 928 utulcquaque
948 860 1176 914 mobiles
1226 865 1280 911 ct
1339 857 1642 921 instabiles,
1673 871 1891 922 Operam
1929 872 2028 912 uo-

460 963 628 1006 stram
691 956 1028 1009 collocamus
1096 954 1147 1006 in
1223 951 1424 1022 quibus
1493 967 1599 1004 non
1659 958 1910 1019 oportet,
1977 958 2030 1004 et

459 1044 662 1100 l'rustra
699 1045 1099 1103 contendimus.
1144 1053 1196 1097 et
1235 1044 1407 1114 gratis
1439 1044 1733 1107 luctamur,
1765 1051 1817 1096 et
1854 1043 2031 1096 incas-

460 1152 579 1190 Sum
645 1137 977 1190 laboramus.
1033 1135 1137 1188 Sed
1169 1136 1498 1203 simulatque
1534 1135 1622 1188 ille
1675 1149 1770 1202 pro
1815 1149 2027 1188 summa

458 1227 633 1296 ipsius
684 1229 1016 1281 humanitate
1076 1228 1191 1281 leve
1241 1226 1513 1294 quoddam
1550 1235 1878 1279 momentum
1909 1227 2030 1280 aui-

461 1319 748 1372 madvertit
779 1326 832 1371 et
878 1318 930 1372 in
983 1319 1181 1373 trutina
1211 1317 1403 1384 jndicii
1437 1317 1517 1370 vel
1574 1331 1740 1370 unum
1793 1316 2026 1385 apicem,

463 1426 631 1464 unum
682 1421 909 1478 granum
973 1409 1315 1479 propendens
1371 1408 1537 1472 videt,
1584 1411 1635 1461 in
1683 1409 2027 1463 commodum

456 1509 704 1553 nostrum
743 1501 900 1554 vertit
938 1508 992 1554 et
1054 1501 1109 1553 in
1147 1501 1391 1554 lancibus
1446 1499 1616 1568 ipsius
1654 1500 1914 1554 thesauro
1947 1499 2029 1554 di-

455 1590 577 1660 gnis
612 1592 843 1658 reponit,
887 1594 1174 1659 etquoties
1196 1592 1526 1661 supplantati
1566 1591 1635 1646 ab
1661 1591 1906 1657 improbo
1930 1590 2026 1646 ad-

457 1684 700 1736 versario
752 1693 806 1737 et
863 1683 1089 1752 collapsi
1146 1685 1227 1737 vel
1288 1685 1482 1754 dejecti
1540 1685 2024 1749 resurrexcrimus,

457 1773 609 1826 illum
637 1775 884 1842 prohibet
911 1748 1205 1845 quominus
1227 1748 1384 1831 nobis
1413 1791 1574 1846 porro
1605 1776 1817 1840 illudal,
1841 1785 1894 1830 et
1925 1748 2026 1830 nos
2061 1748 2104 1806 Β

457 1868 525 1917 ab
575 1865 692 1934 ejus
740 1867 955 1922 insidiis
994 1871 1047 1921 in
1079 1877 1198 1922 tuto
1241 1871 1496 1926 collocat.
1534 1868 1625 1924 Sic
1670 1869 1834 1939 igitur
1882 1884 2027 1924 nunc

456 1971 676 2026 quoque
744 1972 840 2012 vos
896 1969 1226 2029 prmparatos
1282 1971 1334 2014 et
1369 1962 1446 2015 uti
1515 1960 1668 2016 decet
1703 1976 1904 2032 pronos
1959 1961 2026 2016 ad

451 2047 812 2103 laborandum
851 2066 957 2103 non
991 2051 1331 2119 simpliciter,
1359 2051 1452 2107 sed
1487 2051 1562 2106 uti
1605 2053 1769 2108 homo
1808 2052 2028 2109 divinus

451 2140 630 2204 debet,
662 2157 770 2196 non
799 2145 937 2197 sinet
969 2144 1020 2198 in
1061 2145 1264 2213 peccati
1299 2145 1602 2201 certamine
1645 2146 2026 2211 succumbere,

451 2231 544 2286 sed
574 2232 753 2299 potius
803 2234 1026 2289 reﬁciet.
1075 2234 1298 2291 Utinam
1337 2252 1434 2291 nos
1482 2251 1701 2301 omnes,
1733 2252 1765 2290 ο
1793 2236 2020 2301 fratres,

450 2320 527 2374 ita
567 2320 672 2375 Deo
725 2326 930 2394 accepti
967 2325 1158 2380 ﬂauius
1218 2343 1315 2396 per
1365 2327 1538 2394 ipsius
1571 2327 1886 2382 bcnevolam
1921 2329 2022 2380 mi-

450 2415 826 2469 Scricordiam.
871 2417 1075 2472 Exaudi
1114 2434 1235 2483 nos,
1280 2417 1504 2476 Domine
1536 2419 1807 2486 Salvator,
1847 2419 1941 2489 qui
1965 2434 2025 2474 es

451 2503 775 2562 benedictus
805 2507 860 2561 in
892 2509 1112 2564 saecula.
1159 2508 1355 2566 Amen.

526 2777 547 2808 '
577 2777 768 2834 Matth.
801 2794 879 2845 ιι,
906 2778 999 2836 28.

2133 513 2218 564 ριν
2250 493 2389 564 ὲμὴν
2420 492 2722 552 κοπιῶντες
2753 491 2846 542 καὶ
2881 487 3307 560 πεφορτισμένοι
3329 504 3344 520 ο
3385 487 3544 555 κάγὼ
3574 490 3702 541 ἀνα·

2131 584 2328 637 παύσω
2359 583 2525 650 ὑμᾶς.
2559 604 2575 634 ο
2601 580 2743 634 Τίδέ
2779 582 2894 632 ἐστι
2918 579 2978 631 τὸ
3019 599 3037 629 ι
3079 577 3418 642 ἁναπαύσως
3453 598 3470 629 ι
3501 579 3702 631 [latine

2131 675 2294 728 πάλιν
2325 673 2416 727 τοῦ
2449 676 2507 726 ἐν
2545 675 2721 735 κενοῖς
2755 673 2976 742 κοπιᾷν.
3017 672 3129 724 Οὐκ
3159 670 3275 724 ἔστι
3320 671 3454 739 γὰρ,
3494 672 3584 723 ὅτε
3624 672 3700 732 ὡς

2129 767 2378 832 ἄςτατοι,
2409 769 2504 820 καὶ
2537 767 2923 836 πολυρρεπείς,
2966 763 3063 816 καὶ
3097 752 3451 831 παλίμϐολοι,
3489 765 3582 814 καὶ
3613 763 3701 815 εὐ-

2134 859 2454 929 μετάφοροι,
2482 859 2580 910 καὶ
2620 857 2893 922 ἁϐἐὸαιοι,
2927 854 3036 928 [οὐ]
3073 855 3382 926 μοχθοῦμεν
3417 854 3503 924 ἐφ’
3541 850 3698 917 οἷς(ιύ

2129 951 2258 1022 χρὴ,
2291 951 2386 1004 καὶ
2437 950 2561 1020 είκῆ
2598 949 2888 1017 κάμνονεν,
2936 948 3031 1000 καὶ
3066 947 3349 1016 κοπιῶμεν
3395 947 3696 1017 τηνάλλως,

2129 1045 2224 1097 καὶ
2280 1041 2554 1112 πονοῦμεν
2605 1042 2802 1112 μάτην.
2845 1039 2988 1094 Ἀλλ’
3041 1042 3192 1108 ὅμως
3255 1039 3524 1110 βραχείας
3554 1037 3698 1099 τινὸς

2128 1135 2495 1205 δραττόμενος
2529 1134 2737 1196 ἐκεῖνος
2783 1134 2810 1185 ὁ
2841 1131 2979 1202 πρὸς
3011 1131 3431 1202 φιλανθρωπίαν
3475 1130 3700 1199 ἀχρμόέ-

2131 1245 2325 1291 στατος
2363 1226 2637 1296 ἀφορμῆς,
2680 1227 2774 1280 καὶ
2804 1225 2881 1296 τῷ
2907 1225 3156 1294 ταλάντῳ
3209 1223 3308 1291 τῆς
3337 1223 3574 1292 κρίσεως
3607 1239 3700 1275 κεο

2129 1322 2315 1392 ράτιον
2347 1320 2403 1371 ἐν
2426 1319 2458 1392 ἢ
2489 1320 2686 1372 κόκκον
2707 1318 2805 1372 ἕνα
2829 1317 3192 1386 ἐπιϐληθέντα
3225 1317 3368 1380 ίδὼν,
3406 1315 3542 1385 πρὸς
3567 1317 3700 1383 ὴμέ-

2127 1431 2290 1483 τερον
2323 1411 2528 1480 ἀγαθὸν
2561 1413 2744 1483 ῥέπει,
2783 1413 2878 1464 καὶ
2908 1413 2988 1474 είς
3033 1411 3311 1480 στατῆρας
3341 1410 3529 1474 ἀξίους
3556 1409 3698 1461 τίθε-

2128 1522 2220 1560 ται
2247 1504 2343 1558 τοῦ
2369 1505 2492 1558 κατ’
2527 1504 2692 1558 αὐτὸν
2715 1503 2993 1574 θησαυροῦ
3022 1519 3034 1532 ·
3068 1503 3162 1555 καὶ
3190 1504 3385 1566 ὁσάκις
3424 1503 3490 1554 ἄν
3522 1501 3697 1554 σκελι-

2131 1595 2350 1658 σθέντες
2368 1595 2472 1648 ὑπὸ
2493 1595 2587 1649 τοῦ
2607 1594 2845 1664 πονηροῦ
2866 1593 3210 1664 ἁντιδρόμου,
3239 1594 3332 1646 καὶ
3352 1593 3694 1657 πταίσαντες,

2131 1689 2164 1760 ἢ
2192 1689 2625 1761 καταρῤιφέντες
2661 1687 3120 1756 ἐξορθωθείημεν,
3153 1685 3316 1738 παύει
3361 1687 3456 1736 καὶ
3486 1686 3695 1737 ἐκεῖνον

2130 1781 2226 1834 τοῦ
2252 1780 2615 1845 καταπαέζειν
2647 1781 2825 1850 ἡμῶν,
2861 1783 2956 1835 καὶ
3001 1779 3148 1848 ἡμᾶς
3176 1778 3272 1830 τοῦ
3305 1775 3693 1846 ὲμπαίζεσοαι.

2131 1873 2291 1928 Οὕτω
2319 1875 2449 1942 γοῦν
2483 1873 2577 1926 καὶ
2633 1873 2730 1926 νῦν
2786 1871 3222 1938 ἁναποιηθέντας
3267 1870 3436 1938 ὑμᾶς,
3487 1869 3580 1920 καὶ
3613 1868 3698 1920 δε-

2130 1965 2300 2028 όντως
2335 1966 2823 2035 ἀναφρονήσαντας
2854 1965 2910 2016 ὲν
2928 1963 3004 2034 τῷ
3033 1962 3337 2020 πονεῖσθαι.
3365 1962 3461 2029 οὐχ
3488 1959 3695 2020 ἁπλῶς,

2129 2058 2247 2112 ἀλλ’
2271 2059 2357 2126 ὐφ’
2393 2052 2473 2121 οἷς
2504 2060 2532 2110 ὁ
2560 2058 2653 2111 τοῦ
2683 2057 2817 2109 Θεοῦ
2848 2056 3136 2127 ἄνθρωπος
3165 2055 3448 2116 τέτακται,
3472 2054 3531 2106 οὐ
3565 2052 3701 2106 παύ-

2132 2165 2216 2202 σει
2246 2147 2481 2220 πρώτως
2517 2149 2642 2216 ἄρτι
2693 2147 2786 2200 τοῦ
2834 2147 3171 2216 ὲφαμάρτως
3214 2144 3571 2216 φορτίζεσθαι
3605 2145 3700 2196 καὶ

2124 2243 2345 2313 κοπιᾷν,
2374 2241 2510 2294 ἀλλὰ
2532 2240 2863 2294 ἀναπαύσει.
2884 2241 2994 2293 Καὶ
3015 2240 3229 2307 γένοιτο
3248 2237 3475 2300 δεκτούς
3496 2238 3700 2298 πάντας

2124 2335 2295 2405 ἡμᾶς,
2349 2327 2394 2386 ὦ
2425 2332 2667 2400 ἀδελφοὶ,
2721 2330 2799 2400 τῷ
2829 2328 2948 2401 Θεῷ
2981 2328 3122 2382 οὕτω
3153 2327 3407 2397 γενέσθαι
3441 2326 3526 2380 διὰ
3577 2329 3697 2395 τῆς,

2124 2424 2200 2488 ὼς
2228 2424 2462 2497 ἐρρήθη,
2495 2423 2825 2492 εὐπορίστου
2883 2421 3258 2490 ἐλεημοσύνης
3287 2418 3478 2476 αὐτοῦ.
3531 2419 3697 2470 Ἐπα-

2127 2519 2356 2580 ιιούσαις
2388 2519 2564 2588 ἡμῶν,
2589 2511 2633 2571 ὦ
2664 2517 2850 2588 Σῶτερ
2895 2515 3092 2586 Κύριε,
3125 2517 3152 2568 ὁ
3181 2514 3258 2569 ὣν
3284 2513 3576 2584 εὐλογητὸς
3615 2513 3694 2575 εἰς

2126 2609 2252 2674 τούς
2277 2609 2500 2673 αἰῶνας.
2547 2609 2740 2680 Ἀμήν.

472 3001 3659 3032 —_———_—____________________________________

1746 3199 2385 3314 EJUSDEM

949 3437 1408 3586 ORA‘TIO
1467 3439 1790 3532 ANNO
1893 3441 2647 3540 AUSPICANDO
2703 3447 3190 3540 HABITA.

530 3788 580 3841 l.
615 3786 757 3841 Deus
786 3785 900 3855 ipsc
922 3783 1047 3838 anni
1087 3783 1293 3838 circulo
1314 3800 1499 3842 revera
1539 3787 1839 3854 benedicit,
1861 3806 1891 3843 ο
1913 3789 2021 3844 t‘ra-

2196 3799 2266 3847 at'.
2297 3793 2612 3862 Εὐλογεῖται
2643 3794 2908 3864 στέφανος
2939 3795 3186 3850 ἐνιαυτοῦ
3221 3797 3444 3864 πάντως
3469 3803 3562 3856 ὐπ’
3587 3804 3686 3858 αὐ-

455 3888 589 3942 tres,
622 3889 676 3932 ct
709 3877 823 3931 haec
857 3875 1170 3931 benedictio
1212 3876 1354 3931 haud
1396 3895 1607 3934 merum
1657 3897 1878 3945 munus,
1925 3881 2020 3937 sed

452 3971 745 4025 retributio
771 3983 894 4024 esse
924 3968 1163 4023 videtur.
1206 3969 1348 4024 Deus
1384 3972 1552 4034 enim,
1603 3987 1631 4025 a
1662 3975 1820 4027 nobis
1853 3975 2021 4028 benc-

451 4066 658 4127 dictus,
692 4063 856 4116 rebus
889 4063 1096 4116 nostris
1136 4062 1576 4117 benedictionem
1609 4065 1810 4119 reddit.
1846 4065 2023 4120 Bene-

453 4155 638 4208 dicuut
673 4163 856 4208 autem
913 4152 1022 4206 Deo
1053 4153 1302 4208 homines
1345 4170 1450 4208 non
1482 4155 1657 4208 solum
1691 4154 2018 4227 hymnorum

451 4243 942 4316 gIOI-ilicationibus
1008 4243 1241 4312 aliisque
1301 4243 1630 4307 rationibus,
1697 4247 1900 4315 quibus
1965 4246 2017 4302 ei

450 4339 656 4408 gratias
688 4345 875 4403 agunt,
908 4333 1004 4390 sed
1040 4335 1313 4404 imprimis
1346 4336 1503 4392 bonis
1535 4337 1656 4391 vita:
1687 4339 2018 4406 actionibus,

451 4445 685 4499 quorum
746 4429 871 4481 linis
939 4443 970 4480 ιι
1038 4425 1149 4482 Deo
1179 4429 1393 4484 initium
1455 4431 1623 4484 sumit
1669 4432 1734 4485 ad
1785 4448 2022 4504 cumque

452 4522 710 4585 recurrit,
743 4529 796 4575 et
831 4523 912 4573 sic
951 4521 1127 4590 ipsum
1154 4524 1540 4592 magnilieatct
1567 4525 1856 4595 glorificat,
1889 4526 2017 4580 dum

451 4614 712 4668 nimirum
763 4622 817 4667 et
851 4612 970 4683 ejus
1004 4613 1100 4684 qui
1135 4615 1275 4669 bene
1327 4617 1456 4685 agit,
1489 4627 1542 4671 et
1586 4633 1774 4672 eorum
1818 4619 1909 4689 qui
1951 4619 2019 4674 ad

454 4706 632 4773 ipsum
692 4706 997 4776 respiciunt
1057 4707 1288 4777 ejusque
1337 4708 1640 4763 imitatione
1690 4709 1757 4764 ad
1809 4711 2019 4777 frugem

453 4801 701 4862 redeunt,
751 4802 948 4853 animm
985 4801 1185 4871 gaudio
1214 4815 1276 4855 ac
1311 4801 1496 4856 latitia
1536 4800 1959 4872 perfunduntur.

521 4891 576 4945 2.
606 4891 757 4957 Quod
785 4901 840 4946 nt
860 4895 1033 4962 magis
1068 4902 1348 4963 appareat,
1371 4894 1532 4962 paulo
1548 4895 1711 4948 altius
1731 4895 1910 4949 oratio
1933 4910 2020 4950 re-

449 4988 684 5055 petenda
703 4995 808 5042 cst.
829 4987 1008 5042 Prima
1031 4987 1217 5040 mundi
1240 4989 1445 5040 creatio
1465 4994 1518 5040 ct
1539 5001 1658 5055 quae
1685 4994 1812 5040 tunc
1848 4987 2024 5041 homi-

450 5077 529 5138 ni,
557 5074 850 5144 velutregi.
887 5076 970 5130 vel
997 5084 1287 5144 antequam
1312 5083 1528 5131 creatus
1551 5085 1722 5140 esset,
1753 5077 2016 5130 bonorum

2121 3884 2217 3936 τοῦ
2245 3885 2401 3947 Θεοῦ,
2434 3879 2477 3938 ὧ
2498 3885 2735 3952 ἀδελφοὶ.
2762 3888 2855 3940 καὶ
2885 3888 2917 3955 ὴ
2947 3887 3167 3958 τοιαύτη
3194 3889 3417 3957 εὐλογία
3443 3895 3688 3961 φαίνεται

2121 3974 2182 4027 οὐ
2208 3973 2354 4037 δόσις
2379 3976 2565 4038 ἁπλῶς
2597 3970 2757 4039 εἶναι,
2794 3976 2929 4030 ἀλλὰ
2961 3978 3250 4042 ἀντίδοσις.
3286 3980 3691 4053 Εὐλογούμενος

2123 4067 2232 4136 γὰρ
2281 4068 2310 4119 ὁ
2343 4067 2475 4131 Θεὸς
2529 4068 2620 4136 ὐφ’
2664 4068 2843 4137 ἡμῶν,
2891 4070 3206 4137 ἀντευλογεῖ
3250 4074 3317 4125 τὰ
3368 4074 3492 4126 καθ’
3522 4078 3686 4145 ἡμᾶς.

2123 4159 2434 4226 Εὐλογεῖται
2485 4158 2541 4212 δὲ
2589 4159 2720 4220 Θεὸς
2774 4159 2865 4212 ὐπ’
2893 4159 3200 4231 ἀνθρώπων
3245 4162 3307 4214 οὐ
3358 4162 3689 4232 δοξολογίαις

2126 4250 2283 4319 μόνον
2315 4249 2644 4319 ὐμνῳδικαῖς
2679 4249 2771 4302 καὶ
2805 4249 3010 4312 λοιποῖς
3061 4250 3247 4311 εἴδεσι.
3305 4251 3374 4303 δι’
3402 4246 3477 4305 ὧν
3505 4253 3564 4304 τὸ
3613 4255 3690 4316 εἰς

2122 4340 2284 4392 αὐτὸν
2322 4341 2643 4412 εὐχάριστον
2690 4341 3076 4408 ἀπαρτίζεται,
3122 4343 3258 4396 ἀλλὰ
3295 4343 3537 4411 μάλιστα
3572 4348 3690 4407 ταῖς

2120 4432 2264 4486 κατά
2315 4433 2428 4502 βίον
2488 4433 2961 4504 ἀριστοπραξίαις,
3011 4429 3085 4487 ὧν
3133 4434 3192 4488 τὸ
3243 4436 3393 4499 τέλος
3445 4436 3579 4490 Θεοῦ
3629 4455 3686 4490 τε

2122 4524 2436 4595 ἑξαρτᾶται,
2476 4525 2568 4577 καὶ
2600 4527 2680 4588 είς
2713 4527 2919 4579 ἐκεῖνον
2973 4526 3247 4590 ἀνανεύει,
3297 4529 3393 4581 καὶ
3423 4528 3566 4582 οὕτω
3606 4530 3688 4582 δο-

2123 4616 2273 4682 ξάζει
2318 4617 2411 4669 καὶ
2441 4616 2754 4685 μεγαλύνει,
2789 4616 3205 4687 ἀγαλλιωμένης
3241 4619 3340 4688 τῆς
3383 4620 3567 4688 ψυχῆς
3595 4620 3685 4673 τοῦ

2123 4726 2179 4762 τε
2211 4710 2542 4778 πράττοντος
2573 4707 2633 4760 τὸ
2685 4707 2930 4779 ἄριστον,
2981 4711 3075 4761 καὶ
3103 4709 3214 4762 τῶν
3245 4712 3326 4772 εἰς
3354 4712 3522 4764 αὐτὸν
3557 4711 3686 4764 ἀπο-

2123 4803 2431 4855 6).επύντων
2470 4803 2562 4853 καὶ
2591 4802 2656 4871 τῇ
2695 4801 2926 4870 μιμήσει
2955 4799 3369 4870 βελτιουμένων.

2195 4892 2259 4963 β’.
2293 4893 2410 4946 Ἵνα
2455 4891 2511 4944 δὲ
2556 4891 2648 4945 τὸν
2679 4891 2833 4959 λόγον
2881 4891 3167 4944 ἀναλαϐὼν
3211 4893 3304 4944 ἐπὶ
3333 4893 3496 4946 πλέον
3526 4895 3684 4963 ἀκρι-

2124 4985 2408 5054 ϐώςωμαι,
2459 4985 2490 5052 ἡ
2531 4983 2722 5053 πρώτη
2779 4982 2879 5052 μὲν
2911 4982 3004 5036 τοῦ
3053 4984 3262 5052 κόσμου
3318 4987 3683 5056 παραγωγικὴ

2124 5076 2382 5144 ἔκφανσις
2411 5073 2558 5143 καὶὴ
2584 5074 2886 5144 τηνικαῦτα
2917 5073 3344 5144 κειμηλιωθεῖσα
3375 5075 3455 5144 τῷ
3483 5077 3684 5146 βασιλεί

450 5169 787 5221 terrestrium
813 5167 1054 5221 liberalis
1066 5167 1268 5220 oblatio
1284 5170 1566 5222 reservaba
1578 5177 1683 5233 tur,
1695 5167 1796 5222 hoc
1812 5183 2020 5222 merum

2128 5166 2417 5238 ἀνθρώπῳ,
2453 5165 2616 5236 πρινὴ
2661 5168 2754 5220 καὶ
2781 5164 3052 5232 γενέσθαι,
3088 5165 3369 5235 φιλοτιμία
3412 5169 3520 5220 τῶν
3549 5170 3684 5220 κατὰ

449 5259 674 5314 omnino
701 5262 902 5313 denunt
942 5260 1064 5312 fuit.
1098 5257 1344 5314 Nondum
1376 5260 1519 5314 enim
1547 5259 1674 5315 boui
1709 5259 1839 5330 quid
1873 5261 2012 5316 Dens

449 5351 520 5405 ab
572 5333 886 5406 hominibus
947 5364 1230 5422 acceperat
1292 5353 1438 5423 quod
1494 5369 1616 5407 cum
1688 5353 2014 5408 liberalitate

449 5444 793 5510 rependeret,
830 5441 924 5497 sed
975 5453 1169 5512 sponte
1202 5444 1371 5498 dedit.
1424 5443 1680 5500 Fortasse
1729 5455 1909 5499 autem
1945 5445 2010 5499 ad

451 5531 600 5587 hunc
632 5548 803 5602 usque
833 5533 974 5587 diem
1001 5535 1170 5601 daret,
1203 5535 1504 5590 secundum
1538 5551 1805 5591 summam
1844 5537 2014 5607 ipsius

453 5627 801 5694 sapientiam,
866 5629 973 5684 nisi
1030 5629 1215 5701 innata
1270 5629 1472 5700 (nobis)
1513 5634 1692 5700 'prava
1743 5631 2016 5695 voluntas,

457 5717 701 5772 omnium
732 5735 1072 5791 peccatorum
1107 5734 1296 5790 mater,
1335 5718 1664 5795 prohiberet.
1699 5723 1852 5781 Nunc
1887 5738 2015 5780 vero

2121 5261 2322 5327 κόσμον
2350 5257 2592 5325 ἀγαθῶν,
2627 5257 2814 5327 ἐκείνη
2841 5257 2986 5320 δόσις
3010 5253 3078 5327 ἦν
3106 5261 3172 5310 αὐ
3185 5258 3453 5328 τόχρημα.
3484 5260 3556 5313 Οὐ
3581 5261 3683 5329 γάρ

2122 5351 2286 5404 ποθεν
2333 5351 2496 5403 καλὸν
2552 5347 2892 5418 ἀνθρώπινον
2949 5348 3241 5401 ἀπολαϐὼν
3285 5349 3313 5401 ὁ
3370 5350 3521 5414 Θεὸς,
3571 5346 3682 5402 εἶτα

2125 5445 2616 5514 φιλοτιμησαμενος
2644 5440 3046 5506 ἀνταπέδωκεν,
3073 5441 3188 5494 ἀλλ’
3207 5441 3468 5512 ἄντικρυς
3497 5443 3680 5496 ἔδωκε.

2123 5539 2234 5593 Καὶ
2268 5538 2436 5592 ἐδίδου
2461 5538 2526 5591 ἄν
2551 5541 2752 5608 ὁμοίοις
2772 5540 2877 5603 ἕως
2909 5543 3002 5593 καὶ
3035 5539 3130 5594 νῦν
3163 5538 3304 5592 κατὰ
3333 5541 3432 5607 τὴν
3457 5542 3515 5591 ὲν
3537 5539 3678 5608 αὐτῷ

2123 5633 2453 5699 παραγωγδν
2494 5633 2708 5702 σοφίαν,
2759 5635 2808 5687 εί
2865 5633 2942 5706 μὴ
3004 5633 3456 5706 παρεισκριθεῖσα
3508 5631 3676 5700 φαύλη

2124 5723 2462 5794 προαίρεσις,
2519 5725 2793 5796 ἁμαρτίας
2834 5725 3050 5797 ἁπάσης
3105 5725 3311 5796 μήτηρ,
3345 5723 3674 5777 ἀπεκώλυεν.
