  <div class='ocr_page' id='page_1' title='image "/cluster/home/n/w/nwhite01/storage/ocr_20150623/135/mdp.39015029921197/278.png"; bbox 0 0 3942 6250; ppageno 0'>
   <div class='ocr_carea' id='block_1_1' title="bbox 234 351 341 417">
    <p class='ocr_par' dir='ltr' id='par_1_1' title="bbox 234 351 341 417">
     <span class='ocr_line' id='line_1_1' title="bbox 234 351 341 417; baseline 0.028 -4"><span class='ocrx_word' id='word_1_1' title='bbox 234 351 341 417; x_wconf 61' lang='grc'><strong>541</strong></span> 
     </span>
    </p>
   </div>
   <div class='ocr_carea' id='block_1_2' title="bbox 1197 364 2606 440">
    <p class='ocr_par' dir='ltr' id='par_1_2' title="bbox 1197 364 2606 440">
     <span class='ocr_line' id='line_1_2' title="bbox 1197 364 2606 440; baseline 0.009 -13"><span class='ocrx_word' id='word_1_2' title='bbox 1197 364 1486 428; x_wconf 80' lang='lat' dir='ltr'><strong>ORATIO</strong></span> <span class='ocrx_word' id='word_1_3' title='bbox 1526 366 1733 428; x_wconf 79' lang='lat' dir='ltr'><strong>ANNO</strong></span> <span class='ocrx_word' id='word_1_4' title='bbox 1766 366 2259 434; x_wconf 74' lang='lat' dir='ltr'><strong>AUSPICANDO</strong></span> <span class='ocrx_word' id='word_1_5' title='bbox 2300 375 2606 440; x_wconf 83' lang='lat' dir='ltr'><strong>HABITA.</strong></span> 
     </span>
    </p>
   </div>
   <div class='ocr_carea' id='block_1_3' title="bbox 3395 389 3500 452">
    <p class='ocr_par' dir='ltr' id='par_1_3' title="bbox 3395 389 3500 452">
     <span class='ocr_line' id='line_1_3' title="bbox 3395 389 3500 452; baseline -0.01 -1"><span class='ocrx_word' id='word_1_6' title='bbox 3395 389 3500 452; x_wconf 76' lang='lat' dir='ltr'><strong>5i2</strong></span> 
     </span>
    </p>
   </div>
   <div class='ocr_carea' id='block_1_4' title="bbox 241 465 1819 569">
    <p class='ocr_par' dir='ltr' id='par_1_4' title="bbox 241 465 1819 543">
     <span class='ocr_line' id='line_1_4' title="bbox 241 465 1819 543; baseline 0.01 -28"><span class='ocrx_word' id='word_1_7' title='bbox 241 466 410 535; x_wconf 82' lang='grc' dir='ltr'>Ἀρτι</span> <span class='ocrx_word' id='word_1_8' title='bbox 450 465 509 520; x_wconf 81' lang='grc' dir='ltr'>δὲ</span> <span class='ocrx_word' id='word_1_9' title='bbox 541 465 611 522; x_wconf 87' lang='grc' dir='ltr'><strong>δι’</strong></span> <span class='ocrx_word' id='word_1_10' title='bbox 659 467 828 542; x_wconf 75' lang='grc' dir='ltr'>αὐτὴν</span> <span class='ocrx_word' id='word_1_11' title='bbox 866 471 966 534; x_wconf 72' lang='grc' dir='ltr'>οὐκ</span> <span class='ocrx_word' id='word_1_12' title='bbox 995 471 1082 527; x_wconf 77' lang='grc' dir='ltr'>ἀεὶ</span> <span class='ocrx_word' id='word_1_13' title='bbox 1119 473 1310 543; x_wconf 83' lang='grc' dir='ltr'>ἀπλῶς</span> <span class='ocrx_word' id='word_1_14' title='bbox 1363 477 1508 533; x_wconf 75' lang='grc' dir='ltr'>οὕτω</span> <span class='ocrx_word' id='word_1_15' title='bbox 1541 479 1754 533; x_wconf 80' lang='grc' dir='ltr'>δίδωσιν</span> <span class='ocrx_word' id='word_1_16' title='bbox 1792 479 1819 530; x_wconf 85' lang='grc' dir='ltr'><strong>ὃ</strong></span> 
     </span>
    </p>
   </div>
   <div class='ocr_carea' id='block_1_5' title="bbox 1927 465 3503 569">
    <p class='ocr_par' dir='ltr' id='par_1_5' title="bbox 1927 487 3503 569">
     <span class='ocr_line' id='line_1_5' title="bbox 1927 487 3503 569; baseline 0.014 -36"><span class='ocrx_word' id='word_1_17' title='bbox 1927 491 2147 550; x_wconf 77' lang='lat' dir='ltr'><strong>propter</strong></span> <span class='ocrx_word' id='word_1_18' title='bbox 2179 499 2299 539; x_wconf 89' lang='lat' dir='ltr'><strong>eam</strong></span> <span class='ocrx_word' id='word_1_19' title='bbox 2333 487 2478 543; x_wconf 82' lang='lat' dir='ltr'><strong>Deus</strong></span> <span class='ocrx_word' id='word_1_20' title='bbox 2526 505 2632 544; x_wconf 90' lang='lat' dir='ltr'><strong>non</strong></span> <span class='ocrx_word' id='word_1_21' title='bbox 2677 492 2912 563; x_wconf 72' lang='lat' dir='ltr'><strong>amplius</strong></span> <span class='ocrx_word' id='word_1_22' title='bbox 2943 501 3051 549; x_wconf 90' lang='lat' dir='ltr'><strong>tam</strong></span> <span class='ocrx_word' id='word_1_23' title='bbox 3086 507 3282 566; x_wconf 88' lang='lat' dir='ltr'><strong>sponte</strong></span> <span class='ocrx_word' id='word_1_24' title='bbox 3307 491 3503 569; x_wconf 23' lang='lat' dir='ltr'><strong>donat,-</strong></span> 
     </span>
    </p>
   </div>
   <div class='ocr_carea' id='block_1_6' title="bbox 237 557 1817 644">
    <p class='ocr_par' dir='ltr' id='par_1_6' title="bbox 237 557 1817 644">
     <span class='ocr_line' id='line_1_6' title="bbox 237 557 1817 644; baseline 0.011 -35"><span class='ocrx_word' id='word_1_25' title='bbox 237 557 396 622; x_wconf 82' lang='grc' dir='ltr'>Θεὸς,</span> <span class='ocrx_word' id='word_1_26' title='bbox 450 559 569 613; x_wconf 82' lang='grc' dir='ltr'>ἀλλ’</span> <span class='ocrx_word' id='word_1_27' title='bbox 603 561 927 619; x_wconf 77' lang='grc' dir='ltr'>ἀντιδιδόναι</span> <span class='ocrx_word' id='word_1_28' title='bbox 973 565 1120 632; x_wconf 80' lang='grc' dir='ltr'>φιλεῖ</span> <span class='ocrx_word' id='word_1_29' title='bbox 1155 568 1297 622; x_wconf 86' lang='grc' dir='ltr'><strong>κατά</strong></span> <span class='ocrx_word' id='word_1_30' title='bbox 1327 587 1450 625; x_wconf 88' lang='grc' dir='ltr'>τινα</span> <span class='ocrx_word' id='word_1_31' title='bbox 1493 571 1817 644; x_wconf 78' lang='grc' dir='ltr'>δοσοληψὶαν</span> 
     </span>
    </p>
   </div>
   <div class='ocr_carea' id='block_1_7' title="bbox 238 650 762 734">
    <p class='ocr_par' dir='ltr' id='par_1_7' title="bbox 238 650 762 724">
     <span class='ocr_line' id='line_1_7' title="bbox 238 650 762 724; baseline 0.011 -20"><span class='ocrx_word' id='word_1_32' title='bbox 238 650 392 724; x_wconf 70' lang='grc' dir='ltr'>αῦτῷ</span> <span class='ocrx_word' id='word_1_33' title='bbox 423 653 762 722; x_wconf 81' lang='grc' dir='ltr'>πρέπουσαν.</span> 
     </span>
    </p>
   </div>
   <div class='ocr_carea' id='block_1_8' title="bbox 313 740 1818 826">
    <p class='ocr_par' dir='ltr' id='par_1_8' title="bbox 313 740 1818 826">
     <span class='ocr_line' id='line_1_8' title="bbox 313 740 1818 826; baseline 0.009 -30"><span class='ocrx_word' id='word_1_34' title='bbox 313 740 386 811; x_wconf 85' lang='grc' dir='ltr'><strong>γ’.</strong></span> <span class='ocrx_word' id='word_1_35' title='bbox 413 745 621 813; x_wconf 82' lang='grc' dir='ltr'><strong>Πρέπει</strong></span> <span class='ocrx_word' id='word_1_36' title='bbox 649 741 706 800; x_wconf 82' lang='grc' dir='ltr'>δὲ</span> <span class='ocrx_word' id='word_1_37' title='bbox 736 749 1044 817; x_wconf 71' lang='grc' dir='ltr'><strong>ἀναγκαίως</strong></span> <span class='ocrx_word' id='word_1_38' title='bbox 1075 754 1152 826; x_wconf 80' lang='grc' dir='ltr'><strong>τῷ</strong></span> <span class='ocrx_word' id='word_1_39' title='bbox 1194 756 1384 826; x_wconf 86' lang='grc' dir='ltr'>ἀγαθῷ</span> <span class='ocrx_word' id='word_1_40' title='bbox 1429 756 1614 825; x_wconf 82' lang='grc' dir='ltr'>ἀγαθά</span> <span class='ocrx_word' id='word_1_41' title='bbox 1645 775 1702 811; x_wconf 91' lang='grc' dir='ltr'><strong>τε</strong></span> <span class='ocrx_word' id='word_1_42' title='bbox 1741 757 1818 811; x_wconf 87' lang='grc' dir='ltr'>δι-</span> 
     </span>
    </p>
   </div>
   <div class='ocr_carea' id='block_1_9' title="bbox 239 833 1817 920">
    <p class='ocr_par' dir='ltr' id='par_1_9' title="bbox 239 833 1817 920">
     <span class='ocr_line' id='line_1_9' title="bbox 239 833 1817 920; baseline 0.011 -34"><span class='ocrx_word' id='word_1_43' title='bbox 239 833 414 900; x_wconf 79' lang='grc' dir='ltr'>δόναι,</span> <span class='ocrx_word' id='word_1_44' title='bbox 447 837 540 889; x_wconf 74' lang='grc' dir='ltr'>καὶ</span> <span class='ocrx_word' id='word_1_45' title='bbox 565 839 988 909; x_wconf 87' lang='grc' dir='ltr'>ἀντιλαμϐάνειν</span> <span class='ocrx_word' id='word_1_46' title='bbox 1018 848 1264 902; x_wconf 84' lang='grc' dir='ltr'>τοιαῦτα.</span> <span class='ocrx_word' id='word_1_47' title='bbox 1301 850 1546 920; x_wconf 85' lang='grc' dir='ltr'>Πονηρὸς</span> <span class='ocrx_word' id='word_1_48' title='bbox 1582 850 1679 918; x_wconf 82' lang='grc' dir='ltr'>μὲν</span> <span class='ocrx_word' id='word_1_49' title='bbox 1708 851 1817 918; x_wconf 70' lang='grc' dir='ltr'><strong>γὰρ</strong></span> 
     </span>
    </p>
   </div>
   <div class='ocr_carea' id='block_1_10' title="bbox 240 921 1820 1010">
    <p class='ocr_par' dir='ltr' id='par_1_10' title="bbox 240 921 1820 1010">
     <span class='ocr_line' id='line_1_10' title="bbox 240 921 1820 1010; baseline 0.013 -37"><span class='ocrx_word' id='word_1_50' title='bbox 240 921 408 993; x_wconf 76' lang='grc' dir='ltr'>δότης</span> <span class='ocrx_word' id='word_1_51' title='bbox 441 924 622 995; x_wconf 88' lang='grc' dir='ltr'>χαίρει</span> <span class='ocrx_word' id='word_1_52' title='bbox 667 929 764 981; x_wconf 76' lang='grc' dir='ltr'>καὶ</span> <span class='ocrx_word' id='word_1_53' title='bbox 810 930 987 995; x_wconf 80' lang='grc' dir='ltr'>διδοὺς</span> <span class='ocrx_word' id='word_1_54' title='bbox 1029 937 1123 988; x_wconf 74' lang='grc' dir='ltr'>καὶ</span> <span class='ocrx_word' id='word_1_55' title='bbox 1154 936 1468 1005; x_wconf 88' lang='grc' dir='ltr'>λαμϐάνων,</span> <span class='ocrx_word' id='word_1_56' title='bbox 1520 934 1600 1000; x_wconf 75' lang='grc' dir='ltr'>οἷς</span> <span class='ocrx_word' id='word_1_57' title='bbox 1633 957 1820 1010; x_wconf 82' lang='grc' dir='ltr'>παρω-</span> 
     </span>
    </p>
   </div>
   <div class='ocr_carea' id='block_1_11' title="bbox 241 1013 1816 1099">
    <p class='ocr_par' dir='ltr' id='par_1_11' title="bbox 241 1013 1816 1099">
     <span class='ocr_line' id='line_1_11' title="bbox 241 1013 1816 1099; baseline 0.013 -35"><span class='ocrx_word' id='word_1_58' title='bbox 241 1013 540 1078; x_wconf 69' lang='grc' dir='ltr'>νόμασται*</span> <span class='ocrx_word' id='word_1_59' title='bbox 578 1018 782 1085; x_wconf 85' lang='grc' dir='ltr'>ἀγαθὸς</span> <span class='ocrx_word' id='word_1_60' title='bbox 829 1021 882 1074; x_wconf 75' lang='grc' dir='ltr'>δὲ</span> <span class='ocrx_word' id='word_1_61' title='bbox 935 1023 1033 1078; x_wconf 70' lang='grc' dir='ltr'>οὐκ</span> <span class='ocrx_word' id='word_1_62' title='bbox 1076 1026 1142 1079; x_wconf 84' lang='grc' dir='ltr'>ἂν</span> <span class='ocrx_word' id='word_1_63' title='bbox 1172 1028 1292 1081; x_wconf 76' lang='grc' dir='ltr'>οὐδὲ</span> <span class='ocrx_word' id='word_1_64' title='bbox 1323 1029 1605 1099; x_wconf 77' lang='grc' dir='ltr'>ἅνθρωπος</span> <span class='ocrx_word' id='word_1_65' title='bbox 1643 1031 1816 1085; x_wconf 78' lang='grc' dir='ltr'>ἐθέλοι</span> 
     </span>
    </p>
   </div>
   <div class='ocr_carea' id='block_1_12' title="bbox 242 1106 1818 1193">
    <p class='ocr_par' dir='ltr' id='par_1_12' title="bbox 242 1106 1818 1193">
     <span class='ocr_line' id='line_1_12' title="bbox 242 1106 1818 1193; baseline 0.015 -38"><span class='ocrx_word' id='word_1_66' title='bbox 242 1106 546 1176; x_wconf 75' lang='grc' dir='ltr'>φαυλότητι</span> <span class='ocrx_word' id='word_1_67' title='bbox 597 1113 941 1182; x_wconf 82' lang='grc' dir='ltr'><strong>πραγμάτων</strong></span> <span class='ocrx_word' id='word_1_68' title='bbox 985 1120 1370 1187; x_wconf 73' lang='grc' dir='ltr'>χρωτίζεσθαι,</span> <span class='ocrx_word' id='word_1_69' title='bbox 1413 1124 1487 1193; x_wconf 84' lang='grc' dir='ltr'>μὴ</span> <span class='ocrx_word' id='word_1_70' title='bbox 1533 1124 1615 1178; x_wconf 81' lang='grc' dir='ltr'>ὅτι</span> <span class='ocrx_word' id='word_1_71' title='bbox 1669 1141 1731 1192; x_wconf 89' lang='grc' dir='ltr'><strong>γε</strong></span> <span class='ocrx_word' id='word_1_72' title='bbox 1789 1127 1818 1178; x_wconf 81' lang='grc' dir='ltr'>ὁ</span> 
     </span>
    </p>
   </div>
   <div class='ocr_carea' id='block_1_13' title="bbox 240 1198 1813 1274">
    <p class='ocr_par' dir='ltr' id='par_1_13' title="bbox 240 1198 1813 1274">
     <span class='ocr_line' id='line_1_13' title="bbox 240 1198 1813 1274; baseline 0.017 -26"><span class='ocrx_word' id='word_1_73' title='bbox 240 1198 565 1266; x_wconf 65' lang='grc' dir='ltr'>πανάγαθος</span> <span class='ocrx_word' id='word_1_74' title='bbox 601 1205 828 1272; x_wconf 82' lang='grc' dir='ltr'>Κύριος,</span> <span class='ocrx_word' id='word_1_75' title='bbox 871 1208 930 1272; x_wconf 80' lang='grc' dir='ltr'><strong>ἐξ</strong></span> <span class='ocrx_word' id='word_1_76' title='bbox 979 1204 1039 1263; x_wconf 71' lang='grc' dir='ltr'><strong>οὗ</strong></span> <span class='ocrx_word' id='word_1_77' title='bbox 1097 1213 1190 1264; x_wconf 71' lang='grc' dir='ltr'>καὶ</span> <span class='ocrx_word' id='word_1_78' title='bbox 1212 1213 1280 1266; x_wconf 77' lang='grc' dir='ltr'>δι’</span> <span class='ocrx_word' id='word_1_79' title='bbox 1317 1207 1377 1267; x_wconf 72' lang='grc' dir='ltr'><strong>οὗ</strong></span> <span class='ocrx_word' id='word_1_80' title='bbox 1427 1215 1569 1269; x_wconf 73' lang='grc' dir='ltr'>ἀπαν</span> <span class='ocrx_word' id='word_1_81' title='bbox 1628 1217 1813 1274; x_wconf 85' lang='grc' dir='ltr'>καλόν.</span> 
     </span>
    </p>
   </div>
   <div class='ocr_carea' id='block_1_14' title="bbox 243 1291 1818 1377">
    <p class='ocr_par' dir='ltr' id='par_1_14' title="bbox 243 1291 1818 1377">
     <span class='ocr_line' id='line_1_14' title="bbox 243 1291 1818 1377; baseline 0.013 -35"><span class='ocrx_word' id='word_1_82' title='bbox 243 1291 541 1362; x_wconf 71' lang='grc' dir='ltr'>Φιλοίημεν</span> <span class='ocrx_word' id='word_1_83' title='bbox 561 1295 656 1348; x_wconf 79' lang='grc' dir='ltr'>οὖν</span> <span class='ocrx_word' id='word_1_84' title='bbox 677 1298 912 1363; x_wconf 75' lang='grc' dir='ltr'>ἅπαντες</span> <span class='ocrx_word' id='word_1_85' title='bbox 935 1297 1271 1372; x_wconf 70' lang='grc' dir='ltr'>Χριστιανοὶ,</span> <span class='ocrx_word' id='word_1_86' title='bbox 1293 1308 1384 1358; x_wconf 72' lang='grc' dir='ltr'>καὶ</span> <span class='ocrx_word' id='word_1_87' title='bbox 1413 1309 1818 1377; x_wconf 83' lang='grc' dir='ltr'>πραγματευοί-</span> 
     </span>
    </p>
   </div>
   <div class='ocr_carea' id='block_1_15' title="bbox 243 1381 1817 1467">
    <p class='ocr_par' dir='ltr' id='par_1_15' title="bbox 243 1381 1817 1467">
     <span class='ocr_line' id='line_1_15' title="bbox 243 1381 1817 1467; baseline 0.015 -34"><span class='ocrx_word' id='word_1_88' title='bbox 243 1381 412 1450; x_wconf 88' lang='grc' dir='ltr'>μεθα,</span> <span class='ocrx_word' id='word_1_89' title='bbox 462 1388 542 1447; x_wconf 88' lang='grc' dir='ltr'><strong>εἰς</strong></span> <span class='ocrx_word' id='word_1_90' title='bbox 586 1387 711 1442; x_wconf 83' lang='grc' dir='ltr'>ὅσον</span> <span class='ocrx_word' id='word_1_91' title='bbox 763 1390 1012 1463; x_wconf 78' lang='grc' dir='ltr'>δύναμις,</span> <span class='ocrx_word' id='word_1_92' title='bbox 1069 1395 1143 1466; x_wconf 78' lang='grc' dir='ltr'>μὴ</span> <span class='ocrx_word' id='word_1_93' title='bbox 1177 1396 1476 1467; x_wconf 85' lang='grc' dir='ltr'>λαμϐάνειν</span> <span class='ocrx_word' id='word_1_94' title='bbox 1532 1401 1718 1466; x_wconf 87' lang='grc' dir='ltr'>ἅπλῶς</span> <span class='ocrx_word' id='word_1_95' title='bbox 1753 1406 1817 1456; x_wconf 81' lang='grc' dir='ltr'>ἐκ</span> 
     </span>
    </p>
   </div>
   <div class='ocr_carea' id='block_1_16' title="bbox 242 1476 1816 1562">
    <p class='ocr_par' dir='ltr' id='par_1_16' title="bbox 242 1476 1816 1562">
     <span class='ocr_line' id='line_1_16' title="bbox 242 1476 1816 1562; baseline 0.015 -37"><span class='ocrx_word' id='word_1_96' title='bbox 242 1476 405 1536; x_wconf 78' lang='grc' dir='ltr'>Θεοῦ,</span> <span class='ocrx_word' id='word_1_97' title='bbox 434 1479 569 1532; x_wconf 83' lang='grc' dir='ltr'>ἀλλὰ</span> <span class='ocrx_word' id='word_1_98' title='bbox 594 1481 1033 1552; x_wconf 84' lang='grc' dir='ltr'>ἀντιλαμϐάνειν.</span> <span class='ocrx_word' id='word_1_99' title='bbox 1074 1487 1490 1560; x_wconf 79' lang='grc' dir='ltr'>’Δντίλαμϐἀνει</span> <span class='ocrx_word' id='word_1_100' title='bbox 1518 1493 1574 1546; x_wconf 80' lang='grc' dir='ltr'>δὲ</span> <span class='ocrx_word' id='word_1_101' title='bbox 1595 1495 1621 1546; x_wconf 86' lang='grc' dir='ltr'>ὁ</span> <span class='ocrx_word' id='word_1_102' title='bbox 1647 1495 1816 1562; x_wconf 57' lang='grc' dir='ltr'>ἐφθα-</span> 
     </span>
    </p>
   </div>
   <div class='ocr_carea' id='block_1_17' title="bbox 232 1569 1818 1655">
    <p class='ocr_par' dir='ltr' id='par_1_17' title="bbox 232 1569 1818 1655">
     <span class='ocr_line' id='line_1_17' title="bbox 232 1569 1818 1655; baseline 0.013 -35"><span class='ocrx_word' id='word_1_103' title='bbox 232 1569 359 1643; x_wconf 4' lang='grc' dir='ltr'>γκὼς</span> <span class='ocrx_word' id='word_1_104' title='bbox 405 1570 613 1626; x_wconf 81' lang='grc' dir='ltr'>δοῦναι.</span> <span class='ocrx_word' id='word_1_105' title='bbox 654 1575 761 1628; x_wconf 76' lang='grc' dir='ltr'><strong>Καὶ</strong></span> <span class='ocrx_word' id='word_1_106' title='bbox 811 1576 924 1646; x_wconf 76' lang='grc' dir='ltr'>ἔχει</span> <span class='ocrx_word' id='word_1_107' title='bbox 954 1579 1014 1632; x_wconf 92' lang='grc' dir='ltr'><strong>τὸ</strong></span> <span class='ocrx_word' id='word_1_108' title='bbox 1041 1579 1322 1649; x_wconf 77' lang='grc' dir='ltr'><strong>διδόμενον</strong></span> <span class='ocrx_word' id='word_1_109' title='bbox 1351 1585 1378 1637; x_wconf 88' lang='grc' dir='ltr'><strong>ὁ</strong></span> <span class='ocrx_word' id='word_1_110' title='bbox 1409 1585 1649 1650; x_wconf 75' lang='grc' dir='ltr'>τοιοῦτος</span> <span class='ocrx_word' id='word_1_111' title='bbox 1681 1589 1818 1655; x_wconf 77' lang='grc' dir='ltr'>μετὰ</span> 
     </span>
    </p>
   </div>
   <div class='ocr_carea' id='block_1_18' title="bbox 237 1662 1818 1747">
    <p class='ocr_par' dir='ltr' id='par_1_18' title="bbox 237 1662 1818 1747">
     <span class='ocr_line' id='line_1_18' title="bbox 237 1662 1818 1747; baseline 0.014 -37"><span class='ocrx_word' id='word_1_112' title='bbox 237 1662 623 1733; x_wconf 65' lang='grc' dir='ltr'><strong>πεποιθήσεως</strong></span> <span class='ocrx_word' id='word_1_113' title='bbox 656 1666 932 1734; x_wconf 81' lang='grc' dir='ltr'><strong>εὐγενοῦς,</strong></span> <span class='ocrx_word' id='word_1_114' title='bbox 969 1673 1062 1723; x_wconf 77' lang='grc' dir='ltr'>καὶ</span> <span class='ocrx_word' id='word_1_115' title='bbox 1092 1672 1303 1744; x_wconf 83' lang='grc' dir='ltr'>ἀγαθῆς</span> <span class='ocrx_word' id='word_1_116' title='bbox 1342 1676 1723 1747; x_wconf 86' lang='grc' dir='ltr'>συνειδήσεως,</span> <span class='ocrx_word' id='word_1_117' title='bbox 1743 1679 1818 1744; x_wconf 84' lang='grc' dir='ltr'><strong>ὡς</strong></span> 
     </span>
    </p>
   </div>
   <div class='ocr_carea' id='block_1_19' title="bbox 236 1747 1813 1839">
    <p class='ocr_par' dir='ltr' id='par_1_19' title="bbox 236 1747 1813 1839">
     <span class='ocr_line' id='line_1_19' title="bbox 236 1747 1813 1839; baseline 0.011 -35"><span class='ocrx_word' id='word_1_118' title='bbox 236 1747 328 1806; x_wconf 74' lang='grc' dir='ltr'>οἷα</span> <span class='ocrx_word' id='word_1_119' title='bbox 373 1753 450 1824; x_wconf 79' lang='grc' dir='ltr'>μὴ</span> <span class='ocrx_word' id='word_1_120' title='bbox 496 1755 669 1825; x_wconf 85' lang='grc' dir='ltr'>δῶρον</span> <span class='ocrx_word' id='word_1_121' title='bbox 719 1758 842 1830; x_wconf 78' lang='grc' dir='ltr'>ἔχον</span> <span class='ocrx_word' id='word_1_122' title='bbox 893 1761 954 1814; x_wconf 87' lang='grc' dir='ltr'><strong>τὸ</strong></span> <span class='ocrx_word' id='word_1_123' title='bbox 1000 1762 1303 1833; x_wconf 82' lang='grc' dir='ltr'>δεδομένον,</span> <span class='ocrx_word' id='word_1_124' title='bbox 1335 1765 1473 1819; x_wconf 86' lang='grc' dir='ltr'><strong>ἀλλά</strong></span> <span class='ocrx_word' id='word_1_125' title='bbox 1502 1768 1813 1839; x_wconf 84' lang='grc' dir='ltr'>ἀντίδωρον,</span> 
     </span>
    </p>
   </div>
   <div class='ocr_carea' id='block_1_20' title="bbox 235 1841 1817 1922">
    <p class='ocr_par' dir='ltr' id='par_1_20' title="bbox 235 1841 1817 1922">
     <span class='ocr_line' id='line_1_20' title="bbox 235 1841 1817 1922; baseline 0.01 -28"><span class='ocrx_word' id='word_1_126' title='bbox 235 1841 615 1914; x_wconf 82' lang='grc' dir='ltr'>λογιζόμενος,</span> <span class='ocrx_word' id='word_1_127' title='bbox 652 1849 727 1912; x_wconf 87' lang='grc' dir='ltr'>ὼς</span> <span class='ocrx_word' id='word_1_128' title='bbox 767 1851 986 1919; x_wconf 82' lang='grc' dir='ltr'>ἀλόγοις</span> <span class='ocrx_word' id='word_1_129' title='bbox 1043 1853 1140 1922; x_wconf 73' lang='grc' dir='ltr'>μὲν</span> <span class='ocrx_word' id='word_1_130' title='bbox 1174 1852 1356 1918; x_wconf 71' lang='grc' dir='ltr'>ζώοις.</span> <span class='ocrx_word' id='word_1_131' title='bbox 1408 1850 1489 1918; x_wconf 70' lang='grc' dir='ltr'>οἷς</span> <span class='ocrx_word' id='word_1_132' title='bbox 1533 1857 1657 1920; x_wconf 89' lang='grc' dir='ltr'>νοῦς</span> <span class='ocrx_word' id='word_1_133' title='bbox 1715 1859 1817 1910; x_wconf 84' lang='grc' dir='ltr'>οὐκ</span> 
     </span>
    </p>
   </div>
   <div class='ocr_carea' id='block_1_21' title="bbox 238 1937 1817 2018">
    <p class='ocr_par' dir='ltr' id='par_1_21' title="bbox 238 1937 1817 2018">
     <span class='ocr_line' id='line_1_21' title="bbox 238 1937 1817 2018; baseline 0.009 -30"><span class='ocrx_word' id='word_1_134' title='bbox 238 1937 544 2003; x_wconf 74' lang='grc' dir='ltr'>ἐπιστατεῖ,</span> <span class='ocrx_word' id='word_1_135' title='bbox 578 1941 777 1995; x_wconf 76' lang='grc' dir='ltr'>δίδοται</span> <span class='ocrx_word' id='word_1_136' title='bbox 831 1943 902 1997; x_wconf 74' lang='grc' dir='ltr'><strong>τὰ</strong></span> <span class='ocrx_word' id='word_1_137' title='bbox 950 1946 1012 1998; x_wconf 74' lang='grc' dir='ltr'>ἐκ</span> <span class='ocrx_word' id='word_1_138' title='bbox 1043 1945 1178 1999; x_wconf 84' lang='grc' dir='ltr'>Θεοῦ</span> <span class='ocrx_word' id='word_1_139' title='bbox 1213 1949 1569 2018; x_wconf 79' lang='grc' dir='ltr'>πονουμένοις</span> <span class='ocrx_word' id='word_1_140' title='bbox 1613 1950 1817 2013; x_wconf 78' lang='grc' dir='ltr'>παντὸς</span> 
     </span>
    </p>
   </div>
   <div class='ocr_carea' id='block_1_22' title="bbox 235 2027 1816 2111">
    <p class='ocr_par' dir='ltr' id='par_1_22' title="bbox 235 2027 1816 2111">
     <span class='ocr_line' id='line_1_22' title="bbox 235 2027 1816 2111; baseline 0.009 -31"><span class='ocrx_word' id='word_1_141' title='bbox 235 2027 471 2095; x_wconf 75' lang='grc' dir='ltr'>ἀγαθοῦ,</span> <span class='ocrx_word' id='word_1_142' title='bbox 506 2033 676 2102; x_wconf 83' lang='grc' dir='ltr'>ὁποίῳ</span> <span class='ocrx_word' id='word_1_143' title='bbox 703 2035 886 2104; x_wconf 83' lang='grc' dir='ltr'>χαίρει</span> <span class='ocrx_word' id='word_1_144' title='bbox 916 2037 943 2088; x_wconf 80' lang='grc' dir='ltr'><strong>ό</strong></span> <span class='ocrx_word' id='word_1_145' title='bbox 966 2037 1118 2101; x_wconf 87' lang='grc' dir='ltr'>Θεὸς,</span> <span class='ocrx_word' id='word_1_146' title='bbox 1143 2039 1237 2092; x_wconf 69' lang='grc' dir='ltr'>καὶ</span> <span class='ocrx_word' id='word_1_147' title='bbox 1259 2039 1347 2092; x_wconf 71' lang='grc' dir='ltr'>διὰ</span> <span class='ocrx_word' id='word_1_148' title='bbox 1375 2041 1534 2094; x_wconf 87' lang='grc' dir='ltr'>τοῦτο</span> <span class='ocrx_word' id='word_1_149' title='bbox 1559 2041 1816 2111; x_wconf 76' lang='grc' dir='ltr'>ἄσπαρτα</span> 
     </span>
    </p>
   </div>
   <div class='ocr_carea' id='block_1_23' title="bbox 235 2122 1820 2203">
    <p class='ocr_par' dir='ltr' id='par_1_23' title="bbox 235 2122 1820 2203">
     <span class='ocr_line' id='line_1_23' title="bbox 235 2122 1820 2203; baseline 0.009 -31"><span class='ocrx_word' id='word_1_150' title='bbox 235 2122 334 2173; x_wconf 72' lang='grc' dir='ltr'><strong>καὶ</strong></span> <span class='ocrx_word' id='word_1_151' title='bbox 366 2122 610 2192; x_wconf 75' lang='grc' dir='ltr'>ἀνήροτα</span> <span class='ocrx_word' id='word_1_152' title='bbox 654 2125 714 2190; x_wconf 79' lang='grc' dir='ltr'>ἐξ</span> <span class='ocrx_word' id='word_1_153' title='bbox 759 2128 1064 2196; x_wconf 74' lang='grc' dir='ltr'>αὐτομάτου</span> <span class='ocrx_word' id='word_1_154' title='bbox 1111 2130 1448 2199; x_wconf 84' lang='grc' dir='ltr'>λαμϐάνουσι</span> <span class='ocrx_word' id='word_1_155' title='bbox 1491 2133 1557 2185; x_wconf 63' lang='grc' dir='ltr'><strong>τὰ</strong></span> <span class='ocrx_word' id='word_1_156' title='bbox 1588 2129 1668 2197; x_wconf 74' lang='grc' dir='ltr'>οἷς</span> <span class='ocrx_word' id='word_1_157' title='bbox 1697 2133 1820 2203; x_wconf 67' lang='lat'><strong>695&#39;-</strong></span> 
     </span>
    </p>
   </div>
   <div class='ocr_carea' id='block_1_24' title="bbox 233 2210 1820 2294">
    <p class='ocr_par' dir='ltr' id='par_1_24' title="bbox 233 2210 1820 2294">
     <span class='ocr_line' id='line_1_24' title="bbox 233 2210 1820 2294; baseline 0.011 -32"><span class='ocrx_word' id='word_1_158' title='bbox 233 2210 452 2280; x_wconf 70' lang='grc' dir='ltr'>ψονται.</span> <span class='ocrx_word' id='word_1_159' title='bbox 471 2214 770 2288; x_wconf 81' lang='grc' dir='ltr'>Ἀνθρὼπῳ</span> <span class='ocrx_word' id='word_1_160' title='bbox 796 2219 852 2271; x_wconf 78' lang='grc' dir='ltr'>δὲ</span> <span class='ocrx_word' id='word_1_161' title='bbox 876 2220 975 2274; x_wconf 84' lang='grc' dir='ltr'>οὐκ</span> <span class='ocrx_word' id='word_1_162' title='bbox 1003 2221 1068 2274; x_wconf 81' lang='grc' dir='ltr'>ἂν</span> <span class='ocrx_word' id='word_1_163' title='bbox 1091 2223 1174 2293; x_wconf 77' lang='grc' dir='ltr'>εἴη</span> <span class='ocrx_word' id='word_1_164' title='bbox 1201 2225 1496 2294; x_wconf 79' lang='grc' dir='ltr'>προσφυὲς,</span> <span class='ocrx_word' id='word_1_165' title='bbox 1519 2225 1661 2279; x_wconf 71' lang='grc' dir='ltr'>οὕτω</span> <span class='ocrx_word' id='word_1_166' title='bbox 1677 2227 1820 2289; x_wconf 89' lang='grc' dir='ltr'>λαμ-</span> 
     </span>
    </p>
   </div>
   <div class='ocr_carea' id='block_1_25' title="bbox 235 2300 1816 2384">
    <p class='ocr_par' dir='ltr' id='par_1_25' title="bbox 235 2300 1816 2384">
     <span class='ocr_line' id='line_1_25' title="bbox 235 2300 1816 2384; baseline 0.011 -32"><span class='ocrx_word' id='word_1_167' title='bbox 235 2300 450 2367; x_wconf 75' lang='grc' dir='ltr'>ϐάνειν,</span> <span class='ocrx_word' id='word_1_168' title='bbox 501 2305 634 2359; x_wconf 83' lang='grc' dir='ltr'><strong>ἀλλά</strong></span> <span class='ocrx_word' id='word_1_169' title='bbox 679 2309 823 2362; x_wconf 87' lang='grc' dir='ltr'><strong>κατά</strong></span> <span class='ocrx_word' id='word_1_170' title='bbox 861 2327 914 2362; x_wconf 87' lang='grc' dir='ltr'><strong>τι</strong></span> <span class='ocrx_word' id='word_1_171' title='bbox 966 2312 1346 2384; x_wconf 84' lang='grc' dir='ltr'>συνάλλαγμα,</span> <span class='ocrx_word' id='word_1_172' title='bbox 1401 2315 1499 2368; x_wconf 72' lang='grc' dir='ltr'>καὶ</span> <span class='ocrx_word' id='word_1_173' title='bbox 1551 2316 1682 2369; x_wconf 84' lang='grc' dir='ltr'>αὐτὸ</span> <span class='ocrx_word' id='word_1_174' title='bbox 1715 2316 1816 2368; x_wconf 83' lang='grc' dir='ltr'>οὐκ</span> 
     </span>
    </p>
   </div>
   <div class='ocr_carea' id='block_1_26' title="bbox 235 2395 1816 2476">
    <p class='ocr_par' dir='ltr' id='par_1_26' title="bbox 235 2395 1816 2476">
     <span class='ocr_line' id='line_1_26' title="bbox 235 2395 1816 2476; baseline 0.011 -30"><span class='ocrx_word' id='word_1_175' title='bbox 235 2395 502 2465; x_wconf 84' lang='grc' dir='ltr'>ἀνάλογον</span> <span class='ocrx_word' id='word_1_176' title='bbox 555 2398 698 2452; x_wconf 82' lang='grc' dir='ltr'>κατά</span> <span class='ocrx_word' id='word_1_177' title='bbox 747 2417 810 2468; x_wconf 91' lang='grc' dir='ltr'><strong>γε</strong></span> <span class='ocrx_word' id='word_1_178' title='bbox 859 2403 984 2466; x_wconf 80' lang='grc' dir='ltr'>τοὺς</span> <span class='ocrx_word' id='word_1_179' title='bbox 1039 2406 1545 2476; x_wconf 75' lang='grc' dir='ltr'>ὲμπορευομένους,</span> <span class='ocrx_word' id='word_1_180' title='bbox 1581 2407 1698 2462; x_wconf 84' lang='grc' dir='ltr'>ἀλλ’</span> <span class='ocrx_word' id='word_1_181' title='bbox 1734 2411 1816 2474; x_wconf 85' lang='grc' dir='ltr'><strong>εἰς</strong></span> 
     </span>
    </p>
   </div>
   <div class='ocr_carea' id='block_1_27' title="bbox 235 2485 1814 2569">
    <p class='ocr_par' dir='ltr' id='par_1_27' title="bbox 235 2485 1814 2569">
     <span class='ocr_line' id='line_1_27' title="bbox 235 2485 1814 2569; baseline 0.01 -31"><span class='ocrx_word' id='word_1_182' title='bbox 235 2485 363 2540; x_wconf 82' lang='grc' dir='ltr'>ὅσον</span> <span class='ocrx_word' id='word_1_183' title='bbox 393 2488 512 2541; x_wconf 78' lang='grc' dir='ltr'>ἐστι</span> <span class='ocrx_word' id='word_1_184' title='bbox 559 2489 650 2543; x_wconf 88' lang='grc' dir='ltr'><strong>τὸν</strong></span> <span class='ocrx_word' id='word_1_185' title='bbox 682 2490 974 2561; x_wconf 75' lang='grc' dir='ltr'>ἄνθρωπον</span> <span class='ocrx_word' id='word_1_186' title='bbox 1006 2495 1436 2565; x_wconf 79' lang='grc' dir='ltr'>σταθμώσασθαι</span> <span class='ocrx_word' id='word_1_187' title='bbox 1474 2499 1612 2568; x_wconf 85' lang='grc' dir='ltr'>πρὸς</span> <span class='ocrx_word' id='word_1_188' title='bbox 1657 2501 1814 2569; x_wconf 83' lang='grc' dir='ltr'>Θεὸν,</span> 
     </span>
    </p>
   </div>
   <div class='ocr_carea' id='block_1_28' title="bbox 234 2574 1741 2658">
    <p class='ocr_par' dir='ltr' id='par_1_28' title="bbox 234 2574 1741 2658">
     <span class='ocr_line' id='line_1_28' title="bbox 234 2574 1741 2658; baseline 0.012 -30"><span class='ocrx_word' id='word_1_189' title='bbox 234 2574 531 2648; x_wconf 78' lang='grc' dir='ltr'>ἄνθρωπον</span> <span class='ocrx_word' id='word_1_190' title='bbox 555 2579 647 2633; x_wconf 90' lang='grc' dir='ltr'><strong>τὸν</strong></span> <span class='ocrx_word' id='word_1_191' title='bbox 676 2580 1028 2649; x_wconf 76' lang='grc' dir='ltr'>πενέστατον,</span> <span class='ocrx_word' id='word_1_192' title='bbox 1057 2584 1192 2639; x_wconf 87' lang='grc' dir='ltr'>Θεὸν</span> <span class='ocrx_word' id='word_1_193' title='bbox 1219 2585 1313 2640; x_wconf 88' lang='grc' dir='ltr'><strong>τὸν</strong></span> <span class='ocrx_word' id='word_1_194' title='bbox 1336 2605 1408 2641; x_wconf 84' lang='grc' dir='ltr'><strong>πα</strong></span> <span class='ocrx_word' id='word_1_195' title='bbox 1421 2588 1741 2658; x_wconf 81' lang='grc' dir='ltr'>μπλούσιον.</span> 
     </span>
    </p>
   </div>
   <div class='ocr_carea' id='block_1_29' title="bbox 308 2892 1813 2972">
    <p class='ocr_par' dir='ltr' id='par_1_29' title="bbox 308 2892 1813 2972">
     <span class='ocr_line' id='line_1_29' title="bbox 308 2892 1813 2972; baseline 0.006 -26"><span class='ocrx_word' id='word_1_196' title='bbox 308 2892 374 2947; x_wconf 88' lang='grc' dir='ltr'><strong>δ’.</strong></span> <span class='ocrx_word' id='word_1_197' title='bbox 405 2893 474 2946; x_wconf 87' lang='grc' dir='ltr'>Τί</span> <span class='ocrx_word' id='word_1_198' title='bbox 502 2893 610 2964; x_wconf 82' lang='grc' dir='ltr'><strong>γὰρ</strong></span> <span class='ocrx_word' id='word_1_199' title='bbox 637 2892 704 2947; x_wconf 84' lang='grc' dir='ltr'><strong>ἃν</strong></span> <span class='ocrx_word' id='word_1_200' title='bbox 733 2895 827 2948; x_wconf 75' lang='grc' dir='ltr'><strong>καὶ</strong></span> <span class='ocrx_word' id='word_1_201' title='bbox 883 2893 998 2965; x_wconf 89' lang='grc' dir='ltr'>δοίη</span> <span class='ocrx_word' id='word_1_202' title='bbox 1055 2896 1134 2967; x_wconf 79' lang='grc' dir='ltr'><strong>τῷ</strong></span> <span class='ocrx_word' id='word_1_203' title='bbox 1189 2895 1308 2967; x_wconf 82' lang='grc' dir='ltr'>Θεῷ</span> <span class='ocrx_word' id='word_1_204' title='bbox 1356 2899 1643 2971; x_wconf 82' lang='grc' dir='ltr'>ἄνθρωπος</span> <span class='ocrx_word' id='word_1_205' title='bbox 1677 2900 1813 2972; x_wconf 89' lang='grc' dir='ltr'>πρὸς</span> 
     </span>
    </p>
   </div>
   <div class='ocr_carea' id='block_1_30' title="bbox 235 2984 1814 3060">
    <p class='ocr_par' dir='ltr' id='par_1_30' title="bbox 235 2984 1814 3060">
     <span class='ocr_line' id='line_1_30' title="bbox 235 2984 1814 3060; baseline 0.004 -22"><span class='ocrx_word' id='word_1_206' title='bbox 235 2984 399 3050; x_wconf 82' lang='grc' dir='ltr'>ἀξίαν</span> <span class='ocrx_word' id='word_1_207' title='bbox 424 3001 439 3050; x_wconf 90' lang='grc'><strong>;</strong></span> <span class='ocrx_word' id='word_1_208' title='bbox 471 2984 596 3048; x_wconf 86' lang='grc' dir='ltr'>Πῶς</span> <span class='ocrx_word' id='word_1_209' title='bbox 621 2984 669 3038; x_wconf 85' lang='grc' dir='ltr'>δ’</span> <span class='ocrx_word' id='word_1_210' title='bbox 694 2984 759 3038; x_wconf 85' lang='grc' dir='ltr'>ἂν</span> <span class='ocrx_word' id='word_1_211' title='bbox 786 2985 1104 3051; x_wconf 81' lang='grc' dir='ltr'>συναλλάξοι</span> <span class='ocrx_word' id='word_1_212' title='bbox 1130 2989 1264 3059; x_wconf 89' lang='grc' dir='ltr'>πρὸς</span> <span class='ocrx_word' id='word_1_213' title='bbox 1298 2989 1519 3057; x_wconf 75' lang='grc' dir='ltr'>ἰσότητα</span> <span class='ocrx_word' id='word_1_214' title='bbox 1541 3007 1556 3057; x_wconf 88' lang='lat'><strong>;</strong></span> <span class='ocrx_word' id='word_1_215' title='bbox 1591 2991 1814 3060; x_wconf 78' lang='grc' dir='ltr'>Δωρεάν</span> 
     </span>
    </p>
   </div>
   <div class='ocr_carea' id='block_1_31' title="bbox 241 3079 1814 3151">
    <p class='ocr_par' dir='ltr' id='par_1_31' title="bbox 241 3079 1814 3151">
     <span class='ocr_line' id='line_1_31' title="bbox 241 3079 1814 3151; baseline 0.002 -18"><span class='ocrx_word' id='word_1_216' title='bbox 241 3081 379 3150; x_wconf 81' lang='grc' dir='ltr'>ἡμῖν</span> <span class='ocrx_word' id='word_1_217' title='bbox 408 3083 586 3133; x_wconf 80' lang='grc' dir='ltr'>πάντα</span> <span class='ocrx_word' id='word_1_218' title='bbox 625 3079 692 3132; x_wconf 67' lang='grc' dir='ltr'>τὰ</span> <span class='ocrx_word' id='word_1_219' title='bbox 726 3079 786 3144; x_wconf 82' lang='grc' dir='ltr'>ὲξ</span> <span class='ocrx_word' id='word_1_220' title='bbox 823 3080 1056 3146; x_wconf 79' lang='grc' dir='ltr'>ἐκείνου,</span> <span class='ocrx_word' id='word_1_221' title='bbox 1108 3082 1156 3132; x_wconf 81' lang='grc' dir='ltr'><strong>εί</strong></span> <span class='ocrx_word' id='word_1_222' title='bbox 1188 3080 1284 3132; x_wconf 74' lang='grc' dir='ltr'>καὶ</span> <span class='ocrx_word' id='word_1_223' title='bbox 1311 3080 1378 3134; x_wconf 80' lang='grc' dir='ltr'><strong>τὰ</strong></span> <span class='ocrx_word' id='word_1_224' title='bbox 1409 3082 1548 3149; x_wconf 78' lang='grc' dir='ltr'>ὑπὲρ</span> <span class='ocrx_word' id='word_1_225' title='bbox 1585 3083 1814 3151; x_wconf 79' lang='grc' dir='ltr'>δύναμιν</span> 
     </span>
    </p>
   </div>
   <div class='ocr_carea' id='block_1_32' title="bbox 1920 569 3496 658">
    <p class='ocr_par' dir='ltr' id='par_1_32' title="bbox 1920 569 3496 658">
     <span class='ocr_line' id='line_1_32' title="bbox 1920 569 3496 658; baseline 0.014 -36"><span class='ocrx_word' id='word_1_226' title='bbox 1920 569 2014 623; x_wconf 89' lang='lat' dir='ltr'><strong>sed</strong></span> <span class='ocrx_word' id='word_1_227' title='bbox 2049 573 2346 640; x_wconf 84' lang='lat' dir='ltr'><strong>rependere</strong></span> <span class='ocrx_word' id='word_1_228' title='bbox 2363 579 2563 633; x_wconf 77' lang='lat' dir='ltr'><strong>mavult</strong></span> <span class='ocrx_word' id='word_1_229' title='bbox 2595 583 2892 638; x_wconf 88' lang='lat' dir='ltr'><strong>secundum</strong></span> <span class='ocrx_word' id='word_1_230' title='bbox 2925 586 3214 654; x_wconf 82' lang='lat' dir='ltr'><strong>quamdam</strong></span> <span class='ocrx_word' id='word_1_231' title='bbox 3252 589 3496 658; x_wconf 87' lang='lat' dir='ltr'><strong>recipro-</strong></span> 
     </span>
    </p>
   </div>
   <div class='ocr_carea' id='block_1_33' title="bbox 1919 661 2760 732">
    <p class='ocr_par' dir='ltr' id='par_1_33' title="bbox 1919 661 2760 732">
     <span class='ocr_line' id='line_1_33' title="bbox 1919 661 2760 732; baseline 0.014 -17"><span class='ocrx_word' id='word_1_232' title='bbox 1919 661 2142 716; x_wconf 84' lang='lat' dir='ltr'><strong>citatem</strong></span> <span class='ocrx_word' id='word_1_233' title='bbox 2175 663 2282 732; x_wconf 76' lang='lat' dir='ltr'><strong>ipsi</strong></span> <span class='ocrx_word' id='word_1_234' title='bbox 2317 669 2760 726; x_wconf 74' lang='lat' dir='ltr'><strong>convenientem.</strong></span> 
     </span>
    </p>
   </div>
   <div class='ocr_carea' id='block_1_34' title="bbox 1991 752 3489 834">
    <p class='ocr_par' dir='ltr' id='par_1_34' title="bbox 1991 752 3489 834">
     <span class='ocr_line' id='line_1_34' title="bbox 1991 752 3489 834; baseline 0.012 -28"><span class='ocrx_word' id='word_1_235' title='bbox 1991 752 2044 808; x_wconf 86' lang='lat'><strong>&#39;5.</strong></span> <span class='ocrx_word' id='word_1_236' title='bbox 2069 752 2219 808; x_wconf 85' lang='lat' dir='ltr'><strong>Bono</strong></span> <span class='ocrx_word' id='word_1_237' title='bbox 2244 765 2423 812; x_wconf 89' lang='lat' dir='ltr'><strong>autem</strong></span> <span class='ocrx_word' id='word_1_238' title='bbox 2455 763 2768 819; x_wconf 85' lang='lat' dir='ltr'><strong>necessario</strong></span> <span class='ocrx_word' id='word_1_239' title='bbox 2791 768 3069 828; x_wconf 86' lang='lat' dir='ltr'><strong>convenit.</strong></span> <span class='ocrx_word' id='word_1_240' title='bbox 3089 775 3143 821; x_wconf 91' lang='lat' dir='ltr'><strong>et</strong></span> <span class='ocrx_word' id='word_1_241' title='bbox 3167 768 3308 824; x_wconf 84' lang='lat' dir='ltr'><strong>bona</strong></span> <span class='ocrx_word' id='word_1_242' title='bbox 3341 770 3489 834; x_wconf 88' lang='lat' dir='ltr'><strong>dare,</strong></span> 
     </span>
    </p>
   </div>
   <div class='ocr_carea' id='block_1_35' title="bbox 1920 843 3494 928">
    <p class='ocr_par' dir='ltr' id='par_1_35' title="bbox 1920 843 3494 928">
     <span class='ocr_line' id='line_1_35' title="bbox 1920 843 3494 928; baseline 0.013 -31"><span class='ocrx_word' id='word_1_243' title='bbox 1920 848 1976 897; x_wconf 85' lang='lat' dir='ltr'><strong>et</strong></span> <span class='ocrx_word' id='word_1_244' title='bbox 2029 843 2158 896; x_wconf 88' lang='lat' dir='ltr'><strong>talia</strong></span> <span class='ocrx_word' id='word_1_245' title='bbox 2212 845 2476 916; x_wconf 88' lang='lat' dir='ltr'><strong>recipere.</strong></span> <span class='ocrx_word' id='word_1_246' title='bbox 2523 849 2694 907; x_wconf 85' lang='lat' dir='ltr'><strong>Malus</strong></span> <span class='ocrx_word' id='word_1_247' title='bbox 2746 856 2891 910; x_wconf 88' lang='lat' dir='ltr'><strong>enim</strong></span> <span class='ocrx_word' id='word_1_248' title='bbox 2938 857 3096 911; x_wconf 85' lang='lat' dir='ltr'><strong>dator</strong></span> <span class='ocrx_word' id='word_1_249' title='bbox 3148 876 3270 928; x_wconf 67' lang='lat' dir='ltr'><strong>quae</strong></span> <span class='ocrx_word' id='word_1_250' title='bbox 3323 862 3494 928; x_wconf 89' lang='lat' dir='ltr'><strong>ipsius</strong></span> 
     </span>
    </p>
   </div>
   <div class='ocr_carea' id='block_1_36' title="bbox 1923 938 3486 1023">
    <p class='ocr_par' dir='ltr' id='par_1_36' title="bbox 1923 938 3486 1023">
     <span class='ocr_line' id='line_1_36' title="bbox 1923 938 3486 1023; baseline 0.014 -34"><span class='ocrx_word' id='word_1_251' title='bbox 1923 938 2130 991; x_wconf 89' lang='lat' dir='ltr'><strong>nomini</strong></span> <span class='ocrx_word' id='word_1_252' title='bbox 2168 953 2406 1009; x_wconf 84' lang='lat' dir='ltr'><strong>congrua</strong></span> <span class='ocrx_word' id='word_1_253' title='bbox 2459 951 2606 1006; x_wconf 84' lang='lat' dir='ltr'><strong>sunt,</strong></span> <span class='ocrx_word' id='word_1_254' title='bbox 2648 952 2701 998; x_wconf 91' lang='lat' dir='ltr'><strong>et</strong></span> <span class='ocrx_word' id='word_1_255' title='bbox 2750 947 2878 1004; x_wconf 88' lang='lat' dir='ltr'><strong>dare</strong></span> <span class='ocrx_word' id='word_1_256' title='bbox 2927 959 2981 1005; x_wconf 89' lang='lat' dir='ltr'><strong>et</strong></span> <span class='ocrx_word' id='word_1_257' title='bbox 3022 938 3266 1023; x_wconf 18' lang='lat' dir='ltr'><strong>reci-pere</strong></span> <span class='ocrx_word' id='word_1_258' title='bbox 3309 955 3486 1011; x_wconf 88' lang='lat' dir='ltr'><strong>solet:</strong></span> 
     </span>
    </p>
   </div>
   <div class='ocr_carea' id='block_1_37' title="bbox 1919 1027 3489 1111">
    <p class='ocr_par' dir='ltr' id='par_1_37' title="bbox 1919 1027 3489 1111">
     <span class='ocr_line' id='line_1_37' title="bbox 1919 1027 3489 1111; baseline 0.012 -30"><span class='ocrx_word' id='word_1_259' title='bbox 1919 1027 2094 1082; x_wconf 86' lang='lat' dir='ltr'><strong>bonus</strong></span> <span class='ocrx_word' id='word_1_260' title='bbox 2127 1038 2308 1084; x_wconf 88' lang='lat' dir='ltr'><strong>autem</strong></span> <span class='ocrx_word' id='word_1_261' title='bbox 2351 1034 2516 1087; x_wconf 89' lang='lat' dir='ltr'><strong>homo</strong></span> <span class='ocrx_word' id='word_1_262' title='bbox 2550 1035 2636 1088; x_wconf 89' lang='lat' dir='ltr'><strong>vel</strong></span> <span class='ocrx_word' id='word_1_263' title='bbox 2671 1035 3001 1094; x_wconf 80' lang='lat' dir='ltr'><strong>levissimam</strong></span> <span class='ocrx_word' id='word_1_264' title='bbox 3035 1049 3183 1111; x_wconf 89' lang='lat' dir='ltr'><strong>pravi</strong></span> <span class='ocrx_word' id='word_1_265' title='bbox 3219 1047 3489 1100; x_wconf 79' lang='lat' dir='ltr'><strong>maculam</strong></span> 
     </span>
    </p>
   </div>
   <div class='ocr_carea' id='block_1_38' title="bbox 1921 1125 3490 1202">
    <p class='ocr_par' dir='ltr' id='par_1_38' title="bbox 1921 1125 3490 1202">
     <span class='ocr_line' id='line_1_38' title="bbox 1921 1125 3490 1202; baseline 0.011 -28"><span class='ocrx_word' id='word_1_266' title='bbox 1921 1131 2244 1186; x_wconf 74' lang='lat' dir='ltr'><strong>aversatur,</strong></span> <span class='ocrx_word' id='word_1_267' title='bbox 2300 1137 2363 1178; x_wconf 88' lang='lat' dir='ltr'><strong>ac</strong></span> <span class='ocrx_word' id='word_1_268' title='bbox 2418 1125 2629 1182; x_wconf 79' lang='lat' dir='ltr'><strong>infinite</strong></span> <span class='ocrx_word' id='word_1_269' title='bbox 2699 1131 2874 1198; x_wconf 77' lang='lat' dir='ltr'><strong>magis</strong></span> <span class='ocrx_word' id='word_1_270' title='bbox 2933 1135 3173 1202; x_wconf 87' lang='lat' dir='ltr'><strong>optimus</strong></span> <span class='ocrx_word' id='word_1_271' title='bbox 3225 1137 3490 1194; x_wconf 87' lang='lat' dir='ltr'><strong>Dominus</strong></span> 
     </span>
    </p>
   </div>
   <div class='ocr_carea' id='block_1_39' title="bbox 1922 1219 3489 1290">
    <p class='ocr_par' dir='ltr' id='par_1_39' title="bbox 1922 1219 3489 1290">
     <span class='ocr_line' id='line_1_39' title="bbox 1922 1219 3489 1290; baseline 0.014 -27"><span class='ocrx_word' id='word_1_272' title='bbox 1922 1226 1950 1264; x_wconf 89' lang='lat' dir='ltr'><strong>a</strong></span> <span class='ocrx_word' id='word_1_273' title='bbox 1982 1227 2092 1281; x_wconf 92' lang='lat' dir='ltr'><strong>quo</strong></span> <span class='ocrx_word' id='word_1_274' title='bbox 2123 1223 2175 1266; x_wconf 87' lang='lat' dir='ltr'><strong>et</strong></span> <span class='ocrx_word' id='word_1_275' title='bbox 2208 1229 2304 1282; x_wconf 88' lang='lat' dir='ltr'><strong>per</strong></span> <span class='ocrx_word' id='word_1_276' title='bbox 2331 1231 2489 1283; x_wconf 85' lang='lat' dir='ltr'><strong>quem</strong></span> <span class='ocrx_word' id='word_1_277' title='bbox 2523 1233 2683 1271; x_wconf 91' lang='lat' dir='ltr'><strong>omne</strong></span> <span class='ocrx_word' id='word_1_278' title='bbox 2715 1219 2942 1274; x_wconf 90' lang='lat' dir='ltr'><strong>bonum.</strong></span> <span class='ocrx_word' id='word_1_279' title='bbox 2982 1223 3162 1290; x_wconf 87' lang='lat' dir='ltr'><strong>Quare</strong></span> <span class='ocrx_word' id='word_1_280' title='bbox 3189 1227 3489 1285; x_wconf 85' lang='lat' dir='ltr'><strong>Christiani</strong></span> 
     </span>
    </p>
   </div>
   <div class='ocr_carea' id='block_1_40' title="bbox 1919 1307 3490 1388">
    <p class='ocr_par' dir='ltr' id='par_1_40' title="bbox 1919 1307 3490 1388">
     <span class='ocr_line' id='line_1_40' title="bbox 1919 1307 3490 1388; baseline 0.011 -30"><span class='ocrx_word' id='word_1_281' title='bbox 1919 1318 2110 1359; x_wconf 76' lang='lat' dir='ltr'><strong>omnes</strong></span> <span class='ocrx_word' id='word_1_282' title='bbox 2148 1320 2360 1360; x_wconf 81' lang='lat' dir='ltr'><strong>sutumo</strong></span> <span class='ocrx_word' id='word_1_283' title='bbox 2391 1307 2578 1362; x_wconf 86' lang='lat' dir='ltr'><strong>studio</strong></span> <span class='ocrx_word' id='word_1_284' title='bbox 2608 1311 2912 1382; x_wconf 80' lang='lat' dir='ltr'><strong>ardoreque</strong></span> <span class='ocrx_word' id='word_1_285' title='bbox 2955 1313 3004 1367; x_wconf 92' lang='lat' dir='ltr'><strong>id</strong></span> <span class='ocrx_word' id='word_1_286' title='bbox 3040 1330 3282 1382; x_wconf 80' lang='lat' dir='ltr'><strong>agamus,</strong></span> <span class='ocrx_word' id='word_1_287' title='bbox 3313 1336 3490 1388; x_wconf 82' lang='lat' dir='ltr'><strong>quan-</strong></span> 
     </span>
    </p>
   </div>
   <div class='ocr_carea' id='block_1_41' title="bbox 1921 1404 3492 1476">
    <p class='ocr_par' dir='ltr' id='par_1_41' title="bbox 1921 1404 3492 1476">
     <span class='ocr_line' id='line_1_41' title="bbox 1921 1404 3492 1476; baseline 0.012 -27"><span class='ocrx_word' id='word_1_288' title='bbox 1921 1404 2034 1449; x_wconf 91' lang='lat' dir='ltr'><strong>tum</strong></span> <span class='ocrx_word' id='word_1_289' title='bbox 2095 1413 2262 1466; x_wconf 87' lang='lat' dir='ltr'><strong>penes</strong></span> <span class='ocrx_word' id='word_1_290' title='bbox 2307 1413 2403 1454; x_wconf 91' lang='lat' dir='ltr'><strong>nos</strong></span> <span class='ocrx_word' id='word_1_291' title='bbox 2442 1408 2548 1463; x_wconf 82' lang='lat' dir='ltr'><strong>est,</strong></span> <span class='ocrx_word' id='word_1_292' title='bbox 2600 1413 2660 1456; x_wconf 89' lang='lat' dir='ltr'><strong>ut</strong></span> <span class='ocrx_word' id='word_1_293' title='bbox 2696 1419 2804 1459; x_wconf 91' lang='lat' dir='ltr'><strong>non</strong></span> <span class='ocrx_word' id='word_1_294' title='bbox 2843 1406 3162 1476; x_wconf 91' lang='lat' dir='ltr'><strong>simpliciter</strong></span> <span class='ocrx_word' id='word_1_295' title='bbox 3210 1426 3492 1468; x_wconf 80' lang='lat' dir='ltr'><strong>sumamus</strong></span> 
     </span>
    </p>
   </div>
   <div class='ocr_carea' id='block_1_42' title="bbox 1921 1490 3492 1567">
    <p class='ocr_par' dir='ltr' id='par_1_42' title="bbox 1921 1490 3492 1567">
     <span class='ocr_line' id='line_1_42' title="bbox 1921 1490 3492 1567; baseline 0.011 -26"><span class='ocrx_word' id='word_1_296' title='bbox 1921 1502 1950 1541; x_wconf 89' lang='lat' dir='ltr'><strong>a</strong></span> <span class='ocrx_word' id='word_1_297' title='bbox 2004 1490 2132 1554; x_wconf 89' lang='lat' dir='ltr'><strong>Deo,</strong></span> <span class='ocrx_word' id='word_1_298' title='bbox 2187 1492 2280 1544; x_wconf 87' lang='lat' dir='ltr'><strong>sed</strong></span> <span class='ocrx_word' id='word_1_299' title='bbox 2329 1493 2718 1548; x_wconf 87' lang='lat' dir='ltr'><strong>retribuamur.</strong></span> <span class='ocrx_word' id='word_1_300' title='bbox 2767 1497 2975 1567; x_wconf 85' lang='lat' dir='ltr'><strong>Accipit</strong></span> <span class='ocrx_word' id='word_1_301' title='bbox 3020 1509 3200 1556; x_wconf 75' lang='lat' dir='ltr'><strong>autem</strong></span> <span class='ocrx_word' id='word_1_302' title='bbox 3249 1504 3492 1558; x_wconf 84' lang='lat' dir='ltr'><strong>retribu-</strong></span> 
     </span>
    </p>
   </div>
   <div class='ocr_carea' id='block_1_43' title="bbox 1920 1579 3488 1655">
    <p class='ocr_par' dir='ltr' id='par_1_43' title="bbox 1920 1579 3488 1655">
     <span class='ocr_line' id='line_1_43' title="bbox 1920 1579 3488 1655; baseline 0.01 -21"><span class='ocrx_word' id='word_1_303' title='bbox 1920 1579 2142 1642; x_wconf 89' lang='lat' dir='ltr'><strong>tionem,</strong></span> <span class='ocrx_word' id='word_1_304' title='bbox 2171 1582 2261 1650; x_wconf 86' lang='lat' dir='ltr'><strong>qui</strong></span> <span class='ocrx_word' id='word_1_305' title='bbox 2286 1590 2338 1636; x_wconf 88' lang='lat' dir='ltr'><strong>et</strong></span> <span class='ocrx_word' id='word_1_306' title='bbox 2369 1583 2483 1653; x_wconf 89' lang='lat' dir='ltr'><strong>ipse</strong></span> <span class='ocrx_word' id='word_1_307' title='bbox 2505 1586 2653 1641; x_wconf 84' lang='lat' dir='ltr'><strong>dedit</strong></span> <span class='ocrx_word' id='word_1_308' title='bbox 2674 1597 2854 1644; x_wconf 85' lang='lat' dir='ltr'><strong>antea.</strong></span> <span class='ocrx_word' id='word_1_309' title='bbox 2887 1591 2948 1643; x_wconf 85' lang='lat' dir='ltr'><strong>Et</strong></span> <span class='ocrx_word' id='word_1_310' title='bbox 2970 1593 3090 1646; x_wconf 89' lang='lat' dir='ltr'><strong>talis</strong></span> <span class='ocrx_word' id='word_1_311' title='bbox 3116 1609 3234 1649; x_wconf 87' lang='lat' dir='ltr'><strong>cum</strong></span> <span class='ocrx_word' id='word_1_312' title='bbox 3263 1595 3488 1655; x_wconf 80' lang='lat' dir='ltr'><strong>honesta</strong></span> 
     </span>
    </p>
   </div>
   <div class='ocr_carea' id='block_1_44' title="bbox 1923 1674 3489 1758">
    <p class='ocr_par' dir='ltr' id='par_1_44' title="bbox 1923 1674 3489 1758">
     <span class='ocr_line' id='line_1_44' title="bbox 1923 1674 3489 1758; baseline 0.011 -30"><span class='ocrx_word' id='word_1_313' title='bbox 1923 1674 2270 1731; x_wconf 88' lang='lat' dir='ltr'><strong>convictione</strong></span> <span class='ocrx_word' id='word_1_314' title='bbox 2306 1678 2557 1749; x_wconf 90' lang='lat' dir='ltr'><strong>bonaque</strong></span> <span class='ocrx_word' id='word_1_315' title='bbox 2594 1683 2931 1737; x_wconf 86' lang='lat' dir='ltr'><strong>conscientia</strong></span> <span class='ocrx_word' id='word_1_316' title='bbox 2990 1685 3176 1740; x_wconf 89' lang='lat' dir='ltr'><strong>datum</strong></span> <span class='ocrx_word' id='word_1_317' title='bbox 3227 1688 3489 1758; x_wconf 76' lang='lat' dir='ltr'><strong>possidet,</strong></span> 
     </span>
    </p>
   </div>
   <div class='ocr_carea' id='block_1_45' title="bbox 1922 1769 3490 1850">
    <p class='ocr_par' dir='ltr' id='par_1_45' title="bbox 1922 1769 3490 1850">
     <span class='ocr_line' id='line_1_45' title="bbox 1922 1769 3490 1850; baseline 0.01 -30"><span class='ocrx_word' id='word_1_318' title='bbox 1922 1775 2111 1834; x_wconf 88' lang='lat' dir='ltr'><strong>utpote</strong></span> <span class='ocrx_word' id='word_1_319' title='bbox 2147 1769 2237 1836; x_wconf 85' lang='lat' dir='ltr'><strong>qui</strong></span> <span class='ocrx_word' id='word_1_320' title='bbox 2294 1785 2400 1824; x_wconf 90' lang='lat' dir='ltr'><strong>non</strong></span> <span class='ocrx_word' id='word_1_321' title='bbox 2438 1773 2587 1826; x_wconf 88' lang='lat' dir='ltr'><strong>velut</strong></span> <span class='ocrx_word' id='word_1_322' title='bbox 2639 1775 2868 1841; x_wconf 82' lang='lat' dir='ltr'><strong>donum,</strong></span> <span class='ocrx_word' id='word_1_323' title='bbox 2905 1778 3002 1831; x_wconf 89' lang='lat' dir='ltr'><strong>sed</strong></span> <span class='ocrx_word' id='word_1_324' title='bbox 3051 1787 3308 1848; x_wconf 88' lang='lat' dir='ltr'><strong>tanquam</strong></span> <span class='ocrx_word' id='word_1_325' title='bbox 3346 1797 3490 1850; x_wconf 69' lang='lat' dir='ltr'><strong>prae-</strong></span> 
     </span>
    </p>
   </div>
   <div class='ocr_carea' id='block_1_46' title="bbox 1922 1857 3490 1936">
    <p class='ocr_par' dir='ltr' id='par_1_46' title="bbox 1922 1857 3490 1936">
     <span class='ocr_line' id='line_1_46' title="bbox 1922 1857 3490 1936; baseline 0.01 -28"><span class='ocrx_word' id='word_1_326' title='bbox 1922 1857 2088 1913; x_wconf 88' lang='lat' dir='ltr'><strong>mium</strong></span> <span class='ocrx_word' id='word_1_327' title='bbox 2122 1858 2314 1914; x_wconf 83' lang='lat' dir='ltr'><strong>habeat</strong></span> <span class='ocrx_word' id='word_1_328' title='bbox 2348 1861 2398 1915; x_wconf 92' lang='lat' dir='ltr'><strong>id</strong></span> <span class='ocrx_word' id='word_1_329' title='bbox 2440 1863 2583 1930; x_wconf 91' lang='lat' dir='ltr'><strong>quod</strong></span> <span class='ocrx_word' id='word_1_330' title='bbox 2614 1865 2662 1919; x_wconf 90' lang='lat' dir='ltr'><strong>ei</strong></span> <span class='ocrx_word' id='word_1_331' title='bbox 2697 1866 2882 1919; x_wconf 91' lang='lat' dir='ltr'><strong>datum</strong></span> <span class='ocrx_word' id='word_1_332' title='bbox 2915 1877 3022 1929; x_wconf 88' lang='lat' dir='ltr'><strong>est,</strong></span> <span class='ocrx_word' id='word_1_333' title='bbox 3060 1872 3361 1936; x_wconf 68' lang='lat' dir='ltr'><strong>prazsertim</strong></span> <span class='ocrx_word' id='word_1_334' title='bbox 3397 1871 3490 1926; x_wconf 87' lang='lat' dir='ltr'><strong>ubi</strong></span> 
     </span>
    </p>
   </div>
   <div class='ocr_carea' id='block_1_47' title="bbox 1919 1949 3487 2030">
    <p class='ocr_par' dir='ltr' id='par_1_47' title="bbox 1919 1949 3487 2030">
     <span class='ocr_line' id='line_1_47' title="bbox 1919 1949 3487 2030; baseline 0.011 -30"><span class='ocrx_word' id='word_1_335' title='bbox 1919 1949 2270 2015; x_wconf 81' lang='lat' dir='ltr'><strong>reputaverit,</strong></span> <span class='ocrx_word' id='word_1_336' title='bbox 2302 1951 2477 2005; x_wconf 85' lang='lat' dir='ltr'><strong>brutis</strong></span> <span class='ocrx_word' id='word_1_337' title='bbox 2507 1955 2841 2010; x_wconf 86' lang='lat' dir='ltr'><strong>animalibus</strong></span> <span class='ocrx_word' id='word_1_338' title='bbox 2880 1973 3001 2027; x_wconf 66' lang='lat' dir='ltr'><strong>quae</strong></span> <span class='ocrx_word' id='word_1_339' title='bbox 3043 1961 3252 2015; x_wconf 89' lang='lat' dir='ltr'><strong>ratione</strong></span> <span class='ocrx_word' id='word_1_340' title='bbox 3281 1971 3487 2030; x_wconf 83' lang='lat' dir='ltr'><strong>carent,</strong></span> 
     </span>
    </p>
   </div>
   <div class='ocr_carea' id='block_1_48' title="bbox 1918 2037 3490 2120">
    <p class='ocr_par' dir='ltr' id='par_1_48' title="bbox 1918 2037 3490 2120">
     <span class='ocr_line' id='line_1_48' title="bbox 1918 2037 3490 2120; baseline 0.011 -29"><span class='ocrx_word' id='word_1_341' title='bbox 1918 2037 2100 2092; x_wconf 89' lang='lat' dir='ltr'><strong>omnia</strong></span> <span class='ocrx_word' id='word_1_342' title='bbox 2136 2055 2253 2107; x_wconf 76' lang='lat' dir='ltr'><strong>qua:</strong></span> <span class='ocrx_word' id='word_1_343' title='bbox 2289 2043 2397 2097; x_wconf 88' lang='lat' dir='ltr'><strong>Deo</strong></span> <span class='ocrx_word' id='word_1_344' title='bbox 2425 2045 2676 2098; x_wconf 90' lang='lat' dir='ltr'><strong>videnlur</strong></span> <span class='ocrx_word' id='word_1_345' title='bbox 2705 2046 2847 2101; x_wconf 86' lang='lat' dir='ltr'><strong>bona</strong></span> <span class='ocrx_word' id='word_1_346' title='bbox 2898 2050 3070 2118; x_wconf 77' lang='lat' dir='ltr'><strong>gratis</strong></span> <span class='ocrx_word' id='word_1_347' title='bbox 3102 2052 3390 2120; x_wconf 85' lang='lat' dir='ltr'><strong>impertiri,</strong></span> <span class='ocrx_word' id='word_1_348' title='bbox 3425 2045 3490 2108; x_wconf 77' lang='lat' dir='ltr'><strong>ac</strong></span> 
     </span>
    </p>
   </div>
   <div class='ocr_carea' id='block_1_49' title="bbox 1917 2138 3488 2210">
    <p class='ocr_par' dir='ltr' id='par_1_49' title="bbox 1917 2138 3488 2210">
     <span class='ocr_line' id='line_1_49' title="bbox 1917 2138 3488 2210; baseline 0.011 -28"><span class='ocrx_word' id='word_1_349' title='bbox 1917 2138 2206 2200; x_wconf 85' lang='lat' dir='ltr'><strong>pr0pterea</strong></span> <span class='ocrx_word' id='word_1_350' title='bbox 2268 2149 2445 2204; x_wconf 88' lang='lat' dir='ltr'><strong>neque</strong></span> <span class='ocrx_word' id='word_1_351' title='bbox 2501 2139 2823 2194; x_wconf 89' lang='lat' dir='ltr'><strong>seminando</strong></span> <span class='ocrx_word' id='word_1_352' title='bbox 2877 2155 3056 2210; x_wconf 90' lang='lat' dir='ltr'><strong>neque</strong></span> <span class='ocrx_word' id='word_1_353' title='bbox 3109 2145 3338 2210; x_wconf 87' lang='lat' dir='ltr'><strong>arando,</strong></span> <span class='ocrx_word' id='word_1_354' title='bbox 3392 2146 3488 2200; x_wconf 89' lang='lat' dir='ltr'><strong>sed</strong></span> 
     </span>
    </p>
   </div>
   <div class='ocr_carea' id='block_1_50' title="bbox 1920 2223 3492 2302">
    <p class='ocr_par' dir='ltr' id='par_1_50' title="bbox 1920 2223 3492 2302">
     <span class='ocr_line' id='line_1_50' title="bbox 1920 2223 3492 2302; baseline 0.011 -27"><span class='ocrx_word' id='word_1_355' title='bbox 1920 2223 2064 2276; x_wconf 92' lang='lat' dir='ltr'><strong>ultro</strong></span> <span class='ocrx_word' id='word_1_356' title='bbox 2095 2225 2355 2281; x_wconf 87' lang='lat' dir='ltr'><strong>alimenta</strong></span> <span class='ocrx_word' id='word_1_357' title='bbox 2391 2228 2589 2296; x_wconf 82' lang='lat' dir='ltr'><strong>quibus</strong></span> <span class='ocrx_word' id='word_1_358' title='bbox 2637 2245 2774 2302; x_wconf 88' lang='lat' dir='ltr'><strong>Oplls</strong></span> <span class='ocrx_word' id='word_1_359' title='bbox 2817 2232 3042 2298; x_wconf 87' lang='lat' dir='ltr'><strong>habent,</strong></span> <span class='ocrx_word' id='word_1_360' title='bbox 3076 2236 3335 2292; x_wconf 85' lang='lat' dir='ltr'><strong>divinitus</strong></span> <span class='ocrx_word' id='word_1_361' title='bbox 3364 2253 3492 2292; x_wconf 83' lang='lat' dir='ltr'><strong>con-</strong></span> 
     </span>
    </p>
   </div>
   <div class='ocr_carea' id='block_1_51' title="bbox 1917 2316 3491 2390">
    <p class='ocr_par' dir='ltr' id='par_1_51' title="bbox 1917 2316 3491 2390">
     <span class='ocr_line' id='line_1_51' title="bbox 1917 2316 3491 2390; baseline 0.008 -21"><span class='ocrx_word' id='word_1_362' title='bbox 1917 2317 2058 2370; x_wconf 86' lang='lat' dir='ltr'><strong>cedi.</strong></span> <span class='ocrx_word' id='word_1_363' title='bbox 2112 2316 2396 2373; x_wconf 83' lang='lat' dir='ltr'><strong>Hominem</strong></span> <span class='ocrx_word' id='word_1_364' title='bbox 2453 2337 2581 2377; x_wconf 91' lang='lat' dir='ltr'><strong>vero</strong></span> <span class='ocrx_word' id='word_1_365' title='bbox 2635 2323 2776 2378; x_wconf 89' lang='lat' dir='ltr'><strong>haud</strong></span> <span class='ocrx_word' id='word_1_366' title='bbox 2826 2325 3023 2390; x_wconf 89' lang='lat' dir='ltr'><strong>decet,</strong></span> <span class='ocrx_word' id='word_1_367' title='bbox 3081 2328 3269 2382; x_wconf 89' lang='lat' dir='ltr'><strong>eodem</strong></span> <span class='ocrx_word' id='word_1_368' title='bbox 3327 2328 3491 2382; x_wconf 90' lang='lat' dir='ltr'><strong>modo</strong></span> 
     </span>
    </p>
   </div>
   <div class='ocr_carea' id='block_1_52' title="bbox 1917 2409 3492 2486">
    <p class='ocr_par' dir='ltr' id='par_1_52' title="bbox 1917 2409 3492 2486">
     <span class='ocr_line' id='line_1_52' title="bbox 1917 2409 3492 2486; baseline 0.008 -26"><span class='ocrx_word' id='word_1_369' title='bbox 1917 2409 2186 2476; x_wconf 81' lang='lat' dir='ltr'><strong>accipere,</strong></span> <span class='ocrx_word' id='word_1_370' title='bbox 2219 2409 2312 2464; x_wconf 89' lang='lat' dir='ltr'><strong>sed</strong></span> <span class='ocrx_word' id='word_1_371' title='bbox 2344 2425 2408 2465; x_wconf 82' lang='lat' dir='ltr'><strong>ex</strong></span> <span class='ocrx_word' id='word_1_372' title='bbox 2441 2419 2601 2482; x_wconf 90' lang='lat' dir='ltr'><strong>pacto</strong></span> <span class='ocrx_word' id='word_1_373' title='bbox 2651 2415 2915 2482; x_wconf 83' lang='lat' dir='ltr'><strong>quodam.</strong></span> <span class='ocrx_word' id='word_1_374' title='bbox 2952 2432 3064 2470; x_wconf 90' lang='lat' dir='ltr'><strong>non</strong></span> <span class='ocrx_word' id='word_1_375' title='bbox 3116 2426 3296 2472; x_wconf 84' lang='lat' dir='ltr'><strong>tamen</strong></span> <span class='ocrx_word' id='word_1_376' title='bbox 3343 2419 3492 2486; x_wconf 85' lang='lat' dir='ltr'><strong>ejus-</strong></span> 
     </span>
    </p>
   </div>
   <div class='ocr_carea' id='block_1_53' title="bbox 1921 2501 3490 2575">
    <p class='ocr_par' dir='ltr' id='par_1_53' title="bbox 1921 2501 3490 2575">
     <span class='ocr_line' id='line_1_53' title="bbox 1921 2501 3490 2575; baseline 0.007 -21"><span class='ocrx_word' id='word_1_377' title='bbox 1921 2501 2066 2554; x_wconf 91' lang='lat' dir='ltr'><strong>modi</strong></span> <span class='ocrx_word' id='word_1_378' title='bbox 2096 2501 2260 2572; x_wconf 90' lang='lat' dir='ltr'><strong>quale</strong></span> <span class='ocrx_word' id='word_1_379' title='bbox 2293 2502 2438 2558; x_wconf 91' lang='lat' dir='ltr'><strong>intcr</strong></span> <span class='ocrx_word' id='word_1_380' title='bbox 2469 2515 2804 2562; x_wconf 80' lang='lat' dir='ltr'><strong>mercatores</strong></span> <span class='ocrx_word' id='word_1_381' title='bbox 2843 2508 3180 2564; x_wconf 89' lang='lat' dir='ltr'><strong>intercedere</strong></span> <span class='ocrx_word' id='word_1_382' title='bbox 3207 2509 3362 2575; x_wconf 84' lang='lat' dir='ltr'><strong>solet,</strong></span> <span class='ocrx_word' id='word_1_383' title='bbox 3396 2511 3490 2565; x_wconf 91' lang='lat' dir='ltr'><strong>sed</strong></span> 
     </span>
    </p>
   </div>
   <div class='ocr_carea' id='block_1_54' title="bbox 1920 2595 3486 2666">
    <p class='ocr_par' dir='ltr' id='par_1_54' title="bbox 1920 2595 3486 2666">
     <span class='ocr_line' id='line_1_54' title="bbox 1920 2595 3486 2666; baseline 0.004 -19"><span class='ocrx_word' id='word_1_384' title='bbox 1920 2608 2021 2663; x_wconf 88' lang='lat' dir='ltr'><strong>pro</strong></span> <span class='ocrx_word' id='word_1_385' title='bbox 2053 2595 2264 2652; x_wconf 83' lang='lat' dir='ltr'><strong>ratione</strong></span> <span class='ocrx_word' id='word_1_386' title='bbox 2295 2611 2403 2665; x_wconf 88' lang='lat' dir='ltr'><strong>qua</strong></span> <span class='ocrx_word' id='word_1_387' title='bbox 2436 2596 2600 2651; x_wconf 90' lang='lat' dir='ltr'><strong>homo</strong></span> <span class='ocrx_word' id='word_1_388' title='bbox 2640 2599 2707 2654; x_wconf 89' lang='lat' dir='ltr'><strong>ad</strong></span> <span class='ocrx_word' id='word_1_389' title='bbox 2735 2599 2898 2655; x_wconf 89' lang='lat' dir='ltr'><strong>Deum</strong></span> <span class='ocrx_word' id='word_1_390' title='bbox 2935 2601 3275 2658; x_wconf 89' lang='lat' dir='ltr'><strong>considerari</strong></span> <span class='ocrx_word' id='word_1_391' title='bbox 3304 2603 3486 2666; x_wconf 84' lang='lat' dir='ltr'><strong>debet,</strong></span> 
     </span>
    </p>
   </div>
   <div class='ocr_carea' id='block_1_55' title="bbox 1915 2686 3488 2761">
    <p class='ocr_par' dir='ltr' id='par_1_55' title="bbox 1915 2686 3488 2761">
     <span class='ocr_line' id='line_1_55' title="bbox 1915 2686 3488 2761; baseline 0.006 -21"><span class='ocrx_word' id='word_1_392' title='bbox 1915 2686 1970 2740; x_wconf 93' lang='lat' dir='ltr'><strong>id</strong></span> <span class='ocrx_word' id='word_1_393' title='bbox 2022 2694 2128 2752; x_wconf 85' lang='lat' dir='ltr'><strong>est,</strong></span> <span class='ocrx_word' id='word_1_394' title='bbox 2177 2703 2284 2756; x_wconf 89' lang='lat' dir='ltr'><strong>qua</strong></span> <span class='ocrx_word' id='word_1_395' title='bbox 2321 2687 2486 2744; x_wconf 86' lang='lat' dir='ltr'><strong>homo</strong></span> <span class='ocrx_word' id='word_1_396' title='bbox 2532 2691 2915 2761; x_wconf 81' lang='lat' dir='ltr'><strong>pauperrimus</strong></span> <span class='ocrx_word' id='word_1_397' title='bbox 2964 2701 3070 2748; x_wconf 90' lang='lat' dir='ltr'><strong>est.</strong></span> <span class='ocrx_word' id='word_1_398' title='bbox 3102 2693 3243 2748; x_wconf 89' lang='lat' dir='ltr'><strong>Deus</strong></span> <span class='ocrx_word' id='word_1_399' title='bbox 3307 2701 3488 2749; x_wconf 87' lang='lat' dir='ltr'><strong>autem</strong></span> 
     </span>
    </p>
   </div>
   <div class='ocr_carea' id='block_1_56' title="bbox 1918 2778 2250 2836">
    <p class='ocr_par' dir='ltr' id='par_1_56' title="bbox 1918 2778 2250 2836">
     <span class='ocr_line' id='line_1_56' title="bbox 1918 2778 2250 2836; baseline 0.006 -2"><span class='ocrx_word' id='word_1_400' title='bbox 1918 2778 2250 2836; x_wconf 86' lang='lat' dir='ltr'><strong>ditissimus.</strong></span> 
     </span>
    </p>
   </div>
   <div class='ocr_carea' id='block_1_57' title="bbox 1989 2893 3493 2970">
    <p class='ocr_par' dir='ltr' id='par_1_57' title="bbox 1989 2893 3493 2970">
     <span class='ocr_line' id='line_1_57' title="bbox 1989 2893 3493 2970; baseline 0.005 -22"><span class='ocrx_word' id='word_1_401' title='bbox 1989 2894 2045 2953; x_wconf 73' lang='grc'><strong>4.</strong></span> <span class='ocrx_word' id='word_1_402' title='bbox 2077 2893 2219 2962; x_wconf 88' lang='lat' dir='ltr'><strong>Quid</strong></span> <span class='ocrx_word' id='word_1_403' title='bbox 2255 2895 2402 2950; x_wconf 90' lang='lat' dir='ltr'><strong>enim</strong></span> <span class='ocrx_word' id='word_1_404' title='bbox 2454 2897 2562 2953; x_wconf 87' lang='lat' dir='ltr'><strong>Deo</strong></span> <span class='ocrx_word' id='word_1_405' title='bbox 2593 2897 2922 2970; x_wconf 80' lang='lat' dir='ltr'><strong>condignum</strong></span> <span class='ocrx_word' id='word_1_406' title='bbox 2975 2900 3126 2956; x_wconf 88' lang='lat' dir='ltr'><strong>dabit</strong></span> <span class='ocrx_word' id='word_1_407' title='bbox 3171 2901 3377 2957; x_wconf 76' lang='lat' dir='ltr'><strong>homo?</strong></span> <span class='ocrx_word' id='word_1_408' title='bbox 3407 2901 3493 2958; x_wconf 90' lang='lat' dir='ltr'><strong>vel</strong></span> 
     </span>
    </p>
   </div>
   <div class='ocr_carea' id='block_1_58' title="bbox 1918 2993 3499 3067">
    <p class='ocr_par' dir='ltr' id='par_1_58' title="bbox 1918 2993 3499 3067">
     <span class='ocr_line' id='line_1_58' title="bbox 1918 2993 3499 3067; baseline 0.008 -24"><span class='ocrx_word' id='word_1_409' title='bbox 1918 2993 2196 3062; x_wconf 90' lang='lat' dir='ltr'><strong>quomodo</strong></span> <span class='ocrx_word' id='word_1_410' title='bbox 2225 2993 2340 3062; x_wconf 90' lang='lat' dir='ltr'><strong>pari</strong></span> <span class='ocrx_word' id='word_1_411' title='bbox 2379 2994 2534 3051; x_wconf 85' lang='lat' dir='ltr'><strong>lance</strong></span> <span class='ocrx_word' id='word_1_412' title='bbox 2556 3011 2680 3051; x_wconf 90' lang='lat' dir='ltr'><strong>cum</strong></span> <span class='ocrx_word' id='word_1_413' title='bbox 2712 3013 2780 3052; x_wconf 92' lang='lat' dir='ltr'><strong>eo</strong></span> <span class='ocrx_word' id='word_1_414' title='bbox 2810 2998 3122 3067; x_wconf 88' lang='lat' dir='ltr'><strong>paciscetur</strong></span> <span class='ocrx_word' id='word_1_415' title='bbox 3147 2999 3168 3053; x_wconf 76' lang='grc' dir='ltr'>τ</span> <span class='ocrx_word' id='word_1_416' title='bbox 3196 2998 3394 3054; x_wconf 88' lang='lat' dir='ltr'><strong>Omnia</strong></span> <span class='ocrx_word' id='word_1_417' title='bbox 3423 3014 3499 3057; x_wconf 70' lang='grc' dir='ltr'><strong>ο.)</strong></span> 
     </span>
    </p>
   </div>
   <div class='ocr_carea' id='block_1_59' title="bbox 1922 3082 3493 3158">
    <p class='ocr_par' dir='ltr' id='par_1_59' title="bbox 1922 3082 3493 3158">
     <span class='ocr_line' id='line_1_59' title="bbox 1922 3082 3493 3158; baseline 0.005 -22"><span class='ocrx_word' id='word_1_418' title='bbox 1922 3082 2018 3136; x_wconf 91' lang='lat' dir='ltr'><strong>illo</strong></span> <span class='ocrx_word' id='word_1_419' title='bbox 2043 3085 2214 3153; x_wconf 70' lang='lat' dir='ltr'><strong>gratis</strong></span> <span class='ocrx_word' id='word_1_420' title='bbox 2261 3085 2419 3140; x_wconf 89' lang='lat' dir='ltr'><strong>nobis</strong></span> <span class='ocrx_word' id='word_1_421' title='bbox 2450 3086 2746 3153; x_wconf 87' lang='lat' dir='ltr'><strong>donantur,</strong></span> <span class='ocrx_word' id='word_1_422' title='bbox 2779 3089 2995 3144; x_wconf 87' lang='lat' dir='ltr'><strong>etiamsi</strong></span> <span class='ocrx_word' id='word_1_423' title='bbox 3027 3091 3112 3144; x_wconf 87' lang='lat' dir='ltr'><strong>vel</strong></span> <span class='ocrx_word' id='word_1_424' title='bbox 3145 3105 3311 3158; x_wconf 82' lang='lat' dir='ltr'><strong>supra</strong></span> <span class='ocrx_word' id='word_1_425' title='bbox 3344 3091 3493 3144; x_wconf 82' lang='lat' dir='ltr'><strong>vires</strong></span> 
     </span>
    </p>
   </div>
   <div class='ocr_carea' id='block_1_60' title="bbox 243 3169 1819 3248">
    <p class='ocr_par' dir='ltr' id='par_1_60' title="bbox 243 3169 1815 3240">
     <span class='ocr_line' id='line_1_60' title="bbox 243 3169 1815 3240; baseline 0.002 -17"><span class='ocrx_word' id='word_1_426' title='bbox 243 3170 771 3238; x_wconf 80' lang='grc' dir='ltr'>συνεισενέγκωμεν.</span> <span class='ocrx_word' id='word_1_427' title='bbox 824 3169 991 3223; x_wconf 82' lang='grc' dir='ltr'>Οὐδὲν</span> <span class='ocrx_word' id='word_1_428' title='bbox 1037 3170 1384 3240; x_wconf 84' lang='grc' dir='ltr'>ἀντισηκοῦν,</span> <span class='ocrx_word' id='word_1_429' title='bbox 1412 3171 1564 3224; x_wconf 72' lang='grc' dir='ltr'>οὐδὲν</span> <span class='ocrx_word' id='word_1_430' title='bbox 1598 3175 1815 3226; x_wconf 71' lang='grc' dir='ltr'>ἰσόστα-</span> 
     </span>
    </p>
   </div>
   <div class='ocr_carea' id='block_1_61' title="bbox 1927 3169 3491 3248">
    <p class='ocr_par' dir='ltr' id='par_1_61' title="bbox 1927 3175 3491 3248">
     <span class='ocr_line' id='line_1_61' title="bbox 1927 3175 3491 3248; baseline 0.003 -19"><span class='ocrx_word' id='word_1_431' title='bbox 1927 3175 2049 3230; x_wconf 82' lang='lat' dir='ltr'><strong>dare</strong></span> <span class='ocrx_word' id='word_1_432' title='bbox 2080 3191 2366 3231; x_wconf 86' lang='lat' dir='ltr'><strong>conemur.</strong></span> <span class='ocrx_word' id='word_1_433' title='bbox 2393 3176 2479 3231; x_wconf 76' lang='lat' dir='ltr'><strong>Nil</strong></span> <span class='ocrx_word' id='word_1_434' title='bbox 2502 3193 2619 3248; x_wconf 91' lang='lat' dir='ltr'><strong>par,</strong></span> <span class='ocrx_word' id='word_1_435' title='bbox 2652 3179 2726 3232; x_wconf 93' lang='lat' dir='ltr'><strong>nil</strong></span> <span class='ocrx_word' id='word_1_436' title='bbox 2754 3194 2992 3247; x_wconf 67' lang='lat' dir='ltr'><strong>arquum.</strong></span> <span class='ocrx_word' id='word_1_437' title='bbox 3015 3180 3491 3246; x_wconf 86' lang='lat' dir='ltr'><strong>Quemadmodum</strong></span> 
     </span>
    </p>
   </div>
   <div class='ocr_carea' id='block_1_62' title="bbox 239 3257 1816 3330">
    <p class='ocr_par' dir='ltr' id='par_1_62' title="bbox 239 3257 1816 3330">
     <span class='ocr_line' id='line_1_62' title="bbox 239 3257 1816 3330; baseline 0.002 -18"><span class='ocrx_word' id='word_1_438' title='bbox 239 3261 400 3329; x_wconf 81' lang='grc' dir='ltr'>θμον.</span> <span class='ocrx_word' id='word_1_439' title='bbox 437 3257 503 3311; x_wconf 88' lang='grc' dir='ltr'><strong>Τί</strong></span> <span class='ocrx_word' id='word_1_440' title='bbox 548 3259 781 3328; x_wconf 78' lang='grc' dir='ltr'>κέγχρος</span> <span class='ocrx_word' id='word_1_441' title='bbox 814 3261 950 3327; x_wconf 87' lang='grc' dir='ltr'>πρὸς</span> <span class='ocrx_word' id='word_1_442' title='bbox 984 3259 1248 3330; x_wconf 80' lang='grc' dir='ltr'>οὐρανόν;</span> <span class='ocrx_word' id='word_1_443' title='bbox 1295 3261 1632 3329; x_wconf 86' lang='grc' dir='ltr'>Τηλικοῦτον</span> <span class='ocrx_word' id='word_1_444' title='bbox 1661 3262 1727 3315; x_wconf 86' lang='grc' dir='ltr'>τὰ</span> <span class='ocrx_word' id='word_1_445' title='bbox 1757 3263 1816 3328; x_wconf 77' lang='grc' dir='ltr'>ἐξ</span> 
     </span>
    </p>
   </div>
   <div class='ocr_carea' id='block_1_63' title="bbox 239 3349 1813 3424">
    <p class='ocr_par' dir='ltr' id='par_1_63' title="bbox 239 3349 1813 3424">
     <span class='ocr_line' id='line_1_63' title="bbox 239 3349 1813 3424; baseline 0.001 -20"><span class='ocrx_word' id='word_1_446' title='bbox 239 3351 401 3421; x_wconf 81' lang='grc' dir='ltr'>ἡμῶν</span> <span class='ocrx_word' id='word_1_447' title='bbox 433 3350 572 3420; x_wconf 87' lang='grc' dir='ltr'>πρὸς</span> <span class='ocrx_word' id='word_1_448' title='bbox 606 3350 673 3402; x_wconf 75' lang='grc' dir='ltr'>τὰ</span> <span class='ocrx_word' id='word_1_449' title='bbox 706 3351 800 3403; x_wconf 89' lang='grc' dir='ltr'><strong>τοῦ</strong></span> <span class='ocrx_word' id='word_1_450' title='bbox 839 3349 999 3406; x_wconf 82' lang='grc' dir='ltr'>Θεοῦ.</span> <span class='ocrx_word' id='word_1_451' title='bbox 1029 3351 1098 3404; x_wconf 81' lang='grc' dir='ltr'>Τί</span> <span class='ocrx_word' id='word_1_452' title='bbox 1131 3351 1192 3404; x_wconf 86' lang='grc' dir='ltr'><strong>τὸ</strong></span> <span class='ocrx_word' id='word_1_453' title='bbox 1222 3352 1372 3405; x_wconf 74' lang='grc' dir='ltr'>οὐδὲν</span> <span class='ocrx_word' id='word_1_454' title='bbox 1412 3353 1550 3424; x_wconf 85' lang='grc' dir='ltr'>πρὸς</span> <span class='ocrx_word' id='word_1_455' title='bbox 1583 3353 1644 3406; x_wconf 82' lang='grc' dir='ltr'><strong>τὸ</strong></span> <span class='ocrx_word' id='word_1_456' title='bbox 1667 3357 1813 3420; x_wconf 60' lang='lat' dir='ltr'><strong>xiv;</strong></span> 
     </span>
    </p>
   </div>
   <div class='ocr_carea' id='block_1_64' title="bbox 239 3442 1814 3515">
    <p class='ocr_par' dir='ltr' id='par_1_64' title="bbox 239 3442 1814 3515">
     <span class='ocr_line' id='line_1_64' title="bbox 239 3442 1814 3515; baseline 0.002 -18"><span class='ocrx_word' id='word_1_457' title='bbox 239 3443 498 3497; x_wconf 86' lang='grc' dir='ltr'>Τοιοῦτον</span> <span class='ocrx_word' id='word_1_458' title='bbox 529 3442 588 3495; x_wconf 92' lang='grc' dir='ltr'><strong>τὸ</strong></span> <span class='ocrx_word' id='word_1_459' title='bbox 625 3442 889 3512; x_wconf 81' lang='grc' dir='ltr'>ἡμέτερον</span> <span class='ocrx_word' id='word_1_460' title='bbox 921 3443 1059 3512; x_wconf 87' lang='grc' dir='ltr'>πρὸς</span> <span class='ocrx_word' id='word_1_461' title='bbox 1107 3444 1174 3498; x_wconf 79' lang='grc' dir='ltr'><strong>τὰ</strong></span> <span class='ocrx_word' id='word_1_462' title='bbox 1200 3444 1349 3498; x_wconf 86' lang='grc' dir='ltr'>θεῖα.</span> <span class='ocrx_word' id='word_1_463' title='bbox 1409 3447 1518 3499; x_wconf 74' lang='grc' dir='ltr'><strong>Καὶ</strong></span> <span class='ocrx_word' id='word_1_464' title='bbox 1567 3448 1714 3515; x_wconf 80' lang='grc' dir='ltr'>ὅμως</span> <span class='ocrx_word' id='word_1_465' title='bbox 1753 3447 1814 3500; x_wconf 81' lang='grc' dir='ltr'>οὐ</span> 
     </span>
    </p>
   </div>
   <div class='ocr_carea' id='block_1_65' title="bbox 236 3531 1814 3602">
    <p class='ocr_par' dir='ltr' id='par_1_65' title="bbox 236 3531 1814 3602">
     <span class='ocr_line' id='line_1_65' title="bbox 236 3531 1814 3602; baseline -0.001 -16"><span class='ocrx_word' id='word_1_466' title='bbox 236 3533 388 3601; x_wconf 85' lang='grc' dir='ltr'>λέγω</span> <span class='ocrx_word' id='word_1_467' title='bbox 432 3531 492 3584; x_wconf 92' lang='grc' dir='ltr'><strong>τὸ</strong></span> <span class='ocrx_word' id='word_1_468' title='bbox 526 3531 898 3602; x_wconf 73' lang='grc' dir='ltr'>παροιμιῶδες</span> <span class='ocrx_word' id='word_1_469' title='bbox 928 3533 1105 3584; x_wconf 78' lang='grc' dir='ltr'>ἐκεῖνο</span> <span class='ocrx_word' id='word_1_470' title='bbox 1147 3532 1207 3584; x_wconf 88' lang='grc' dir='ltr'><strong>τὸ</strong></span> <span class='ocrx_word' id='word_1_471' title='bbox 1237 3550 1257 3582; x_wconf 85' lang='grc'><em>‹</em></span> <span class='ocrx_word' id='word_1_472' title='bbox 1294 3533 1394 3596; x_wconf 74' lang='grc' dir='ltr'>Δός</span> <span class='ocrx_word' id='word_1_473' title='bbox 1422 3550 1497 3597; x_wconf 88' lang='grc' dir='ltr'><strong>τι,</strong></span> <span class='ocrx_word' id='word_1_474' title='bbox 1541 3535 1637 3586; x_wconf 77' lang='grc' dir='ltr'>καὶ</span> <span class='ocrx_word' id='word_1_475' title='bbox 1683 3533 1814 3587; x_wconf 84' lang='grc' dir='ltr'>λάϐε</span> 
     </span>
    </p>
   </div>
   <div class='ocr_carea' id='block_1_66' title="bbox 236 3620 1817 3693">
    <p class='ocr_par' dir='ltr' id='par_1_66' title="bbox 236 3620 1817 3693">
     <span class='ocr_line' id='line_1_66' title="bbox 236 3620 1817 3693; baseline 0 -17"><span class='ocrx_word' id='word_1_476' title='bbox 236 3639 316 3676; x_wconf 89' lang='grc' dir='ltr'>τι·</span> <span class='ocrx_word' id='word_1_477' title='bbox 356 3641 373 3673; x_wconf 73' lang='grc' dir='ltr'><strong>ι</strong></span> <span class='ocrx_word' id='word_1_478' title='bbox 406 3620 560 3683; x_wconf 85' lang='grc' dir='ltr'>ἀλλὰ,</span> <span class='ocrx_word' id='word_1_479' title='bbox 595 3643 612 3674; x_wconf 83' lang='grc' dir='ltr'><strong>ι</strong></span> <span class='ocrx_word' id='word_1_480' title='bbox 644 3623 742 3686; x_wconf 80' lang='grc' dir='ltr'>Δός</span> <span class='ocrx_word' id='word_1_481' title='bbox 765 3641 816 3676; x_wconf 89' lang='grc' dir='ltr'><strong>τι</strong></span> <span class='ocrx_word' id='word_1_482' title='bbox 854 3623 1144 3693; x_wconf 84' lang='grc' dir='ltr'>μετρητὸν.</span> <span class='ocrx_word' id='word_1_483' title='bbox 1183 3624 1278 3676; x_wconf 81' lang='grc' dir='ltr'>καὶ</span> <span class='ocrx_word' id='word_1_484' title='bbox 1312 3622 1564 3676; x_wconf 81' lang='grc' dir='ltr'>ἅντίλαϐε</span> <span class='ocrx_word' id='word_1_485' title='bbox 1588 3624 1649 3678; x_wconf 86' lang='grc' dir='ltr'><strong>τὸ</strong></span> <span class='ocrx_word' id='word_1_486' title='bbox 1679 3621 1817 3692; x_wconf 77' lang='grc' dir='ltr'>ἁμέ·</span> 
     </span>
    </p>
   </div>
   <div class='ocr_carea' id='block_1_67' title="bbox 237 3711 1818 3785">
    <p class='ocr_par' dir='ltr' id='par_1_67' title="bbox 237 3711 1818 3785">
     <span class='ocr_line' id='line_1_67' title="bbox 237 3711 1818 3785; baseline -0.001 -19"><span class='ocrx_word' id='word_1_487' title='bbox 237 3730 463 3785; x_wconf 74' lang='grc' dir='ltr'>τρητονσ</span> <span class='ocrx_word' id='word_1_488' title='bbox 500 3732 520 3766; x_wconf 73' lang='grc' dir='ltr'><strong>ι</strong></span> <span class='ocrx_word' id='word_1_489' title='bbox 563 3713 765 3782; x_wconf 82' lang='grc' dir='ltr'>μᾶλλον</span> <span class='ocrx_word' id='word_1_490' title='bbox 805 3712 886 3779; x_wconf 77' lang='grc' dir='ltr'>δὲ,</span> <span class='ocrx_word' id='word_1_491' title='bbox 939 3731 958 3758; x_wconf 77' lang='grc' dir='ltr'><strong>ι</strong></span> <span class='ocrx_word' id='word_1_492' title='bbox 994 3712 1021 3765; x_wconf 90' lang='grc' dir='ltr'><strong>δ</strong></span> <span class='ocrx_word' id='word_1_493' title='bbox 1049 3711 1210 3785; x_wconf 80' lang='grc' dir='ltr'>Ῐίδου]</span> <span class='ocrx_word' id='word_1_494' title='bbox 1267 3714 1482 3783; x_wconf 88' lang='grc' dir='ltr'>μικρὸν,</span> <span class='ocrx_word' id='word_1_495' title='bbox 1525 3713 1620 3767; x_wconf 74' lang='grc' dir='ltr'>καὶ</span> <span class='ocrx_word' id='word_1_496' title='bbox 1669 3717 1818 3766; x_wconf 83' lang='grc' dir='ltr'>ἀντι-</span> 
     </span>
    </p>
   </div>
   <div class='ocr_carea' id='block_1_68' title="bbox 240 3805 1814 3876">
    <p class='ocr_par' dir='ltr' id='par_1_68' title="bbox 240 3805 1814 3876">
     <span class='ocr_line' id='line_1_68' title="bbox 240 3805 1814 3876; baseline -0.001 -16"><span class='ocrx_word' id='word_1_497' title='bbox 240 3805 488 3875; x_wconf 80' lang='grc' dir='ltr'>λάμϐανε</span> <span class='ocrx_word' id='word_1_498' title='bbox 552 3806 879 3875; x_wconf 74' lang='grc' dir='ltr'>μέγιστον.)</span> <span class='ocrx_word' id='word_1_499' title='bbox 940 3807 1099 3858; x_wconf 83' lang='grc' dir='ltr'>Ποῖον</span> <span class='ocrx_word' id='word_1_500' title='bbox 1152 3805 1384 3875; x_wconf 80' lang='grc' dir='ltr'>μικρόν;</span> <span class='ocrx_word' id='word_1_501' title='bbox 1438 3807 1578 3859; x_wconf 88' lang='grc' dir='ltr'>Νοῦν</span> <span class='ocrx_word' id='word_1_502' title='bbox 1617 3805 1814 3876; x_wconf 85' lang='grc' dir='ltr'>ὀρθόν·</span> 
     </span>
    </p>
   </div>
   <div class='ocr_carea' id='block_1_69' title="bbox 242 3894 1812 3967">
    <p class='ocr_par' dir='ltr' id='par_1_69' title="bbox 242 3894 1812 3967">
     <span class='ocr_line' id='line_1_69' title="bbox 242 3894 1812 3967; baseline -0.002 -16"><span class='ocrx_word' id='word_1_503' title='bbox 242 3896 540 3964; x_wconf 76' lang='grc' dir='ltr'>ἑξάγγελον</span> <span class='ocrx_word' id='word_1_504' title='bbox 569 3894 725 3961; x_wconf 88' lang='grc' dir='ltr'>λόγον</span> <span class='ocrx_word' id='word_1_505' title='bbox 755 3894 952 3962; x_wconf 74' lang='grc' dir='ltr'>ἀληθῆο</span> <span class='ocrx_word' id='word_1_506' title='bbox 984 3894 1237 3961; x_wconf 85' lang='grc' dir='ltr'>γλῶσσαν</span> <span class='ocrx_word' id='word_1_507' title='bbox 1273 3894 1612 3967; x_wconf 77' lang='grc' dir='ltr'>ἀρρῦπαρον·</span> <span class='ocrx_word' id='word_1_508' title='bbox 1646 3897 1708 3949; x_wconf 90' lang='grc' dir='ltr'><strong>τὸ</strong></span> <span class='ocrx_word' id='word_1_509' title='bbox 1738 3895 1812 3966; x_wconf 78' lang='grc' dir='ltr'>μὴ</span> 
     </span>
    </p>
   </div>
   <div class='ocr_carea' id='block_1_70' title="bbox 239 3987 1818 4059">
    <p class='ocr_par' dir='ltr' id='par_1_70' title="bbox 239 3987 1818 4059">
     <span class='ocr_line' id='line_1_70' title="bbox 239 3987 1818 4059; baseline -0.001 -17"><span class='ocrx_word' id='word_1_510' title='bbox 239 3989 454 4059; x_wconf 74' lang='grc' dir='ltr'>τρίζειν</span> <span class='ocrx_word' id='word_1_511' title='bbox 481 3988 697 4050; x_wconf 82' lang='grc' dir='ltr'>ὀδόντας</span> <span class='ocrx_word' id='word_1_512' title='bbox 731 3987 824 4040; x_wconf 70' lang='grc' dir='ltr'><strong>ἐπὶ</strong></span> <span class='ocrx_word' id='word_1_513' title='bbox 847 3989 959 4050; x_wconf 88' lang='grc' dir='ltr'>τοῖς</span> <span class='ocrx_word' id='word_1_514' title='bbox 995 3987 1161 4057; x_wconf 81' lang='grc' dir='ltr'>μηδὲν</span> <span class='ocrx_word' id='word_1_515' title='bbox 1191 3988 1407 4048; x_wconf 79' lang='grc' dir='ltr'>αἰτίοις·</span> <span class='ocrx_word' id='word_1_516' title='bbox 1439 3991 1500 4039; x_wconf 78' lang='grc' dir='ltr'><strong>τὸ</strong></span> <span class='ocrx_word' id='word_1_517' title='bbox 1546 3989 1621 4056; x_wconf 84' lang='grc' dir='ltr'>μὴ</span> <span class='ocrx_word' id='word_1_518' title='bbox 1676 3989 1818 4041; x_wconf 85' lang='grc' dir='ltr'><strong>κατά</strong></span> 
     </span>
    </p>
   </div>
   <div class='ocr_carea' id='block_1_71' title="bbox 242 4077 1820 4150">
    <p class='ocr_par' dir='ltr' id='par_1_71' title="bbox 242 4077 1820 4150">
     <span class='ocr_line' id='line_1_71' title="bbox 242 4077 1820 4150; baseline -0.003 -16"><span class='ocrx_word' id='word_1_519' title='bbox 242 4080 342 4134; x_wconf 85' lang='grc' dir='ltr'><strong>τοῦ</strong></span> <span class='ocrx_word' id='word_1_520' title='bbox 401 4081 669 4150; x_wconf 79' lang='grc' dir='ltr'>στόματος</span> <span class='ocrx_word' id='word_1_521' title='bbox 721 4078 965 4148; x_wconf 84' lang='grc' dir='ltr'>ἀγείρειν</span> <span class='ocrx_word' id='word_1_522' title='bbox 1011 4079 1285 4148; x_wconf 76' lang='grc' dir='ltr'>μιασμοὺς</span> <span class='ocrx_word' id='word_1_523' title='bbox 1331 4077 1726 4148; x_wconf 82' lang='grc' dir='ltr'>βλασφημιῶν·</span> <span class='ocrx_word' id='word_1_524' title='bbox 1759 4077 1820 4130; x_wconf 89' lang='grc' dir='ltr'><strong>τὸ</strong></span> 
     </span>
    </p>
   </div>
   <div class='ocr_carea' id='block_1_72' title="bbox 244 4167 1819 4242">
    <p class='ocr_par' dir='ltr' id='par_1_72' title="bbox 244 4167 1819 4242">
     <span class='ocr_line' id='line_1_72' title="bbox 244 4167 1819 4242; baseline -0.001 -18"><span class='ocrx_word' id='word_1_525' title='bbox 244 4172 426 4242; x_wconf 79' lang='grc' dir='ltr'>φιλεῖν</span> <span class='ocrx_word' id='word_1_526' title='bbox 452 4169 792 4239; x_wconf 75' lang='grc' dir='ltr'><strong>ἀκραιφνῶς⁸</strong></span> <span class='ocrx_word' id='word_1_527' title='bbox 845 4169 907 4222; x_wconf 82' lang='grc' dir='ltr'><strong>τὸ</strong></span> <span class='ocrx_word' id='word_1_528' title='bbox 931 4171 1152 4240; x_wconf 86' lang='grc' dir='ltr'>ἀγαπᾷν</span> <span class='ocrx_word' id='word_1_529' title='bbox 1207 4169 1452 4242; x_wconf 81' lang='grc' dir='ltr'>ἀκριϐῶς</span> <span class='ocrx_word' id='word_1_530' title='bbox 1475 4183 1490 4199; x_wconf 86' lang='grc'><strong>·</strong></span> <span class='ocrx_word' id='word_1_531' title='bbox 1543 4167 1604 4221; x_wconf 93' lang='grc' dir='ltr'><strong>τὸ</strong></span> <span class='ocrx_word' id='word_1_532' title='bbox 1637 4169 1819 4236; x_wconf 81' lang='grc' dir='ltr'>μισεῖν</span> 
     </span>
    </p>
   </div>
   <div class='ocr_carea' id='block_1_73' title="bbox 243 4261 1818 4338">
    <p class='ocr_par' dir='ltr' id='par_1_73' title="bbox 243 4261 1818 4338">
     <span class='ocr_line' id='line_1_73' title="bbox 243 4261 1818 4338; baseline -0.005 -18"><span class='ocrx_word' id='word_1_533' title='bbox 243 4268 346 4338; x_wconf 73' lang='grc' dir='ltr'>τήν</span> <span class='ocrx_word' id='word_1_534' title='bbox 374 4281 434 4318; x_wconf 87' lang='grc' dir='ltr'><strong>τε</strong></span> <span class='ocrx_word' id='word_1_535' title='bbox 469 4264 777 4332; x_wconf 87' lang='grc' dir='ltr'>ὑπόκρισιν,</span> <span class='ocrx_word' id='word_1_536' title='bbox 816 4264 911 4315; x_wconf 76' lang='grc' dir='ltr'>καὶ</span> <span class='ocrx_word' id='word_1_537' title='bbox 935 4261 994 4324; x_wconf 79' lang='grc' dir='ltr'>ὃς</span> <span class='ocrx_word' id='word_1_538' title='bbox 1024 4261 1081 4314; x_wconf 80' lang='grc' dir='ltr'>δὲ</span> <span class='ocrx_word' id='word_1_539' title='bbox 1105 4261 1277 4330; x_wconf 80' lang='grc' dir='ltr'>αὐτὴν</span> <span class='ocrx_word' id='word_1_540' title='bbox 1309 4262 1613 4330; x_wconf 74' lang='grc' dir='ltr'>σωμασκεῖ·</span> <span class='ocrx_word' id='word_1_541' title='bbox 1645 4261 1706 4313; x_wconf 88' lang='grc' dir='ltr'><strong>τὸ</strong></span> <span class='ocrx_word' id='word_1_542' title='bbox 1742 4261 1818 4330; x_wconf 81' lang='grc' dir='ltr'>μὴ</span> 
     </span>
    </p>
   </div>
   <div class='ocr_carea' id='block_1_74' title="bbox 248 4351 1820 4427">
    <p class='ocr_par' dir='ltr' id='par_1_74' title="bbox 248 4351 1820 4427">
     <span class='ocr_line' id='line_1_74' title="bbox 248 4351 1820 4427; baseline -0.005 -15"><span class='ocrx_word' id='word_1_543' title='bbox 248 4353 799 4427; x_wconf 85' lang='grc' dir='ltr'>συναναχρώννυσθαι</span> <span class='ocrx_word' id='word_1_544' title='bbox 843 4357 1129 4424; x_wconf 84' lang='grc' dir='ltr'>μυσαροῖς,</span> <span class='ocrx_word' id='word_1_545' title='bbox 1181 4355 1295 4415; x_wconf 83' lang='grc' dir='ltr'>είτε</span> <span class='ocrx_word' id='word_1_546' title='bbox 1344 4352 1674 4422; x_wconf 85' lang='grc' dir='ltr'>ἀνθρώποις,</span> <span class='ocrx_word' id='word_1_547' title='bbox 1709 4351 1820 4404; x_wconf 79' lang='grc' dir='ltr'>εἴτε</span> 
     </span>
    </p>
   </div>
   <div class='ocr_carea' id='block_1_75' title="bbox 250 4443 1819 4520">
    <p class='ocr_par' dir='ltr' id='par_1_75' title="bbox 250 4443 1819 4520">
     <span class='ocr_line' id='line_1_75' title="bbox 250 4443 1819 4520; baseline -0.006 -16"><span class='ocrx_word' id='word_1_548' title='bbox 250 4451 567 4520; x_wconf 80' lang='grc' dir='ltr'>πράγμασι·</span> <span class='ocrx_word' id='word_1_549' title='bbox 609 4447 669 4500; x_wconf 91' lang='grc' dir='ltr'><strong>τὸ</strong></span> <span class='ocrx_word' id='word_1_550' title='bbox 719 4445 791 4517; x_wconf 81' lang='grc' dir='ltr'>μὴ</span> <span class='ocrx_word' id='word_1_551' title='bbox 827 4445 1156 4512; x_wconf 87' lang='grc' dir='ltr'>διττολογεῖν</span> <span class='ocrx_word' id='word_1_552' title='bbox 1208 4445 1301 4497; x_wconf 75' lang='grc' dir='ltr'><strong>ἐπὶ</strong></span> <span class='ocrx_word' id='word_1_553' title='bbox 1335 4443 1564 4514; x_wconf 80' lang='grc' dir='ltr'>ψεύδει·</span> <span class='ocrx_word' id='word_1_554' title='bbox 1621 4443 1684 4495; x_wconf 85' lang='grc' dir='ltr'><strong>τὸ</strong></span> <span class='ocrx_word' id='word_1_555' title='bbox 1743 4444 1819 4514; x_wconf 78' lang='grc' dir='ltr'>μὴ</span> 
     </span>
    </p>
   </div>
   <div class='ocr_carea' id='block_1_76' title="bbox 1918 3268 3496 3336">
    <p class='ocr_par' dir='ltr' id='par_1_76' title="bbox 1918 3268 3496 3336">
     <span class='ocr_line' id='line_1_76' title="bbox 1918 3268 3496 3336; baseline 0.005 -18"><span class='ocrx_word' id='word_1_556' title='bbox 1918 3283 2144 3336; x_wconf 81' lang='lat' dir='ltr'><strong>granum</strong></span> <span class='ocrx_word' id='word_1_557' title='bbox 2167 3268 2233 3322; x_wconf 90' lang='lat' dir='ltr'><strong>ad</strong></span> <span class='ocrx_word' id='word_1_558' title='bbox 2257 3270 2479 3336; x_wconf 78' lang='lat' dir='ltr'><strong>C(Blllm,</strong></span> <span class='ocrx_word' id='word_1_559' title='bbox 2506 3270 2578 3323; x_wconf 88' lang='lat' dir='ltr'><strong>ita</strong></span> <span class='ocrx_word' id='word_1_560' title='bbox 2603 3280 2790 3325; x_wconf 91' lang='lat' dir='ltr'><strong>nostra</strong></span> <span class='ocrx_word' id='word_1_561' title='bbox 2821 3287 2940 3326; x_wconf 86' lang='lat' dir='ltr'><strong>sese</strong></span> <span class='ocrx_word' id='word_1_562' title='bbox 2963 3271 3030 3326; x_wconf 89' lang='lat' dir='ltr'><strong>ad</strong></span> <span class='ocrx_word' id='word_1_563' title='bbox 3052 3271 3232 3326; x_wconf 81' lang='lat' dir='ltr'><strong>divina</strong></span> <span class='ocrx_word' id='word_1_564' title='bbox 3259 3271 3496 3336; x_wconf 89' lang='lat' dir='ltr'><strong>habent;</strong></span> 
     </span>
    </p>
   </div>
   <div class='ocr_carea' id='block_1_77' title="bbox 1917 3362 3494 3430">
    <p class='ocr_par' dir='ltr' id='par_1_77' title="bbox 1917 3362 3494 3430">
     <span class='ocr_line' id='line_1_77' title="bbox 1917 3362 3494 3430; baseline 0.003 -18"><span class='ocrx_word' id='word_1_565' title='bbox 1917 3367 1970 3413; x_wconf 91' lang='lat' dir='ltr'><strong>et</strong></span> <span class='ocrx_word' id='word_1_566' title='bbox 2001 3362 2460 3430; x_wconf 89' lang='lat' dir='ltr'><strong>quemadmodum</strong></span> <span class='ocrx_word' id='word_1_567' title='bbox 2495 3363 2634 3417; x_wconf 90' lang='lat' dir='ltr'><strong>nihil</strong></span> <span class='ocrx_word' id='word_1_568' title='bbox 2671 3363 2736 3417; x_wconf 86' lang='lat' dir='ltr'><strong>ad</strong></span> <span class='ocrx_word' id='word_1_569' title='bbox 2775 3362 3112 3427; x_wconf 87' lang='lat' dir='ltr'><strong>universum,</strong></span> <span class='ocrx_word' id='word_1_570' title='bbox 3148 3363 3219 3415; x_wconf 88' lang='lat' dir='ltr'><strong>ita</strong></span> <span class='ocrx_word' id='word_1_571' title='bbox 3263 3377 3350 3416; x_wconf 92' lang='lat' dir='ltr'><strong>res</strong></span> <span class='ocrx_word' id='word_1_572' title='bbox 3399 3377 3494 3416; x_wconf 51' lang='lat' dir='ltr'><strong>no.</strong></span> 
     </span>
    </p>
   </div>
   <div class='ocr_carea' id='block_1_78' title="bbox 1917 3450 3499 3522">
    <p class='ocr_par' dir='ltr' id='par_1_78' title="bbox 1917 3450 3499 3522">
     <span class='ocr_line' id='line_1_78' title="bbox 1917 3450 3499 3522; baseline 0.001 -18"><span class='ocrx_word' id='word_1_573' title='bbox 1917 3457 2046 3504; x_wconf 68' lang='lat' dir='ltr'><strong>strae</strong></span> <span class='ocrx_word' id='word_1_574' title='bbox 2077 3451 2143 3504; x_wconf 88' lang='lat' dir='ltr'><strong>ad</strong></span> <span class='ocrx_word' id='word_1_575' title='bbox 2177 3466 2402 3505; x_wconf 79' lang='lat' dir='ltr'><strong>numera</strong></span> <span class='ocrx_word' id='word_1_576' title='bbox 2451 3450 2719 3506; x_wconf 86' lang='lat' dir='ltr'><strong>coelestia.</strong></span> <span class='ocrx_word' id='word_1_577' title='bbox 2757 3451 2871 3506; x_wconf 87' lang='lat' dir='ltr'><strong>Nec</strong></span> <span class='ocrx_word' id='word_1_578' title='bbox 2901 3461 3078 3506; x_wconf 89' lang='lat' dir='ltr'><strong>tamen</strong></span> <span class='ocrx_word' id='word_1_579' title='bbox 3107 3452 3325 3521; x_wconf 77' lang='lat' dir='ltr'><strong>profero</strong></span> <span class='ocrx_word' id='word_1_580' title='bbox 3355 3466 3499 3522; x_wconf 90' lang='lat' dir='ltr'><strong>pro-</strong></span> 
     </span>
    </p>
   </div>
   <div class='ocr_carea' id='block_1_79' title="bbox 1916 3541 3490 3616">
    <p class='ocr_par' dir='ltr' id='par_1_79' title="bbox 1916 3541 3490 3616">
     <span class='ocr_line' id='line_1_79' title="bbox 1916 3541 3490 3616; baseline 0.002 -22"><span class='ocrx_word' id='word_1_581' title='bbox 1916 3541 2235 3595; x_wconf 82' lang='lat' dir='ltr'><strong>verbialiter</strong></span> <span class='ocrx_word' id='word_1_582' title='bbox 2267 3543 2471 3596; x_wconf 88' lang='lat' dir='ltr'><strong>dictum</strong></span> <span class='ocrx_word' id='word_1_583' title='bbox 2499 3541 2668 3597; x_wconf 92' lang='lat' dir='ltr'><strong>illud:</strong></span> <span class='ocrx_word' id='word_1_584' title='bbox 2694 3561 2712 3594; x_wconf 88' lang='grc'><strong><em>‹</em></strong></span> <span class='ocrx_word' id='word_1_585' title='bbox 2753 3543 2825 3595; x_wconf 92' lang='lat' dir='ltr'><strong>Da</strong></span> <span class='ocrx_word' id='word_1_586' title='bbox 2847 3545 2976 3613; x_wconf 86' lang='lat' dir='ltr'><strong>quid</strong></span> <span class='ocrx_word' id='word_1_587' title='bbox 2999 3555 3053 3616; x_wconf 85' lang='lat' dir='ltr'><strong>et</strong></span> <span class='ocrx_word' id='word_1_588' title='bbox 3069 3546 3252 3612; x_wconf 86' lang='lat' dir='ltr'><strong>recipe</strong></span> <span class='ocrx_word' id='word_1_589' title='bbox 3287 3543 3439 3612; x_wconf 90' lang='lat' dir='ltr'><strong>quid,</strong></span> <span class='ocrx_word' id='word_1_590' title='bbox 3471 3563 3490 3597; x_wconf 73' lang='grc' dir='ltr'><strong>ι</strong></span> 
     </span>
    </p>
   </div>
   <div class='ocr_carea' id='block_1_80' title="bbox 1918 3629 3496 3704">
    <p class='ocr_par' dir='ltr' id='par_1_80' title="bbox 1918 3629 3496 3704">
     <span class='ocr_line' id='line_1_80' title="bbox 1918 3629 3496 3704; baseline 0.003 -19"><span class='ocrx_word' id='word_1_591' title='bbox 1918 3629 2012 3685; x_wconf 88' lang='lat' dir='ltr'><strong>sed</strong></span> <span class='ocrx_word' id='word_1_592' title='bbox 2053 3648 2066 3684; x_wconf 92' lang='lat'>:</span> <span class='ocrx_word' id='word_1_593' title='bbox 2111 3648 2130 3682; x_wconf 85' lang='grc'><strong>‹</strong></span> <span class='ocrx_word' id='word_1_594' title='bbox 2159 3629 2228 3683; x_wconf 86' lang='lat' dir='ltr'><strong>Da</strong></span> <span class='ocrx_word' id='word_1_595' title='bbox 2268 3641 2772 3687; x_wconf 88' lang='lat' dir='ltr'><strong>commensuratum</strong></span> <span class='ocrx_word' id='word_1_596' title='bbox 2812 3633 2962 3702; x_wconf 89' lang='lat' dir='ltr'><strong>quid,</strong></span> <span class='ocrx_word' id='word_1_597' title='bbox 2998 3642 3051 3688; x_wconf 90' lang='lat' dir='ltr'><strong>et</strong></span> <span class='ocrx_word' id='word_1_598' title='bbox 3079 3634 3260 3704; x_wconf 86' lang='lat' dir='ltr'><strong>recipe</strong></span> <span class='ocrx_word' id='word_1_599' title='bbox 3286 3634 3496 3688; x_wconf 83' lang='lat' dir='ltr'><strong>incom-</strong></span> 
     </span>
    </p>
   </div>
   <div class='ocr_carea' id='block_1_81' title="bbox 1920 3722 3499 3796">
    <p class='ocr_par' dir='ltr' id='par_1_81' title="bbox 1920 3722 3499 3796">
     <span class='ocr_line' id='line_1_81' title="bbox 1920 3722 3499 3796; baseline 0.003 -20"><span class='ocrx_word' id='word_1_600' title='bbox 1920 3722 2317 3786; x_wconf 86' lang='lat' dir='ltr'><strong>mensurabile,</strong></span> <span class='ocrx_word' id='word_1_601' title='bbox 2345 3743 2363 3775; x_wconf 78' lang='grc' dir='ltr'><strong>ι</strong></span> <span class='ocrx_word' id='word_1_602' title='bbox 2406 3724 2489 3778; x_wconf 88' lang='lat' dir='ltr'><strong>vel</strong></span> <span class='ocrx_word' id='word_1_603' title='bbox 2524 3725 2740 3793; x_wconf 84' lang='lat' dir='ltr'><strong>potius:</strong></span> <span class='ocrx_word' id='word_1_604' title='bbox 2785 3744 2804 3777; x_wconf 73' lang='grc' dir='ltr'><strong>ι</strong></span> <span class='ocrx_word' id='word_1_605' title='bbox 2853 3724 2929 3778; x_wconf 92' lang='lat' dir='ltr'><strong>Da</strong></span> <span class='ocrx_word' id='word_1_606' title='bbox 2967 3740 3195 3793; x_wconf 88' lang='lat' dir='ltr'><strong>parvum</strong></span> <span class='ocrx_word' id='word_1_607' title='bbox 3230 3734 3285 3780; x_wconf 86' lang='lat' dir='ltr'><strong>et</strong></span> <span class='ocrx_word' id='word_1_608' title='bbox 3315 3727 3499 3796; x_wconf 81' lang='lat' dir='ltr'><strong>recipe</strong></span> 
     </span>
    </p>
   </div>
   <div class='ocr_carea' id='block_1_82' title="bbox 1919 3811 3499 3884">
    <p class='ocr_par' dir='ltr' id='par_1_82' title="bbox 1919 3811 3499 3884">
     <span class='ocr_line' id='line_1_82' title="bbox 1919 3811 3499 3884; baseline 0 -14"><span class='ocrx_word' id='word_1_609' title='bbox 1919 3830 2215 3870; x_wconf 88' lang='lat' dir='ltr'><strong>summum.</strong></span> <span class='ocrx_word' id='word_1_610' title='bbox 2239 3833 2257 3866; x_wconf 72' lang='grc' dir='ltr'><strong>ι</strong></span> <span class='ocrx_word' id='word_1_611' title='bbox 2280 3814 2451 3882; x_wconf 86' lang='lat' dir='ltr'><strong>Quale</strong></span> <span class='ocrx_word' id='word_1_612' title='bbox 2474 3811 2608 3870; x_wconf 91' lang='lat' dir='ltr'><strong>illud</strong></span> <span class='ocrx_word' id='word_1_613' title='bbox 2643 3817 2912 3884; x_wconf 80' lang='lat' dir='ltr'><strong>parvum?</strong></span> <span class='ocrx_word' id='word_1_614' title='bbox 2946 3816 3179 3872; x_wconf 82' lang='lat' dir='ltr'><strong>Mentem</strong></span> <span class='ocrx_word' id='word_1_615' title='bbox 3211 3829 3414 3872; x_wconf 75' lang='lat' dir='ltr'><strong>rectam</strong></span> <span class='ocrx_word' id='word_1_616' title='bbox 3436 3832 3499 3870; x_wconf 89' lang='lat' dir='ltr'><strong>ac</strong></span> 
     </span>
    </p>
   </div>
   <div class='ocr_carea' id='block_1_83' title="bbox 1917 3907 3503 3978">
    <p class='ocr_par' dir='ltr' id='par_1_83' title="bbox 1917 3907 3503 3978">
     <span class='ocr_line' id='line_1_83' title="bbox 1917 3907 3503 3978; baseline 0.002 -16"><span class='ocrx_word' id='word_1_617' title='bbox 1917 3907 2162 3962; x_wconf 82' lang='lat' dir='ltr'><strong>veritatis</strong></span> <span class='ocrx_word' id='word_1_618' title='bbox 2179 3907 2726 3978; x_wconf 77' lang='lat' dir='ltr'><strong>amantem;linguam</strong></span> <span class='ocrx_word' id='word_1_619' title='bbox 2744 3909 3104 3977; x_wconf 90' lang='lat' dir='ltr'><strong>impollutam;</strong></span> <span class='ocrx_word' id='word_1_620' title='bbox 3125 3925 3230 3962; x_wconf 89' lang='lat' dir='ltr'><strong>non</strong></span> <span class='ocrx_word' id='word_1_621' title='bbox 3249 3907 3503 3965; x_wconf 77' lang='lat' dir='ltr'><strong>frendere</strong></span> 
     </span>
    </p>
   </div>
   <div class='ocr_carea' id='block_1_84' title="bbox 1919 3998 3501 4068">
    <p class='ocr_par' dir='ltr' id='par_1_84' title="bbox 1919 3998 3501 4068">
     <span class='ocr_line' id='line_1_84' title="bbox 1919 3998 3501 4068; baseline -0.001 -14"><span class='ocrx_word' id='word_1_622' title='bbox 1919 3999 2170 4054; x_wconf 85' lang='lat' dir='ltr'><strong>dentibus</strong></span> <span class='ocrx_word' id='word_1_623' title='bbox 2193 4009 2386 4055; x_wconf 88' lang='lat' dir='ltr'><strong>contra</strong></span> <span class='ocrx_word' id='word_1_624' title='bbox 2420 3999 2700 4066; x_wconf 77' lang='lat' dir='ltr'><strong>insontes;</strong></span> <span class='ocrx_word' id='word_1_625' title='bbox 2739 4014 2845 4055; x_wconf 93' lang='lat' dir='ltr'><strong>non</strong></span> <span class='ocrx_word' id='word_1_626' title='bbox 2876 3999 3133 4068; x_wconf 78' lang='lat' dir='ltr'><strong>colligere</strong></span> <span class='ocrx_word' id='word_1_627' title='bbox 3165 3999 3220 4053; x_wconf 88' lang='lat' dir='ltr'><strong>in</strong></span> <span class='ocrx_word' id='word_1_628' title='bbox 3242 4014 3338 4054; x_wconf 90' lang='lat' dir='ltr'><strong>ore</strong></span> <span class='ocrx_word' id='word_1_629' title='bbox 3370 3998 3501 4054; x_wconf 89' lang='lat' dir='ltr'><strong>bla-</strong></span> 
     </span>
    </p>
   </div>
   <div class='ocr_carea' id='block_1_85' title="bbox 1919 4090 3500 4160">
    <p class='ocr_par' dir='ltr' id='par_1_85' title="bbox 1919 4090 3500 4160">
     <span class='ocr_line' id='line_1_85' title="bbox 1919 4090 3500 4160; baseline -0.001 -15"><span class='ocrx_word' id='word_1_630' title='bbox 1919 4091 2806 4160; x_wconf 60' lang='lat' dir='ltr'><strong>sphemiarumzcontaminationes</strong></span> <span class='ocrx_word' id='word_1_631' title='bbox 2825 4107 2838 4154; x_wconf 92' lang='lat'><strong>;</strong></span> <span class='ocrx_word' id='word_1_632' title='bbox 2859 4090 3075 4144; x_wconf 75' lang='lat' dir='ltr'><strong>sincere</strong></span> <span class='ocrx_word' id='word_1_633' title='bbox 3093 4090 3349 4159; x_wconf 82' lang='lat' dir='ltr'><strong>diligere;</strong></span> <span class='ocrx_word' id='word_1_634' title='bbox 3372 4104 3500 4144; x_wconf 86' lang='lat' dir='ltr'><strong>vere</strong></span> 
     </span>
    </p>
   </div>
   <div class='ocr_carea' id='block_1_86' title="bbox 1919 4180 3499 4248">
    <p class='ocr_par' dir='ltr' id='par_1_86' title="bbox 1919 4180 3499 4248">
     <span class='ocr_line' id='line_1_86' title="bbox 1919 4180 3499 4248; baseline -0.001 -11"><span class='ocrx_word' id='word_1_635' title='bbox 1919 4198 2135 4247; x_wconf 88' lang='lat' dir='ltr'><strong>amare;</strong></span> <span class='ocrx_word' id='word_1_636' title='bbox 2179 4181 2307 4236; x_wconf 72' lang='lat' dir='ltr'><strong>odio</strong></span> <span class='ocrx_word' id='word_1_637' title='bbox 2328 4183 2528 4236; x_wconf 90' lang='lat' dir='ltr'><strong>habere</strong></span> <span class='ocrx_word' id='word_1_638' title='bbox 2549 4182 3042 4238; x_wconf 76' lang='lat' dir='ltr'><strong>dissimulationem</strong></span> <span class='ocrx_word' id='word_1_639' title='bbox 3078 4189 3133 4234; x_wconf 90' lang='lat' dir='ltr'><strong>et</strong></span> <span class='ocrx_word' id='word_1_640' title='bbox 3165 4180 3499 4248; x_wconf 90' lang='lat' dir='ltr'><strong>eumquiilli</strong></span> 
     </span>
    </p>
   </div>
   <div class='ocr_carea' id='block_1_87' title="bbox 1922 4272 3501 4344">
    <p class='ocr_par' dir='ltr' id='par_1_87' title="bbox 1922 4272 3501 4344">
     <span class='ocr_line' id='line_1_87' title="bbox 1922 4272 3501 4344; baseline -0.001 -18"><span class='ocrx_word' id='word_1_641' title='bbox 1922 4273 2202 4344; x_wconf 80' lang='lat' dir='ltr'><strong>indulget;</strong></span> <span class='ocrx_word' id='word_1_642' title='bbox 2241 4289 2349 4329; x_wconf 90' lang='lat' dir='ltr'><strong>non</strong></span> <span class='ocrx_word' id='word_1_643' title='bbox 2370 4273 2732 4329; x_wconf 89' lang='lat' dir='ltr'><strong>contaminari</strong></span> <span class='ocrx_word' id='word_1_644' title='bbox 2765 4272 3175 4338; x_wconf 83' lang='lat' dir='ltr'><strong>abominandis,</strong></span> <span class='ocrx_word' id='word_1_645' title='bbox 3208 4289 3307 4327; x_wconf 90' lang='lat' dir='ltr'><strong>nec</strong></span> <span class='ocrx_word' id='word_1_646' title='bbox 3325 4273 3501 4327; x_wconf 89' lang='lat' dir='ltr'><strong>homi-</strong></span> 
     </span>
    </p>
   </div>
   <div class='ocr_carea' id='block_1_88' title="bbox 1921 4364 3506 4432">
    <p class='ocr_par' dir='ltr' id='par_1_88' title="bbox 1921 4364 3506 4432">
     <span class='ocr_line' id='line_1_88' title="bbox 1921 4364 3506 4432; baseline 0.001 -13"><span class='ocrx_word' id='word_1_647' title='bbox 1921 4367 2104 4431; x_wconf 90' lang='lat' dir='ltr'><strong>nibus,</strong></span> <span class='ocrx_word' id='word_1_648' title='bbox 2128 4381 2228 4419; x_wconf 79' lang='lat' dir='ltr'><strong>nec</strong></span> <span class='ocrx_word' id='word_1_649' title='bbox 2257 4365 2433 4432; x_wconf 90' lang='lat' dir='ltr'><strong>lactis;</strong></span> <span class='ocrx_word' id='word_1_650' title='bbox 2450 4381 2557 4419; x_wconf 88' lang='lat' dir='ltr'><strong>non</strong></span> <span class='ocrx_word' id='word_1_651' title='bbox 2585 4364 2870 4419; x_wconf 89' lang='lat' dir='ltr'><strong>mendacio</strong></span> <span class='ocrx_word' id='word_1_652' title='bbox 2893 4364 3120 4430; x_wconf 85' lang='lat' dir='ltr'><strong>servire;</strong></span> <span class='ocrx_word' id='word_1_653' title='bbox 3142 4379 3246 4418; x_wconf 89' lang='lat' dir='ltr'><strong>non</strong></span> <span class='ocrx_word' id='word_1_654' title='bbox 3267 4364 3406 4419; x_wconf 88' lang='lat' dir='ltr'><strong>male</strong></span> <span class='ocrx_word' id='word_1_655' title='bbox 3425 4364 3506 4420; x_wconf 91' lang='lat' dir='ltr'><strong>lo-</strong></span> 
     </span>
    </p>
   </div>
   <div class='ocr_carea' id='block_1_89' title="bbox 1927 4455 3501 4525">
    <p class='ocr_par' dir='ltr' id='par_1_89' title="bbox 1927 4455 3501 4525">
     <span class='ocr_line' id='line_1_89' title="bbox 1927 4455 3501 4525; baseline -0.001 -15"><span class='ocrx_word' id='word_1_656' title='bbox 1927 4457 2020 4525; x_wconf 89' lang='lat' dir='ltr'><strong>qui</strong></span> <span class='ocrx_word' id='word_1_657' title='bbox 2047 4457 2113 4512; x_wconf 83' lang='lat' dir='ltr'><strong>de</strong></span> <span class='ocrx_word' id='word_1_658' title='bbox 2145 4456 2496 4524; x_wconf 89' lang='lat' dir='ltr'><strong>insontibus;</strong></span> <span class='ocrx_word' id='word_1_659' title='bbox 2525 4471 2632 4510; x_wconf 90' lang='lat' dir='ltr'><strong>non</strong></span> <span class='ocrx_word' id='word_1_660' title='bbox 2659 4455 2889 4510; x_wconf 85' lang='lat' dir='ltr'><strong>subdole</strong></span> <span class='ocrx_word' id='word_1_661' title='bbox 2924 4471 3253 4524; x_wconf 88' lang='lat' dir='ltr'><strong>componere</strong></span> <span class='ocrx_word' id='word_1_662' title='bbox 3285 4462 3501 4509; x_wconf 80' lang='lat' dir='ltr'><strong>vultum</strong></span> 
     </span>
    </p>
   </div>
   <div class='ocr_carea' id='block_1_90' title="bbox 254 4525 1819 4618">
    <p class='ocr_par' dir='ltr' id='par_1_90' title="bbox 254 4535 1819 4612">
     <span class='ocr_line' id='line_1_90' title="bbox 254 4535 1819 4612; baseline -0.005 -14"><span class='ocrx_word' id='word_1_663' title='bbox 254 4543 602 4611; x_wconf 83' lang='grc' dir='ltr'>κακολογεῖν,</span> <span class='ocrx_word' id='word_1_664' title='bbox 637 4541 724 4608; x_wconf 62' lang='lat' dir='ltr'><strong>Ego’</strong></span> <span class='ocrx_word' id='word_1_665' title='bbox 752 4535 832 4604; x_wconf 78' lang='grc' dir='ltr'>οἷς</span> <span class='ocrx_word' id='word_1_666' title='bbox 858 4541 920 4593; x_wconf 79' lang='grc' dir='ltr'>οὐ</span> <span class='ocrx_word' id='word_1_667' title='bbox 959 4541 1086 4612; x_wconf 86' lang='grc' dir='ltr'><strong>χρή·</strong></span> <span class='ocrx_word' id='word_1_668' title='bbox 1127 4540 1189 4592; x_wconf 86' lang='grc' dir='ltr'><strong>τὸ</strong></span> <span class='ocrx_word' id='word_1_669' title='bbox 1227 4538 1301 4608; x_wconf 81' lang='grc' dir='ltr'>μὴ</span> <span class='ocrx_word' id='word_1_670' title='bbox 1345 4537 1735 4609; x_wconf 79' lang='grc' dir='ltr'>καλλ[ιεργ]εῖν</span> <span class='ocrx_word' id='word_1_671' title='bbox 1763 4539 1819 4590; x_wconf 84' lang='grc' dir='ltr'><strong>τὸ</strong></span> 
     </span>
    </p>
   </div>
   <div class='ocr_carea' id='block_1_91' title="bbox 1927 4525 3504 4618">
    <p class='ocr_par' dir='ltr' id='par_1_91' title="bbox 1929 4547 3504 4618">
     <span class='ocr_line' id='line_1_91' title="bbox 1929 4547 3504 4618; baseline -0.001 -14"><span class='ocrx_word' id='word_1_672' title='bbox 1929 4549 1998 4604; x_wconf 90' lang='lat' dir='ltr'><strong>ad</strong></span> <span class='ocrx_word' id='word_1_673' title='bbox 2012 4550 2307 4603; x_wconf 87' lang='lat' dir='ltr'><strong>amicitiam</strong></span> <span class='ocrx_word' id='word_1_674' title='bbox 2337 4547 2698 4604; x_wconf 84' lang='lat' dir='ltr'><strong>simulandam</strong></span> <span class='ocrx_word' id='word_1_675' title='bbox 2726 4564 2741 4614; x_wconf 92' lang='lat'><strong>;</strong></span> <span class='ocrx_word' id='word_1_676' title='bbox 2766 4547 2960 4618; x_wconf 90' lang='lat' dir='ltr'><strong>punire</strong></span> <span class='ocrx_word' id='word_1_677' title='bbox 2992 4563 3132 4617; x_wconf 88' lang='lat' dir='ltr'><strong>quos</strong></span> <span class='ocrx_word' id='word_1_678' title='bbox 3153 4547 3504 4617; x_wconf 80' lang='lat' dir='ltr'><strong>Deusjubet:</strong></span> 
     </span>
    </p>
   </div>
   <div class='ocr_carea' id='block_1_92' title="bbox 248 4629 1827 4705">
    <p class='ocr_par' dir='ltr' id='par_1_92' title="bbox 248 4629 1827 4705">
     <span class='ocr_line' id='line_1_92' title="bbox 248 4629 1827 4705; baseline -0.003 -17"><span class='ocrx_word' id='word_1_679' title='bbox 248 4637 548 4705; x_wconf 77' lang='grc' dir='ltr'>πρόσωπον</span> <span class='ocrx_word' id='word_1_680' title='bbox 595 4635 964 4700; x_wconf 71' lang='grc' dir='ltr'>ὑποκριτικῶς</span> <span class='ocrx_word' id='word_1_681' title='bbox 1017 4632 1110 4685; x_wconf 73' lang='grc' dir='ltr'><strong>ἐπὶ</strong></span> <span class='ocrx_word' id='word_1_682' title='bbox 1164 4632 1337 4702; x_wconf 81' lang='grc' dir='ltr'>φιλίᾳ·</span> <span class='ocrx_word' id='word_1_683' title='bbox 1363 4631 1423 4683; x_wconf 93' lang='grc' dir='ltr'><strong>τὸ</strong></span> <span class='ocrx_word' id='word_1_684' title='bbox 1453 4631 1711 4694; x_wconf 73' lang='grc' dir='ltr'>ἐκδικεῖν,</span> <span class='ocrx_word' id='word_1_685' title='bbox 1731 4629 1827 4692; x_wconf 81' lang='grc' dir='ltr'>οὓς</span> 
     </span>
    </p>
   </div>
   <div class='ocr_carea' id='block_1_93' title="bbox 253 4723 1828 4798">
    <p class='ocr_par' dir='ltr' id='par_1_93' title="bbox 253 4723 1828 4798">
     <span class='ocr_line' id='line_1_93' title="bbox 253 4723 1828 4798; baseline -0.004 -15"><span class='ocrx_word' id='word_1_686' title='bbox 253 4727 632 4796; x_wconf 82' lang='grc' dir='ltr'>παραγγέλλει</span> <span class='ocrx_word' id='word_1_687' title='bbox 661 4729 688 4780; x_wconf 88' lang='grc' dir='ltr'><strong>ὁ</strong></span> <span class='ocrx_word' id='word_1_688' title='bbox 712 4725 864 4789; x_wconf 79' lang='grc' dir='ltr'><strong>Θεός⁹</strong></span> <span class='ocrx_word' id='word_1_689' title='bbox 891 4723 952 4779; x_wconf 88' lang='grc' dir='ltr'><strong>τὸ</strong></span> <span class='ocrx_word' id='word_1_690' title='bbox 981 4723 1084 4798; x_wconf 64' lang='grc' dir='ltr'><strong>ἱμὴ</strong></span> <span class='ocrx_word' id='word_1_691' title='bbox 1112 4723 1342 4795; x_wconf 84' lang='grc' dir='ltr'>ἀδικεῖν]</span> <span class='ocrx_word' id='word_1_692' title='bbox 1392 4723 1712 4794; x_wconf 83' lang='grc' dir='ltr'>ἀφορῶντας</span> <span class='ocrx_word' id='word_1_693' title='bbox 1746 4724 1828 4787; x_wconf 83' lang='grc' dir='ltr'><strong>είς</strong></span> 
     </span>
    </p>
   </div>
   <div class='ocr_carea' id='block_1_94' title="bbox 252 4817 1830 4888">
    <p class='ocr_par' dir='ltr' id='par_1_94' title="bbox 252 4817 1830 4888">
     <span class='ocr_line' id='line_1_94' title="bbox 252 4817 1830 4888; baseline -0.004 -13"><span class='ocrx_word' id='word_1_694' title='bbox 252 4822 421 4875; x_wconf 79' lang='grc' dir='ltr'>αὐτὸν</span> <span class='ocrx_word' id='word_1_695' title='bbox 455 4820 610 4880; x_wconf 83' lang='grc' dir='ltr'>Θεὸν,</span> <span class='ocrx_word' id='word_1_696' title='bbox 638 4818 698 4880; x_wconf 77' lang='grc' dir='ltr'>ὃς</span> <span class='ocrx_word' id='word_1_697' title='bbox 725 4819 784 4871; x_wconf 82' lang='grc' dir='ltr'>οὗ</span> <span class='ocrx_word' id='word_1_698' title='bbox 811 4818 1077 4887; x_wconf 82' lang='grc' dir='ltr'>λαμϐάνει</span> <span class='ocrx_word' id='word_1_699' title='bbox 1116 4817 1410 4885; x_wconf 85' lang='grc' dir='ltr'>πρόσωπον</span> <span class='ocrx_word' id='word_1_700' title='bbox 1443 4818 1501 4869; x_wconf 86' lang='grc' dir='ltr'>ὲν</span> <span class='ocrx_word' id='word_1_701' title='bbox 1530 4817 1731 4888; x_wconf 75' lang='grc' dir='ltr'>κρίσειο</span> <span class='ocrx_word' id='word_1_702' title='bbox 1770 4817 1830 4869; x_wconf 88' lang='grc' dir='ltr'><strong>τὸ</strong></span> 
     </span>
    </p>
   </div>
   <div class='ocr_carea' id='block_1_95' title="bbox 254 4907 1832 4982">
    <p class='ocr_par' dir='ltr' id='par_1_95' title="bbox 254 4907 1832 4982">
     <span class='ocr_line' id='line_1_95' title="bbox 254 4907 1832 4982; baseline 0 -22"><span class='ocrx_word' id='word_1_703' title='bbox 254 4911 332 4982; x_wconf 79' lang='grc' dir='ltr'>μὴ</span> <span class='ocrx_word' id='word_1_704' title='bbox 367 4909 656 4980; x_wconf 73' lang='grc' dir='ltr'>προΐεσθαι</span> <span class='ocrx_word' id='word_1_705' title='bbox 696 4909 868 4980; x_wconf 83' lang='grc' dir='ltr'>δώρου</span> <span class='ocrx_word' id='word_1_706' title='bbox 915 4909 975 4962; x_wconf 84' lang='grc' dir='ltr'><strong>τὸ</strong></span> <span class='ocrx_word' id='word_1_707' title='bbox 1025 4909 1264 4962; x_wconf 83' lang='grc' dir='ltr'>δίκαιον·</span> <span class='ocrx_word' id='word_1_708' title='bbox 1297 4907 1358 4961; x_wconf 88' lang='grc' dir='ltr'><strong>τὸ</strong></span> <span class='ocrx_word' id='word_1_709' title='bbox 1409 4907 1484 4978; x_wconf 81' lang='grc' dir='ltr'>μὴ</span> <span class='ocrx_word' id='word_1_710' title='bbox 1510 4908 1832 4977; x_wconf 86' lang='grc' dir='ltr'>προσίεσθαι</span> 
     </span>
    </p>
   </div>
   <div class='ocr_carea' id='block_1_96' title="bbox 251 4999 1833 5072">
    <p class='ocr_par' dir='ltr' id='par_1_96' title="bbox 251 4999 1833 5072">
     <span class='ocr_line' id='line_1_96' title="bbox 251 4999 1833 5072; baseline -0.003 -16"><span class='ocrx_word' id='word_1_711' title='bbox 251 5005 382 5065; x_wconf 75' lang='grc' dir='ltr'>τοὺς</span> <span class='ocrx_word' id='word_1_712' title='bbox 417 5002 896 5072; x_wconf 81' lang='grc' dir='ltr'>προκαλουμένους</span> <span class='ocrx_word' id='word_1_713' title='bbox 948 5002 1026 5065; x_wconf 87' lang='grc' dir='ltr'><strong>είς</strong></span> <span class='ocrx_word' id='word_1_714' title='bbox 1085 5001 1290 5062; x_wconf 79' lang='grc' dir='ltr'>ἄδικον,</span> <span class='ocrx_word' id='word_1_715' title='bbox 1333 4999 1480 5053; x_wconf 86' lang='grc' dir='ltr'>ὀκνῶ</span> <span class='ocrx_word' id='word_1_716' title='bbox 1513 5003 1712 5065; x_wconf 76' lang='grc' dir='ltr'>εἰπεῖν,</span> <span class='ocrx_word' id='word_1_717' title='bbox 1751 4999 1833 5064; x_wconf 87' lang='grc' dir='ltr'><strong>είς</strong></span> 
     </span>
    </p>
   </div>
   <div class='ocr_carea' id='block_1_97' title="bbox 250 5086 1833 5164">
    <p class='ocr_par' dir='ltr' id='par_1_97' title="bbox 250 5086 1833 5164">
     <span class='ocr_line' id='line_1_97' title="bbox 250 5086 1833 5164; baseline -0.001 -18"><span class='ocrx_word' id='word_1_718' title='bbox 250 5095 313 5147; x_wconf 89' lang='grc' dir='ltr'><strong>τὸ</strong></span> <span class='ocrx_word' id='word_1_719' title='bbox 346 5094 423 5164; x_wconf 76' lang='grc' dir='ltr'>μὴ</span> <span class='ocrx_word' id='word_1_720' title='bbox 455 5093 595 5146; x_wconf 81' lang='grc' dir='ltr'><strong>κατά</strong></span> <span class='ocrx_word' id='word_1_721' title='bbox 627 5093 727 5161; x_wconf 81' lang='grc' dir='ltr'>τῆς</span> <span class='ocrx_word' id='word_1_722' title='bbox 769 5093 1097 5162; x_wconf 83' lang='grc' dir='ltr'>Ἐκκλησίας</span> <span class='ocrx_word' id='word_1_723' title='bbox 1121 5086 1284 5157; x_wconf 86' lang='grc' dir='ltr'>εἶναι,</span> <span class='ocrx_word' id='word_1_724' title='bbox 1319 5094 1412 5146; x_wconf 74' lang='grc' dir='ltr'>καὶ</span> <span class='ocrx_word' id='word_1_725' title='bbox 1447 5092 1684 5162; x_wconf 87' lang='grc' dir='ltr'>μάλιστα</span> <span class='ocrx_word' id='word_1_726' title='bbox 1708 5093 1833 5153; x_wconf 78' lang='grc' dir='ltr'>τοὺς</span> 
     </span>
    </p>
   </div>
   <div class='ocr_carea' id='block_1_98' title="bbox 251 5179 1831 5253">
    <p class='ocr_par' dir='ltr' id='par_1_98' title="bbox 251 5179 1831 5253">
     <span class='ocr_line' id='line_1_98' title="bbox 251 5179 1831 5253; baseline -0.003 -16"><span class='ocrx_word' id='word_1_727' title='bbox 251 5183 773 5252; x_wconf 75' lang='grc' dir='ltr'>ἐκκλησιαστικοὺς,</span> <span class='ocrx_word' id='word_1_728' title='bbox 811 5182 839 5236; x_wconf 85' lang='grc' dir='ltr'><strong>ὅ</strong></span> <span class='ocrx_word' id='word_1_729' title='bbox 877 5181 972 5236; x_wconf 87' lang='grc' dir='ltr'><strong>τοῦ</strong></span> <span class='ocrx_word' id='word_1_730' title='bbox 1009 5181 1105 5235; x_wconf 88' lang='grc' dir='ltr'><strong>νῦν</strong></span> <span class='ocrx_word' id='word_1_731' title='bbox 1143 5181 1339 5253; x_wconf 85' lang='grc' dir='ltr'>καιροῦ</span> <span class='ocrx_word' id='word_1_732' title='bbox 1377 5181 1531 5252; x_wconf 80' lang='grc' dir='ltr'>φύμα</span> <span class='ocrx_word' id='word_1_733' title='bbox 1559 5179 1831 5250; x_wconf 82' lang='grc' dir='ltr'>θεομισές.</span> 
     </span>
    </p>
   </div>
   <div class='ocr_carea' id='block_1_99' title="bbox 325 5316 1836 5389">
    <p class='ocr_par' dir='ltr' id='par_1_99' title="bbox 325 5316 1836 5389">
     <span class='ocr_line' id='line_1_99' title="bbox 325 5316 1836 5389; baseline -0.003 -16"><span class='ocrx_word' id='word_1_734' title='bbox 325 5327 392 5373; x_wconf 88' lang='grc' dir='ltr'><strong>ε’.</strong></span> <span class='ocrx_word' id='word_1_735' title='bbox 427 5318 615 5373; x_wconf 87' lang='grc' dir='ltr'>Εἰπὼν</span> <span class='ocrx_word' id='word_1_736' title='bbox 643 5319 751 5389; x_wconf 84' lang='grc' dir='ltr'><strong>γάρ</strong></span> <span class='ocrx_word' id='word_1_737' title='bbox 785 5317 918 5372; x_wconf 82' lang='grc' dir='ltr'>αὐτὸ</span> <span class='ocrx_word' id='word_1_738' title='bbox 961 5318 1250 5372; x_wconf 84' lang='grc' dir='ltr'>ὑποϐάλλω</span> <span class='ocrx_word' id='word_1_739' title='bbox 1298 5318 1411 5380; x_wconf 87' lang='grc' dir='ltr'>τοῖς</span> <span class='ocrx_word' id='word_1_740' title='bbox 1459 5316 1836 5386; x_wconf 83' lang='grc' dir='ltr'>ἀκροωμένοις</span> 
     </span>
    </p>
   </div>
   <div class='ocr_carea' id='block_1_100' title="bbox 252 5400 1834 5484">
    <p class='ocr_par' dir='ltr' id='par_1_100' title="bbox 252 5400 1834 5484">
     <span class='ocr_line' id='line_1_100' title="bbox 252 5400 1834 5484; baseline -0.004 -18"><span class='ocrx_word' id='word_1_741' title='bbox 252 5414 426 5476; x_wconf 79' lang='grc' dir='ltr'>νοεῖν,</span> <span class='ocrx_word' id='word_1_742' title='bbox 470 5413 552 5465; x_wconf 79' lang='grc' dir='ltr'>ὅτι</span> <span class='ocrx_word' id='word_1_743' title='bbox 603 5413 877 5484; x_wconf 76' lang='grc' dir='ltr'>ἀρρωστεί</span> <span class='ocrx_word' id='word_1_744' title='bbox 906 5411 1003 5464; x_wconf 74' lang='grc' dir='ltr'>καὶ</span> <span class='ocrx_word' id='word_1_745' title='bbox 1047 5411 1079 5481; x_wconf 81' lang='grc' dir='ltr'><strong>ἡ</strong></span> <span class='ocrx_word' id='word_1_746' title='bbox 1124 5409 1442 5477; x_wconf 82' lang='grc' dir='ltr'>Ἐκκλησία.</span> <span class='ocrx_word' id='word_1_747' title='bbox 1493 5408 1603 5460; x_wconf 85' lang='grc' dir='ltr'>Καί</span> <span class='ocrx_word' id='word_1_748' title='bbox 1651 5420 1740 5470; x_wconf 84' lang='grc' dir='ltr'><strong>γε,</strong></span> <span class='ocrx_word' id='word_1_749' title='bbox 1789 5400 1834 5460; x_wconf 80' lang='grc' dir='ltr'><strong>ὦ</strong></span> 
     </span>
    </p>
   </div>
   <div class='ocr_carea' id='block_1_101' title="bbox 252 5499 1836 5575">
    <p class='ocr_par' dir='ltr' id='par_1_101' title="bbox 252 5499 1836 5575">
     <span class='ocr_line' id='line_1_101' title="bbox 252 5499 1836 5575; baseline -0.006 -16"><span class='ocrx_word' id='word_1_750' title='bbox 252 5499 428 5566; x_wconf 67' lang='grc' dir='ltr'>οὗτοι,</span> <span class='ocrx_word' id='word_1_751' title='bbox 456 5503 675 5571; x_wconf 81' lang='grc' dir='ltr'>ἀληθῶς</span> <span class='ocrx_word' id='word_1_752' title='bbox 702 5504 977 5575; x_wconf 75' lang='grc' dir='ltr'>ἀῤῥωστεῖ</span> <span class='ocrx_word' id='word_1_753' title='bbox 998 5505 1092 5555; x_wconf 75' lang='grc' dir='ltr'>καὶ</span> <span class='ocrx_word' id='word_1_754' title='bbox 1116 5501 1174 5554; x_wconf 85' lang='grc' dir='ltr'><strong>τὸ</strong></span> <span class='ocrx_word' id='word_1_755' title='bbox 1193 5499 1433 5553; x_wconf 84' lang='grc' dir='ltr'>τοιοῦτον</span> <span class='ocrx_word' id='word_1_756' title='bbox 1462 5499 1620 5566; x_wconf 71' lang='grc' dir='ltr'>ἅγιον</span> <span class='ocrx_word' id='word_1_757' title='bbox 1651 5499 1836 5567; x_wconf 84' lang='grc' dir='ltr'>σῶμα,</span> 
     </span>
    </p>
   </div>
   <div class='ocr_carea' id='block_1_102' title="bbox 251 5588 1836 5664">
    <p class='ocr_par' dir='ltr' id='par_1_102' title="bbox 251 5588 1836 5664">
     <span class='ocr_line' id='line_1_102' title="bbox 251 5588 1836 5664; baseline -0.005 -15"><span class='ocrx_word' id='word_1_758' title='bbox 251 5598 350 5649; x_wconf 76' lang='grc' dir='ltr'>καὶ</span> <span class='ocrx_word' id='word_1_759' title='bbox 396 5596 633 5664; x_wconf 81' lang='grc' dir='ltr'>μάλιστα</span> <span class='ocrx_word' id='word_1_760' title='bbox 678 5595 821 5648; x_wconf 82' lang='grc' dir='ltr'><strong>κατά</strong></span> <span class='ocrx_word' id='word_1_761' title='bbox 865 5594 974 5646; x_wconf 84' lang='grc' dir='ltr'><strong>τῶν</strong></span> <span class='ocrx_word' id='word_1_762' title='bbox 1025 5609 1180 5656; x_wconf 86' lang='grc' dir='ltr'>τινας</span> <span class='ocrx_word' id='word_1_763' title='bbox 1224 5591 1502 5645; x_wconf 78' lang='grc' dir='ltr'>δακτύλων</span> <span class='ocrx_word' id='word_1_764' title='bbox 1534 5588 1720 5644; x_wconf 80' lang='grc' dir='ltr'>αὐτοῦ.</span> <span class='ocrx_word' id='word_1_765' title='bbox 1755 5591 1836 5642; x_wconf 76' lang='grc' dir='ltr'><strong>Τὰ</strong></span> 
     </span>
    </p>
   </div>
   <div class='ocr_carea' id='block_1_103' title="bbox 247 5679 1832 5756">
    <p class='ocr_par' dir='ltr' id='par_1_103' title="bbox 247 5679 1832 5756">
     <span class='ocr_line' id='line_1_103' title="bbox 247 5679 1832 5756; baseline -0.003 -18"><span class='ocrx_word' id='word_1_766' title='bbox 247 5688 364 5756; x_wconf 64' lang='grc' dir='ltr'><strong>γάρ</strong></span> <span class='ocrx_word' id='word_1_767' title='bbox 409 5687 547 5740; x_wconf 79' lang='grc' dir='ltr'>ἄλλα</span> <span class='ocrx_word' id='word_1_768' title='bbox 590 5686 746 5756; x_wconf 82' lang='grc' dir='ltr'>τίμια</span> <span class='ocrx_word' id='word_1_769' title='bbox 796 5684 932 5756; x_wconf 83' lang='grc' dir='ltr'>μέλη</span> <span class='ocrx_word' id='word_1_770' title='bbox 968 5683 1157 5737; x_wconf 76' lang='grc' dir='ltr'>τούτου</span> <span class='ocrx_word' id='word_1_771' title='bbox 1204 5683 1305 5735; x_wconf 80' lang='grc' dir='ltr'>οὐκ</span> <span class='ocrx_word' id='word_1_772' title='bbox 1351 5681 1458 5751; x_wconf 82' lang='grc' dir='ltr'><strong>ἔχω</strong></span> <span class='ocrx_word' id='word_1_773' title='bbox 1492 5679 1832 5750; x_wconf 75' lang='grc' dir='ltr'>μέμφεσθαι.</span> 
     </span>
    </p>
   </div>
   <div class='ocr_carea' id='block_1_104' title="bbox 250 5772 1834 5843">
    <p class='ocr_par' dir='ltr' id='par_1_104' title="bbox 250 5772 1834 5843">
     <span class='ocr_line' id='line_1_104' title="bbox 250 5772 1834 5843; baseline -0.004 -8"><span class='ocrx_word' id='word_1_774' title='bbox 250 5780 574 5843; x_wconf 79' lang='grc' dir='ltr'>Δακτύλους</span> <span class='ocrx_word' id='word_1_775' title='bbox 606 5781 662 5835; x_wconf 84' lang='grc' dir='ltr'>δὲ</span> <span class='ocrx_word' id='word_1_776' title='bbox 691 5780 914 5842; x_wconf 79' lang='grc' dir='ltr'>τούτους</span> <span class='ocrx_word' id='word_1_777' title='bbox 936 5772 1112 5838; x_wconf 83' lang='grc' dir='ltr'>εἷπον,</span> <span class='ocrx_word' id='word_1_778' title='bbox 1146 5776 1248 5832; x_wconf 80' lang='grc' dir='ltr'>οὐκ</span> <span class='ocrx_word' id='word_1_779' title='bbox 1273 5775 1630 5838; x_wconf 75' lang='grc' dir='ltr'>ἐκϐάλλοντας</span> <span class='ocrx_word' id='word_1_780' title='bbox 1651 5775 1834 5829; x_wconf 68' lang='grc' dir='ltr'>θεομι-</span> 
     </span>
    </p>
   </div>
   <div class='ocr_carea' id='block_1_105' title="bbox 1932 4639 3504 4710">
    <p class='ocr_par' dir='ltr' id='par_1_105' title="bbox 1932 4639 3504 4710">
     <span class='ocr_line' id='line_1_105' title="bbox 1932 4639 3504 4710; baseline -0.003 -13"><span class='ocrx_word' id='word_1_781' title='bbox 1932 4658 2042 4698; x_wconf 82' lang='grc' dir='ltr'><strong>ηοη</strong></span> <span class='ocrx_word' id='word_1_782' title='bbox 2110 4642 2314 4710; x_wconf 87' lang='lat' dir='ltr'><strong>injuria</strong></span> <span class='ocrx_word' id='word_1_783' title='bbox 2380 4641 2601 4696; x_wconf 82' lang='lat' dir='ltr'><strong>aflicere</strong></span> <span class='ocrx_word' id='word_1_784' title='bbox 2655 4639 2992 4696; x_wconf 81' lang='lat' dir='ltr'><strong>conﬁdentes</strong></span> <span class='ocrx_word' id='word_1_785' title='bbox 3051 4639 3107 4694; x_wconf 87' lang='lat' dir='ltr'><strong>in</strong></span> <span class='ocrx_word' id='word_1_786' title='bbox 3165 4639 3277 4694; x_wconf 87' lang='lat' dir='ltr'><strong>Deo</strong></span> <span class='ocrx_word' id='word_1_787' title='bbox 3309 4640 3399 4708; x_wconf 88' lang='lat' dir='ltr'><strong>qui</strong></span> <span class='ocrx_word' id='word_1_788' title='bbox 3449 4640 3504 4693; x_wconf 86' lang='lat' dir='ltr'><strong>in</strong></span> 
     </span>
    </p>
   </div>
   <div class='ocr_carea' id='block_1_106' title="bbox 1927 4731 3507 4805">
    <p class='ocr_par' dir='ltr' id='par_1_106' title="bbox 1927 4731 3507 4805">
     <span class='ocr_line' id='line_1_106' title="bbox 1927 4731 3507 4805; baseline -0.004 -16"><span class='ocrx_word' id='word_1_789' title='bbox 1927 4735 2135 4804; x_wconf 87' lang='lat' dir='ltr'><strong>judicio</strong></span> <span class='ocrx_word' id='word_1_790' title='bbox 2163 4750 2454 4805; x_wconf 83' lang='lat' dir='ltr'><strong>personam</strong></span> <span class='ocrx_word' id='word_1_791' title='bbox 2488 4733 2634 4787; x_wconf 90' lang='lat' dir='ltr'><strong>haud</strong></span> <span class='ocrx_word' id='word_1_792' title='bbox 2667 4731 2906 4801; x_wconf 84' lang='lat' dir='ltr'><strong>accipit;</strong></span> <span class='ocrx_word' id='word_1_793' title='bbox 2939 4747 3047 4786; x_wconf 91' lang='lat' dir='ltr'><strong>non</strong></span> <span class='ocrx_word' id='word_1_794' title='bbox 3080 4731 3314 4787; x_wconf 83' lang='lat' dir='ltr'><strong>vendere</strong></span> <span class='ocrx_word' id='word_1_795' title='bbox 3340 4731 3507 4798; x_wconf 81' lang='lat' dir='ltr'><strong>justi-</strong></span> 
     </span>
    </p>
   </div>
   <div class='ocr_carea' id='block_1_107' title="bbox 1936 4821 3512 4895">
    <p class='ocr_par' dir='ltr' id='par_1_107' title="bbox 1936 4821 3512 4895">
     <span class='ocr_line' id='line_1_107' title="bbox 1936 4821 3512 4895; baseline -0.004 -14"><span class='ocrx_word' id='word_1_796' title='bbox 1936 4827 2068 4882; x_wconf 91' lang='lat' dir='ltr'><strong>tiam</strong></span> <span class='ocrx_word' id='word_1_797' title='bbox 2108 4827 2345 4895; x_wconf 87' lang='lat' dir='ltr'><strong>acceptis</strong></span> <span class='ocrx_word' id='word_1_798' title='bbox 2378 4825 2744 4889; x_wconf 90' lang='lat' dir='ltr'><strong>muneribus;</strong></span> <span class='ocrx_word' id='word_1_799' title='bbox 2797 4838 2902 4878; x_wconf 89' lang='lat' dir='ltr'><strong>non</strong></span> <span class='ocrx_word' id='word_1_800' title='bbox 2938 4823 3226 4878; x_wconf 89' lang='lat' dir='ltr'><strong>admittere</strong></span> <span class='ocrx_word' id='word_1_801' title='bbox 3269 4838 3364 4878; x_wconf 90' lang='lat' dir='ltr'><strong>eos</strong></span> <span class='ocrx_word' id='word_1_802' title='bbox 3409 4821 3512 4892; x_wconf 78' lang='lat' dir='ltr'><strong>qui</strong></span> 
     </span>
    </p>
   </div>
   <div class='ocr_carea' id='block_1_108' title="bbox 1935 4909 3507 4985">
    <p class='ocr_par' dir='ltr' id='par_1_108' title="bbox 1935 4909 3507 4985">
     <span class='ocr_line' id='line_1_108' title="bbox 1935 4909 3507 4985; baseline -0.006 -15"><span class='ocrx_word' id='word_1_803' title='bbox 1935 4918 2002 4971; x_wconf 91' lang='lat' dir='ltr'><strong>ad</strong></span> <span class='ocrx_word' id='word_1_804' title='bbox 2034 4915 2358 4985; x_wconf 72' lang='lat' dir='ltr'><strong>iniustitiam</strong></span> <span class='ocrx_word' id='word_1_805' title='bbox 2410 4923 2733 4985; x_wconf 87' lang='lat' dir='ltr'><strong>provocant,</strong></span> <span class='ocrx_word' id='word_1_806' title='bbox 2780 4920 2836 4965; x_wconf 91' lang='lat' dir='ltr'><strong>ut</strong></span> <span class='ocrx_word' id='word_1_807' title='bbox 2887 4926 2955 4966; x_wconf 91' lang='lat' dir='ltr'><strong>ne</strong></span> <span class='ocrx_word' id='word_1_808' title='bbox 2984 4911 3186 4975; x_wconf 89' lang='lat' dir='ltr'><strong>dicam,</strong></span> <span class='ocrx_word' id='word_1_809' title='bbox 3223 4909 3293 4964; x_wconf 91' lang='lat' dir='ltr'><strong>ad</strong></span> <span class='ocrx_word' id='word_1_810' title='bbox 3345 4923 3507 4979; x_wconf 83' lang='lat' dir='ltr'><strong>sepa-</strong></span> 
     </span>
    </p>
   </div>
   <div class='ocr_carea' id='block_1_109' title="bbox 1935 4997 3512 5070">
    <p class='ocr_par' dir='ltr' id='par_1_109' title="bbox 1935 4997 3512 5070">
     <span class='ocr_line' id='line_1_109' title="bbox 1935 4997 3512 5070; baseline -0.007 -9"><span class='ocrx_word' id='word_1_811' title='bbox 1935 5009 2201 5062; x_wconf 85' lang='lat' dir='ltr'><strong>ratiouem</strong></span> <span class='ocrx_word' id='word_1_812' title='bbox 2239 5008 2305 5060; x_wconf 90' lang='lat' dir='ltr'><strong>ab</strong></span> <span class='ocrx_word' id='word_1_813' title='bbox 2345 5005 2588 5060; x_wconf 85' lang='lat' dir='ltr'><strong>Ecclesia</strong></span> <span class='ocrx_word' id='word_1_814' title='bbox 2635 5012 2688 5057; x_wconf 87' lang='lat' dir='ltr'><strong>et</strong></span> <span class='ocrx_word' id='word_1_815' title='bbox 2715 5001 3053 5070; x_wconf 91' lang='lat' dir='ltr'><strong>potissimum</strong></span> <span class='ocrx_word' id='word_1_816' title='bbox 3081 4997 3512 5062; x_wconf 69' lang='lat' dir='ltr'><strong>ecclesiasticos,</strong></span> 
     </span>
    </p>
   </div>
   <div class='ocr_carea' id='block_1_110' title="bbox 1935 5091 3516 5170">
    <p class='ocr_par' dir='ltr' id='par_1_110' title="bbox 1935 5091 3516 5170">
     <span class='ocr_line' id='line_1_110' title="bbox 1935 5091 3516 5170; baseline -0.007 -17"><span class='ocrx_word' id='word_1_817' title='bbox 1935 5101 2081 5170; x_wconf 90' lang='lat' dir='ltr'><strong>quod</strong></span> <span class='ocrx_word' id='word_1_818' title='bbox 2120 5099 2370 5170; x_wconf 88' lang='lat' dir='ltr'><strong>quamvis</strong></span> <span class='ocrx_word' id='word_1_819' title='bbox 2409 5095 2815 5155; x_wconf 79' lang='lat' dir='ltr'><strong>exsecrandum</strong></span> <span class='ocrx_word' id='word_1_820' title='bbox 2849 5093 2954 5148; x_wconf 91' lang='lat' dir='ltr'><strong>hoc</strong></span> <span class='ocrx_word' id='word_1_821' title='bbox 2986 5104 3228 5164; x_wconf 85' lang='lat' dir='ltr'><strong>tempore</strong></span> <span class='ocrx_word' id='word_1_822' title='bbox 3257 5091 3516 5146; x_wconf 77' lang='lat' dir='ltr'><strong>accidere-</strong></span> 
     </span>
    </p>
   </div>
   <div class='ocr_carea' id='block_1_111' title="bbox 1935 5195 2095 5250">
    <p class='ocr_par' dir='ltr' id='par_1_111' title="bbox 1935 5195 2095 5250">
     <span class='ocr_line' id='line_1_111' title="bbox 1935 5195 2095 5250; baseline -0.006 0"><span class='ocrx_word' id='word_1_823' title='bbox 1935 5195 2095 5250; x_wconf 81' lang='lat' dir='ltr'><strong>solet.</strong></span> 
     </span>
    </p>
   </div>
   <div class='ocr_carea' id='block_1_112' title="bbox 2003 5299 3511 5364">
    <p class='ocr_par' dir='ltr' id='par_1_112' title="bbox 2003 5299 3511 5364">
     <span class='ocr_line' id='line_1_112' title="bbox 2003 5299 3511 5364; baseline -0.007 0"><span class='ocrx_word' id='word_1_824' title='bbox 2003 5310 2058 5364; x_wconf 84' lang='lat'><strong>5.</strong></span> <span class='ocrx_word' id='word_1_825' title='bbox 2105 5307 2228 5364; x_wconf 69' lang='lat' dir='ltr'><strong>llaec</strong></span> <span class='ocrx_word' id='word_1_826' title='bbox 2275 5309 2420 5363; x_wconf 90' lang='lat' dir='ltr'><strong>enim</strong></span> <span class='ocrx_word' id='word_1_827' title='bbox 2471 5308 2662 5364; x_wconf 87' lang='lat' dir='ltr'><strong>dicens</strong></span> <span class='ocrx_word' id='word_1_828' title='bbox 2708 5308 2981 5363; x_wconf 87' lang='lat' dir='ltr'><strong>auditores</strong></span> <span class='ocrx_word' id='word_1_829' title='bbox 3041 5299 3511 5358; x_wconf 76' lang='lat' dir='ltr'><strong>commonefactos</strong></span> 
     </span>
    </p>
   </div>
   <div class='ocr_carea' id='block_1_113' title="bbox 1936 5389 3505 5470">
    <p class='ocr_par' dir='ltr' id='par_1_113' title="bbox 1936 5389 3505 5470">
     <span class='ocr_line' id='line_1_113' title="bbox 1936 5389 3505 5470; baseline -0.011 -13"><span class='ocrx_word' id='word_1_830' title='bbox 1936 5403 2122 5469; x_wconf 85' lang='lat' dir='ltr'><strong>velim,</strong></span> <span class='ocrx_word' id='word_1_831' title='bbox 2161 5403 2461 5458; x_wconf 88' lang='lat' dir='ltr'><strong>Ecclesiam</strong></span> <span class='ocrx_word' id='word_1_832' title='bbox 2513 5412 2800 5470; x_wconf 64' lang='lat' dir='ltr'><strong>aegrotare.</strong></span> <span class='ocrx_word' id='word_1_833' title='bbox 2839 5398 2978 5453; x_wconf 85' lang='lat' dir='ltr'><strong>Vere</strong></span> <span class='ocrx_word' id='word_1_834' title='bbox 3011 5402 3212 5457; x_wconf 88' lang='lat' dir='ltr'><strong>autem,</strong></span> <span class='ocrx_word' id='word_1_835' title='bbox 3259 5407 3292 5445; x_wconf 92' lang='grc' dir='ltr'><strong>ο</strong></span> <span class='ocrx_word' id='word_1_836' title='bbox 3322 5389 3505 5452; x_wconf 79' lang='lat' dir='ltr'><strong>aiuici,</strong></span> 
     </span>
    </p>
   </div>
   <div class='ocr_carea' id='block_1_114' title="bbox 1935 5481 3513 5564">
    <p class='ocr_par' dir='ltr' id='par_1_114' title="bbox 1935 5481 3513 5564">
     <span class='ocr_line' id='line_1_114' title="bbox 1935 5481 3513 5564; baseline -0.011 -15"><span class='ocrx_word' id='word_1_837' title='bbox 1935 5505 2163 5564; x_wconf 68' lang='lat' dir='ltr'><strong>aegrotat</strong></span> <span class='ocrx_word' id='word_1_838' title='bbox 2193 5494 2295 5549; x_wconf 90' lang='lat' dir='ltr'><strong>hoc</strong></span> <span class='ocrx_word' id='word_1_839' title='bbox 2326 5505 2578 5548; x_wconf 80' lang='lat' dir='ltr'><strong>smetum</strong></span> <span class='ocrx_word' id='word_1_840' title='bbox 2603 5507 2822 5561; x_wconf 86' lang='lat' dir='ltr'><strong>corpus,</strong></span> <span class='ocrx_word' id='word_1_841' title='bbox 2845 5497 2899 5544; x_wconf 85' lang='lat' dir='ltr'><strong>et</strong></span> <span class='ocrx_word' id='word_1_842' title='bbox 2933 5485 3202 5554; x_wconf 85' lang='lat' dir='ltr'><strong>imprimis</strong></span> <span class='ocrx_word' id='word_1_843' title='bbox 3225 5484 3280 5536; x_wconf 92' lang='lat' dir='ltr'><strong>in</strong></span> <span class='ocrx_word' id='word_1_844' title='bbox 3301 5481 3513 5547; x_wconf 77' lang='lat' dir='ltr'><strong>aliquot</strong></span> 
     </span>
    </p>
   </div>
   <div class='ocr_carea' id='block_1_115' title="bbox 1937 5571 3513 5656">
    <p class='ocr_par' dir='ltr' id='par_1_115' title="bbox 1937 5571 3513 5656">
     <span class='ocr_line' id='line_1_115' title="bbox 1937 5571 3513 5656; baseline -0.011 -14"><span class='ocrx_word' id='word_1_845' title='bbox 1937 5589 2053 5642; x_wconf 88' lang='lat' dir='ltr'><strong>suis</strong></span> <span class='ocrx_word' id='word_1_846' title='bbox 2084 5587 2285 5656; x_wconf 84' lang='lat' dir='ltr'><strong>digitis.</strong></span> <span class='ocrx_word' id='word_1_847' title='bbox 2319 5585 2525 5640; x_wconf 61' lang='lat' dir='ltr'><strong>Cretera</strong></span> <span class='ocrx_word' id='word_1_848' title='bbox 2557 5585 2702 5639; x_wconf 89' lang='lat' dir='ltr'><strong>enim</strong></span> <span class='ocrx_word' id='word_1_849' title='bbox 2736 5578 3064 5637; x_wconf 84' lang='lat' dir='ltr'><strong>venerabilia</strong></span> <span class='ocrx_word' id='word_1_850' title='bbox 3097 5576 3244 5630; x_wconf 82' lang='lat' dir='ltr'><strong>illius</strong></span> <span class='ocrx_word' id='word_1_851' title='bbox 3269 5571 3513 5627; x_wconf 84' lang='lat' dir='ltr'><strong>membra</strong></span> 
     </span>
    </p>
   </div>
   <div class='ocr_carea' id='block_1_116' title="bbox 1938 5665 3514 5742">
    <p class='ocr_par' dir='ltr' id='par_1_116' title="bbox 1938 5665 3514 5742">
     <span class='ocr_line' id='line_1_116' title="bbox 1938 5665 3514 5742; baseline -0.008 -14"><span class='ocrx_word' id='word_1_852' title='bbox 1938 5690 2044 5728; x_wconf 80' lang='lat' dir='ltr'><strong>non</strong></span> <span class='ocrx_word' id='word_1_853' title='bbox 2079 5684 2163 5734; x_wconf 77' lang='lat' dir='ltr'><strong>est</strong></span> <span class='ocrx_word' id='word_1_854' title='bbox 2205 5675 2350 5742; x_wconf 86' lang='lat' dir='ltr'><strong>quod</strong></span> <span class='ocrx_word' id='word_1_855' title='bbox 2393 5674 2713 5742; x_wconf 81' lang='lat' dir='ltr'><strong>vituperem.</strong></span> <span class='ocrx_word' id='word_1_856' title='bbox 2752 5670 2957 5739; x_wconf 80' lang='lat' dir='ltr'><strong>Digitos</strong></span> <span class='ocrx_word' id='word_1_857' title='bbox 2997 5675 3178 5720; x_wconf 89' lang='lat' dir='ltr'><strong>autem</strong></span> <span class='ocrx_word' id='word_1_858' title='bbox 3208 5665 3342 5718; x_wconf 87' lang='lat' dir='ltr'><strong>istos</strong></span> <span class='ocrx_word' id='word_1_859' title='bbox 3374 5677 3514 5717; x_wconf 85' lang='lat' dir='ltr'><strong>voco</strong></span> 
     </span>
    </p>
   </div>
   <div class='ocr_carea' id='block_1_117' title="bbox 1943 5753 3510 5836">
    <p class='ocr_par' dir='ltr' id='par_1_117' title="bbox 1943 5753 3510 5836">
     <span class='ocr_line' id='line_1_117' title="bbox 1943 5753 3510 5836; baseline -0.01 -12"><span class='ocrx_word' id='word_1_860' title='bbox 1943 5784 2050 5824; x_wconf 90' lang='lat' dir='ltr'><strong>non</strong></span> <span class='ocrx_word' id='word_1_861' title='bbox 2079 5769 2170 5836; x_wconf 89' lang='lat' dir='ltr'><strong>qui</strong></span> <span class='ocrx_word' id='word_1_862' title='bbox 2222 5767 2315 5823; x_wconf 82' lang='lat' dir='ltr'><strong>Dei</strong></span> <span class='ocrx_word' id='word_1_863' title='bbox 2359 5767 2531 5822; x_wconf 86' lang='lat' dir='ltr'><strong>instar</strong></span> <span class='ocrx_word' id='word_1_864' title='bbox 2564 5761 2832 5820; x_wconf 71' lang='lat' dir='ltr'><strong>daemonia</strong></span> <span class='ocrx_word' id='word_1_865' title='bbox 2871 5758 3154 5831; x_wconf 76' lang='lat' dir='ltr'><strong>expellunt</strong></span> <span class='ocrx_word' id='word_1_866' title='bbox 3211 5753 3510 5830; x_wconf 82' lang='lat' dir='ltr'><strong>(quomodo</strong></span> 
     </span>
    </p>
   </div>
  </div>
