3942 6250
204 256 316 318 ἓιί5

1090 265 1378 329 ORATIO
1424 269 1631 331 ANNO
1682 272 2166 336 AUSPICANDO
2225 278 2533 340 HABITA.

3366 294 3476 362 5:6

202 373 616 444 πνευματικὰς,
673 378 723 430 εί
781 379 880 432 καὶ
937 380 1014 451 μὴ
1060 381 1119 435 ἑν
1154 385 1499 452 ἀναγκαίοις,
1533 388 1650 444 ἀλλ’
1694 391 1780 444 οὖν

1893 393 1959 446 de
1990 395 2354 452 conventibus
2379 404 2434 450 et
2463 397 2729 455 eomiviis
2763 401 3165 473 spiritui/dibus,
3190 405 3477 467 derconvi.

202 465 479 534 χαμόθεν,
499 469 624 522 ὅποι
647 471 908 543 παρήκοι,
928 474 1022 527 καὶ
1042 475 1235 540 ἄλλους
1254 478 1311 532 δὲ
1334 481 1785 550 ἐπιτραπεζίους,

201 556 275 608 δι’
317 551 393 611 ὧν
432 559 652 613 ἐδόκουν
677 562 705 615 ὁ
736 565 962 632 μάταιος
1014 567 1251 622 κτᾶσθαι
1309 570 1521 638 φίλους.
1558 575 1616 625 οὐ
1662 574 1790 637 τοὺς

203 650 274 703 ἐκ
322 651 417 703 τοῦ
468 651 666 720 πίνειν,
710 653 826 707 ἀλλ’
860 657 1079 722 ὁποίους
1134 660 1201 712 τὰ
1260 663 1400 716 κατὰ
1454 664 1678 719 Πνεῦμα
1726 666 1787 719 τὸ

205 741 360 795 θεῖον
398 744 724 799 ἀποτελοῦσι
774 750 1068 815 συσσίτιας
1109 752 1212 804 Ἐὦ
1249 753 1315 807 τὰ
1367 754 1550 819 λοιπὰ,
1589 757 1676 811 ἵνα
1712 760 1785 827 μή

204 845 295 892 τις
330 832 649 903 ὀϐολιμαῖος
700 838 929 907 νομίσας
966 841 1169 906 ἐκεῖνα,
1206 844 1633 915 καταψηφιεῖταί
1684 866 1786 917 μου

208 927 692 995 σμικροπρὲπειαν
724 930 816 981 καὶ
855 932 1086 996 κυμίνου
1118 935 1305 1004 πρίσιν
1338 937 1428 989 καὶ
1475 938 1535 990 τὸ
1569 940 1789 993 ἀνελεύ-

205 1013 392 1080 θερον.
427 1016 625 1070 Σιωπῶ
674 1019 788 1084 καὶ,
843 1020 898 1072 εί
928 1040 982 1074 τι
1028 1023 1157 1078 ἄλλο
1204 1025 1573 1095 δεδαπάνηται
1616 1030 1784 1102 πουῆ

202 1108 520 1165 δαπανᾶται
553 1115 632 1175 εἰς
664 1115 1036 1185 ὲπιποιήσεις,
1094 1121 1173 1185 είς
1222 1121 1675 1192 ἐπικοσμήματα,
1706 1128 1788 1187 εἰς

202 1204 392 1273 ἕτερα,
442 1202 524 1268 οἷς
553 1207 905 1278 θαρρούντως
930 1211 1075 1279 λέγω
1103 1213 1315 1285 χαίρειν
1344 1217 1435 1268 τὸν
1470 1217 1623 1273 Θεόν.
1653 1218 1786 1273 Οἶδα

200 1291 317 1360 γὰρ
349 1293 621 1359 ἀκούσων,
647 1294 723 1360 ὡς
749 1297 902 1351 οὐδέν
931 1317 982 1353 τι
1011 1301 1188 1356 ταῦτα
1216 1306 1355 1375 πρὸς
1374 1308 1498 1370 τοὺς
1531 1310 1787 1374 παπάδας

198 1383 380 1451 ἡμᾶς’
414 1384 553 1455 ὅπερ
605 1385 792 1454 ὅμοιον
844 1390 1093 1458 φαίνεται
1130 1388 1292 1459 εἶναι,
1325 1395 1402 1460 ὡς
1460 1398 1507 1450 εί
1566 1400 1785 1455 καὶτοῦ

201 1476 299 1529 ἐπὶ
354 1477 683 1546 δεσποτικῆς
737 1482 916 1546 οίκίας
965 1482 1378 1553 λογοποιοῦντας
1428 1491 1497 1544 τὰ
1535 1492 1784 1560 δαπανή-

202 1585 356 1637 ματα
384 1572 434 1623 οἱ
471 1571 747 1626 σύνδουλοι
777 1574 942 1645 μηδὲν
970 1575 1038 1630 τὰ
1066 1578 1233 1632 λοιπά
1260 1581 1469 1634 εἴποιεν
1494 1584 1784 1652 προσλογί-

195 1662 415 1730 ζεσθαι,
440 1666 521 1719 δτι
552 1666 627 1738 μὴ
657 1670 797 1738 μόνα
823 1670 891 1723 τὰ
916 1671 1295 1742 δαπανώματα
1323 1675 1403 1737 είς
1424 1676 1643 1740 αὐτούς.
1674 1678 1783 1731 Καὶ

1893 481 1976 534 vis
2005 482 2097 551 qui
2139 482 2266 537 licet
2314 501 2422 538 non
2463 488 2704 556 cognati,
2735 489 2980 559 ejusdem
3018 502 3202 552 tamen
3245 498 3475 570 originis

1895 581 2130 627 terrena:
2185 585 2390 640 essent,
2455 592 2594 647 quos
2650 581 2817 637 miser
2859 598 2960 652 ego
3003 587 3219 643 sodales
3273 589 3475 648 habere

1894 664 2024 715 mihi
2057 665 2203 721 visus
2238 681 2382 730 sum,
2417 683 2523 723 non
2555 686 2661 739 qua
2698 688 2906 729 mecum
2936 678 3204 744 biberent,
3237 683 3332 737 sed
3363 700 3473 753 qua

1892 743 2199 809 secundum
2252 755 2516 823 Spiritum
2572 771 2823 817 sanctum
2892 770 3293 826 commensales
3362 776 3470 830 mei

1891 846 2110 900 essent!
2149 846 2356 902 Cattera
2407 847 2630 904 silentio
2676 868 2883 918 premo,
2926 873 2991 911 ne
3022 861 3170 928 quis,
3222 864 3378 920 flocci
3405 881 3470 922 ea

1891 936 2160 1003 pendens,
2194 952 2418 992 avarum
2455 949 2622 1010 atque
2656 942 2998 1013 illiberalem,
3054 953 3148 1021 qui
3188 959 3338 1011 velut
3365 974 3471 1014 cn-

1891 1027 2098 1081 minnm
2157 1029 2463 1098 diffindam,
2515 1048 2600 1085 me
2649 1035 2942 1094 existimet.
2992 1040 3192 1113 Taceo,
3254 1048 3302 1104 si
3344 1066 3469 1118 quae

1892 1117 2051 1172 factae
2081 1129 2210 1174 sunt
2260 1129 2354 1175 aut
2403 1123 2537 1176 ﬁunt
2568 1124 2831 1195 impensre
2868 1129 2920 1184 in
2954 1147 3043 1188 res
3095 1117 3467 1202 accessurias.

1889 1208 1941 1263 in
1981 1222 2303 1267 ornamenta
2352 1221 2407 1267 et
2473 1226 2691 1283 eastern,
2740 1219 2940 1287 quibus
2994 1221 3160 1278 Deum
3207 1227 3465 1286 delectari

1888 1301 2115 1356 fidenter
2135 1302 2283 1357 dico.
2320 1303 2449 1361 Scio
2472 1307 2617 1361 enim
2656 1309 2773 1364 fore
2810 1313 2903 1378 qui
2940 1312 3149 1380 dicant,
3186 1318 3302 1374 haec
3328 1321 3466 1376 nihil

1887 1390 1952 1445 ad
1987 1406 2083 1446 nos
2117 1391 2307 1448 Patres
2349 1397 2641 1464 pertinere,
2693 1402 2837 1467 quod
2880 1401 3021 1456 idem
3075 1421 3201 1461 esse
3249 1408 3467 1465 videtur

1886 1496 1950 1536 ac
1985 1485 2049 1540 si.
2089 1486 2310 1553 quando
2343 1502 2664 1544 mconomtts
2704 1492 2920 1563 aliquos
2960 1494 3091 1551 facit
3132 1509 3385 1568 sumptus
3413 1502 3467 1556 in

1888 1572 2112 1628 domum
2157 1574 2409 1643 herilem,
2458 1582 2706 1634 conservi
2756 1593 2954 1653 negent
3004 1586 3143 1643 ullus
3184 1588 3465 1646 faciendas

1888 1678 2011 1717 esse
2057 1680 2326 1736 expensas
2368 1668 2471 1723 nisi
2532 1687 2655 1740 qua:
2701 1673 2754 1727 in
2812 1675 3055 1743 ipsorum
3113 1681 3464 1737 commodum

199 1756 314 1826 μὴν
342 1758 370 1808 ὁ
400 1757 495 1810 τοῦ
525 1759 676 1812 οἴκου
711 1761 979 1832 δεσπότης
1009 1765 1108 1818 οὐκ
1140 1764 1207 1819 ἂν
1236 1766 1412 1838 χαίροι
1444 1767 1521 1839 τῷ
1549 1770 1778 1843 τοιούτῳ

1892 1756 2173 1809 cesserint.
2237 1755 2353 1810 Jam
2402 1775 2526 1815 vero
2569 1763 2840 1831 ejusmndi
2885 1766 3066 1824 verbis
3110 1769 3261 1826 nullo
3302 1773 3469 1829 mode

191 1849 349 1920 λόγῳ
379 1868 391 1883 ι
426 1851 562 1908 ἀλλά
611 1852 705 1907 τὸν
757 1855 1044 1924 οἰκονόμον
1096 1857 1272 1923 ἄλλως
1311 1850 1630 1928 ἀποδέξοιτο
1680 1865 1778 1932 ἂν,

192 1942 382 2015 οἶμαι.

274 2037 346 2093 θ’.
392 2036 547 2110 Ἐμοὶ
574 2041 630 2095 δὲ
679 2042 814 2096 ἀλλὰ
847 2043 1277 2117 ἀναδοησαμένῳ
1314 2047 1414 2119 ἤδη
1463 2049 1633 2119 ἀκοὴν
1677 2051 1780 2119 γῆς

192 2147 259 2181 τε
296 2130 397 2183 καὶ
426 2132 682 2201 οὐρανοῦ,
718 2134 1014 2205 ἐπέρχεται
1046 2137 1292 2208 συνεῖραι
1328 2156 1380 2191 τι
1426 2140 1520 2194 καὶ
1555 2141 1621 2193 τὰ
1652 2142 1781 2212 ἑξῆς

197 2224 557 2296 πῳφητικῆς
587 2227 920 2297 περικοπῆς.
958 2229 1064 2282 Καὶ
1109 2229 1256 2293 υίοὺς
1288 2230 1384 2301 μὲν
1424 2233 1685 2302 γεννῆσαι
1717 2235 1778 2288 οὐ

200 2315 467 2383 καταγνῶ
498 2317 675 2370 εἰπεῖν
705 2333 721 2350 ο
753 2319 1006 2387 (πηλίκος
1058 2318 1167 2390 γὰρ
1213 2320 1326 2389 ἐγὼ
1361 2322 1493 2392 προς
1524 2324 1779 2394 τοιαύτην

195 2409 370 2476 φύσιν
397 2407 516 2481 Θεῷ
541 2410 880 2482 πρέπουσαν,
906 2413 1001 2467 καὶ
1027 2416 1157 2477 τοῖς,
1181 2414 1298 2467 ὅσοι
1320 2418 1385 2486 τῇ
1411 2416 1546 2487 πρὸς
1571 2417 1779 2472 ἐκεῖνον

195 2499 525 2571 ἐξομοιώσει
560 2501 735 2569 θεοίς)
789 2505 1151 2575 γεννηθέντας
1190 2507 1247 2559 δὲ
1287 2508 1427 2560 κατά
1475 2510 1655 2579 σάρκα
1688 2509 1779 2563 ὑπ’

196 2591 386 2650 ἄλλων
417 2593 512 2646 καὶ
556 2596 754 2666 μικροῦ
809 2596 1065 2661 ὲκθέτους
1109 2598 1325 2667 ὑψῶσαι
1357 2616 1500 2669 φημι
1533 2603 1778 2671 ἀγαθοῖς,

195 2680 283 2750 οἷς
316 2686 433 2757 βίος
463 2686 778 2756 ἐπαύξεται,
810 2690 902 2744 καὶ⁵
927 2691 1076 2762 ὅμως
1100 2692 1429 2763 ἀθετηθῆναι
1453 2693 1546 2746 ὑπ’
1573 2695 1774 2750 αὐτῶν.

207 2776 478 2848 Ἐτέρους
509 2779 564 2832 δὲ
592 2783 673 2844 είς
705 2781 764 2834 τὸ
804 2783 912 2837 πᾶν
940 2784 1039 2854 μὲν
1066 2783 1257 2856 ἐξᾶραι
1288 2786 1383 2839 καὶ
1414 2791 1776 2857 προαγαγεῖν,

197 2869 307 2925 οὐκ
350 2870 420 2924 ἂν
454 2872 685 2938 εἴποιμι·
746 2875 1162 2945 προσεπιθεῖναι
1210 2875 1286 2942 δὲ,
1337 2870 1416 2941 οἷς
1472 2877 1781 2947 φθάσαντες

198 2963 314 3016 ὑπὸ
375 2964 554 3021 ἄλλων
593 2968 897 3038 ἀρχιερέων
946 2968 1128 3039 ἔσχον,
1179 2973 1274 3023 καὶ
1311 2969 1477 3041 ἔτερα
1530 2971 1777 3042 μείζινα,

192 3056 310 3125 καὶ⁸
330 3056 668 3128 δυστυχῆσαι
699 3058 799 3130 τὴν
826 3061 890 3113 ὲκ
912 3060 1020 3114 τῶν
1044 3061 1302 3115 τοιούτων
1330 3063 1658 3133 ἀχαριστίαν
1680 3066 1780 3119 οὐκ

194 3148 284 3212 είς
315 3149 380 3202 τὸ
412 3151 598 3221 τυχὸν,
629 3150 747 3204 ἀλλ’
779 3153 859 3216 είς
889 3152 1293 3223 ἐκπολέμωσιν.

274 3365 331 3388 ’⁸
373 3330 538 3386 Ἆλλά
579 3331 801 3396 τούτους
833 3333 932 3404 μὲν
978 3335 1496 3406 παρακατατίθεμαι
1528 3338 1606 3408 τῷ
1637 3337 1778 3408 Θεῷ,

188 3424 279 3495 τῷ
315 3424 413 3478 καὶ
437 3425 697 3496 πανσόφῳ
734 3427 827 3478 καὶ
855 3424 1191 3497 ὑπεραγάθῳ
1222 3429 1468 3500 τεχνίτῃ,
1497 3428 1571 3493 ὡς
1607 3430 1780 3497 ἀγάλ-

190 3535 353 3590 ματα
396 3516 608 3575 ἐκείνου
663 3517 792 3570 ὄντα
841 3517 1331 3588 καλλιτεχνηθέντα
1392 3521 1492 3591 μὲν
1556 3521 1775 3588 ἄλλως,

184 3609 573 3681 ἀλρειούμενα
622 3610 679 3664 δὲ
734 3615 854 3673 ταῖς
906 3612 1029 3682 είκῆ
1077 3612 1171 3665 καὶ
1198 3614 1401 3683 μάτην,
1434 3614 1557 3666 ὅποι
1582 3615 1779 3683 τύχοι,

186 3700 632 3772 παρατρίψεσιν,
689 3701 959 3770 ἀρτιῶσαι
1016 3703 1155 3757 κατά
1212 3702 1310 3772 τὴν
1347 3703 1513 3757 αὑτοῦ
1562 3705 1778 3773 σοφίαν,

186 3797 292 3851 καὶ
354 3793 728 3861 ἐπαναγαγεῖν
784 3794 865 3857 εἰς
921 3793 982 3850 τὸ
1037 3794 1186 3863 αὑτῷ
1232 3795 1466 3864 ἀρέσκον
1506 3793 1780 3866 εὔμορφόν

187 3904 253 3943 τε
280 3887 380 3938 καὶ
409 3885 710 3952 εὐπρεπέςο
740 3883 814 3947 ὡς
845 3885 911 3938 ἂν
937 3882 1081 3937 οὕτω
1104 3885 1200 3938 καὶ
1229 3884 1296 3938 δι’
1323 3884 1505 3937 αὐτῶν
1529 3885 1783 3954 εὐλογοῦ-

191 3995 365 4050 pavo;
405 3977 766 4048 ἀντευλογοίη
798 3977 890 4032 τὸν
916 3978 1181 4047 στέφανον
1210 3978 1342 4048 ἡμῖν
1370 3976 1468 4035 τοῦ
1500 3980 1776 4035 ἐνιαυτοῦ.

268 4161 363 4216 ια’.
414 4116 561 4224 Ἐγὼ
595 4153 653 4208 δὲ
685 4153 780 4209 καὶ
828 4152 909 4224 τῷ
949 4154 1317 4226 παρατυχόντι
1360 4154 1477 4225 λαῷ
1516 4155 1609 4210 τοῦ
1642 4155 1779 4210 Θεοῦ

187 4248 523 4321 προσλαλῶν
549 4248 966 4312 διδασκαλικῶς,
998 4247 1403 4318 παρεγγυῶμαι
1438 4247 1532 4300 καὶ
1569 4248 1774 4311 αὐτοῖς,

184 4342 313 4397 ὅσοι
341 4340 488 4402 τέως
517 4337 740 4393 ἀκούειν
772 4337 926 4407 ἡμῶν
957 4338 1268 4408 ἀνέχονται.
1313 4335 1433 4390 Εἰσὶ
1462 4338 1572 4410 γὰρ
1603 4339 1658 4391 ὲν
1686 4341 1783 4392 αύ-

1885 1844 2149 1911 gauderet
2176 1850 2593 1915 paterfamilias.
2627 1856 2722 1911 sed
2765 1857 2967 1925 potius,
2998 1875 3062 1914 ex
3092 1875 3211 1916 mea
3243 1864 3464 1933 quidem

1882 1938 2176 2005 sententia,
2218 1954 2564 1998 (Economum
2602 1946 2873 2004 laudaret.

1954 2029 2006 2083 9.
2037 2030 2334 2100 Postquam
2360 2044 2540 2089 autem
2578 2039 2779 2093 roa'um
2813 2054 2876 2093 ac
2909 2048 3108 2096 terram
3141 2044 3207 2099 ad
3239 2045 3467 2100 audien-

1882 2119 2010 2173 dum
2064 2125 2380 2190 provocari,
2431 2127 2560 2181 dicti
2609 2128 2759 2182 illius
2809 2132 3112 2200 prephetici
3169 2135 3331 2191 verba
3372 2151 3465 2192 sea

1883 2215 2107 2283 quentia
2156 2215 2448 2288 adjungcre
2493 2219 2642 2274 libet.
2683 2221 2751 2278 Et
2793 2224 2934 2279 filios
2977 2225 3191 2293 quidem
3223 2243 3307 2282 me
3336 2244 3467 2298 pro-

1884 2321 2103 2360 creasse
2149 2322 2255 2361 non
2318 2318 2403 2364 est
2434 2311 2581 2380 quod
2629 2312 2830 2378 dicam,
2873 2315 3019 2384 (quis
3051 2319 3195 2371 enim
3225 2335 3467 2390 egosum

1883 2408 2237 2467 comparatus
2268 2417 2391 2457 cum
2423 2414 2621 2459 natura
2649 2406 2743 2460 Dei
2764 2423 3062 2478 eorumque
3091 2414 3184 2481 qui
3212 2416 3470 2469 similitu-

1883 2490 2008 2547 dine
2024 2491 2141 2562 ejus
2172 2497 2564 2563 propemodum
2602 2498 2675 2553 dii
2714 2500 2841 2556 facti
2875 2505 3048 2575 sunt?)
3089 2507 3184 2561 sed
3216 2509 3284 2564 ab
3336 2510 3468 2565 aliis

1884 2582 2174 2638 carnaliter
2218 2597 2531 2653 procreatos
2564 2599 2618 2642 et
2644 2593 2800 2659 quasi
2850 2595 3142 2663 expositos
3191 2600 3467 2653 cumulari

1886 2674 2044 2730 benis
2072 2676 2268 2746 quibus
2313 2680 2425 2735 vita
2469 2692 2720 2751 ornatur,
2762 2693 2816 2740 et
2855 2687 3217 2755 nihilominus
3255 2693 3323 2747 ab
3356 2694 3469 2753 illis

1884 2777 2249 2840 comtemptus
2284 2788 2426 2828 sum.
2469 2775 2624 2831 Alios
2678 2788 2882 2843 autem,
2932 2778 3075 2834 haud
3127 2783 3272 2843 dico.
3317 2787 3467 2854 quod

1886 2862 2159 2919 exaltatos
2206 2869 2578 2935 provexerim,
2627 2879 2865 2925 attamen
2906 2873 3186 2931 beneficiis
3222 2891 3343 2946 quae
3393 2882 3465 2934 ab

1885 2955 2008 3012 aliis
2050 2958 2478 3029 archiepiscopis
2518 2974 2867 3032 acceperant,
2913 2967 3119 3033 majora
3171 2971 3336 3024 etiam
3365 2971 3467 3025 adq

1882 3047 2012 3115 jeci,
2067 3065 2237 3119 quare
2273 3067 2462 3106 eorum
2514 3053 2965 3123 ingraritudinem
3011 3075 3118 3115 non
3160 3060 3466 3129 fortuitam,

1888 3140 1986 3194 sed
2017 3155 2084 3196 ex
2119 3143 2304 3197 hostili
2335 3144 2519 3199 animo
2552 3148 3021 3215 profectam,inter
3042 3167 3287 3209 summas
3311 3154 3465 3210 eain-

1886 3233 2105 3289 mitates
2128 3236 2363 3291 censend
2376 3253 2460 3291 am
2490 3237 2652 3293 duco.
3081 3296 3085 3301 .
3428 3288 3431 3289 ν

1955 3326 2043 3381 10.
2087 3326 2192 3381 Sed
2231 3329 2352 3393 hos,
2387 3340 2574 3401 utpote
2610 3332 2702 3402 qui
2738 3332 2831 3388 Dei
2867 3333 3156 3403 imaginem
3191 3336 3463 3404 referunt,

1885 3429 1939 3475 et
1968 3421 2040 3475 ab
2092 3420 2246 3475 initio
2287 3422 2506 3491 quidem
2554 3424 2764 3493 pulchri
2816 3426 3008 3490 creati,
3052 3434 3237 3495 postea
3278 3439 3463 3484 autem

1887 3515 2192 3584 pervicacia
2252 3530 2349 3571 sua
2408 3532 2547 3572 vana
2593 3525 2649 3572 et
2701 3518 2976 3577 insensata
3019 3524 3263 3593 corrupti
3313 3535 3466 3587 sunt,

1886 3608 2210 3663 commendo
2264 3608 2394 3674 Deo,
2443 3610 2678 3666 creatori
2721 3611 3132 3680 sapientissimo
3181 3626 3345 3684 atque
3370 3633 3469 3685 op-

1885 3697 2041 3762 timo,
2071 3706 2129 3752 ut
2166 3698 2466 3752 secundum
2511 3701 2823 3769 patientiam
2859 3716 3014 3757 suam
3050 3704 3256 3776 dirigat
3283 3720 3380 3763 eos
3410 3718 3468 3761 et

1887 3789 1953 3844 ad
1991 3790 2335 3845 honestatem
2389 3805 2452 3845 ac
2494 3791 2749 3849 virtutem
2799 3793 2902 3864 ipsi
2948 3806 3161 3865 gratam
3214 3798 3463 3858 reducat.

1885 3889 2049 3951 atque
2093 3880 2167 3935 ita
2214 3880 2268 3934 in
2310 3881 2480 3939 vicem
2525 3883 2969 3939 benedictionum
3016 3886 3221 3956 quibus
3261 3889 3469 3953 abillis

1884 3972 2213 4038 celebratur,
2267 3973 2396 4028 anni
2449 3975 2697 4045 auspicia
2779 3975 3165 4033 benedictione
3218 3994 3317 4033 sua
3378 3981 3466 4033 di-

1885 4076 2106 4135 gnetur.

1955 4157 2042 4211 il.
2085 4157 2206 4213 Jam
2249 4174 2377 4214 vero
2427 4156 2555 4212 dum
2596 4166 2918 4228 prmsentcm
2962 4159 3057 4213 Dei
3100 4168 3300 4216 castum
3329 4161 3465 4215 edo-

1883 4264 2001 4314 cco,
2038 4250 2200 4305 simul
2249 4252 2512 4304 adhortor
2559 4264 2654 4305 eos
2696 4251 2788 4318 qui
2830 4267 2978 4305 nunc
3027 4252 3209 4307 verbis
3261 4254 3468 4309 nostris

1884 4359 2069 4400 aurem
2129 4348 2395 4411 praebent.
2453 4340 2594 4395 Inter
2644 4342 2792 4408 ipsos
2846 4341 2994 4396 enim
3039 4352 3167 4397 sunt
3213 4343 3467 4398 homines

179 4436 308 4496 τοῖς
341 4430 644 4501 ἄνθρωποι,
690 4429 1048 4502 ὁῖηγηθὲντες
1076 4429 1176 4482 οὐκ
1204 4424 1301 4482 οἷδ’
1328 4429 1474 4493 ὅθεν,
1519 4430 1775 4502 ὲπιστρὲ·

1892 4436 2000 4502 qui,
2032 4434 2220 4489 nescio
2254 4434 2396 4487 unde
2425 4432 2580 4495 moti,
2616 4448 2739 4495 nos,
2774 4432 2932 4502 quasi
2965 4444 3282 4503 peccatores
3314 4450 3471 4507 gsse-

181 4548 319 4599 φειν
365 4529 516 4598 ἡμᾶς
548 4529 626 4588 εἰς
654 4525 716 4579 τὸ
745 4525 947 4593 ἀγαθὸν
993 4525 1080 4579 διὰ
1103 4525 1199 4577 τοῦ
1233 4524 1312 4594 μὴ
1342 4523 1778 4596 ἐπιστρέφεσθαι

180 4623 359 4692 ἡμῶν
388 4616 478 4674 οἷα
508 4619 869 4695 ἑφαμάρτων,
900 4617 992 4675 καὶ
1023 4618 1110 4671 διὰ
1139 4618 1297 4672 τοῦτο
1338 4617 1434 4671 καὶ
1464 4618 1541 4681 ὡς
1587 4620 1668 4681 εἰς
1701 4618 1780 4671 δι-

184 4714 507 4775 δασκάλους
537 4711 883 4773 καθεστῶτες
909 4711 1066 4779 ἡμῖν,
1109 4710 1463 4769 διδάσκοντας
1496 4710 1597 4780 μὲν
1625 4710 1781 4763 οὐθὲν

186 4806 404 4869 ὁτιοῦν,
434 4804 823 4875 μεμφομένους
852 4799 1021 4860 ἆπαν.
1055 4802 1190 4871 ὅπερ
1218 4801 1284 4855 ἂν
1315 4800 1350 4871 ἢ
1383 4801 1600 4872 δρῶμεν
1631 4802 1665 4874 ἢ
1698 4800 1783 4854 λέ-

187 4919 399 4975 γομεν,
425 4898 523 4952 καὶ
553 4898 724 4967 αὐτὴν
753 4896 830 4957 δὲ,
880 4894 908 4946 ὃ
953 4912 1107 4963 φασι,
1137 4894 1237 4964 τὴν
1281 4895 1560 4964 ἀναπνοὴν
1601 4894 1777 4965 ήμῶν.

184 4996 290 5066 Τῷ
326 4994 511 5047 τοίνυν
549 4989 776 5055 τοιούτῳ
808 4985 923 5058 ὶαῷ
951 4986 1044 5039 τοῦ
1101 4985 1236 5039 Θεοῦ
1273 4987 1457 5056 φωνὴν
1488 4987 1569 5050 είς
1604 4986 1781 5040 κοινὸν

186 5088 462 5157 ἀφιέντες
512 5081 940 5153 παρακαλοῦμεν
990 5082 1068 5142 εἰς
1112 5081 1299 5149 ὅμοιον
1334 5078 1560 5146 ἀγαθὸν,
1596 5079 1657 5135 τὺ
1682 5079 1781 5148 τῆς

184 5178 453 5247 enavit);
483 5173 708 5243 δηλαδὴ,
763 5172 893 5240 περὶ
943 5166 1009 5242 ἧς
1035 5240 1039 5245 ο
1063 5169 1189 5239 ἄρτι
1224 5170 1252 5223 ὁ
1281 5168 1437 5237 λόγος
1483 5171 1635 5241 ἡμῖν.
1671 5170 1781 5223 Καὶ

179 5272 395 5342 πρῶτα
428 5267 530 5337 μὲν
560 5264 1056 5332 ἀναμιμνήσκομεν
1089 5260 1305 5323 αὐτοὺς,
1344 5259 1402 5324 ἐξ
1426 5258 1553 5313 οἴων
1583 5261 1663 5323 εἰς
1692 5253 1781 5314 οἷα

187 5359 524 5434 μετηὶ).ἀγη
560 5358 628 5409 τὰ
661 5354 781 5409 καθ’
811 5355 984 5423 ἡμᾶς.

274 5456 368 5526 ιβ’.
405 5453 519 5507 Καὶ
550 5449 712 5521 ἡλίκα
752 5448 849 5517 μὲν
891 5452 958 5499 τὰ
1007 5447 1068 5499 οὐ
1106 5446 1213 5516 πρὸ
1238 5446 1433 5499 πολλοῦ
1462 5445 1641 5515 ἀγαθὰ
1685 5445 1780 5500 τοῦ

179 5546 356 5610 Θεοῦ,
389 5545 426 5599 ἃ.
483 5543 580 5597 καὶ
620 5540 689 5594 τὰ
717 5541 772 5592 ἐν
804 5539 931 5608 ὑμῖν
962 5538 1163 5609 βιϐλία,
1196 5539 1252 5593 al
1290 5541 1563 5607 μνήμονες
1608 5536 1782 5607 ψυχαὶ

176 5637 586 5709 περιφέρουσι,
618 5632 713 5684 καὶ
741 5632 819 5693 εἰς
843 5629 1150 5696 ἀνάγνωσιν
1168 5630 1280 5691 τοῖς
1303 5627 1512 5690 πολλοῖ,
1538 5629 1777 5681 ἐκτίθενσ-

180 5749 312 5797 ται,
349 5732 447 5825 κξὶ
478 5726 600 5780 οὐδὲ
642 5721 751 5792 ἐγὼ
792 5721 1008 5792 ἀμαθὴς
1050 5720 1169 5774 οὐδὲ
1224 5719 1332 5772 τῶν
1370 5718 1628 5773 τοιούτων
1663 5721 1778 5789 εἰμὶ

1891 4544 2034 4592 mus,
2082 4526 2147 4579 ad
2196 4525 2397 4581 bonum
2461 4535 2784 4579 convertere
2840 4525 3213 4595 praetendunt,
3239 4527 3471 4595 ideoque

1889 4634 2009 4674 sese
2053 4628 2305 4687 tanquam
2359 4617 2651 4688 magistros
2708 4627 2927 4672 nostros
2960 4627 3177 4687 gerunt,
3219 4619 3473 4688 quantivis

1890 4710 2025 4763 nihil
2049 4708 2270 4763 omnino
2288 4709 2652 4773 doceant,imo
2670 4710 2934 4780 quidquid
2954 4718 3045 4764 aut
3065 4710 3359 4768 fecerimus
3376 4719 3474 4775 aut

1889 4802 2270 4867 dixerimus,et
2285 4804 2544 4872 ipsam,ut
2559 4801 2610 4857 in
2625 4802 2912 4872 proverbio
2931 4812 3035 4869 est,
3056 4804 3472 4871 respirationem

1889 4904 2131 4948 nostram
2153 4895 2473 4964 \‘itttpercltl.
2501 4894 2580 4946 Ad
2601 4894 3094 4964 universumigitur
3145 4896 3240 4955 Dei
3271 4907 3471 4952 ccetutn

1892 4984 2055 5039 verba
2075 4984 2333 5041 facientes
2366 4986 2507 5040 bona
2529 4986 2580 5038 ei
2614 5000 3000 5056 apprecamur,
3033 4985 3401 5047 benedictiom
3421 5001 3472 5045 tu

1890 5077 2174 5142 nimirum,
2227 5077 2295 5131 de
2340 5093 2449 5147 qua
2492 5078 2659 5131 modo
2690 5077 2948 5133 diximus.
2985 5078 3050 5132 Et
3079 5080 3313 5147 primum
3347 5092 3473 5145 qut-

1890 5167 2013 5223 detn
2070 5168 2124 5222 in
2171 5169 2492 5225 memoriam
2527 5170 2609 5225 eis
2651 5183 3004 5234 revocamus,
3043 5185 3109 5223 ex
3139 5184 3377 5239 quonam
3416 5168 3473 5227 in

1889 5275 2054 5329 quem
2091 5269 2295 5315 statum
2326 5276 2414 5316 res
2444 5274 2646 5317 nostra:
2672 5260 2924 5318 deducta:
2948 5262 3082 5319 sint.

1964 5439 2055 5495 12.
2088 5438 2300 5507 Quanta
2360 5455 2532 5510 nuper
2558 5441 2711 5496 fuere
2744 5439 2842 5498 Dei
2881 5440 3147 5498 beneficia
3173 5456 3293 5512 quae
3323 5441 3472 5497 velut

1890 5535 1944 5588 in
1978 5534 2133 5589 libris
2165 5536 2437 5589 inhrerem
2475 5536 2676 5591 animis
2723 5536 2942 5601 VCSU‘iS,
2976 5536 3048 5590 ita
3077 5544 3134 5590 ut
3165 5551 3195 5591 a
3228 5536 3472 5593 multitu-

1889 5629 2020 5681 dine
2059 5626 2160 5696 legi
2195 5627 2439 5694 possint!
2467 5626 2654 5696 Neque
2688 5643 2786 5697 ego
2815 5629 3029 5681 illorum
3063 5628 3292 5698 ignarus
3321 5644 3469 5693 eum,

1890 5718 2093 5793 Fruges
2127 5729 2286 5775 terrae
2324 5718 2679 5773 abundabmt
2714 5734 2893 5774 arenae
2927 5720 3130 5787 instar;
3160 5723 3321 5791 panis
3350 5740 3473 5785 eor.
