3942 6250
481 307 586 372 547

1197 305 1625 370 EUSI‘ATHII
1648 301 2414 375 THESSALONICENSIS
2446 301 3016 364 METROPOLITIE

3618 306 3711 371 548

479 420 770 485 roborans,
801 420 992 476 vinum
1023 420 1188 477 corda
1222 422 1574 486 exhilarans,
1615 418 1798 490 pluvia
1853 426 2060 486 tempe-

2172 415 2436 485 γνώσεων.
2469 411 2648 472 ’Ἦσαν
2674 418 2740 471 τὰ
2760 407 3079 490 γεννήματα
3099 418 3199 490 τῆς
3220 420 3322 490 γῆς
3353 418 3500 492 ὑπὲρ
3529 420 3713 492 ἄμμον·

481 513 622 567 stiva
651 528 814 582 quam
854 513 937 567 Iac
962 513 1187 568 eteleste
1218 515 1303 568 vel
1344 529 1544 568 novum
1591 527 1787 567 manna
1817 511 2052 578 dixeris;

483 614 682 661 ventus
719 615 1114 676 attemperatus
1161 606 1252 675 qui
1305 621 1522 660 omnem
1549 605 1786 675 plantam
1818 606 1965 658 velut
2000 606 2054 659 in

483 695 769 764 gymnasio
813 697 1145 765 exagitaret;
1197 697 1370 750 hiems
1413 706 1715 758 mansueta,
1768 703 1930 749 aestas
1985 705 2059 758 te-

489 783 608 853 pida
633 784 784 849 (anni
818 793 1062 852 tempora
1091 799 1212 854 quae
1248 783 1406 836 modo
1442 782 1610 836 nimio
1640 780 1862 850 frigore,
1897 781 2058 834 modo

485 875 659 928 nimio
691 886 827 928 testu
858 875 1144 929 doloribus
1185 889 1284 929 nos
1315 872 1615 941 afﬁciunt);
1667 885 1756 926 ver
1788 869 1968 925 fertile
1996 887 2060 924 ac

487 967 780 1020 fecundum
825 981 1035 1036 suaque
1077 965 1346 1035 temperie
1379 964 1704 1034 jucundum,
1763 962 2060 1034 tempesta's

487 1073 608 1128 quae
632 1060 700 1113 ad
737 1069 1059 1114 autumnum
1089 1061 1266 1128 vergit
1295 1066 1348 1112 et
1380 1058 1595 1112 fructus
1627 1067 1883 1121 maturat,
1916 1057 2062 1114 unde

487 1154 649 1206 etiam
690 1167 886 1206 nomen
923 1151 1111 1212 traxit,
1165 1157 1219 1205 et
1265 1165 1386 1220 qua:
1423 1159 1684 1220 praaterea
1724 1151 1886 1206 rebus
1925 1150 2065 1220 opti-

487 1243 594 1298 mis
626 1243 890 1308 abundat,
925 1243 980 1296 in
1012 1244 1207 1312 quibus
1238 1244 1554 1312 prteemiuet
1579 1242 1900 1297 dulcissima
1930 1243 2063 1296 ficus

489 1351 707 1404 uvaque
762 1335 1015 1404 pulchra,
1097 1336 1328 1390 nutricis
1399 1335 1593 1399 instar,
1651 1343 1707 1388 ut
1735 1335 1806 1387 ita
1858 1333 2062 1397 dicam,

488 1428 686 1481 baccas
741 1427 908 1481 veluti
955 1427 1227 1482 mamillas
1279 1427 1566 1498 porrigens
1610 1426 1680 1481 ad
1728 1425 1911 1481 cibum
1966 1439 2066 1495 po-

492 1528 718 1588 tumque
743 1519 1228 1589 suppeditandum.

564 1698 662 1753 15.
691 1698 907 1753 Etenim
926 1698 1102 1754 hiems
1125 1698 1220 1753 illa
1243 1698 1402 1755 bonis
1419 1698 1645 1765 futuris,
1665 1697 1736 1753 ob
1752 1713 1872 1768 quae
1894 1712 2067 1752 annus

2155 505 2184 558 6
2239 507 2516 577 στηρίζων
2564 506 2750 579 ἄρτοςο
2807 509 2834 560 6
2881 509 3110 578 καρδίας
3150 511 3460 580 εὐφραίνων
3506 507 3657 574 οἶνος·
3690 514 3716 566 6

2156 597 2267 667 καίι
2315 615 2369 659 ης
2400 597 2573 663 ὑετὸς,
2608 603 2665 651 ττι
2701 597 2733 669 ἦ
2776 600 2919 667 γάλα
2965 601 3240 670 οὐράνιον,
3275 603 3305 671 ἢ
3344 602 3522 671 μάννα
3552 603 3721 656 δεύτε-

2160 703 2272 759 por
2302 689 2330 741 6
2359 688 2623 759 εὔκρατος
2646 691 2866 758 ἄνεμος,
2898 691 3153 744 διακινῶν
3181 692 3329 747 ἅπαν
3355 694 3522 762 φυτὸν
3547 695 3620 754 ὠς
3647 696 3718 758 εἰς

2157 778 2496 847 γυμνάσιονο
2534 781 2799 850 ὁῆμερος
2847 781 3093 850 χειμών·
3141 783 3205 836 τὸ
3255 786 3526 855 προσηνὲς
3579 786 3722 855 θέρος

2162 863 2536 939 (καιροὶοῦτοι
2587 872 2780 924 λυπεῖν
2814 860 3090 937 ἐθέλοντες
3122 877 3188 944 τῇ
3238 876 3530 945 ἀκρότητι,
3575 879 3603 929 6
3634 881 3722 948 μὲν

2159 959 2252 1012 τοῦ
2281 959 2497 1030 ψύχειν,
2527 963 2554 1014 6
2591 961 2666 1025 δὲ,
2719 964 2803 1016 ὅτι
2828 963 3116 1033 θερμαίνει
3148 966 3227 1026 είς
3271 967 3603 1036 ὑπερϐολήν)
3627 987 3642 1000 ·
3671 972 3726 1022 τὸ

2160 1051 2385 1118 γόνιμον
2415 1052 2535 1122 ἐαρ,
2564 1055 2656 1105 καὶ
2685 1055 2995 1125 πάμφορον,
3036 1056 3128 1107 καὶ
3151 1055 3229 1126 τῷ
3262 1058 3514 1129 εὐκράτῳ
3541 1059 3726 1126 γλυκέα

2162 1140 2273 1206 ζον·
2313 1145 2346 1213 ή
2383 1142 2574 1212 φθινὰς
2605 1143 2721 1214 ὥρα
2747 1145 2814 1199 τά
2836 1162 2900 1212 γε
2929 1147 3009 1209 εἰς
3043 1147 3286 1216 ὀπώραν,
3327 1149 3450 1200 ὅθεν
3481 1150 3617 1220 αὐτῇ
3641 1151 3727 1201 καὶ

2163 1234 2196 1302 ἡ
2226 1235 2580 1304 παρωνυμίαι,
2616 1238 2665 1288 εί
2692 1238 2785 1290 καὶ
2814 1237 2989 1301 ἄλλως
3019 1241 3134 1303 τοῖς
3162 1240 3436 1310 κρείττοσι
3469 1241 3724 1312 βέϐριθεν,

2163 1328 2221 1380 ἐν
2251 1321 2331 1391 οἷς
2362 1321 2714 1398 ύπέρλάμπει
2744 1331 2805 1382 τό
2831 1347 2889 1382 τε
2923 1331 3169 1401 μελιτόεν
3201 1334 3386 1398 σῦκον,
3418 1335 3511 1386 καὶ
3541 1335 3724 1406 ἠκσλὴ

2167 1418 2431 1489 σταφυλὴ,
2484 1419 2677 1489 τιθηνή
2709 1437 2793 1483 τις
2839 1422 2933 1473 καὶ
2987 1419 3159 1491 αὕτη,
3212 1423 3286 1484 ὡς
3315 1422 3490 1485 οὕτως
3539 1426 3722 1487 εἰπεῖν,

2169 1510 2582 1583 προϐαλλομένη
2611 1515 2718 1566 τῶν
2751 1514 2934 1584 ῥαγῶν
2971 1515 3235 1590 ἑκάστην,
3275 1516 3376 1569 ὅσα
3409 1516 3507 1569 καὶ
3545 1515 3724 1586 θηλὴν,

2171 1603 2407 1674 χορηγὸν
2434 1606 2642 1676 τροφῆς
2669 1625 2728 1660 τε
2760 1609 2855 1661 καὶ
2882 1612 3115 1673 πόσεως.

2251 1697 2340 1765 ιγ’.
2393 1698 2503 1751 Καὶ
2529 1696 2600 1771 ἦν
2648 1703 2777 1771 ἡμῖν
2806 1701 2928 1758 τότε
2975 1705 3002 1757 6
3048 1705 3148 1774 μὲν
3179 1705 3388 1775 χειμὼν
3425 1705 3729 1776 προμηθεὺς

490 1792 672 1847 ἐὶτ-ιιιε
701 1801 788 1847 εει
811 1792 1206 1856 fertilissimus,
1235 1793 1394 1863 quasi
1422 1793 1731 1863 prospexit,
1790 1791 2062 1860 siquidem

2172 1784 2282 1843 οἷον
2305 1793 2527 1861 ἀγαθῶν
2566 1793 2678 1848 τῶν
2718 1797 3022 1864 είσέπειτα,
3058 1799 3128 1852 δι’
3155 1794 3228 1853 ὧν
3259 1800 3582 1869 τελεσφόρος
3605 1800 3731 1852 ῶνό·

492 1883 730 1938 ίὶηὰοιιιι
757 1891 963 1938 terram
1006 1884 1057 1941 in
1104 1885 1261 1955 cujus
1315 1887 1438 1940 sinu
1493 1895 1704 1954 segetes
1744 1883 2062 1948 reconditae,

491 1987 756 2048 tanquam
787 1976 1024 2032 infantes
1048 1993 1170 2030 mox
1192 1979 1246 2030 in
1282 1978 1454 2032 lucem
1481 1977 1772 2047 prodituri,
1799 1975 2060 2040 latebant,

488 2084 664 2137 usque
680 2067 804 2122 dum
832 2068 1046 2123 adesset
1065 2080 1282 2138 tempus
1301 2077 1692 2138 opportunum,
1711 2083 1774 2122 ac
1799 2078 2063 2136 praeterea

489 2163 556 2216 ad
617 2161 999 2216 humiditatem
1058 2160 1431 2231 recipiendam
1503 2162 1778 2232 aperiebat
1836 2161 2063 2216 arbores

488 2267 692 2321 easque
739 2252 805 2305 ad
839 2252 1054 2307 fructus
1091 2267 1194 2307 suo
1227 2263 1474 2323 tempore
1511 2253 1871 2322 proferendos
1907 2263 2063 2322 aptas

489 2345 778 2408 reddebat,
821 2345 1038 2414 aliaque
1082 2347 1355 2415 permulta
1397 2345 1630 2400 faciebat
1670 2346 1846 2414 patris
1889 2345 2065 2400 instar

489 2439 582 2506 qui
637 2437 828 2492 liberis
873 2437 1219 2492 enutriendis
1249 2438 1480 2492 solerter
1534 2438 1805 2508 providet.
1853 2436 2060 2492 Eodem

489 2537 736 2598 tempore
772 2538 825 2583 et
875 2537 1088 2597 segetes
1135 2539 1190 2584 et
1245 2529 1446 2599 plantae
1499 2530 1666 2583 vitam
1734 2535 2062 2599 acceperunt

489 2623 672 2690 pluria
700 2620 917 2674 coalitus
951 2620 1221 2683 immissa,
1256 2629 1311 2675 et
1342 2620 1557 2674 nivibus
1592 2619 1783 2688 gelidis
1813 2629 1864 2674 et
1891 2619 2063 2689 glacie

489 2721 541 2766 et
571 2711 780 2782 pruinis
801 2712 1196 2766 convenienter
1221 2711 1386 2767 datis.
1417 2711 1607 2766 Pluvia
1633 2712 1777 2765 enim
1803 2722 1959 2766 terr-.e
1984 2713 2065 2767 in-

490 2805 694 2858 teriora
737 2805 948 2857 emollit
986 2803 1306 2872 panditque,
1349 2812 1404 2857 et
1425 2804 1503 2857 sic
1533 2805 1599 2856 ad
1633 2803 1852 2871 frugum
1887 2802 2066 2856 incre-

490 2904 739 2948 mentum
771 2909 836 2948 ac
879 2893 1301 2963 prosperitatem
1339 2902 1541 2948 terram
1592 2894 1845 2963 pinguem
1881 2908 1944 2946 ac
1976 2907 2064 2944 va-

489 2985 658 3039 lidam
675 2985 876 3051 reddit,
896 2988 1050 3040 nives
1074 2993 1256 3038 autem
1276 2993 1332 3039 et
1352 2985 1582 3054 reliqua,
1603 2983 1670 3039 de
1685 2983 1886 3054 quibus
1905 2987 2065 3039 modo

489 3078 627 3140 dixi.
697 3076 945 3133 :ohibent
1019 3077 1296 3147 certisque
1347 3077 1613 3132 limitibus
1680 3076 2066 3147 constringunt

2175 1900 2377 1950 μασται
2415 1887 2442 1938 6
2470 1886 2735 1952 ἐνιαυτὸς,
2772 1889 3014 1958 ἄρουραν
3037 1893 3245 1955 ἐκεῖνος
3273 1893 3642 1964 ἀναρρηγνὺς,
3669 1890 3730 1944 δι’

2169 1970 2235 2045 ἧς
2264 1976 2330 2028 τὰ
2361 1977 2609 2047 σπόριμα
2641 1981 2745 2033 ὑπὸ
2791 1983 2973 2053 κόλπῳ
3021 1985 3284 2054 γινόμενα
3331 1985 3434 2052 γῆς
3485 1989 3734 2054 ἐνεκυμο-

2171 2067 2356 2121 νοῦντο
2375 2069 2586 2124 ἐκεῖθεν
2608 2075 2874 2141 γενέσεως
2892 2076 3056 2145 λόγῳ,
3075 2077 3180 2140 ἐως
3197 2079 3290 2130 καὶ
3307 2078 3388 2140 είς
3407 2077 3730 2145 τελειότητα,

2171 2162 2266 2212 καὶ
2323 2159 2390 2216 αὖ
2443 2161 2605 2218 πάλιν
2639 2162 2876 2230 λάκκους
2925 2168 3205 2238 βοθρεύων
3240 2171 3423 2236 φυτῶν
3472 2171 3734 2224 ἐνθέσεσιν

2171 2255 2552 2327 ἀδρυνομένων
2583 2260 2664 2321 είς
2709 2259 2901 2330 δένδρα
2948 2263 3089 2315 κατὰ
3141 2264 3354 2335 καιρὸν,
3387 2265 3483 2317 καὶ
3522 2262 3654 2317 ἄλλα
3681 2261 3733 2316 δέ

2170 2349 2360 2414 ποιῶν,
2415 2347 2482 2402 δι’
2527 2345 2603 2404 ὧν
2633 2351 2735 2404 ὅσα
2787 2353 2881 2406 καὶΙ
2932 2353 3113 2424 πατὴρ
3161 2357 3376 2418 τέκνοις
3422 2360 3536 2418 τοῖς
3584 2356 3735 2422 ζώοις

2169 2439 2426 2509 ἐτημέλει
2458 2440 2526 2494 τὰ
2583 2441 2872 2512 θρέψοντα.
2927 2443 3129 2498 Ἑδίδου
3179 2446 3236 2498 δὲ
3293 2447 3439 2518 ζωὴν
3495 2449 3522 2500 6
3582 2449 3734 2516 αύτός

2171 2529 2360 2599 καιρὸς
2403 2533 2514 2593 τοῖς
2562 2530 2711 2585 ὀὕτω
2758 2535 2851 2586 καὶ
2892 2535 3262 2606 ἐσπαρμένοις
3301 2539 3392 2591 καὶ
3431 2539 3606 2604 ἄλλως
3635 2557 3731 2592 πε-

2172 2621 2532 2691 φυτευμένοις
2560 2627 2654 2676 καὶ
2685 2627 2752 2696 τῇ
2799 2625 2984 2679 θεόθεν
3019 2628 3295 2700 ἐπομόρίᾳ
3330 2632 3427 2683 καὶ
3466 2631 3656 2700 χιόνων
3684 2631 3734 2684 δὲ

2169 2712 2470 2784 ψυχρότητι
2521 2717 2612 2767 καὶ
2641 2716 2878 2784 παγετοῦ
2913 2721 3007 2770 καὶ
3039 2720 3276 2790 πάχνης.
3315 2715 3418 2774 Ὦν
3453 2722 3606 2778 ὑετοῦ
3647 2723 3736 2792 μὲν

2173 2804 2307 2858 ἴδιον
2358 2805 2784 2862 ἀναπεταννύειν
2834 2811 2933 2874 τὰς
2991 2811 3230 2880 λαγόνας
3280 2814 3516 2878 εὐθέτως
3548 2819 3612 2887 τῇ
3651 2819 3734 2886 τῇ,

2172 2896 2265 2948 καὶ
2295 2895 2562 2951 λιπαίνειν
2591 2902 2671 2963 είς
2719 2901 2819 2971 τὴν
2867 2904 3115 2956 ἐοικυῖαν
3146 2904 3384 2977 βλάστην
3413 2908 3509 2960 καὶ
3554 2908 3732 2978 αὔξην·

2173 2987 2348 3057 χιόνος
2374 2989 2431 3040 δέ
2463 2991 2555 3042 καὶ
2585 2991 2694 3043 τῶν
2733 2993 2952 3062 ἐφεξῆς,
2991 2996 3210 3067 ἐπέχειν
3248 2998 3343 3050 καὶ¹
3397 3003 3617 3070 μετρεῖν
3645 3003 3734 3063 τὰς

2172 3080 2427 3144 τοιαύτας
2462 3082 2744 3152 ἐκφύσεις,
2782 3085 2870 3138 ἵνα
2919 3087 2995 3156 μὴ
3031 3088 3100 3141 τὰ
3147 3090 3291 3158 φυτὰ
3339 3093 3732 3162 προεκθορόντα

489 3172 676 3240 fruges
707 3172 850 3232 illas,
873 3183 944 3224 ne
965 3178 1210 3240 tempore
1239 3178 1566 3239 praematuro
1595 3169 1851 3223 adlueem
1895 3169 2067 3238 prosi-

2172 3173 2253 3235 είς
2286 3173 2540 3242 γέννησιν
2589 3175 2816 3246 ἄκαιρον
2872 3177 3400 3249 ἐξαμδλὼσκωντσιι,
3465 3184 3605 3238 καθὰ
3639 3202 3732 3237 που

489 3264 685 3318 lientcs
721 3269 1172 3330 corrumpantur,
1203 3260 1351 3330 quod
1397 3262 1453 3315 iu
1513 3259 1802 3316 abortibus
1858 3267 1914 3314 et
1945 3275 2069 3329 par-

493 3357 657 3410 tubus
690 3355 1030 3426 praecocibus
1061 3352 1316 3410 accidere
1347 3354 1508 3410 solet.
1559 3353 1853 3424 Postquam
1902 3353 2068 3421 igitur

493 3445 671 3498 hiems
698 3445 790 3500 tali
847 3447 1010 3501 modo
1065 3455 1227 3500 terrae
1295 3445 1451 3502 utihs
1497 3447 1698 3509 fuerat,
1737 3459 1864 3515 erga
1921 3458 2069 3498 mare

491 3553 738 3608 quoque,
768 3553 829 3594 se
885 3539 1144 3608 prazstitit
1210 3548 1577 3602 mansuetam,
1634 3552 1813 3607 neque
1878 3547 2068 3591 contra

493 3628 678 3696 pisces
719 3629 963 3681 marinos
1013 3627 1313 3683 crudeliter
1364 3627 1563 3695 sarviit,
1619 3641 1796 3698 neque
1850 3625 2069 3697 navigia

493 3727 800 3789 nautasque
835 3721 1055 3790 penitus
1081 3720 1386 3775 absorbuit.

567 3812 658 3868 M.
683 3809 833 3867 Talis
864 3811 1054 3882 igitur,
1094 3821 1154 3868 ut
1195 3811 1344 3868 brevi
1382 3812 1582 3878 dicam,
1612 3813 1788 3870 hiems
1814 3811 2073 3868 fuit.‘Ver

495 3911 701 3969 autem,
753 3904 895 3958 alma
942 3904 1308 3974 agricolarum
1339 3916 1510 3961 mater
1544 3921 1608 3960 ac
1640 3906 1822 3960 nutrix
1855 3913 2068 3972 nostra,

495 3997 627 4051 anui
654 4004 870 4067 tempus
911 3995 1058 4064 quod
1112 3995 1504 4065 primumcum
1552 3997 1741 4052 mundi
1791 3997 2072 4051 creatione

493 4087 721 4157 prodiit,
771 4086 1228 4142 vicissitudinum
1263 4090 1796 4154 anniversariarum,
1831 4090 1909 4143 uti
1936 4105 2073 4159 pra:-

496 4183 646 4236 clare
681 4179 908 4250 quidam
942 4179 1103 4244 dixit,
1135 4181 1342 4252 regina,
1378 4183 1521 4236 inter
1540 4191 1893 4252 tempestates
1923 4183 2072 4252 prin-

497 4289 648 4344 ceps,
672 4270 925 4340 frugibus
964 4273 1168 4327 teneris
1211 4273 1621 4343 iucundissima
1660 4272 1913 4341 aerisque
1939 4282 2074 4327 tem-

499 4379 818 4439 peramento
871 4369 1267 4432 ammnissima,
1307 4368 1464 4424 nobis
1511 4369 1692 4424 omnia
1737 4369 1886 4423 dedit
1930 4370 2072 4424 bona

497 4464 702 4531 quibus
749 4464 894 4520 Deus
939 4479 1058 4518 eam
1102 4463 1381 4532 insignem
1429 4461 1670 4517 reddidit
1736 4470 1789 4516 et
1830 4477 2068 4532 quorum

499 4555 689 4611 laudes
745 4557 1138 4626 quamplurimi
1207 4557 1556 4610 celebrarunt
1607 4555 1920 4626 philompbi
1976 4553 2070 4623 qui

500 4648 697 4716 partim
765 4649 817 4700 in
873 4647 1170 4714 vestibulo,
1223 4647 1422 4716 partim
1481 4646 1536 4700 in
1587 4647 1768 4718 adytis
1815 4645 2076 4701 Ecclesie

499 4740 792 4794 constituti
819 4740 990 4796 fuere.

572 4832 656 4897 15,
696 4833 900 4887 Deinde
943 4844 1105 4888 aestas
1136 4834 1460 4889 immensam
1499 4833 1794 4888 maturavit
1825 4831 2078 4903 pulcher-

498 4926 762 4981 rimarum
795 4927 1010 4998 frugum
1042 4929 1252 4996 copiam
1288 4941 1390 4996 qua
1419 4940 1594 4994 neque
1611 4925 1869 4993 agricola:
1898 4938 2076 4993 neque

497 5021 588 5088 qui
623 5020 732 5074 illis
758 5021 895 5076 bene
930 5021 1165 5089 cupiunt
1195 5019 1508 5074 uberiorem
1542 5032 1779 5086 unquam
1799 5016 2077 5070 desidera-

498 5109 700 5162 vet-int.
732 5111 1047 5164 Autumnus
1092 5109 1211 5178 ipse
1251 5122 1473 5177 quoque
1508 5107 1722 5175 priores
1758 5109 1882 5159 anni
1938 5114 2078 5160 tem-

497 5215 532 5267 p
572 5210 745 5254 States
775 5200 1031 5254 tennrlari
1067 5215 1166 5269 pro
1218 5199 1429 5253 viribus
1475 5197 1712 5252 studuit.
1757 5196 1938 5264 Quare
1969 5212 2073 5251 non

497 5292 676 5346 solum
712 5295 854 5347 bona
885 5293 1137 5347 exhibuit
1171 5292 1278 5346 sibi
1330 5291 1578 5360 propria,
1610 5289 1665 5342 in
1706 5290 1906 5358 quibus
1950 5303 2075 5357 spe-

495 5384 662 5438 ciosa:
697 5385 941 5440 eminent
1002 5400 1142 5447 uvae,
1174 5383 1270 5438 sed
1315 5394 1370 5438 et
1416 5385 1811 5452 praecedentem
1843 5399 2073 5437 messem

496 5477 738 5547 assequi,
783 5477 894 5530 imo
926 5491 1191 5546 superare
1219 5484 1454 5531 conatus
1483 5485 1566 5530 est
1587 5475 1801 5544 frugum
1827 5474 2078 5529 ubertate

495 5578 550 5622 et
583 5568 1016 5637 pulchritudine,
1048 5568 1122 5622 ita
1147 5575 1204 5620 ut
1228 5567 1392 5622 etiam
1430 5567 1605 5637 ipsius
1633 5581 1833 5620 nomen
1870 5567 2078 5637 (φθινό-

498 5658 702 5730 πωρον)
739 5660 956 5714 mentiri
995 5659 1290 5714 videretur.
1318 5657 1586 5714 Caeterum
1615 5659 1679 5711 de
1701 5656 1769 5712 iis
1793 5660 2075 5728 quaelarga

498 5766 663 5808 manu
719 5761 885 5812 testas
934 5754 1224 5822 obtulerat,
1276 5752 1524 5825 quaedam
1578 5753 1880 5827 perierunt.
1939 5752 2076 5806 Cum

2174 3261 2268 3314 καὶ
2301 3262 2604 3337 ἠλιτόμηνα
2634 3267 2668 3337 ἦ
2710 3269 3062 3338 ἐκτρώματα.
3093 3271 3202 3324 Καὶ
3224 3275 3288 3342 τῇ
3318 3277 3388 3343 γῇ
3416 3275 3557 3328 οὕτω
3575 3292 3732 3345 προσ-

2171 3355 2473 3425 φερόμενος
2501 3359 2527 3409 6
2561 3357 2701 3410 κατὰ
2724 3359 2971 3427 χειμῶνα
3000 3361 3219 3431 χρόνος,
3248 3363 3370 3416 οὐδέ
3402 3363 3503 3436 τὴν
3550 3366 3732 3418 Odia:-

2174 3464 2271 3500 σαν
2303 3449 2558 3520 ἀμέτρως
2590 3450 2801 3516 ἐλύπει,
2836 3454 2977 3506 κατά
3024 3470 3088 3521 γε
3122 3455 3230 3507 τῶν
3266 3457 3508 3525 ἐκγόνων
3551 3458 3731 3527 ἰχθύων

2173 3539 2447 3609 ἀφόρητος
2503 3539 2954 3612 ἐκθηριούμενος,
3013 3546 3107 3598 καὶ
3143 3543 3344 3598 πλοίων
3391 3547 3450 3600 δὲ
3495 3550 3587 3601 καὶ
3636 3550 3732 3601 τῶν

2172 3630 2518 3699 ἐμπλεόντων
2560 3635 2773 3705 ἐρήμην
2811 3635 3092 3700 παντελῶς
3137 3637 3309 3707 αὐτὴν
3336 3640 3730 3696 ἀποκαθιστῶν.

2247 3813 2333 3867 ιδ’.
2369 3813 2477 3864 Καὶ
2513 3811 2750 3866 τοιοῦτοι
2783 3815 2901 3882 μὲν,
2934 3815 3296 3888 ἐπιτροχάδην
3329 3818 3524 3884 εἰπεῖν,
3553 3820 3601 3872 οἱ
3624 3834 3732 3890 χειο

2175 3906 2354 3974 μῶνες
2391 3909 2612 3960 ἐκεῖνοι.
2668 3907 2740 3959 T6
2771 3907 2826 3959 δέ
2861 3907 2982 3978 ἐαρ,
3013 3911 3047 3978 ἡ
3085 3912 3408 3982 παμμήτωρ
3451 3913 3558 3966 τῶν
3592 3914 3728 3982 ἡμᾶς

2170 3995 2518 4047 διοικούντων
2569 3993 2711 4064 ὥρα,
2769 3991 2839 4068 ἦς
2875 3998 3038 4067 ⁴ἡμεῖς
3076 3999 3356 4068 τρόφιμοι,
3387 4000 3416 4054 6
3453 4004 3517 4073 τῇ
3546 4018 3731 4070 acopo-

2172 4081 2327 4155 ποιίᾲ
2380 4087 2751 4157 συνεξέλαμψε
2804 4088 3041 4158 πρῶτον,
3077 4091 3110 4160 ή
3141 4092 3249 4144 τῶν
3280 4092 3460 4162 ὡρῶν,
3494 4095 3626 4148 καθᾶ
3653 4110 3731 4157 τις

2171 4178 2348 4248 ὀρθῶς
2380 4177 2767 4249 ἐφιλοσόφησε,
2825 4179 3061 4249 βασιλὶς,
3098 4183 3126 4234 6
3174 4187 3479 4254 κορυφαῖος
3524 4187 3582 4239 ἐν
3625 4190 3728 4249 τοῖς

2173 4273 2414 4341 καιροῖς,
2447 4272 2474 4324 6
2497 4270 2592 4323 καὶ
2613 4272 2713 4340 τὴν
2743 4271 3044 4326 ἀπόλαυσιν
3066 4274 3283 4345 ἥδιστος
3309 4280 3404 4329 καὶ
3435 4278 3533 4348 τὴν
3557 4280 3730 4349 κρᾶσιν

2175 4363 2418 4433 ἄριστος,
2459 4367 2644 4418 ἐκεῖνα
2676 4367 2770 4419 καὶ
2803 4366 2941 4434 μόνα
2975 4367 3147 4419 ἐποίει
3182 4369 3240 4420 ἐν
3287 4371 3399 4432 τοῖς
3458 4373 3728 4440 ἡμετέροις

2178 4459 2401 4522 ἅπασιν,
2450 4459 2668 4522 ὁπόσοις
2693 4461 2785 4512 καὶ
2816 4459 2844 4510 6
2875 4459 3008 4522 Θεὸς
3038 4459 3202 4514 αὐτὸν
3234 4461 3528 4532 ἐνέλαμψε,
3568 4464 3653 4517 καὶ
3687 4463 3727 4514 οι

2181 4554 2429 4620 σοφισταὶ
2458 4551 2638 4619 λόγοις
2669 4551 2996 4620 ἐσέμνυναν,
3047 4553 3232 4621 μυρίοι
3262 4554 3483 4607 ἐκεῖνοι·
3515 4549 3586 4608 ὧν
3617 4561 3728 4615 τοὺς

2178 4643 2277 4712 μὲν
2303 4646 2334 4714 ἡ
2359 4643 2463 4708 ἐξω
2493 4643 2634 4713 αὐλὴ
2659 4644 2807 4712 ἐσχε,
2842 4644 2968 4708 τοὺς
2992 4643 3049 4696 δὲ
3079 4645 3146 4697 τά
3173 4643 3268 4698 τοῦ
3300 4645 3572 4701 θειοτάτου
3595 4649 3725 4700 οἰκον

2176 4737 2365 4791 ἄδυτα.

2253 4837 2334 4886 ιε’.
2365 4828 2439 4883 Τδ
2462 4830 2519 4884 δέ
2551 4831 2609 4884 ἐν
2662 4834 2776 4896 τοῖς
2816 4833 2936 4886 τότε
2971 4833 3129 4905 θέρος
3173 4835 3424 4905 ἐνεφόρει
3460 4835 3526 4888 τὰ
3569 4834 3725 4902 ὡραῖα

2177 4926 2309 4995 ἡμῖν
2339 4924 2700 4992 παγκαρπίας
2735 4926 2977 4996 ἁπάσης,
3030 4928 3221 4980 ὁποίαν
3263 4928 3514 4997 εὖχονται
3541 4929 3584 4980 οί
3615 4925 3727 4993 περὶ

2177 5015 2279 5085 γῆν
2310 5032 2369 5068 τε
2399 5017 2740 5086 πονούμενοι,
2771 5018 2867 5070 καὶ
2900 5019 3015 5071 ὅσοι
3046 5019 3103 5071 δὲ
3131 5020 3305 5081 ἄλλως
3338 5022 3522 5083 αὐτοῖς
3555 5018 3728 5086 ἐπιμέ-

2175 5106 2380 5160 λονται.
2415 5107 2458 5159 Τ
2461 5109 2488 5161 ὸ
2520 5109 2576 5161 δέ
2613 5109 2956 5179 φθινόπωρον
2983 5141 3054 5152 --
3080 5111 3215 5164 ἀλλὰ
3252 5115 3346 5165 καὶ
3388 5115 3519 5166 αὐτὸ
3544 5113 3728 5182 ἐρίζειν

2177 5198 2336 5269 ἤθελε
2385 5201 2504 5262 ταῖς
2551 5205 3034 5271 προηγησαμέναις
3080 5202 3278 5273 ὥραις,
3319 5207 3400 5265 είς
3447 5205 3569 5256 ὅσον
3598 5203 3730 5270 ἐξῆν.

2182 5291 2288 5342 Καὶ
2323 5292 2382 5344 ού
2419 5292 2580 5356 μόνον
2607 5293 2664 5344 το
2695 5292 2847 5361 αύτῷ
2896 5293 3097 5362 ἀνῆκον
3128 5294 3292 5348 καλὸν
3327 5296 3523 5360 ἐδίδου,
3561 5289 3632 5348 ῶν
3682 5293 3734 5344 τὸ

2178 5385 2456 5455 ἐξαίρετον
2479 5386 2534 5438 αι
2565 5385 2730 5438 καλαὶ
2761 5385 3049 5452 σταφυλαί·
3078 5386 3214 5439 ἀλλά
3237 5389 3330 5438 καὶ
3355 5391 3422 5457 τῇ
3451 5387 3556 5456 πρὸ
3583 5384 3735 5451 αὐτῆς

2177 5476 2370 5547 ὀπώρᾳ
2400 5477 2720 5544 ἐφιλονείκει
2752 5494 2866 5539 πως
2901 5477 3232 5543 ἐξισοῦσθαι,
3281 5481 3629 5550 ὀπωρίζουσα
3650 5474 3738 5527 καὶ

2179 5569 2339 5637 αὑτὴ,
2379 5570 2470 5620 καὶ
2510 5568 2702 5639 ἡδονὴν
2758 5569 3076 5639 πορίζουσα,
3137 5571 3218 5633 εἰς
3257 5571 3383 5623 ὅσον
3421 5573 3516 5624 καὶ
3574 5570 3740 5622 δοκεῖν

2178 5657 2471 5728 ψεύδεσθαι
2501 5661 2559 5712 τὸ
2594 5659 2962 5730 φθινόπωρον.
2990 5661 3334 5730 Ἐνοσφίζετο
3366 5664 3422 5715 δέ
3453 5681 3505 5715 τι
3529 5664 3620 5714 καὶ
3648 5659 3742 5724 τῆς

2183 5750 2397 5820 θερινῆς
2432 5751 2780 5822 σεμνότητος.
2824 5752 2888 5807 'il
2921 5753 3027 5825 γὰρ
3063 5755 3273 5808 ἐκεῖθεν
3304 5753 3648 5824 πανσπερμία
3687 5747 3746 5800 τὸ
