3942 6250
231 339 342 400 549

1162 337 1454 400 ORATIO
1506 333 1716 399 ANNO
1745 331 2234 397 AUQPICANDO
2255 331 2568 392 HABITA.

3372 335 3480 400 .550

231 453 436 522 μυρίον
477 451 572 504 τοῦ
603 452 726 505 κατ’
757 451 927 516 αὐτὴν
955 449 1201 522 χύματος
1246 450 1679 520 παρεκτείνουσα
1719 450 1801 511 είς

1922 446 2047 502 anim
2077 445 2322 501 continui
2349 446 2665 502 acciderent
2702 443 2928 512 imbres,
2956 449 3172 514 tempus
3207 447 3480 504 messibus

232 545 453 614 μακρόν
491 561 545 597 τι
592 545 809 614 χρόνου,
837 543 1048 606 ἆλωνάς
1073 560 1131 596 τε
1177 543 1435 613 ἐπλήρου,
1478 542 1574 596 καὶ
1602 545 1666 611 τῇ
1698 540 1807 595 τῶν

229 636 568 706 δραγμάτων
593 637 850 706 συντριϐῇ
878 637 978 698 τὰς
1003 635 1289 705 ἀποθήκας
1321 633 1526 705 μεστὰς
1549 636 1804 698 ἐποιεῖτο,

231 730 288 782 εἴ
311 730 462 792 τινές
498 746 601 782 που
630 731 722 782 καὶ
755 723 906 798 εῐχον
932 727 1245 797 κενώματα.
1277 729 1403 790 Τοῖς
1429 729 1537 797 γὰρ
1566 725 1810 779 πλείοσιν

232 824 577 892 ἀνηρευνᾶτο
615 821 712 875 καὶ
753 820 974 889 ἀγγεῖα,
1017 819 1296 890 χωροῦντα
1325 818 1387 872 τὸ
1414 819 1511 887 τῆς
1538 820 1638 888 γῆς
1673 815 1806 870 πολῦ

230 916 504 983 δεξίωμα.
547 910 673 983 Εἶχε
729 912 787 967 δέ
821 931 875 967 τι
927 913 1022 964 καὶ
1073 911 1216 966 κατὰ
1263 910 1357 965 τοῦ
1409 910 1570 980 ἔαρος
1622 910 1807 980 ήτότε

232 1007 435 1075 enim;
462 1007 559 1074 τῆς
585 1005 808 1072 ὀπώρας
830 1007 1221 1060 νεανιεύεσθαι.
1249 1007 1328 1074 Τῇ
1355 1004 1464 1074 γὰρ
1486 1003 1566 1066 εἰς
1585 1001 1808 1056 διπλοῦν

163 1157 169 1161 _
231 1097 468 1169 εὐφορίᾳ
498 1096 616 1150 ἔνια
639 1098 752 1150 τῶν
796 1099 979 1167 φυτῶν
1026 1097 1382 1156 ἑπανθοῦντα,
1438 1091 1554 1147 εἶτα
1588 1094 1684 1147 καὶ
1724 1093 1806 1154 είς

232 1190 451 1258 καρπὸν
504 1188 988 1258 παραγγέλλοντα,
1042 1189 1344 1259 ἐνεαρίζειν
1394 1187 1585 1256 ὥσπερ
1633 1183 1805 1237 ἐδίδου

230 1282 366 1343 τοὺς
396 1281 568 1345 αὐτὰς
621 1281 941 1351 βλέποντας.
985 1281 1171 1335 Ἕνεκα
1220 1281 1277 1334 δὲ
1324 1281 1475 1349 ὅμως
1527 1280 1593 1348 τῇ
1640 1277 1806 1347 λοιπῇ

233 1371 466 1443 εύθηνὲᾳ
492 1375 558 1443 τῇ
599 1371 928 1444 ὑπερϐλύσει
957 1370 1053 1424 τοῦ
1082 1369 1344 1440 γλεύκους
1373 1369 1536 1440 ὁλκῷ.

311 1553 414 1608 ις’.
452 1545 562 1600 Καὶ
585 1547 810 1600 τοιαῦτα
837 1547 936 1618 μὲν
953 1549 1088 1618 ἡμῖν
1109 1548 1180 1602 τὰ
1207 1549 1315 1619 πρὸ
1341 1549 1566 1616 τούτων,
1594 1551 1685 1606 ὅτε
1716 1553 1809 1606 καὶ

235 1638 516 1704 εὐλογεῖτο
546 1639 639 1691 καὶ
664 1638 875 1706 εὐλόγει
902 1641 930 1692 ὁ
959 1639 1112 1702 Θεὸς,
1143 1641 1240 1695 καὶ
1273 1640 1568 1711 λαμϐάνων
1594 1643 1806 1697 ἀντεδί-

233 1729 355 1784 δου.
395 1729 572 1784 Τανῦν
609 1731 668 1786 δὲ
701 1731 908 1786 ἄναλλα
947 1732 1146 1796 πάντα,
1198 1734 1226 1787 ὃ
1276 1734 1341 1805 δὴ
1391 1736 1628 1803 λέγεται.
1663 1739 1811 1792 Ψεύ-

1913 543 2213 601 οοῐιιὶοιιιιίε
2259 542 2588 597 destinatum
2642 537 2850 596 diutius
2894 539 3145 609 pretrahi
3210 542 3477 611 oportuit.

1912 638 2166 692 Attamen
2215 643 2268 690 et
2306 635 2388 691 sic
2444 635 2635 690 horrea
2672 633 2942 704 completa
2991 647 3140 696 sunt,
3183 648 3284 688 nee
3320 634 3480 689 mini-

1913 745 2061 785 tnum
2122 728 2339 799 quidem
2411 727 2790 797 granariorum
2857 727 2962 782 fuit
3024 727 3264 798 spatium
3329 730 3476 797 quod

1911 837 2146 876 vacuum
2203 821 2632 889 relinqueretur.
2693 818 2845 873 Multi
2914 817 3078 874 etiam
3150 822 3478 890 conquirere

1915 912 2218 966 debuerunt
2248 925 2372 964 vasa
2405 909 2607 976 quibus
2650 916 2814 964 terrae
2863 909 3164 966 ubettatcm
3204 913 3478 966 reconde-

1916 1014 2057 1060 t‘ent.
2092 1003 2357 1059 Praeterea
2401 1011 2699 1057 autumnus
2761 1002 2852 1057 ille
2909 1006 3056 1058 veris
3104 1003 3280 1059 iuSIat‘
3316 1004 3477 1075 quasi

1915 1097 2327 1166 rejnvenescere
2377 1098 2563 1165 cmpit.
2618 1088 2856 1150 A'rborrs
2889 1095 3032 1148 enim
3090 1098 3336 1167 quaedam
3393 1114 3480 1153 se-

1912 1190 2090 1246 Cunda
2119 1189 2232 1244 tice
2261 1189 2486 1244 ﬂoribus
2519 1198 2789 1244 tumentes
2814 1190 3023 1244 frui-tus
3042 1191 3237 1246 iterum
3277 1190 3478 1255 promi-

1914 1288 2124 1345 διιιἾηιι,
2151 1279 2224 1333 ita
2261 1291 2314 1332 ut
2350 1287 2690 1348 spectatores
2718 1295 2946 1334 vernum
2991 1291 3204 1353 tempus
3247 1282 3477 1335 rediisse

1914 1379 2192 1442 putarent.
2250 1373 2508 1427 Attamen
2562 1369 2868 1424 fecunditas
2915 1379 3229 1441 antegressa
3281 1384 3477 1423 nox-am

1915 1458 2251 1514 fertilitatem
2292 1459 2562 1513 cohibuit.

1989 1550 2078 1606 16.
2105 1549 2259 1603 Talia
2288 1550 2416 1604 olim
2451 1551 2608 1605 nobis
2645 1547 3020 1620 contigerunt,
3075 1552 3295 1622 quando
3337 1551 3482 1607 Deus

1915 1653 1971 1698 et
2005 1643 2450 1701 “benedicebatur
2473 1653 2527 1698 et
2581 1644 2961 1710 benedicebat,
2989 1655 3154 1716 atque
3201 1647 3482 1716 accipiens

1916 1735 2274 1804 rependebat.
2306 1734 2464 1790 Nunc
2497 1751 2626 1791 vero
2651 1741 3234 1806 prorsuseontrarium
3258 1740 3478 1794 :tCt'idil.

233 1820 421 1875 δονται
451 1821 561 1892 γὰρ
593 1823 650 1877 αἱ
678 1818 818 1894 ὧραι
849 1824 918 1877 τὰ
947 1823 1065 1877 κατ’
1095 1824 1263 1888 αὑτὰς
1300 1826 1674 1896 ἐνεργήματα.
1699 1828 1810 1882 Καὶ

1922 1827 2164 1897 Namque
2195 1827 2328 1882 anni
2356 1836 2600 1898 tempora
2649 1830 2758 1884 vim
2802 1844 2865 1884 ac
2903 1841 3153 1885 naturam
3188 1833 3292 1885 sibi
3356 1847 3482 1900 pro-

233 1915 264 1967 6
298 1914 403 1984 μὲν
426 1917 705 1984 χειμέριος
736 1915 949 1986 καιρὸς,
972 1917 1158 1984 ἀφιεὶς
1181 1915 1280 1988 τὴν
1312 1917 1434 1971 κατ’
1459 1917 1623 1972 αὐτὸν
1649 1917 1808 1987 ὑγρό-

231 2022 398 2073 τητα,
423 2006 490 2059 δι’
517 2007 585 2076 ἢν
611 2007 688 2070 ὡς
719 2007 920 2078 πολλὴν
949 2009 1119 2080 αὐτὴν
1156 2027 1175 2062 t
1210 2011 1500 2080 καταχέιον
1535 2029 1553 2063 ι
1581 2010 1682 2079 τῆς
1706 2010 1810 2081 γῆς

235 2097 554 2167 ὠνόμασται
591 2116 610 2151 ι
641 2099 868 2170 χειμὼν,
909 2121 930 2154 ι
973 2103 1055 2164 είς
1097 2101 1304 2170 αὐχμὸν
1352 2099 1806 2170 μετεσκεύασται.

237 2191 352 2243 Καὶ
383 2190 502 2244 ἀντὶ
533 2191 718 2260 πηλῶν
749 2195 842 2245 καὶ
872 2193 1176 2262 τελμάτων,
1225 2193 1293 2246 δι’
1321 2187 1395 2248 ὧν
1421 2196 1453 2262 ὴ
1491 2195 1565 2262 γῆ
1595 2212 1812 2265 συνεχο-

240 2283 384 2351 μένη
433 2283 586 2337 κάτω
647 2283 800 2353 μένει
856 2285 1220 2356 βαρυνομένη,
1279 2287 1682 2340 κατακόπτεται
1729 2289 1811 2350 είς

239 2374 411 2435 κόνιν,
459 2374 637 2436 καλῶς
669 2375 738 2428 ἂν
785 2378 934 2429 εῐποι
989 2393 1094 2440 τις,
1145 2376 1384 2448 Θερινὴν,
1415 2377 1448 2446 ἢ
1483 2378 1578 2431 καὶ
1607 2377 1682 2441 ὠς
1729 2379 1810 2440 είς

238 2466 480 2534 ἀτόμους
518 2467 954 2538 λεπτοτομεῖται.
1018 2470 1078 2521 '0
1128 2469 1182 2522 δὲ
1223 2471 1330 2539 ἀὴρ
1369 2469 1439 2521 τὰ
1492 2468 1662 2522 πολλὰ
1711 2469 1810 2537 μὲν

241 2559 509 2628 βούλεται
550 2562 688 2630 πρὸς
741 2563 967 2631 ἐαρινὴν
1009 2561 1042 2631 ἢ
1085 2563 1180 2617 καὶ
1220 2561 1437 2632 θερινὴν
1475 2563 1810 2618 κατάστασιν

239 2651 663 2722 ἐξημεροῦσθαι·
706 2654 795 2707 ὅτε
823 2654 877 2707 δὲ
907 2657 1001 2707 καὶ
1033 2653 1365 2725 ἐνθυμηθείη
1402 2653 1609 2725 χειμὼν
1649 2655 1813 2719 αὐτδς

239 2738 407 2806 εἶναι,
439 2743 576 2797 ἀλλὰ
602 2744 723 2797 τότε
753 2745 1158 2818 ὑπερεπιτείνει
1186 2745 1404 2822 ἑαυτὸν,
1425 2747 1522 2800 καὶ
1551 2749 1610 2799 06
1645 2747 1808 2816 μόνου

239 2835 482 2902 οὐρανοῦ
516 2837 720 2904 γίνεται
758 2837 908 2908 ἄχος,
963 2838 993 2890 ὃ
1034 2837 1099 2908 δή
1151 2821 1238 2901 τις
1280 2837 1406 2909 ἔφη,
1446 2839 1581 2891 ἀλλὰ
1617 2839 1713 2892 καὶ
1749 2838 1813 2891 τδ

245 2925 414 2993 μέσον
449 2925 614 2980 αὐτοῦ
645 2928 740 2980 καὶ
770 2927 869 2997 γῆς
899 2926 1048 2980 ἅπαν
1069 2927 1222 2998 κῦμα
1247 2927 1488 2997 συγχέει,
1515 2929 1610 2980 καὶ
1637 2927 1811 2989 οὕτως

241 3013 452 3082 ἀπάγει
503 3013 594 3068 τοῦ
634 3015 830 3078 παντὸς
863 3015 923 3068 τὸ
953 3016 1176 3086 κόσμιον
1209 3019 1401 3086 δνομα.
1455 3017 1565 3071 Ποῦ
1595 3016 1705 3087 γὰρ
1744 3017 1812 3071 ἂν

243 3105 328 3158 ἔτι
365 3106 567 3176 κόσμος
595 3107 657 3159 τὸ
687 3109 816 3173 πᾶν,
847 3107 974 3162 ἔνθα
1015 3108 1217 3179 ἐσχάτη
1247 3109 1487 3178 ἀκοσμία
1536 3125 1812 3162 κατακαυ-

1914 1919 2086 1989 priam
2119 1918 2262 1974 haud
2307 1920 2541 1989 amplius
2579 1928 2861 1976 exserunt.
2919 1920 3158 1990 Tempus
3191 1922 3477 1977 hibernum

1918 2017 2128 2061 tantum
2190 2008 2346 2063 abest
2400 2019 2460 2063 ut
2513 2010 2815 2064 naturalem
2865 2011 3265 2078 humiditatem,
3312 2026 3477 2081 quam

1916 2100 2134 2154 abunde
2174 2100 2227 2154 in
2283 2109 2488 2156 terram
2542 2102 2838 2158 demittens
2899 2101 3226 2176 (καταχέων)
3281 2119 3478 2159 nomen

1917 2189 2166 2260 (χειμὼν)
2214 2195 2447 2262 accepit,
2487 2195 2738 2259 retineat,
2793 2202 2852 2248 ut
2877 2195 3056 2264 potius
3079 2195 3134 2248 in
3181 2197 3479 2250 SlCtilalclll

1918 2291 2340 2336 transmutatum
2391 2284 2487 2338 sit.
2551 2283 2656 2338 Pro
2705 2284 2901 2339 lutosis
2937 2285 3228 2354 paludibus
3269 2297 3324 2340 et
3368 2302 3480 2341 cte-

1916 2376 2070 2431 nosis
2128 2377 2361 2432 sentinis
2418 2376 2616 2446 quibus
2681 2387 2826 2432 terra
2901 2377 3160 2432 inundata
3220 2379 3477 2434 deorsum

1917 2466 2300 2537 comprimitur
2342 2476 2507 2532 atque
2538 2468 2809 2533 subsidet,
2847 2469 2900 2524 in
2927 2470 3200 2539 pulverem
3231 2471 3481 2524 aestivum

1917 2573 2037 2614 eam
2057 2559 2380 2625 comminui,
2409 2560 2582 2614 autin
2619 2569 2802 2616 atoma
2834 2561 3061 2617 dissolvi
3084 2562 3209 2631 jure
3248 2564 3481 2618 dixeris.

1916 2647 2090 2705 Porro
2113 2651 2232 2720 ejus
2274 2654 2564 2720 temperies
2608 2663 2716 2706 tam
2751 2654 2898 2708 mitis
2934 2662 3038 2717 est,
3071 2662 3129 2708 nt
3155 2654 3268 2709 veri
3295 2658 3482 2724 potius

1917 2740 2002 2794 vel
2031 2741 2208 2794 aestati
2230 2743 2524 2796 convenire
2554 2741 2828 2799 videatur.
2857 2743 3086 2809 Quando
3115 2753 3296 2800 autem
3341 2744 3484 2800 forte

1918 2830 2119 2886 hiemis
2148 2841 2330 2902 partes
2363 2847 2521 2902 agere
2569 2849 2756 2888 revera
2802 2845 3054 2900 conatur,
3103 2844 3233 2891 tunc
3266 2852 3483 2892 omnem

1919 2924 2145 2978 modum
2170 2924 2408 2989 excedit,
2444 2941 2546 2981 nec
2571 2934 2784 2981 tantum
2814 2930 3058 2993 tristitia,
3091 2939 3144 2982 ut
3177 2929 3252 2984 ita
3276 2931 3482 2994 dicam,

1919 3013 2150 3068 adicitur
2181 3015 2406 3079 coelum,
2437 3014 2536 3070 sed
2571 3017 2736 3070 etiam
2784 3018 3050 3088 quidquid
3095 3018 3345 3075 humoris
3400 3033 3485 3076 est

1919 3103 2063 3159 inter
2097 3105 2276 3174 ipsum
2325 3119 2389 3161 ac
2422 3117 2628 3162 terram
2663 3107 2914 3172 effundit,
2946 3111 3018 3164 ita
3073 3121 3132 3164 ut
3165 3113 3481 3168 universum

241 3200 410 3268 χᾶται
436 3216 452 3264 ;
483 3199 737 3252 Θάλασσα
764 3200 820 3252 δὲ
852 3200 946 3253 καὶ
969 3200 1110 3271 αῦτή
1135 3199 1435 3268 τηνικαῦτα
1459 3200 1519 3253 τὸ
1546 3200 1812 3268 ζωογόνον

1922 3197 2008 3248 vix
2043 3197 2233 3250 mundi
2267 3213 2464 3251 nomen
2498 3211 2798 3254 mereatur.
2852 3200 2955 3266 Qui
2984 3202 3130 3256 enim
3161 3205 3480 3257 universum

243 3295 345 3348 καὶ
376 3293 454 3363 τῷ
485 3296 678 3364 κόσμῳ
717 3293 892 3362 φίλιον
925 3292 1272 3361 ἀπολέγεται,
1310 3293 1676 3348 ἀναϐαίνουσα
1709 3292 1815 3356 ἕως

241 3387 360 3440 τῶν
393 3386 659 3457 οὐρανῶν,
685 3387 781 3440 καὶ
805 3388 920 3447 τοῖς
979 3385 1273 3456 σχίσμασιν
1309 3373 1670 3440 ὑποδεικνῦσα
1717 3403 1816 3454 γυ-

249 3480 397 3550 μνὴν
427 3479 527 3549 τὴν
559 3479 816 3542 ἄϐυσσον,
865 3479 942 3542 ὡς
975 3483 1086 3543 τοῖς
1141 3479 1240 3550 μὲν
1267 3479 1529 3548 λαχοῦσιν
1559 3479 1817 3548 ὲμπλέειν

243 3571 340 3623 τὸν
372 3569 540 3641 ’ᾍδην
591 3570 1057 3640 ἀποκληροῦσθαι,
1115 3571 1256 3623 κατὰ
1293 3570 1353 3624 τὸ
1393 3571 1569 3640 πάντη
1623 3571 1819 3640 όμολο⁹

244 3661 541 3731 γούμενον·
571 3665 684 3725 τοῖς
729 3661 785 3714 δὲ
819 3661 940 3716 κατ’
979 3661 1148 3730 αὐτὴν
1201 3660 1362 3726 ζώοις
1414 3662 1491 3732 μὴ
1524 3663 1686 3732 μόνον
1741 3661 1816 3732 μὴ

246 3749 454 3815 ἐξεῖναι
490 3752 621 3820 περὶ¹
650 3751 819 3821 αὐτὴν
857 3750 1116 3820 ἐλεύθερα
1138 3751 1434 3820 διατρίϐειν
1461 3753 1551 3806 ἐπ’
1578 3753 1820 3822 ὠφελείᾳ

244 3840 433 3911 ἡμῶν,
475 3841 612 3894 ἀλλὰ
647 3841 782 3910 μηδὲ
820 3842 985 3910 ἔχειν,
1017 3842 1154 3897 ὃπου
1184 3843 1493 3898 καταδύντα
1531 3845 1820 3914 περιέσον-

246 3946 368 3984 ται.
405 3931 514 3984 Καὶ
542 3931 683 3984 οὕτω
735 3932 836 4000 μὲν
890 3932 984 3985 καὶ.
1019 3933 1053 4002 ἠ
1110 3932 1355 3986 Θάλασσα
1404 3933 1817 4005 ὑπερμέμηνεν,

248 4021 441 4074 οὐκέτι
469 4021 579 4072 οὐδ’
601 4021 740 4092 αὑτὴ
768 4017 902 4075 οὖσα
926 4022 1064 4091 ὅπερ
1087 4021 1192 4075 ὑπὸ
1215 4022 1350 4076 Θεοῦ
1369 4023 1628 4078 τέτακται
1657 4020 1816 4080 εἶναι.

250 4115 336 4184 Τῇ
370 4116 439 4184 γῇ
490 4113 546 4167 δὲ
576 4113 710 4167 ἄλλα
743 4115 1084 4185 ὲτιιφορείται
1118 4114 1285 4179 δεινὰ,
1333 4117 1441 4169 τῶν
1471 4115 1570 4184 μὲν
1609 4114 1822 4183 ἀνθρὼ-

251 4223 376 4260 πων
406 4206 713 4260 ὀκνούντων
741 4201 901 4273 εἶναι,
942 4207 991 4259 εί
1045 4206 1112 4261 τὰ
1148 4206 1353 4261 τοιαῦθ’
1395 4207 1538 4260 οὓτω
1565 4208 1773 4276 γίνεται
1801 4224 1817 4242 ο

249 4300 364 4354 τῶν
387 4299 433 4352 δ’
470 4298 645 4352 ἄλλων
695 4297 848 4362 ζώων
901 4297 1025 4366 μηδ’
1065 4298 1245 4350 αὐτῶν
1295 4297 1550 4366 ἑτεροίως
1586 4300 1820 4368 ἑχόντων

253 4392 474 4456 (οὐκοῦν
503 4391 622 4445 οὐδὲ
659 4396 938 4460 φαίνονται
983 4392 1098 4453 τοῖς
1137 4407 1195 4444 τε
1232 4389 1510 4460 ζητοῦσιν,
1556 4392 1692 4446 ἀλλὰ
1720 4392 1821 4456 τὰς

1917 3286 2097 3341 adhuc
2123 3289 2357 3342 mundus
2384 3289 2762 3358 appellabitur,
2797 3291 2887 3346 ubi
2929 3306 3142 3346 summa
3183 3292 3484 3347 immundi-

1920 3383 2019 3436 lies
2061 3381 2380 3436 insoleseit?
2432 3381 2572 3446 Quin
2628 3389 2686 3436 et
2740 3396 2894 3437 mare
2950 3385 3123 3451 ipsum
3183 3385 3288 3438 vim
3325 3401 3479 3440 suam

1920 3473 2190 3527 vivificam
2247 3482 2300 3526 et
2329 3488 2456 3544 erga
2518 3473 2767 3528 homines
2796 3473 3087 3543 benignam
3128 3483 3261 3529 tunc
3307 3477 3483 3536 exuit.

1920 3565 2081 3618 tnodo
2111 3568 2179 3617 ad
2214 3563 2411 3620 caelum
2446 3567 2838 3630 intumescens,
2877 3568 3039 3621 modo
3071 3566 3139 3620 ad
3181 3577 3480 3624 extremam

1920 3654 2101 3725 alfyssi
2157 3655 2579 3724 profunditatem
2624 3657 2940 3722 dehiscens,
2983 3659 3056 3713 ita
3091 3668 3150 3712 ut
3185 3662 3276 3731 qui
3326 3659 3383 3714 in
3417 3676 3484 3715 eo

1919 3746 2179 3814 navigant
2225 3747 2292 3801 ad
2342 3746 2550 3802 inferos
2605 3748 2825 3803 detrudi
2875 3759 3156 3819 putentur,
3224 3753 3484 3808 animalia

1921 3846 2103 3890 autem
2129 3837 2362 3906 marina,
2397 3839 2622 3893 utilitati
2643 3850 2846 3896 nostra:
2886 3841 3272 3909 inservientia,
3310 3860 3485 3914 neque

1920 3929 2156 3997 amplius
2199 3929 2471 3987 libereibi
2519 3933 2729 3988 versari
2783 3943 3013 4004 queant,
3046 3950 3223 4004 neque
3255 3936 3484 3991 latibula

1923 4023 2159 4077 habeant
2187 4023 2281 4078 tibi
2311 4039 2505 4079 secure
2547 4027 2830 4081 recondita
2846 4028 3272 4098 viverepossinl.
3297 4027 3485 4083 Terra:

1921 4122 2104 4168 autem
2142 4113 2250 4168 alia
2308 4113 2632 4185 inllignntur
2678 4116 2839 4171 mala.
2882 4115 3112 4182 Quando
3166 4117 3308 4172 enim
3351 4117 3482 4172 talia

1919 4207 2198 4272 eveniunt,
2229 4206 2556 4262 hominesde
2575 4209 2682 4262 vita
2699 4223 2798 4262 sua
2816 4208 3006 4262 timent
3025 4224 3040 4273 ;
3061 4208 3313 4261 animalia
3339 4208 3480 4262 idem

1922 4311 2151 4366 prorsus
2188 4301 2461 4363 sentiunt,
2503 4313 2678 4368 quare
2731 4315 2832 4354 nec
2887 4301 3261 4369 quaerentibus
3316 4314 3485 4369 appa-

1921 4398 2067 4454 rent,
2110 4390 2208 4444 sed
2259 4391 2327 4445 ab
2370 4390 2652 4444 hominum
2693 4402 2988 4459 conspectu
3028 4391 3132 4444 alia
3171 4393 3330 4446 aliter
3361 4407 3486 4447 sese

249 4483 364 4534 τῶν
396 4480 607 4533 πολλῶν
640 4481 793 4550 ὄψεις
823 4480 1267 4550 ἀποκρύπτονται
1300 4481 1474 4544 ἄλλως
1505 4483 1682 4552 mm-
1711 4485 1814 4538 τῶν

1925 4480 2308 4542 abscondunt;
2351 4480 2550 4550 plantte
2587 4489 2850 4536 autemet
2889 4495 3099 4551 magna:
3119 4492 3175 4536 et
3218 4482 3407 4536 mediae
3431 4492 3486 4537 et

249 4575 310 4628 δὲ
342 4573 549 4642 φυτῶν,
577 4570 683 4626 τῶν
715 4588 775 4624 τε
801 4572 1075 4642 μεγάλων,
1110 4571 1221 4625 τῶν
1257 4587 1316 4624 τε
1349 4572 1552 4641 μέσων,
1599 4573 1694 4624 καὶ
1719 4573 1818 4624 ὅσα

248 4665 306 4718 δὲ
332 4667 415 4727 εἰς
439 4665 544 4731 γῆν
583 4660 983 4726 ταπεινοῦνται,
1035 4662 1146 4716 εἴτε
1204 4662 1507 4730 αὐτοφυῶς,
1537 4663 1648 4715 εἴτε
1683 4664 1821 4717 κατὰ

247 4758 473 4826 τέχνην,
508 4753 844 4824 βιαζομένων
873 4753 1184 4808 ἐπισπᾶσθαι
1209 4753 1308 4824 τῆς
1351 4753 1557 4826 μητρὸς
1593 4754 1716 4825 γῆς,
1745 4755 1819 4817 ὡς

249 4847 548 4918 ψεύδεσθαι
576 4847 668 4898 τὸν
692 4845 932 4900 τοιοῦτον
963 4846 1209 4917 χειμῶνα
1248 4847 1310 4900 τὸ
1355 4847 1558 4918 ἱλαρὸν,
1599 4849 1689 4902 ὅτε
1724 4846 1822 4900 καὶ

251 4941 561 5010 παραφήνῃ
582 4937 705 4990 τινὰ
730 4938 1070 5007 ἡμερότητα,
1106 4939 1200 4992 καὶ
1250 4941 1389 5008 μήτε
1414 4939 1476 4992 τδ
1507 4942 1821 5010 χειμερινδν

254 5033 452 5099 ἄγριον
483 5031 799 5101 μετριάζειν
830 5031 1070 5102 άληθῶς,
1106 5033 1242 5103 μήτε
1269 5033 1332 5086 τὸ
1359 5033 1535 5103 πρᾶον
1563 5032 1824 5104 tuamet-

255 5125 472 5187 ζεσῦαι.
497 5122 608 5177 Ποῦ
640 5124 747 5195 γὰρ
778 5125 954 5193 πρᾶον
983 5124 1043 5178 τὸ
1073 5126 1152 5187 εἰς
1191 5123 1338 5180 ἅπαν
1359 5124 1643 5195 όλέθριον;
1704 5111 1705 5114 η

331 5311 420 5376 ιζ’.
477 5310 877 5380 Διαδεξάμενος
931 5311 989 5366 δὲ
1030 5313 1121 5366 τὸν
1162 5311 1306 5366 οὕτω
1339 5311 1539 5382 πικρὸν
1571 5313 1818 5385 χειμῶνα

256 5404 286 5456 ό
338 5402 438 5455 τοῦ
483 5403 652 5473 Εαρος
697 5403 1036 5472 γλυκασμὸς,
1069 5402 1346 5467 ἐξίσταται
1387 5404 1483 5457 καὶ
1534 5403 1697 5466 αὐτὸς
1723 5401 1818 5456 τοῦ

253 5494 522 5564 καθαρῶς
570 5494 885 5562 γλυκάζειν.
938 5494 1045 5548 Τοῦ
1099 5495 1211 5565 γὰρ
1260 5495 1530 5565 χειμῶνος
1581 5496 1682 5564 τὴν
1716 5494 1820 5563 γῆν

255 5587 668 5656 συμπιέσαντος
717 5586 812 5639 καὶ
865 5585 1214 5656 πιλήσαντος,
1257 5587 1333 5649 ὡς
1387 5588 1461 5656 μὴ
1523 5586 1820 5657 δυνηθῆναι

251 5681 426 5747 αὐτὴν
475 5675 755 5744 ἀναμύσαι
791 5677 873 5738 εἰς
921 5675 1216 5746 βλάστησιν
1262 5678 1446 5746 χλόης,
1482 5676 1587 5730 οὐκ
1621 5678 1734 5748 ἔχει
1759 5677 1820 5730 τὸ

251 5770 741 5842 ὲκτραφητόμενον
792 5769 912 5824 οὐδὲ
951 5771 983 5840 ἡ
1037 5771 1177 5823 aut}.
1217 5769 1275 5823 τὸ
1329 5768 1426 5840 ἔαρ
1460 5767 1605 5840 ὥραο
1637 5771 1818 5824 εἵπου

1927 4585 2049 4638 qua:
2074 4569 2139 4624 ad
2173 4580 2376 4625 terram
2406 4581 2654 4642 serpunt,
2679 4587 2774 4628 seu
2808 4573 3150 4639 naturaliter,
3181 4587 3278 4627 seu
3313 4573 3488 4627 artifi-

1925 4663 2093 4727 ciose,
2123 4679 2187 4718 ex
2219 4664 2360 4718 alma
2385 4673 2528 4720 terra
2559 4665 2823 4720 violenter
2851 4666 3178 4722 th-llulttut‘.
3231 4666 3489 4722 Mentitur

1927 4757 2207 4813 interdum
2256 4761 2381 4815 talis
2429 4761 2603 4818 hiems
2648 4761 2950 4824 leuitatem,
2989 4760 3116 4815 dum
3168 4763 3371 4832 aliquid
3417 4763 3490 4818 de

1928 4849 2113 4919 rigore
2132 4865 2235 4905 suo
2275 4850 2545 4906 remittit:
2574 4864 2764 4906 revera
2806 4861 2986 4906 autem
3039 4868 3141 4906 nec
3184 4854 3378 4923 frigus,
3426 4863 3488 4907 ut

1927 4941 2106 5006 decet,
2181 4943 2470 4998 hibernum
2507 4951 2850 5012 attemperat,
2913 4958 3092 5013 neque
3157 4946 3304 5000 serio
3352 4947 3486 5014 agit,

1926 5034 2148 5103 quando
2203 5033 2680 5089 mansuetudinem
2733 5034 2979 5088 simulat.
3009 5036 3295 5101 Quomodo
3338 5036 3486 5089 enim

1929 5128 2408 5182 mansuetudinem
2459 5126 2670 5182 dixeris
2716 5128 2809 5184 ubi
2859 5129 3044 5183 omnia
3098 5130 3165 5184 ad
3201 5128 3487 5184 interitum

1927 5233 2151 5288 vergunt
2167 5219 2191 5272 ?

1991 5311 2078 5364 t7.
2107 5311 2349 5366 lliemem
2385 5319 2566 5365 autem
2603 5311 2858 5368 acerbam
2900 5312 3114 5382 excepit
3155 5327 3246 5367 ver
3306 5311 3486 5376 dulce,

1927 5402 2074 5474 quod
2107 5413 2283 5457 tamen
2315 5417 2504 5458 revera
2544 5405 2706 5459 dulce
2731 5418 2796 5458 ac
2837 5414 3180 5458 mansuetum
3218 5417 3326 5455 non
3361 5403 3487 5456 fuit.

1926 5493 2063 5548 Cum
2098 5494 2244 5548 enim
2292 5503 2438 5548 terra
2487 5493 2716 5549 hiberno
2773 5503 3020 5562 tempore
3059 5493 3131 5546 ita
3173 5508 3488 5561 compressa

1927 5586 2542 5655 constt-ietaquejaenit,
2569 5595 2628 5640 ut
2657 5586 2722 5640 ad
2755 5587 3064 5653 plantarum
3083 5584 3486 5640 incrementum

1929 5678 2068 5732 nihil
2128 5694 2357 5746 prorsus
2406 5681 2584 5732 facere
2621 5679 2877 5747 potuerit,
2927 5687 3058 5733 tunc
3106 5693 3241 5732 sane
3270 5695 3367 5733 nee
3397 5696 3492 5734 ver

1933 5771 2157 5828 habebit
2192 5775 2338 5842 quod
2371 5772 2615 5838 nutriat;
2642 5770 2726 5826 sin
2768 5771 3019 5840 habebit,
3060 5772 3284 5828 omnino
3311 5774 3493 5830 debile
