3912 6244
387 322 494 382 555

1061 285 1484 368 Ευεικιτιιιι
1529 297 1978 360 TIIESSALON

2087 300 2290 365 ZNSIS
2323 302 2888 365 METROPOLITAZ

3535 307 3637 372 55‘}

389 454 464 506 el,
515 439 640 491 licet
695 446 820 487 eum
885 427 1010 484 odio
1075 425 1301 486 habeas,
1358 417 1763 490 gratulabunda
1834 432 1968 471 voce

2087 425 2152 484 εἰς
2183 421 2560 492 προσκύνησιν
2603 421 2746 476 οὕτω
2785 423 2988 493 μάτην,
3033 423 3126 476 καὶ
3166 423 3344 493 χαράν
3389 441 3639 494 προσςω-

391 529 714 600 alloqucris,
737 523 992 579 mentiris
1023 520 1099 574 uti
1133 533 1240 570 non
1275 521 1512 584 Oportet.
1535 511 1794 577 Quantam
1820 510 1966 566 enim

390 620 726 682 necessitas?

461 718 552 772 25.
616 714 788 768 Porro
849 704 1183 761 mentionem
1245 699 1491 769 injiciam
1561 694 1966 750 calumniarum

391 812 592 882 quibus
641 807 763 875 plus
811 815 976 870 quam
1024 793 1352 852 dulcissimo
1405 789 1564 843 melle
1609 786 1968 842 delectamur.

391 878 564 970 Quale
603 901 814 953 lucrum
877 893 1003 948 inde
1045 884 1375 944 enascitur?
1423 881 1606 936 Habes
1652 895 1752 934 cur
1801 878 1970 970 alium

395 962 635 1048 nienses.
666 985 765 1041 Adi
809 999 957 1045 eum,
985 982 1226 1049 loquere,
1261 988 1481 1045 perora,
1517 970 1633 1027 etsi
1659 962 1970 1026 convic'tum

395 1082 729 1154 puniendum
755 1090 972 1138 censes,
1000 1070 1156 1124 trade
1183 1081 1305 1120 cum
1332 1065 1439 1134 legi
1473 1073 1533 1118 ut
1556 1076 1729 1131 poenae
1754 1067 1973 1116 statuta:

393 1176 765 1246 subjiciatur;
803 1169 848 1225 si
884 1177 942 1220 tu
985 1166 1105 1234 ipse
1140 1160 1469 1231 redargutus
1493 1154 1827 1220 discessisti,
1872 1167 1974 1221 age

396 1244 700 1325 silentium.
731 1255 1138 1316 Calumniando
1164 1253 1310 1307 enim
1346 1250 1481 1304 nihil
1515 1247 1754 1318 perﬁcis,
1787 1254 1838 1300 ct
1869 1244 1973 1298 hoc

397 1364 576 1418 solum
607 1353 866 1415 lucraris,
918 1359 977 1403 ut
1017 1344 1384 1416 nugatoribus
1422 1340 1769 1395 accensearis
1806 1346 1974 1406 atque

395 1469 592 1511 canum
626 1465 775 1503 more
809 1447 1014 1498 latrare
1046 1439 1302 1493 videaris.
1339 1436 1608 1490 Nimirum
1642 1447 1806 1486 canes
1838 1446 1976 1500 quo-

397 1562 524 1608 que.
584 1543 680 1598 ubi
735 1537 986 1593 mordere
1042 1537 1344 1602 nequeunt,
1399 1529 1594 1580 latratu
1657 1538 1758 1578 suo
1789 1537 1972 1576 aerem

398 1644 656 1706 iatigant.

469 1729 558 1783 26.
611 1725 851 1793 Denique
895 1725 1132 1792 impetus
1174 1725 1365 1770 contra
1405 1714 1499 1767 Dei
1534 1709 1835 1765 Eeclesiam
1877 1724 1978 1764 ne-

397 1823 594 1876 Iandos
646 1815 869 1873 silentio
925 1813 1208 1882 praeterire
1261 1807 1409 1862 haud
1472 1820 1720 1874 possunt.
1783 1803 1981 1858 Paucis

398 1915 603 1969 abhinc
647 1909 869 1969 diebus,
917 1905 1053 1960 civis
1094 1903 1314 1972 quidam
1355 1906 1556 1953 nostra:
1609 1896 1762 1950 urbis
1818 1911 1980 1949 ninn-

399 2006 688 2066 mularius,
743 2001 811 2054 de
871 2012 980 2068 quo
1035 1995 1275 2050 breviter
1343 1990 1523 2045 dii-am
1585 1988 1775 2059 (impia
1836 1987 1980 2042 enim

392 2100 543 2154 facta
581 2096 738 2166 prius
771 2103 937 2161 atque
991 2098 1117 2142 ante
1156 2087 1389 2140 multum
1429 2093 1644 2152 tempus
1689 2079 1982 2136 commissa

400 2207 510 2246 non
553 2181 1050 2252 commemorabo),
1088 2194 1211 2233 cum
1259 2177 1439 2247 ipsius
1483 2191 1676 2230 servus
1722 2173 1892 2228 miser
1924 2171 1980 2225 in

401 2285 652 2352 Magnam
709 2278 1004 2335 ecclesiam
1040 2273 1134 2329 Dei
1186 2269 1551 2340 confugisset,
1595 2267 1768 2322 hestis
1798 2263 1983 2320 Latini

401 2377 599 2435 instar,
647 2370 838 2440 quales
890 2381 990 2422 nos
1051 2378 1292 2434 quoque,
1329 2361 1464 2432 proh
1525 2359 1716 2415 dolor!
1773 2355 1983 2426 experti

401 2481 622 2528 sumus,
663 2459 909 2516 accurrit
960 2464 1016 2512 et
1064 2453 1343 2510 infelicem
1389 2452 1540 2506 illum
1589 2447 1981 2504 homunculum

402 2573 512 2613 non
544 2571 610 2610 ex
643 2553 802 2607 atriis
849 2547 1122 2610 ecclesiae,
1157 2559 1264 2598 non
1301 2558 1332 2598 e
1377 2541 1652 2597 vestibulo
1689 2547 1783 2594 aut
1813 2540 1981 2608 pinna

401 2643 612 2712 templi,
669 2638 768 2694 sed
825 2652 857 2691 e
911 2634 1093 2688 media
1134 2629 1370 2687 ecclesia
1417 2631 1708 2700 protraxit,
1748 2635 1802 2682 et
1831 2626 1981 2680 Velut

403 2740 565 2806 tupus
602 2746 834 2802 agnum,
873 2726 1113 2796 arripuit
1151 2723 1487 2792 domumque
1515 2721 1762 2775 deduxit.
1796 2717 1984 2787 Neque

402 2829 679 2897 cogitans,
717 2838 778 2878 se
803 2822 954 2876 illuni
982 2835 1012 2874 e
1040 2817 1134 2872 Dei
1164 2815 1420 2871 manibus
1437 2813 1733 2883 eripuisse,
1756 2811 1982 2882 capillos

401 2922 453 2977 ei
485 2918 709 2982 evulsit,
757 2931 866 2970 non
902 2911 1254 2981 simpliciter,
1295 2908 1390 2964 sed
1421 2907 1584 2976 quasi
1633 2904 1836 2960 mentis
1878 2920 1980 2958 usu

403 3027 529 3067 eum
573 3009 792 3080 privare
826 3006 1074 3068 deberet,
1124 3001 1324 3056 deinde
1377 3007 1550 3054 totum
1593 3011 1796 3066 corpus
1834 2997 1982 3050 illius

405 3103 642 3173 pessime.
706 3097 967 3154 tractavit
1037 3103 1205 3165 atque
1283 3089 1586 3146 innumeris
1657 3088 1980 3144 verberibus

2075 515 2246 585 νήσας
2285 514 2362 584 τῷ
2420 517 2757 585 μισουμένῳ,
2805 512 3021 584 ἐψεύσω
3061 515 3141 578 είς
3175 515 3327 568 οὐδὲν
3372 515 3514 570 δέον.
3550 519 3640 582 Τίς

2075 607 2244 676 γάρὴ
2283 607 2497 675 ἀνάγκη
2525 623 2540 672 ;

2147 705 2246 754 κε’.
2290 699 2733 769 Ὑπομιμνήσκω
2767 699 3023 769 καὶπερὶ
3072 699 3180 752 τῶν
3219 699 3510 764 διαϐολῶν,
3557 699 3641 763 αἷς

2074 787 2392 856 ἐντυφῶμεν
2421 787 2496 851 ὡς
2521 787 2643 841 οὐδέ
2688 790 2796 852 τοῖς
2829 789 2892 840 ἐκ
2931 789 3148 858 μέλιτος
3188 789 3551 860 γλυκασμοῖς.
3582 791 3643 842 Τί

2077 881 2264 952 κέρδος
2300 883 2435 950 ἡμῖν
2481 883 2545 934 ἐκ
2589 881 2835 946 τούτωνς
2872 881 3059 952 Ἔχεις
3093 883 3271 936 εἰπεῖν
3311 885 3644 955 κατηγορίαν

2076 973 2168 1024 ἐπὶ
2214 970 2288 1040 τῷ
2320 970 2566 1041 πλησίον.
2601 970 2860 1042 Ἕνστηθι
2909 971 3030 1025 κατ’
3063 970 3255 1036 αὐτοῦ,
3280 972 3538 1043 λάὶησον,
3573 973 3646 1026 δί-

2077 1081 2270 1118 κασον.
2324 1063 2436 1117 Καὶ
2490 1063 2523 1132 ἢ
2581 1063 2966 1128 καταδικάσας
3005 1065 3249 1135 παράδος
3278 1065 3357 1134 τῷ
3388 1065 3538 1136 νόμῳ
3560 1065 3644 1118 τὸν

2080 1157 2400 1227 ἐναχθέντα,
2432 1156 2526 1212 καὶ
2554 1157 2815 1228 πασχέτω
2843 1158 2913 1211 τά
2939 1159 3328 1228 νενομισμένα·
3357 1158 3390 1228 ἢ
3420 1159 3645 1225 ἀπενεγ·

2081 1249 2322 1318 κάμενος
2377 1252 2475 1320 τὴν
2525 1250 2756 1312 ἐλάττω,
2807 1249 3110 1320 ἠρέμησον.
3172 1251 3490 1304 Διαὸἅλλων
3543 1253 3646 1320 γὰρ

2079 1342 2267 1404 ἀνύεις
2325 1341 2515 1406 οὐδὲν,
2571 1340 2874 1411 κερδαίνεις
2927 1341 2983 1394 δὲ
3031 1343 3189 1411 μόνον
3237 1342 3298 1395 τὸ
3340 1343 3647 1414 στόμαργος

2082 1430 2246 1499 εἶναι,
2281 1433 2377 1486 καὶ
2409 1433 2585 1487 δοκεῖν
2611 1431 2835 1503 βαΰζειν
2870 1434 3118 1505 κυνῃδόν.
3156 1436 3265 1490 Καὶ
3304 1436 3410 1506 γάρ
3438 1452 3518 1487 τοι
3557 1435 3646 1486 καὶ

2081 1527 2244 1590 κύνες
2293 1527 2750 1597 καταδολεσχοὶἷσι
2795 1528 2976 1597 μάτην
3016 1529 3096 1592 εἰς
3135 1528 3295 1599 ἀέρα,
3321 1531 3411 1584 ὅτε
3445 1529 3522 1600 μὴ
3550 1528 3638 1580 δά·

2081 1635 2231 1671 κνειν
2269 1617 2502 1687 ἔχουσιν.

2155 1716 2268 1774 κς’.
2330 1710 2666 1780 Ἀνάμνησιν
2712 1711 3003 1764 ὖποόάλλω
3058 1710 3152 1764 καὶ
3203 1711 3310 1765 τῶν
3371 1710 3514 1765 κατὰ
3553 1712 3647 1778 τῆς

2013 1792 2054 1846 Β
2095 1802 2426 1872 Ἑκκλησίας
2465 1803 2559 1856 τοῦ
2607 1803 2744 1857 Θεοῦ
2801 1803 2997 1857 δεινῶν
3042 1805 3434 1874 ἐγχειρήσεων.
3489 1803 3650 1873 Ἰἰμέο

2085 1913 2177 1967 ραι
2207 1897 2353 1958 τινὲς
2383 1890 2544 1950 αὗται
2573 1895 2874 1963 ὀλίγισται,
2907 1896 3002 1950 καί
3048 1913 3130 1958 τις
3172 1895 3398 1963 πολίτης
3430 1897 3484 1948 ἐν
3522 1896 3648 1965 ἡμῖν

2084 1987 2520 2058 ἁργυραμιιὸδς,
2556 1987 2789 2058 βραχέος
2810 1990 2972 2058 λόγου
3006 1988 3158 2054 ἄξιος
3183 1989 3409 2059 (ἀφίημι
3447 1990 3551 2060 γὰρ
3585 1990 3650 2042 τὰ

2085 2080 2191 2146 πρὸ
2217 2079 2414 2152 καιροῦ
2451 2079 2700 2144 πλείονος
2727 2080 2824 2135 καὶ
2849 2081 3158 2152 παλαίτεροι
3194 2083 3500 2148 πάνδεινα),
3539 2082 3650 2134 δου-

2084 2173 2272 2243 λάριον
2314 2173 2536 2244 οἰκτρὸν
2577 2174 2893 2247 προσφυγδν
2944 2176 3009 2246 τῇ
3047 2175 3314 2247 καθολικῇ
3353 2174 3447 2230 τοῦ
3484 2176 3648 2247 μιγάσ-

2085 2265 2178 2319 λου
2219 2266 2357 2318 Θεοῦ
2400 2265 2462 2320 ἐν
2517 2267 2654 2338 ἡμῖν
2720 2267 3011 2337 ἐκκλησίᾳ,
3061 2267 3384 2339 ἐπιδραμὼν
3427 2269 3645 2333 ἐκεῖνος,

2085 2353 2175 2415 οἷα
2229 2360 2326 2414 καί
2368 2376 2452 2424 τις
2485 2359 2716 2425 Λατῖνος
2767 2361 3161 2433 πολιορκητὴς,
3195 2363 3397 2416 ὁποίων
3430 2365 3523 2417 καὶ
3555 2364 3648 2418 αὖ·

2085 2452 2194 2506 τῶν
2229 2450 2376 2521 οἴμοι
2409 2452 2820 2523 πεπειράμεθα,
2855 2454 3164 2519 ἐξέσπασεν
3195 2457 3372 2508 ἐκεῖνο
3399 2455 3458 2508 τὸ
3493 2456 3650 2508 ἐλεει-

2084 2545 2174 2599 νὸν
2209 2544 2542 2616 ἀνθρώπιον,
2577 2547 2637 2598 ού
2679 2546 2785 2600 τῶν
2816 2546 3290 2617 ἐκκλησιαστικῶν
3325 2549 3644 2619 προιυλίων,

2083 2639 2143 2692 ού
2185 2638 2296 2690 τῶν
2343 2639 2890 2709 προτεμενισμάτων,
2949 2639 3012 2694 ού
3067 2641 3176 2694 τῶν
3224 2641 3645 2713 πτερυγίωντοῦ
3738 2657 3747 2661 ·

2085 2729 2236 2794 ναοῦ,
2267 2729 2381 2783 ἀλλ’
2415 2730 2580 2784 αὐτοῦ
2619 2731 2830 2787 ἐκείνιυ
2867 2733 3058 2803 μέσον
3088 2737 3182 2790 καὶ
3210 2736 3482 2807 ἀράμενος
3515 2739 3648 2806 ἀπή-

2084 2840 2254 2892 γαγεν
2282 2824 2444 2888 οἴκοι,
2481 2824 2644 2886 λύκος
2676 2825 2885 2897 ἀρνίον.
2930 2829 3037 2881 Καὶ
3063 2830 3162 2883 οὐκ
3197 2829 3549 2901 ἐνθυμηθεὶς.
3579 2831 3646 2893 ὡς

2085 2916 2148 2966 ἐκ
2180 2914 2314 2966 Θεοῦ
2346 2915 2546 2986 χειρῶν
2577 2917 2709 2969 αὐτὸ
2737 2913 2862 2988 ἦρε,
2898 2920 3000 2989 τήν
3031 2937 3090 2974 τε
3135 2922 3378 2992 κεφαλὴν
3417 2923 3645 2992 ἐψίλωσε

2085 3006 2309 3076 τριχῶν,
2344 3007 2442 3076 οὐχ
2480 3007 2701 3072 ἁπλῶς,
2744 3009 2858 3061 ἀλλ’
2893 3011 2968 3073 ὡς
3018 3013 3066 3064 εἰ
3109 3015 3203 3067 καὶ
3255 3015 3454 3083 πυριᾷν
3485 3013 3647 3081 αὐτὴν

2085 3095 2193 3150 ἔδει
2244 3096 2393 3167 φόϐῳ
2446 3099 2905 3170 παραφροσύνης,
2961 3105 3057 3156 καὶ
3089 3104 3266 3173 αὐτῆς
3305 3106 3648 3167 ὑποκαταϐὰς

407 3153 568 3173 ιγ--π
715 3153 723 3154 κ
1117 3153 1131 3165 .

406 3195 599 3249 τιῐιιίιίι
628 3209 642 3247 :
682 3198 736 3246 ct
761 3203 1054 3260 quemnam
1089 3200 1324 3257 magnus
1349 3185 1452 3238 iste
1485 3182 1646 3238 heros
1673 3180 1979 3252 percussit?

2255 3153 2266 3165 .
2366 3153 2376 3167 .
2530 3153 2541 3168 .
2618 3153 2663 3169 ..
3093 3153 3264 3173 μη,
3311 3153 3645 3167 --ηπηηη

2087 3189 2298 3257 γίνεται
2344 3190 2450 3259 τῆς
2500 3191 2628 3260 ὅλης
2679 3192 2904 3263 σαρκὸς,
2956 3196 3051 3248 καὶ
3111 3197 3323 3264 πληγὰς
3381 3198 3648 3267 ὁλομελεῖς

407 3287 635 3345 Scilicet
666 3302 790 3339 cum
817 3282 909 3352 qui
933 3283 1005 3336 ob
1031 3291 1278 3335 teneram
1299 3283 1514 3332 atatem
1550 3275 1636 3328 vix
1669 3274 1827 3328 ﬁrmo
1850 3273 1986 3338 pede

404 3381 665 3436 incedere
716 3383 926 3446 posset.
965 3373 1270 3442 Postquam
1308 3371 1386 3424 ita
1416 3367 1698 3425 servulum
1731 3366 1986 3420 aliecerat

404 3475 658 3544 ejusque,
681 3478 740 3524 ut
758 3470 833 3522 ita
847 3467 1047 3530 dicam,
1063 3465 1307 3518 animam
1328 3461 1708 3525 devoraverat,
1735 3457 1800 3512 ad
1822 3457 1987 3527 pedes

409 3564 691 3619 descendit
722 3575 862 3631 quos
903 3572 1014 3612 non
1039 3557 1224 3610 minus
1273 3560 1452 3616 curat,
1487 3548 1982 3621 (quemadmodum

407 3657 586 3724 ipsum
625 3652 834 3706 utinam
889 3648 1033 3702 alius
1084 3647 1207 3716 quis
1241 3645 1467 3712 curet!)
1520 3642 1756 3696 vinculis
1792 3637 1986 3695 ferreis

404 3759 636 3801 ornans.
677 3739 882 3794 Deinde
930 3737 1099 3793 etiam
1139 3735 1434 3806 suspendit
1486 3734 1751 3788 miserum
1783 3731 1986 3784 manci-

408 3839 556 3908 pium
619 3832 856 3889 crudelis
901 3843 1228 3893 conservus,
1282 3829 1357 3882 ita
1413 3835 1470 3881 ut
1503 3840 1570 3880 ne
1599 3825 1720 3880 solo
1762 3824 1982 3894 quidem

407 3931 706 3990 insisteret,
732 3933 787 3978 et
809 3924 889 3977 sic
918 3937 1037 3992 quae
1063 3935 1171 3974 non
1192 3919 1321 3973 licet
1347 3917 1707 3987 perpetravit.
1735 3915 1985 3984 Denique

405 4023 563 4076 illum
603 4016 833 4073 involvit
877 4029 1065 4080 sacco,
1097 4028 1206 4082 quo
1241 4027 1306 4066 ne
1347 4009 1604 4063 Ninivita:
1638 4007 1884 4078 quidem,
1915 4020 1982 4059 cx

407 4129 528 4169 mea
557 4109 854 4172 sententia,
899 4106 993 4162 sed
1029 4105 1256 4176 gravius
1305 4113 1593 4173 peccantes
1641 4099 1848 4155 involvi
1891 4100 1985 4152 de-

409 4207 679 4261 buissent.
715 4201 778 4256 Et
803 4202 884 4257 sic
909 4199 1128 4270 quidem
1160 4199 1214 4252 in
1240 4206 1314 4264 te,
1341 4212 1374 4252 o
1400 4196 1624 4267 puerule
1649 4193 1982 4258 miserande,

409 4296 658 4368 peccavit
691 4295 804 4359 ille,
846 4293 977 4364 quia
1024 4290 1091 4346 ad
1135 4289 1301 4344 Deum
1343 4302 1634 4344 accurrere
1679 4300 1849 4340 ausus
1899 4300 1981 4339 es.

407 4392 544 4458 Quis
571 4399 753 4444 autem
790 4398 861 4454 te,
898 4402 930 4441 ο
977 4386 1131 4455 pueri
1159 4385 1427 4448 carnifex,
1454 4383 1616 4453 digne
1647 4381 1857 4454 puniat,
1890 4380 1981 4451 qui

2086 3281 2381 3352 ἐπιτίθησι,
2410 3284 2530 3336 τίνα
2569 3285 2789 3339 τύπτων
2820 3287 2847 3339 ὁ
2877 3285 3051 3356 μέγας
3081 3291 3374 3356 γεννάδας;
3417 3292 3510 3343 τὸν
3534 3292 3646 3344 οὖδέ

2089 3373 2295 3442 στερρὰ
2322 3372 2559 3442 βαδίζειν
2593 3375 2890 3446 δυνάμενον
2923 3378 3011 3430 διὰ
3044 3379 3104 3432 τδ
3132 3381 3268 3433 κατὰ
3296 3382 3400 3450 τὴν
3441 3382 3647 3452 ἡλικίαν

2090 3463 2432 3519 πανάπαλον.
2468 3466 2920 3538 Προνοησάμενος
2949 3469 3003 3522 δὲ
3041 3470 3185 3524 οὕτω
3213 3471 3308 3524 τοῦ
3345 3473 3646 3536 παιδίσκον,

2087 3553 2182 3608 καὶ
2215 3553 2274 3607 τὸ
2319 3553 2588 3623 ψυχάριον
2625 3555 2817 3617 αὑτοῦ,
2861 3556 2936 3621 ὠς
2982 3559 3156 3620 οὓτως
3185 3560 3383 3627 εἰπεῖν,
3421 3561 3647 3633 ἐκροφή-

2090 3663 2206 3710 σας,
2243 3649 2564 3702 καταϐαίνει
2598 3650 2728 3720 περὶ
2760 3650 2884 3714 τοὺς
2926 3652 3116 3714 πόδας.
3151 3654 3260 3706 Καὶ
3308 3657 3645 3724 ἐπιμελεῖται

2088 3736 2185 3790 καὶ
2225 3737 2424 3802 αὐτῶν,
2458 3737 2534 3797 ὡς
2577 3739 2673 3792 καὶ
2719 3739 2886 3793 αὐτοῦ
2928 3741 3294 3814 ἐπιμεληθείη
3328 3761 3413 3807 τις
3445 3746 3642 3816 ἔτερος,

2087 3828 2373 3899 κοσμήσας
2409 3828 2576 3900 κλοιῷ
2639 3830 2718 3902 τῷ
2761 3833 2825 3886 ἐκ
2876 3832 3121 3904 σιδήρου⁹
3172 3831 3290 3888 εἶτα
3327 3839 3422 3890 καὶ
3456 3857 3644 3909 μετεω-

2091 3921 2250 3992 ρίσας
2279 3922 2339 3974 τὸ
2373 3922 2609 3975 ἐλεεινὸν
2641 3923 2993 3993 ἀνδράποδον,
3027 3920 3115 3980 οἷα
3147 3928 3283 3996 μηδέ
3315 3929 3422 3998 γῆν
3469 3933 3646 3983 πατεῖν

2089 4015 2220 4068 αὐτὸ
2268 4015 2434 4079 ἀξιῶν
2481 4017 2508 4068 ὁ
2567 4015 2801 4087 ἀνηλεὴς
2853 4017 3184 4084 σύνδουλος,
3229 4020 3404 4072 ἐποίει
3451 4024 3519 4075 τὰ
3577 4022 3646 4090 μὴ

2090 4109 2420 4176 καθήκοντα.
2473 4107 2638 4172 Τέλος
2694 4108 2752 4162 δὲ
2811 4111 3004 4180 σάκκῳ
3047 4111 3390 4182 περιστέλλει
3430 4115 3643 4177 ἐκεῖνον,

2089 4193 2256 4269 οὗπερ
2289 4200 2399 4254 οὐδ’
2433 4201 2499 4256 ἂν
2552 4198 2707 4271 οἶμαι
2737 4201 3048 4266 Νινευῖται,
3086 4204 3203 4256 ἀλλ’
3255 4206 3305 4258 οἱ
3356 4207 3452 4261 καὶ
3491 4207 3648 4260 πλείω

2093 4295 2378 4356 πταίοντες
2403 4293 2561 4358 ἄξιοι.
2607 4295 2718 4347 Καὶ
2753 4295 2915 4358 αὐτὸς
2945 4296 3065 4363 μὲν,
3094 4289 3138 4349 ὦ
3165 4298 3452 4368 παιδάριον
3487 4302 3650 4352 οἰκτι-

2091 4403 2237 4448 στον,
2280 4385 2516 4440 τοιαῦτα
2542 4386 3013 4457 πεπλημμέληκεν
3037 4390 3127 4441 ἐπὶ
3170 4390 3275 4452 σοὶ,
3307 4392 3445 4445 διότι
3475 4390 3651 4444 τετόλ-

407 4495 515 4536 tam
558 4479 925 4549 impudenter,
968 4478 1011 4532 si
1057 4477 1340 4531 veritatem
1378 4474 1630 4531 contitcri
1677 4475 1826 4539 licet,
1872 4471 1979 4526 Deo

2092 4495 2274 4549 μηκας
2313 4478 2544 4549 δραμεῖν
2600 4480 2681 4540 εἰς
2731 4479 2822 4532 τὸν
2848 4479 3004 4534 Θεὸν.
3045 4480 3114 4533 se
3147 4480 3225 4542 δέ,
3259 4475 3306 4534 ὦ
3335 4481 3429 4534 τοῦ
3472 4481 3652 4544 παιδος

409 4573 514 4642 ipsi
553 4573 659 4624 vim
704 4567 978 4624 intulisti?
1022 4567 1160 4622 Cum
1190 4569 1336 4622 enim
1369 4569 1448 4621 ira
1481 4575 1571 4619 tua
1608 4564 1798 4620 rabida
1828 4564 1901 4617 ita
1933 4572 1986 4618 te

409 4667 730 4735 impelleret,
774 4679 842 4718 ne
873 4663 983 4716 Deo
1026 4663 1243 4731 quidem
1281 4660 1591 4731 pepercisti,
1626 4659 1784 4728 cujus
1817 4672 1984 4712 manu

408 4756 809 4824 apprehensum
827 4753 1049 4806 videbas
1068 4768 1320 4822 puerum.
1353 4749 1662 4820 Deliquisti,
1688 4764 1721 4803 θ
1747 4750 1983 4811 servulc,

405 4846 689 4916 quodnon
721 4844 787 4897 ad
842 4855 1130 4912 paternum
1168 4844 1246 4898 tui
1293 4843 1500 4898 domini
1538 4842 1854 4912 sepulcrum
1895 4857 1988 4894 ac-

406 4935 654 4990 curriszi.
714 4933 869 4988 Tunc
921 4935 1065 4988 enim
1099 4949 1287 4988 revera
1339 4933 1434 4988 tibi
1483 4933 1680 5002 impius
1718 4947 1986 5002 parsurus

406 5031 620 5094 [IliSSt‘L
660 5026 964 5091 Quemnam
1001 5026 1286 5079 hominum
1317 5025 1550 5079 latronis
1590 5038 1741 5078 more
1791 5033 1844 5076 tu
1877 5037 1984 5077 non

405 5120 764 5194 aggredieris,
789 5134 823 5173 ο
845 5119 1342 5188 impudentissime,
1372 5121 1466 5185 qui
1499 5119 1579 5173 sic
1606 5117 1790 5172 divina
1811 5118 1984 5185 impu-

327 5209 335 5214 ”
406 5215 582 5288 gnas?
612 5213 917 5280 Quemnam
966 5210 1304 5266 revereberis
1338 5210 1675 5273 mortalium,
1711 5225 1743 5264 ο
1773 5208 1986 5264 stultis-

332 5321 337 5326 '
406 5313 566 5375 sime,
619 5308 713 5378 qui
765 5319 866 5360 nec
916 5303 1007 5358 Dei
1055 5303 1322 5358 rationem
1377 5303 1576 5357 habes?
1620 5303 1979 5356 Securitatem

407 5403 650 5471 praebent
677 5408 990 5471 sanetorum
1023 5410 1207 5465 regum
1236 5395 1524 5459 columnae,
1558 5393 1603 5448 si
1635 5394 1759 5462 quis
1788 5395 1852 5445 ad
1887 5408 1980 5448 cas

405 5493 736 5563 confugerit.
775 5489 855 5543 Tu
905 5500 1085 5543 autem
1129 5486 1222 5540 Dei
1282 5485 1585 5554 supplicem
1635 5486 1683 5538 vi
1727 5485 1981 5553 abripere

406 5584 550 5638 haud
603 5582 898 5644 erubuisti,
927 5597 959 5635 ο
1000 5579 1283 5650 proterve!
1318 5578 1449 5645 Qum
1478 5588 1659 5630 autem
1713 5579 1980 5630 adversus

406 5674 772 5743 deplorandos
834 5675 1146 5728 sacerdotes
1209 5671 1301 5725 Dei
1367 5670 1682 5731 evomuisti,
1756 5671 1978 5724 etiamsi

404 5767 568 5819 homo
602 5781 800 5834 piavus
839 5767 939 5820 ista
975 5765 1200 5820 audiens
1242 5763 1642 5834 disrumpatur.
1685 5764 1869 5817 dicant
1897 5763 1970 5816 illi

2089 4570 2354 4640 ἀλιτήριε,
2383 4569 2468 4632 τίς
2492 4571 2556 4622 ἂν
2588 4569 2755 4635 ἀξίως
2786 4569 3042 4642 μετέλθῃ,
3072 4572 3244 4634 οὕτως
3281 4573 3513 4636 ἀναιδῶς
3540 4573 3655 4641 βια-

2091 4662 2325 4732 σάμενον
2363 4663 2495 4716 Θεὸν
2533 4662 2717 4727 αὑτὸν,
2747 4663 2801 4716 εἴ
2839 4681 2890 4716 τι
2937 4663 3043 4734 χρὴ
3085 4665 3319 4735 λαλῆσαι
3363 4667 3496 4737 πρὸς
3519 4667 3654 4735 61f;-

2089 4750 2270 4821 Osiav;
2314 4753 2470 4808 Οὕτω
2499 4754 2608 4824 γάρ
2639 4753 2730 4806 τοῦ
2781 4755 3068 4822 ἀλογίστου
3119 4755 3294 4826 θυμοῦ
3340 4758 3652 4818 ἐλαύνοντος

2089 4861 2170 4908 σε,
2201 4844 2302 4896 ούκ
2333 4845 2400 4898 ἂν
2440 4843 2550 4898 οὐδ’
2587 4843 2750 4897 αὑτοῦ
2798 4844 2934 4898 Θεοῦ
2984 4845 3210 4912 ἐφείσω,
3238 4849 3286 4900 εξ
3322 4848 3421 4917 τὴν
3449 4847 3653 4900 ἐκείνου

2087 4935 2244 5002 χεῖρα
2275 4934 2656 5004 δραττομένην
2689 4935 2914 4998 ἔϐλεπες
2947 4937 3042 4990 τοῦ
3072 4938 3289 5000 παιδός.
3329 4939 3654 5003 Ἔπταισας,

2087 5019 2131 5077 ὦ
2159 5024 2447 5084 δουλίδιον.
2477 5025 2558 5077 ὅτι
2602 5024 2677 5094 μὴ
2716 5024 2792 5093 τῷ
2825 5023 3076 5096 πατρικῷ
3116 5025 3274 5095 τάφῳ
3302 5025 3396 5080 τοῦ
3437 5023 3524 5076 σοῦ
3565 5021 3659 5072 δε-

2087 5115 2287 5168 σπότου
2343 5114 2747 5185 προσέδραμες.
2797 5109 2873 5168 Ἦ
2917 5115 3026 5184 γὰρ
3061 5115 3128 5169 ἂν
3177 5116 3433 5186 ἐφείσατό
3475 5130 3558 5165 σου
3627 5112 3656 5163 ὁ

2085 5208 2321 5270 ἀνόσιος.
2375 5208 2495 5260 Τίνι
2546 5208 2656 5261 τῶν
2723 5207 3027 5278 ἀνθρώπων
3078 5209 3180 5262 οὐκ
3237 5209 3301 5262 ἂν
3349 5207 3656 5277 ἐπιδράμῃς

2084 5299 2413 5370 λῃστρικῶς,
2450 5298 2831 5364 άναιδέστατε,
2879 5300 2906 5351 ὁ
2940 5299 3083 5352 κατᾶ
3113 5298 3222 5352 τῶν
3281 5299 3440 5352 θείων
3471 5294 3657 5348 τοιοῦο

2083 5408 2213 5456 τοςς
2265 5391 2400 5443 Τίνα
2445 5390 2554 5444 τῶν
2591 5391 2848 5444 ἁπάντων
2903 5392 3247 5465 ἐντραπήσῃ,
3278 5392 3594 5450 ἀπαίδευτε,
3627 5389 3658 5440 ὁ

2084 5482 2177 5534 τοῦ
2224 5481 2359 5535 Θεοῦ
2408 5483 2482 5551 μὴ
2517 5482 2908 5550 ἐπιστραφείςς
2956 5483 3181 5536 Ἀσυλοι
3221 5485 3276 5536 αἱ
3327 5483 3431 5535 τῶν
3474 5480 3656 5545 ἁγίων

2088 5574 2358 5645 βασιλέων
2383 5575 2600 5643 στῆλαι,
2643 5575 2696 5626 εἴ
2735 5567 2818 5638 τις
2854 5577 3049 5639 αὑταῖς
3083 5575 3499 5646 προσφεύξεται.
3534 5574 3657 5626 Καὶ

2088 5669 2150 5720 σὺ
2182 5666 2272 5718 τὸν
2304 5667 2397 5717 τοῦ
2429 5665 2562 5742 (ᾷεοῦ
2597 5668 2788 5738 ἱκέτην
2810 5669 3181 5740 ἀπεθρασύνω
3212 5670 3353 5740 πρὸς
3393 5669 3508 5737 βίαν
3543 5667 3656 5735 ἁρ-

2082 5761 2276 5822 πάσαι,
2319 5755 2654 5828 ίταμώτατε.
2705 5758 2768 5814 Ἀ
2812 5759 2866 5812 δὲ
2915 5759 3052 5814 κατὰ
3103 5759 3210 5814 τῶν
3255 5758 3495 5814 ἐλεεινῶν
3541 5776 3660 5811 πα-
