3942 6250
347 346 463 410 557

1277 344 1564 407 ORATIO
1607 343 1820 406 ANNO
1861 338 2350 402 AUSPICANDO
2397 341 2705 404 HABITA.

3503 343 3610 409 558

355 462 552 518 ’πάδων
581 459 855 531 ιξήμεσας
884 458 992 513 τῶν
1017 457 1111 511 τοῦ
1135 454 1297 523 Θεοῦ,
1334 457 1384 511 εί
1409 457 1506 512 καὶ
1533 455 1935 528 διαῤῥήγνυται

2060 448 2134 520 [ui
2173 463 2203 503 a
2245 458 2464 519 raptore
2499 452 2810 515 audierunt,
2859 453 2927 506 ob
2958 466 3080 523 quae
3119 452 3298 508 sancti
3344 451 3613 524 lacryma—

357 553 391 604 ὁ
435 551 674 620 πονηρὸς
713 549 1002 620 ἄνθρωπος
1045 538 1202 602 τοῦτο
1257 546 1494 613 ἀκούων,
1550 545 1860 614 λεγέτωσαν
1886 542 1936 596 οἱ

360 643 704 705 ἀκούσαντες
733 643 797 694 ὲκ
819 640 914 696 τοῦ
936 641 1207 710 ἅρπαγος,
1238 641 1324 709 ἐφ’
1364 634 1446 702 οἷς
1475 640 1524 692 οἱ
1556 639 1655 710 μὲν
1688 641 1940 708 ἱεροπρε-

361 738 490 798 πεῖς
523 735 878 800 κλαύσονται,
921 734 972 788 οἱ
992 733 1050 786 δὲ
1083 733 1488 806 περιφρονητα“ι
1512 731 1622 786 τῶν
1649 730 1812 784 θείων
1849 745 1942 798 γε-

361 828 645 890 λάσονται,
673 827 886 896 μήποτε
914 826 970 878 δὲ
1003 826 1097 878 καί
1119 844 1266 890 τινες
1295 825 1404 879 τῶν
1429 823 1939 894 ἔκκλησιαστικῶν,

355 921 461 982 οὓς
497 922 561 972 ἐκ
601 919 703 988 τῆς
733 918 943 987 ἀγορᾶς
973 920 1000 970 ὁ
1039 917 1135 971 τοῦ
1163 915 1299 970 Θεοῦ
1325 915 1450 980 ναδς
1478 915 1775 985 δεξάμενος
1807 914 1941 968 καθ·

366 1013 617 1082 ιέρωσεν,
667 1009 962 1072 ὀκνοῦντας
1021 1009 1123 1079 μὲν
1175 1006 1330 1080 οἶμαι
1387 1007 1688 1080 ἱερᾶσθαι,
1737 1006 1832 1060 τοῦ
1884 1007 1942 1062 δὲ

363 1103 660 1173 ἀγοράζειν
681 1102 1009 1170 ἐφιεμένους
1035 1101 1110 1165 ὡς
1143 1101 1433 1172 πρότερον.
1463 1101 1573 1156 Καὶ
1611 1100 1718 1172 μὴν
1741 1101 1769 1154 ὁ
1803 1100 1944 1154 θειόσ

362 1214 533 1262 tato;
584 1197 792 1258 ἐκεῖνος
821 1195 1086 1278 τελώνης,
1141 1196 1222 1259 είς
1265 1194 1568 1264 μαθητείαν
1599 1193 1822 1264 κληθεὶς
1851 1194 1943 1248 καὶ

365 1287 745 1356 προσληφθεὶς
777 1286 854 1356 τῷ
878 1286 1038 1357 ἡμῶν
1067 1287 1276 1356 σωτῆρι
1299 1285 1547 1358 Χριστῷ,
1579 1286 1680 1340 οὐκ
1701 1286 1945 1357 ἀνέκαμ-

363 1378 470 1446 ψεν
524 1378 746 1441 ἐσαῦθις
787 1379 880 1430 ἐπὶ
925 1380 992 1433 τά
1040 1379 1331 1449 πρότερον.
1380 1379 1591 1433 Οὐκοῦν
1637 1379 1804 1450 ἐχρῆν
1850 1380 1944 1432 καὶ

366 1471 498 1531 τοὺς
548 1468 679 1538 παρ’
736 1469 868 1538 ἡμῖν
927 1468 1110 1539 ἱεροὺς
1173 1467 1398 1532 τούτους
1451 1468 1782 1538 γενομένους
1844 1471 1945 1540 τῆς

367 1560 746 1630 καθαρότητος
779 1558 855 1629 μὴ
885 1558 1275 1629 ἀνακάμπτειν
1319 1560 1411 1614 ἐπὶ
1444 1561 1567 1623 τοὺς
1606 1560 1774 1615 πάλαι
1811 1579 1944 1631 συρ-

370 1652 570 1718 φετοὺς
594 1689 608 1710 .
665 1647 746 1712 οἷς
789 1650 1188 1720 ἐνετράφησαν.
1223 1645 1294 1703 Ὦ
1327 1650 1605 1719 ἀγιωτάτη
1645 1649 1944 1720 Ἐκκλησία

367 1742 466 1795 τοῦ
497 1742 654 1804 Θεοῦ,
691 1741 920 1812 ἔμελλες
949 1742 1055 1809 ἄρα
1093 1741 1246 1812 παρὰ
1287 1741 1534 1795 τοιούτου
1570 1741 1762 1812 ἀνδρὸς
1794 1759 1948 1813 περιυ

361 1835 724 1906 υϐρισθῆναι.
770 1833 895 1887 Εἴθε
933 1834 988 1887 δὲ
1032 1834 1117 1904 εἴη
1153 1832 1311 1888 τοῦτο
1341 1833 1592 1904 ἔσχατον,
1625 1837 1719 1888 καὶ
1749 1835 1826 1906 μὴ
1855 1836 1950 1888 ἄλ-

366 1927 482 1990 λως
517 1927 683 1996 ἀρχὴ,
717 1926 744 1980 δ
786 1926 880 1979 καὶ
926 1924 1162 1998 μάλιστα
1197 1926 1547 1997 πεφόϐημαι.
1586 1925 1712 1978 Ἐπὶ
1738 1926 1798 1980 δὲ
1821 1925 1951 1980 τού-

370 2036 492 2082 τοις
526 2016 702 2082 οὕτως
744 2017 856 2071 εἰσί
911 2034 1059 2081 τινες
1115 2019 1320 2072 ἁπαλοὶ
1349 2015 1450 2080 τὰς
1480 2016 1660 2088 ψυχὰς
1701 2017 1798 2070 καὶ
1827 2034 1952 2086 γενο

371 2114 522 2168 ναῖοι
556 2112 748 2182 φέρειν
794 2110 936 2182 ἄχθη
986 2110 1238 2179 τοιαῦτα,
1289 2111 1428 2166 ὥστε
1487 2113 1584 2165 καὶ
1631 2111 1951 2181 προσιόντες

374 2203 808 2268 ὑπαικάλλουσι,
859 2205 955 2256 καὶ
994 2205 1203 2272 γλυκέα
1252 2204 1544 2268 λαλοῦντες
1599 2203 1951 2276 παρακαλοῦ-

375 2313 468 2347 σιν
505 2295 584 2356 εἰς
618 2292 680 2346 τδ
717 2293 858 2363 ὑπὲρ
889 2295 987 2362 τῆς
1032 2294 1142 2346 εἴτε
1175 2295 1412 2363 Σφιγγὸς
1445 2293 1673 2363 ταύτης,
1708 2293 1820 2348 εἴτε
1857 2294 1953 2348 καὶ

369 2383 652 2452 Σκύλλης,
681 2375 757 2438 ὧν
791 2383 1035 2452 ἑκατέρα
1066 2382 1390 2453 ἀνθρώπους
1417 2384 1688 2454 ἥρπαζον,
1722 2387 1782 2438 οὺ
1811 2385 1954 2438 κατὰ

379 2475 483 2536 τὰς
513 2471 920 2546 περιαδομένας
959 2473 1250 2543 ⁹Δρπυίοις,
1281 2473 1554 2527 ἀλλ’ὦστε
1579 2474 1954 2544 διασπαράξαι

375 2568 462 2629 ei;
516 2565 760 2636 ὀλεθρον.
799 2565 864 2618 Τί
911 2566 1321 2635 παραλαλεῖτε,
1361 2559 1406 2618 ὦ
1440 2559 1628 2628 οὗτοις
1670 2565 1954 2636 Εὐξαίμην

376 2660 447 2712 ἂν
481 2659 746 2714 Οἰδίποδα
788 2677 911 2713 τινα
963 2660 1056 2712 καὶ
1111 2658 1205 2714 νῦν
1259 2658 1621 2729 εὑρεθῆναιῆ
1670 2658 1952 2723 Ὀδυσσέα,

373 2751 437 2816 ὃς
469 2753 628 2823 ἔσχεν
656 2753 723 2806 ἂν
757 2751 1084 2821 ἐξαφανίσαι
1113 2750 1356 2806 τοιοῦτον
1380 2751 1574 2806 κακόν.
1605 2750 1820 2805 Σκύλλα
1853 2751 1952 2820 μὲν

377 2849 492 2918 γάρ
547 2847 803 2919 Σικελικὴ
839 2847 1024 2916 ἐκείνη
1061 2847 1186 2909 τοὺς
1235 2845 1660 2916 παραπλέοντας
1710 2844 1955 2915 ἀνελάμ-

381 2940 551 2994 δανεν
609 2941 772 3010 ὑψοῦ,
834 2941 930 2994 καὶ
979 2941 1161 3008 ἀπῆγε
1192 2938 1284 2992 τοῦ
1340 2941 1472 3010 ζῇνο
1523 2939 1556 3008 ἠ
1605 2938 1658 2992 δὲ
1707 2936 1958 3009 Θήϐηθεν

375 3033 575 3104 ἐκείνη
606 3033 780 3101 Σφὶγξ
804 3033 934 3095 τοὺς
967 3033 1030 3084 ἐκ
1059 3031 1171 3084 τῶν
1201 3031 1462 3101 ἀμφόδων
1481 3030 1784 3098 ἀνάγουσα,
1819 3029 1960 3082 ἐθοι-

2043 541 2268 607 buntur,
2307 550 2709 614 contemptores
2741 554 2920 601 autem
2974 545 3258 616 religionis
3300 547 3611 603 subsanna-

2043 634 2200 698 llunt,
2233 633 2345 688 imo
2378 635 2462 688 vel
2511 636 2758 690 nonnulli
2807 636 3188 703 ecclesiastici,
3225 652 3365 708 quos
3413 654 3446 696 e
3489 637 3613 696 l'oro

2043 734 2302 797 exceptos
2337 727 2594 796 templum
2621 728 2868 782 divinum
2891 729 3256 796 consecravit,
3278 730 3370 802 qui
3401 739 3612 786 tantum

2045 814 2200 869 abest
2231 823 2290 869 ut
2323 829 2484 870 sacro
2515 832 2742 871 munere
2789 815 3110 888 fungantur,
3156 827 3214 874 ut
3249 819 3416 876 veluti
3453 832 3613 876 antea

2045 905 2277 977 negotiis
2335 906 2649 962 forensibus
2686 924 2882 965 vacare
2918 912 3164 980 cupiant.
3214 912 3613 970 Sauctissimus

2045 996 2134 1051 ille
2173 997 2522 1068 vectigalium
2561 1013 2804 1066 exactor,
2873 1003 2965 1072 qui
3011 1019 3042 1058 a
3081 1004 3374 1061 Servatore
3425 1017 3615 1062 nostro

2045 1088 2264 1145 Christo
2295 1099 2523 1146 vocatus
2556 1095 2700 1148 inter
2727 1093 3026 1164 discipulos
3055 1097 3436 1168 recipiebatur,
3472 1115 3614 1153 nuu-

2050 1198 2214 1254 quam
2246 1183 2754 1256 prioribus-iterum
2790 1187 3042 1244 inhiavit.
3090 1188 3270 1256 Quare
3298 1206 3396 1245 nec
3447 1191 3482 1246 ii
3520 1193 3614 1261 qui

2047 1282 2190 1333 inter
2211 1294 2310 1336 nos
2337 1278 2404 1333 ad
2435 1279 2726 1348 puritatem
2746 1281 3058 1337 consecrati
3091 1283 3262 1348 fuere,
3285 1289 3348 1339 ad
3380 1286 3613 1356 priorem

2040 1370 2137 1427 Cui
2169 1371 2421 1426 innutriti
2451 1384 2611 1428 erant
2646 1374 3049 1430 itnmunditiem
3088 1376 3364 1433 reﬂectere
3391 1395 3615 1433 cursum

2049 1460 2387 1519 debuissent.
2424 1463 2470 1518 Α
2505 1466 2595 1518 tali
2625 1465 2791 1534 igitur
2835 1467 3055 1523 homine
3088 1476 3168 1533 tu,
3202 1483 3234 1524 ο
3265 1470 3619 1525 sanctissima

2047 1556 2142 1612 Dei
2203 1556 2464 1621 Ecclesia,
2515 1558 2847 1614 contumelia
2894 1575 3018 1615 eras
3053 1561 3360 1616 allicienda!
3397 1561 3618 1616 Utinam

2049 1663 2177 1703 vero
2205 1649 2308 1704 hoc
2331 1649 2456 1704 linis
2478 1651 2570 1714 sit,
2599 1667 2773 1721 neque
2803 1653 2984 1723 potius
3006 1653 3252 1708 initium!
3289 1653 3456 1709 Valde
3475 1656 3617 1709 enim

2055 1743 2159 1797 hoc
2192 1743 2379 1798 timeo.
2407 1743 2490 1798 Ad
2526 1743 2640 1798 haec
2677 1754 2857 1799 autem
2888 1745 3110 1814 quidam
3138 1746 3276 1801 adeo
3313 1747 3461 1799 molli
3493 1759 3623 1800 sunt

2053 1834 2241 1889 animo
2274 1843 2329 1889 et
2359 1843 2468 1888 tam
2512 1846 2796 1889 mansuete
2834 1835 3104 1905 ejusmodi
3157 1836 3389 1906 injurias
3420 1837 3621 1898 lerunt,

2054 1936 2114 1984 ut
2146 1927 2472 1982 accedentes
2505 1927 2674 1980 etiam
2711 1927 2930 1995 placare
2961 1937 3016 1982 et
3045 1927 3331 1983 dulcisona
3370 1946 3500 1984 voce
3525 1931 3624 1984 de-

2055 2018 2298 2074 mulcere
2317 2027 2606 2081 conentur,
2631 2025 2685 2072 et
2710 2016 2760 2070 id
2780 2017 2998 2088 quidem
3031 2020 3083 2072 in
3117 2033 3174 2072 re
3191 2035 3261 2088 qu
3283 2038 3310 2073 ιι
3335 2023 3624 2076 atrocitate

2055 2121 2273 2180 superat
2321 2110 2557 2166 fabulam
2609 2107 2870 2181 Sphingis
2927 2127 2991 2166 ac
3049 2111 3240 2183 Scylla:
3289 2131 3409 2184 qum
3459 2117 3632 2168 ambo.

2053 2202 2305 2256 homines
2322 2210 2640 2271 rapuerunt,
2675 2218 2780 2256 non
2816 2211 2874 2256 ut
2900 2201 3002 2258 illa:
3042 2220 3161 2272 qua:
3186 2205 3238 2259 in
3271 2203 3469 2259 fabulis
3497 2221 3626 2261 sunt

2057 2292 2323 2365 Harpyiae,
2341 2293 2434 2349 sed
2455 2293 2521 2348 ed
2548 2308 2641 2348 eos
2665 2293 2961 2348 miserabili
2996 2296 3115 2348 neci
3143 2295 3458 2353 tradendos.
3483 2298 3623 2364 Quid

2055 2387 2362 2456 nugamiui,
2434 2401 2465 2439 ο
2529 2385 2750 2442 miseri?
2824 2385 3149 2457 Maguopere
3217 2405 3492 2459 cuperem,
3565 2402 3627 2447 ut

2055 2478 2298 2546 Olidipus
2333 2479 2552 2548 quidam
2591 2485 2684 2533 aut
2709 2478 2926 2550 Ulysses
2957 2479 3254 2534 etiamnum
3287 2481 3629 2538 inveniretur

2057 2571 2150 2639 qui
2178 2570 2449 2639 ejusmodi
2495 2571 2700 2625 malum
2743 2569 2926 2625 delere
2973 2581 3221 2640 possent.
3268 2573 3449 2644 Scylla
3482 2577 3626 2629 enim

2059 2663 2153 2718 illa
2192 2663 2381 2720 Sicula
2417 2663 2934 2733 praeternavigantes
2973 2664 3026 2719 in
3067 2665 3236 2720 altum
3279 2665 3485 2736 ejectos
3521 2671 3630 2724 vita

2061 2756 2295 2824 privavit
2329 2773 2342 2810 :
2374 2755 2584 2824 Sphinx
2619 2764 2802 2810 autem
2831 2755 3090 2812 Thebana
3126 2758 3379 2813 homines
3409 2775 3439 2814 e
3466 2760 3632 2817 biviis

2059 2845 2282 2899 allectos
2303 2859 2469 2914 super
2498 2845 2648 2898 urbis
2669 2846 2942 2901 moenibus
2968 2845 3267 2903 devoravit.
3291 2846 3416 2904 llaec
3447 2861 3632 2906 autent

2060 2937 2230 2992 bestia
2256 2937 2605 2993 Macedonica
2638 2954 2744 2994 non
2767 2953 2798 2995 e
2821 2939 2960 2996 locis
2979 2941 3248 3010 profanis,
3275 2944 3367 3001 sed
3394 2962 3424 3002 e
3453 2947 3632 3002 media

2060 3030 2175 3084 aede
2215 3028 2397 3083 divina
2433 3045 2498 3084 eo
2522 3029 2613 3101 qui
2646 3030 2776 3086 illuc
2822 3031 3146 3101 confugerat
3177 3045 3366 3107 erepto
3399 3039 3632 3094 horren-

381 3127 515 3178 νᾶτο
546 3125 638 3178 ἐπὶ
667 3125 776 3178 τῶν
820 3123 1070 3195 τειχέων.
1106 3123 1221 3194 Θὴρ
1255 3122 1312 3175 δὲ
1342 3113 1498 3186 οὗτος
1523 3123 1550 3175 ό
1581 3121 1954 3201 Μακεδονικὸς

2064 3121 2192 3174 dum
2219 3120 2491 3188 piaculum
2525 3123 2822 3178 commisit.
2858 3122 2937 3178 En
2971 3135 3246 3183 recentem
3278 3129 3422 3186 hanc
3455 3133 3631 3198 vobis,

381 3219 492 3270 οὐκ
541 3217 604 3268 ὲκ
659 3215 908 3288 βεϐήλων
942 3215 1148 3280 τόπων,
1181 3215 1298 3269 ἀλλ’
1346 3217 1409 3268 ὲκ
1448 3215 1779 3284 μεσαιτὰτου
1814 3213 1958 3267 θειο-

381 3306 551 3359 τάτου
607 3309 756 3359 οἴκου
800 3306 1061 3375 ἀρπάσας
1112 3307 1204 3358 τὸν
1255 3305 1404 3374 αὐτῴ
1469 3304 1956 3374 προσπεφευγότα,

379 3395 535 3450 δεινὰ
564 3395 792 3450 διέθετο.
836 3396 1159 3466 Πρόσφατον
1194 3395 1304 3448 ἰδοὺ
1335 3395 1494 3446 τοῦτο
1539 3393 1688 3461 ὑμῖν,
1725 3385 1769 3447 ὦ
1805 3390 1961 3445 ἀδελ-

383 3489 504 3558 φοὶ,
545 3489 976 3558 περιηγησὰμην
1017 3488 1295 3558 φορτικὸν,
1324 3487 1526 3555 νεαρὰν
1569 3485 1723 3555 ὓϐριν
1760 3484 1964 3554 ἐκκλη-

383 3579 705 3650 σιαστικὴν,
736 3581 998 3647 ὑπόγυιον
1034 3580 1289 3645 ἐλεεινὸν,
1325 3578 1512 3651 χθιζὸν
1541 3579 1849 3651 ἁμάρτημα
1883 3579 1962 3641 είς

380 3673 480 3725 τὸν
512 3671 667 3735 Θεὸν,
701 3669 1031 3740 ἀδιαφορίαν
1091 3670 1331 3738 ἔκδικον,
1367 3671 1436 3742 ἦν
1472 3672 1574 3724 οὐκ
1621 3670 1687 3724 ἂν
1721 3671 1964 3742 ἀρνήση-

384 3762 505 3828 σθε,
547 3762 683 3831 πρὸς
735 3761 802 3833 ἦν
847 3762 950 3815 οὐκ
1005 3762 1069 3816 ἂν
1110 3763 1289 3831 ἔχοιτε
1342 3765 1522 3815 εἰπεῖν
1585 3763 1683 3816 τό-
1721 3781 1740 3814 ι
1783 3763 1958 3838 Πόθεν

381 3855 551 3908 τοῦτο
577 3853 771 3924 δῆλονς
810 3872 828 3906 ι
866 3855 960 3907 καὶ
1000 3854 1079 3907 τό’
1117 3873 1134 3906 ι
1192 3854 1627 3922 Συκοφαντεῖται
1675 3855 1702 3907 ὀ
1748 3854 1963 3923 ἄνθρω-

386 3966 516 4012 πος,
557 3965 576 3998 ι
618 3948 714 4001 καλ⁵
741 3949 798 4000 τό
827 3964 843 3980 ·
883 3965 901 3999 ι
936 3946 1369 4018 .Ἀποδειχθήτω.
1415 3966 1434 3999 ›
1475 3947 1536 4000 Ei
1563 3947 1621 4000 δέ
1649 3965 1794 4009 τινες
1821 3948 1962 4016 ἡμέ-

381 4059 485 4110 ραι
521 4039 742 4103 πλείους
773 4040 880 4092 τῶν
910 4040 1076 4111 μέχρι
1103 4041 1201 4108 τῆς
1234 4039 1361 4108 ἄρτι
1391 4039 1711 4110 ἐμέτρησαν
1766 4040 1963 4109 καιρὸν

387 4133 762 4205 μακρότερον,
813 4131 914 4184 οὐκ
967 4132 1076 4200 ἔχω
1133 4131 1628 4202 ἀπισχυρίσασθαι,
1665 4132 1739 4196 ὡς
1765 4132 1866 4184 οῦκ
1898 4131 1964 4184 ἂν

383 4223 788 4296 ἀπαρνήσησθε
843 4225 937 4278 καὶ
977 4226 1076 4295 τὴν
1138 4225 1448 4278 ἐνεστῶσαν
1497 4225 1963 4295 ἐκκλησιαστικὴν

386 4316 646 4386 ἀτιμίαν.
697 4315 813 4368 Νῦν
864 4317 920 4368 δὲ
973 4317 1074 4368 οὐκ
1121 4315 1270 4368 ἔστιν
1323 4313 1448 4367 οὔτε
1505 4317 1807 4380 ἀντειπεῖν,
1837 4313 1963 4368 οὔτε

383 4416 623 4483 ἄρνησιν
653 4410 1128 4482 προενεγκεῖν.“Ω,
1154 4405 1263 4471 οἷος
1286 4410 1570 4479 ἅνθρωπος
1597 4409 1962 4479 κατεξανέστη

2063 3225 2095 3265 o
2129 3208 2349 3275 fratres,
2390 3211 2616 3281 exposui
2658 3212 2944 3282 injuriam,
3002 3229 3202 3272 novam
3243 3223 3631 3276 contumeliam

2062 3299 2518 3367 et‘clesiaslicam,
2579 3301 2757 3358 scelus
2819 3303 3192 3373 manifestum,
3253 3312 3630 3380 nuperrimqu

2063 3393 2328 3448 adversus
2347 3393 2511 3446 Deum
2535 3405 2839 3462 peccatum,
2858 3395 3282 3453 indiﬂ‘erentiam
3305 3401 3630 3474 improbam,

2065 3500 2226 3553 quam
2253 3499 2360 3538 non
2383 3483 2766 3552 diliitebimini,
2794 3485 2861 3542 ad
2885 3501 3047 3556 quam
3073 3503 3180 3544 non
3208 3492 3440 3561 potestis
3466 3509 3635 3564 oppo-

2065 3592 2194 3632 nere
2236 3577 2365 3631 illud
2412 3594 2426 3632 :
2479 3575 2632 3631 Unde
2683 3579 2786 3634 hoc
2832 3579 3228 3636 manifestum?
3275 3592 3362 3638 aut
3414 3585 3562 3641 istud
3617 3607 3632 3642 :

2063 3671 2406 3726 Calumniam
2430 3673 2597 3726 homo
2622 3676 2850 3743 patitur,
2879 3685 2974 3730 aut
3005 3675 3108 3731 hoc
3145 3694 3160 3731 :
3199 3677 3632 3736 Demonstretur.

2065 3763 2328 3834 Equidem
2366 3773 2426 3820 ut
2458 3765 2573 3820 haec
2595 3781 2683 3822 res
2713 3767 2924 3836 aliquot
2951 3767 3144 3824 diebus
3180 3771 3330 3839 prius
3346 3774 3634 3830 autserius

2058 3857 2344 3922 acciderit,
2381 3856 2515 3911 nihil
2545 3873 2838 3928 opponam,
2889 3859 3034 3915 sicut
3067 3875 3165 3915 vos
3200 3860 3295 3915 Dei
3333 3863 3634 3920 Ecclesiam

2065 3947 2478 4003 dehonestatam
2515 3964 2636 4006 esse
2661 3965 2766 4003 non
2798 3950 3090 4020 negabitis.
3113 3950 3232 4006 lam
3262 3970 3439 4024 neque
3469 3972 3638 4026 oppo-

2067 4040 2230 4093 nendi
2250 4048 2331 4095 est
2360 4043 2529 4104 locus,
2563 4056 2739 4111 neque
2771 4043 3236 4110 negandi.Qualis
3267 4055 3444 4100 autem
3477 4049 3639 4102 homo

2065 4134 2484 4204 praerogativam
2531 4134 2959 4188 ecclesiasticam
2993 4135 3251 4189 violavit!
3291 4137 3429 4203 Quid
3467 4139 3637 4196 facie-

2069 4241 2212 4290 n.us,
2243 4225 2286 4280 si
2315 4225 2444 4294 quid
2471 4225 2696 4294 gravius
2716 4225 2969 4280 alicunde
3001 4227 3297 4281 acciderit?
3326 4229 3640 4286 Patrociuio

2069 4327 2250 4372 vestro
2288 4316 2487 4370 fruitur
2519 4319 2642 4380 iste,
2674 4333 2706 4371 ο
2741 4317 2969 4386 humani
3006 4319 3355 4387 mediatores,
3388 4328 3641 4393 quamvis

2069 4411 2339 4464 violentiae
2389 4409 2628 4474 inimici;
2673 4411 2840 4480 igitur
2881 4411 3214 4481 justiﬁcalus
3253 4417 3345 4472 sit.
3375 4417 3641 4474 Caeterum

385 4508 696 4577 προνομίου
752 4501 1248 4574 ἐκκλησιαστικοω
1306 4501 1370 4555 Τί
1431 4503 1768 4572 ποιήσομεν,
1809 4504 1862 4555 εἴ
1912 4519 1955 4554 τι

2073 4518 2180 4557 non
2212 4518 2432 4572 possum
2461 4504 2594 4571 qttin
2631 4505 2731 4559 hac
2761 4505 2826 4560 de
2849 4521 2906 4560 re
2933 4508 3236 4578 saepissime
3265 4510 3530 4582 lacrymas
3559 4530 3644 4566 nte

385 4597 583 4670 μεῖζον
619 4596 764 4650 ἔλθοι
800 4595 1007 4658 ποθέν;
1075 4592 1440 4647 Μεσιτεύεται
1503 4592 1532 4643 ὁ
1581 4593 1822 4656 τοιοῦτος
1876 4591 1969 4662 ὑφ’

387 4691 574 4762 ὑμῶν,
608 4683 652 4742 ὦ
699 4686 1084 4760 φιλάνθρωποι
1123 4687 1366 4754 μεσίται,
1411 4687 1484 4754 μή
1525 4701 1627 4736 που
1665 4685 1720 4737 δὲ
1757 4686 1851 4736 καὶ
1883 4703 1972 4754 φι-

384 4785 703 4854 λὰρπαγες·
741 4780 837 4834 καὶ
871 4779 1019 4833 ἔστω
1043 4777 1493 4848 δεδικαιωμένος.
1538 4777 1880 4830 Ἀποκείσθω
1913 4778 1970 4831 δέ,

385 4893 488 4949 μοι
517 4875 702 4942 λόγος,
736 4872 810 4935 ὡς
850 4872 972 4926 ἀντὶ
1001 4870 1214 4924 τούτων
1236 4870 1408 4924 πολλά
1436 4869 1791 4941 κλαυσόμεθα
1815 4869 1973 4922 ὕστε-

386 4985 512 5040 ρον.
555 4968 673 5022 Οὐκ
709 4968 876 5034 ἀρκεῖ
902 4965 1018 5032 τοῖς
1049 4963 1310 5027 ἐλεεινοῖς
1340 4964 1491 5034 ἡμῖν,
1525 4963 1627 5016 ὅσα
1663 4962 1782 5016 κατ’
1801 4962 1969 5032 ἀλλή-

2074 4594 2323 4648 {usurum
2370 4596 2712 4664 promittam.
2754 4597 2926 4654 Nobis
2963 4601 3183 4656 miseris
3229 4618 3337 4657 non
3371 4604 3647 4660 solliciuut

2072 4687 2358 4742 innumera
2398 4703 2518 4757 qure
2573 4689 2734 4744 nobis
2781 4689 3016 4748 invicem
3071 4695 3452 4750 machinamur
3483 4700 3646 4764 mala,

2072 4779 2168 4834 sed
2198 4777 2308 4845 jam
2341 4779 2502 4832 etiam
2540 4779 2649 4835 Deo
2683 4781 2790 4835 vim
2827 4781 3140 4850 inferimus,
3182 4795 3244 4840 ut
3284 4789 3494 4844 scilicet
3541 4800 3650 4846 ter-

2073 4886 2197 4925 rore
2228 4873 2514 4940 perculsus
2546 4872 2630 4928 vel
2678 4873 2884 4929 invitus
2934 4891 3200 4947 prospera
3245 4881 3374 4934 anni
3407 4883 3651 4952 auspicia

2075 4962 2236 5016 nobis
2266 4961 2530 5017 concedat
2551 4965 2564 5016 l

380 5065 498 5118 λων
556 5060 983 5130 τεκταινόμεθα,
1037 5054 1115 5112 ὧν
1168 5058 1294 5112 οὐδὲ
1350 5058 1499 5112 ἐστιν
1555 5059 1816 5130 ἀριθμόςο
1857 5057 1970 5113 ἀλλ’
2014 5057 2128 5112 ἰδοὺ
2160 5058 2252 5111 καὶ
2283 5056 2404 5109 κατ’
2432 5057 2601 5112 αὑτοῦ
2656 5059 2794 5115 Θεοῦ
2825 5063 3096 5133 γινόμεθα
3141 5067 3374 5138 ἰσχυροὶ,
3441 5072 3516 5134 ὡς
3585 5074 3653 5125 ἂν

380 5155 568 5224 εἷμαι,
600 5153 859 5222 πτοηθεὶς
902 5152 1173 5222 εὺλογήσῃ
1220 5149 1369 5204 ἄκων
1400 5152 1534 5220 ἡμῖν
1563 5150 1655 5203 τὸν
1693 5149 1960 5220 στέφανον
1989 5148 2084 5203 τοῦ
2117 5146 2392 5202 ἐνιαυτοῦ.

457 5245 562 5311 κζ’.
611 5247 774 5312 Ἀλλ’,
812 5239 857 5298 ὧ
912 5244 1110 5314 Κύριε,
1165 5242 1360 5313 Κύριε,
1411 5242 1657 5314 ὖρθωσον
1691 5245 1861 5314 ἡμᾶς,
1894 5244 1954 5296 οὐ

382 5339 864 5409 προσκόπτοντας,
919 5339 980 5388 οὐ
1019 5336 1446 5405 σφαλλομένους,
1495 5337 1556 5389 οὐ
1595 5336 1964 5389 καταπίπτον-

380 5447 505 5494 τας,
543 5429 667 5483 οὐδὲ
697 5429 1118 5491 καταπεσόντες
1151 5429 1302 5498 ἄρτι,
1334 5427 1450 5480 ἀλλ’
1487 5430 1552 5480 ὲκ
1619 5428 1835 5497 μακροῦ
1872 5428 1965 5481 καὶ

383 5523 705 5592 κειμένους,
738 5521 833 5575 καὶ
888 5519 966 5590 τῷ
1010 5519 1274 5591 πτώματι
1305 5521 1366 5573 οὐ
1398 5519 1562 5588 μόνον
1596 5519 1968 5590 ὲμὸραδύνον-

382 5631 510 5677 τας,
540 5613 678 5667 ἀλλά
711 5614 804 5665 καὶ
833 5611 1268 5682 ὲμϐαθύνοντας.
1314 5611 1632 5681 Εὐλόγησον
1665 5613 1837 5682 ἡμᾶς,
1881 5612 1970 5664 ἵνα

384 5708 589 5772 οὕτως,
625 5704 1042 5775 εὐλογηθέντων
1092 5706 1272 5776 ἡμῶν,
1329 5705 1424 5758 καὶ
1479 5703 1793 5767 ἀκολούθως
1840 5706 1968 5774 ἀρε-

392 5805 642 5857 σκόντων
679 5818 781 5865 σοι,
811 5797 1140 5870 εὐλογηθείη
1177 5800 1269 5853 καὶ
1297 5801 1325 5852 ὁ
1358 5797 1558 5862 κύκλος
1589 5798 1680 5851 τοῦ
1717 5797 1972 5854 ἐνιαυτοῦ

2115 5241 2205 5295 27.
2229 5241 2332 5295 Sed
2355 5249 2432 5304 tu,
2448 5239 2732 5308 oDoznine,
2755 5243 2902 5314 erige
2921 5261 3047 5313 nos,
3069 5249 3157 5320 qui
3180 5263 3286 5304 non
3311 5248 3651 5320 oll'endimus,

2068 5350 2173 5390 non
2207 5334 2477 5397 cedimus,
2503 5349 2614 5388 non
2648 5337 2880 5403 ruimus,
2915 5354 3092 5410 neque
3119 5356 3289 5410 nuper
3329 5343 3653 5407 cecidimus.

2070 5425 2165 5480 sed
2197 5443 2263 5481 ex
2295 5428 2452 5497 longo
2479 5428 2603 5480 inde
2630 5436 2893 5497 tempore,
2927 5438 2982 5483 et
3031 5431 3301 5499 jacemus,
3359 5441 3413 5486 et
3465 5450 3652 5490 casum

2073 5533 2183 5571 non
2220 5517 2394 5570 solum
2421 5518 2811 5588 protrahimus,
2849 5519 2944 5572 sed
2975 5521 3138 5572 etiam
3163 5537 3447 5591 augemus.
3481 5523 3655 5581 Bene-

2074 5613 2224 5667 dicas
2264 5613 2442 5678 nobis,
2481 5624 2538 5696 ut
2566 5613 2668 5676 sic,
2708 5613 2796 5666 ubi
2840 5613 3241 5672 benedictionis
3273 5627 3376 5672 tua:
3433 5621 3656 5688 partici-

2070 5721 2164 5776 pes
2191 5707 2416 5774 idco'quc
2451 5705 2548 5757 tibi
2580 5703 2723 5773 grati
2755 5703 2882 5758 facti
2924 5705 3154 5773 erimus,
3181 5725 3289 5783 per
3323 5721 3467 5765 tuam
3504 5713 3657 5766 bt‘ﬂi-

2074 5799 2330 5869 guitatem
2391 5797 2555 5854 etiam
2605 5796 2846 5853 circulus
2885 5799 3009 5856 anui
3049 5801 3428 5864 benedicatur.
3485 5808 3653 5864 Aliter
