3912 6244
362 347 465 412 US)

1035 345 1457 406 EUS'i‘A'l'illI
1502 346 1604 406 ΤΗ
1621 343 1949 404 ESSALON
1963 342 2265 405 liiENSlS
2314 341 2865 407 METROPOLITJE

3503 340 3615 405 5ἶο

363 469 508 522 enim
538 467 641 520 hoc
673 462 789 519 ﬁeri
823 477 927 515 non
983 475 1143 530 posse
1215 460 1352 513 bene
1407 459 1701 529 perspicio.
1772 457 1940 514 Nobis

2052 456 2132 511 5ιά
2172 458 2274 528 τῆς
2311 458 2412 528 σῆς
2468 460 2866 528 χρηστότητος.
2901 457 3111 520 ’Ἄλλως
3151 458 3280 528 γὰρ,
3322 457 3467 512 καθὰ
3497 476 3607 513 συν-

362 560 512 615 enim
541 555 872 627 impOSsibilc
896 555 998 608 hoc
1025 553 1096 608 ob
1126 552 1560 622 perversitatem.
1594 550 1717 605 Tibi
1755 561 1935 604 autem

2052 552 2178 620 ορῶ,
2214 550 2469 620 γενέσθαι
2500 551 2660 604 τοῦτο
2705 552 2763 604 οὐ
2807 551 3059 604 δυνατόν.
3105 551 3180 602 Οὐ
3210 549 3438 603 δυνατὸν
3465 551 3525 604 δὲ
3552 558 3612 605 τό

363 652 466 707 soli
526 646 803 721 possibile,
872 655 1061 716 utpote
1122 644 1482 714 omnipotenti
1547 643 1940 713 hominumque

2045 661 2110 710 γε
2144 645 2225 707 είς
2253 644 2401 712 ἡμᾶς
2438 638 2575 714 ἧκον
2610 644 2675 696 ἐκ
2709 642 3067 712 φαυλότητος.
3105 643 3198 696 Σοὶ
3243 643 3303 696 δὲ
3338 644 3490 714 μόνῳ
3519 644 3613 696 δυ-

361 744 562 800 amico.
598 740 968 797 Tolerantiam
1000 738 1159 793 nobis
1198 736 1419 801 exhibe,
1473 737 1600 792 licet
1649 735 1941 790 tolerantia

2052 736 2226 802 νατδν,
2266 733 2346 805 τῷ
2379 736 2471 787 καὶ
2512 734 2911 805 παντοδυνάμῳ
2939 734 3035 788 καὶ
3054 734 3459 806 φιλανθρώπῳ.
3503 737 3617 790 Ἅν-

363 834 570 905 indigni
599 833 792 887 simus.
827 830 1117 887 Conducas
1142 828 1504 899 impetuoses.
1539 826 1791 883 Reducas
1850 842 1942 881 er-

364 942 569 983 rantes.
595 926 799 981 Rectos
841 923 1042 979 reddas
1073 937 1383 992 perversos.
1436 919 1774 975 Promoveas
1809 920 1941 975 edo-

362 1038 597 1092 ceasquc
631 1021 754 1074 illos
778 1018 867 1088 qui
900 1017 965 1072 ad
994 1015 1256 1086 puetilem
1291 1029 1356 1068 ac
1397 1018 1692 1081 reprobum
1722 1028 1941 1068 sensum

364 1129 484 1171 sese
516 1117 929 1169 converterunt.
967 1107 1281 1161 (Zorrobora
1313 1104 1637 1169 dissolutos,
1677 1103 1942 1158 conﬁrma

362 1208 593 1270 debiles,
613 1204 855 1260 illumina
870 1199 1120 1265 stolidos,
1142 1196 1387 1253 condona
1409 1193 1748 1266 prudentiam
1768 1203 1946 1249 mente

363 1303 557 1370 captis.
594 1296 823 1351 Institue
856 1307 978 1355 nos,
1017 1300 1076 1345 ut
1102 1305 1208 1343 non
1236 1297 1551 1356 expetamus
1599 1288 1947 1341 demonstra.

364 1396 574 1445 tionem
621 1388 688 1443 de
713 1385 907 1456 quibus
929 1383 1229 1439 erudimur.
1274 1380 1427 1450 Szepe
1461 1380 1607 1434 enim
1637 1377 1945 1445 interroga-

364 1499 521 1538 mus:
554 1480 707 1535 Unde
735 1479 1162 1536 demonstratur,
1193 1487 1291 1527 nos
1315 1485 1542 1542 peccare
1567 1471 1589 1523 2
1611 1468 1656 1525 0
1686 1469 1944 1539 ignoran-

366 1578 497 1629 tiam
528 1574 541 1627 l
575 1571 691 1627 Non
712 1568 1057 1641 judicamur,
1089 1582 1120 1620 ο
1168 1563 1389 1628 fratres,
1424 1577 1533 1617 non
1577 1561 1945 1630 coarguimur,

363 1686 476 1722 non
535 1664 751 1719 curiose
824 1659 1197 1729 inquirimur,
1260 1657 1357 1710 sed
1405 1655 1781 1709 tantummodo
1853 1667 1950 1723 per

2049 828 2177 898 ἐχου
2238 826 2422 897 ἡμῶν,
2458 827 2506 880 εί
2555 826 2650 882 καὶ
2709 828 2783 898 μή
2844 828 3015 897 ἐσμεν
3060 828 3204 893 ἄξιοι
3258 829 3358 900 τῆς
3390 829 3609 899 ἀνοχῆς.

2057 919 2272 988 Ὀδήγει
2312 918 2799 990 παροιστροῦντας.
2845 919 3119 988 Ἐπάναγε
3180 919 3603 983 πλανωμένους.

2047 1012 2278 1083 Διόρθου
2314 1012 2805 1084 στρεϐλουμένους.
2843 1013 3148 1083 Ἐνηλικίου
3186 1017 3283 1068 καὶ
3312 1017 3614 1087 σωιρρόνιζε

2050 1104 2466 1173 στρεφομένους
2500 1106 2582 1169 είς
2618 1106 2962 1178 παιδαριώδη
2997 1106 3124 1162 νοῦν
3158 1108 3447 1178 ἀδόκιμον.
3481 1109 3617 1180 Σύρ-

2051 1199 2228 1266 ραπτε
2284 1197 2765 1268 παραλυομένους,
2827 1197 3193 1269 ἐκλυομένους
3243 1202 3609 1270 συνάρμοττε,

2050 1287 2239 1357 σόφιζε
2287 1288 2778 1359 ἀπονενοημένους·
2841 1288 3045 1344 ἐντίθει
3077 1290 3204 1343 νοῦν
3243 1292 3614 1345 ἀπολωλεκόσι

2057 1384 2161 1443 τὰς
2187 1381 2357 1451 όρθάς
2390 1383 2616 1453 φρένας.
2649 1382 2870 1447 Δίδαξον
2904 1384 3054 1454 ἡμᾶς
3084 1384 3158 1455 μὴ
3197 1385 3455 1439 ἀπαιτεῖν
3488 1390 3615 1441 ἀπο-

2049 1470 2285 1539 δείξεις,
2326 1473 2413 1543 ὲφ⁹
2443 1470 2526 1538 οἷς
2563 1474 3087 1545 παραγγελλόμεθα.
3149 1478 3355 1548 Συχνδν
3403 1480 3514 1549 τάρ
3559 1481 3613 1530 ἐν

2051 1565 2187 1634 ἡμῖν
2233 1566 2326 1619 καὶ
2379 1567 2442 1620 τό
2467 1585 2481 1599 ·
2535 1585 2554 1620 ι
2602 1567 2780 1621 Πόθεν
2814 1568 3093 1639 δηλοῦται,
3128 1571 3211 1624 ὅτι
3240 1574 3548 1642 πταίομεν;
3592 1593 3610 1626 ι

2054 1658 2116 1709 Ὢ
2147 1657 2249 1728 τῆς
2282 1659 2836 1733 ἀνεπιστημοσύνηςῐ
2874 1663 2948 1717 Οὐ
2989 1662 3349 1736 δικαζόμεθα,
3388 1663 3433 1721 ὧ
3465 1668 3616 1723 ἀδελ-

363 1760 763 1817 institntionem
807 1755 1186 1808 admonemur.
1239 1747 1550 1803 Admonitio
1590 1756 1771 1801 autem
1803 1744 1944 1799 haud

2054 1750 2167 1819 φοὶ,
2199 1751 2300 1805 οὐκ
2339 1751 2747 1824 ἐξελεγχόμεθα
2773 1795 2788 1823 ,
2842 1756 2904 1810 οὗ
2959 1758 3573 1830 πολυπραγμονούμεθα
3600 1779 3615 1794 '

361 1867 583 1923 semper
612 1864 832 1905 necesse
856 1854 940 1903 est
974 1854 1035 1899 ut
1078 1851 1370 1915 peccatum
1404 1840 1732 1896 antecedens
1762 1846 1939 1903 sanet,

2059 1810 2221 1910 μόνον
2247 1841 2303 1895 δὲ
2334 1810 2740 1911 διδασκαλικῶς
2774 1810 3243 1920 ’παραινοῦμεθαὶ
3261 1810 3619 1924 ᾜᾴρσῖἐνέξις

351 1943 458 2000 sed
487 1940 760 1997 interdum
821 1949 1153 2006 praeservare
1214 1932 1414 1995 debet,
1478 1928 1940 2001 quemadmodum

348 2037 625 2093 nonnulla
667 2033 1090 2088 me‘dican‘ienta.
1143 2025 1199 2081 Si
1250 2025 1416 2096 igitur
1460 2040 1553 2079 me
1615 2024 1944 2079 admonente

350 2127 632 2193 «ﬂerat-is,
664 2139 695 2180 ο
729 2123 921 2185 frater,
975 2131 1154 2188 neque
1197 2112 1407 2186 placide
1437 2127 1604 2168 aures
1636 2113 1771 2167 mihi
1803 2126 1944 2182 prae-

364 2214 484 2290 hes,
528 2218 624 2275 sed
685 2212 1190 2271 demonstra'tioiies
1254 2204 1513 2276 requiris,
1577 2204 1944 2275 suspicionem

363 2332 549 2374 moves
581 2311 726 2384 quod
750 2311 902 2381 prius
935 2303 1272 2376 peccaveris.
1312 2301 1431 2356 Cur
1485 2298 1663 2375 igitur
1707 2297 1944 2368 teipsum

360 2405 595 2487 prodis?
621 2404 733 2460 Cur
765 2399 1172 2457 accusationem
1241 2391 1506 2447 adversus
1539 2398 1593 2445 te
1631 2386 1945 2460 provocas?

359 2483 579 2560 Audisti
615 2493 1081 2553 admonitionem;
1118 2487 1285 2541 adora
1332 2492 1386 2539 et
1409 2483 1527 2549 sile,
1563 2490 1620 2536 ut
1677 2484 1754 2536 sic
1815 2494 1942 2549 pec-

361 2596 469 2652 cati
502 2604 701 2662 expers
725 2599 1015 2657 apparens.

417 2779 510 2834 28.
528 2777 652 2833 Hauc
664 2772 839 2845 igitur
854 2770 934 2827 sic
955 2770 1008 2823 in
1031 2766 1209 2827 nobis,
1230 2780 1262 2819 ο
1278 2763 1557 2826 Senator,
1582 2758 1800 2830 pcrlice,
1816 2771 1944 2813 con-

354 2867 637 2926 tumeliam
670 2863 867 2920 cohibe
896 2859 1144 2916 ecclesiae
1170 2857 1375 2911 illatam
1412 2861 1465 2908 et
1502 2853 1761 2922 impetum
1790 2849 1942 2905 illum

359 2963 647 3023 audacem,
672 2956 1030 3017 insensatum,
1057 2948 1401 3011 illiberalem,
1430 2945 1725 3015 illegalem,
1758 2942 1943 2998 multis

359 3050 680 3108 verberibus
703 3047 950 3114 dignum,
975 3043 1322 3112 sacrilegum.
1350 3041 1547 3095 Annon
1572 3038 1659 3092 hic
1682 3037 1750 3092 de
1770 3035 1942 3090 sacri-

359 3145 501 3215 legio
533 3143 712 3212 agitur
766 3133 1037 3209 ejusmodi
1073 3134 1218 3203 quod
1266 3131 1352 3186 vel
1400 3129 1673 3185 infaustus
1719 3128 1938 3182 Afratas

359 3245 656 3304 agnoscere
687 3224 931 3284 debeat?
962 3222 1110 3279 Alias
1133 3221 1279 3275 enim
1312 3218 1661 3287 sacrilegium
1705 3218 1844 3271 Cliti“
1890 3225 1945 3268 et

359 3332 415 3385 in
446 3325 658 3384 occulto
684 3317 989 3393 perpetrari
1035 3315 1194 3371 solet.
1225 3312 1327 3369 Hic
1351 3320 1534 3367 autem
1578 3310 1710 3364 nihil
1743 3307 1945 3364 occulti

362 3432 446 3478 est
475 3429 570 3475 aut
601 3412 928 3477 absconditi,
980 3410 1091 3464 imo
1128 3407 1285 3478 plena
1316 3407 1433 3460 luce
1457 3404 1511 3458 in
1554 3403 1948 3471 botnintnnque

346 3517 660 3579 conspectu
705 3504 798 3559 ille
819 3501 886 3556 ad
921 3499 1090 3555 Deum
1123 3512 1312 3566 preces
1345 3494 1554 3549 faciens
1583 3508 1705 3549 cum
1735 3492 1944 3546 violen-

362 3604 437 3658 tia
464 3601 689 3654 abactus
717 3603 818 3658 est,
865 3591 1129 3660 sacrilege
1167 3598 1386 3658 ereptus
1415 3587 1432 3658 (
1464 3603 1494 3642 e
1520 3587 1727 3656 templo
1778 3585 1947 3639 nimi.

362 3708 483 3748 rum
522 3689 620 3760 )cl
644 3685 915 3741 deductus
967 3682 1135 3735 veluti
1191 3695 1222 3734 a
1281 3680 1458 3734 bestia
1526 3676 1638 3732 l'era
1693 3675 1947 3731 dentibus

362 3778 647 3834 irendente
706 3782 759 3829 et
816 3772 934 3844 apri
967 3772 1146 3825 instar
1222 3777 1536 3838 spumante.
1600 3767 1785 3822 Oculis
1845 3781 1946 3821 no-

362 3871 493 3926 stris
535 3867 711 3924 adhuc
776 3864 1139 3918 obversantur
1167 3861 1309 3914 mala
1358 3860 1421 3913 in
1463 3860 1613 3914 urbis
1670 3873 1950 3928 expugna-

363 3963 511 4016 tione
557 3957 716 4013 nobis
748 3955 917 4022 illata,
944 3967 1181 4024 quorum
1205 3961 1459 4005 auctores
1503 3951 1554 4004 in
1595 3949 1788 4020 primis
1828 3946 1947 4003 Afri

361 4072 393 4110 e
433 4052 619 4109 Sicilia
654 4048 1014 4106 adventantes
1051 4045 1224 4101 fuere.
1290 4041 1409 4097 Jam
1478 4056 1610 4096 vero
1662 4042 1789 4096 vilis
1843 4041 1948 4096 iste

362 4143 583 4199 Afratas
614 4140 746 4196 mihi
783 4140 996 4195 videtur
1031 4151 1172 4191 unus
1232 4148 1357 4191 esse
1382 4150 1446 4189 ex
1494 4134 1603 4189 illis
1646 4130 1794 4187 Afris
1852 4130 1946 4202 qui

358 4237 442 4291 vel
476 4234 683 4291 sanctis
732 4230 981 4287 ecclesiis
1014 4242 1214 4283 manus
1248 4225 1578 4296 iniecerunt.
1613 4224 1735 4279 Illos
1763 4233 1945 4279 autem

358 4332 571 4383 nt‘nam
603 4339 883 4394 nunquam
912 4323 967 4377 ln
991 4331 1270 4392 posterum
1293 4319 1598 4382 videamus,
1629 4332 1662 4369 ο
1688 4316 1947 4371 Servatur

360 4430 549 4476 noster
578 4416 722 4474 Deus
745 4425 799 4471 et
836 4416 1145 4484 redemptor
1165 4420 1220 4468 ct
1249 4411 1509 4466 liberator
1541 4412 1554 4464 ε
1584 4409 1738 4464 llunc
1760 4419 1943 4465 autem

2048 1930 2108 1984 δέ
2145 1932 2246 1986 οὐκ
2278 1932 2340 1998 ἐξ
2392 1933 2644 2006 ἀνάγκης
2694 1935 2884 1991 ἅπασα
2934 1937 3313 2012 θεραπευτικὴ
3358 1943 3453 1995 ἐπὶ
3486 1944 3621 2012 φθά-

2054 2039 2211 2077 σαντι
2254 2025 2644 2097 ἁμαρτήματι,
2695 2028 2832 2083 ἀλλά
2870 2047 2978 2083 που
3007 2031 3103 2084 καὶ⁵
3137 2033 3618 2103 προφυλάσσοισα,

2046 2115 2217 2169 όποῖα
2278 2115 2343 2188 δή
2405 2133 2528 2171 τινα
2590 2118 2688 2173 καὶ
2741 2119 2814 2174 τὰ
2873 2121 3199 2193 ίατρευτικά
3237 2125 3526 2196 φάρμακα.
3561 2128 3620 2180 Ei

2051 2206 2189 2275 γοῦν
2218 2207 2317 2261 καὶ
2346 2207 2482 2278 ἐμοῦ
2513 2210 2914 2283 παραινοῦντος
2950 2213 3299 2289 ἐξαγριαίνῃ,
3331 2211 3376 2271 ὦ
3405 2217 3617 2288 ἀδελφὲ,

2053 2301 2150 2354 καὶ⁵
2179 2300 2241 2355 οὔ
2266 2302 2557 2374 προσηνῶς
2582 2304 2866 2373 ἀκούσεις,
2894 2307 3033 2361 ἀλλὰ
3055 2308 3316 2380 ἐλέγχους
3344 2311 3617 2377 ἀπαιτεῖς,

2053 2394 2319 2449 ὕπόνοιαν
2368 2395 2647 2466 πέμπεις,
2693 2398 2779 2452 ὅτι
2823 2399 3043 2468 φθάσας
3091 2400 3347 2466 ἔπαισας.
3380 2403 3453 2458 Τί
3494 2404 3620 2473 γοῦν

2053 2484 2283 2538 σεαυτὸν
2319 2486 2560 2554 φαίνεις;
2611 2488 2676 2541 Τί
2731 2491 3069 2564 κατηγορίαν
3123 2494 3347 2567 ἐνιστᾷς
3397 2496 3491 2549 ἐπὶ
3537 2496 3619 2549 σοὶ

2052 2575 2237 2647 avrti};
2265 2578 2547 2641 Ἤκουσας
2574 2579 2922 2650 παραίνεσιν·
2958 2584 3369 2655 προσκύνησον,
3410 2587 3506 2642 καὶ
3538 2588 3618 2640 σί-

2050 2684 2243 2736 γησον,
2277 2668 2351 2732 ὡς
2396 2670 2462 2723 ἀν
2488 2670 2632 2723 οὕτω
2665 2670 2884 2743 δοκοίης
2918 2674 3331 2746 ἀναμάρτητος.

2121 2758 2232 2832 κη’.
2269 2759 2455 2816 Ταῦτά
2490 2779 2550 2816 τε
2602 2759 2697 2819 οὖν
2728 2765 2901 2829 οὕτως
2932 2768 2987 2821 ἐν
3016 2769 3169 2838 ἡμῖν,
3200 2763 3244 2823 ὦ
3278 2772 3484 2843 Σῶτερ,
3515 2789 3613 2827 κα·-

2050 2852 2334 2922 τάρτισον,
2394 2858 2487 2908 καὶ
2532 2857 2735 2927 στῆσον
2793 2859 2893 2927 τὴν
2941 2859 3052 2913 ἰδοὺ
3090 2861 3234 2915 κατά
3288 2863 3385 2933 τῆς
3426 2867 3618 2935 ἐκκλη-

2053 2944 2173 3008 σίας
2198 2944 2379 3017 ὓϐριν,
2413 2949 2507 3001 καὶ
2535 2948 2598 3002 τὸ
2628 2951 2751 3003 κατ’
2773 2952 2944 3022 αὐτῆς
2965 2952 3292 3024 ἐμπήδημα,
3335 2955 3397 3009 τὺ
3421 2957 3609 3028 θρασὺ,

2049 3036 2111 3088 τδ
2149 3036 2460 3106 ἀλόγιστον,
2505 3040 2567 3093 τὸ
2601 3041 2954 3108 ἀπαίδευτον,
2987 3043 3047 3096 τὸ
3090 3046 3345 3117 ἐκνομον,
3394 3048 3455 3103 τὸ
3488 3050 3611 3103 πολ-

2050 3125 2158 3181 λῶν
2189 3128 2421 3198 πληγῶν
2451 3129 2623 3198 ἄξιον,
2672 3132 2733 3186 τὸ
2786 3132 3145 3205 ίεροσυλικόν.
3199 3138 3311 3191 Καὶ
3361 3140 3470 3210 μὴν
3520 3142 3613 3195 οὑκ

2049 3219 2201 3274 ἐστιν
2234 3221 2472 3276 ἐνταῦθα
2509 3223 2753 3295 σύλημα,
2789 3226 2875 3278 ἵνα
2911 3229 3005 3280 καὶ
3037 3230 3337 3300 ίεροσυλεῖν
3373 3233 3556 3305 δοκοίη
3588 3236 3613 3289 ό

2048 3313 2341 3384 ἀπόφημος
2414 3315 2726 3385 Ἀφρατᾶς;
2793 3317 2937 3390 Συλᾷ
2994 3323 3093 3389 μὲν
3152 3322 3261 3393 γὰρ
3297 3324 3548 3380 ὁπωσοῦν
3591 3330 3616 3382 ό

2048 3407 2609 3476 παρακρυπτόμενος.
2665 3410 2932 3464 Ἐνταῦοα
2966 3413 3022 3467 δὲ
3050 3414 3206 3468 οὐίἐν
3237 3433 3289 3469 τι
3333 3424 3612 3489 κρυφαῖον,

2047 3498 2169 3551 οὐδὲ
2199 3498 2481 3569 λαθραῖον·
2525 3501 2662 3554 ἀλλά
2707 3503 2904 3574 ἀνέδην
2940 3505 3044 3558 ὑπὸ
3097 3508 3239 3575 φωτὶ
3278 3509 3613 3581 αἰθριάζοντι

2048 3590 2143 3640 καὶ
2173 3587 2622 3661 ὀφθαλμοφανείᾳ
2655 3590 2683 3642 ό
2720 3591 2798 3653 είς
2831 3591 2964 3644 Θεὸν
3035 3593 3327 3660 ἱκετεύσας
3378 3599 3613 3669 ἀπήχθη,

2051 3680 2309 3749 συληθεὶς
2341 3680 2441 3751 μὲν
2468 3681 2690 3752 (οὐκοῦν
2726 3685 2790 3735 ἐκ
2822 3683 2914 3736 τοῦ
2952 3684 3150 3755 ἱεροῦ),
3184 3689 3537 3758 ἀφαρπαγεὲς
3565 3691 3613 3743 δὲ

2047 3774 2121 3836 ὡς
2157 3773 2263 3826 ὑπὸ
2321 3773 2531 3846 θηρὸς,
2584 3774 2903 3846 τετριγότος
2943 3776 3163 3842 ὀδόντας
3210 3781 3307 3832 καὶ
3366 3784 3613 3846 σιεὶιίδες

2049 3864 2482 3936 ἀπαφρίζοντος.
2524 3866 2648 3918 Ἔτι
2682 3869 2789 3936 πρὸ
2819 3867 3124 3939 ὀφθαλμῶν
3150 3864 3266 3924 οἷον
3302 3874 3437 3942 ἡμῖν
3470 3877 3536 3930 τὰ
3562 3878 3616 3928 ἐν

2048 3958 2114 4027 τῇ
2172 3955 2371 4010 ἁλώσει
2406 3958 2553 4011 κακά
2581 3997 2597 4023 ,
2625 3951 2700 4011 ὧν
2730 3960 3073 4031 συνεργάται
3127 3961 3462 4034 ότιμάλιστα
3484 3968 3538 4020 οί
3561 3970 3619 4019 ἐκ

2040 4049 2089 4100 Σ
2114 4048 2299 4113 κελίας
2331 4049 2558 4117 Ἀφροι.
2599 4051 2783 4105 Ἔστω
2835 4052 2900 4123 δὴ
2960 4053 3058 4106 καὶ
3108 4055 3136 4108 ό
3183 4060 3446 4129 πιτυρῐας
3474 4055 3620 4121 οὗτος

2062 4141 2357 4212 Ἀφρατᾶς,
2390 4141 2465 4205 ὡς
2496 4137 2585 4196 οἷά
2626 4160 2710 4206 τις
2761 4138 2844 4207 εἷς
2893 4146 3124 4200 ἐκείνων
3154 4148 3265 4202 τῶν
3302 4149 3542 4221 Ἄφρων,
3569 4150 3621 4202 οἱ

2050 4233 2142 4286 καὶ
2191 4232 2349 4285 αὐτοὶ
2395 4233 2506 4287 τῶν
2556 4234 2730 4302 ἁγίων
2771 4237 3244 4308 κατεπεχεῑρησαν
3292 4242 3618 4311 ἐκκλησιῶν.

2062 4324 2205 4376 Ἀλλ’
2238 4324 2480 4388 ἐκείνους
2518 4325 2621 4395 μὲν
2659 4327 2859 4397 μηκέτι
2895 4327 3126 4399 ἴδοιμεν,
3158 4327 3203 4384 ὦ
3240 4332 3426 4404 Σῶτερ
3465 4335 3622 4405 ἡμῶν

2042 4415 2175 4485 Θεέ,
2202 4416 2296 4471 καὶ
2329 4416 2500 4488 ρῦστα
2538 4421 2631 4472 καὶ
2659 4419 3028 4495 ἐλευθερωτά.
3069 4422 3276 4478 Τοῦτον
3299 4425 3357 4479 δὲ
3391 4426 3620 4496 ἴδοιμεν,

360 4510 666 4573 videamus,
720 4518 775 4564 ct
833 4508 1013 4577 ipsum
1076 4504 1356 4559 meliorem
1411 4502 1638 4567 factum,
1698 4509 1753 4556 et
1812 4501 1944 4556 alios

2053 4508 2217 4562 αὐτόν
2258 4525 2319 4561 τε
2369 4510 2807 4581 σωφρονισθέντα
2834 4553 2849 4579 ,
2898 4515 2991 4567 καὶ
3040 4515 3270 4586 ἐτέρους
3306 4518 3370 4572 δὲ
3410 4536 3627 4590 σωφρο-

349 4602 617 4656 meliores
647 4597 998 4652 reddentem.
1046 4594 1130 4650 Tu
1179 4595 1233 4648 in
1267 4593 1645 4648 misericordia
1698 4600 1753 4647 et
1808 4593 1949 4645 vitu-

363 4692 516 4762 ρει·ξο
555 4690 852 4745 informare
886 4689 1028 4744 nosti
1053 4703 1067 4741 :
1092 4696 1159 4741 tu
1212 4686 1384 4740 variis
1425 4687 1602 4739 modis
1641 4685 1785 4739 nosti
1811 4699 1947 4739 con-

361 4791 600 4837 vertere.
638 4781 741 4843 lta,
778 4780 824 4834 si
856 4781 944 4835 ille
976 4780 1194 4834 tandem
1223 4778 1292 4832 ad
1344 4792 1431 4832 res
1465 4777 1679 4832 divinas
1714 4776 1946 4847 diligen-

2050 4602 2304 4658 νίσαντα.
2362 4598 2525 4664 Οἱδας
2585 4603 2869 4657 παιδεύειν
2919 4607 2978 4658 ἐν
3029 4604 3174 4660 ἐλέει
3238 4609 3335 4662 καὶ
3391 4609 3624 4682 ἐλέγχῳ.

2051 4691 2220 4758 Οἶδας
2261 4694 2623 4766 ἐπιστρέφειν
2650 4696 3060 4765 πολυμεθόδως·
3091 4698 3188 4767 ὡς,
3227 4699 3288 4754 et
3310 4717 3376 4769 γε
3399 4704 3427 4755 ὁ
3450 4702 3631 4756 τοιοῦ-

2048 4802 2143 4850 τος
2200 4788 2281 4847 είς
2321 4787 2475 4851 τέλος
2520 4787 2818 4857 ἐπιχσρείη
2868 4791 2981 4851 τοῖς
3019 4789 3208 4855 θείοις,
3245 4792 3530 4862 οἰχόμεθα,
3564 4794 3631 4847 τὸ

362 4875 462 4928 das
535 4872 864 4933 adducatur,
930 4871 1284 4934 discedimus,
1352 4869 1479 4924 licet
1542 4868 1944 4923 calamitatibus

2053 4877 2153 4947 μὲν
2186 4876 2423 4948 θλίψεσι,
2454 4881 2513 4933 τὸ
2543 4881 2599 4935 δὲ
2637 4882 2731 4935 καὶ
2761 4880 2868 4933 ὑπὸ
2896 4881 3003 4934 τῶν
3035 4881 3242 4952 ὁμοίως
3268 4883 3418 4955 αὺτῷ
3444 4885 3634 4952 ἀφρα-

363 4966 614 5038 Oppressi
664 4972 719 5020 et
779 4964 995 5019 stolidis
1062 4964 1378 5019 hominibus
1422 4962 1501 5017 illi
1560 4961 1853 5025 similibus,
1897 4959 1944 5014 si

2052 4967 2203 5035 δέων,
2254 4970 2309 5023 εῐ
2350 4972 2496 5036 τινές
2535 4989 2637 5025 που
2678 4971 2774 5025 καί
2825 4973 2987 5026 εἰσιν.
3031 4970 3182 5040 Ἐγὼ
3229 4973 3338 5045 γὰρ
3371 4972 3631 5043 εὔχομαι,

363 5063 458 5131 qui
505 5061 685 5116 adhuc
732 5060 1107 5115 inveniantur.
1143 5058 1253 5127 Ego
1283 5056 1428 5111 enim
1457 5069 1673 5125 precor,
1706 5065 1759 5107 ut
1788 5066 1944 5106 nemo

2054 5061 2257 5131 μηδένα
2313 5061 2504 5135 ἕτερον
2562 5063 2809 5118 τικοῢτον
2849 5064 3114 5134 ἐκϐῆναι·
3165 5067 3528 5136 συνεύχονται
3573 5066 3633 5121 δὲ

272 5198 285 5219 ς
362 5156 506 5210 alius
537 5155 623 5209 Isti
660 5153 855 5210 similis
890 5154 1004 5218 tiat,
1038 5161 1088 5206 et
1116 5158 1534 5221 comprecantur
1559 5161 1769 5200 mecum
1803 5145 1944 5200 idem

2052 5154 2209 5208 τοῦτο
2257 5156 2354 5211 καὶ
2404 5158 2454 5209 οἱ
2506 5158 2589 5210 σοὶ
2619 5156 2958 5229 θεράποντες
2992 5158 3259 5223 ἅπαντες,
3298 5153 3373 5213 ὧν
3402 5160 3496 5212 καλ⁵
3528 5160 3634 5212 ἐπ-

358 5254 549 5302 cunctt
580 5253 633 5300 te
663 5243 928 5309 colentes,
957 5256 1191 5313 quorum
1228 5240 1418 5311 preces
1472 5237 1733 5292 exaudias
1782 5238 1944 5293 benc-

2052 5247 2293 5310 ακοὲοις,
2339 5249 2628 5320 εὐλογητὸς
2676 5252 2757 5316 είς
2800 5251 2930 5314 τοὺς
2988 5251 3197 5315 αἰῶνας
3248 5252 3358 5309 τῶν
3386 5250 3633 5310 αἰώνων.

286 5328 295 5351 ³
363 5339 546 5396 dictus
575 5339 629 5394 in
661 5338 857 5395 saecula
886 5338 1232 5398 satctilorum.
1266 5335 1456 5388 Amen.
2066 5339 2119 5392 Ἀ
2135 5343 2259 5410 μὴν,
2802 5329 2805 5332 ⁴

573 5796 631 5817 '9“
653 5792 681 5817 ’ῗη
