3942 6250
391 326 496 388 y.63

1064 322 1490 387 EUSTATHII
1529 322 1824 384 TlIESSA
1837 321 2290 382 LONICENHS
2331 321 2904 384 ME’l‘RO‘POLlT/E

3551 320 3663 380 5δᾶ-

391 437 870 504 omninoinscius,
891 449 1036 493 exeo
1053 445 1200 493 tonte
1237 438 1606 508 sumpserit,e
1639 450 1751 506 quo
1777 435 1969 503 David,

2106 437 2224 490 δοτο
2268 437 2443 491 πίνειν
2477 439 2592 501 τοῖς
2635 436 2836 508 μέροψι
2871 438 2983 499 τοῖς
3025 434 3225 505 διψῶσι
3264 435 3331 488 τά
3367 433 3464 488 τοῦ
3503 436 3655 491 Θεου.

394 545 521 584 cum
577 534 697 601 ipse
752 545 972 600 quoque
1024 531 1320 596 hausisset,
1354 531 1422 586 iis
1471 529 1796 584 mortalibus
1823 527 1971 584 dedit

404 623 590 676 bibere
634 622 730 692 qui
760 638 846 678 res
878 619 972 677 Dei
1004 621 1216 677 sitiunt.
1246 621 1401 689 Quod
1434 636 1586 687 vero,
1621 637 1648 674 a
1681 621 1978 676 novissima

401 716 671 781 oratione,
726 729 824 783 pro
865 713 1008 768 virili
1052 724 1207 784 parte
1265 712 1583 769 meditando
1645 709 1984 782 eXCOgitavi,

2086 530 2150 583 '0
2186 529 2240 582 δὲ
2280 529 2421 600 μετά
2454 530 2554 599 τὴν
2587 529 2940 584 διδασκαλίαν
2975 528 3194 598 ἐκείνην
3232 528 3650 599 ὲπενεθυμήθην

2081 622 2224 678 καθά
2257 623 2584 695 ἐφάμιλλος,
2619 623 2825 678 τοιόνδε
2860 622 2996 676 ἐστί.
3036 622 3297 692 Παρῆλκε
3331 622 3434 692 τὴν
3467 623 3658 691 ὀγδόην

2082 716 2176 771 καὶ⁵
2207 716 2436 787 έννάτην
2465 719 2492 770 6
2519 717 2730 788 τρέχων
2759 716 2885 786 ἄρτι
2914 715 3283 786 Φεϐρουάριος
3305 757 3319 779 ,
3349 715 3445 768 καὶ
3473 717 3506 786 ἡ
3536 716 3661 768 ταύ-

402 809 572 862 hncce
625 816 729 862 cst.
778 805 1110 876 Adimplevit
1157 806 1491 862 Februarius
1554 816 1730 875 nuper
1761 813 1978 861 vertens

2104 827 2180 882 την
2207 811 2526 882 προάγουσα
2553 811 2764 882 ἑσπέρα
2791 809 3166 881 ὲπανηγύριζε
3194 809 3285 862 τὸν
3312 810 3426 862 εἴτε
3461 826 3658 879 παρεν-

402 909 650 951 octavam
696 906 752 952 et
807 913 1007 952 nonam
1037 898 1180 952 diem
1217 915 1230 963 ;
1282 911 1335 954 at
1371 913 1586 968 vesper,
1636 897 1730 967 qui
1766 897 1983 952 hodier-

408 1007 532 1042 nam
590 990 890 1060 produxit,
943 990 1239 1045 celebravit
1291 1006 1450 1061 quem
1517 989 1850 1061 nuncupabo
1897 987 1982 1042 vel

401 1081 792 1150 interpolatum
866 1090 922 1136 et
970 1081 1348 1136 intercalarem
1407 1080 1613 1136 Christi
1661 1091 1982 1152 martyrem,

402 1174 487 1227 vel
539 1173 998 1241 triumphatorem
1071 1173 1120 1226 vi
1169 1172 1406 1244 potitum
1469 1188 1636 1243 regno
1686 1173 1976 1240 caelorum,

403 1263 801 1336 Nicephorum,
857 1264 939 1319 vel
977 1266 1158 1334 potius
1186 1265 1359 1320 virum
1393 1264 1480 1318 cui
1511 1265 1703 1320 otianti
1744 1272 1798 1320 et
1825 1267 1985 1336 quasi

407 1359 716 1413 transeunti
773 1358 971 1412 salutis
1027 1357 1322 1414 thesaurus
1385 1357 1601 1413 obviam
1655 1359 1780 1413 fuit.
1835 1357 1984 1414 Idem

405 1467 629 1520 quoque
676 1451 890 1506 exstitit
951 1451 1285 1520 injuriarum
1341 1451 1620 1507 memoria:
1675 1452 1988 1523 (μνησικα-

405 1542 553 1611 κίας)
582 1543 943 1615 redargntor,
977 1544 1367 1614 resipiscentize
1406 1559 1534 1600 vero
1569 1553 1830 1601 actuosus
1869 1561 1988 1602 ma-

406 1636 598 1704 gistcr,
629 1644 681 1691 et
733 1637 934 1692 amoris
995 1638 1047 1692 in
1097 1636 1208 1692 Deo
1257 1651 1433 1707 praeco
1463 1638 1820 1694 clarissimus.
1853 1637 1987 1694 Cum

408 1725 554 1780 enim
607 1727 866 1781 miserum
917 1724 1224 1798 Sapricium
1265 1729 1510 1784 victoria:
1533 1730 1809 1799 auspicem
1835 1739 1912 1794 et,
1933 1738 1991 1784 ut

2083 903 2244 958 θέντα
2269 903 2364 956 καὶ
2391 902 2687 974 ἐμϐόλιμον
2715 901 2978 974 μάρτυρα
2997 900 3091 952 τοῦ
3120 897 3382 968 Χριστοῦ,
3410 899 3522 951 εἴτε
3550 915 3660 958 πως

2085 995 2313 1068 βιαστὴν
2337 995 2440 1066 τῆς
2471 993 2750 1065 βασιλείας
2775 994 2886 1048 τῶν
2912 989 3161 1062 οὐρανῶν
3187 991 3531 1061 Νικηφόρον,
3566 990 3659 1057 μά-

2083 1089 2241 1142 λιστα
2279 1087 2379 1158 μὲν
2407 1085 2500 1141 οὖν
2530 1087 2623 1141 τδν
2651 1085 2726 1149 ὡς
2761 1086 2826 1137 ἐκ
2860 1083 3096 1154 παρόδου
3131 1084 3226 1137 καὶ
3259 1078 3656 1150 ἀπραγματεύ-

2085 1197 2192 1244 τως
2227 1181 2323 1232 καὶ
2359 1177 2700 1240 ἀνελπίστως
2735 1173 3134 1246 ὲντετυχηκότα
3169 1173 3422 1243 σωτηρίῳ
3457 1171 3657 1242 θησαυο

2090 1270 2190 1342 ρῷ,
2228 1271 2317 1324 τὸν
2354 1269 2455 1340 τῆς
2497 1288 2515 1322 t
2563 1267 2935 1344 μνησικακίας
2979 1285 2998 1320 ι
3051 1265 3152 1335 μὲν
3189 1264 3435 1333 ἔλεγχον,
3471 1265 3574 1332 τῆς
3610 1263 3662 1314 δὲ

2091 1360 2380 1432 μετανοίας
2417 1358 2742 1414 διδάσκαλον
2781 1356 3125 1429 ἔμπρακτον,
3170 1356 3267 1408 καὶ
3306 1353 3409 1423 τῆς
3452 1354 3512 1406 ὲν
3553 1353 3670 1422 Θεῷ

2089 1454 2311 1524 ἀγάπης
2348 1451 2604 1524 λαμπρὸν
2638 1453 2857 1522 κήρυκα
2881 1467 2895 1481 ·
2933 1450 2989 1513 ὃς
3024 1449 3116 1502 τδν
3149 1447 3333 1503 ἄθλιον
3367 1447 3668 1515 Σαπρίκιον

2092 1548 2345 1620 εὑρηκὼς
2384 1546 2642 1616 ὁρμῶντα
2684 1545 2874 1614 νίκην,
2915 1544 2943 1597 ὅ
2986 1560 3183 1613 φασιν,
3227 1540 3492 1606 ἀλαλάξαι
3533 1537 3670 1592 κατά

2091 1639 2186 1693 τοῦ
2234 1633 2416 1690 κοινοῦ
2464 1635 2726 1706 πολεμίου
2775 1633 3051 1704 δαίμονος,
3100 1630 3196 1686 καὶ
3236 1631 3328 1684 τὸν
3373 1629 3476 1696 τῆς
3521 1629 3670 1698 νίκης

2097 1729 2361 1799 στέφανον
2387 1727 2725 1798 θεασάμενος
2750 1724 3192 1796 ὑπερπετόμενον
3216 1722 3316 1792 τῆς
3345 1721 3560 1775 ἐκείνου
3586 1736 3672 1771 κε-

407 1821 617 1885 dicnnt,
663 1821 925 1891 triumphi
973 1837 1003 1875 e
1036 1825 1316 1878 communi
1373 1822 1530 1878 hoste
1584 1823 1801 1879 diabolo
1837 1825 1993 1881 relati

2104 1823 2278 1896 φαλῆς
2325 1823 2432 1891 (ὡς
2475 1821 2651 1875 οἴδατε
2699 1821 2794 1874 καὶ
2839 1819 3030 1888 ὑμεῖς,
3076 1819 3178 1888 τῆς
3228 1816 3380 1886 ἱερᾶς
3431 1811 3671 1882 ἱστορίας

410 1913 869 1982 proclamatorcm
902 1914 1240 1980 invenisset,
1267 1916 1587 1986 intereaque
1633 1917 1857 1971 vidisset
1905 1933 1998 1971 eo-

2104 1917 2559 1989 ὲναλλαξάμενοι)
2580 1955 2596 1978 ,
2632 1914 2792 1976 αὐτὸς
2827 1911 2924 1983 μὲν
2956 1909 3398 1981 ἐκληρονόμησεν
3426 1904 3676 1974 αὖθωρὸν

410 2017 597 2056 ronam
628 2003 868 2058 victoria:
889 2013 1050 2074 caput
1072 2004 1300 2076 Sapricii
1328 2009 1806 2078 supervolitantem
1828 2008 1994 2078 (quod

411 2091 565 2146 vobis
639 2100 827 2146 notum
876 2103 960 2147 est
999 2094 1094 2163 qui
1163 2103 1384 2150 sanctas
1430 2096 1690 2152 historias
1763 2096 1996 2165 perlegi-

410 2183 558 2251 stis),
580 2183 719 2252 ipse,
753 2182 946 2238 eodem
987 2193 1286 2251 momento,
1320 2187 1655 2256 propositum
1683 2205 1708 2241 a
1746 2187 1856 2243 Deo
1891 2189 1994 2244 sub

412 2275 587 2329 oculis
616 2273 848 2345 Sapricii
896 2278 1177 2348 praemium
1223 2279 1484 2345 obtinuit,
1533 2294 1656 2333 cum
1690 2295 1814 2334 eum
1851 2295 1993 2350 pra:-

413 2367 686 2434 vertisset,
737 2376 796 2424 ut
829 2368 886 2423 (it
938 2370 991 2424 in
1043 2371 1370 2425 athletarum
1435 2372 1755 2436 certamine,
1821 2381 1872 2426 ct
1905 2387 1992 2428 re-

415 2461 671 2528 liquisset
727 2461 948 2517 insidiis
993 2463 1193 2518 diaboli
1245 2465 1549 2535 delapsum.
1620 2464 1815 2519 Mirum
1876 2475 1988 2519 tum

415 2560 556 2617 erat,
593 2561 796 2622 quanta
823 2553 1050 2622 spiritus
1111 2555 1286 2610 malus
1323 2557 1669 2612 machinatus
1702 2565 1846 2613 esset
1895 2557 1992 2611 ad-

418 2659 612 2700 versus
659 2645 803 2699 hunc
837 2644 1166 2715 Sapricium.
1199 2647 1303 2712 Qui
1350 2663 1472 2702 cum
1536 2649 1645 2703 Deo
1679 2663 1804 2704 sese
1852 2649 1992 2702 ami-

417 2753 542 2790 cum
578 2736 856 2807 professus
915 2748 1086 2805 esset,
1126 2740 1479 2811 animamque
1535 2756 1716 2805 suam,
1745 2756 1811 2795 ex
1868 2755 1992 2811 pro-

420 2832 624 2900 posito,
699 2831 1001 2886 secundum
1060 2835 1375 2904 evangelica
1434 2835 1606 2900 dicta,
1677 2849 1921 2890 seorsum
1961 2850 1990 2887 a

423 2937 659 2992 tyranno
707 2925 1006 2995 posuisset,
1041 2927 1293 2984 diabolus
1322 2928 1450 2984 inde
1481 2928 1649 2996 hunc,
1685 2928 1833 2983 horae
1871 2941 1990 2981 mo-

421 3024 629 3078 mento,
659 3018 918 3080 extraxit,
968 3016 1176 3072 retibus
1224 3019 1316 3073 irte
1353 3018 1648 3088 pertinacis
1699 3017 1981 3073 avulsum.

422 3103 538 3157 Non
573 3105 924 3176 prmviderat,
955 3107 1011 3161 in
1043 3108 1224 3164 locum
1276 3109 1512 3179 delapsi,
1552 3110 1721 3166 alium
1774 3122 1994 3166 succes-

2097 2011 2190 2066 τοῦ
2228 2011 2284 2063 ὲν
2317 2009 2618 2080 ὀφθαλμοῖς
2656 2004 2976 2077 ἐκκειμένου
3018 2003 3202 2057 θεόθεν
3236 2000 3466 2062 κάλλους
3488 2038 3504 2063 ,
3541 2013 3674 2066 προ-

2096 2102 2321 2174 δραμὼν
2365 2098 2478 2155 οἷον
2518 2099 2593 2163 ὡς
2641 2100 2700 2152 ἐν
2742 2097 2916 2168 ἀγῶνι
2956 2093 3316 2164 ἀεθλευτικῷ,
3363 2094 3579 2145 ἐκεῖνον
3619 2088 3672 2140 δὲ

2096 2195 2278 2266 ἀφῆκε
2312 2193 2644 2248 πεπτωκότα
2678 2188 3137 2259 καταπατηθῆναι
3168 2186 3246 2257 τῷ
3277 2186 3522 2258 δαίμονι.
3549 2185 3673 2236 Ὅτε

2096 2290 2192 2343 καὶ
2225 2282 2292 2358 ῆν
2324 2287 2632 2355 θαυμάσαι,
2664 2285 2854 2357 ἡλίκον
2885 2281 3372 2354 έδραματούργησε
3408 2280 3556 2333 κατά
3585 2276 3672 2330 τοῦ

2096 2379 2397 2451 Σαπρικίου
2425 2379 2454 2432 6
2487 2378 2748 2448 πονηρός.
2773 2376 2929 2429 Φίλον
2954 2376 3061 2447 γὰρ
3091 2377 3296 2429 ἐκεῖνον
3323 2371 3674 2443 προφανέντα

2094 2472 2172 2543 τῷ
2207 2472 2358 2543 Θεῷ,
2397 2473 2492 2525 καὶ
2523 2473 2592 2542 τῇ
2627 2471 2884 2541 προθέσει
2919 2469 3021 2539 τὴν
3055 2469 3237 2539 ψυχὴν
3271 2467 3503 2536 θέμενον
3538 2464 3674 2534 ὑπὲρ

2095 2564 2188 2618 τοῦ
2238 2563 2510 2618 Δεσπότου
2558 2560 2962 2631 εὐαγγελικῶς,
3005 2560 3324 2613 ἀπέσπασεν
3372 2558 3432 2609 ὲν
3480 2555 3677 2625 ἀκαρεῖ

2106 2654 2302 2725 χρόνῳ,
2341 2653 2557 2726 σχοινίῳ
2591 2671 2608 2704 t
2649 2650 3020 2724 μνησικακίας
3057 2670 3075 2703 ι
3110 2648 3587 2718 ἀφελκυσάμενος,
3615 2643 3673 2696 οὐ

2098 2747 2563 2822 προνοησάμενος,
2581 2747 2666 2800 ὅτι
2689 2744 3044 2813 ἀντάλλαγμα
3070 2741 3164 2796 τοῦ
3187 2738 3675 2812 προαπωσαμένου

2097 2840 2284 2912 ἕτερός
2314 2843 2432 2894 ἐστι
2463 2841 2676 2912 μάρτυς
2705 2838 2840 2892 Θεοῦ
2865 2855 2880 2870 ο
2911 2838 3048 2891 ἀλλά
3077 2834 3314 2906 σπουδὴν
3343 2833 3576 2902 θέμενος
3603 2830 3678 2899 μῆ

2097 2932 2190 2986 δύο
2225 2931 2426 2996 καλοὺς
2459 2933 2783 3002 ἀνθρώπους
2816 2930 3168 3000 οίκειωθῆναι
3197 2928 3274 2996 τῷ
3309 2923 3673 2994 παμΰασιλεί,

2097 3022 2194 3077 ἕνα
2227 3021 2323 3092 μὲν
2350 3023 2441 3075 τὸν
2467 3021 2616 3093 αὑτῷ
2643 3021 3136 3092 μεμαρτυρηκότα,
3163 3017 3362 3086 ’ἐτερον
3378 3015 3436 3067 δὲ
3465 3013 3558 3066 τὸν
3584 3012 3678 3080 τῆς

2098 3113 2264 3166 αὑτοῦ
2297 3113 2634 3184 κληρονόμον
2664 3113 2850 3182 εὐχῆς.

421 3210 614 3250 surum
650 3196 744 3253 Dei
783 3202 1248 3273 martyrem;sed
1278 3203 1330 3257 id
1395 3202 1622 3257 curabat
1687 3219 1755 3258 ne
1827 3204 1935 3258 duo
1990 3206 2189 3274 egregii
2244 3207 2352 3260 viri
2402 3206 2692 3262 domestici
2755 3205 2998 3262 universi
3059 3205 3204 3275 regis
3271 3203 3488 3268 tierent,
3541 3211 3680 3256 unus

421 3293 642 3364 quidem
695 3307 794 3365 pro
843 3295 954 3349 Deo
995 3295 1315 3365 martyrium
1345 3311 1562 3366 passus,
1590 3296 1727 3351 alter
1785 3313 1916 3352 vero
1957 3302 2216 3372 martyris
2250 3317 2468 3372 precum
2499 3303 2694 3358 haeres.

495 3391 546 3446 5.
607 3393 783 3447 Erunt
851 3400 1022 3446 acuta:
1055 3391 1256 3447 mentis
1281 3392 1392 3448 viri
1419 3396 1511 3464 qui
1545 3393 1655 3448 illic
1686 3395 1996 3460 havrebunt,
2025 3403 2068 3459 ο

424 3501 525 3538 cur
559 3484 824 3540 Dominus
877 3485 1172 3539 recesserit
1216 3499 1245 3538 a
1297 3485 1586 3555 Sapricio,
1639 3487 1897 3556 quoniam
1943 3498 1998 3544 et

430 3577 716 3647 Sapricius
774 3575 885 3631 Deo
940 3577 1251 3646 proximum
1288 3591 1351 3630 ac
1407 3577 1717 3632 devinctum
1755 3593 1881 3633 sese
1919 3587 2000 3634 te-

431 3679 647 3734 nuerat,
680 3679 734 3724 ct
767 3667 908 3724 Deus
940 3683 1224 3736 nunquam
1259 3668 1332 3722 ita
1364 3683 1424 3724 se
1449 3669 1664 3723 habuit.
1695 3666 1814 3724 Non
1849 3669 1997 3724 enim

433 3760 534 3814 hos
587 3759 810 3822 deserit,
853 3767 910 3811 ιιι
965 3757 1184 3812 Davidis
1237 3757 1401 3813 verba
1440 3775 1730 3829 usurpem,
1791 3760 1882 3830 qui
1921 3759 2003 3829 ip-

432 3869 553 3905 sum
596 3861 882 3922 quaerunt;
915 3853 983 3909 iis
1028 3855 1192 3908 etiam
1240 3855 1330 3924 qui
1384 3854 1560 3923 ipsum
1609 3864 1808 3909 vocant
1831 3869 2003 3924 prope

434 3953 609 4009 astat;
647 3945 794 4014 quod
861 3956 1042 3999 autem
1079 3945 1202 4016 plus
1227 3952 1334 4010 est,
1382 3961 1445 4001 ac
1474 3947 1674 4000 mirum
1711 3949 1906 4016 magis,
1935 3945 2004 4002 ab

433 4040 504 4094 iis
539 4040 693 4109 ipsis,
728 4039 820 4108 qui
855 4052 980 4092 eum
1015 4053 1124 4092 non
1156 4047 1432 4108 quaerunt,
1465 4039 1519 4092 in
1547 4053 1780 4093 occursu
1807 4039 2005 4093 obVius

435 4131 732 4186 invenitur.
770 4131 920 4183 Hane
963 4130 1325 4199 qumstionem
1396 4129 1490 4199 qui
1538 4128 1871 4197 suscepisset
1910 4127 2004 4183 tali

437 4225 647 4277 ratione
717 4223 1078 4278 dirimendam
1139 4222 1388 4277 haberet.
1460 4219 1663 4291 Nempe
1735 4220 2005 4275 molestus

438 4321 529 4375 ille
584 4318 870 4390 Sapricius
930 4317 1063 4371 mihi
1120 4317 1359 4381 videtur,
1424 4316 1653 4384 fratres,
1711 4317 2042 4372 consilium.

436 4412 673 4468 adeundi
719 4411 966 4482 martyrii
1010 4425 1116 4481 prae
1154 4426 1212 4465 se
1248 4411 1440 4465 tulisse
1469 4411 1654 4462 fictum
1703 4418 1868 4479 atqtte
1913 4424 2009 4464 ex.-

437 4507 637 4571 terius,
695 4519 804 4561 non
856 4520 923 4558 ex
989 4505 1184 4558 intimo
1256 4511 1368 4557 toto
1428 4501 1594 4556 corde
1660 4501 2006 4568 ortum,sed

437 4599 792 4654 cunctantius
821 4614 836 4663 ;
869 4610 1201 4668 quapropter
1263 4611 1369 4650 non
1403 4611 1464 4650 ea
1505 4606 1684 4650 mente
1713 4611 1814 4666 qua
1849 4609 2012 4666 opor-

441 4694 590 4748 tebat
622 4707 734 4747 rem
765 4701 1010 4747 sanctam
1042 4692 1266 4746 adortus
1298 4701 1413 4757 cst;
1448 4705 1556 4744 non
1588 4691 1734 4744 enim
1765 4689 1830 4743 ad
1859 4704 2011 4742 amo-

2174 3403 2243 3466 γ’.
2287 3399 2396 3452 Καὶ
2425 3398 2573 3452 ἔστιν
2603 3397 2951 3467 ὲπαπορῆσαι
2974 3397 3098 3458 τοὺς
3131 3392 3392 3465 εὐμαθεῖς
3420 3392 3682 3455 ἐνταῦθα,

2101 3491 2217 3553 πῶς
2239 3491 2333 3544 τοῦ
2359 3490 2658 3561 Σαπρικίου
2687 3489 2896 3560 ἀπέστη
2921 3489 2948 3541 ὁ
2973 3486 3197 3557 Κύριος,
3223 3485 3552 3555 ἐγγίσαντος
3577 3486 3672 3538 καὶ

2103 3581 2590 3654 προσκολλωμένου
2627 3581 2810 3652 αὺτῷι,
2854 3581 3120 3651 μηδέποτε
3155 3578 3298 3632 οὕτω
3335 3579 3673 3649 πεποιηκώς.

2103 3679 2178 3732 θὺ
2223 3677 2332 3747 γὰρ
2376 3675 2788 3745 ἐγκαταλείπει,
2833 3673 3134 3738 Δαυῖτικῦς
3174 3675 3372 3739 εἰπεῖν,
3411 3675 3544 3737 τοὺς
3590 3674 3683 3744 ζη-

2104 3768 2330 3830 τοῦντας
2359 3767 2521 3821 αὑτὸν
2551 3767 2578 3820 6
2609 3765 2703 3820 καὶ
2734 3765 2814 3820 ἔτι
2845 3765 3152 3820 λαλούντων
3181 3765 3348 3834 ἐγγὺς
3377 3763 3677 3834 παραγινό-

2109 3877 2271 3930 μενος
2292 3898 2308 3924 ,
2340 3859 2400 3911 τὸ
2434 3859 2490 3911 δὲ
2526 3857 3009 3929 θαυμασιώτερον,
3042 3856 3137 3910 καὶ
3166 3859 3278 3920 τοῖς
3317 3855 3392 3926 μὴ
3429 3854 3683 3924 ζητοῦσιν

2108 3951 2270 4006 αὐτὸν
2295 3951 2683 4021 εὑρισκόμενος
2710 3949 2810 4003 καὶ·
2833 3947 3236 4019 παριστάμενος
3262 3949 3340 4010 εἰς
3370 3947 3466 4000 ἀντ
3478 3945 3680 4014 ίληψιν.

2113 4043 2264 4113 Ἔχοι
2300 4042 2354 4096 δὲ
2390 4041 2456 4095 ἂν
2489 4042 2517 4094 6
2551 4040 2808 4110 τοιαύτην
2843 4037 3136 4094 ἀναλαϐὼν
3173 4037 3382 4092 ἔννοιαν
3415 4037 3680 4090 ἐπιλύει-α·-

2112 4137 2234 4190 οθαι
2270 4130 2371 4189 ὧδέ
2405 4152 2520 4196 πως
2550 4133 2610 4186 τὺ
2642 4130 2846 4203 ἄπορον
2879 4131 3042 4202 (δοκῶ
3076 4130 3212 4200 μοι),
3246 4124 3291 4183 ὦ
3321 4128 3568 4197 ἀδελφοὶ,
3598 4127 3684 4180 τὸν

2109 4229 2364 4297 φορτικὸν
2391 4225 2709 4297 Σαπρίκιον,
2738 4223 3074 4276 ἐπίπλαστον
3105 4221 3456 4290 ὲξεπιπολῆς,
3483 4220 3547 4273 οὐ
3581 4219 3682 4289 μὴν

2110 4319 2401 4389 ὲνδόμυχον
2429 4318 2522 4369 καὶ
2551 4315 2846 4385 ὁλόψυχον,
2875 4315 2972 4386 τὴν
3001 4315 3090 4366 ἐπὶ
3119 4313 3196 4382 τῷ
3229 4313 3522 4384 μαρτυρίῳ
3553 4312 3683 4379 πρὸο

2112 4411 2260 4464 θεσιν
2291 4407 2646 4474 ἐνδείξασθαι,
2676 4407 2812 4461 ἀλλά
2845 4405 3258 4476 μαλακώτερον,
3291 4405 3385 4458 καὶ
3415 4403 3593 4466 οὕτως
3624 4403 3680 4455 οὗ
3705 4461 3712 4478 ι

2111 4504 2338 4566 δεόντως
2371 4500 2652 4555 ἐπιϐαλεῖν
2684 4499 2824 4570 ἁγίῳ
2860 4497 3170 4569 πράγματι,
3205 4497 3339 4566 πρὸς
3372 4497 3546 4567 μόνην
3578 4496 3716 4548 θες--λ

2115 4596 2296 4667 φιλίας
2329 4595 2552 4663 δόκησιν
2583 4591 2677 4645 καλ⁵
2712 4591 2868 4660 δόξης
2901 4589 3065 4658 κενῆς
3097 4588 3241 4658 λόγῳ
3271 4591 3338 4657 τῇ
3375 4587 3685 4658 tiam-aptati

2115 4689 2339 4761 ἀθλήσει
2367 4686 2710 4755 ἐπιδραμεῖν,
2739 4685 2792 4737 εῐ
2816 4699 2931 4746 πως
2957 4681 3201 4752 δοξάριόν
3226 4699 3279 4734 τι
3309 4681 3460 4750 αὖτῴ
3488 4683 3686 4749 ἐπιφη-

440 4799 558 4838 rcm
617 4781 710 4838 Dei
743 4783 1013 4838 duntaxat
1047 4783 1369 4854 respiciens,
1419 4779 1512 4837 sed
1564 4798 1758 4835 vanam
1791 4781 2000 4834 intuens

2121 4781 2336 4851 μισθείη
2373 4777 2716 4849 περίκλυτον,
2751 4777 2826 4837 ὠς
2857 4775 2952 4828 ὲάν
2986 4775 3078 4827 καὶ
3116 4775 3324 4844 μάρτυς
3360 4773 3461 4824 οὐκ
3497 4773 3711 4824 εὐσυνο.

441 4877 671 4948 gloriam
709 4876 776 4931 ad
823 4885 1105 4932 certamen
1139 4875 1388 4946 martyrii
1418 4873 1699 4940 cucurrit;
1751 4871 2008 4943 Opperie-

439 4971 606 5026 batur
637 4969 810 5026 donec
840 4970 1048 5025 circum
1098 4983 1157 5024 se
1202 4969 1546 5038 obstreperet
1589 4965 1792 5036 inclyta
1839 4964 2014 5020 futilis

441 5064 620 5121 laudis
678 5064 845 5128 fama,
884 5073 1070 5135 utpote
1108 5071 1314 5132 martyr
1367 5061 1455 5115 cui
1495 5060 1643 5114 nulla
1694 5061 1871 5114 inerat
1919 5074 2016 5113 co-

445 5159 630 5222 mitas,
688 5157 838 5210 nulla
871 5156 926 5210 in
961 5169 1022 5210 se
1070 5153 1426 5208 conﬁdentia.
1471 5149 1588 5204 Tali
1627 5160 1819 5220 captus
1873 5166 2013 5220 pra:-

445 5253 576 5314 tuio,
610 5250 735 5317 (nec
763 5249 909 5304 enim
946 5249 991 5306 is
1022 5254 1140 5303 erat
1167 5260 1326 5316 quem
1364 5244 1478 5298 sola
1519 5242 1725 5296 veritas
1755 5241 2012 5312 pellexis-

448 5343 578 5416 set),
629 5347 694 5398 ad
727 5341 1050 5414 martyrium
1102 5339 1380 5407 vitamque
1465 5336 1772 5406 ponendam
1829 5333 2016 5388 irruit.

445 5438 606 5492 Aliud
665 5437 892 5507 insuper
923 5435 1117 5489 addam
1161 5448 1177 5487 :
1218 5427 1679 5502 quemadmodum
1739 5426 1884 5482 enim
1936 5426 2020 5480 vir

445 5531 668 5600 quidam
714 5526 1032 5586 teStimonio
1082 5525 1314 5578 alterum
1357 5523 1636 5577 hominem
1685 5528 2018 5590 prosecutus

446 5633 508 5676 ut
540 5623 644 5676 sibi
677 5622 780 5692 ipsi
832 5619 1024 5691 prosit.
1057 5633 1166 5672 non
1193 5617 1316 5688 jure
1347 5615 1413 5670 ab
1441 5616 1534 5669 illo
1565 5621 1748 5682 grates
1782 5621 2016 5682 repetat,

447 5733 571 5772 cum
637 5717 751 5786 ipse
803 5713 1055 5769 beneﬁcii
1083 5713 1196 5782 jam
1227 5711 1424 5766 habeat
1464 5709 1724 5779 pretium,
1775 5722 1869 5762 seu
1904 5721 2019 5759 tua-

448 5826 579 5864 num
615 5823 771 5863 suam
822 5809 990 5863 vetita
1047 5805 1351 5877 impleverit
1413 5800 1669 5874 pecunia,
1724 5799 1835 5857 sive
1869 5798 2015 5854 aliud

2117 4874 2408 4936 άλλακτος,
2440 4872 2532 4924 καὶ⁴
2565 4871 2630 4938 δὴ
2667 4868 2820 4937 αὐτῷ
2854 4867 2914 4920 οὐ
2958 4866 3170 4930 πιστὸς,
3203 4865 3374 4934 δώρου
3410 4863 3575 4934 χάριν
3607 4862 3682 4929 (οὔ
3714 4861 3720 4870 ”

2121 4963 2227 5034 μὴν
2273 4963 2328 5016 δὲ
2377 4963 2512 5032 πρὶς
2559 4960 2726 5030 αὐτὴν
2774 4959 2874 5028 τὴν
2921 4957 3181 5028 ἀλήθειαν
3235 4957 3554 5024 παραγάγοι
3603 4954 3686 5020 ἂν)

2117 5053 2414 5126 ὲπιρρίψας
2447 5055 2526 5114 είς
2565 5047 2866 5122 μαρτύριον
2898 5046 3171 5118 βιωτικόν.
3197 5045 3372 5098 Ὅπου
3414 5045 3511 5097 καὶ
3546 5043 3688 5096 ἐστιν

2120 5149 2312 5211 εἰπεῖν,
2342 5146 2448 5209 ὅτι,
2476 5144 2622 5198 καθά
2649 5146 2676 5197 6
2709 5138 3153 5213 μεμαρτυρηκώς
3183 5156 3284 5191 που
3315 5137 3456 5207 ὑπὲρ
3486 5135 3689 5205 ἀνθρὼ-

2121 5259 2224 5293 που
2246 5282 2260 5306 ,
2294 5237 2388 5291 καὶ⁸
2418 5235 2735 5306 διαθέμενος
2764 5234 2968 5286 ἐκεῖνον
2995 5229 3176 5294 καλῶς
3196 5269 3211 5294 ,
3242 5230 3342 5282 οὐκ
3374 5227 3438 5281 ἂν
3465 5227 3683 5288 δικαίως

2116 5335 2346 5405 χάριτας
2381 5329 2639 5400 διρλεσθαι
2677 5328 2936 5397 ἀπαιτοίη
2975 5326 3034 5391 ἐξ
3069 5326 3282 5378 ἐκείνου
3320 5323 3550 5392 (ἀπέχει
3585 5321 3684 5390 γάρ

2117 5426 2217 5496 ἥδη
2251 5423 2342 5476 τδν
2374 5419 2566 5492 μισθὸν
2594 5417 2692 5488 τῆς
2724 5419 2977 5488 χάριτος,
3008 5410 3096 5468 οἶα
3125 5415 3337 5484 πλήσας
3366 5411 3466 5482 τὴν
3495 5414 3681 5496 χεῖρα,

2115 5512 2190 5572 ὧν
2222 5517 2322 5569 οὐκ
2355 5511 2546 5583 ἐχρῆν,
2578 5511 2670 5564 καὶ
2705 5510 2879 5573 ἄλλως
2913 5505 3160 5562 ὁπωσοῦν
3193 5493 3683 5575 ὲκθεραπευσάμῖε-

2117 5609 2270 5676 νος),
2296 5606 2469 5668 οὕτως
2496 5603 2617 5656 οὐδὲ
2641 5603 2670 5654 6
2697 5599 2996 5670 Σκπρὶκιος
3013 5637 3027 5662 ,
3053 5597 3172 5651 οὐδὲ
3199 5597 3358 5658 εἴτις
3383 5595 3539 5658 ἀλλος
3566 5593 3683 5647 κατ’

2117 5705 2322 5757 ἐκεῖνον
2359 5699 2438 5761 εἰς
2485 5695 2790 5766 μαρτυρίαν
2829 5693 3029 5763 δράμοι
3065 5690 3161 5762 τὴν
3207 5689 3337 5760 περὶ
3391 5689 3485 5743 τοῦ
3533 5689 3687 5750 Θεου,

2130 5793 2375 5866 φθαρτῆς
2408 5789 2655 5854 εὐκλείας
2684 5788 2869 5843 ’ἐνεκεν
2893 5783 2989 5840 καὶ
3014 5783 3105 5839 τοῦ
3133 5783 3280 5850 δόξαι
3314 5779 3689 5854 φανητιασυοῦ
