3942 6250
233 349 348 414 585

1210 357 1298 420 IN
1338 358 1400 421 S.
1432 359 2110 432 QUADRAGESIMAM
2142 367 2435 431 ORATIO
2480 372 2527 438 ι.

3415 346 3517 444 τόδ

230 490 432 562 τρόπῳ
468 490 778 563 θεόμαρτυς
799 534 813 560 ,
852 493 948 547 καὶ
982 494 1129 548 οὕτω
1163 493 1390 569 μνήμην
1424 496 1572 568 ἔχειν
1605 497 1831 566 τιμίαν.

1954 501 2075 562 ωυῖά
2106 503 2244 558 lucri
2301 508 2404 561 sibi
2442 509 2769 579 paraverit;
2804 509 2896 565 tali
2924 512 3088 569 modo
3116 522 3170 569 et
3209 513 3520 585 Sapricius,

231 583 637 655 συναντίληψιν
660 584 775 655 ἔχοι
807 585 874 641 ἀν
903 588 1012 641 ἀπδ
1041 587 1136 641 τοῦ
1172 587 1331 657 Θεοῦ,
1357 589 1447 644 διὰ
1472 589 1533 643 τὸ
1565 589 1708 644 κατὰ
1734 590 1838 663 τὴν

238 676 558 746 μαρτυρίαν
576 677 1078 747 ψευδεπίπλαστον⁹
1103 680 1238 735 ἀλλά
1263 681 1635 754 ἀπρόσδεκτος
1658 682 1829 746 ἔσται,

233 768 316 834 ὡς
344 770 426 833 είς
448 771 617 826 τόπον
640 773 957 846 τεθειμένος
981 774 1306 847 ὑποκριτοῦ,
1333 774 1392 840 ὃς
1416 775 1564 831 πάνυ
1593 777 1833 848 μισεῖται

234 861 320 932 τῷ
348 863 453 934 τῆς
483 864 746 937 ἀληθείας
774 866 916 939 Θεῷ.

1941 603 1995 650 et
2021 595 2067 650 si
2096 599 2217 666 quis
2248 599 2389 655 alius
2409 617 2533 656 eum
2553 612 2779 659 secutus
2807 604 3053 660 divinum
3087 606 3157 660 ad
3195 608 3523 679 martyrium

1943 690 2243 757 procurrit,
2290 691 2511 749 caducae
2560 696 2750 767 gloria:
2799 713 2992 764 causa,
3050 707 3222 769 utque
3275 709 3526 757 ostenta-

1943 781 2148 836 tatione
2190 784 2428 853 quadam
2458 785 2551 841 Dei
2585 798 2885 861 martyrem
2940 807 3061 847 sese
3094 791 3378 862 professus
3410 793 3525 849 cla-

1941 886 2057 926 ram
2090 874 2194 929 sibi
2265 876 2496 945 gloriam
2557 890 2853 948 quaereret,
2889 885 2936 941 is
2970 884 3161 940 divino
3186 891 3366 941 caruit
3419 900 3523 939 au-

238 957 397 1019 xilio.
450 968 507 1015 et
559 961 615 1015 in
673 975 908 1018 numero
942 971 1161 1032 positus
1206 971 1290 1021 est
1350 965 1789 1038 hypocritarum,
1831 979 1971 1035 quos
2032 969 2197 1027 habet
2227 988 2454 1043 prorsus
2488 976 2885 1032 aboiniuatioui
2921 977 3065 1036 Deus
3116 982 3298 1047 omnis
3370 984 3521 1039 veri-

242 1051 400 1105 tatis.

314 1191 382 1244 δ’.
425 1190 537 1245 Καὶ
569 1190 713 1245 οὕτω
750 1192 851 1262 μὲν
881 1193 909 1246 ό
942 1193 1245 1264 Σαπρίκιος
1276 1194 1556 1265 νομίζοιτο
1590 1196 1657 1253 ἂν
1692 1196 1832 1250 ἀπο-

241 1285 512 1355 τρόπαιος
539 1281 679 1339 εἶναι
704 1286 785 1356 τῷ
808 1286 951 1359 Θεῷ,
981 1288 1070 1341 διὰ
1093 1288 1155 1342 τὸ
1183 1287 1260 1358 μὴ
1286 1288 1611 1358 ἑπιτρέπειν
1638 1289 1836 1361 ἐκείνῳ

241 1380 329 1441 είς
364 1379 614 1450 καθαρὰν
649 1379 879 1445 θυσίαν,
907 1381 1043 1434 ἀλλά
1080 1382 1480 1454 μεμορφῶσθαι
1513 1385 1595 1448 είς
1627 1383 1835 1453 φάντα-

246 1487 367 1539 σμα
413 1470 839 1543 σκηνικώτερον.
886 1473 961 1526 Οὐ
1010 1474 1117 1544 γὰρ
1164 1474 1239 1530 ἂν
1274 1476 1488 1546 ἀφῆκεν
1530 1478 1560 1533 ὁ
1601 1476 1736 1540 Θεὸς
1779 1478 1836 1531 ἐν

245 1561 405 1630 αὑτῷ
434 1578 525 1615 και
536 1561 612 1632 pi)
644 1562 919 1634 σωτηρίας
949 1566 1219 1636 ἀναϐῆναι
1250 1568 1333 1632 είς
1364 1567 1595 1638 καρδίαν
1626 1567 1832 1639 ὑψηλοῦ

242 1653 546 1723 ἀνθρώπου
573 1654 725 1724 αὐτῷ
748 1657 1177 1728 προσανέχοντος
1195 1660 1719 1732 ἀναῤῥιχησάμενον
1741 1678 1835 1714 πο-

2011 1197 2065 1251 .i.
2096 1194 2522 1266 Supponeudum
2571 1208 2655 1256 est
2709 1201 2872 1272 igitur
2933 1219 3000 1259 eo
3048 1204 3355 1276 Sapricium
3407 1211 3519 1267 Deo

1935 1288 2190 1345 odiosum
2220 1289 2425 1345 factum
2483 1306 2625 1359 esse,
2679 1295 2826 1363 quod
2869 1310 2975 1350 non
3034 1314 3094 1353 se
3124 1299 3206 1353 illi
3257 1302 3523 1358 obtulerit

1936 1398 2135 1453 purum
2160 1384 2226 1438 ad
2261 1384 2622 1445 sacrificium.
2652 1387 2746 1441 sed
2782 1389 3078 1457 quamdam
3128 1391 3367 1447 induerit
3399 1393 3523 1448 the-

1935 1475 2164 1530 atralem
2184 1490 2499 1543 personam.
2521 1474 2638 1532 Non
2672 1479 2818 1534 enim
2860 1480 3002 1537 Deus
3030 1484 3309 1539 omisisset
3335 1500 3528 1541 ascen-

1937 1567 2069 1623 dere
2102 1569 2157 1624 in
2184 1577 2419 1625 mentem
2449 1571 2741 1626 sublimem
2771 1572 2990 1643 sibique
3030 1575 3268 1630 dicatam
3296 1594 3311 1644 ;
3341 1588 3524 1631 errata

1942 1661 2110 1719 etiam
2161 1664 2563 1719 sententiarum
2630 1668 3138 1735 suprascandisset,
3212 1669 3323 1724 imo
3381 1670 3526 1724 hanc

245 1746 419 1815 νηρὸν
449 1745 803 1817 διαλογισμόν
826 1763 841 1778 ο
874 1746 1010 1801 ἀλλά
1043 1748 1369 1803 ἀπέκλεισεν
1402 1749 1468 1803 ἂν
1502 1748 1596 1803 ἀπ’
1621 1747 1791 1803 αὐτοῦ
1815 1788 1831 1816 ,

1954 1764 2178 1811 mentem
2227 1756 2411 1825 pravis
2463 1757 2754 1813 sententiis
2779 1758 2854 1813 ita
2909 1760 3307 1830 prmelusissct,
3367 1771 3528 1817 utne

242 1838 322 1902 ὡς
359 1838 499 1908 μηδὲ
525 1837 631 1903 ἔξω
661 1857 768 1893 που
795 1839 1217 1911 θυροκρουστείν
1248 1840 1418 1913 ἔχειν.
1448 1844 1632 1897 πᾶσαν
1662 1859 1833 1914 πονη-

249 1931 356 2001 ράν
387 1930 651 1987 διάνοιαν.
682 1933 794 1987 Καὶ
822 1932 999 1998 οὕτως
1027 1935 1089 1988 οὐ
1123 1935 1284 2006 μόνον
1309 1935 1410 1991 οὐκ
1445 1936 1508 1991 ἃν
1535 1938 1563 1990 ὁ
1595 1935 1835 2007 ἀθλητὴς

252 2023 529 2093 Βπεξέστη
557 2023 653 2078 τοῦ
688 2026 1028 2097 μαρτυρικοῦ
1064 2029 1330 2097 στεφάνου
1358 2028 1435 2098 τῷ
1470 2029 1836 2100 μεμισημένῳ

248 2117 593 2190 Νικηφόρῳ,
626 2118 763 2174 ἀλλά
795 2122 892 2173 καὶ
925 2121 1133 2174 ἐκεῖνον
1166 2121 1535 2191 προσελάϐετο
1573 2121 1837 2192 συμμάρ-

245 2222 420 2281 τυρα,
469 2211 564 2265 καὶ
611 2212 691 2274 είς
739 2211 975 2282 ποδηγδν
1023 2211 1168 2281 ζωῆς
1212 2211 1437 2265 αίωνίου
1486 2212 1838 2283 χρηματίσας

249 2301 546 2356 ἐδίπλασεν
574 2302 641 2356 ἂν
666 2303 729 2355 τὸ
757 2302 944 2358 καλόν.
977 2302 1135 2364 Ebro;
1161 2302 1294 2373 γὰρ,
1324 2303 1427 2375 ήδη
1456 2303 1514 2358 δὲ
1544 2303 1642 2357 καὶ
1669 2303 1838 2371 ἔγγὺς

251 2395 598 2463 ἀναγκαίου,
632 2394 1008 2467 συλληφθῆναι
1041 2395 1145 2450 ὑπὸ
1175 2395 1284 2449 τῶν
1312 2397 1436 2450 τότε
1470 2394 1838 2449 σπεκουλατό-

256 2504 373 2558 ρων
402 2488 496 2541 καὶ
521 2489 619 2542 τὸν
643 2488 814 2552 ὅντως
846 2488 1232 2561 φιλάνθρωπον
1260 2488 1353 2542 καὶ
1387 2487 1719 2557 φιλάλληλον
1744 2486 1839 2540 καὶ

253 2579 402 2633 Θεοῦ
445 2580 793 2651 ἐπίστροφον,
837 2583 932 2635 καὶ
974 2581 1061 2635 διὰ
1101 2580 1262 2634 τοῦτο
1305 2578 1634 2649 φιλάδελφον
1682 2577 1839 2647 ἀγιον

257 2673 605 2745 Νικηφόρον,
638 2677 734 2730 καὶ
763 2675 1078 2746 ἀπαχθῆναι
1108 2676 1191 2738 εις
1218 2675 1280 2727 τδ
1308 2673 1571 2745 τύραννον
1602 2672 1838 2745 “Pa-"'1'

254 2780 418 2833 γιονσ
446 2764 535 2819 ὅτε
570 2767 664 2819 καὶ
685 2806 700 2830 ,
731 2768 1031 2835 σφαγέντος
1062 2765 1230 2820 αὑτοῦ
1263 2766 1322 2830 ἐξ
1356 2765 1801 2835 ἀποτελέσματος
1821 2802 1838 2829 ,

254 2860 329 2927 τῇ
373 2858 471 2911 καὶ
508 2858 589 2921 είς
621 2858 864 2912 τοιοῦτον
904 2858 1069 2912 καλὸν
1107 2860 1402 2928 ἑτοιμασίᾳ
1442 2856 1735 2911 ἐδίπλασεν
1774 2855 1841 2910 ἂν

263 2950 409 3018 πρὸς
448 2950 845 3021 κερδαλεότητα
888 2951 1169 3022 θεοπρεπῆ
1204 2951 1265 3005 τὸ
1309 2950 1452 3003 θεῖον
1492 2948 1777 3020 κειμήλιον
1812 2949 1842 3001 ὁ

260 3043 588 3114 Σαπρίκιος,
614 3043 710 3097 τοῦ
740 3044 875 3098 Θεοῦ
905 3046 1027 3098 ἀντὶ
1054 3043 1172 3107 ivi);
1202 3043 1416 3097 ἐκείνου
1447 3042 1540 3096 δύο
1568 3058 1838 3111 προσενηυ

1946 1846 2090 1901 fores
2147 1846 2366 1916 quidem
2445 1849 2662 1919 pulsare
2752 1851 3084 1920 potuissent.
3171 1852 3263 1908 Sic
3320 1854 3527 1909 athleta

1943 1937 2080 1994 adeo
2110 1954 2217 1994 non
2265 1941 2513 2011 martyrii
2571 1956 2834 1997 coronam
2893 1942 3204 2015 Nicephoro
3239 1947 3524 2008 cessisset,

1942 2047 2106 2102 quem
2141 2032 2357 2099 oderat,
2383 2042 2445 2089 ut
2471 2042 2660 2090 contra
2687 2050 2813 2090 eum
2871 2047 3299 2110 commartyrem
3334 2054 3526 2096 susce-

1945 2124 2141 2193 pisset,
2167 2125 2394 2195 ejusque
2418 2125 2526 2181 dux
2562 2126 2742 2182 factus
2771 2128 2837 2183 ad
2859 2128 3024 2183 vitam
3048 2139 3333 2195 aeternam,
3361 2146 3521 2188 suum

1944 2216 2049 2272 hoc
2072 2218 2292 2273 nomine
2312 2220 2643 2289 duplicasset
2666 2223 2975 2292 praemium.
3006 2222 3110 2279 Par
3130 2232 3248 2279 erat
3272 2238 3334 2278 ac
3355 2239 3527 2295 prope

1944 2313 2316 2366 necessarium
2350 2324 2602 2369 sanctum
2638 2313 3005 2385 Nicephorum
3053 2315 3337 2371 hominum
3398 2332 3527 2386 vere

1945 2409 2242 2467 amantem,
2265 2403 2456 2460 alienis
2486 2406 2865 2462 consulentem
2897 2408 3223 2475 commodis,
3247 2408 3523 2464 intentum

1947 2492 2015 2548 ad
2071 2492 2242 2549 Deum
2299 2503 2464 2566 atque
2521 2497 2751 2552 fratrum
2806 2514 3034 2554 suorum
3092 2499 3431 2571 dﬂigentem,
3495 2511 3527 2551 ιι

1949 2584 2217 2642 militibus
2256 2586 2489 2655 hujusce
2515 2591 2780 2659 temporis
2827 2590 3288 2661 comprehensum
3325 2589 3524 2651 fuisse.

1948 2688 2115 2751 atque
2145 2681 2199 2735 in
2247 2682 2560 2751 praetorium
2624 2682 2976 2753 imperatoris
3011 2682 3336 2737 deductum.
3385 2682 3524 2737 Cum

1947 2785 2079 2841 ergo
2107 2772 2282 2839 reipsa
2341 2781 2611 2828 mactatus
2639 2771 2827 2839 fuerit,
2873 2773 2921 2826 si
2961 2771 3249 2843 Sapricius
3303 2783 3539 2842 quoque

1948 2865 2016 2920 ad
2053 2864 2333 2935 praemium
2367 2865 2508 2918 idem
2572 2865 2936 2920 obtinendum
3003 2874 3232 2936 paratus
3304 2865 3525 2927 fuisset,

1949 2957 2149 3025 duplici
2181 2971 2391 3029 gemma
2419 2957 2667 3013 divinum
2694 2959 2942 3016 auxisset
2968 2960 3293 3015 thesaurum
3325 2977 3340 3024 ;
3368 2974 3526 3012 nam-

1950 3066 2057 3119 que
2087 3049 2233 3105 Deus
2260 3064 2360 3118 pro
2395 3065 2504 3103 uno
2533 3049 2631 3104 illo
2694 3051 2806 3105 duo
2836 3051 3143 3121 accepisset
3189 3050 3529 3121 pretiosissi-

256 3138 507 3207 νεγμένα
535 3137 825 3209 δεξαμένου
858 3137 1099 3191 τάλαντα
1130 3135 1508 3205 πολυτίμητα,
1545 3134 1645 3187 καὶ
1675 3131 1841 3186 αὐτοῦ

1954 3157 2036 3196 ma
2066 3142 2289 3205 talenta,
2313 3155 2445 3214 cum
2484 3141 2601 3211 ipse
2634 3142 2945 3211 Sapricius,
3001 3159 3230 3215 regnum
3258 3143 3543 3199 caelorum.

255 3249 322 3283 τε
360 3231 694 3294 είσελθόντος
725 3232 805 3295 εἰς
836 3231 934 3301 τὴν
968 3230 1224 3300 οὐράνιον
1259 3227 1538 3299 βασιλείαν
1559 3263 1574 3289 ,
1613 3226 1711 3280 καὶ
1745 3224 1838 3278 τὸν

1954 3250 2239 3304 mgressus,
2272 3231 2647 3303 Nicephorum
2680 3236 2844 3290 etiam
2897 3250 3084 3291 secum
3131 3250 3257 3291 cum
3286 3233 3539 3288 maximo-

257 3323 584 3395 Νικηφόρον
616 3322 1107 3393 συνεισαγαγόντος
1140 3320 1557 3392 προθυμότατα.

335 3470 403 3520 ε’.
447 3463 558 3520 Καὶ
583 3463 727 3517 οὕτω
757 3462 856 3534 μὲν
885 3463 971 3534 εἴη
1001 3461 1066 3516 ἂν
1093 3461 1414 3515 λελύσεσθαι
1440 3460 1501 3514 τι
1531 3457 1839 3532 προϐεϐλη-
1870 3440 1876 3445 ’

266 3556 434 3625 μένον
458 3555 745 3627 ἀπόρημα.
780 3554 935 3625 Ἐμοὶ
961 3554 1019 3608 δὲ
1050 3553 1259 3607 ἔπεισιν
1288 3551 1521 3605 ἐνταῦθα
1547 3550 1840 3621 διασκοπή-

266 3649 507 3715 σασθαι,
541 3650 635 3702 καὶ
666 3647 895 3720 πηλίκον
926 3646 1097 3703 κακὸν
1125 3649 1158 3718 ή
1198 3665 1216 3699 ι
1260 3643 1597 3716 μνησικακία
1634 3660 1652 3695 ι
1689 3641 1843 3710 ἐστὶ,

264 3744 366 3796 καὶ
412 3742 595 3795 όπιῖόν
640 3757 695 3793 τι
740 3740 880 3794 κατά
928 3739 1118 3793 οὐσίαν
1165 3738 1409 3809 ὁρίζεται
1458 3734 1848 3806 προσηκόντως

265 3831 417 3887 εἶναι
450 3833 588 3902 αὐτή
615 3847 630 3862 ⁸
665 3831 759 3886 καί
795 3847 887 3901 μοι
921 3831 1147 3902 ἀρέσκει
1184 3830 1349 3899 φάναι
1372 3870 1388 3895 ,
1419 3829 1492 3893 ὡς
1525 3833 1559 3902 ἡ
1599 3850 1616 3882 ι
1660 3847 1850 3901 μνησι-

266 3926 443 3979 κακία
475 3944 494 3976 ι
527 3925 628 3978 οὐκ
657 3924 803 3977 ἐστιν
829 3920 1064 3993 ἐπιμονὴ
1097 3922 1296 3984 κακίας
1325 3921 1416 3974 ἐπὶ
1449 3919 1635 3985 ἁπλῶς
1663 3918 1848 3994 ἀμύνῃ

242 3990 338 4089 ῗτῇ
367 4016 627 4089 τυχούσῃ,
655 4015 682 4069 ὃ
709 4015 775 4086 δὴ
807 4016 901 4069 καὶ
930 3990 1242 4084 πᾶςνθυμδς
1274 4013 1418 4085 ἔχειν
1446 4013 1641 4078 ἐθέλει,
1671 3990 1852 4083 ὄρεξις

267 4115 348 4169 ὢν
381 4114 477 4167 καὶ
509 4113 715 4174 ἐκεῖνος
748 4111 1157 4181 ἀντιλυπήσεως
1177 4147 1191 4172 ,
1226 4106 1371 4162 καθά
1404 4123 1570 4176 φασιν
1599 4106 1649 4159 oi
1686 4103 1854 4159 πάλαι

271 4209 435 4277 σοφοί
459 4223 475 4239 ο
506 4207 644 4260 ἀλλὰ
695 4224 715 4258 ι
761 4201 1101 4275 μνησικακία
1146 4221 1164 4255 ι
1207 4200 1524 4270 ὲκιραίνεται
1563 4199 1856 4270 τυγχάνειν

274 4304 507 4374 μόνιμος
540 4300 733 4368 θυμὸς,
787 4298 885 4351 εἴτ’
914 4291 1006 4350 οὖν
1036 4294 1191 4358 κότος
1222 4294 1499 4364 δαιμόνιος
1528 4291 1623 4344 ἐπὶ
1651 4291 1855 4365 ὀρέξει,

270 4396 474 4448 οὔκουν
500 4392 932 4462 ἀντιλυπήσεως,
960 4387 989 4442 ὃ
1015 4386 1080 4459 δὴ
1107 4386 1351 4455 λέγεται,
1379 4385 1540 4451 ἀλλὰ,
1563 4383 1640 4447 ὡς
1669 4383 1858 4454 φαίνε-

270 4506 337 4540 τι
350 4507 388 4552 ι,
416 4488 513 4539 καὶ
546 4484 773 4538 θανάτου
806 4480 1203 4552 ἀπαραιτήτου,
1234 4477 1353 4550 μεθ’
1378 4476 1436 4530 ὃν
1461 4477 1561 4531 οὐκ
1592 4476 1658 4529 ἂν
1683 4476 1858 4545 λυπή-

1941 3323 2125 3381 διιιιίίο
2153 3325 2493 3380 adduxisset.

2017 3459 2071 3514 5.
2093 3460 2171 3513 Ita
2196 3460 2361 3529 igitur
2387 3459 2618 3530 quaestio
2639 3475 2805 3532 supra
2833 3461 3131 3517 constituta
3154 3460 3290 3517 solvi
3317 3467 3526 3533 posset.

1943 3550 2072 3607 Mihi
2105 3561 2286 3607 autem
2335 3553 2391 3611 in
2427 3560 2662 3608 mentem
2690 3554 2840 3608 venit
2872 3568 3017 3608 nunc
3048 3553 3321 3625 dispicere
3355 3569 3530 3622 quan-

1945 3651 2059 3699 tum
2084 3643 2155 3698 sit
2177 3643 2378 3699 malum
2398 3642 2585 3700 odium
2609 3645 2882 3716 pertinax,
2907 3661 3138 3717 quaeque
3159 3647 3249 3713 sit,
3271 3661 3336 3700 ex
3356 3646 3539 3716 ipsius

1948 3745 2164 3801 natura,
2214 3737 2548 3791 conveniens
2577 3737 2628 3793 ei
2658 3738 2938 3793 deﬁnitio.
2977 3736 3176 3793 Odium
3217 3738 3527 3793 istiusmodi

1947 3843 2058 3884 non
2083 3844 2147 3884 ea
2170 3841 2255 3883 est
2281 3826 2594 3898 pertinacia
2612 3844 2733 3899 qua:
2755 3827 3019 3882 ultionem
3039 3826 3337 3897 quamlibet
3368 3826 3529 3879 modo

1950 3921 2275 3993 petit;nam
2335 3936 2680 3991 quemcunque
2724 3922 2803 3975 ira
2840 3920 2982 3976 idem
3035 3919 3140 3975 sibi
3179 3921 3349 3981 'vult,
3394 3933 3534 3970 cum

1952 4015 2026 4071 sit
2052 4015 2130 4070 ira
2183 4023 2362 4071 motus
2420 4013 2593 4069 animi
2648 4013 2851 4068 malum
2887 4027 2984 4084 pro
3028 4013 3172 4065 malo
3229 4011 3530 4080 rependere

1952 4108 2253 4179 cupientis,
2289 4107 2431 4178 quod
2468 4116 2684 4161 veteres
2724 4104 3038 4176 philosophi
3081 4106 3301 4157 docent.
3345 4102 3522 4155 liabe-

1954 4210 2046 4255 tur
2074 4201 2260 4256 odium
2292 4198 2546 4270 pertinax
2605 4198 2682 4250 ira
2721 4195 2975 4266 quaedam
3028 4210 3387 4264 permanens,
3434 4208 3530 4245 nu-

1954 4292 2262 4361 l'audusque
2314 4289 2466 4344 furor
2528 4302 2640 4357 quo
2697 4294 3046 4356 exoptamus,
3104 4301 3211 4339 non
3272 4284 3433 4338 modo
3474 4283 3529 4336 itl

1956 4385 2102 4454 quod
2138 4384 2346 4437 dictum
2383 4390 2489 4445 est,
2519 4394 2618 4450 par
2648 4379 2764 4449 puri
2823 4377 3196 4438 relercndum,
3226 4376 3321 4432 sed.
3378 4391 3531 4428 tuor-

1960 4488 2066 4531 tem
2099 4475 2264 4529 etiam
2318 4473 2744 4544 implacabilem,
2780 4470 2836 4526 in
2881 4485 2989 4540 qua
3026 4470 3142 4524 sola
3206 4469 3290 4523 vir
3330 4467 3530 4522 defun-

275 4538 431 4636 σεται
465 4583 495 4633 ὁ
524 4577 721 4633 θανὼν.
751 4538 965 4630 Ὀποίον
991 4538 1257 4643 dij-ardeo;
1283 4569 1426 4641 ἔχων
1452 4569 1671 4631 πάντως
1702 4569 1798 4621 καὶ
1826 4568 1848 4621 ό

1956 4576 2078 4621 ctus
2102 4579 2385 4635 poenarum
2410 4566 2571 4621 linem
2599 4561 2861 4619 inveniat.
2888 4562 3021 4617 Cum
3053 4559 3217 4630 igitur
3244 4556 3531 4629 Sapricius

277 4677 583 4747 Σιπρίκιος
624 4673 716 4726 ἐπὶ
750 4670 828 4739 τῷ
870 4664 1141 4736 ἀγαπητῷ
1180 4662 1502 4734 Νικηφόρῳ,
1543 4661 1638 4715 καὶ
1678 4660 1855 4731 πάντη

275 4771 503 4831 πάντως
544 4766 605 4830 ἐξ
645 4760 841 4816 ἑαυτοῦ
881 4757 1138 4829 κυρώσας
1176 4754 1467 4810 ἀποικίσαι
1507 4753 1569 4807 τὸ
1609 4751 1860 4823 φιλάδελ-

275 4878 407 4929 φον,
452 4857 630 4911 ἔοικεν
678 4857 764 4907 ἀεὶ
809 4855 908 4923 μὲν
950 4852 1203 4923 ἐφίεσθαι
1249 4848 1456 4922 βλάψαι
1500 4848 1591 4902 τὸν
1637 4845 1859 4915 θεοφιλῆ

279 4948 629 5018 Νικηφόρον,
659 4943 734 5010 ὼς
762 4944 857 4998 καὶ
884 4942 946 5008 ἐξ
976 4941 1282 5013 ἀνθρώπων
1312 4939 1473 4994 αὑτὸν
1504 4938 1693 4992 θέσθαι
1714 4975 1730 5000 ,
1762 4937 1862 4990 οὐκ

279 5047 341 5098 ὲν
372 5042 453 5112 τῷ
483 5040 662 5108 λέγειν
684 5054 699 5069 ·
739 5056 758 5089 ι
798 5037 937 5091 Πότε
970 5034 1327 5089 ἀποθανεῖται
1360 5033 1455 5086 καὶ
1489 5032 1774 5085 ἀπολεῖται
1803 5027 1864 5082 τὺ

279 5137 461 5205 δ.ομα
488 5131 686 5198 αὐτοῦς
719 5148 739 5182 ›
771 5128 887 5184 ἀλλ’
910 5129 967 5182 ὲν
989 5127 1068 5199 τῷ
1098 5127 1191 5180 καὶ
1225 5126 1456 5197 μελετᾷν
1482 5125 1576 5178 καὶ
1604 5121 1863 5194 εὔχεσθαι

283 5229 382 5281 καὶ
413 5225 666 5280 καίεσθαι
692 5223 790 5295 τὴν
818 5220 1049 5292 καρδίαν
1079 5217 1250 5274 αὐτοῦ
1284 5217 1703 5291 προορωμένην,
1732 5215 1862 5266 πότε

284 5322 353 5373 ἂν
386 5319 423 5390 ἦ
454 5318 681 5387 εὑρήσει
706 5312 1094 5386 ὀρωρυγμένον
1124 5310 1418 5383 βάραθρον,
1448 5311 1506 5362 ἐν
1534 5302 1577 5376 ᾧ
1604 5305 1866 5378 καταρρί-

285 5414 399 5484 ea;
430 5407 741 5479 ἀφαντώσει
771 5407 862 5461 τδν
894 5406 1252 5479 μισούμενον,
1287 5402 1383 5456 καὶ
1412 5401 1587 5464 ἄλλως
1616 5399 1868 5469 αὐτοχει-

293 5507 388 5576 ρίᾳ
435 5502 718 5573 θανατηρᾷ
766 5498 852 5554 ἐπ’
881 5499 1044 5553 αὐτὸν
1094 5497 1379 5569 χρήσεται.
1428 5492 1535 5562 Καὶ
1586 5491 1653 5545 ἂν
1703 5488 1869 5544 πάλαι

287 5596 534 5652 τοιοῦτόν
564 5613 616 5649 τι
649 5592 948 5675 πεπρίηκεν
968 5632 984 5656 ,
1016 5591 1175 5661 εἴπερ
1206 5587 1460 5659 ἠδύνατο.
1495 5584 1649 5637 Ἐπεὶ
1681 5583 1736 5635 δὲ
1770 5581 1871 5633 οὐκ

288 5688 441 5762 εῖχεν
485 5687 664 5759 ἰσχὺν,
705 5681 795 5741 οἷα
831 5685 925 5739 τοῦ
973 5687 1030 5739 ὲν
1071 5683 1190 5753 Θεῷ
1234 5679 1513 5751 εἰρηνικοῦ
1553 5676 1870 5744 Νικηφόοου

291 5783 406 5835 εῐτε
435 5780 711 5851 ἰσχύοντος
737 5782 817 5843 εἰς
844 5779 1004 5833 πλέον
1029 5778 1122 5830 καὶ
1151 5771 1605 5846 ὑπερπετομὲνου
1621 5768 1868 5837 εὐμηχά-

295 5894 402 5940 νως
431 5878 532 5940 τὰς
570 5874 776 5932 ἐκείνου
809 5874 1041 5941 παγίδας
1061 5913 1076 5940 ,
1108 5873 1296 5926 ἔπεττε
1327 5873 1415 5924 τὸν
1447 5869 1597 5940 χ’)λον
1627 5866 1871 5936 ἀποκρυ-

1586 5953 1640 5965 ’π

1957 4659 2053 4715 tali
2089 4674 2316 4731 prorsus
2356 4659 2540 4713 animo
2562 4666 2709 4713 esset
2742 4656 2796 4711 in
2829 4653 3123 4709 amahiiem
3152 4652 3527 4723 Nicephorum

1959 4760 2125 4821 atque
2148 4749 2294 4821 apud
2326 4765 2386 4807 se
2443 4750 2701 4805 omnibus
2752 4747 2932 4803 modis
2994 4745 3288 4801 consilium
3343 4743 3537 4797 ﬁrma-

1960 4845 2128 4900 visset
2156 4843 2413 4898 fraterna:
2441 4843 2690 4899 caritatis
2714 4839 3097 4912 projieiendue,
3126 4839 3278 4894 visus
3296 4844 3379 4892 est
3402 4852 3537 4891 cou-

1961 4934 2116 4990 tinuo
2134 4946 2391 5004 expetere
2404 4933 2668 5004 quidquid
2695 4934 2785 5003 pio
2801 4932 3117 5002 Nicephoro
3140 4930 3364 4986 noxium
3386 4937 3540 4984 esset

1964 5034 2127 5095 atque
2159 5026 2328 5081 etiam
2375 5025 2513 5081 velle
2553 5040 2678 5080 eum
2728 5039 2793 5079 ex
2852 5023 3134 5078 hominum
3182 5035 3413 5077 numero
3451 5034 3541 5074 sc-

1964 5129 2284 5192 gregatum;
2318 5135 2427 5173 non
2460 5119 2606 5187 quod
2647 5117 2786 5173 nihil
2850 5116 3000 5171 aliud
3064 5131 3228 5189 quam
3283 5114 3535 5167 diceret:

1971 5231 1990 5264 ι
2038 5213 2269 5279 Quando
2299 5212 2566 5267 morietur
2591 5219 2645 5267 et
2703 5210 2907 5281 peribit
2961 5225 3157 5266 nomen
3191 5206 3354 5277 ejus?
3385 5223 3405 5255 ι
3440 5205 3535 5257 sed

1966 5287 2226 5374 quod-et
2288 5304 2697 5358 machinaretur
2745 5310 3054 5371 exeptatam
3110 5297 3430 5367 perniciem,
3485 5302 3541 5347 et

1969 5396 2154 5449 animo
2186 5395 2603 5457 incenderetur,
2654 5393 2699 5447 si
2754 5392 2895 5446 forte
2953 5391 3196 5442 hiantem
3264 5384 3539 5453 gurgitem

1970 5490 2349 5561 prospexisset
2389 5503 2500 5559 quo
2545 5487 2813 5557 dejectum
2855 5482 3135 5538 inimicum
3192 5477 3540 5541 reconderet,

1972 5591 2025 5636 et
2049 5590 2304 5635 caeterum
2331 5579 2378 5634 is
2411 5586 2556 5633 esset
2586 5578 2678 5646 qui
2708 5577 2823 5644 ipse
2870 5574 2922 5627 in
2958 5586 3084 5626 eum
3123 5571 3392 5626 violentas
3454 5569 3542 5622 iu-

1973 5673 2137 5725 icrrct
2160 5686 2372 5735 manus;
2397 5668 2539 5737 quod
2560 5668 2669 5735 jntu
2699 5666 2906 5734 pridem
2927 5661 3167 5726 fecisset,
3188 5661 3232 5715 si
3252 5660 3547 5730 potuissrt.

1974 5768 2042 5820 At
2080 5764 2339 5831 quoniam
2389 5777 2497 5815 non
2560 5768 2792 5829 poterat,
2852 5756 2937 5811 vel
2979 5754 3124 5826 quod
3176 5753 3544 5823 Nicephorns,

1977 5858 2174 5915 divinae
2206 5855 2355 5925 pacis
2392 5868 2604 5918 animus,
2665 5850 2875 5905 viribus
2918 5856 3225 5920 prwslarct,
3277 5846 3358 5901 vel
3411 5863 3548 5917 quo-
