  <div class='ocr_page' id='page_1' title='image "/cluster/home/n/w/nwhite01/storage/ocr_20150623/135/mdp.39015029921197/293.png"; bbox 0 0 3942 6250; ppageno 0'>
   <div class='ocr_carea' id='block_1_1' title="bbox 401 305 496 369">
    <p class='ocr_par' dir='ltr' id='par_1_1' title="bbox 401 305 496 369">
     <span class='ocr_line' id='line_1_1' title="bbox 401 305 496 369; baseline 0 -1"><span class='ocrx_word' id='word_1_1' title='bbox 401 305 496 369; x_wconf 78' lang='grc'><strong>571</strong></span> 
     </span>
    </p>
   </div>
   <div class='ocr_carea' id='block_1_2' title="bbox 1113 313 2936 396">
    <p class='ocr_par' dir='ltr' id='par_1_2' title="bbox 1113 313 2936 396">
     <span class='ocr_line' id='line_1_2' title="bbox 1113 313 2936 396; baseline 0.013 -23"><span class='ocrx_word' id='word_1_2' title='bbox 1113 313 1538 376; x_wconf 80' lang='lat' dir='ltr'><strong>EUSTATHII</strong></span> <span class='ocrx_word' id='word_1_3' title='bbox 1577 319 2339 390; x_wconf 69' lang='lat' dir='ltr'><strong>THESSALONICENSIS</strong></span> <span class='ocrx_word' id='word_1_4' title='bbox 2367 331 2936 396; x_wconf 60' lang='lat' dir='ltr'><strong>METROPOLITE</strong></span> 
     </span>
    </p>
   </div>
   <div class='ocr_carea' id='block_1_3' title="bbox 3566 341 3658 402">
    <p class='ocr_par' dir='ltr' id='par_1_3' title="bbox 3566 341 3658 402">
     <span class='ocr_line' id='line_1_3' title="bbox 3566 341 3658 402; baseline 0.011 -2"><span class='ocrx_word' id='word_1_5' title='bbox 3566 341 3658 402; x_wconf 65' lang='lat'><strong>{.72</strong></span> 
     </span>
    </p>
   </div>
   <div class='ocr_carea' id='block_1_4' title="bbox 401 423 1956 532">
    <p class='ocr_par' dir='ltr' id='par_1_4' title="bbox 401 423 1956 515">
     <span class='ocr_line' id='line_1_4' title="bbox 401 423 1956 515; baseline 0.019 -41"><span class='ocrx_word' id='word_1_6' title='bbox 401 423 832 483; x_wconf 77' lang='lat' dir='ltr'><strong>obdormivisset</strong></span> <span class='ocrx_word' id='word_1_7' title='bbox 879 430 1172 501; x_wconf 93' lang='lat' dir='ltr'><strong>consitor,</strong></span> <span class='ocrx_word' id='word_1_8' title='bbox 1233 433 1474 506; x_wconf 73' lang='lat' dir='ltr'><strong>feraeque</strong></span> <span class='ocrx_word' id='word_1_9' title='bbox 1527 441 1680 512; x_wconf 80' lang='lat' dir='ltr'><strong>sylva</strong></span> <span class='ocrx_word' id='word_1_10' title='bbox 1745 460 1956 515; x_wconf 79' lang='lat' dir='ltr'><strong>egressa</strong></span> 
     </span>
    </p>
   </div>
   <div class='ocr_carea' id='block_1_5' title="bbox 2061 423 3655 532">
    <p class='ocr_par' dir='ltr' id='par_1_5' title="bbox 2082 446 3655 532">
     <span class='ocr_line' id='line_1_5' title="bbox 2082 446 3655 532; baseline 0.009 -30"><span class='ocrx_word' id='word_1_11' title='bbox 2082 449 2194 513; x_wconf 81' lang='grc' dir='ltr'>ζων</span> <span class='ocrx_word' id='word_1_12' title='bbox 2230 446 2311 520; x_wconf 62' lang='grc' dir='ltr'><strong>ᾗ),</strong></span> <span class='ocrx_word' id='word_1_13' title='bbox 2340 454 2476 507; x_wconf 81' lang='grc' dir='ltr'>ἀλλὰ</span> <span class='ocrx_word' id='word_1_14' title='bbox 2500 455 2695 510; x_wconf 80' lang='grc' dir='ltr'>πέπων</span> <span class='ocrx_word' id='word_1_15' title='bbox 2729 459 2822 511; x_wconf 75' lang='grc' dir='ltr'>ἐπὶ</span> <span class='ocrx_word' id='word_1_16' title='bbox 2846 459 3126 530; x_wconf 81' lang='grc' dir='ltr'><strong>τρυγητῷ.</strong></span> <span class='ocrx_word' id='word_1_17' title='bbox 3164 459 3320 514; x_wconf 77' lang='grc' dir='ltr'>Ἐπεὶ</span> <span class='ocrx_word' id='word_1_18' title='bbox 3348 462 3405 514; x_wconf 83' lang='grc' dir='ltr'><strong>ὸέ</strong></span> <span class='ocrx_word' id='word_1_19' title='bbox 3430 462 3458 514; x_wconf 78' lang='grc' dir='ltr'><strong>ὁ</strong></span> <span class='ocrx_word' id='word_1_20' title='bbox 3479 481 3655 532; x_wconf 76' lang='grc' dir='ltr'>φυτευ-</span> 
     </span>
    </p>
   </div>
   <div class='ocr_carea' id='block_1_6' title="bbox 403 519 1979 606">
    <p class='ocr_par' dir='ltr' id='par_1_6' title="bbox 403 519 1979 606">
     <span class='ocr_line' id='line_1_6' title="bbox 403 519 1979 606; baseline 0.016 -36"><span class='ocrx_word' id='word_1_21' title='bbox 403 533 526 571; x_wconf 89' lang='lat' dir='ltr'><strong>eum</strong></span> <span class='ocrx_word' id='word_1_22' title='bbox 573 519 910 591; x_wconf 80' lang='lat' dir='ltr'><strong>fugavissent</strong></span> <span class='ocrx_word' id='word_1_23' title='bbox 952 525 1048 595; x_wconf 76' lang='lat' dir='ltr'><strong>qui</strong></span> <span class='ocrx_word' id='word_1_24' title='bbox 1097 527 1315 584; x_wconf 89' lang='lat' dir='ltr'><strong>vineam</strong></span> <span class='ocrx_word' id='word_1_25' title='bbox 1377 533 1662 590; x_wconf 88' lang='lat' dir='ltr'><strong>custodire</strong></span> <span class='ocrx_word' id='word_1_26' title='bbox 1721 537 1979 606; x_wconf 75' lang='lat' dir='ltr'><strong>debebat,</strong></span> 
     </span>
    </p>
   </div>
   <div class='ocr_carea' id='block_1_7' title="bbox 403 612 1982 702">
    <p class='ocr_par' dir='ltr' id='par_1_7' title="bbox 403 612 1982 702">
     <span class='ocr_line' id='line_1_7' title="bbox 403 612 1982 702; baseline 0.018 -39"><span class='ocrx_word' id='word_1_27' title='bbox 403 619 535 666; x_wconf 91' lang='lat' dir='ltr'><strong>tunc</strong></span> <span class='ocrx_word' id='word_1_28' title='bbox 566 612 927 684; x_wconf 80' lang='lat' dir='ltr'><strong>Nicepliorus,</strong></span> <span class='ocrx_word' id='word_1_29' title='bbox 961 619 1224 677; x_wconf 92' lang='lat' dir='ltr'><strong>continuo</strong></span> <span class='ocrx_word' id='word_1_30' title='bbox 1247 624 1398 694; x_wconf 82' lang='lat' dir='ltr'><strong>vigil,</strong></span> <span class='ocrx_word' id='word_1_31' title='bbox 1423 625 1526 682; x_wconf 93' lang='lat' dir='ltr'><strong>iter</strong></span> <span class='ocrx_word' id='word_1_32' title='bbox 1556 635 1982 702; x_wconf 79' lang='lat' dir='ltr'><strong>praeoccupavit.</strong></span> 
     </span>
    </p>
   </div>
   <div class='ocr_carea' id='block_1_8' title="bbox 403 705 1980 786">
    <p class='ocr_par' dir='ltr' id='par_1_8' title="bbox 403 705 1980 786">
     <span class='ocr_line' id='line_1_8' title="bbox 403 705 1980 786; baseline 0.017 -31"><span class='ocrx_word' id='word_1_33' title='bbox 403 711 457 756; x_wconf 91' lang='lat' dir='ltr'><strong>ct</strong></span> <span class='ocrx_word' id='word_1_34' title='bbox 485 705 620 772; x_wconf 82' lang='lat' dir='ltr'><strong>.quia</strong></span> <span class='ocrx_word' id='word_1_35' title='bbox 663 708 930 765; x_wconf 84' lang='lat' dir='ltr'><strong>renuebat</strong></span> <span class='ocrx_word' id='word_1_36' title='bbox 981 714 1246 781; x_wconf 86' lang='lat' dir='ltr'><strong>consitor,</strong></span> <span class='ocrx_word' id='word_1_37' title='bbox 1292 716 1410 786; x_wconf 88' lang='lat' dir='ltr'><strong>ipse</strong></span> <span class='ocrx_word' id='word_1_38' title='bbox 1444 719 1810 780; x_wconf 87' lang='lat' dir='ltr'><strong>vindemiatas</strong></span> <span class='ocrx_word' id='word_1_39' title='bbox 1845 742 1980 782; x_wconf 87' lang='lat' dir='ltr'><strong>uvas</strong></span> 
     </span>
    </p>
   </div>
   <div class='ocr_carea' id='block_1_9' title="bbox 403 791 1980 880">
    <p class='ocr_par' dir='ltr' id='par_1_9' title="bbox 403 791 1980 880">
     <span class='ocr_line' id='line_1_9' title="bbox 403 791 1980 880; baseline 0.02 -38"><span class='ocrx_word' id='word_1_40' title='bbox 403 791 552 860; x_wconf 86' lang='lat' dir='ltr'><strong>prelo</strong></span> <span class='ocrx_word' id='word_1_41' title='bbox 583 793 836 864; x_wconf 75' lang='lat' dir='ltr'><strong>subjecit,</strong></span> <span class='ocrx_word' id='word_1_42' title='bbox 865 808 923 854; x_wconf 90' lang='lat' dir='ltr'><strong>ut</strong></span> <span class='ocrx_word' id='word_1_43' title='bbox 954 815 1055 870; x_wconf 88' lang='lat' dir='ltr'><strong>par</strong></span> <span class='ocrx_word' id='word_1_44' title='bbox 1101 813 1241 870; x_wconf 89' lang='lat' dir='ltr'><strong>erat,</strong></span> <span class='ocrx_word' id='word_1_45' title='bbox 1273 809 1587 880; x_wconf 83' lang='lat' dir='ltr'><strong>pressitque</strong></span> <span class='ocrx_word' id='word_1_46' title='bbox 1636 829 1793 871; x_wconf 86' lang='lat' dir='ltr'><strong>uvam</strong></span> <span class='ocrx_word' id='word_1_47' title='bbox 1829 819 1980 873; x_wconf 84' lang='lat' dir='ltr'><strong>salu-</strong></span> 
     </span>
    </p>
   </div>
   <div class='ocr_carea' id='block_1_10' title="bbox 403 885 1978 980">
    <p class='ocr_par' dir='ltr' id='par_1_10' title="bbox 403 885 1978 980">
     <span class='ocr_line' id='line_1_10' title="bbox 403 885 1978 980; baseline 0.02 -43"><span class='ocrx_word' id='word_1_48' title='bbox 403 885 495 948; x_wconf 90' lang='lat' dir='ltr'><strong>tis,</strong></span> <span class='ocrx_word' id='word_1_49' title='bbox 561 891 944 964; x_wconf 85' lang='lat' dir='ltr'><strong>exhaustoque</strong></span> <span class='ocrx_word' id='word_1_50' title='bbox 984 897 1221 967; x_wconf 88' lang='lat' dir='ltr'><strong>pulchro</strong></span> <span class='ocrx_word' id='word_1_51' title='bbox 1269 901 1363 956; x_wconf 93' lang='lat' dir='ltr'><strong>illo</strong></span> <span class='ocrx_word' id='word_1_52' title='bbox 1403 904 1686 977; x_wconf 74' lang='lat' dir='ltr'><strong>Evangelii</strong></span> <span class='ocrx_word' id='word_1_53' title='bbox 1739 920 1895 980; x_wconf 88' lang='lat' dir='ltr'><strong>potu,</strong></span> <span class='ocrx_word' id='word_1_54' title='bbox 1922 913 1978 968; x_wconf 88' lang='lat' dir='ltr'><strong>in</strong></span> 
     </span>
    </p>
   </div>
   <div class='ocr_carea' id='block_1_11' title="bbox 402 984 1978 1072">
    <p class='ocr_par' dir='ltr' id='par_1_11' title="bbox 402 984 1978 1072">
     <span class='ocr_line' id='line_1_11' title="bbox 402 984 1978 1072; baseline 0.022 -43"><span class='ocrx_word' id='word_1_55' title='bbox 402 993 571 1048; x_wconf 75' lang='lat' dir='ltr'><strong>regno</strong></span> <span class='ocrx_word' id='word_1_56' title='bbox 618 984 886 1041; x_wconf 77' lang='lat' dir='ltr'><strong>caelorum</strong></span> <span class='ocrx_word' id='word_1_57' title='bbox 934 991 1164 1059; x_wconf 83' lang='lat' dir='ltr'><strong>quievit.</strong></span> <span class='ocrx_word' id='word_1_58' title='bbox 1217 995 1335 1050; x_wconf 77' lang='lat' dir='ltr'><strong>Alia</strong></span> <span class='ocrx_word' id='word_1_59' title='bbox 1387 999 1552 1053; x_wconf 87' lang='lat' dir='ltr'><strong>etiam</strong></span> <span class='ocrx_word' id='word_1_60' title='bbox 1595 1004 1852 1072; x_wconf 87' lang='lat' dir='ltr'><strong>parabola</strong></span> <span class='ocrx_word' id='word_1_61' title='bbox 1889 1022 1978 1063; x_wconf 89' lang='lat' dir='ltr'><strong>res</strong></span> 
     </span>
    </p>
   </div>
   <div class='ocr_carea' id='block_1_12' title="bbox 397 1071 1979 1163">
    <p class='ocr_par' dir='ltr' id='par_1_12' title="bbox 397 1071 1979 1163">
     <span class='ocr_line' id='line_1_12' title="bbox 397 1071 1979 1163; baseline 0.021 -42"><span class='ocrx_word' id='word_1_62' title='bbox 397 1071 621 1136; x_wconf 78' lang='lat' dir='ltr'><strong>ﬁgurari</strong></span> <span class='ocrx_word' id='word_1_63' title='bbox 649 1076 844 1144; x_wconf 91' lang='lat' dir='ltr'><strong>possit.</strong></span> <span class='ocrx_word' id='word_1_64' title='bbox 869 1077 1120 1151; x_wconf 81' lang='lat' dir='ltr'><strong>Namque</strong></span> <span class='ocrx_word' id='word_1_65' title='bbox 1157 1083 1259 1140; x_wconf 86' lang='lat' dir='ltr'><strong>iste</strong></span> <span class='ocrx_word' id='word_1_66' title='bbox 1295 1085 1576 1159; x_wconf 89' lang='lat' dir='ltr'><strong>Sapricius</strong></span> <span class='ocrx_word' id='word_1_67' title='bbox 1598 1071 1702 1163; x_wconf 57' lang='lat' dir='ltr'><strong>ll),</strong></span> <span class='ocrx_word' id='word_1_68' title='bbox 1724 1109 1849 1151; x_wconf 91' lang='lat' dir='ltr'><strong>cum</strong></span> <span class='ocrx_word' id='word_1_69' title='bbox 1881 1099 1979 1154; x_wconf 83' lang='lat' dir='ltr'><strong>ad-</strong></span> 
     </span>
    </p>
   </div>
   <div class='ocr_carea' id='block_1_13' title="bbox 398 1164 1977 1252">
    <p class='ocr_par' dir='ltr' id='par_1_13' title="bbox 398 1164 1977 1252">
     <span class='ocr_line' id='line_1_13' title="bbox 398 1164 1977 1252; baseline 0.022 -39"><span class='ocrx_word' id='word_1_70' title='bbox 398 1164 661 1220; x_wconf 88' lang='lat' dir='ltr'><strong>movisset</strong></span> <span class='ocrx_word' id='word_1_71' title='bbox 725 1184 951 1226; x_wconf 88' lang='lat' dir='ltr'><strong>manum</strong></span> <span class='ocrx_word' id='word_1_72' title='bbox 1015 1182 1234 1241; x_wconf 64' lang='lat' dir='ltr'><strong>aratro,</strong></span> <span class='ocrx_word' id='word_1_73' title='bbox 1265 1179 1605 1252; x_wconf 82' lang='lat' dir='ltr'><strong>multamque</strong></span> <span class='ocrx_word' id='word_1_74' title='bbox 1661 1189 1977 1247; x_wconf 87' lang='lat' dir='ltr'><strong>navavisset</strong></span> 
     </span>
    </p>
   </div>
   <div class='ocr_carea' id='block_1_14' title="bbox 398 1259 1976 1350">
    <p class='ocr_par' dir='ltr' id='par_1_14' title="bbox 398 1259 1976 1350">
     <span class='ocr_line' id='line_1_14' title="bbox 398 1259 1976 1350; baseline 0.019 -42"><span class='ocrx_word' id='word_1_75' title='bbox 398 1270 622 1323; x_wconf 80' lang='lat' dir='ltr'><strong>operam</strong></span> <span class='ocrx_word' id='word_1_76' title='bbox 655 1259 709 1313; x_wconf 92' lang='lat' dir='ltr'><strong>in</strong></span> <span class='ocrx_word' id='word_1_77' title='bbox 739 1261 1018 1320; x_wconf 83' lang='lat' dir='ltr'><strong>charitate</strong></span> <span class='ocrx_word' id='word_1_78' title='bbox 1052 1267 1257 1335; x_wconf 85' lang='lat' dir='ltr'><strong>divina,</strong></span> <span class='ocrx_word' id='word_1_79' title='bbox 1292 1282 1351 1327; x_wconf 93' lang='lat' dir='ltr'><strong>ut</strong></span> <span class='ocrx_word' id='word_1_80' title='bbox 1399 1278 1719 1345; x_wconf 85' lang='lat' dir='ltr'><strong>apparebat,</strong></span> <span class='ocrx_word' id='word_1_81' title='bbox 1755 1292 1976 1350; x_wconf 87' lang='lat' dir='ltr'><strong>postea-</strong></span> 
     </span>
    </p>
   </div>
   <div class='ocr_carea' id='block_1_15' title="bbox 398 1361 1975 1434">
    <p class='ocr_par' dir='ltr' id='par_1_15' title="bbox 398 1361 1975 1434">
     <span class='ocr_line' id='line_1_15' title="bbox 398 1361 1975 1434; baseline 0.024 -37"><span class='ocrx_word' id='word_1_82' title='bbox 398 1362 502 1415; x_wconf 93' lang='lat' dir='ltr'><strong>que</strong></span> <span class='ocrx_word' id='word_1_83' title='bbox 554 1363 854 1409; x_wconf 85' lang='lat' dir='ltr'><strong>conversus</strong></span> <span class='ocrx_word' id='word_1_84' title='bbox 906 1361 1263 1430; x_wconf 79' lang='lat' dir='ltr'><strong>respexisset,</strong></span> <span class='ocrx_word' id='word_1_85' title='bbox 1315 1367 1421 1434; x_wconf 83' lang='lat' dir='ltr'><strong>iam</strong></span> <span class='ocrx_word' id='word_1_86' title='bbox 1480 1385 1588 1424; x_wconf 87' lang='lat' dir='ltr'><strong>non</strong></span> <span class='ocrx_word' id='word_1_87' title='bbox 1629 1372 1734 1427; x_wconf 81' lang='lat' dir='ltr'><strong>fuit</strong></span> <span class='ocrx_word' id='word_1_88' title='bbox 1788 1391 1975 1434; x_wconf 84' lang='lat' dir='ltr'><strong>ramus</strong></span> 
     </span>
    </p>
   </div>
   <div class='ocr_carea' id='block_1_16' title="bbox 397 1437 1974 1522">
    <p class='ocr_par' dir='ltr' id='par_1_16' title="bbox 397 1437 1974 1522">
     <span class='ocr_line' id='line_1_16' title="bbox 397 1437 1974 1522; baseline 0.021 -32"><span class='ocrx_word' id='word_1_89' title='bbox 397 1437 602 1494; x_wconf 83' lang='lat' dir='ltr'><strong>insitus</strong></span> <span class='ocrx_word' id='word_1_90' title='bbox 643 1456 810 1512; x_wconf 85' lang='lat' dir='ltr'><strong>regno</strong></span> <span class='ocrx_word' id='word_1_91' title='bbox 850 1448 1141 1505; x_wconf 83' lang='lat' dir='ltr'><strong>caelorum.</strong></span> <span class='ocrx_word' id='word_1_92' title='bbox 1191 1454 1353 1512; x_wconf 82' lang='lat' dir='ltr'><strong>initio</strong></span> <span class='ocrx_word' id='word_1_93' title='bbox 1403 1460 1694 1520; x_wconf 82' lang='lat' dir='ltr'><strong>confessus</strong></span> <span class='ocrx_word' id='word_1_94' title='bbox 1736 1475 1824 1522; x_wconf 88' lang='lat' dir='ltr'><strong>est</strong></span> <span class='ocrx_word' id='word_1_95' title='bbox 1863 1467 1974 1522; x_wconf 88' lang='lat' dir='ltr'><strong>Do-</strong></span> 
     </span>
    </p>
   </div>
   <div class='ocr_carea' id='block_1_17' title="bbox 399 1527 1972 1626">
    <p class='ocr_par' dir='ltr' id='par_1_17' title="bbox 399 1527 1972 1626">
     <span class='ocr_line' id='line_1_17' title="bbox 399 1527 1972 1626; baseline 0.024 -47"><span class='ocrx_word' id='word_1_96' title='bbox 399 1527 604 1584; x_wconf 87' lang='lat' dir='ltr'><strong>minum</strong></span> <span class='ocrx_word' id='word_1_97' title='bbox 651 1546 836 1591; x_wconf 89' lang='lat' dir='ltr'><strong>coram</strong></span> <span class='ocrx_word' id='word_1_98' title='bbox 878 1537 1214 1608; x_wconf 88' lang='lat' dir='ltr'><strong>hominibus,</strong></span> <span class='ocrx_word' id='word_1_99' title='bbox 1259 1562 1382 1602; x_wconf 90' lang='lat' dir='ltr'><strong>cum</strong></span> <span class='ocrx_word' id='word_1_100' title='bbox 1443 1552 1606 1608; x_wconf 83' lang='lat' dir='ltr'><strong>etiam</strong></span> <span class='ocrx_word' id='word_1_101' title='bbox 1651 1558 1768 1626; x_wconf 78' lang='lat' dir='ltr'><strong>ipse</strong></span> <span class='ocrx_word' id='word_1_102' title='bbox 1814 1563 1972 1618; x_wconf 62' lang='lat' dir='ltr'><strong>cauli-</strong></span> 
     </span>
    </p>
   </div>
   <div class='ocr_carea' id='block_1_18' title="bbox 401 1622 1974 1722">
    <p class='ocr_par' dir='ltr' id='par_1_18' title="bbox 401 1622 1974 1722">
     <span class='ocr_line' id='line_1_18' title="bbox 401 1622 1974 1722; baseline 0.025 -52"><span class='ocrx_word' id='word_1_103' title='bbox 401 1629 487 1672; x_wconf 90' lang='lat' dir='ltr'><strong>Ius</strong></span> <span class='ocrx_word' id='word_1_104' title='bbox 542 1622 723 1679; x_wconf 89' lang='lat' dir='ltr'><strong>adhuc</strong></span> <span class='ocrx_word' id='word_1_105' title='bbox 797 1630 1155 1689; x_wconf 81' lang='lat' dir='ltr'><strong>auxiliaretur</strong></span> <span class='ocrx_word' id='word_1_106' title='bbox 1203 1646 1263 1692; x_wconf 88' lang='lat' dir='ltr'><strong>ut</strong></span> <span class='ocrx_word' id='word_1_107' title='bbox 1317 1656 1643 1710; x_wconf 74' lang='lat' dir='ltr'><strong>generosum</strong></span> <span class='ocrx_word' id='word_1_108' title='bbox 1709 1666 1769 1706; x_wconf 88' lang='lat' dir='ltr'><strong>se</strong></span> <span class='ocrx_word' id='word_1_109' title='bbox 1836 1668 1974 1722; x_wconf 68' lang='lat' dir='ltr'><strong>prae-</strong></span> 
     </span>
    </p>
   </div>
   <div class='ocr_carea' id='block_1_19' title="bbox 398 1719 1970 1805">
    <p class='ocr_par' dir='ltr' id='par_1_19' title="bbox 398 1719 1970 1805">
     <span class='ocr_line' id='line_1_19' title="bbox 398 1719 1970 1805; baseline 0.023 -42"><span class='ocrx_word' id='word_1_110' title='bbox 398 1720 570 1769; x_wconf 87' lang='lat' dir='ltr'><strong>staret</strong></span> <span class='ocrx_word' id='word_1_111' title='bbox 622 1719 675 1772; x_wconf 93' lang='lat' dir='ltr'><strong>in</strong></span> <span class='ocrx_word' id='word_1_112' title='bbox 740 1725 1058 1788; x_wconf 84' lang='lat' dir='ltr'><strong>tormentis,</strong></span> <span class='ocrx_word' id='word_1_113' title='bbox 1107 1728 1202 1782; x_wconf 89' lang='lat' dir='ltr'><strong>sed</strong></span> <span class='ocrx_word' id='word_1_114' title='bbox 1234 1741 1422 1800; x_wconf 86' lang='lat' dir='ltr'><strong>postea</strong></span> <span class='ocrx_word' id='word_1_115' title='bbox 1451 1739 1669 1805; x_wconf 69' lang='lat' dir='ltr'><strong>negavit</strong></span> <span class='ocrx_word' id='word_1_116' title='bbox 1716 1719 1970 1800; x_wconf 34' lang='lat' dir='ltr'><strong>enm-dem</strong></span> 
     </span>
    </p>
   </div>
   <div class='ocr_carea' id='block_1_20' title="bbox 395 1803 1970 1896">
    <p class='ocr_par' dir='ltr' id='par_1_20' title="bbox 395 1803 1970 1896">
     <span class='ocr_line' id='line_1_20' title="bbox 395 1803 1970 1896; baseline 0.024 -41"><span class='ocrx_word' id='word_1_117' title='bbox 395 1803 691 1864; x_wconf 87' lang='lat' dir='ltr'><strong>Domi-num</strong></span> <span class='ocrx_word' id='word_1_118' title='bbox 732 1826 917 1867; x_wconf 88' lang='lat' dir='ltr'><strong>coram</strong></span> <span class='ocrx_word' id='word_1_119' title='bbox 992 1819 1309 1879; x_wconf 86' lang='lat' dir='ltr'><strong>hominibus</strong></span> <span class='ocrx_word' id='word_1_120' title='bbox 1385 1827 1595 1896; x_wconf 81' lang='lat' dir='ltr'><strong>ejurata</strong></span> <span class='ocrx_word' id='word_1_121' title='bbox 1663 1832 1805 1889; x_wconf 83' lang='lat' dir='ltr'><strong>ﬁdeli</strong></span> <span class='ocrx_word' id='word_1_122' title='bbox 1871 1836 1970 1893; x_wconf 87' lang='lat' dir='ltr'><strong>Dei</strong></span> 
     </span>
    </p>
   </div>
   <div class='ocr_carea' id='block_1_21' title="bbox 395 1893 1968 1986">
    <p class='ocr_par' dir='ltr' id='par_1_21' title="bbox 395 1893 1968 1986">
     <span class='ocr_line' id='line_1_21' title="bbox 395 1893 1968 1986; baseline 0.027 -41"><span class='ocrx_word' id='word_1_123' title='bbox 395 1893 689 1954; x_wconf 87' lang='lat' dir='ltr'><strong>charitate.</strong></span> <span class='ocrx_word' id='word_1_124' title='bbox 730 1901 1080 1976; x_wconf 85' lang='lat' dir='ltr'><strong>QuaprOpter</strong></span> <span class='ocrx_word' id='word_1_125' title='bbox 1137 1917 1353 1985; x_wconf 79' lang='lat' dir='ltr'><strong>negavit</strong></span> <span class='ocrx_word' id='word_1_126' title='bbox 1414 1893 1538 1975; x_wconf 79' lang='lat' dir='ltr'><strong>eum</strong></span> <span class='ocrx_word' id='word_1_127' title='bbox 1577 1922 1838 1984; x_wconf 86' lang='lat' dir='ltr'><strong>Dominus</strong></span> <span class='ocrx_word' id='word_1_128' title='bbox 1872 1945 1968 1986; x_wconf 89' lang='lat' dir='ltr'><strong>co-</strong></span> 
     </span>
    </p>
   </div>
   <div class='ocr_carea' id='block_1_22' title="bbox 394 1994 1966 2082">
    <p class='ocr_par' dir='ltr' id='par_1_22' title="bbox 394 1994 1966 2082">
     <span class='ocr_line' id='line_1_22' title="bbox 394 1994 1966 2082; baseline 0.027 -46"><span class='ocrx_word' id='word_1_129' title='bbox 394 1999 512 2040; x_wconf 85' lang='lat' dir='ltr'><strong>ram</strong></span> <span class='ocrx_word' id='word_1_130' title='bbox 584 1994 792 2063; x_wconf 80' lang='lat' dir='ltr'><strong>angelis</strong></span> <span class='ocrx_word' id='word_1_131' title='bbox 857 2000 995 2064; x_wconf 83' lang='lat' dir='ltr'><strong>suis,</strong></span> <span class='ocrx_word' id='word_1_132' title='bbox 1059 2001 1540 2082; x_wconf 87' lang='lat' dir='ltr'><strong>Nicephorumque</strong></span> <span class='ocrx_word' id='word_1_133' title='bbox 1598 2017 1690 2072; x_wconf 91' lang='lat' dir='ltr'><strong>tali</strong></span> <span class='ocrx_word' id='word_1_134' title='bbox 1745 2023 1966 2079; x_wconf 78' lang='lat' dir='ltr'><strong>nomine</strong></span> 
     </span>
    </p>
   </div>
   <div class='ocr_carea' id='block_1_23' title="bbox 393 2073 1966 2174">
    <p class='ocr_par' dir='ltr' id='par_1_23' title="bbox 393 2073 1966 2174">
     <span class='ocr_line' id='line_1_23' title="bbox 393 2073 1966 2174; baseline 0.025 -48"><span class='ocrx_word' id='word_1_135' title='bbox 393 2073 639 2145; x_wconf 83' lang='lat' dir='ltr'><strong>dignum</strong></span> <span class='ocrx_word' id='word_1_136' title='bbox 697 2087 962 2155; x_wconf 78' lang='lat' dir='ltr'><strong>angelicis</strong></span> <span class='ocrx_word' id='word_1_137' title='bbox 1032 2073 1320 2150; x_wconf 83' lang='lat' dir='ltr'><strong>ordinibus</strong></span> <span class='ocrx_word' id='word_1_138' title='bbox 1391 2073 1663 2171; x_wconf 70' lang='lat' dir='ltr'><strong>ascripsit.</strong></span> <span class='ocrx_word' id='word_1_139' title='bbox 1742 2073 1966 2174; x_wconf 62' lang='lat' dir='ltr'><strong>Episeo:</strong></span> 
     </span>
    </p>
   </div>
   <div class='ocr_carea' id='block_1_24' title="bbox 392 2178 1964 2272">
    <p class='ocr_par' dir='ltr' id='par_1_24' title="bbox 392 2178 1964 2272">
     <span class='ocr_line' id='line_1_24' title="bbox 392 2178 1964 2272; baseline 0.024 -51"><span class='ocrx_word' id='word_1_140' title='bbox 392 2178 577 2238; x_wconf 85' lang='lat' dir='ltr'><strong>patum</strong></span> <span class='ocrx_word' id='word_1_141' title='bbox 636 2187 845 2242; x_wconf 88' lang='lat' dir='ltr'><strong>autem,</strong></span> <span class='ocrx_word' id='word_1_142' title='bbox 907 2199 1075 2252; x_wconf 88' lang='lat' dir='ltr'><strong>quum</strong></span> <span class='ocrx_word' id='word_1_143' title='bbox 1139 2187 1241 2243; x_wconf 90' lang='lat' dir='ltr'><strong>iste</strong></span> <span class='ocrx_word' id='word_1_144' title='bbox 1303 2193 1612 2269; x_wconf 83' lang='lat' dir='ltr'><strong>adepturus</strong></span> <span class='ocrx_word' id='word_1_145' title='bbox 1646 2203 1964 2272; x_wconf 82' lang='lat' dir='ltr'><strong>eratsegnis</strong></span> 
     </span>
    </p>
   </div>
   <div class='ocr_carea' id='block_1_25' title="bbox 391 2264 1964 2365">
    <p class='ocr_par' dir='ltr' id='par_1_25' title="bbox 391 2264 1964 2365">
     <span class='ocr_line' id='line_1_25' title="bbox 391 2264 1964 2365; baseline 0.022 -48"><span class='ocrx_word' id='word_1_146' title='bbox 391 2264 445 2318; x_wconf 91' lang='lat' dir='ltr'><strong>in</strong></span> <span class='ocrx_word' id='word_1_147' title='bbox 475 2265 583 2323; x_wconf 80' lang='lat' dir='ltr'><strong>[ide</strong></span> <span class='ocrx_word' id='word_1_148' title='bbox 639 2270 998 2346; x_wconf 72' lang='lat' dir='ltr'><strong>intensnsque</strong></span> <span class='ocrx_word' id='word_1_149' title='bbox 1047 2279 1332 2350; x_wconf 83' lang='lat' dir='ltr'><strong>charitati,</strong></span> <span class='ocrx_word' id='word_1_150' title='bbox 1360 2266 1504 2342; x_wconf 84' lang='lat' dir='ltr'><strong>alter</strong></span> <span class='ocrx_word' id='word_1_151' title='bbox 1552 2293 1819 2362; x_wconf 87' lang='lat' dir='ltr'><strong>suscepit,</strong></span> <span class='ocrx_word' id='word_1_152' title='bbox 1867 2311 1964 2365; x_wconf 90' lang='lat' dir='ltr'><strong>per</strong></span> 
     </span>
    </p>
   </div>
   <div class='ocr_carea' id='block_1_26' title="bbox 388 2363 1963 2458">
    <p class='ocr_par' dir='ltr' id='par_1_26' title="bbox 388 2363 1963 2458">
     <span class='ocr_line' id='line_1_26' title="bbox 388 2363 1963 2458; baseline 0.023 -50"><span class='ocrx_word' id='word_1_153' title='bbox 388 2374 552 2424; x_wconf 88' lang='lat' dir='ltr'><strong>quem</strong></span> <span class='ocrx_word' id='word_1_154' title='bbox 608 2363 923 2435; x_wconf 81' lang='lat' dir='ltr'><strong>episc0pum</strong></span> <span class='ocrx_word' id='word_1_155' title='bbox 981 2385 1046 2425; x_wconf 81' lang='lat' dir='ltr'><strong>ea</strong></span> <span class='ocrx_word' id='word_1_156' title='bbox 1097 2376 1258 2432; x_wconf 89' lang='lat' dir='ltr'><strong>nobis</strong></span> <span class='ocrx_word' id='word_1_157' title='bbox 1311 2379 1542 2436; x_wconf 79' lang='lat' dir='ltr'><strong>aﬂ&#39;orent</strong></span> <span class='ocrx_word' id='word_1_158' title='bbox 1584 2393 1807 2454; x_wconf 86' lang='lat' dir='ltr'><strong>propter</strong></span> <span class='ocrx_word' id='word_1_159' title='bbox 1840 2363 1963 2458; x_wconf 70' lang='lat' dir='ltr'><strong>quae</strong></span> 
     </span>
    </p>
   </div>
   <div class='ocr_carea' id='block_1_27' title="bbox 389 2459 1963 2540">
    <p class='ocr_par' dir='ltr' id='par_1_27' title="bbox 389 2459 1963 2540">
     <span class='ocr_line' id='line_1_27' title="bbox 389 2459 1963 2540; baseline 0.023 -39"><span class='ocrx_word' id='word_1_160' title='bbox 389 2463 512 2503; x_wconf 87' lang='lat' dir='ltr'><strong>cum</strong></span> <span class='ocrx_word' id='word_1_161' title='bbox 545 2467 646 2509; x_wconf 90' lang='lat' dir='ltr'><strong>nos</strong></span> <span class='ocrx_word' id='word_1_162' title='bbox 701 2459 1135 2532; x_wconf 88' lang='lat' dir='ltr'><strong>vocavissemus,</strong></span> <span class='ocrx_word' id='word_1_163' title='bbox 1181 2483 1318 2537; x_wconf 90' lang='lat' dir='ltr'><strong>quos</strong></span> <span class='ocrx_word' id='word_1_164' title='bbox 1353 2483 1570 2540; x_wconf 88' lang='lat' dir='ltr'><strong>oportet</strong></span> <span class='ocrx_word' id='word_1_165' title='bbox 1591 2492 1716 2532; x_wconf 83' lang='lat' dir='ltr'><strong>esse</strong></span> <span class='ocrx_word' id='word_1_166' title='bbox 1748 2479 1963 2536; x_wconf 89' lang='lat' dir='ltr'><strong>miseri-</strong></span> 
     </span>
    </p>
   </div>
   <div class='ocr_carea' id='block_1_28' title="bbox 387 2546 1960 2638">
    <p class='ocr_par' dir='ltr' id='par_1_28' title="bbox 387 2546 1960 2638">
     <span class='ocr_line' id='line_1_28' title="bbox 387 2546 1960 2638; baseline 0.022 -43"><span class='ocrx_word' id='word_1_167' title='bbox 387 2546 606 2611; x_wconf 89' lang='lat' dir='ltr'><strong>cordes,</strong></span> <span class='ocrx_word' id='word_1_168' title='bbox 637 2550 729 2617; x_wconf 92' lang='lat' dir='ltr'><strong>qui</strong></span> <span class='ocrx_word' id='word_1_169' title='bbox 763 2567 860 2621; x_wconf 90' lang='lat' dir='ltr'><strong>pro</strong></span> <span class='ocrx_word' id='word_1_170' title='bbox 889 2553 1162 2614; x_wconf 84' lang='lat' dir='ltr'><strong>diabolico</strong></span> <span class='ocrx_word' id='word_1_171' title='bbox 1195 2562 1320 2618; x_wconf 92' lang='lat' dir='ltr'><strong>odio</strong></span> <span class='ocrx_word' id='word_1_172' title='bbox 1341 2562 1580 2620; x_wconf 81' lang='lat' dir='ltr'><strong>divinam</strong></span> <span class='ocrx_word' id='word_1_173' title='bbox 1607 2571 1960 2638; x_wconf 90' lang='lat' dir='ltr'><strong>rependimus</strong></span> 
     </span>
    </p>
   </div>
   <div class='ocr_carea' id='block_1_29' title="bbox 387 2636 1961 2735">
    <p class='ocr_par' dir='ltr' id='par_1_29' title="bbox 387 2636 1961 2735">
     <span class='ocr_line' id='line_1_29' title="bbox 387 2636 1961 2735; baseline 0.022 -48"><span class='ocrx_word' id='word_1_174' title='bbox 387 2636 732 2708; x_wconf 81' lang='lat' dir='ltr'><strong>charitalem,</strong></span> <span class='ocrx_word' id='word_1_175' title='bbox 779 2662 798 2695; x_wconf 75' lang='grc' dir='ltr'><strong>ι</strong></span> <span class='ocrx_word' id='word_1_176' title='bbox 845 2648 939 2716; x_wconf 93' lang='lat' dir='ltr'><strong>qui</strong></span> <span class='ocrx_word' id='word_1_177' title='bbox 976 2651 1140 2716; x_wconf 70' lang='lat' dir='ltr'><strong>male,</strong></span> <span class='ocrx_word' id='word_1_178' title='bbox 1175 2652 1319 2709; x_wconf 79' lang='lat' dir='ltr'><strong>facta</strong></span> <span class='ocrx_word' id='word_1_179' title='bbox 1386 2636 1691 2717; x_wconf 76' lang='lat' dir='ltr'><strong>benefactis</strong></span> <span class='ocrx_word' id='word_1_180' title='bbox 1733 2677 1961 2735; x_wconf 82' lang='lat' dir='ltr'><strong>supera-</strong></span> 
     </span>
    </p>
   </div>
   <div class='ocr_carea' id='block_1_30' title="bbox 388 2735 1956 2812">
    <p class='ocr_par' dir='ltr' id='par_1_30' title="bbox 388 2735 1956 2812">
     <span class='ocr_line' id='line_1_30' title="bbox 388 2735 1956 2812; baseline 0.022 -34"><span class='ocrx_word' id='word_1_181' title='bbox 388 2743 532 2792; x_wconf 88' lang='lat' dir='ltr'><strong>mus,</strong></span> <span class='ocrx_word' id='word_1_182' title='bbox 571 2748 591 2783; x_wconf 75' lang='grc' dir='ltr'><strong>ι</strong></span> <span class='ocrx_word' id='word_1_183' title='bbox 628 2735 720 2800; x_wconf 90' lang='lat' dir='ltr'><strong>qui</strong></span> <span class='ocrx_word' id='word_1_184' title='bbox 763 2737 990 2807; x_wconf 49' lang='lat' dir='ltr'><strong>vipereae.</strong></span> <span class='ocrx_word' id='word_1_185' title='bbox 1025 2743 1326 2802; x_wconf 73' lang='lat' dir='ltr'><strong>iracundia:</strong></span> <span class='ocrx_word' id='word_1_186' title='bbox 1371 2749 1793 2810; x_wconf 89' lang='lat' dir='ltr'><strong>immoderatam</strong></span> <span class='ocrx_word' id='word_1_187' title='bbox 1847 2759 1956 2812; x_wconf 87' lang='lat' dir='ltr'><strong>vim</strong></span> 
     </span>
    </p>
   </div>
   <div class='ocr_carea' id='block_1_31' title="bbox 385 2817 1954 2906">
    <p class='ocr_par' dir='ltr' id='par_1_31' title="bbox 385 2817 1954 2906">
     <span class='ocr_line' id='line_1_31' title="bbox 385 2817 1954 2906; baseline 0.022 -36"><span class='ocrx_word' id='word_1_188' title='bbox 385 2817 451 2870; x_wconf 90' lang='lat' dir='ltr'><strong>ad</strong></span> <span class='ocrx_word' id='word_1_189' title='bbox 497 2830 704 2877; x_wconf 89' lang='lat' dir='ltr'><strong>rectum</strong></span> <span class='ocrx_word' id='word_1_190' title='bbox 741 2828 1364 2906; x_wconf 82' lang='lat' dir='ltr'><strong>redigimus;quoniam</strong></span> <span class='ocrx_word' id='word_1_191' title='bbox 1400 2839 1546 2898; x_wconf 88' lang='lat' dir='ltr'><strong>Deus</strong></span> <span class='ocrx_word' id='word_1_192' title='bbox 1577 2847 1954 2904; x_wconf 84' lang='lat' dir='ltr'><strong>concinentem</strong></span> 
     </span>
    </p>
   </div>
   <div class='ocr_carea' id='block_1_32' title="bbox 385 2911 1958 3012">
    <p class='ocr_par' dir='ltr' id='par_1_32' title="bbox 385 2911 1958 3012">
     <span class='ocr_line' id='line_1_32' title="bbox 385 2911 1958 3012; baseline 0.024 -51"><span class='ocrx_word' id='word_1_193' title='bbox 385 2911 605 2974; x_wconf 85' lang='lat' dir='ltr'><strong>quidem</strong></span> <span class='ocrx_word' id='word_1_194' title='bbox 640 2917 709 2972; x_wconf 86' lang='lat' dir='ltr'><strong>iis</strong></span> <span class='ocrx_word' id='word_1_195' title='bbox 751 2927 1038 2996; x_wconf 69' lang='lat' dir='ltr'><strong>praeceptis</strong></span> <span class='ocrx_word' id='word_1_196' title='bbox 1069 2931 1247 2985; x_wconf 90' lang='lat' dir='ltr'><strong>virum</strong></span> <span class='ocrx_word' id='word_1_197' title='bbox 1295 2932 1404 2989; x_wconf 89' lang='lat' dir='ltr'><strong>cito</strong></span> <span class='ocrx_word' id='word_1_198' title='bbox 1432 2945 1484 2989; x_wconf 89' lang='lat' dir='ltr'><strong>et</strong></span> <span class='ocrx_word' id='word_1_199' title='bbox 1513 2937 1667 2992; x_wconf 86' lang='lat' dir='ltr'><strong>audit</strong></span> <span class='ocrx_word' id='word_1_200' title='bbox 1697 2950 1752 2994; x_wconf 91' lang='lat' dir='ltr'><strong>et</strong></span> <span class='ocrx_word' id='word_1_201' title='bbox 1812 2943 1958 3012; x_wconf 87' lang='lat' dir='ltr'><strong>aspi-</strong></span> 
     </span>
    </p>
   </div>
   <div class='ocr_carea' id='block_1_33' title="bbox 383 3003 1951 3099">
    <p class='ocr_par' dir='ltr' id='par_1_33' title="bbox 383 3003 1951 3099">
     <span class='ocr_line' id='line_1_33' title="bbox 383 3003 1951 3099; baseline 0.021 -44"><span class='ocrx_word' id='word_1_202' title='bbox 383 3003 460 3057; x_wconf 88' lang='lat' dir='ltr'><strong>cit</strong></span> <span class='ocrx_word' id='word_1_203' title='bbox 487 3014 542 3060; x_wconf 90' lang='lat' dir='ltr'><strong>et</strong></span> <span class='ocrx_word' id='word_1_204' title='bbox 571 3019 776 3078; x_wconf 89' lang='lat' dir='ltr'><strong>servat,</strong></span> <span class='ocrx_word' id='word_1_205' title='bbox 805 3028 961 3072; x_wconf 88' lang='lat' dir='ltr'><strong>secus</strong></span> <span class='ocrx_word' id='word_1_206' title='bbox 990 3027 1172 3076; x_wconf 89' lang='lat' dir='ltr'><strong>autem</strong></span> <span class='ocrx_word' id='word_1_207' title='bbox 1197 3036 1255 3077; x_wconf 89' lang='lat' dir='ltr'><strong>se</strong></span> <span class='ocrx_word' id='word_1_208' title='bbox 1277 3023 1592 3092; x_wconf 87' lang='lat' dir='ltr'><strong>habentem,</strong></span> <span class='ocrx_word' id='word_1_209' title='bbox 1627 3039 1686 3082; x_wconf 91' lang='lat' dir='ltr'><strong>ut</strong></span> <span class='ocrx_word' id='word_1_210' title='bbox 1717 3031 1951 3099; x_wconf 90' lang='lat' dir='ltr'><strong>primum</strong></span> 
     </span>
    </p>
   </div>
   <div class='ocr_carea' id='block_1_34' title="bbox 2087 542 3659 624">
    <p class='ocr_par' dir='ltr' id='par_1_34' title="bbox 2087 542 3659 624">
     <span class='ocr_line' id='line_1_34' title="bbox 2087 542 3659 624; baseline 0.01 -28"><span class='ocrx_word' id='word_1_211' title='bbox 2087 543 2185 613; x_wconf 83' lang='grc' dir='ltr'>τὴς</span> <span class='ocrx_word' id='word_1_212' title='bbox 2225 542 2590 614; x_wconf 80' lang='grc' dir='ltr'>άπενύσταξε,</span> <span class='ocrx_word' id='word_1_213' title='bbox 2624 549 2735 602; x_wconf 87' lang='grc' dir='ltr'><strong>τῶν</strong></span> <span class='ocrx_word' id='word_1_214' title='bbox 2770 550 2867 603; x_wconf 82' lang='grc' dir='ltr'>τοῦ</span> <span class='ocrx_word' id='word_1_215' title='bbox 2907 550 3121 621; x_wconf 81' lang='grc' dir='ltr'><strong>δρυμοῦ</strong></span> <span class='ocrx_word' id='word_1_216' title='bbox 3167 555 3376 624; x_wconf 84' lang='grc' dir='ltr'>θηρίων</span> <span class='ocrx_word' id='word_1_217' title='bbox 3412 557 3659 624; x_wconf 78' lang='grc' dir='ltr'>ἐπιφυένο</span> 
     </span>
    </p>
   </div>
   <div class='ocr_carea' id='block_1_35' title="bbox 2083 637 3659 721">
    <p class='ocr_par' dir='ltr' id='par_1_35' title="bbox 2083 637 3659 721">
     <span class='ocr_line' id='line_1_35' title="bbox 2083 637 3659 721; baseline 0.009 -33"><span class='ocrx_word' id='word_1_218' title='bbox 2083 652 2192 689; x_wconf 90' lang='grc' dir='ltr'><strong>των</strong></span> <span class='ocrx_word' id='word_1_219' title='bbox 2224 637 2321 690; x_wconf 76' lang='grc' dir='ltr'>καὶ</span> <span class='ocrx_word' id='word_1_220' title='bbox 2353 643 2845 714; x_wconf 79' lang='grc' dir='ltr'>κατενηνεγμένων</span> <span class='ocrx_word' id='word_1_221' title='bbox 2876 645 2956 707; x_wconf 77' lang='grc' dir='ltr'><strong>εἰς</strong></span> <span class='ocrx_word' id='word_1_222' title='bbox 2981 645 3237 715; x_wconf 87' lang='grc' dir='ltr'>σάρω-μα,</span> <span class='ocrx_word' id='word_1_223' title='bbox 3263 647 3355 699; x_wconf 84' lang='grc' dir='ltr'>τὸν</span> <span class='ocrx_word' id='word_1_224' title='bbox 3378 648 3659 721; x_wconf 70' lang='grc' dir='ltr'><strong>ὀφειλέτην</strong></span> 
     </span>
    </p>
   </div>
   <div class='ocr_carea' id='block_1_36' title="bbox 2084 728 3659 810">
    <p class='ocr_par' dir='ltr' id='par_1_36' title="bbox 2084 728 3659 810">
     <span class='ocr_line' id='line_1_36' title="bbox 2084 728 3659 810; baseline 0.008 -29"><span class='ocrx_word' id='word_1_225' title='bbox 2084 728 2335 799; x_wconf 82' lang='grc' dir='ltr'><strong>φυλακῆς</strong></span> <span class='ocrx_word' id='word_1_226' title='bbox 2389 733 2454 802; x_wconf 80' lang='grc' dir='ltr'>τῇ</span> <span class='ocrx_word' id='word_1_227' title='bbox 2516 733 2768 806; x_wconf 84' lang='grc' dir='ltr'><strong>ἀμπέλῳ,</strong></span> <span class='ocrx_word' id='word_1_228' title='bbox 2824 736 2947 789; x_wconf 86' lang='grc' dir='ltr'>τότε</span> <span class='ocrx_word' id='word_1_229' title='bbox 2999 735 3064 807; x_wconf 81' lang='grc' dir='ltr'>δὴ</span> <span class='ocrx_word' id='word_1_230' title='bbox 3109 739 3138 790; x_wconf 99' lang='lat'><strong>6</strong></span> <span class='ocrx_word' id='word_1_231' title='bbox 3185 738 3518 810; x_wconf 82' lang='grc' dir='ltr'>ἐγρηγορὼς</span> <span class='ocrx_word' id='word_1_232' title='bbox 3579 741 3659 793; x_wconf 69' lang='grc' dir='ltr'><strong>ἀεὶ</strong></span> 
     </span>
    </p>
   </div>
   <div class='ocr_carea' id='block_1_37' title="bbox 2080 816 3657 896">
    <p class='ocr_par' dir='ltr' id='par_1_37' title="bbox 2080 816 3657 896">
     <span class='ocr_line' id='line_1_37' title="bbox 2080 816 3657 896; baseline 0.006 -24"><span class='ocrx_word' id='word_1_233' title='bbox 2080 816 2399 892; x_wconf 84' lang='grc' dir='ltr'>Νικηφόρος</span> <span class='ocrx_word' id='word_1_234' title='bbox 2436 823 2771 894; x_wconf 79' lang='grc' dir='ltr'><strong>προδραμὼν</strong></span> <span class='ocrx_word' id='word_1_235' title='bbox 2828 824 3138 896; x_wconf 81' lang='grc' dir='ltr'><strong>ἐτρύγησεν</strong></span> <span class='ocrx_word' id='word_1_236' title='bbox 3185 827 3419 892; x_wconf 81' lang='grc' dir='ltr'>ἐκεῖνον,</span> <span class='ocrx_word' id='word_1_237' title='bbox 3457 827 3537 892; x_wconf 87' lang='grc' dir='ltr'><strong>ὡς</strong></span> <span class='ocrx_word' id='word_1_238' title='bbox 3565 829 3657 882; x_wconf 76' lang='grc' dir='ltr'>οὐκ</span> 
     </span>
    </p>
   </div>
   <div class='ocr_carea' id='block_1_38' title="bbox 2083 910 3656 990">
    <p class='ocr_par' dir='ltr' id='par_1_38' title="bbox 2083 910 3656 990">
     <span class='ocr_line' id='line_1_38' title="bbox 2083 910 3656 990; baseline 0.006 -27"><span class='ocrx_word' id='word_1_239' title='bbox 2083 910 2278 982; x_wconf 72' lang='grc' dir='ltr'>ἤθελεν</span> <span class='ocrx_word' id='word_1_240' title='bbox 2324 913 2352 965; x_wconf 89' lang='lat'><strong>6</strong></span> <span class='ocrx_word' id='word_1_241' title='bbox 2386 915 2685 982; x_wconf 74' lang='grc' dir='ltr'>φυτευτὴς,</span> <span class='ocrx_word' id='word_1_242' title='bbox 2721 917 2815 970; x_wconf 79' lang='grc' dir='ltr'>καὶ</span> <span class='ocrx_word' id='word_1_243' title='bbox 2849 917 3255 989; x_wconf 75' lang='grc' dir='ltr'>ληνοϐατήσας,</span> <span class='ocrx_word' id='word_1_244' title='bbox 3297 919 3370 982; x_wconf 82' lang='grc' dir='ltr'><strong>ὡς</strong></span> <span class='ocrx_word' id='word_1_245' title='bbox 3429 919 3656 990; x_wconf 78' lang='grc' dir='ltr'>ἔπρεπε,</span> 
     </span>
    </p>
   </div>
   <div class='ocr_carea' id='block_1_39' title="bbox 2081 1003 3655 1081">
    <p class='ocr_par' dir='ltr' id='par_1_39' title="bbox 2081 1003 3655 1081">
     <span class='ocr_line' id='line_1_39' title="bbox 2081 1003 3655 1081; baseline 0.006 -24"><span class='ocrx_word' id='word_1_246' title='bbox 2081 1003 2175 1057; x_wconf 78' lang='grc' dir='ltr'>καὶ</span> <span class='ocrx_word' id='word_1_247' title='bbox 2226 1005 2290 1058; x_wconf 84' lang='grc' dir='ltr'>τὸ</span> <span class='ocrx_word' id='word_1_248' title='bbox 2335 1007 2606 1078; x_wconf 78' lang='grc' dir='ltr'>σωτήριον</span> <span class='ocrx_word' id='word_1_249' title='bbox 2653 1010 2944 1077; x_wconf 80' lang='grc' dir='ltr'>ἐκπιέσας,</span> <span class='ocrx_word' id='word_1_250' title='bbox 2978 1010 3074 1064; x_wconf 77' lang='grc' dir='ltr'>καὶ</span> <span class='ocrx_word' id='word_1_251' title='bbox 3105 1011 3259 1081; x_wconf 87' lang='grc' dir='ltr'><strong>πόμα</strong></span> <span class='ocrx_word' id='word_1_252' title='bbox 3306 1012 3452 1066; x_wconf 86' lang='grc' dir='ltr'>πιὼν</span> <span class='ocrx_word' id='word_1_253' title='bbox 3497 1013 3655 1066; x_wconf 70' lang='grc' dir='ltr'>καλὸν</span> 
     </span>
    </p>
   </div>
   <div class='ocr_carea' id='block_1_40' title="bbox 2080 1098 3656 1180">
    <p class='ocr_par' dir='ltr' id='par_1_40' title="bbox 2080 1098 3656 1180">
     <span class='ocr_line' id='line_1_40' title="bbox 2080 1098 3656 1180; baseline 0.007 -27"><span class='ocrx_word' id='word_1_254' title='bbox 2080 1098 2475 1169; x_wconf 78' lang='grc' dir='ltr'>εὐαγγελικῶς,</span> <span class='ocrx_word' id='word_1_255' title='bbox 2509 1104 2568 1157; x_wconf 81' lang='grc' dir='ltr'><strong>ἐν</strong></span> <span class='ocrx_word' id='word_1_256' title='bbox 2593 1107 2658 1176; x_wconf 79' lang='grc' dir='ltr'><strong>τῇ</strong></span> <span class='ocrx_word' id='word_1_257' title='bbox 2705 1105 2960 1179; x_wconf 83' lang='grc' dir='ltr'><strong>βασιλείᾳ</strong></span> <span class='ocrx_word' id='word_1_258' title='bbox 2992 1108 3103 1162; x_wconf 88' lang='grc' dir='ltr'>τῶν</span> <span class='ocrx_word' id='word_1_259' title='bbox 3133 1109 3386 1180; x_wconf 85' lang='grc' dir='ltr'><strong>οὐρανῶν</strong></span> <span class='ocrx_word' id='word_1_260' title='bbox 3416 1112 3656 1164; x_wconf 81' lang='grc' dir='ltr'>ἀνεπαύ-</span> 
     </span>
    </p>
   </div>
   <div class='ocr_carea' id='block_1_41' title="bbox 2081 1196 3649 1275">
    <p class='ocr_par' dir='ltr' id='par_1_41' title="bbox 2081 1196 3649 1275">
     <span class='ocr_line' id='line_1_41' title="bbox 2081 1196 3649 1275; baseline 0.008 -31"><span class='ocrx_word' id='word_1_261' title='bbox 2081 1208 2229 1248; x_wconf 87' lang='grc' dir='ltr'>σατο.</span> <span class='ocrx_word' id='word_1_262' title='bbox 2266 1196 2375 1249; x_wconf 81' lang='grc' dir='ltr'><strong>Καὶ</strong></span> <span class='ocrx_word' id='word_1_263' title='bbox 2405 1197 2584 1261; x_wconf 76' lang='grc' dir='ltr'>ἄλλως</span> <span class='ocrx_word' id='word_1_264' title='bbox 2605 1200 2664 1254; x_wconf 80' lang='grc' dir='ltr'>δὲ</span> <span class='ocrx_word' id='word_1_265' title='bbox 2691 1202 3038 1271; x_wconf 80' lang='grc' dir='ltr'>παραϐαλεῖν</span> <span class='ocrx_word' id='word_1_266' title='bbox 3065 1203 3136 1256; x_wconf 75' lang='grc' dir='ltr'><strong>τά</strong></span> <span class='ocrx_word' id='word_1_267' title='bbox 3159 1203 3257 1257; x_wconf 78' lang='grc' dir='ltr'><strong>τοῦ</strong></span> <span class='ocrx_word' id='word_1_268' title='bbox 3289 1204 3649 1275; x_wconf 75' lang='grc' dir='ltr'>πράγματοςο</span> 
     </span>
    </p>
   </div>
   <div class='ocr_carea' id='block_1_42' title="bbox 2077 1283 3654 1368">
    <p class='ocr_par' dir='ltr' id='par_1_42' title="bbox 2077 1283 3654 1368">
     <span class='ocr_line' id='line_1_42' title="bbox 2077 1283 3654 1368; baseline 0.008 -32"><span class='ocrx_word' id='word_1_269' title='bbox 2077 1283 2273 1340; x_wconf 77' lang='grc' dir='ltr'>ἔϐαλεν</span> <span class='ocrx_word' id='word_1_270' title='bbox 2305 1290 2334 1341; x_wconf 89' lang='lat'><strong>6</strong></span> <span class='ocrx_word' id='word_1_271' title='bbox 2381 1291 2756 1362; x_wconf 84' lang='grc' dir='ltr'>σαπρώνυμος</span> <span class='ocrx_word' id='word_1_272' title='bbox 2803 1297 2965 1366; x_wconf 78' lang='grc' dir='ltr'>χεῖρα</span> <span class='ocrx_word' id='word_1_273' title='bbox 2995 1297 3088 1349; x_wconf 75' lang='grc' dir='ltr'>ἐπὶ</span> <span class='ocrx_word' id='word_1_274' title='bbox 3129 1297 3386 1366; x_wconf 81' lang='grc' dir='ltr'>ἄροτρον,</span> <span class='ocrx_word' id='word_1_275' title='bbox 3418 1299 3513 1351; x_wconf 76' lang='grc' dir='ltr'>καὶ</span> <span class='ocrx_word' id='word_1_276' title='bbox 3547 1301 3654 1368; x_wconf 80' lang='grc' dir='ltr'>εἰρ-</span> 
     </span>
    </p>
   </div>
   <div class='ocr_carea' id='block_1_43' title="bbox 2076 1377 3646 1457">
    <p class='ocr_par' dir='ltr' id='par_1_43' title="bbox 2076 1377 3646 1457">
     <span class='ocr_line' id='line_1_43' title="bbox 2076 1377 3646 1457; baseline 0.006 -27"><span class='ocrx_word' id='word_1_277' title='bbox 2076 1377 2278 1445; x_wconf 77' lang='grc' dir='ltr'>γάζετο</span> <span class='ocrx_word' id='word_1_278' title='bbox 2304 1377 2363 1434; x_wconf 81' lang='grc' dir='ltr'>εὖ</span> <span class='ocrx_word' id='word_1_279' title='bbox 2385 1383 2532 1451; x_wconf 85' lang='grc' dir='ltr'>μάλα</span> <span class='ocrx_word' id='word_1_280' title='bbox 2555 1389 2698 1440; x_wconf 78' lang='grc' dir='ltr'>κατὰ</span> <span class='ocrx_word' id='word_1_281' title='bbox 2721 1386 2945 1457; x_wconf 85' lang='grc' dir='ltr'><strong>ἀγάπην</strong></span> <span class='ocrx_word' id='word_1_282' title='bbox 2972 1387 3129 1453; x_wconf 85' lang='grc' dir='ltr'><strong>Θεοῦ,</strong></span> <span class='ocrx_word' id='word_1_283' title='bbox 3155 1389 3232 1452; x_wconf 86' lang='grc' dir='ltr'><strong>ὡς</strong></span> <span class='ocrx_word' id='word_1_284' title='bbox 3255 1390 3646 1457; x_wconf 80' lang='grc' dir='ltr'>προύφαίνετο·</span> 
     </span>
    </p>
   </div>
   <div class='ocr_carea' id='block_1_44' title="bbox 2075 1468 3646 1549">
    <p class='ocr_par' dir='ltr' id='par_1_44' title="bbox 2075 1468 3646 1549">
     <span class='ocr_line' id='line_1_44' title="bbox 2075 1468 3646 1549; baseline 0.008 -29"><span class='ocrx_word' id='word_1_285' title='bbox 2075 1468 2212 1524; x_wconf 82' lang='grc' dir='ltr'>ἀλλὰ</span> <span class='ocrx_word' id='word_1_286' title='bbox 2244 1476 2512 1543; x_wconf 74' lang='grc' dir='ltr'>στραφεὶς</span> <span class='ocrx_word' id='word_1_287' title='bbox 2541 1476 2620 1539; x_wconf 89' lang='grc' dir='ltr'><strong>είς</strong></span> <span class='ocrx_word' id='word_1_288' title='bbox 2651 1476 2711 1530; x_wconf 84' lang='grc' dir='ltr'>τὸ</span> <span class='ocrx_word' id='word_1_289' title='bbox 2746 1477 3007 1547; x_wconf 79' lang='grc' dir='ltr'>ἔμπαλιν,</span> <span class='ocrx_word' id='word_1_290' title='bbox 3064 1481 3126 1532; x_wconf 87' lang='grc' dir='ltr'><strong>ού</strong></span> <span class='ocrx_word' id='word_1_291' title='bbox 3159 1481 3384 1549; x_wconf 86' lang='grc' dir='ltr'>γέγονεν</span> <span class='ocrx_word' id='word_1_292' title='bbox 3435 1481 3646 1541; x_wconf 82' lang='grc' dir='ltr'>ἐνθετος</span> 
     </span>
    </p>
   </div>
   <div class='ocr_carea' id='block_1_45' title="bbox 2076 1560 3649 1643">
    <p class='ocr_par' dir='ltr' id='par_1_45' title="bbox 2076 1560 3649 1643">
     <span class='ocr_line' id='line_1_45' title="bbox 2076 1560 3649 1643; baseline 0.009 -31"><span class='ocrx_word' id='word_1_293' title='bbox 2076 1560 2156 1624; x_wconf 84' lang='grc' dir='ltr'><strong>είς</strong></span> <span class='ocrx_word' id='word_1_294' title='bbox 2186 1562 2286 1633; x_wconf 84' lang='grc' dir='ltr'>τὴν</span> <span class='ocrx_word' id='word_1_295' title='bbox 2317 1563 2602 1634; x_wconf 85' lang='grc' dir='ltr'>βασιλείαν</span> <span class='ocrx_word' id='word_1_296' title='bbox 2632 1568 2744 1622; x_wconf 87' lang='grc' dir='ltr'><strong>τῶν</strong></span> <span class='ocrx_word' id='word_1_297' title='bbox 2777 1570 3049 1640; x_wconf 78' lang='grc' dir='ltr'>οὐρανῶν.</span> <span class='ocrx_word' id='word_1_298' title='bbox 3087 1572 3454 1643; x_wconf 84' lang='grc' dir='ltr'>Ὠμολὸγησεν</span> <span class='ocrx_word' id='word_1_299' title='bbox 3485 1573 3545 1624; x_wconf 85' lang='grc' dir='ltr'><strong>ἐν</strong></span> <span class='ocrx_word' id='word_1_300' title='bbox 3577 1574 3649 1640; x_wconf 83' lang='grc' dir='ltr'>τῷ</span> 
     </span>
    </p>
   </div>
   <div class='ocr_carea' id='block_1_46' title="bbox 2075 1655 3647 1735">
    <p class='ocr_par' dir='ltr' id='par_1_46' title="bbox 2075 1655 3647 1735">
     <span class='ocr_line' id='line_1_46' title="bbox 2075 1655 3647 1735; baseline 0.006 -29"><span class='ocrx_word' id='word_1_301' title='bbox 2075 1655 2265 1725; x_wconf 82' lang='grc' dir='ltr'>Κυρίῳ</span> <span class='ocrx_word' id='word_1_302' title='bbox 2297 1658 2398 1728; x_wconf 79' lang='grc' dir='ltr'>τὴν</span> <span class='ocrx_word' id='word_1_303' title='bbox 2441 1659 2618 1730; x_wconf 80' lang='grc' dir='ltr'><strong>ἀρχὴν</strong></span> <span class='ocrx_word' id='word_1_304' title='bbox 2657 1659 2974 1732; x_wconf 74' lang='grc' dir='ltr'>ἔμπροσθεν</span> <span class='ocrx_word' id='word_1_305' title='bbox 3022 1663 3134 1717; x_wconf 83' lang='grc' dir='ltr'>τῶν</span> <span class='ocrx_word' id='word_1_306' title='bbox 3186 1664 3518 1735; x_wconf 80' lang='grc' dir='ltr'>ἀνθρώπων,</span> <span class='ocrx_word' id='word_1_307' title='bbox 3565 1666 3647 1717; x_wconf 80' lang='grc' dir='ltr'>ὅτε</span> 
     </span>
    </p>
   </div>
   <div class='ocr_carea' id='block_1_47' title="bbox 2074 1745 3643 1825">
    <p class='ocr_par' dir='ltr' id='par_1_47' title="bbox 2074 1745 3643 1825">
     <span class='ocr_line' id='line_1_47' title="bbox 2074 1745 3643 1825; baseline 0.006 -28"><span class='ocrx_word' id='word_1_308' title='bbox 2074 1746 2170 1798; x_wconf 79' lang='grc' dir='ltr'>καὶ</span> <span class='ocrx_word' id='word_1_309' title='bbox 2212 1747 2349 1816; x_wconf 75' lang='grc' dir='ltr'>πρὸς</span> <span class='ocrx_word' id='word_1_310' title='bbox 2392 1749 2562 1803; x_wconf 81' lang='grc' dir='ltr'>αὐτοῦ</span> <span class='ocrx_word' id='word_1_311' title='bbox 2598 1745 2668 1821; x_wconf 79' lang='grc' dir='ltr'>ἦν</span> <span class='ocrx_word' id='word_1_312' title='bbox 2702 1752 3019 1820; x_wconf 75' lang='grc' dir='ltr'><strong>ἀναγκαίως</strong></span> <span class='ocrx_word' id='word_1_313' title='bbox 3070 1755 3102 1824; x_wconf 88' lang='grc' dir='ltr'>ή</span> <span class='ocrx_word' id='word_1_314' title='bbox 3157 1753 3346 1808; x_wconf 80' lang='grc' dir='ltr'>θεόθεν</span> <span class='ocrx_word' id='word_1_315' title='bbox 3401 1755 3643 1825; x_wconf 70' lang='grc' dir='ltr'>βοήθεια,</span> 
     </span>
    </p>
   </div>
   <div class='ocr_carea' id='block_1_48' title="bbox 2071 1836 3643 1915">
    <p class='ocr_par' dir='ltr' id='par_1_48' title="bbox 2071 1836 3643 1915">
     <span class='ocr_line' id='line_1_48' title="bbox 2071 1836 3643 1915; baseline 0.006 -27"><span class='ocrx_word' id='word_1_316' title='bbox 2071 1836 2146 1899; x_wconf 86' lang='grc' dir='ltr'>ὼς</span> <span class='ocrx_word' id='word_1_317' title='bbox 2171 1837 2318 1907; x_wconf 77' lang='grc' dir='ltr'>ἔχειν</span> <span class='ocrx_word' id='word_1_318' title='bbox 2356 1841 2544 1911; x_wconf 84' lang='grc' dir='ltr'>φέρειν</span> <span class='ocrx_word' id='word_1_319' title='bbox 2576 1845 2840 1910; x_wconf 79' lang='grc' dir='ltr'><strong>γενναίως</strong></span> <span class='ocrx_word' id='word_1_320' title='bbox 2879 1846 2938 1898; x_wconf 82' lang='grc' dir='ltr'><strong>ἐν</strong></span> <span class='ocrx_word' id='word_1_321' title='bbox 2965 1844 3043 1915; x_wconf 86' lang='grc' dir='ltr'>τῷ</span> <span class='ocrx_word' id='word_1_322' title='bbox 3068 1843 3461 1915; x_wconf 77' lang='grc' dir='ltr'><strong>βασανίζεσθαι</strong></span> <span class='ocrx_word' id='word_1_323' title='bbox 3481 1863 3496 1877; x_wconf 89' lang='grc'><strong>·</strong></span> <span class='ocrx_word' id='word_1_324' title='bbox 3537 1846 3643 1899; x_wconf 82' lang='grc' dir='ltr'>ἀλλ’</span> 
     </span>
    </p>
   </div>
   <div class='ocr_carea' id='block_1_49' title="bbox 2073 1930 3643 2014">
    <p class='ocr_par' dir='ltr' id='par_1_49' title="bbox 2073 1930 3643 2014">
     <span class='ocr_line' id='line_1_49' title="bbox 2073 1930 3643 2014; baseline 0.007 -31"><span class='ocrx_word' id='word_1_325' title='bbox 2073 1930 2302 2002; x_wconf 77' lang='grc' dir='ltr'>ὕστερον</span> <span class='ocrx_word' id='word_1_326' title='bbox 2346 1935 2438 1988; x_wconf 82' lang='grc' dir='ltr'>τὸν</span> <span class='ocrx_word' id='word_1_327' title='bbox 2475 1937 2642 1990; x_wconf 83' lang='grc' dir='ltr'>αὐτὸν</span> <span class='ocrx_word' id='word_1_328' title='bbox 2692 1939 2901 2010; x_wconf 78' lang='grc' dir='ltr'><strong>Κύριον</strong></span> <span class='ocrx_word' id='word_1_329' title='bbox 2956 1940 3315 2014; x_wconf 83' lang='grc' dir='ltr'>άπηρνήσατο</span> <span class='ocrx_word' id='word_1_330' title='bbox 3346 1939 3643 2012; x_wconf 78' lang='grc' dir='ltr'>ἀνθρώπων</span> 
     </span>
    </p>
   </div>
   <div class='ocr_carea' id='block_1_50' title="bbox 2071 2020 3642 2106">
    <p class='ocr_par' dir='ltr' id='par_1_50' title="bbox 2071 2020 3642 2106">
     <span class='ocr_line' id='line_1_50' title="bbox 2071 2020 3642 2106; baseline 0.01 -34"><span class='ocrx_word' id='word_1_331' title='bbox 2071 2020 2382 2091; x_wconf 80' lang='grc' dir='ltr'>ἔμπροσθεν</span> <span class='ocrx_word' id='word_1_332' title='bbox 2435 2028 2494 2078; x_wconf 85' lang='grc' dir='ltr'><strong>ἐν</strong></span> <span class='ocrx_word' id='word_1_333' title='bbox 2547 2027 2626 2097; x_wconf 86' lang='grc' dir='ltr'>τῷ</span> <span class='ocrx_word' id='word_1_334' title='bbox 2686 2029 3054 2098; x_wconf 78' lang='grc' dir='ltr'><strong>ἐξομόσασθαι</strong></span> <span class='ocrx_word' id='word_1_335' title='bbox 3100 2033 3200 2105; x_wconf 83' lang='grc' dir='ltr'>τὴν</span> <span class='ocrx_word' id='word_1_336' title='bbox 3253 2035 3454 2105; x_wconf 84' lang='grc' dir='ltr'>ἐκείνῳ</span> <span class='ocrx_word' id='word_1_337' title='bbox 3487 2037 3642 2106; x_wconf 83' lang='grc' dir='ltr'>φίλην</span> 
     </span>
    </p>
   </div>
   <div class='ocr_carea' id='block_1_51' title="bbox 2069 2114 3639 2199">
    <p class='ocr_par' dir='ltr' id='par_1_51' title="bbox 2069 2114 3639 2199">
     <span class='ocr_line' id='line_1_51' title="bbox 2069 2114 3639 2199; baseline 0.01 -34"><span class='ocrx_word' id='word_1_338' title='bbox 2069 2114 2319 2182; x_wconf 86' lang='grc' dir='ltr'>ἀγάπην.</span> <span class='ocrx_word' id='word_1_339' title='bbox 2378 2117 2471 2171; x_wconf 85' lang='grc' dir='ltr'><strong>Διὸ</strong></span> <span class='ocrx_word' id='word_1_340' title='bbox 2522 2120 2617 2172; x_wconf 77' lang='grc' dir='ltr'>καὶ</span> <span class='ocrx_word' id='word_1_341' title='bbox 2661 2121 3132 2194; x_wconf 82' lang='grc' dir='ltr'>άπαρνησάμενος</span> <span class='ocrx_word' id='word_1_342' title='bbox 3178 2126 3344 2180; x_wconf 76' lang='grc' dir='ltr'>αὐτὸν</span> <span class='ocrx_word' id='word_1_343' title='bbox 3377 2128 3406 2178; x_wconf 89' lang='lat'><strong>6</strong></span> <span class='ocrx_word' id='word_1_344' title='bbox 3446 2129 3639 2199; x_wconf 77' lang='grc' dir='ltr'>Κύριος</span> 
     </span>
    </p>
   </div>
   <div class='ocr_carea' id='block_1_52' title="bbox 2067 2206 3640 2292">
    <p class='ocr_par' dir='ltr' id='par_1_52' title="bbox 2067 2206 3640 2292">
     <span class='ocr_line' id='line_1_52' title="bbox 2067 2206 3640 2292; baseline 0.009 -33"><span class='ocrx_word' id='word_1_345' title='bbox 2067 2206 2302 2262; x_wconf 85' lang='grc' dir='ltr'>ἐνώπιον</span> <span class='ocrx_word' id='word_1_346' title='bbox 2335 2211 2442 2263; x_wconf 85' lang='grc' dir='ltr'>τῶν</span> <span class='ocrx_word' id='word_1_347' title='bbox 2468 2213 2722 2280; x_wconf 79' lang='grc' dir='ltr'>ἀγγέλων</span> <span class='ocrx_word' id='word_1_348' title='bbox 2752 2215 2944 2281; x_wconf 85' lang='grc' dir='ltr'>αὐτοῦ,</span> <span class='ocrx_word' id='word_1_349' title='bbox 2975 2218 3322 2290; x_wconf 78' lang='grc' dir='ltr'>ἐνεγράψατο</span> <span class='ocrx_word' id='word_1_350' title='bbox 3354 2220 3448 2275; x_wconf 74' lang='grc' dir='ltr'><strong>τὸν</strong></span> <span class='ocrx_word' id='word_1_351' title='bbox 3475 2239 3640 2292; x_wconf 78' lang='grc' dir='ltr'>φερω-</span> 
     </span>
    </p>
   </div>
   <div class='ocr_carea' id='block_1_53' title="bbox 2066 2301 3636 2387">
    <p class='ocr_par' dir='ltr' id='par_1_53' title="bbox 2066 2301 3636 2387">
     <span class='ocr_line' id='line_1_53' title="bbox 2066 2301 3636 2387; baseline 0.009 -32"><span class='ocrx_word' id='word_1_352' title='bbox 2066 2301 2254 2370; x_wconf 86' lang='grc' dir='ltr'>νύμως</span> <span class='ocrx_word' id='word_1_353' title='bbox 2306 2302 2618 2375; x_wconf 73' lang='grc' dir='ltr'>Νικηφόρον</span> <span class='ocrx_word' id='word_1_354' title='bbox 2650 2305 2728 2376; x_wconf 80' lang='grc' dir='ltr'><strong>τῷ</strong></span> <span class='ocrx_word' id='word_1_355' title='bbox 2766 2308 3049 2381; x_wconf 82' lang='grc' dir='ltr'>ἀγγελικῷ</span> <span class='ocrx_word' id='word_1_356' title='bbox 3103 2315 3386 2383; x_wconf 71' lang='grc' dir='ltr'>τάγματι*</span> <span class='ocrx_word' id='word_1_357' title='bbox 3428 2318 3523 2368; x_wconf 80' lang='grc' dir='ltr'>καὶ</span> <span class='ocrx_word' id='word_1_358' title='bbox 3578 2318 3636 2387; x_wconf 82' lang='grc' dir='ltr'><strong>ἦν</strong></span> 
     </span>
    </p>
   </div>
   <div class='ocr_carea' id='block_1_54' title="bbox 2065 2389 3636 2479">
    <p class='ocr_par' dir='ltr' id='par_1_54' title="bbox 2065 2389 3636 2479">
     <span class='ocr_line' id='line_1_54' title="bbox 2065 2389 3636 2479; baseline 0.013 -37"><span class='ocrx_word' id='word_1_359' title='bbox 2065 2389 2252 2461; x_wconf 84' lang='grc' dir='ltr'>λαχεῖν</span> <span class='ocrx_word' id='word_1_360' title='bbox 2280 2393 2507 2462; x_wconf 79' lang='grc' dir='ltr'>ἔμελλεν</span> <span class='ocrx_word' id='word_1_361' title='bbox 2535 2400 2850 2472; x_wconf 80' lang='grc' dir='ltr'>ἐπισκοπὴν</span> <span class='ocrx_word' id='word_1_362' title='bbox 2892 2404 2920 2455; x_wconf 85' lang='grc' dir='ltr'>ὁ</span> <span class='ocrx_word' id='word_1_363' title='bbox 2951 2403 3048 2459; x_wconf 79' lang='grc' dir='ltr'>καὶ</span> <span class='ocrx_word' id='word_1_364' title='bbox 3089 2404 3186 2474; x_wconf 79' lang='grc' dir='ltr'>τὴν</span> <span class='ocrx_word' id='word_1_365' title='bbox 3219 2409 3405 2459; x_wconf 85' lang='grc' dir='ltr'>πίστιν</span> <span class='ocrx_word' id='word_1_366' title='bbox 3451 2409 3636 2479; x_wconf 75' lang='grc' dir='ltr'>χαῦνος</span> 
     </span>
    </p>
   </div>
   <div class='ocr_carea' id='block_1_55' title="bbox 2065 2483 3637 2568">
    <p class='ocr_par' dir='ltr' id='par_1_55' title="bbox 2065 2483 3637 2568">
     <span class='ocr_line' id='line_1_55' title="bbox 2065 2483 3637 2568; baseline 0.011 -33"><span class='ocrx_word' id='word_1_367' title='bbox 2065 2483 2163 2536; x_wconf 81' lang='grc' dir='ltr'>καὶ</span> <span class='ocrx_word' id='word_1_368' title='bbox 2197 2484 2299 2556; x_wconf 85' lang='grc' dir='ltr'><strong>τῆς</strong></span> <span class='ocrx_word' id='word_1_369' title='bbox 2326 2487 2550 2559; x_wconf 84' lang='grc' dir='ltr'><strong>ἀγάπης</strong></span> <span class='ocrx_word' id='word_1_370' title='bbox 2581 2491 2797 2561; x_wconf 72' lang='grc' dir='ltr'>ἐχθρὸς,</span> <span class='ocrx_word' id='word_1_371' title='bbox 2839 2493 3032 2548; x_wconf 79' lang='grc' dir='ltr'>ἐλαϐεν</span> <span class='ocrx_word' id='word_1_372' title='bbox 3060 2495 3272 2568; x_wconf 77' lang='grc' dir='ltr'>ἕτερος,</span> <span class='ocrx_word' id='word_1_373' title='bbox 3311 2499 3367 2564; x_wconf 84' lang='grc' dir='ltr'>ὃς</span> <span class='ocrx_word' id='word_1_374' title='bbox 3400 2505 3492 2554; x_wconf 79' lang='grc' dir='ltr'>καὶ</span> <span class='ocrx_word' id='word_1_375' title='bbox 3523 2505 3637 2553; x_wconf 65' lang='grc' dir='ltr'>ἐπι.</span> 
     </span>
    </p>
   </div>
   <div class='ocr_carea' id='block_1_56' title="bbox 2066 2577 3636 2661">
    <p class='ocr_par' dir='ltr' id='par_1_56' title="bbox 2066 2577 3636 2661">
     <span class='ocr_line' id='line_1_56' title="bbox 2066 2577 3636 2661; baseline 0.012 -32"><span class='ocrx_word' id='word_1_376' title='bbox 2066 2577 2322 2632; x_wconf 86' lang='grc' dir='ltr'>σκέποιτο</span> <span class='ocrx_word' id='word_1_377' title='bbox 2347 2581 2496 2650; x_wconf 82' lang='grc' dir='ltr'>ἡμᾶς</span> <span class='ocrx_word' id='word_1_378' title='bbox 2519 2583 2605 2650; x_wconf 84' lang='grc' dir='ltr'>ἐφ’</span> <span class='ocrx_word' id='word_1_379' title='bbox 2635 2580 2717 2648; x_wconf 78' lang='grc' dir='ltr'><strong>οἷς</strong></span> <span class='ocrx_word' id='word_1_380' title='bbox 2739 2587 2904 2639; x_wconf 80' lang='grc' dir='ltr'>αὐτὸν</span> <span class='ocrx_word' id='word_1_381' title='bbox 2928 2591 3356 2661; x_wconf 80' lang='grc' dir='ltr'>προκαλούμεθα</span> <span class='ocrx_word' id='word_1_382' title='bbox 3381 2596 3429 2645; x_wconf 79' lang='grc' dir='ltr'>οξ</span> <span class='ocrx_word' id='word_1_383' title='bbox 3461 2593 3636 2656; x_wconf 81' lang='grc' dir='ltr'>ἐλέους</span> 
     </span>
    </p>
   </div>
   <div class='ocr_carea' id='block_1_57' title="bbox 2061 2668 3632 2758">
    <p class='ocr_par' dir='ltr' id='par_1_57' title="bbox 2061 2668 3632 2758">
     <span class='ocr_line' id='line_1_57' title="bbox 2061 2668 3632 2758; baseline 0.011 -37"><span class='ocrx_word' id='word_1_384' title='bbox 2061 2668 2328 2738; x_wconf 86' lang='grc' dir='ltr'>δεόμενοι,</span> <span class='ocrx_word' id='word_1_385' title='bbox 2353 2675 2448 2727; x_wconf 80' lang='grc' dir='ltr'>καὶ</span> <span class='ocrx_word' id='word_1_386' title='bbox 2478 2675 2574 2729; x_wconf 77' lang='grc' dir='ltr'>τοῦ</span> <span class='ocrx_word' id='word_1_387' title='bbox 2598 2677 2986 2748; x_wconf 84' lang='grc' dir='ltr'>δαιμονιώδους</span> <span class='ocrx_word' id='word_1_388' title='bbox 3018 2684 3209 2753; x_wconf 81' lang='grc' dir='ltr'>μίσους</span> <span class='ocrx_word' id='word_1_389' title='bbox 3238 2688 3339 2757; x_wconf 82' lang='grc' dir='ltr'>τὴν</span> <span class='ocrx_word' id='word_1_390' title='bbox 3363 2688 3422 2739; x_wconf 81' lang='grc' dir='ltr'><strong>ἐν</strong></span> <span class='ocrx_word' id='word_1_391' title='bbox 3451 2689 3632 2758; x_wconf 67' lang='grc' dir='ltr'>Κυρίῳ</span> 
     </span>
    </p>
   </div>
   <div class='ocr_carea' id='block_1_58' title="bbox 2061 2759 3632 2850">
    <p class='ocr_par' dir='ltr' id='par_1_58' title="bbox 2061 2759 3632 2850">
     <span class='ocr_line' id='line_1_58' title="bbox 2061 2759 3632 2850; baseline 0.013 -36"><span class='ocrx_word' id='word_1_392' title='bbox 2061 2759 2348 2832; x_wconf 81' lang='grc' dir='ltr'>ἀγάπησιν</span> <span class='ocrx_word' id='word_1_393' title='bbox 2375 2765 2792 2839; x_wconf 85' lang='grc' dir='ltr'>άλλαττόμενοι,</span> <span class='ocrx_word' id='word_1_394' title='bbox 2823 2775 2920 2826; x_wconf 84' lang='grc' dir='ltr'>καὶ</span> <span class='ocrx_word' id='word_1_395' title='bbox 2965 2775 3147 2839; x_wconf 86' lang='grc' dir='ltr'>καλῶς</span> <span class='ocrx_word' id='word_1_396' title='bbox 3174 2777 3632 2850; x_wconf 74' lang='grc' dir='ltr'>διαχειριζόμενοι</span> 
     </span>
    </p>
   </div>
   <div class='ocr_carea' id='block_1_59' title="bbox 2058 2853 3631 2943">
    <p class='ocr_par' dir='ltr' id='par_1_59' title="bbox 2058 2853 3631 2943">
     <span class='ocr_line' id='line_1_59' title="bbox 2058 2853 3631 2943; baseline 0.013 -37"><span class='ocrx_word' id='word_1_397' title='bbox 2058 2853 2122 2906; x_wconf 80' lang='grc' dir='ltr'><strong>τὺ</strong></span> <span class='ocrx_word' id='word_1_398' title='bbox 2157 2856 2342 2923; x_wconf 70' lang='grc' dir='ltr'>καλὸν,</span> <span class='ocrx_word' id='word_1_399' title='bbox 2374 2861 2471 2912; x_wconf 80' lang='grc' dir='ltr'>καὶ</span> <span class='ocrx_word' id='word_1_400' title='bbox 2501 2861 2596 2914; x_wconf 82' lang='grc' dir='ltr'>τοῦ</span> <span class='ocrx_word' id='word_1_401' title='bbox 2625 2861 2893 2933; x_wconf 81' lang='grc' dir='ltr'>ὀφιώδους</span> <span class='ocrx_word' id='word_1_402' title='bbox 2927 2867 3102 2940; x_wconf 84' lang='grc' dir='ltr'>Θυμοῦ</span> <span class='ocrx_word' id='word_1_403' title='bbox 3135 2871 3195 2924; x_wconf 87' lang='grc' dir='ltr'>τὸ</span> <span class='ocrx_word' id='word_1_404' title='bbox 3225 2873 3471 2943; x_wconf 78' lang='grc' dir='ltr'>ἄκρατον</span> <span class='ocrx_word' id='word_1_405' title='bbox 3504 2878 3631 2928; x_wconf 82' lang='grc' dir='ltr'>ἀπο-</span> 
     </span>
    </p>
   </div>
   <div class='ocr_carea' id='block_1_60' title="bbox 2058 2949 3629 3040">
    <p class='ocr_par' dir='ltr' id='par_1_60' title="bbox 2058 2949 3629 3040">
     <span class='ocr_line' id='line_1_60' title="bbox 2058 2949 3629 3040; baseline 0.017 -42"><span class='ocrx_word' id='word_1_406' title='bbox 2058 2949 2486 3021; x_wconf 84' lang='grc' dir='ltr'>τροπιαζόμενοι</span> <span class='ocrx_word' id='word_1_407' title='bbox 2517 2955 2654 3026; x_wconf 81' lang='grc' dir='ltr'>πρὸς</span> <span class='ocrx_word' id='word_1_408' title='bbox 2687 2958 2958 3029; x_wconf 78' lang='grc' dir='ltr'>ὀρθότητα</span> <span class='ocrx_word' id='word_1_409' title='bbox 2978 2978 2995 2995; x_wconf 81' lang='grc'><strong><em>⁸</em></strong></span> <span class='ocrx_word' id='word_1_410' title='bbox 3025 2963 3102 3028; x_wconf 87' lang='grc' dir='ltr'><strong>ὡς</strong></span> <span class='ocrx_word' id='word_1_411' title='bbox 3129 2967 3157 3018; x_wconf 88' lang='lat'><strong>6</strong></span> <span class='ocrx_word' id='word_1_412' title='bbox 3193 2965 3329 3030; x_wconf 72' lang='grc' dir='ltr'>Θεὸς</span> <span class='ocrx_word' id='word_1_413' title='bbox 3362 2970 3465 3036; x_wconf 85' lang='grc' dir='ltr'><strong>μὲν</strong></span> <span class='ocrx_word' id='word_1_414' title='bbox 3501 2973 3629 3040; x_wconf 78' lang='grc' dir='ltr'>ταχὺ</span> 
     </span>
    </p>
   </div>
   <div class='ocr_carea' id='block_1_61' title="bbox 2059 3039 3630 3123">
    <p class='ocr_par' dir='ltr' id='par_1_61' title="bbox 2059 3039 3630 3123">
     <span class='ocr_line' id='line_1_61' title="bbox 2059 3039 3630 3123; baseline 0.017 -34"><span class='ocrx_word' id='word_1_415' title='bbox 2059 3039 2321 3096; x_wconf 77' lang='grc' dir='ltr'>ἐπακούει</span> <span class='ocrx_word' id='word_1_416' title='bbox 2344 3046 2486 3099; x_wconf 78' lang='grc' dir='ltr'>κατὰ</span> <span class='ocrx_word' id='word_1_417' title='bbox 2514 3049 2606 3102; x_wconf 81' lang='grc' dir='ltr'>τὸν</span> <span class='ocrx_word' id='word_1_418' title='bbox 2625 3049 2768 3104; x_wconf 78' lang='grc' dir='ltr'>οὕτω</span> <span class='ocrx_word' id='word_1_419' title='bbox 2790 3052 3086 3123; x_wconf 79' lang='grc' dir='ltr'>ψάλλοντα,</span> <span class='ocrx_word' id='word_1_420' title='bbox 3120 3058 3214 3110; x_wconf 74' lang='grc' dir='ltr'>καὶ</span> <span class='ocrx_word' id='word_1_421' title='bbox 3241 3059 3630 3115; x_wconf 77' lang='grc' dir='ltr'>ἐπισκέπτεται</span> 
     </span>
    </p>
   </div>
   <div class='ocr_carea' id='block_1_62' title="bbox 384 3101 1956 3224">
    <p class='ocr_par' dir='ltr' id='par_1_62' title="bbox 384 3101 1950 3224">
     <span class='ocr_line' id='line_1_62' title="bbox 384 3101 1950 3192; baseline 0.019 -44"><span class='ocrx_word' id='word_1_422' title='bbox 384 3101 754 3163; x_wconf 67' lang='lat' dir='ltr'><strong>praetermittit</strong></span> <span class='ocrx_word' id='word_1_423' title='bbox 807 3109 1048 3175; x_wconf 90' lang='lat' dir='ltr'><strong>quandiu</strong></span> <span class='ocrx_word' id='word_1_424' title='bbox 1097 3127 1208 3168; x_wconf 91' lang='lat' dir='ltr'><strong>non</strong></span> <span class='ocrx_word' id='word_1_425' title='bbox 1247 3116 1433 3173; x_wconf 89' lang='lat' dir='ltr'><strong>acrius</strong></span> <span class='ocrx_word' id='word_1_426' title='bbox 1481 3133 1812 3187; x_wconf 83' lang='lat' dir='ltr'><strong>provocatus</strong></span> <span class='ocrx_word' id='word_1_427' title='bbox 1845 3138 1950 3192; x_wconf 72' lang='grc' dir='ltr'>ρει,</span> 
     </span>
     <span class='ocr_line' id='line_1_63' title="bbox 384 3192 1853 3224; baseline 0 0"><span class='ocrx_word' id='word_1_428' title='bbox 384 3203 461 3224; x_wconf 70' lang='lat' dir='ltr'><strong>cm</strong></span> <span class='ocrx_word' id='word_1_429' title='bbox 512 3192 676 3224; x_wconf 66' lang='lat' dir='ltr'><strong>nisi...</strong></span> <span class='ocrx_word' id='word_1_430' title='bbox 752 3212 1066 3224; x_wconf 66' lang='grc' dir='ltr'><strong>ηη--..----...</strong></span> <span class='ocrx_word' id='word_1_431' title='bbox 1154 3205 1292 3224; x_wconf 51' lang='grc' dir='ltr'><strong>Μηη</strong></span> <span class='ocrx_word' id='word_1_432' title='bbox 1352 3208 1407 3224; x_wconf 80' lang='grc' dir='ltr'><strong>μ-</strong></span> <span class='ocrx_word' id='word_1_433' title='bbox 1714 3217 1724 3224; x_wconf 90' lang='grc'><strong>.</strong></span> <span class='ocrx_word' id='word_1_434' title='bbox 1844 3218 1853 3224; x_wconf 92' lang='grc'>.</span> 
     </span>
    </p>
   </div>
   <div class='ocr_carea' id='block_1_63' title="bbox 2061 3101 3629 3224">
    <p class='ocr_par' dir='ltr' id='par_1_63' title="bbox 2061 3101 3629 3224">
     <span class='ocr_line' id='line_1_64' title="bbox 2061 3101 3629 3224; baseline 0.015 -43"><span class='ocrx_word' id='word_1_435' title='bbox 2061 3131 2154 3184; x_wconf 72' lang='grc' dir='ltr'>καὶ</span> <span class='ocrx_word' id='word_1_436' title='bbox 2177 3131 2366 3197; x_wconf 79' lang='grc' dir='ltr'>σώζει,</span> <span class='ocrx_word' id='word_1_437' title='bbox 2409 3137 2438 3188; x_wconf 88' lang='grc' dir='ltr'>ὁ</span> <span class='ocrx_word' id='word_1_438' title='bbox 2483 3101 2906 3209; x_wconf 26' lang='grc' dir='ltr'>δὲάπενανντζίας</span> <span class='ocrx_word' id='word_1_439' title='bbox 2943 3101 3244 3219; x_wconf 53' lang='grc' dir='ltr'>προέρέχει</span> <span class='ocrx_word' id='word_1_440' title='bbox 3275 3151 3399 3220; x_wconf 82' lang='grc' dir='ltr'>μὲν,</span> <span class='ocrx_word' id='word_1_441' title='bbox 3435 3159 3566 3224; x_wconf 76' lang='grc' dir='ltr'>πρὶν</span> <span class='ocrx_word' id='word_1_442' title='bbox 3600 3158 3629 3224; x_wconf 83' lang='grc' dir='ltr'><strong>ἧ</strong></span> 
     </span>
    </p>
   </div>
   <div class='ocr_carea' id='block_1_64' title="bbox 381 3188 1953 3280">
    <p class='ocr_par' dir='ltr' id='par_1_64' title="bbox 381 3188 1953 3280">
     <span class='ocr_line' id='line_1_65' title="bbox 381 3188 1953 3280; baseline 0.019 -38"><span class='ocrx_word' id='word_1_443' title='bbox 381 3188 462 3243; x_wconf 80' lang='grc' dir='ltr'>δίο</span> <span class='ocrx_word' id='word_1_444' title='bbox 512 3192 678 3250; x_wconf 89' lang='lat' dir='ltr'><strong>citius</strong></span> <span class='ocrx_word' id='word_1_445' title='bbox 751 3212 1068 3264; x_wconf 85' lang='lat' dir='ltr'><strong>percussum</strong></span> <span class='ocrx_word' id='word_1_446' title='bbox 1146 3205 1434 3276; x_wconf 89' lang='lat' dir='ltr'><strong>disperdit,</strong></span> <span class='ocrx_word' id='word_1_447' title='bbox 1492 3217 1953 3280; x_wconf 86' lang='lat' dir='ltr'><strong>quemadmodum</strong></span> 
     </span>
    </p>
   </div>
   <div class='ocr_carea' id='block_1_65' title="bbox 380 3285 1954 3378">
    <p class='ocr_par' dir='ltr' id='par_1_65' title="bbox 380 3285 1954 3378">
     <span class='ocr_line' id='line_1_66' title="bbox 380 3285 1954 3378; baseline 0.019 -43"><span class='ocrx_word' id='word_1_448' title='bbox 380 3285 691 3351; x_wconf 88' lang='lat' dir='ltr'><strong>perdiditet</strong></span> <span class='ocrx_word' id='word_1_449' title='bbox 728 3290 894 3346; x_wconf 90' lang='lat' dir='ltr'><strong>istum</strong></span> <span class='ocrx_word' id='word_1_450' title='bbox 922 3295 1229 3364; x_wconf 87' lang='lat' dir='ltr'><strong>Sapricium</strong></span> <span class='ocrx_word' id='word_1_451' title='bbox 1260 3301 1645 3359; x_wconf 86' lang='lat' dir='ltr'><strong>misericordia</strong></span> <span class='ocrx_word' id='word_1_452' title='bbox 1669 3306 1954 3378; x_wconf 82' lang='lat' dir='ltr'><strong>indignum</strong></span> 
     </span>
    </p>
   </div>
   <div class='ocr_carea' id='block_1_66' title="bbox 378 3377 1954 3471">
    <p class='ocr_par' dir='ltr' id='par_1_66' title="bbox 378 3377 1954 3471">
     <span class='ocr_line' id='line_1_67' title="bbox 378 3377 1954 3471; baseline 0.023 -51"><span class='ocrx_word' id='word_1_453' title='bbox 378 3377 692 3445; x_wconf 70' lang='lat' dir='ltr'><strong>:nternoque</strong></span> <span class='ocrx_word' id='word_1_454' title='bbox 743 3378 872 3434; x_wconf 87' lang='lat' dir='ltr'><strong>odio</strong></span> <span class='ocrx_word' id='word_1_455' title='bbox 935 3383 1280 3441; x_wconf 87' lang='lat' dir='ltr'><strong>damnatum.</strong></span> <span class='ocrx_word' id='word_1_456' title='bbox 1346 3390 1468 3457; x_wconf 84' lang='lat' dir='ltr'><strong>Quo</strong></span> <span class='ocrx_word' id='word_1_457' title='bbox 1545 3394 1697 3451; x_wconf 85' lang='lat' dir='ltr'><strong>ﬁeret</strong></span> <span class='ocrx_word' id='word_1_458' title='bbox 1755 3377 1954 3471; x_wconf 76' lang='lat' dir='ltr'><strong>utqui</strong></span> 
     </span>
    </p>
   </div>
   <div class='ocr_carea' id='block_1_67' title="bbox 378 3473 1950 3563">
    <p class='ocr_par' dir='ltr' id='par_1_67' title="bbox 378 3473 1950 3563">
     <span class='ocr_line' id='line_1_68' title="bbox 378 3473 1950 3563; baseline 0.023 -47"><span class='ocrx_word' id='word_1_459' title='bbox 378 3478 624 3521; x_wconf 89' lang='lat' dir='ltr'><strong>summus</strong></span> <span class='ocrx_word' id='word_1_460' title='bbox 669 3483 800 3525; x_wconf 88' lang='lat' dir='ltr'><strong>osor</strong></span> <span class='ocrx_word' id='word_1_461' title='bbox 837 3473 1035 3541; x_wconf 79' lang='lat' dir='ltr'><strong>fuerat,</strong></span> <span class='ocrx_word' id='word_1_462' title='bbox 1062 3480 1254 3535; x_wconf 86' lang='lat' dir='ltr'><strong>eodem</strong></span> <span class='ocrx_word' id='word_1_463' title='bbox 1307 3485 1470 3542; x_wconf 90' lang='lat' dir='ltr'><strong>modo</strong></span> <span class='ocrx_word' id='word_1_464' title='bbox 1500 3497 1648 3544; x_wconf 89' lang='lat' dir='ltr'><strong>esset</strong></span> <span class='ocrx_word' id='word_1_465' title='bbox 1693 3491 1950 3563; x_wconf 90' lang='lat' dir='ltr'><strong>invisus;</strong></span> 
     </span>
    </p>
   </div>
   <div class='ocr_carea' id='block_1_68' title="bbox 377 3557 1952 3644">
    <p class='ocr_par' dir='ltr' id='par_1_68' title="bbox 377 3557 1952 3644">
     <span class='ocr_line' id='line_1_69' title="bbox 377 3557 1952 3644; baseline 0.023 -36"><span class='ocrx_word' id='word_1_466' title='bbox 377 3557 472 3623; x_wconf 92' lang='lat' dir='ltr'><strong>qui</strong></span> <span class='ocrx_word' id='word_1_467' title='bbox 528 3561 779 3630; x_wconf 77' lang='lat' dir='ltr'><strong>neglecto</strong></span> <span class='ocrx_word' id='word_1_468' title='bbox 833 3565 1013 3623; x_wconf 76' lang='lat' dir='ltr'><strong>oﬂicio</strong></span> <span class='ocrx_word' id='word_1_469' title='bbox 1062 3570 1385 3641; x_wconf 87' lang='lat' dir='ltr'><strong>sejunxerat</strong></span> <span class='ocrx_word' id='word_1_470' title='bbox 1427 3594 1495 3633; x_wconf 82' lang='lat' dir='ltr'><strong>ex</strong></span> <span class='ocrx_word' id='word_1_471' title='bbox 1542 3595 1729 3640; x_wconf 84' lang='lat' dir='ltr'><strong>amore</strong></span> <span class='ocrx_word' id='word_1_472' title='bbox 1763 3587 1952 3644; x_wconf 77' lang='lat' dir='ltr'><strong>divino</strong></span> 
     </span>
    </p>
   </div>
   <div class='ocr_carea' id='block_1_69' title="bbox 377 3662 1950 3738">
    <p class='ocr_par' dir='ltr' id='par_1_69' title="bbox 377 3662 1950 3738">
     <span class='ocr_line' id='line_1_70' title="bbox 377 3662 1950 3738; baseline 0.025 -40"><span class='ocrx_word' id='word_1_473' title='bbox 377 3662 620 3704; x_wconf 89' lang='lat' dir='ltr'><strong>amorem</strong></span> <span class='ocrx_word' id='word_1_474' title='bbox 675 3670 860 3718; x_wconf 86' lang='lat' dir='ltr'><strong>suum,</strong></span> <span class='ocrx_word' id='word_1_475' title='bbox 891 3673 1127 3730; x_wconf 90' lang='lat' dir='ltr'><strong>eumque</strong></span> <span class='ocrx_word' id='word_1_476' title='bbox 1179 3665 1460 3724; x_wconf 86' lang='lat' dir='ltr'><strong>dicaverat</strong></span> <span class='ocrx_word' id='word_1_477' title='bbox 1527 3677 1762 3732; x_wconf 70' lang='lat' dir='ltr'><strong>daamoni</strong></span> <span class='ocrx_word' id='word_1_478' title='bbox 1824 3681 1950 3738; x_wconf 89' lang='lat' dir='ltr'><strong>duci</strong></span> 
     </span>
    </p>
   </div>
   <div class='ocr_carea' id='block_1_70' title="bbox 379 3741 1954 3843">
    <p class='ocr_par' dir='ltr' id='par_1_70' title="bbox 379 3741 1954 3843">
     <span class='ocr_line' id='line_1_71' title="bbox 379 3741 1954 3843; baseline 0.022 -48"><span class='ocrx_word' id='word_1_479' title='bbox 379 3755 506 3806; x_wconf 86' lang='lat' dir='ltr'><strong>suo,</strong></span> <span class='ocrx_word' id='word_1_480' title='bbox 529 3741 810 3816; x_wconf 86' lang='lat' dir='ltr'><strong>hujusque</strong></span> <span class='ocrx_word' id='word_1_481' title='bbox 869 3751 1137 3810; x_wconf 76' lang='lat' dir='ltr'><strong>daemonis</strong></span> <span class='ocrx_word' id='word_1_482' title='bbox 1176 3758 1402 3818; x_wconf 89' lang='lat' dir='ltr'><strong>domino</strong></span> <span class='ocrx_word' id='word_1_483' title='bbox 1440 3775 1666 3834; x_wconf 63' lang='lat' dir='ltr'><strong>satanas,</strong></span> <span class='ocrx_word' id='word_1_484' title='bbox 1695 3770 1742 3826; x_wconf 85' lang='lat' dir='ltr'><strong>is</strong></span> <span class='ocrx_word' id='word_1_485' title='bbox 1774 3775 1954 3843; x_wconf 89' lang='lat' dir='ltr'><strong>turpi-</strong></span> 
     </span>
    </p>
   </div>
   <div class='ocr_carea' id='block_1_71' title="bbox 375 3841 1949 3930">
    <p class='ocr_par' dir='ltr' id='par_1_71' title="bbox 375 3841 1949 3930">
     <span class='ocr_line' id='line_1_72' title="bbox 375 3841 1949 3930; baseline 0.024 -45"><span class='ocrx_word' id='word_1_486' title='bbox 375 3843 462 3887; x_wconf 85' lang='lat' dir='ltr'><strong>ter</strong></span> <span class='ocrx_word' id='word_1_487' title='bbox 488 3844 698 3908; x_wconf 76' lang='lat' dir='ltr'><strong>tergum</strong></span> <span class='ocrx_word' id='word_1_488' title='bbox 719 3841 895 3911; x_wconf 88' lang='lat' dir='ltr'><strong>daret,</strong></span> <span class='ocrx_word' id='word_1_489' title='bbox 927 3849 1162 3917; x_wconf 88' lang='lat' dir='ltr'><strong>turpiter</strong></span> <span class='ocrx_word' id='word_1_490' title='bbox 1186 3850 1384 3909; x_wconf 88' lang='lat' dir='ltr'><strong>deinde</strong></span> <span class='ocrx_word' id='word_1_491' title='bbox 1418 3859 1722 3930; x_wconf 87' lang='lat' dir='ltr'><strong>recederet,</strong></span> <span class='ocrx_word' id='word_1_492' title='bbox 1747 3841 1949 3922; x_wconf 86' lang='lat' dir='ltr'><strong>Deum-</strong></span> 
     </span>
    </p>
   </div>
   <div class='ocr_carea' id='block_1_72' title="bbox 376 3931 1153 4006">
    <p class='ocr_par' dir='ltr' id='par_1_72' title="bbox 376 3931 1153 4006">
     <span class='ocr_line' id='line_1_73' title="bbox 376 3931 1153 4006; baseline 0.024 -28"><span class='ocrx_word' id='word_1_493' title='bbox 376 3941 482 3994; x_wconf 85' lang='lat' dir='ltr'><strong>que</strong></span> <span class='ocrx_word' id='word_1_494' title='bbox 526 3943 625 3998; x_wconf 91' lang='lat' dir='ltr'><strong>pro</strong></span> <span class='ocrx_word' id='word_1_495' title='bbox 653 3931 826 3988; x_wconf 88' lang='lat' dir='ltr'><strong>nihilo</strong></span> <span class='ocrx_word' id='word_1_496' title='bbox 856 3949 1153 4006; x_wconf 84' lang='lat' dir='ltr'><strong>reputaret.</strong></span> 
     </span>
    </p>
   </div>
   <div class='ocr_carea' id='block_1_73' title="bbox 446 4021 1942 4119">
    <p class='ocr_par' dir='ltr' id='par_1_73' title="bbox 446 4021 1942 4119">
     <span class='ocr_line' id='line_1_74' title="bbox 446 4021 1942 4119; baseline 0.021 -45"><span class='ocrx_word' id='word_1_497' title='bbox 446 4021 535 4077; x_wconf 81' lang='grc'><strong>10.</strong></span> <span class='ocrx_word' id='word_1_498' title='bbox 570 4022 961 4092; x_wconf 88' lang='lat' dir='ltr'><strong>Quamobrem,</strong></span> <span class='ocrx_word' id='word_1_499' title='bbox 990 4031 1210 4103; x_wconf 74' lang='lat' dir='ltr'><strong>fratres,</strong></span> <span class='ocrx_word' id='word_1_500' title='bbox 1260 4052 1536 4108; x_wconf 76' lang='lat' dir='ltr'><strong>magnam,</strong></span> <span class='ocrx_word' id='word_1_501' title='bbox 1581 4055 1638 4100; x_wconf 92' lang='lat' dir='ltr'><strong>ut</strong></span> <span class='ocrx_word' id='word_1_502' title='bbox 1673 4063 1770 4117; x_wconf 78' lang='lat' dir='ltr'><strong>pur</strong></span> <span class='ocrx_word' id='word_1_503' title='bbox 1803 4060 1942 4119; x_wconf 90' lang='lat' dir='ltr'><strong>erat,</strong></span> 
     </span>
    </p>
   </div>
   <div class='ocr_carea' id='block_1_74' title="bbox 373 4115 1946 4214">
    <p class='ocr_par' dir='ltr' id='par_1_74' title="bbox 373 4115 1946 4214">
     <span class='ocr_line' id='line_1_75' title="bbox 373 4115 1946 4214; baseline 0.022 -48"><span class='ocrx_word' id='word_1_504' title='bbox 373 4115 494 4184; x_wconf 80' lang='lat' dir='ltr'><strong>cepi</strong></span> <span class='ocrx_word' id='word_1_505' title='bbox 556 4131 621 4170; x_wconf 81' lang='lat' dir='ltr'><strong>ex</strong></span> <span class='ocrx_word' id='word_1_506' title='bbox 683 4118 768 4175; x_wconf 90' lang='lat' dir='ltr'><strong>his</strong></span> <span class='ocrx_word' id='word_1_507' title='bbox 845 4123 1062 4182; x_wconf 91' lang='lat' dir='ltr'><strong>duobus</strong></span> <span class='ocrx_word' id='word_1_508' title='bbox 1129 4129 1265 4186; x_wconf 81' lang='lat' dir='ltr'><strong>viris</strong></span> <span class='ocrx_word' id='word_1_509' title='bbox 1330 4135 1750 4196; x_wconf 89' lang='lat' dir='ltr'><strong>admirationem</strong></span> <span class='ocrx_word' id='word_1_510' title='bbox 1805 4160 1946 4214; x_wconf 88' lang='lat' dir='ltr'><strong>quo-</strong></span> 
     </span>
    </p>
   </div>
   <div class='ocr_carea' id='block_1_75' title="bbox 375 4209 1942 4302">
    <p class='ocr_par' dir='ltr' id='par_1_75' title="bbox 375 4209 1942 4302">
     <span class='ocr_line' id='line_1_76' title="bbox 375 4209 1942 4302; baseline 0.02 -43"><span class='ocrx_word' id='word_1_511' title='bbox 375 4223 494 4261; x_wconf 91' lang='lat' dir='ltr'><strong>rum</strong></span> <span class='ocrx_word' id='word_1_512' title='bbox 522 4209 660 4265; x_wconf 90' lang='lat' dir='ltr'><strong>alter</strong></span> <span class='ocrx_word' id='word_1_513' title='bbox 685 4215 816 4267; x_wconf 93' lang='lat' dir='ltr'><strong>mihi</strong></span> <span class='ocrx_word' id='word_1_514' title='bbox 847 4215 1136 4274; x_wconf 88' lang='lat' dir='ltr'><strong>videbatur</strong></span> <span class='ocrx_word' id='word_1_515' title='bbox 1165 4237 1263 4291; x_wconf 91' lang='lat' dir='ltr'><strong>pro</strong></span> <span class='ocrx_word' id='word_1_516' title='bbox 1286 4223 1599 4285; x_wconf 87' lang='lat' dir='ltr'><strong>Christiana</strong></span> <span class='ocrx_word' id='word_1_517' title='bbox 1632 4231 1743 4288; x_wconf 76' lang='lat' dir='ltr'><strong>fide</strong></span> <span class='ocrx_word' id='word_1_518' title='bbox 1782 4209 1942 4302; x_wconf 79' lang='lat' dir='ltr'><strong>mori,</strong></span> 
     </span>
    </p>
   </div>
   <div class='ocr_carea' id='block_1_76' title="bbox 375 4301 1946 4397">
    <p class='ocr_par' dir='ltr' id='par_1_76' title="bbox 375 4301 1946 4397">
     <span class='ocr_line' id='line_1_77' title="bbox 375 4301 1946 4397; baseline 0.019 -44"><span class='ocrx_word' id='word_1_519' title='bbox 375 4301 513 4357; x_wconf 85' lang='lat' dir='ltr'><strong>alter</strong></span> <span class='ocrx_word' id='word_1_520' title='bbox 547 4319 576 4358; x_wconf 89' lang='lat' dir='ltr'><strong>a</strong></span> <span class='ocrx_word' id='word_1_521' title='bbox 613 4305 887 4364; x_wconf 78' lang='lat' dir='ltr'><strong>cliarilate</strong></span> <span class='ocrx_word' id='word_1_522' title='bbox 926 4311 1274 4382; x_wconf 87' lang='lat' dir='ltr'><strong>desciscere;</strong></span> <span class='ocrx_word' id='word_1_523' title='bbox 1301 4317 1394 4374; x_wconf 89' lang='lat' dir='ltr'><strong>ille</strong></span> <span class='ocrx_word' id='word_1_524' title='bbox 1424 4324 1747 4380; x_wconf 87' lang='lat' dir='ltr'><strong>certaminis</strong></span> <span class='ocrx_word' id='word_1_525' title='bbox 1775 4330 1946 4397; x_wconf 87' lang='lat' dir='ltr'><strong>parti-</strong></span> 
     </span>
    </p>
   </div>
   <div class='ocr_carea' id='block_1_77' title="bbox 371 4395 1937 4490">
    <p class='ocr_par' dir='ltr' id='par_1_77' title="bbox 371 4395 1937 4490">
     <span class='ocr_line' id='line_1_78' title="bbox 371 4395 1937 4490; baseline 0.02 -44"><span class='ocrx_word' id='word_1_526' title='bbox 371 4409 500 4464; x_wconf 79' lang='lat' dir='ltr'><strong>ceps</strong></span> <span class='ocrx_word' id='word_1_527' title='bbox 533 4395 763 4466; x_wconf 85' lang='lat' dir='ltr'><strong>despici,</strong></span> <span class='ocrx_word' id='word_1_528' title='bbox 793 4400 880 4455; x_wconf 84' lang='lat' dir='ltr'><strong>hic</strong></span> <span class='ocrx_word' id='word_1_529' title='bbox 917 4404 1003 4456; x_wconf 82' lang='lat' dir='ltr'><strong>vix</strong></span> <span class='ocrx_word' id='word_1_530' title='bbox 1036 4405 1319 4475; x_wconf 80' lang='lat' dir='ltr'><strong>ingressus</strong></span> <span class='ocrx_word' id='word_1_531' title='bbox 1357 4412 1500 4466; x_wconf 90' lang='lat' dir='ltr'><strong>viam</strong></span> <span class='ocrx_word' id='word_1_532' title='bbox 1532 4416 1710 4485; x_wconf 82' lang='lat' dir='ltr'><strong>excipi</strong></span> <span class='ocrx_word' id='word_1_533' title='bbox 1749 4434 1778 4472; x_wconf 86' lang='lat' dir='ltr'><strong>a</strong></span> <span class='ocrx_word' id='word_1_534' title='bbox 1809 4419 1937 4490; x_wconf 92' lang='lat' dir='ltr'><strong>Deo;</strong></span> 
     </span>
    </p>
   </div>
   <div class='ocr_carea' id='block_1_78' title="bbox 371 4481 2021 4569">
    <p class='ocr_par' dir='ltr' id='par_1_78' title="bbox 371 4481 2021 4569">
     <span class='ocr_line' id='line_1_79' title="bbox 371 4481 2021 4569; baseline 0.021 -33"><span class='ocrx_word' id='word_1_535' title='bbox 371 4487 644 4553; x_wconf 83' lang='lat' dir='ltr'><strong>posterior</strong></span> <span class='ocrx_word' id='word_1_536' title='bbox 689 4491 914 4558; x_wconf 87' lang='lat' dir='ltr'><strong>quidem</strong></span> <span class='ocrx_word' id='word_1_537' title='bbox 947 4508 1148 4551; x_wconf 89' lang='lat' dir='ltr'><strong>corona</strong></span> <span class='ocrx_word' id='word_1_538' title='bbox 1194 4502 1487 4559; x_wconf 88' lang='lat' dir='ltr'><strong>redimitus</strong></span> <span class='ocrx_word' id='word_1_539' title='bbox 1543 4511 1843 4567; x_wconf 88' lang='lat' dir='ltr'><strong>ascendere</strong></span> <span class='ocrx_word' id='word_1_540' title='bbox 1883 4514 1939 4569; x_wconf 92' lang='lat' dir='ltr'><strong>in</strong></span> <span class='ocrx_word' id='word_1_541' title='bbox 1969 4481 2021 4543; x_wconf 73' lang='grc' dir='ltr'><strong>θ</strong></span> 
     </span>
    </p>
   </div>
   <div class='ocr_carea' id='block_1_79' title="bbox 372 4761 1939 4851">
    <p class='ocr_par' dir='ltr' id='par_1_79' title="bbox 372 4761 1939 4851">
     <span class='ocr_line' id='line_1_80' title="bbox 372 4761 1939 4851; baseline 0.021 -41"><span class='ocrx_word' id='word_1_542' title='bbox 372 4761 559 4825; x_wconf 77' lang='lat' dir='ltr'><strong>bilem,</strong></span> <span class='ocrx_word' id='word_1_543' title='bbox 595 4763 758 4832; x_wconf 87' lang='lat' dir='ltr'><strong>idque</strong></span> <span class='ocrx_word' id='word_1_544' title='bbox 789 4769 914 4835; x_wconf 90' lang='lat' dir='ltr'><strong>jure</strong></span> <span class='ocrx_word' id='word_1_545' title='bbox 959 4771 1186 4839; x_wconf 88' lang='lat' dir='ltr'><strong>optimo,</strong></span> <span class='ocrx_word' id='word_1_546' title='bbox 1219 4779 1421 4848; x_wconf 91' lang='lat' dir='ltr'><strong>quippe</strong></span> <span class='ocrx_word' id='word_1_547' title='bbox 1468 4782 1561 4851; x_wconf 89' lang='lat' dir='ltr'><strong>qui</strong></span> <span class='ocrx_word' id='word_1_548' title='bbox 1612 4799 1799 4841; x_wconf 88' lang='lat' dir='ltr'><strong>amore</strong></span> <span class='ocrx_word' id='word_1_549' title='bbox 1843 4803 1939 4842; x_wconf 84' lang='lat' dir='ltr'><strong>ca-</strong></span> 
     </span>
    </p>
   </div>
   <div class='ocr_carea' id='block_1_80' title="bbox 369 4852 1938 4943">
    <p class='ocr_par' dir='ltr' id='par_1_80' title="bbox 369 4852 1938 4943">
     <span class='ocr_line' id='line_1_81' title="bbox 369 4852 1938 4943; baseline 0.02 -41"><span class='ocrx_word' id='word_1_550' title='bbox 369 4852 588 4907; x_wconf 79' lang='lat' dir='ltr'><strong>ruisset.</strong></span> <span class='ocrx_word' id='word_1_551' title='bbox 619 4852 720 4922; x_wconf 85' lang='lat' dir='ltr'><strong>Qui</strong></span> <span class='ocrx_word' id='word_1_552' title='bbox 749 4867 928 4914; x_wconf 90' lang='lat' dir='ltr'><strong>autem</strong></span> <span class='ocrx_word' id='word_1_553' title='bbox 955 4863 1080 4918; x_wconf 88' lang='lat' dir='ltr'><strong>talis</strong></span> <span class='ocrx_word' id='word_1_554' title='bbox 1103 4875 1208 4933; x_wconf 88' lang='lat' dir='ltr'><strong>est,</strong></span> <span class='ocrx_word' id='word_1_555' title='bbox 1233 4869 1368 4924; x_wconf 84' lang='lat' dir='ltr'><strong>nihil</strong></span> <span class='ocrx_word' id='word_1_556' title='bbox 1399 4880 1502 4937; x_wconf 91' lang='lat' dir='ltr'><strong>est,</strong></span> <span class='ocrx_word' id='word_1_557' title='bbox 1529 4876 1674 4943; x_wconf 88' lang='lat' dir='ltr'><strong>quod</strong></span> <span class='ocrx_word' id='word_1_558' title='bbox 1699 4879 1938 4934; x_wconf 86' lang='lat' dir='ltr'><strong>sanctis-</strong></span> 
     </span>
    </p>
   </div>
   <div class='ocr_carea' id='block_1_81' title="bbox 366 4945 1938 5041">
    <p class='ocr_par' dir='ltr' id='par_1_81' title="bbox 366 4945 1938 5041">
     <span class='ocr_line' id='line_1_82' title="bbox 366 4945 1938 5041; baseline 0.02 -43"><span class='ocrx_word' id='word_1_559' title='bbox 366 4945 502 4998; x_wconf 86' lang='lat' dir='ltr'><strong>sima</strong></span> <span class='ocrx_word' id='word_1_560' title='bbox 545 4946 832 5018; x_wconf 89' lang='lat' dir='ltr'><strong>Scriptura</strong></span> <span class='ocrx_word' id='word_1_561' title='bbox 888 4955 1152 5024; x_wconf 85' lang='lat' dir='ltr'><strong>declarat,</strong></span> <span class='ocrx_word' id='word_1_562' title='bbox 1202 4963 1416 5020; x_wconf 89' lang='lat' dir='ltr'><strong>etiamsi</strong></span> <span class='ocrx_word' id='word_1_563' title='bbox 1449 4966 1667 5023; x_wconf 88' lang='lat' dir='ltr'><strong>aliunde</strong></span> <span class='ocrx_word' id='word_1_564' title='bbox 1705 4987 1938 5041; x_wconf 83' lang='lat' dir='ltr'><strong>magnus</strong></span> 
     </span>
    </p>
   </div>
   <div class='ocr_carea' id='block_1_82' title="bbox 366 5038 1933 5124">
    <p class='ocr_par' dir='ltr' id='par_1_82' title="bbox 366 5038 1933 5124">
     <span class='ocr_line' id='line_1_83' title="bbox 366 5038 1933 5124; baseline 0.023 -36"><span class='ocrx_word' id='word_1_565' title='bbox 366 5038 663 5097; x_wconf 77' lang='lat' dir='ltr'><strong>virtutibus</strong></span> <span class='ocrx_word' id='word_1_566' title='bbox 703 5059 829 5101; x_wconf 85' lang='lat' dir='ltr'><strong>esse</strong></span> <span class='ocrx_word' id='word_1_567' title='bbox 859 5047 1131 5106; x_wconf 84' lang='lat' dir='ltr'><strong>videatur.</strong></span> <span class='ocrx_word' id='word_1_568' title='bbox 1159 5051 1340 5124; x_wconf 88' lang='lat' dir='ltr'><strong>thue</strong></span> <span class='ocrx_word' id='word_1_569' title='bbox 1400 5059 1661 5116; x_wconf 87' lang='lat' dir='ltr'><strong>alimenta</strong></span> <span class='ocrx_word' id='word_1_570' title='bbox 1686 5065 1802 5119; x_wconf 90' lang='lat' dir='ltr'><strong>sale</strong></span> <span class='ocrx_word' id='word_1_571' title='bbox 1825 5082 1933 5123; x_wconf 90' lang='lat' dir='ltr'><strong>non</strong></span> 
     </span>
    </p>
   </div>
   <div class='ocr_carea' id='block_1_83' title="bbox 364 5133 1935 5217">
    <p class='ocr_par' dir='ltr' id='par_1_83' title="bbox 364 5133 1935 5217">
     <span class='ocr_line' id='line_1_84' title="bbox 364 5133 1935 5217; baseline 0.02 -33"><span class='ocrx_word' id='word_1_572' title='bbox 364 5133 584 5188; x_wconf 83' lang='lat' dir='ltr'><strong>condita</strong></span> <span class='ocrx_word' id='word_1_573' title='bbox 617 5135 754 5191; x_wconf 82' lang='lat' dir='ltr'><strong>ﬁunt</strong></span> <span class='ocrx_word' id='word_1_574' title='bbox 806 5155 915 5195; x_wconf 91' lang='lat' dir='ltr'><strong>non</strong></span> <span class='ocrx_word' id='word_1_575' title='bbox 960 5144 1168 5209; x_wconf 91' lang='lat' dir='ltr'><strong>edulia,</strong></span> <span class='ocrx_word' id='word_1_576' title='bbox 1215 5148 1298 5202; x_wconf 89' lang='lat' dir='ltr'><strong>sic</strong></span> <span class='ocrx_word' id='word_1_577' title='bbox 1329 5152 1495 5205; x_wconf 85' lang='lat' dir='ltr'><strong>vitam</strong></span> <span class='ocrx_word' id='word_1_578' title='bbox 1553 5156 1645 5207; x_wconf 90' lang='lat' dir='ltr'><strong>cui</strong></span> <span class='ocrx_word' id='word_1_579' title='bbox 1693 5156 1935 5217; x_wconf 89' lang='lat' dir='ltr'><strong>charitas</strong></span> 
     </span>
    </p>
   </div>
   <div class='ocr_carea' id='block_1_84' title="bbox 364 5227 1932 5312">
    <p class='ocr_par' dir='ltr' id='par_1_84' title="bbox 364 5227 1932 5312">
     <span class='ocr_line' id='line_1_85' title="bbox 364 5227 1932 5312; baseline 0.022 -37"><span class='ocrx_word' id='word_1_580' title='bbox 364 5239 474 5279; x_wconf 89' lang='lat' dir='ltr'><strong>non</strong></span> <span class='ocrx_word' id='word_1_581' title='bbox 512 5227 852 5286; x_wconf 88' lang='lat' dir='ltr'><strong>immiscetur</strong></span> <span class='ocrx_word' id='word_1_582' title='bbox 881 5232 1023 5289; x_wconf 87' lang='lat' dir='ltr'><strong>Deus</strong></span> <span class='ocrx_word' id='word_1_583' title='bbox 1054 5239 1250 5292; x_wconf 87' lang='lat' dir='ltr'><strong>tantuli</strong></span> <span class='ocrx_word' id='word_1_584' title='bbox 1287 5239 1415 5295; x_wconf 81' lang='lat' dir='ltr'><strong>facit</strong></span> <span class='ocrx_word' id='word_1_585' title='bbox 1445 5247 1698 5312; x_wconf 88' lang='lat' dir='ltr'><strong>quantuli</strong></span> <span class='ocrx_word' id='word_1_586' title='bbox 1723 5250 1932 5309; x_wconf 89' lang='lat' dir='ltr'><strong>odium.</strong></span> 
     </span>
    </p>
   </div>
   <div class='ocr_carea' id='block_1_85' title="bbox 359 5316 1934 5410">
    <p class='ocr_par' dir='ltr' id='par_1_85' title="bbox 359 5316 1934 5410">
     <span class='ocr_line' id='line_1_86' title="bbox 359 5316 1934 5410; baseline 0.018 -41"><span class='ocrx_word' id='word_1_587' title='bbox 359 5316 598 5372; x_wconf 78' lang='lat' dir='ltr'><strong>Proinde</strong></span> <span class='ocrx_word' id='word_1_588' title='bbox 629 5319 815 5375; x_wconf 90' lang='lat' dir='ltr'><strong>odium</strong></span> <span class='ocrx_word' id='word_1_589' title='bbox 863 5326 1140 5393; x_wconf 75' lang='lat' dir='ltr'><strong>pertinax,</strong></span> <span class='ocrx_word' id='word_1_590' title='bbox 1184 5331 1329 5396; x_wconf 92' lang='lat' dir='ltr'><strong>quod</strong></span> <span class='ocrx_word' id='word_1_591' title='bbox 1367 5341 1476 5386; x_wconf 89' lang='lat' dir='ltr'><strong>tam</strong></span> <span class='ocrx_word' id='word_1_592' title='bbox 1519 5337 1629 5392; x_wconf 90' lang='lat' dir='ltr'><strong>alte</strong></span> <span class='ocrx_word' id='word_1_593' title='bbox 1663 5339 1816 5410; x_wconf 87' lang='lat' dir='ltr'><strong>latet,</strong></span> <span class='ocrx_word' id='word_1_594' title='bbox 1851 5344 1934 5398; x_wconf 91' lang='lat' dir='ltr'><strong>in-</strong></span> 
     </span>
    </p>
   </div>
   <div class='ocr_carea' id='block_1_86' title="bbox 362 5410 1932 5499">
    <p class='ocr_par' dir='ltr' id='par_1_86' title="bbox 362 5410 1932 5499">
     <span class='ocr_line' id='line_1_87' title="bbox 362 5410 1932 5499; baseline 0.018 -37"><span class='ocrx_word' id='word_1_595' title='bbox 362 5410 642 5467; x_wconf 86' lang='lat' dir='ltr'><strong>trinsecus</strong></span> <span class='ocrx_word' id='word_1_596' title='bbox 698 5415 921 5483; x_wconf 90' lang='lat' dir='ltr'><strong>quidem</strong></span> <span class='ocrx_word' id='word_1_597' title='bbox 982 5419 1221 5473; x_wconf 87' lang='lat' dir='ltr'><strong>animam</strong></span> <span class='ocrx_word' id='word_1_598' title='bbox 1288 5425 1466 5491; x_wconf 88' lang='lat' dir='ltr'><strong>perdit</strong></span> <span class='ocrx_word' id='word_1_599' title='bbox 1517 5427 1730 5499; x_wconf 81' lang='lat' dir='ltr'><strong>frigidis</strong></span> <span class='ocrx_word' id='word_1_600' title='bbox 1813 5452 1932 5490; x_wconf 87' lang='lat' dir='ltr'><strong>am-</strong></span> 
     </span>
    </p>
   </div>
   <div class='ocr_carea' id='block_1_87' title="bbox 360 5503 1930 5589">
    <p class='ocr_par' dir='ltr' id='par_1_87' title="bbox 360 5503 1930 5589">
     <span class='ocr_line' id='line_1_88' title="bbox 360 5503 1930 5589; baseline 0.02 -36"><span class='ocrx_word' id='word_1_601' title='bbox 360 5503 637 5570; x_wconf 82' lang='lat' dir='ltr'><strong>plexibus,</strong></span> <span class='ocrx_word' id='word_1_602' title='bbox 680 5503 1030 5564; x_wconf 81' lang='lat' dir='ltr'><strong>extrinsecus</strong></span> <span class='ocrx_word' id='word_1_603' title='bbox 1086 5523 1266 5566; x_wconf 89' lang='lat' dir='ltr'><strong>autem</strong></span> <span class='ocrx_word' id='word_1_604' title='bbox 1311 5524 1777 5589; x_wconf 79' lang='lat' dir='ltr'><strong>propugnaculum</strong></span> <span class='ocrx_word' id='word_1_605' title='bbox 1819 5539 1930 5584; x_wconf 88' lang='lat' dir='ltr'><strong>stat</strong></span> 
     </span>
    </p>
   </div>
   <div class='ocr_carea' id='block_1_88' title="bbox 360 5599 1926 5686">
    <p class='ocr_par' dir='ltr' id='par_1_88' title="bbox 360 5599 1926 5686">
     <span class='ocr_line' id='line_1_89' title="bbox 360 5599 1926 5686; baseline 0.015 -36"><span class='ocrx_word' id='word_1_606' title='bbox 360 5599 752 5669; x_wconf 86' lang='lat' dir='ltr'><strong>perniciosum,</strong></span> <span class='ocrx_word' id='word_1_607' title='bbox 783 5605 886 5659; x_wconf 88' lang='lat' dir='ltr'><strong>sub</strong></span> <span class='ocrx_word' id='word_1_608' title='bbox 915 5623 1024 5676; x_wconf 87' lang='lat' dir='ltr'><strong>quo</strong></span> <span class='ocrx_word' id='word_1_609' title='bbox 1073 5606 1356 5665; x_wconf 65' lang='lat' dir='ltr'><strong>diabolicae</strong></span> <span class='ocrx_word' id='word_1_610' title='bbox 1381 5613 1588 5669; x_wconf 72' lang='lat' dir='ltr'><strong>insidize</strong></span> <span class='ocrx_word' id='word_1_611' title='bbox 1615 5625 1926 5686; x_wconf 83' lang='lat' dir='ltr'><strong>struuntur,</strong></span> 
     </span>
    </p>
   </div>
   <div class='ocr_carea' id='block_1_89' title="bbox 2059 3223 3631 3315">
    <p class='ocr_par' dir='ltr' id='par_1_89' title="bbox 2059 3223 3631 3315">
     <span class='ocr_line' id='line_1_90' title="bbox 2059 3223 3631 3315; baseline 0.017 -40"><span class='ocrx_word' id='word_1_612' title='bbox 2059 3223 2153 3276; x_wconf 84' lang='grc' dir='ltr'>καὶ</span> <span class='ocrx_word' id='word_1_613' title='bbox 2181 3227 2469 3299; x_wconf 83' lang='grc' dir='ltr'>ἐνθέρμως</span> <span class='ocrx_word' id='word_1_614' title='bbox 2503 3235 2916 3300; x_wconf 82' lang='grc' dir='ltr'>προκαλέσεταί</span> <span class='ocrx_word' id='word_1_615' title='bbox 2950 3257 3035 3304; x_wconf 89' lang='grc' dir='ltr'><strong>τις</strong></span> <span class='ocrx_word' id='word_1_616' title='bbox 3083 3243 3270 3307; x_wconf 79' lang='grc' dir='ltr'>αὑτὸν,</span> <span class='ocrx_word' id='word_1_617' title='bbox 3305 3223 3538 3315; x_wconf 80' lang='grc' dir='ltr'>τάχιστα</span> <span class='ocrx_word' id='word_1_618' title='bbox 3579 3223 3631 3303; x_wconf 81' lang='grc' dir='ltr'><strong>δέ</strong></span> 
     </span>
    </p>
   </div>
   <div class='ocr_carea' id='block_1_90' title="bbox 2058 3313 3631 3408">
    <p class='ocr_par' dir='ltr' id='par_1_90' title="bbox 2058 3313 3631 3408">
     <span class='ocr_line' id='line_1_91' title="bbox 2058 3313 3631 3408; baseline 0.017 -42"><span class='ocrx_word' id='word_1_619' title='bbox 2058 3313 2313 3383; x_wconf 81' lang='grc' dir='ltr'>βλάπτων</span> <span class='ocrx_word' id='word_1_620' title='bbox 2344 3319 2709 3392; x_wconf 82' lang='grc' dir='ltr'>ἐξαπόλλυσι,</span> <span class='ocrx_word' id='word_1_621' title='bbox 2763 3330 2907 3383; x_wconf 84' lang='grc' dir='ltr'>καθὰ</span> <span class='ocrx_word' id='word_1_622' title='bbox 2955 3331 3019 3402; x_wconf 78' lang='grc' dir='ltr'>δὴ</span> <span class='ocrx_word' id='word_1_623' title='bbox 3075 3336 3170 3387; x_wconf 85' lang='grc' dir='ltr'>καὶ</span> <span class='ocrx_word' id='word_1_624' title='bbox 3230 3336 3320 3388; x_wconf 82' lang='grc' dir='ltr'>τὸν</span> <span class='ocrx_word' id='word_1_625' title='bbox 3353 3313 3436 3390; x_wconf 61' lang='grc' dir='ltr'>ὀὐ</span> <span class='ocrx_word' id='word_1_626' title='bbox 3494 3341 3631 3408; x_wconf 85' lang='grc' dir='ltr'>λέγω</span> 
     </span>
    </p>
   </div>
   <div class='ocr_carea' id='block_1_91' title="bbox 2055 3407 3631 3504">
    <p class='ocr_par' dir='ltr' id='par_1_91' title="bbox 2055 3407 3631 3504">
     <span class='ocr_line' id='line_1_92' title="bbox 2055 3407 3631 3504; baseline 0.02 -46"><span class='ocrx_word' id='word_1_627' title='bbox 2055 3407 2240 3473; x_wconf 70' lang='grc' dir='ltr'>ἐλέους</span> <span class='ocrx_word' id='word_1_628' title='bbox 2271 3412 2422 3479; x_wconf 80' lang='grc' dir='ltr'>ἄξιον</span> <span class='ocrx_word' id='word_1_629' title='bbox 2457 3416 2784 3486; x_wconf 80' lang='grc' dir='ltr'>Σαπρίκιον,</span> <span class='ocrx_word' id='word_1_630' title='bbox 2811 3422 2949 3477; x_wconf 78' lang='grc' dir='ltr'>ἀλλὰ</span> <span class='ocrx_word' id='word_1_631' title='bbox 2979 3426 3191 3481; x_wconf 84' lang='grc' dir='ltr'>τελείου</span> <span class='ocrx_word' id='word_1_632' title='bbox 3231 3430 3426 3497; x_wconf 76' lang='grc' dir='ltr'>μίσους</span> <span class='ocrx_word' id='word_1_633' title='bbox 3465 3437 3631 3504; x_wconf 81' lang='grc' dir='ltr'>τιμώ-</span> 
     </span>
    </p>
   </div>
   <div class='ocr_carea' id='block_1_92' title="bbox 2059 3507 3630 3598">
    <p class='ocr_par' dir='ltr' id='par_1_92' title="bbox 2059 3507 3630 3598">
     <span class='ocr_line' id='line_1_93' title="bbox 2059 3507 3630 3598; baseline 0.019 -44"><span class='ocrx_word' id='word_1_634' title='bbox 2059 3519 2258 3572; x_wconf 86' lang='grc' dir='ltr'>μενον·</span> <span class='ocrx_word' id='word_1_635' title='bbox 2292 3507 2380 3560; x_wconf 84' lang='grc' dir='ltr'><strong>ἴνα</strong></span> <span class='ocrx_word' id='word_1_636' title='bbox 2425 3511 2454 3563; x_wconf 92' lang='lat'><strong>6</strong></span> <span class='ocrx_word' id='word_1_637' title='bbox 2493 3512 2550 3575; x_wconf 85' lang='grc' dir='ltr'><strong>ἐς</strong></span> <span class='ocrx_word' id='word_1_638' title='bbox 2582 3513 2753 3584; x_wconf 81' lang='grc' dir='ltr'>ἄκρον</span> <span class='ocrx_word' id='word_1_639' title='bbox 2805 3519 3044 3590; x_wconf 81' lang='grc' dir='ltr'>μισητὴς</span> <span class='ocrx_word' id='word_1_640' title='bbox 3096 3521 3362 3587; x_wconf 79' lang='grc' dir='ltr'><strong>ὡσαύτως</strong></span> <span class='ocrx_word' id='word_1_641' title='bbox 3413 3529 3500 3598; x_wconf 81' lang='grc' dir='ltr'><strong>εἴη</strong></span> <span class='ocrx_word' id='word_1_642' title='bbox 3543 3531 3630 3583; x_wconf 77' lang='grc' dir='ltr'>καὶ</span> 
     </span>
    </p>
   </div>
   <div class='ocr_carea' id='block_1_93' title="bbox 2057 3601 3629 3694">
    <p class='ocr_par' dir='ltr' id='par_1_93' title="bbox 2057 3601 3629 3694">
     <span class='ocr_line' id='line_1_94' title="bbox 2057 3601 3629 3694; baseline 0.019 -44"><span class='ocrx_word' id='word_1_643' title='bbox 2057 3601 2310 3670; x_wconf 86' lang='grc' dir='ltr'>μισητὸς,</span> <span class='ocrx_word' id='word_1_644' title='bbox 2352 3603 2413 3668; x_wconf 80' lang='grc' dir='ltr'>ὃς</span> <span class='ocrx_word' id='word_1_645' title='bbox 2471 3607 2716 3679; x_wconf 86' lang='grc' dir='ltr'>ἀγάπην,</span> <span class='ocrx_word' id='word_1_646' title='bbox 2761 3612 2826 3681; x_wconf 76' lang='grc' dir='ltr'><strong>ἣν</strong></span> <span class='ocrx_word' id='word_1_647' title='bbox 2867 3615 2965 3667; x_wconf 79' lang='grc' dir='ltr'>οὐκ</span> <span class='ocrx_word' id='word_1_648' title='bbox 3025 3617 3218 3687; x_wconf 79' lang='grc' dir='ltr'>ἐχρῆν,</span> <span class='ocrx_word' id='word_1_649' title='bbox 3274 3622 3629 3694; x_wconf 79' lang='grc' dir='ltr'>ἀνθελόμενος</span> 
     </span>
    </p>
   </div>
   <div class='ocr_carea' id='block_1_94' title="bbox 2053 3691 3628 3786">
    <p class='ocr_par' dir='ltr' id='par_1_94' title="bbox 2053 3691 3628 3786">
     <span class='ocr_line' id='line_1_95' title="bbox 2053 3691 3628 3786; baseline 0.018 -42"><span class='ocrx_word' id='word_1_650' title='bbox 2053 3691 2154 3760; x_wconf 80' lang='grc' dir='ltr'>τῆς</span> <span class='ocrx_word' id='word_1_651' title='bbox 2191 3697 2247 3749; x_wconf 84' lang='grc' dir='ltr'><strong>ἐν</strong></span> <span class='ocrx_word' id='word_1_652' title='bbox 2280 3697 2431 3768; x_wconf 80' lang='grc' dir='ltr'>αὐτῷ</span> <span class='ocrx_word' id='word_1_653' title='bbox 2467 3699 2546 3769; x_wconf 70' lang='grc' dir='ltr'><strong>τῷ</strong></span> <span class='ocrx_word' id='word_1_654' title='bbox 2580 3701 2721 3770; x_wconf 80' lang='grc' dir='ltr'>Θεῷ,</span> <span class='ocrx_word' id='word_1_655' title='bbox 2749 3704 2828 3772; x_wconf 83' lang='grc' dir='ltr'>τῷ</span> <span class='ocrx_word' id='word_1_656' title='bbox 2861 3707 3114 3779; x_wconf 79' lang='grc' dir='ltr'>τυράννῳ</span> <span class='ocrx_word' id='word_1_657' title='bbox 3147 3714 3247 3781; x_wconf 83' lang='grc' dir='ltr'>μὲν</span> <span class='ocrx_word' id='word_1_658' title='bbox 3277 3691 3513 3786; x_wconf 79' lang='grc' dir='ltr'>ἡγεμόνι</span> <span class='ocrx_word' id='word_1_659' title='bbox 3539 3720 3628 3771; x_wconf 73' lang='grc' dir='ltr'><strong>καὶ</strong></span> 
     </span>
    </p>
   </div>
   <div class='ocr_carea' id='block_1_95' title="bbox 2052 3781 3626 3870">
    <p class='ocr_par' dir='ltr' id='par_1_95' title="bbox 2052 3781 3626 3870">
     <span class='ocr_line' id='line_1_96' title="bbox 2052 3781 3626 3870; baseline 0.018 -37"><span class='ocrx_word' id='word_1_660' title='bbox 2052 3781 2131 3852; x_wconf 82' lang='grc' dir='ltr'>τῷ</span> <span class='ocrx_word' id='word_1_661' title='bbox 2164 3783 2329 3839; x_wconf 84' lang='grc' dir='ltr'>αὐτοῦ</span> <span class='ocrx_word' id='word_1_662' title='bbox 2361 3787 2680 3856; x_wconf 84' lang='grc' dir='ltr'>δεσπόζοντι</span> <span class='ocrx_word' id='word_1_663' title='bbox 2702 3793 2918 3863; x_wconf 86' lang='grc' dir='ltr'>δαίμονι</span> <span class='ocrx_word' id='word_1_664' title='bbox 2947 3797 3262 3866; x_wconf 75' lang='grc' dir='ltr'>ἐσπείσατο,</span> <span class='ocrx_word' id='word_1_665' title='bbox 3294 3807 3484 3870; x_wconf 84' lang='grc' dir='ltr'>κακῶς</span> <span class='ocrx_word' id='word_1_666' title='bbox 3509 3810 3626 3861; x_wconf 69' lang='lat'><strong>6:0-</strong></span> 
     </span>
    </p>
   </div>
   <div class='ocr_carea' id='block_1_96' title="bbox 2054 3875 3626 3958">
    <p class='ocr_par' dir='ltr' id='par_1_96' title="bbox 2054 3875 3626 3958">
     <span class='ocr_line' id='line_1_97' title="bbox 2054 3875 3626 3958; baseline 0.019 -34"><span class='ocrx_word' id='word_1_667' title='bbox 2054 3875 2319 3946; x_wconf 76' lang='grc' dir='ltr'>στρέψας,</span> <span class='ocrx_word' id='word_1_668' title='bbox 2351 3879 2480 3935; x_wconf 80' lang='grc' dir='ltr'>ἔνθα</span> <span class='ocrx_word' id='word_1_669' title='bbox 2507 3884 2690 3948; x_wconf 88' lang='grc' dir='ltr'>καλῶς</span> <span class='ocrx_word' id='word_1_670' title='bbox 2727 3885 3069 3958; x_wconf 77' lang='grc' dir='ltr'>ἀνεχώρησε,</span> <span class='ocrx_word' id='word_1_671' title='bbox 3107 3894 3198 3946; x_wconf 78' lang='grc' dir='ltr'>τὸν</span> <span class='ocrx_word' id='word_1_672' title='bbox 3228 3896 3283 3949; x_wconf 84' lang='grc' dir='ltr'>δὲ</span> <span class='ocrx_word' id='word_1_673' title='bbox 3311 3898 3447 3950; x_wconf 83' lang='grc' dir='ltr'>Θεὸν</span> <span class='ocrx_word' id='word_1_674' title='bbox 3480 3901 3626 3954; x_wconf 74' lang='grc' dir='ltr'>ἔθετο</span> 
     </span>
    </p>
   </div>
   <div class='ocr_carea' id='block_1_97' title="bbox 2052 3968 2400 4039">
    <p class='ocr_par' dir='ltr' id='par_1_97' title="bbox 2052 3968 2400 4039">
     <span class='ocr_line' id='line_1_98' title="bbox 2052 3968 2400 4039; baseline 0.032 -21"><span class='ocrx_word' id='word_1_675' title='bbox 2052 3968 2190 4039; x_wconf 76' lang='grc' dir='ltr'>παρ’</span> <span class='ocrx_word' id='word_1_676' title='bbox 2225 3971 2400 4030; x_wconf 81' lang='grc' dir='ltr'>οὐδέν.</span> 
     </span>
    </p>
   </div>
   <div class='ocr_carea' id='block_1_98' title="bbox 2124 4059 3623 4152">
    <p class='ocr_par' dir='ltr' id='par_1_98' title="bbox 2124 4059 3623 4152">
     <span class='ocr_line' id='line_1_99' title="bbox 2124 4059 3623 4152; baseline 0.017 -38"><span class='ocrx_word' id='word_1_677' title='bbox 2124 4059 2178 4116; x_wconf 86' lang='grc' dir='ltr'><strong>ι’.</strong></span> <span class='ocrx_word' id='word_1_678' title='bbox 2209 4063 2300 4116; x_wconf 80' lang='grc' dir='ltr'><strong>Διὸ</strong></span> <span class='ocrx_word' id='word_1_679' title='bbox 2352 4067 2446 4120; x_wconf 73' lang='grc' dir='ltr'>καὶ</span> <span class='ocrx_word' id='word_1_680' title='bbox 2479 4068 2740 4125; x_wconf 76' lang='grc' dir='ltr'>άντέλαὸε</span> <span class='ocrx_word' id='word_1_681' title='bbox 2789 4075 2851 4128; x_wconf 81' lang='grc' dir='ltr'>τὸ</span> <span class='ocrx_word' id='word_1_682' title='bbox 2903 4079 3130 4146; x_wconf 76' lang='grc' dir='ltr'>ἐπάξιον</span> <span class='ocrx_word' id='word_1_683' title='bbox 3162 4081 3348 4152; x_wconf 73' lang='grc' dir='ltr'>Θαῦμα</span> <span class='ocrx_word' id='word_1_684' title='bbox 3394 4085 3550 4148; x_wconf 75' lang='grc' dir='ltr'>πολὺ,</span> <span class='ocrx_word' id='word_1_685' title='bbox 3579 4077 3623 4138; x_wconf 76' lang='grc' dir='ltr'>ὦ</span> 
     </span>
    </p>
   </div>
   <div class='ocr_carea' id='block_1_99' title="bbox 2048 4154 3623 4249">
    <p class='ocr_par' dir='ltr' id='par_1_99' title="bbox 2048 4154 3623 4249">
     <span class='ocr_line' id='line_1_100' title="bbox 2048 4154 3623 4249; baseline 0.017 -43"><span class='ocrx_word' id='word_1_686' title='bbox 2048 4154 2290 4225; x_wconf 73' lang='grc' dir='ltr'>ἀδελφοὶ,</span> <span class='ocrx_word' id='word_1_687' title='bbox 2340 4159 2422 4214; x_wconf 84' lang='grc' dir='ltr'>ὅτι</span> <span class='ocrx_word' id='word_1_688' title='bbox 2469 4164 2620 4218; x_wconf 81' lang='grc' dir='ltr'>δυοῖν</span> <span class='ocrx_word' id='word_1_689' title='bbox 2668 4172 2914 4237; x_wconf 75' lang='grc' dir='ltr'>τούτοιν,</span> <span class='ocrx_word' id='word_1_690' title='bbox 2967 4173 3061 4227; x_wconf 80' lang='grc' dir='ltr'>τοῦ</span> <span class='ocrx_word' id='word_1_691' title='bbox 3097 4177 3431 4247; x_wconf 84' lang='grc' dir='ltr'>φαινομένου</span> <span class='ocrx_word' id='word_1_692' title='bbox 3468 4181 3623 4249; x_wconf 84' lang='grc' dir='ltr'>ὑπερ-</span> 
     </span>
    </p>
   </div>
   <div class='ocr_carea' id='block_1_100' title="bbox 2049 4251 3620 4332">
    <p class='ocr_par' dir='ltr' id='par_1_100' title="bbox 2049 4251 3620 4332">
     <span class='ocr_line' id='line_1_101' title="bbox 2049 4251 3620 4332; baseline 0.015 -31"><span class='ocrx_word' id='word_1_693' title='bbox 2049 4251 2422 4322; x_wconf 84' lang='grc' dir='ltr'>αποονήσκειν</span> <span class='ocrx_word' id='word_1_694' title='bbox 2449 4260 2550 4324; x_wconf 79' lang='grc' dir='ltr'>τῆς</span> <span class='ocrx_word' id='word_1_695' title='bbox 2581 4261 2659 4320; x_wconf 86' lang='grc' dir='ltr'><strong>εἰς</strong></span> <span class='ocrx_word' id='word_1_696' title='bbox 2691 4261 2930 4332; x_wconf 77' lang='grc' dir='ltr'>Χριστὸν</span> <span class='ocrx_word' id='word_1_697' title='bbox 2961 4265 3222 4332; x_wconf 84' lang='grc' dir='ltr'>πίστεως,</span> <span class='ocrx_word' id='word_1_698' title='bbox 3259 4271 3354 4323; x_wconf 82' lang='grc' dir='ltr'>τοῦ</span> <span class='ocrx_word' id='word_1_699' title='bbox 3382 4271 3439 4323; x_wconf 83' lang='grc' dir='ltr'>δὲ</span> <span class='ocrx_word' id='word_1_700' title='bbox 3469 4274 3620 4324; x_wconf 81' lang='grc' dir='ltr'>ἀντε-</span> 
     </span>
    </p>
   </div>
   <div class='ocr_carea' id='block_1_101' title="bbox 2046 4344 3620 4431">
    <p class='ocr_par' dir='ltr' id='par_1_101' title="bbox 2046 4344 3620 4431">
     <span class='ocr_line' id='line_1_102' title="bbox 2046 4344 3620 4431; baseline 0.013 -36"><span class='ocrx_word' id='word_1_701' title='bbox 2046 4344 2280 4414; x_wconf 85' lang='grc' dir='ltr'>χομένου</span> <span class='ocrx_word' id='word_1_702' title='bbox 2321 4347 2421 4418; x_wconf 84' lang='grc' dir='ltr'>τῆς</span> <span class='ocrx_word' id='word_1_703' title='bbox 2451 4350 2693 4421; x_wconf 78' lang='grc' dir='ltr'>ἀγάπης,</span> <span class='ocrx_word' id='word_1_704' title='bbox 2739 4357 2765 4406; x_wconf 86' lang='grc' dir='ltr'>ὁ</span> <span class='ocrx_word' id='word_1_705' title='bbox 2804 4357 2904 4424; x_wconf 82' lang='grc' dir='ltr'>μὲν</span> <span class='ocrx_word' id='word_1_706' title='bbox 2944 4358 3305 4429; x_wconf 81' lang='grc' dir='ltr'>παρεώραται</span> <span class='ocrx_word' id='word_1_707' title='bbox 3340 4365 3366 4415; x_wconf 89' lang='lat'><strong>6</strong></span> <span class='ocrx_word' id='word_1_708' title='bbox 3420 4364 3620 4431; x_wconf 72' lang='grc' dir='ltr'>ἐναγώο</span> 
     </span>
    </p>
   </div>
   <div class='ocr_carea' id='block_1_102' title="bbox 2049 4439 3620 4528">
    <p class='ocr_par' dir='ltr' id='par_1_102' title="bbox 2049 4439 3620 4528">
     <span class='ocr_line' id='line_1_103' title="bbox 2049 4439 3620 4528; baseline 0.015 -42"><span class='ocrx_word' id='word_1_709' title='bbox 2049 4451 2181 4502; x_wconf 84' lang='grc' dir='ltr'>νιος,</span> <span class='ocrx_word' id='word_1_710' title='bbox 2213 4439 2241 4489; x_wconf 87' lang='lat'><strong>6</strong></span> <span class='ocrx_word' id='word_1_711' title='bbox 2265 4439 2320 4491; x_wconf 79' lang='grc' dir='ltr'>δὲ</span> <span class='ocrx_word' id='word_1_712' title='bbox 2347 4443 2665 4511; x_wconf 76' lang='grc' dir='ltr'>παροδεύων</span> <span class='ocrx_word' id='word_1_713' title='bbox 2711 4449 3126 4517; x_wconf 76' lang='grc' dir='ltr'>προσδέδεκταο.</span> <span class='ocrx_word' id='word_1_714' title='bbox 3174 4456 3283 4506; x_wconf 79' lang='grc' dir='ltr'><strong>Καὶ</strong></span> <span class='ocrx_word' id='word_1_715' title='bbox 3317 4449 3476 4520; x_wconf 71' lang='grc' dir='ltr'>οὗτος</span> <span class='ocrx_word' id='word_1_716' title='bbox 3526 4458 3620 4528; x_wconf 84' lang='grc' dir='ltr'>μὲν</span> 
     </span>
    </p>
   </div>
   <div class='ocr_carea' id='block_1_103' title="bbox 2045 4528 3618 4614">
    <p class='ocr_par' dir='ltr' id='par_1_103' title="bbox 2045 4528 3618 4614">
     <span class='ocr_line' id='line_1_104' title="bbox 2045 4528 3618 4614; baseline 0.015 -35"><span class='ocrx_word' id='word_1_717' title='bbox 2045 4528 2496 4602; x_wconf 82' lang='grc' dir='ltr'>ἐστεφανωμένος</span> <span class='ocrx_word' id='word_1_718' title='bbox 2543 4537 2990 4608; x_wconf 78' lang='grc' dir='ltr'>ἁναλαμόάνεται</span> <span class='ocrx_word' id='word_1_719' title='bbox 3028 4543 3270 4614; x_wconf 72' lang='grc' dir='ltr'>ὕψιστος,</span> <span class='ocrx_word' id='word_1_720' title='bbox 3323 4551 3529 4612; x_wconf 75' lang='grc' dir='ltr'>ἐκεῖνος</span> <span class='ocrx_word' id='word_1_721' title='bbox 3564 4551 3618 4602; x_wconf 83' lang='grc' dir='ltr'>δὲ</span> 
     </span>
    </p>
   </div>
   <div class='ocr_carea' id='block_1_104' title="bbox 2044 4623 3617 4710">
    <p class='ocr_par' dir='ltr' id='par_1_104' title="bbox 2044 4623 3617 4710">
     <span class='ocr_line' id='line_1_105' title="bbox 2044 4623 3617 4710; baseline 0.012 -37"><span class='ocrx_word' id='word_1_722' title='bbox 2044 4623 2432 4679; x_wconf 81' lang='grc' dir='ltr'>κατακυλίεται</span> <span class='ocrx_word' id='word_1_723' title='bbox 2472 4627 2898 4700; x_wconf 77' lang='grc' dir='ltr'>ύποταρτάριος,</span> <span class='ocrx_word' id='word_1_724' title='bbox 2945 4637 3040 4690; x_wconf 82' lang='grc' dir='ltr'>καὶ</span> <span class='ocrx_word' id='word_1_725' title='bbox 3071 4637 3218 4708; x_wconf 76' lang='grc' dir='ltr'><strong>ζωὴν</strong></span> <span class='ocrx_word' id='word_1_726' title='bbox 3249 4639 3387 4710; x_wconf 79' lang='grc' dir='ltr'>ὑπὲρ</span> <span class='ocrx_word' id='word_1_727' title='bbox 3431 4642 3491 4694; x_wconf 75' lang='grc' dir='ltr'><strong>τὸ</strong></span> <span class='ocrx_word' id='word_1_728' title='bbox 3522 4642 3617 4692; x_wconf 78' lang='lat'><strong>0:-</strong></span> 
     </span>
    </p>
   </div>
   <div class='ocr_carea' id='block_1_105' title="bbox 2044 4714 3616 4796">
    <p class='ocr_par' dir='ltr' id='par_1_105' title="bbox 2044 4714 3616 4796">
     <span class='ocr_line' id='line_1_106' title="bbox 2044 4714 3616 4796; baseline 0.015 -32"><span class='ocrx_word' id='word_1_729' title='bbox 2044 4714 2158 4765; x_wconf 85' lang='grc' dir='ltr'>νεῖν</span> <span class='ocrx_word' id='word_1_730' title='bbox 2188 4717 2424 4785; x_wconf 83' lang='grc' dir='ltr'>φιλήσας</span> <span class='ocrx_word' id='word_1_731' title='bbox 2466 4721 2730 4790; x_wconf 82' lang='grc' dir='ltr'>λαγχάνει</span> <span class='ocrx_word' id='word_1_732' title='bbox 2766 4726 2995 4780; x_wconf 82' lang='grc' dir='ltr'>θάνατον</span> <span class='ocrx_word' id='word_1_733' title='bbox 3026 4729 3323 4796; x_wconf 80' lang='grc' dir='ltr'>οἴκτιστον,</span> <span class='ocrx_word' id='word_1_734' title='bbox 3359 4733 3532 4786; x_wconf 78' lang='grc' dir='ltr'>αἴτιον</span> <span class='ocrx_word' id='word_1_735' title='bbox 3562 4735 3616 4786; x_wconf 81' lang='grc' dir='ltr'>δὲ</span> 
     </span>
    </p>
   </div>
   <div class='ocr_carea' id='block_1_106' title="bbox 2044 4806 3615 4888">
    <p class='ocr_par' dir='ltr' id='par_1_106' title="bbox 2044 4806 3615 4888">
     <span class='ocr_line' id='line_1_107' title="bbox 2044 4806 3615 4888; baseline 0.011 -32"><span class='ocrx_word' id='word_1_736' title='bbox 2044 4806 2285 4874; x_wconf 88' lang='grc' dir='ltr'>πάντως,</span> <span class='ocrx_word' id='word_1_737' title='bbox 2311 4812 2393 4864; x_wconf 84' lang='grc' dir='ltr'>ὅτι</span> <span class='ocrx_word' id='word_1_738' title='bbox 2423 4813 2527 4866; x_wconf 87' lang='grc' dir='ltr'>οὐκ</span> <span class='ocrx_word' id='word_1_739' title='bbox 2554 4809 2702 4883; x_wconf 75' lang='grc' dir='ltr'>εἶχεν</span> <span class='ocrx_word' id='word_1_740' title='bbox 2735 4820 2976 4887; x_wconf 79' lang='grc' dir='ltr'>ἀγάπην.</span> <span class='ocrx_word' id='word_1_741' title='bbox 3023 4820 3082 4873; x_wconf 90' lang='lat'><strong>&#39;0</strong></span> <span class='ocrx_word' id='word_1_742' title='bbox 3113 4820 3169 4874; x_wconf 82' lang='grc' dir='ltr'>δὲ</span> <span class='ocrx_word' id='word_1_743' title='bbox 3199 4823 3444 4888; x_wconf 81' lang='grc' dir='ltr'>τοιοῦτος</span> <span class='ocrx_word' id='word_1_744' title='bbox 3470 4824 3615 4877; x_wconf 81' lang='grc' dir='ltr'>οὐδέν</span> 
     </span>
    </p>
   </div>
   <div class='ocr_carea' id='block_1_107' title="bbox 2043 4899 3615 4982">
    <p class='ocr_par' dir='ltr' id='par_1_107' title="bbox 2043 4899 3615 4982">
     <span class='ocr_line' id='line_1_108' title="bbox 2043 4899 3615 4982; baseline 0.013 -35"><span class='ocrx_word' id='word_1_745' title='bbox 2043 4899 2214 4964; x_wconf 81' lang='grc' dir='ltr'>ἐστιν,</span> <span class='ocrx_word' id='word_1_746' title='bbox 2243 4901 2320 4965; x_wconf 84' lang='grc' dir='ltr'>ὡς</span> <span class='ocrx_word' id='word_1_747' title='bbox 2363 4905 2395 4973; x_wconf 85' lang='grc' dir='ltr'>ή</span> <span class='ocrx_word' id='word_1_748' title='bbox 2448 4906 2724 4977; x_wconf 84' lang='grc' dir='ltr'>ἀγιωτάτη</span> <span class='ocrx_word' id='word_1_749' title='bbox 2768 4910 2960 4982; x_wconf 85' lang='grc' dir='ltr'>Γραφὴ</span> <span class='ocrx_word' id='word_1_750' title='bbox 3009 4912 3393 4982; x_wconf 83' lang='grc' dir='ltr'>ἀποφαίνεται,</span> <span class='ocrx_word' id='word_1_751' title='bbox 3435 4919 3484 4968; x_wconf 74' lang='grc' dir='ltr'>εἰ</span> <span class='ocrx_word' id='word_1_752' title='bbox 3527 4921 3615 4970; x_wconf 81' lang='grc' dir='ltr'>καὶ</span> 
     </span>
    </p>
   </div>
   <div class='ocr_carea' id='block_1_108' title="bbox 2041 4990 3615 5078">
    <p class='ocr_par' dir='ltr' id='par_1_108' title="bbox 2041 4990 3615 5078">
     <span class='ocr_line' id='line_1_109' title="bbox 2041 4990 3615 5078; baseline 0.011 -35"><span class='ocrx_word' id='word_1_753' title='bbox 2041 4990 2215 5055; x_wconf 71' lang='grc' dir='ltr'>ἄλλως</span> <span class='ocrx_word' id='word_1_754' title='bbox 2253 4994 2401 5048; x_wconf 84' lang='grc' dir='ltr'>δοκεῖ</span> <span class='ocrx_word' id='word_1_755' title='bbox 2433 5000 2608 5066; x_wconf 83' lang='grc' dir='ltr'>μέγας</span> <span class='ocrx_word' id='word_1_756' title='bbox 2667 4998 2806 5054; x_wconf 78' lang='grc' dir='ltr'>εἶναι</span> <span class='ocrx_word' id='word_1_757' title='bbox 2851 5003 2949 5068; x_wconf 81' lang='grc' dir='ltr'>τὴν</span> <span class='ocrx_word' id='word_1_758' title='bbox 2985 5004 3209 5075; x_wconf 79' lang='grc' dir='ltr'>ἀρετὴν,</span> <span class='ocrx_word' id='word_1_759' title='bbox 3261 5007 3370 5073; x_wconf 83' lang='grc' dir='ltr'>ἵνα,</span> <span class='ocrx_word' id='word_1_760' title='bbox 3429 5009 3615 5078; x_wconf 80' lang='grc' dir='ltr'>ὥσπερ</span> 
     </span>
    </p>
   </div>
   <div class='ocr_carea' id='block_1_109' title="bbox 2041 5081 3609 5168">
    <p class='ocr_par' dir='ltr' id='par_1_109' title="bbox 2041 5081 3609 5168">
     <span class='ocr_line' id='line_1_110' title="bbox 2041 5081 3609 5168; baseline 0.013 -34"><span class='ocrx_word' id='word_1_761' title='bbox 2041 5081 2239 5147; x_wconf 78' lang='grc' dir='ltr'>ἆλατος</span> <span class='ocrx_word' id='word_1_762' title='bbox 2264 5088 2338 5157; x_wconf 81' lang='grc' dir='ltr'>μὴ</span> <span class='ocrx_word' id='word_1_763' title='bbox 2373 5089 2527 5152; x_wconf 73' lang='grc' dir='ltr'>ὄντος</span> <span class='ocrx_word' id='word_1_764' title='bbox 2553 5091 2910 5164; x_wconf 83' lang='grc' dir='ltr'>ἐξαρτύοντος</span> <span class='ocrx_word' id='word_1_765' title='bbox 2941 5097 3265 5165; x_wconf 75' lang='grc' dir='ltr'>άχρειοῦται</span> <span class='ocrx_word' id='word_1_766' title='bbox 3296 5099 3357 5151; x_wconf 81' lang='grc' dir='ltr'>τὸ</span> <span class='ocrx_word' id='word_1_767' title='bbox 3390 5101 3609 5168; x_wconf 75' lang='grc' dir='ltr'>ἔδεσμα,</span> 
     </span>
    </p>
   </div>
   <div class='ocr_carea' id='block_1_110' title="bbox 2039 5170 3615 5258">
    <p class='ocr_par' dir='ltr' id='par_1_110' title="bbox 2039 5170 3615 5258">
     <span class='ocr_line' id='line_1_111' title="bbox 2039 5170 3615 5258; baseline 0.013 -36"><span class='ocrx_word' id='word_1_768' title='bbox 2039 5170 2182 5223; x_wconf 76' lang='grc' dir='ltr'>οὕτω</span> <span class='ocrx_word' id='word_1_769' title='bbox 2215 5175 2311 5228; x_wconf 70' lang='grc' dir='ltr'>καὶ</span> <span class='ocrx_word' id='word_1_770' title='bbox 2347 5177 2460 5245; x_wconf 83' lang='grc' dir='ltr'>βίος</span> <span class='ocrx_word' id='word_1_771' title='bbox 2492 5181 2876 5249; x_wconf 85' lang='grc' dir='ltr'>άπρόσμικτος</span> <span class='ocrx_word' id='word_1_772' title='bbox 2924 5185 3114 5256; x_wconf 81' lang='grc' dir='ltr'>ἀγάπῃ</span> <span class='ocrx_word' id='word_1_773' title='bbox 3159 5188 3239 5250; x_wconf 82' lang='grc' dir='ltr'><strong>εἰς</strong></span> <span class='ocrx_word' id='word_1_774' title='bbox 3285 5190 3441 5256; x_wconf 76' lang='grc' dir='ltr'>μῖσος</span> <span class='ocrx_word' id='word_1_775' title='bbox 3478 5189 3615 5258; x_wconf 81' lang='grc' dir='ltr'>λογί-</span> 
     </span>
    </p>
   </div>
   <div class='ocr_carea' id='block_1_111' title="bbox 2041 5262 3693 5353">
    <p class='ocr_par' dir='ltr' id='par_1_111' title="bbox 2041 5262 3693 5353">
     <span class='ocr_line' id='line_1_112' title="bbox 2041 5262 3693 5353; baseline 0.013 -39"><span class='ocrx_word' id='word_1_776' title='bbox 2041 5262 2206 5332; x_wconf 78' lang='grc' dir='ltr'>ζηται</span> <span class='ocrx_word' id='word_1_777' title='bbox 2245 5267 2322 5336; x_wconf 81' lang='grc' dir='ltr'>τῷ</span> <span class='ocrx_word' id='word_1_778' title='bbox 2359 5269 2496 5339; x_wconf 82' lang='grc' dir='ltr'><strong>Θεῷ.</strong></span> <span class='ocrx_word' id='word_1_779' title='bbox 2533 5273 2594 5325; x_wconf 87' lang='grc' dir='ltr'>Εἰ</span> <span class='ocrx_word' id='word_1_780' title='bbox 2627 5273 2807 5328; x_wconf 81' lang='grc' dir='ltr'>τοίνυν</span> <span class='ocrx_word' id='word_1_781' title='bbox 2832 5276 3007 5340; x_wconf 72' lang='grc' dir='ltr'>οὕτως</span> <span class='ocrx_word' id='word_1_782' title='bbox 3053 5281 3084 5346; x_wconf 78' lang='grc' dir='ltr'>ἡ</span> <span class='ocrx_word' id='word_1_783' title='bbox 3136 5281 3328 5348; x_wconf 81' lang='grc' dir='ltr'>βαθεῖα</span> <span class='ocrx_word' id='word_1_784' title='bbox 3361 5300 3380 5332; x_wconf 77' lang='grc' dir='ltr'><strong>ι</strong></span> <span class='ocrx_word' id='word_1_785' title='bbox 3421 5301 3611 5353; x_wconf 80' lang='grc' dir='ltr'>μνησι-</span> <span class='ocrx_word' id='word_1_786' title='bbox 3687 5305 3693 5311; x_wconf 62' lang='grc'><strong><em>’</em></strong></span> 
     </span>
    </p>
   </div>
   <div class='ocr_carea' id='block_1_112' title="bbox 2040 5356 3609 5443">
    <p class='ocr_par' dir='ltr' id='par_1_112' title="bbox 2040 5356 3609 5443">
     <span class='ocr_line' id='line_1_113' title="bbox 2040 5356 3609 5443; baseline 0.013 -37"><span class='ocrx_word' id='word_1_787' title='bbox 2040 5356 2230 5420; x_wconf 80' lang='grc' dir='ltr'>κακία,</span> <span class='ocrx_word' id='word_1_788' title='bbox 2267 5376 2284 5409; x_wconf 80' lang='grc' dir='ltr'><strong>ι</strong></span> <span class='ocrx_word' id='word_1_789' title='bbox 2331 5361 2364 5429; x_wconf 85' lang='grc' dir='ltr'><strong>ἡ</strong></span> <span class='ocrx_word' id='word_1_790' title='bbox 2394 5360 2616 5434; x_wconf 82' lang='grc' dir='ltr'>ὀλεθρία</span> <span class='ocrx_word' id='word_1_791' title='bbox 2653 5369 2923 5437; x_wconf 75' lang='grc' dir='ltr'>οἰκουρὸς,</span> <span class='ocrx_word' id='word_1_792' title='bbox 2975 5369 3034 5421; x_wconf 70' lang='grc' dir='ltr'>τὸ</span> <span class='ocrx_word' id='word_1_793' title='bbox 3063 5369 3270 5440; x_wconf 75' lang='grc' dir='ltr'>ψυχρὸν</span> <span class='ocrx_word' id='word_1_794' title='bbox 3325 5374 3609 5443; x_wconf 82' lang='grc' dir='ltr'>παραγκά-</span> 
     </span>
    </p>
   </div>
   <div class='ocr_carea' id='block_1_113' title="bbox 2039 5447 3608 5534">
    <p class='ocr_par' dir='ltr' id='par_1_113' title="bbox 2039 5447 3608 5534">
     <span class='ocr_line' id='line_1_114' title="bbox 2039 5447 3608 5534; baseline 0.012 -37"><span class='ocrx_word' id='word_1_795' title='bbox 2039 5447 2232 5516; x_wconf 89' lang='grc' dir='ltr'>λισμα,</span> <span class='ocrx_word' id='word_1_796' title='bbox 2265 5453 2296 5520; x_wconf 86' lang='grc' dir='ltr'><strong>ή</strong></span> <span class='ocrx_word' id='word_1_797' title='bbox 2324 5451 2658 5526; x_wconf 81' lang='grc' dir='ltr'>ψυχόλεθρος</span> <span class='ocrx_word' id='word_1_798' title='bbox 2687 5459 2892 5527; x_wconf 83' lang='grc' dir='ltr'>ἄμυνα,</span> <span class='ocrx_word' id='word_1_799' title='bbox 2924 5461 2952 5513; x_wconf 89' lang='lat'><strong>6</strong></span> <span class='ocrx_word' id='word_1_800' title='bbox 2983 5461 3265 5530; x_wconf 80' lang='grc' dir='ltr'>δαιμόνιος</span> <span class='ocrx_word' id='word_1_801' title='bbox 3293 5464 3450 5534; x_wconf 85' lang='grc' dir='ltr'>λόχος</span> <span class='ocrx_word' id='word_1_802' title='bbox 3481 5467 3608 5518; x_wconf 80' lang='grc' dir='ltr'>ὑπο-</span> 
     </span>
    </p>
   </div>
   <div class='ocr_carea' id='block_1_114' title="bbox 2038 5541 3607 5627">
    <p class='ocr_par' dir='ltr' id='par_1_114' title="bbox 2038 5541 3607 5627">
     <span class='ocr_line' id='line_1_115' title="bbox 2038 5541 3607 5627; baseline 0.013 -36"><span class='ocrx_word' id='word_1_803' title='bbox 2038 5541 2295 5610; x_wconf 74' lang='grc' dir='ltr'>κάοηται,</span> <span class='ocrx_word' id='word_1_804' title='bbox 2347 5547 2602 5611; x_wconf 78' lang='grc' dir='ltr'>ὑπούλως</span> <span class='ocrx_word' id='word_1_805' title='bbox 2641 5553 3024 5620; x_wconf 83' lang='grc' dir='ltr'>ἐνεδρεύουσα,</span> <span class='ocrx_word' id='word_1_806' title='bbox 3086 5555 3160 5619; x_wconf 87' lang='grc' dir='ltr'><strong>ὡς</strong></span> <span class='ocrx_word' id='word_1_807' title='bbox 3197 5558 3317 5610; x_wconf 85' lang='grc' dir='ltr'>τότε</span> <span class='ocrx_word' id='word_1_808' title='bbox 3376 5560 3607 5627; x_wconf 75' lang='grc' dir='ltr'>μάλιστα</span> 
     </span>
    </p>
   </div>
   <div class='ocr_carea' id='block_1_115' title="bbox 2039 5630 3603 5716">
    <p class='ocr_par' dir='ltr' id='par_1_115' title="bbox 2039 5630 3603 5716">
     <span class='ocr_line' id='line_1_116' title="bbox 2039 5630 3603 5716; baseline 0.013 -36"><span class='ocrx_word' id='word_1_809' title='bbox 2039 5630 2201 5697; x_wconf 82' lang='grc' dir='ltr'>φόνου</span> <span class='ocrx_word' id='word_1_810' title='bbox 2237 5634 2666 5704; x_wconf 77' lang='grc' dir='ltr'>μιμνήσκεσθαι,</span> <span class='ocrx_word' id='word_1_811' title='bbox 2693 5641 2781 5693; x_wconf 85' lang='grc' dir='ltr'>ὅτε</span> <span class='ocrx_word' id='word_1_812' title='bbox 2807 5644 2834 5694; x_wconf 87' lang='grc' dir='ltr'><em>ὁ</em></span> <span class='ocrx_word' id='word_1_813' title='bbox 2863 5648 3238 5714; x_wconf 72' lang='grc' dir='ltr'>μεμισημένος</span> <span class='ocrx_word' id='word_1_814' title='bbox 3262 5647 3406 5699; x_wconf 83' lang='grc' dir='ltr'>ἐλοοι</span> <span class='ocrx_word' id='word_1_815' title='bbox 3430 5648 3603 5716; x_wconf 74' lang='grc' dir='ltr'>ζητῶν</span> 
     </span>
    </p>
   </div>
   <div class='ocr_carea' id='block_1_116' title="bbox 434 5779 1956 5879">
    <p class='ocr_par' dir='ltr' id='par_1_116' title="bbox 434 5779 1956 5868">
     <span class='ocr_line' id='line_1_117' title="bbox 434 5779 1956 5868; baseline 0.015 -36"><span class='ocrx_word' id='word_1_816' title='bbox 434 5781 508 5848; x_wconf 83' lang='grc' dir='ltr'><strong>(Ι)</strong></span> <span class='ocrx_word' id='word_1_817' title='bbox 535 5779 722 5838; x_wconf 72' lang='lat' dir='ltr'><strong>Grmcc</strong></span> <span class='ocrx_word' id='word_1_818' title='bbox 777 5784 1173 5859; x_wconf 75' lang='grc' dir='ltr'>Σαπρώνυμος,</span> <span class='ocrx_word' id='word_1_819' title='bbox 1214 5805 1397 5846; x_wconf 83' lang='lat' dir='ltr'><strong>nomen</strong></span> <span class='ocrx_word' id='word_1_820' title='bbox 1457 5795 1725 5863; x_wconf 73' lang='lat' dir='ltr'><strong>putridum</strong></span> <span class='ocrx_word' id='word_1_821' title='bbox 1763 5815 1956 5868; x_wconf 60' lang='lat' dir='ltr'><strong>gerens</strong></span> 
     </span>
    </p>
   </div>
   <div class='ocr_carea' id='block_1_117' title="bbox 2061 5779 3389 5879">
    <p class='ocr_par' dir='ltr' id='par_1_117' title="bbox 2061 5803 3389 5879">
     <span class='ocr_line' id='line_1_118' title="bbox 2061 5803 3389 5879; baseline 0.014 -22"><span class='ocrx_word' id='word_1_822' title='bbox 2061 5803 2089 5857; x_wconf 86' lang='lat' dir='ltr'><strong>:l</strong></span> <span class='ocrx_word' id='word_1_823' title='bbox 2119 5806 2294 5871; x_wconf 86' lang='lat' dir='ltr'><strong>potius</strong></span> <span class='ocrx_word' id='word_1_824' title='bbox 2325 5824 2352 5860; x_wconf 68' lang='grc' dir='ltr'><em>α</em></span> <span class='ocrx_word' id='word_1_825' title='bbox 2385 5814 2658 5867; x_wconf 70' lang='grc' dir='ltr'>υιιιητιίίτιο</span> <span class='ocrx_word' id='word_1_826' title='bbox 2697 5816 3087 5876; x_wconf 71' lang='lat' dir='ltr'><strong>denominatus.</strong></span> <span class='ocrx_word' id='word_1_827' title='bbox 3155 5820 3389 5879; x_wconf 84' lang='lat' dir='ltr'><strong>irenicc.</strong></span> 
     </span>
    </p>
   </div>
  </div>
