3942 6250
265 305 378 369 573

1254 320 1341 384 ΞΝ
1382 321 1441 386 S.
1482 322 2160 396 QUADRAGESIMAM
2199 334 2486 403 ORATIO
2509 339 2560 402 Γ.

3434 347 3502 411 57

265 431 627 527 σομπάθειαν
665 465 734 477 -
756 430 840 501 τίς
875 437 1088 511 ἀνάγκη
1128 439 1355 514 θαρρεῖν
1392 445 1542 515 ἡμᾶς
1583 445 1848 502 δυσωπεῖν

1962 450 2049 506 ubi
2086 452 2309 514 invidus
2371 459 2512 515 clam
2562 459 2812 519 insidens
2857 469 2973 518 tum
3020 465 3257 523 maxime
3303 466 3371 524 de
3397 486 3534 527 nece

260 523 363 575 τὸν
388 524 535 581 οὕτω
565 545 585 580 r
624 532 1097 600 μνησικακοῦντα,
1136 553 1156 588 ι
1196 539 1290 591 καὶ
1324 537 1401 609 μὴ
1434 540 1739 608 ἡσυχάζειν
1761 541 1849 595 δε-

259 613 482 683 διότας,
506 617 582 690 μὴ
614 621 709 674 καὶ
739 621 1002 678 ἀποθάνοι
1033 624 1061 678 6
1085 623 1271 697 ζητῶν
1293 629 1491 698 ἄφεσιν
1519 632 1610 685 καὶ
1633 630 1852 702 συμπά-

263 704 429 763 θειαν
460 712 557 765 καὶ
578 713 929 786 συγχώρησιν
956 733 971 782 ;

342 986 437 1035 ια’.
478 980 825 1052 Εὔλαϐητέον
860 979 955 1036 οῦν
977 1022 995 1048 ,
1032 983 1130 1037 καὶ
1166 982 1340 1048 οὕτως
1388 984 1578 1039 ἐατέον
1615 985 1706 1041 τὸν
1758 1004 1851 1058 μι-

263 1070 496 1138 σοῦντα,
526 1074 622 1127 καὶ
657 1074 914 1145 μενετέον
945 1077 1004 1129 ὲν
1039 1076 1273 1148 συστολῇ
1302 1079 1507 1150 χειρῶν
1551 1078 1649 1134 καὶ
1681 1097 1852 1136 κατα-

264 1166 489 1235 κάμψει
519 1167 799 1239 σώματος,
829 1169 926 1223 καὶ
948 1171 1307 1241 ήσυχαστὲον,
1340 1172 1435 1225 καὶ
1459 1173 1539 1237 εἰς
1571 1172 1731 1243 μόνον
1754 1173 1850 1227 τὸν

260 1257 373 1327 τῆς
400 1258 619 1329 ἀγάπης
640 1258 775 1312 Θεὸν
804 1259 1110 1326 ὲλπιστέον,
1141 1261 1237 1316 καὶ
1263 1261 1440 1328 οὕτως
1464 1263 1673 1319 ἀνωθεν
1693 1264 1850 1319 ἑλκυ-

266 1350 436 1405 στὲον
461 1352 556 1406 τὸν
597 1352 795 1422 φίλιον,
835 1354 933 1408 καὶ
967 1355 1144 1419 ἄλλως
1177 1355 1235 1410 δὲ
1264 1357 1326 1410 τὸ
1372 1356 1504 1411 αὐτὸ
1543 1356 1849 1431 ἐπεξεργά-

266 1444 479 1498 σασθαι
530 1445 634 1516 τὴν
679 1445 1024 1519 τελειοτέραν
1067 1449 1391 1520 σαφήνειαν.
1445 1448 1543 1512 Τίς
1577 1449 1645 1505 ἂν
1692 1450 1850 1521 άνδρὶ

262 1535 544 1606 φθάσαντι
577 1537 886 1609 ιμϐαθύναι
928 1539 1013 1604 είς
1058 1541 1217 1611 μῖσος
1257 1540 1353 1596 καὶ
1396 1540 1845 1613 ἐμπλατύνεσθαι

234 1628 369 1705 τὴν
392 1629 612 1715 ἔχθραν,
645 1631 767 1688 εἶτα
794 1633 1114 1705 φαινομένῳ
1141 1633 1571 1705 μεταμέλεσθαι,
1596 1636 1846 1691 πιστεύοι

258 1725 334 1779 ἂν
373 1709 715 1792 σπείὲἑσϐαι,
738 1725 837 1786 καὶ
868 1725 944 1797 μὴ
967 1726 1476 1799 καιροφυλακήσειν
1514 1729 1598 1794 είς
1615 1729 1844 1801 ἄμεινον

258 1819 612 1890 δραστικήνς
658 1820 734 1875 Οὐ
766 1820 877 1891 γὰρ
907 1817 1063 1875 ἔστιν
1092 1819 1327 1874 αὐτόθεν
1372 1819 1755 1893 είδέναι“ήμᾶς
1783 1838 1848 1891 γε
1879 1805 1922 1862 Β

257 1910 431 1964 τοῦτο
478 1910 616 1982 πρὺς
660 1911 977 1982 ἀκρίϐειαν,
1008 1911 1084 1986 μὴ
1109 1910 1278 1968 αὑτοῦ
1302 1911 1443 1968 Θεοῦ
1491 1913 1846 1986 πληροφορή-

265 2020 469 2068 σαντος
517 2003 888 2075 ἀποκάλυψιν,
944 2005 1073 2059 ἔνθα
1122 2008 1152 2060 6
1199 2007 1527 2078 μεμισηκὼς
1572 2007 1634 2060 ού
1685 2007 1848 2076 μόνον

263 2097 631 2169 παραδείσου,
663 2097 801 2153 ἀλλὰ
830 2099 923 2153 καὶ
946 2098 1083 2153 Θεοῦ
1114 2100 1282 2155 αὑτοῦ
1312 2100 1489 2156 ἐθέλει
1511 2100 1654 2155 ἑκὼν
1676 2102 1847 2158 ὑπεκ-

264 2190 488 2259 στῆναι,
523 2191 573 2243 εί
608 2191 770 2260 μόνον
795 2190 1075 2264 ὲξισχύσει
1111 2191 1341 2264 βλάψειν
1365 2194 1459 2248 τὸν
1489 2196 1846 2267 μισούμενον.

267 2282 407 2335 Ὅτε
460 2281 557 2335 καὶ
594 2280 712 2346 πῶς
760 2281 829 2337 ἂν
859 2283 953 2337 τὸν
1000 2282 1148 2338 οὕτω
1177 2281 1274 2338 τοῦ
1328 2285 1522 2355 μίσους
1556 2283 1846 2356 ἄνθρωπον

267 2375 561 2428 πιστεύσοι
602 2374 868 2446 τιςφίλον
900 2376 1205 2448 προσιέναι,
1261 2377 1354 2431 καὶ
1406 2378 1482 2448 μὴ
1517 2375 1846 2449 ἐπέρχεσθαι

265 2467 347 2530 ὡς
388 2467 675 2521 ἐπίϐουλον
695 2485 713 2535 ;

345 2558 436 2632 ιβ’.
473 2559 790 2632 Μιμοῦμαι,
822 2553 868 2614 ὧ
918 2559 1084 2631 φίλοι,
1136 2560 1274 2633 arpi;
1325 2576 1496 2626 τινος,
1540 2560 1600 2615 ὃν
1656 2562 1848 2616 ύποθε.

267 2653 398 2707 τέον
430 2649 569 2706 εἶναι
593 2652 917 2723 Σαπρίκιον.
948 2653 1206 2724 ⁴ιιινερῶς
1236 2652 1407 2707 ἐθέλω
1442 2652 1807 2722 φιλιὼσασθαι
1828 2670 1842 2687 ⁸

267 2748 458 2819 τρέχω
496 2744 635 2816 πρὸς
663 2747 830 2802 αὐτὸν
859 2748 974 2816 ἐγὼ
1004 2747 1320 2819 Νικηφόρος
1348 2748 1424 2811 ὡς
1449 2749 1509 2801 ὲν
1544 2746 1802 2802 ὑποθέσει
1826 2765 1842 2781 ο

268 2839 581 2912 γουνοῦμαι
626 2841 710 2905 εἰς
740 2842 1081 2912 γνησιότητα
1113 2840 1336 2913 φιλικὴν
1376 2841 1748 2913 ἐγγραφῆναι.
1785 2839 1847 2897 '0

264 2933 325 2987 δὲ
360 2932 493 2997 ἴσως
530 2933 593 2986 ού
648 2933 811 3004 μόνον
839 2933 901 2988 οὐ
936 2934 1300 3006 προσήσεται,
1334 2933 1474 2988 ἀλλὰ
1516 2933 1629 2997 καὶ,
1663 2935 1717 2989 εί
1741 2950 1844 2989 που

269 3025 643 3098 πιρευρεθείη
679 3025 845 3092 λίθος,
885 3027 920 3099 ἢ
965 3025 1147 3093 ξύλον,
1195 3025 1433 3097 ἁρπάζει
1462 3025 1587 3081 κατ’
1618 3025 1756 3096 ιμοῦ
1783 3026 1846 3081 τὸ

1954 545 2178 616 cogitat,
2215 563 2342 605 cum
2366 549 2628 611 inimicus
2647 557 2798 611 venit
2823 557 3119 628 quaesitum
3147 560 3526 618 concordiam.

1952 636 2127 705 Quam
2188 641 2358 713 igitur
2404 660 2631 704 necesse
2667 650 2829 706 nobis
2861 657 2947 707 est
2985 653 3233 708 studiose
3286 655 3423 709 eniti
3469 663 3532 709 ut

1930 731 2272 801 .pertinaces
2309 740 2367 793 in
2411 740 2539 796 odio
2589 741 2898 812 ﬂectamus,
2942 756 3110 816 utque
3144 763 3421 818 nunquam
3458 750 3530 804 ti-

1950 839 2103 881 mere
2150 827 2490 899 desinamus,
2562 849 2633 889 na
2698 837 2744 892 is
2799 838 3066 895 moriatur
3119 840 3215 910 qui
3286 842 3525 910 veniam,

1950 919 2307 976 concordiam
2340 923 2792 996 consortiumque
2830 930 3101 998 postulati

2023 1010 2111 1064 tl.
2144 1011 2256 1066 Isto
2311 1015 2473 1068 modo
2530 1024 2749 1085 oportet
2808 1033 2911 1074 nos
2963 1019 3240 1077 hominem
3276 1020 3526 1077 invidum

1950 1117 2145 1159 cavere
2177 1112 2341 1174 atque
2360 1107 2633 1176 deserere,
2680 1118 2735 1165 et
2764 1126 3111 1177 perseverare
3138 1114 3193 1170 in
3225 1130 3525 1171 conseren-

1950 1192 2036 1249 dis
2092 1196 2386 1264 manibus,
2459 1199 2515 1254 in
2571 1198 2851 1258 flectendis
2904 1203 3169 1273 genibus,
3236 1206 3290 1260 in
3338 1207 3522 1276 quieta

1956 1286 2091 1353 vita,
2128 1287 2201 1344 ita
2228 1298 2292 1346 ut
2320 1306 2603 1360 speremus
2640 1310 2751 1349 uno
2786 1295 2841 1350 in
2866 1295 2976 1352 Deo
3003 1297 3314 1364 charitatis,
3355 1309 3524 1370 utque

1950 1377 2186 1435 amicum
2236 1396 2268 1438 e
2311 1383 2531 1440 sublimi
2560 1386 2916 1454 asciscamus,
2954 1389 3160 1460 talique
3218 1389 3433 1446 ratione
3472 1400 3525 1446 et

1949 1472 2072 1529 aliis
2096 1473 2368 1533 similibus
2413 1488 2671 1534 aeternam
2700 1480 2876 1537 lucem
2932 1496 3330 1552 comparemus.
3383 1483 3529 1538 Prte-

1947 1566 2098 1617 terea
2123 1563 2245 1634 quis
2295 1566 2518 1621 audebit
2551 1569 2728 1623 redire
2757 1570 2810 1625 in
2868 1572 3101 1642 gratiam
3128 1576 3253 1628 chm
3302 1573 3523 1628 homine

1947 1653 2042 1725 qui
2069 1664 2358 1728 postquam
2384 1661 2491 1716 alte
2523 1661 2708 1716 odium
2768 1662 2986 1735 lateque
3048 1667 3158 1720 iras
3187 1666 3520 1731 exercuerit,

1951 1746 2277 1818 resipiscere
2340 1750 2598 1807 videtur?
2643 1755 2768 1824 quis
2816 1764 3008 1812 contra
3042 1772 3150 1812 non
3207 1766 3523 1828 suspectam

1955 1839 2177 1898 habebit
2204 1842 2371 1898 vitam
2406 1842 2461 1899 in
2492 1845 2711 1911 melius,
2744 1848 2838 1902 sed
2878 1847 2948 1904 ad
3000 1849 3165 1905 breve
3212 1850 3525 1907 mutatam?

1951 1930 2064 1989 Nec
2098 1941 2184 1989 est
2207 1935 2354 1990 enim
2387 1942 2450 1991 ut
2478 1949 2577 2006 per
2605 1951 2706 1994 nos
2746 1939 3028 2010 explorate
3050 1941 3316 2007 sciamus,
3366 1952 3523 1999 ante-

1951 2042 2114 2101 quam
2145 2029 2288 2086 Deus
2318 2029 2531 2088 detecta
2574 2047 2635 2088 re
2685 2031 2945 2090 certiores
2994 2047 3094 2089 nos
3130 2033 3340 2099 fecerit,
3388 2049 3520 2089 num

1951 2121 2170 2178 invidus
2198 2136 2320 2179 sese
2353 2138 2417 2179 ex
2447 2124 2721 2195 paradiso,
2756 2125 2866 2180 imo
2889 2140 2954 2180 ex
2989 2122 3098 2182 Deo
3122 2125 3232 2196 jam
3274 2140 3524 2199 segrega-

1953 2218 2066 2265 tum
2089 2211 2263 2278 malit,
2293 2211 2594 2270 dummodo
2647 2213 2809 2271 liceat
2839 2229 3038 2273 nocere
3078 2215 3128 2271 ei
3157 2230 3320 2285 quem
3368 2232 3523 2274 exse-

1952 2309 2159 2359 cratur.
2194 2301 2313 2371 Qua
2359 2320 2487 2376 ergo
2532 2304 2617 2361 via
2668 2306 2793 2377 quis
2830 2306 3028 2376 peterit
3069 2305 3343 2362 hominem
3395 2308 3521 2363 odio

1951 2404 2060 2449 tam
2106 2396 2402 2466 proclivem
2430 2403 2490 2452 ut
2513 2396 2748 2453 amicum
2777 2398 2950 2463 adire,
2984 2412 3087 2454 nec
3116 2398 3302 2469 potius
3357 2407 3520 2454 caute

1950 2486 2243 2542 convenire
2277 2497 2337 2542 ut
2389 2487 2617 2542 insidias
2664 2486 3019 2544 molientem!

2022 2578 2110 2633 £2.
2150 2576 2305 2634 Pouo
2337 2593 2447 2643 me,
2477 2579 2662 2642 amici.
2694 2594 2878 2635 coram
2904 2578 3127 2635 homine
3161 2596 3321 2652 quem
3355 2580 3529 2653 tinge-

1951 2680 2073 2724 mus
2103 2680 2227 2723 esse
2259 2665 2592 2737 Sapricium.
2628 2665 2767 2724 Volo
2801 2669 2963 2740 plane
2989 2668 3047 2725 in
3075 2669 3195 2741 ejus
3221 2672 3520 2727 amicitiam

1950 2759 2140 2829 recipi.
2170 2758 2412 2814 Accurro
2462 2758 2529 2814 ad
2557 2774 2682 2815 eum
2712 2775 2838 2831 ego,
2883 2768 2941 2816 ut
3004 2762 3308 2830 posuimus,
3363 2764 3526 2820 Nico.

1948 2851 2180 2921 phorus.
2231 2846 2419 2906 Genua
2466 2850 2768 2920 amplector
2817 2860 2879 2908 ut
2926 2852 3112 2908 ﬁdeles
3147 2854 3290 2909 inter
3314 2855 3522 2912 amicos

1948 2955 2038 2995 me
2068 2941 2400 2996 conscribat.
2429 2939 2483 2996 Is
2513 2950 2696 2995 autem
2730 2939 2960 2996 forsitan
2986 2940 3122 2996 adeo
3144 2956 3254 2996 non
3280 2940 3524 2998 deiecta-

1950 3031 2099 3085 bitur
2127 3038 2184 3085 ut
2211 3040 2402 3087 contra
2448 3045 2546 3087 seu
2577 3032 2832 3101 iapidcm,
2859 3048 2954 3088 seu
2990 3031 3214 3100 lignum,
3242 3048 3337 3089 seu
3367 3034 3525 3105 quid-

269 3116 738 3189 παρευρημένονο
773 3118 1082 3191 παραϐαλεῖ
1119 3119 1176 3173 δὲ
1210 3119 1307 3172 καὶ
1349 3117 1584 3189 ξίφεσιν,
1618 3117 1674 3172 εῐ
1694 3135 1844 3184 τινες

1953 3120 2077 3191 quid
2098 3119 2368 3177 invenerit
2422 3120 2687 3178 adversus
2718 3136 2805 3177 me
2831 3122 3075 3193 arripiat.
3111 3121 3225 3179 lino
3262 3132 3400 3181 ‘ense
3426 3141 3522 3195 ag-

267 3209 647 3282 παρατύχοιεν
674 3211 821 3265 οὕτω
854 3210 1166 3275 θανοῦντες.
1198 3210 1324 3276 Πῶς
1350 3210 1448 3265 οὖν
1474 3213 1575 3266 οὐκ
1605 3209 1844 3282 εὐλαϐή-

269 3320 481 3373 σομαις
515 3303 631 3366 πῶς
661 3304 722 3356 οὐ
759 3300 1105 3374 φοϐήσομαις
1138 3302 1303 3357 πόθεν
1334 3316 1426 3373 μοι
1456 3301 1661 3376 θάρρος
1689 3302 1848 3358 ἔσται

272 3393 586 3464 προσμίξαι
627 3392 704 3462 τῷ
736 3395 1022 3466 Σαπρικίῳ
1067 3398 1150 3457 είς
1196 3394 1435 3465 ὁμιλίαν,
1495 3395 1579 3448 ὅτι
1630 3393 1705 3465 μὴ
1759 3394 1848 3450 διὰ

279 3488 445 3558 μόνον
478 3487 574 3540 τοῦ
607 3486 766 3552 Θεοῦ,
799 3485 1113 3558 ὡθήσαντὸς
1149 3502 1239 3557 με,
1260 3485 1338 3551 ὡς
1375 3487 1582 3550 ἐκεῖνος
1614 3483 1724 3540 οἶδε
1751 3487 1848 3541 καὶ

271 3584 344 3636 τά
373 3580 602 3636 τοιαῦτα
634 3581 973 3652 οίκονομιῖν;
1007 3578 1241 3647 Οὐκοῦν,
1269 3580 1326 3634 ετ
1344 3596 1430 3645 τις
1451 3580 1588 3651 ὀρθὰ
1628 3583 1848 3652 φρονεῖν

274 3675 468 3730 θεόθεν
494 3673 710 3745 ἔλαχεν,
739 3674 960 3743 δκνήσοι
990 3674 1058 3726 ἀν
1098 3674 1441 3746 προδραμεῖν
1467 3674 1563 3728 καὶ
1596 3673 1848 3745 ἁρπάσαι

272 3769 366 3821 τὺν
394 3766 623 3829 ἱκέσιον,
654 3768 746 3821 καὶ
768 3766 1184 3837 ἐκμειλίξασθαι
1205 3766 1298 3820 τὸν
1328 3765 1609 3837 πεφηνότα
1632 3766 1844 3837 ἐχθρὸν,

276 3861 340 3913 οὐ
376 3860 519 3913 κατά
549 3858 1086 3929 συγκυρίαννάπλῶς,
1110 3858 1244 3912 ἀλλά
1270 3856 1507 3929 μελέτην
1531 3857 1845 3930 ἐνδόμυχον,

277 3953 373 4005 καὶ
409 3951 583 4021 αὐτὴν
613 3950 954 4022 ἔμπρακτον,
1003 3951 1098 4004 καί
1143 3966 1208 4019 γε
1241 3947 1512 4020 ὀλεθρίαν.
1554 3949 1608 4003 εί
1638 3948 1716 4022 μὴ
1743 3946 1848 4020 τὴν

278 4044 466 4116 ἀκμὴν
501 4044 595 4098 τοῦ
627 4044 991 4114 αἰχμάσοντος
1017 4042 1292 4116 ἤμϐλυνεν
1318 4045 1346 4096 6
1377 4041 1531 4107 Θεός.
1712 4101 1753 4125 ﬁ

348 4233 445 4299 ιγ’.
479 4228 612 4281 Δέον
637 4224 838 4293 τοίνυν,
867 4226 1026 4289 εἴτις
1057 4223 1238 4296 ἐχθρῷ
1268 4222 1497 4295 τοιούτῳ
1527 4221 1844 4295 περιπέσοι,

275 4313 649 4383 ἀναποδίζων,
678 4316 733 4370 εί
749 4333 854 4371 που
887 4314 1039 4387 αύτῷ
1085 4314 1377 4385 περιτύχῃ,
1424 4315 1520 4368 καὶ
1562 4314 1844 4386 πρύμναν,

272 4413 349 4476 ὼς
371 4412 550 4472 οὕτως
577 4410 772 4473 εἰπεῖν,
807 4407 1125 4479 κρούεσθαι,
1156 4406 1251 4460 καὶ
1283 4406 1653 4476 ἀνακωχεύειν
1683 4405 1744 4459 ἒν
1769 4404 1848 4475 τῷ

1949 3211 2267 3284 gredietur,
2306 3214 2352 3268 si
2407 3213 2496 3268 cui
2552 3215 2627 3269 ita
2684 3214 2823 3270 mori
2884 3214 2945 3269 in
3008 3225 3263 3284 promptu
3329 3214 3519 3271 fuerit.

1948 3301 2237 3368 Quomodo
2283 3303 2449 3374 igitur
2496 3318 2608 3358 non
2654 3303 2924 3359 caveam?
2961 3319 3062 3360 cur
3112 3320 3221 3360 non
3258 3305 3525 3359 timeam?

1951 3392 2095 3448 unde
2124 3392 2353 3449 audeam
2384 3395 2527 3450 inire
2557 3408 2683 3450 cum
2716 3394 2964 3464 Sapricio
3002 3395 3319 3450 societatem
3343 3434 3358 3461 ,
3415 3395 3520 3451 nisi

1951 3484 2219 3556 impulsus
2246 3500 2276 3540 a
2312 3486 2430 3542 solo
2462 3485 2594 3550 Deo,
2622 3495 2681 3541 ut
2724 3487 2842 3558 ipse
2869 3484 3228 3555 Nicephorius.
3263 3485 3317 3540 id
3366 3501 3525 3556 pera-

1949 3576 2186 3648 gendum
2215 3579 2580 3649 susceperim?
2608 3577 2752 3646 Ergo
2774 3578 3089 3649 quicunque
3127 3594 3157 3633 a
3196 3576 3308 3635 Deo
3328 3593 3521 3634 sanam

1949 3670 2165 3741 accepit
2188 3679 2424 3727 mentem
2451 3685 2563 3726 non
2588 3670 2640 3726 id
2671 3670 2974 3727 committet
3008 3679 3068 3725 ut
3099 3671 3250 3742 prior
3269 3679 3533 3740 occupet,

1950 3772 2044 3819 aut
2071 3762 2351 3835 pracipiat
2406 3774 2502 3819 aut
2536 3762 2931 3819 mansuefaciat
2960 3762 3270 3834 professum
3331 3763 3400 3819 dc
3431 3778 3524 3834 ge-

1949 3871 2078 3912 nere
2111 3856 2217 3912 hoc
2283 3856 2600 3924 inimicum;
2659 3871 2762 3912 nec
2812 3857 2934 3926 ejus
2993 3870 3284 3912 occursum
3340 3855 3533 3912 solum

1949 3947 2181 4014 cavebit,
2217 3944 2317 4003 sed
2340 3947 2549 4002 occulta
2578 3948 2743 4004 etiam
2770 3948 3006 4019 incepta,
3039 3963 3162 4019 quae
3186 3963 3296 4003 non
3342 3947 3534 4015 irrita,

1946 4041 2058 4097 imo
2086 4038 2408 4108 ctiethalia,
2454 4038 2566 4095 Deo
2627 4054 2737 4095 non
2789 4039 3125 4095 obtundente
3161 4038 3370 4103 aciem,
3400 4052 3538 4093 esse-

1983 4138 2189 4188 essent.

1983 4147 2189 4188 essent.

1945 4147 2108 4279 p.15.
2138 4220 2384 4292 Oportet,
2410 4222 2461 4278 si
2497 4221 2614 4292 quis
2645 4220 2699 4275 in
2731 4221 2893 4275 talem
2929 4220 3214 4275 inimicum
3243 4219 3532 4287 inciderit,

1945 4314 2141 4384 pedem
2191 4313 2412 4377 referat,
2461 4311 2648 4366 sidata
2701 4312 2772 4367 sit
2795 4312 2975 4381 copia,
3019 4326 3346 4382 navemque,
3372 4312 3535 4368 utita

1948 4405 2146 4469 dicam,
2191 4411 2341 4460 retro
2372 4410 2516 4473 agat,
2550 4403 2860 4473 condatque
2897 4405 3149 4460 celeriter
3197 4405 3249 4458 in
3283 4406 3538 4459 statione

276 4501 655 4565 εὐλαϐεῖσθαι,
690 4498 765 4570 μὴ
813 4501 934 4565 καὶ,
970 4497 1169 4569 λιμένα
1214 4496 1388 4549 δοκῶν
1418 4497 1621 4565 εὑρεῖν,
1673 4512 1845 4568 προσ-

1955 4495 2277 4567 prudentiae,
2336 4510 2406 4550 ne
2449 4495 2614 4562 forte,
2649 4498 2696 4552 si
2749 4495 3047 4550 cessaverit
3095 4496 3154 4550 in
3193 4494 3536 4552 inveniendo

276 4591 661 4664 αραχθήσεται
698 4590 866 4662 ῥαχίᾳ
912 4590 992 4652 εις
1045 4586 1359 4642 ἀπώλειαν
1395 4588 1491 4641 καὶ
1530 4587 1630 4640 οὐκ
1659 4585 1726 4642 ἂν
1761 4585 1850 4655 εἴη

279 4684 589 4756 μεμπτὲος,
631 4678 823 4752 οἶμαι,
874 4683 903 4736 6
949 4679 1212 4745 τοιοῦτος,
1266 4678 1389 4732 οὐδὲ
1441 4677 1727 4743 πτοιαλέος
1771 4678 1851 4741 εἰς

275 4776 629 4838 ἁνένδεκτον,
654 4773 816 4844 εἴπερ
856 4771 1021 4827 αὑτὸν
1045 4772 1257 4825 ἐκεῖνον
1285 4769 1379 4826 τὸν
1423 4767 1731 4840 βαρύτατον
1760 4769 1854 4840 ὲχ-

276 4871 412 4941 θρὸν
450 4868 745 4939 προσιόντα
779 4866 1019 4938 βλέπων,
1043 4868 1140 4921 καὶ
1166 4863 1551 4926 ἀϐασανίστως
1581 4860 1852 4916 λαλοῦντα

275 4960 748 5025 καταλλακτικὸν,
769 4952 1031 5032 παρέλθοι
1050 4957 1532 5027 ἀναστελλόμενος.
1553 4954 1851 5026 Πόθενιγὰρ

275 5054 578 5123 δυνήσεται
611 5049 1014 5123 θαρῤύνασθαι,
1045 5049 1122 5114 ὡς
1156 5050 1233 5122 μὴ
1259 5047 1658 5110 δυσελπιστεῑν,
1691 5046 1853 5114 ἥκειν

277 5146 499 5198 ἐκεῖνον
532 5143 629 5197 ἐπὶ
675 5143 902 5215 σπονδῇ,
933 5142 994 5196 ού
1031 5140 1136 5213 μὴν
1189 5140 1284 5195 ἐπὶ
1334 5138 1561 5209 σπουδῇ,
1614 5137 1853 5207 μεγάλου

279 5237 496 5296 κακοῦς
532 5237 646 5289 Καὶ
684 5235 802 5290 ἔστι
838 5236 899 5290 τὸ
931 5236 1168 5306 πρᾶγμα
1200 5233 1419 5289 εἰκάσαι
1441 5231 1656 5297 οὓτωςο
1689 5230 1856 5301 φοϐε-

284 5330 379 5399 ρὸς
409 5331 440 5382 6
484 5327 624 5381 λέων
666 5327 993 5393 ὲξάπαντος,
1025 5326 1150 5382 ὅθεν
1182 5327 1276 5380 καὶ
1306 5323 1630 5398 προσελθεῖν
1660 5322 1863 5394 ἐκείνῳ

282 5418 434 5471 πάνυ
478 5434 534 5471 τι
584 5417 846 5491 ἀθαρσὲς,
879 5419 928 5472 εἰ
977 5418 1076 5472 καὶ
1119 5416 1346 5472 ἁλύσεσι
1392 5415 1856 5485 κατακλειόμενος

283 5509 632 5580 περιδὲδεται
651 5525 667 5541 ·
695 5510 793 5564 καὶ
821 5508 1194 5582 ἐπερχόμενον
1218 5508 1276 5563 δὲ
1320 5507 1443 5562 ίδὼν
1483 5506 1644 5577 φύγοι
1674 5507 1740 5562 ἄν
1770 5522 1856 5569 τις

284 5601 345 5665 ἐς
400 5600 588 5671 τάχος.
642 5601 691 5654 εί
729 5600 804 5673 μὴ
856 5603 985 5664 τοὺς
1034 5601 1204 5664 πόδας
1248 5598 1559 5653 ἀποκωλύει
1602 5598 1663 5650 τὸ
1713 5596 1851 5659 δέος.

296 5693 507 5763 ὀμοίῳ
539 5692 603 5765 δὴ
639 5693 785 5765 λόγῳ
814 5695 1058 5763 φευκτέα
1091 5693 1187 5746 καὶ
1221 5693 1253 5762 ἡ
1300 5692 1626 5762 βαθύρῥιζος
1659 5689 1851 5760 ἔχθρα,

289 5791 383 5840 καὶ
414 5789 443 5841 6
483 5787 608 5840 κατ’
642 5787 809 5858 αὐτὴν
847 5786 1152 5856 λεοντώδης
1182 5784 1411 5856 ἐχθρός.
1467 5782 1620 5851 Ἐχοι
1672 5780 1851 5833 τοίνυν

1951 4596 2132 4661 portu,
2164 4603 2197 4643 ιι
2228 4596 2383 4658 tergo
2410 4587 2652 4643 caedatur
2681 4602 2855 4658 usque
2884 4588 2952 4644 ad
2998 4602 3210 4643 necem.
3242 4588 3353 4644 Nec
3372 4590 3533 4643 locus

1950 4685 2120 4743 esset,
2153 4682 2512 4741 credo.tcur
2568 4677 2690 4733 talis
2756 4678 2840 4733 vir
2892 4678 3142 4747 culpetur
3182 4695 3198 4733 :
3246 4680 3391 4733 nulla
3440 4687 3533 4736 est

1951 4769 2097 4824 enim
2128 4767 2394 4824 timiditas
2428 4766 2801 4824 ineluctabilia
2851 4767 3194 4823 detrectanti.
3238 4765 3376 4824 Jurc
3426 4768 3538 4838 igi-

1955 4869 2044 4916 tur
2073 4860 2238 4916 homo
2263 4866 2474 4928 noster,
2516 4859 2566 4916 si
2609 4859 2996 4930 gravissimum
3052 4859 3203 4916 hunc
3239 4860 3536 4915 inimicum

1952 4952 2293 5022 prospexerit
2319 4952 2386 5006 ad
2414 4966 2473 5006 se
2500 4951 2805 5007 venientem
2834 4957 2894 5006 et
2934 4950 3255 5007 inconsulto
3299 4951 3368 5007 de
3393 4967 3527 5005 eon-

1953 5044 2134 5098 cordia
2150 5044 2778 5115 loquentem,conversus
2790 5043 2843 5099 in
2855 5042 3036 5114 fugam
3052 5043 3119 5100 ab
3130 5057 3196 5100 eo
3207 5043 3522 5099 declinabit.

1957 5133 2112 5191 Unde
2137 5136 2285 5191 cutim
2340 5136 2540 5205 poterit
2590 5136 2724 5189 satis
2753 5133 3049 5191 conﬁdenti
3095 5148 3221 5190 esse
3253 5135 3434 5188 animo
3466 5143 3524 5187 ut

1955 5236 2137 5298 speret
2182 5227 2462 5282 inimicum
2492 5226 2753 5282 accedere
2811 5226 2876 5280 ad
2908 5225 3365 5286 conciliationem,
3411 5238 3527 5277 non

1955 5331 2249 5388 preperare
2273 5316 2343 5372 ad
2376 5331 2629 5388 magnum
2683 5316 2899 5371 facinus
2921 5315 2952 5368 ’ἐ
2981 5314 3117 5369 Rern
3162 5313 3531 5369 similitudine

1955 5408 2315 5464 adumbrabo.
2373 5406 2657 5464 Terribilis
2705 5416 2787 5462 est
2847 5406 2930 5460 leo
2975 5420 3097 5460 cum
3154 5404 3414 5459 occurrit.
3456 5401 3524 5458 Ut

1955 5516 2084 5559 vero
2115 5502 2260 5557 nulla
2289 5517 2428 5573 opus
2447 5511 2596 5559 esset
2617 5501 2845 5556 audacia
2874 5498 2923 5554 si
2971 5498 3097 5568 quis
3146 5511 3270 5554 eum
3303 5497 3358 5553 in
3402 5512 3525 5554 car-

1957 5609 2081 5651 cere
2105 5594 2408 5650 cohibitum
2440 5601 2496 5649 et
2526 5591 2737 5647 catenis
2772 5589 3141 5645 constrictum
3164 5589 3528 5658 conveniret,

1955 5688 2032 5742 sic
2066 5683 2431 5757 [liberatum]
2483 5693 2536 5738 et
2573 5688 2949 5737 occurrentem
3002 5680 3187 5751 quivis
3222 5694 3387 5753 quam
3444 5682 3526 5738 ci-

1956 5774 2167 5834 tissime
2206 5775 2448 5844 fugeret,
2476 5772 2640 5829 modo
2682 5785 2788 5828 non
2832 5769 2994 5842 pedes
3031 5785 3230 5840 pavore
3268 5771 3531 5830 constite-
