3884 6244
390 301 497 366 5ῗό

1102 295 1528 358 EUS’I‘ATHH.
1571 288 2339 355 THESSALONICENSIS
2381 288 2954 352 METROPOLITAE

3541 287 3652 351 576

390 416 525 470 rint.
554 412 730 470 Simili
755 411 915 467 modo
941 409 1255 481 fugiendum
1287 420 1371 463 est
1395 407 1579 462 odium
1613 404 1738 460 altis
1774 402 1971 459 radici—

2082 400 2274 473 ἐπίσης
2300 405 2525 473 ποιῆσαι
2556 402 2708 455 ῶσπε
2719 420 2772 471 ρ,
2797 402 2936 473 πυρὶ
2960 400 3237 470 προσᾶραι
3268 399 3404 454 πόδα
3427 402 3652 470 γυμνόν

390 505 495 561 bus
527 507 765 567 haerens,
788 502 1183 572 fugiendusque
1213 498 1468 554 inimicus
1494 513 1590 569 per
1612 495 1761 551 istud
1785 495 1971 549 odium

392 596 539 652 leoni
582 595 796 651 similis.
840 593 1038 648 Pedem
1091 593 1298 647 nudum
1342 590 1396 644 in
1455 591 1608 660 ignes
1666 601 1800 642 sane
1847 600 1973 656 pro-

392 689 580 754 ferret,
614 686 707 757 qui
737 700 796 740 se
824 684 919 739 tali
949 684 1187 741 sociaret
1237 683 1481 747 inimico,
1525 679 1819 734 amicitiam
1843 692 1970 731 cum

393 796 461 836 eo
539 777 843 835 secundum
899 776 1173 848 justitiam
1246 774 1665 830 conciliaturus.
1745 769 1973 840 Oportet

392 888 515 927 eum
543 870 718 943 fugiat
739 876 1118 926 occurrentem
1148 866 1305 938 quasi
1338 865 1402 920 ad
1433 862 1643 923 oscula,
1678 876 1786 916 non
1813 874 1972 916 secus

394 979 458 1020 ac
495 966 541 1020 si
565 975 692 1019 ante
724 964 890 1034 pedes
918 963 1062 1031 ignis
1089 957 1500 1014 accenderetur.
1548 953 1702 1022 Quod
1731 954 1877 1008 enim
1903 953 1971 1006 ad

393 1056 843 1126 perturbationes
872 1054 1069 1108 mentis
1099 1051 1317 1114 attinet,
1351 1048 1444 1119 qui
1484 1047 1552 1101 ad
1604 1062 1666 1101 ea
1728 1043 1968 1115 pericula

393 1151 649 1204 incautus
676 1147 785 1202 ruit
813 1161 935 1215 quae
958 1152 1148 1211 postea
1178 1149 1438 1212 expertus
1467 1137 1807 1203 reformidat,
1826 1138 1968 1192 idem

394 1241 524 1296 facit
563 1255 627 1294 ac
676 1239 720 1295 si
755 1252 865 1292 non
898 1236 1107 1290 videret
1134 1233 1281 1305 quod
1310 1242 1435 1288 ante
1470 1230 1662 1302 pedes.

469 1333 558 1388 14.
591 1333 829 1389 Necesse
861 1340 1125 1400 estergo,
1162 1337 1220 1383 ut
1248 1337 1475 1397 apparet
1505 1341 1571 1380 ex
1615 1325 1700 1378 his
1725 1339 1843 1393 qua:
1866 1340 1970 1379 nu-

396 1443 493 1496 per
523 1427 790 1490 diximus,
817 1439 976 1480 orare
1000 1440 1067 1478 ne
1097 1425 1221 1493 quis
1252 1422 1405 1492 prior
1435 1435 1529 1475 vos
1551 1418 1678 1473 odio
1702 1417 1969 1486 pertinaci

394 1527 644 1587 occupet.
684 1516 782 1572 Sin
816 1526 995 1572 autem
1046 1516 1101 1570 in
1137 1515 1276 1569 tales
1330 1514 1578 1567 miserias
1638 1509 1966 1571 incideritis,

2075 493 2222 549 οὕτω
2253 497 2347 549 καὶ
2398 496 2626 566 τοιούτῳ
2679 495 2861 567 ἐχθρῷ
2903 496 3205 567 προσμίξαι
3264 495 3348 558 είς
3400 510 3662 563 πραγμα·

2074 588 2223 643 τείαν
2254 586 2442 658 φιλίας
2473 587 2573 657 τῆς
2599 587 2737 657 προς
2764 587 3063 657 ὀρθότητα,
3110 587 3204 640 καὶ
3248 584 3661 658 προερχόμενον

2072 679 2127 732 δὲ
2159 679 2235 743 ὡς
2262 679 2552 749 ἀγαπῆσαι
2589 679 2820 749 φεύγειν
2842 679 2979 733 ὡσεὶ
3008 682 3106 733 καὶ
3146 679 3283 755 πῦρ,
3313 678 3342 732 ὃ
3374 678 3568 749 φλέγει
3594 678 3660 731 τὰ

2073 776 2132 827 ὲν
2180 772 2360 828 ποσίν.
2403 773 2636 843 Ὅμοιον
2667 774 2801 842 γὰρ,
2837 774 2909 826 τά
2938 790 3002 842 γε
3039 776 3121 837 είς
3165 774 3349 843 ψυχῆς
3396 772 3656 841 τάραχον,

2073 868 2385 937 ἐπιτρέχειν
2422 884 2482 920 τε
2506 867 2840 935 ἀφυλάκτως
2873 867 3189 937 πράγματι,
3225 866 3254 920 6
3286 866 3430 936 μετά
3456 868 3657 936 πεῖραν

2074 959 2387 1030 πτοοὺμεοα
2416 999 2432 1023 ,
2504 960 2603 1012 καὶ
2668 958 2895 1029 βλέπειν
2958 959 3140 1011 έκεῖνο
3191 957 3516 1030 προφθάνον
3581 960 3657 1024 είς

2070 1055 2246 1125 ἡμᾶς.

2149 1329 2230 1382 ιδ’.
2267 1328 2389 1399 Χρὴ
2422 1323 2519 1382 οὖν
2547 1326 2832 1400 εὔχεσθαι.
2856 1329 2933 1394 ὥς
2967 1329 3146 1384 ἔοικεν
3170 1329 3231 1383 ἐν
3257 1331 3374 1393 τοῖς
3403 1329 3556 1401 ἄρτι,
3583 1329 3659 1399 μὴ

2072 1421 2332 1491 εὑρέσθαι
2386 1421 2519 1492 ὑμῖν
2574 1422 2754 1494 ἀρχὴν
2800 1422 3172 1494 πεισματικοῦ
3217 1424 3455 1491 μίσουςο
3496 1425 3547 1476 εί
3598 1423 3657 1476 δέ

2071 1528 2153 1573 τις
2189 1512 2416 1581 ἐμπέσοι
2460 1511 2617 1583 κακῷ
2647 1513 2901 1585 τοιούτῳ,
2928 1514 3066 1568 ἀλλὰ
3099 1514 3227 1568 τότε
3260 1515 3658 1584 κατακάμπτε-

395 1611 663 1664 demittite
697 1616 877 1678 caput,
945 1617 1110 1676 atque
1140 1623 1203 1661 ex
1258 1606 1342 1659 il!a
1375 1604 1650 1659 communi
1701 1603 1968 1657 malorum

2082 1604 2200 1658 σθαι
2247 1604 2342 1657 καὶ
2397 1605 2577 1674 ἡσυχῆ
2635 1606 3039 1671 κατακλᾶσθαι,
3095 1606 3519 1676 προσπίπτοντα
3576 1604 3654 1674 τῷ

398 1703 634 1770 abysso,
665 1701 806 1756 clam
857 1701 1106 1756 invocate
1155 1699 1322 1754 Deum
1352 1716 1367 1765 ;
1399 1707 1506 1751 tum
1562 1696 1789 1768 genibus
1845 1711 1971 1764 pro-

2082 1698 2244 1769 κοινῴ
2274 1697 2444 1768 βυθῷ.
2488 1698 2630 1769 Θεῷ.
2675 1701 2772 1754 καὶ
2821 1699 3192 1771 γουνούμενον
3240 1698 3656 1762 συστέλλεσθαι,

398 1793 563 1848 voluti
591 1793 863 1849 cxtendite
887 1794 951 1849 ad
979 1808 1102 1848 eum
1140 1807 1376 1856 manus;
1414 1790 1651 1858 denique
1678 1796 1867 1843 cavete
1907 1802 1971 1840 ne

2082 1790 2177 1843 καὶ
2204 1791 2537 1845 ὑποπτεύειν
2566 1792 2658 1845 τὸν
2688 1792 3062 1862 κατάρξαντα,
3101 1793 3314 1862 μήποτε
3345 1792 3538 1862 καιρὸν
3570 1790 3661 1842 £6-

395 1885 490 1952 qni
522 1885 668 1954 prior
703 1885 920 1950 laeserit,
969 1885 1105 1939 iram
1163 1884 1456 1940 occasione
1501 1883 1628 1937 data
1659 1881 1893 1950 expleat,
1928 1880 1976 1936 si

396 1978 550 2033 \obis
608 1977 803 2034 obvius
853 1977 1034 2033 fuerit.
1102 1977 1449 2048 QuaprOpter
1483 1974 1849 2045 colligendum
1891 1982 1978 2029 est

395 2085 461 2124 cx
500 2069 565 2125 iis
585 2086 705 2138 quae
736 2078 898 2125 antea
934 2069 1428 2131 consideravimus.
1465 2078 1675 2123 remota
1724 2066 1974 2121 odiorum

397 2159 655 2214 scandala
686 2161 1160 2230 compositamque
1202 2175 1388 2229 pacem
1425 2173 1701 2215 summum
1740 2173 1865 2215 esse
1912 2172 1977 2213 ac

395 2264 709 2318 supremum
739 2250 945 2305 bonum
976 2250 1229 2305 omnibus
1258 2248 1592 2317 hominibus,
1627 2260 1682 2305 et
1708 2249 1976 2320 imprimis

394 2341 745 2408 Christianis,
778 2360 807 2396 a
866 2343 1067 2413 quibus
1121 2344 1264 2398 Deus
1321 2359 1497 2414 neque
1537 2343 1740 2399 donum
1797 2359 1976 2414 neque

395 2433 543 2488 aliud
580 2434 878 2504 quidquam
933 2435 1137 2507 accipit
1193 2435 1299 2489 nisi
1354 2435 1679 2490 charitatcm
1743 2434 1972 2502 colant;

394 2533 507 2579 tum
538 2529 752 2583 cunctis
778 2528 846 2584 iis
877 2543 999 2596 quae
1039 2528 1107 2583 ad
1140 2528 1305 2582 vitam
1347 2535 1619 2598 spectant.

467 2618 556 2673 15.
590 2617 747 2683 Quod
783 2621 830 2675 si
866 2620 1010 2689 quis,
1076 2628 1365 2689 postquam
1424 2618 1859 2688 perseveraverit
1917 2617 1972 2673 in

393 2708 542 2775 odio,
593 2717 648 2765 et
701 2711 1048 2767 lacessiverit
1076 2722 1131 2767 et
1183 2711 1441 2767 terruerit
1500 2721 1556 2766 et
1609 2711 1879 2774 nocuerit,
1919 2717 1974 2766 ct

393 2802 603 2855 nullum
665 2802 824 2873 plane
862 2803 1115 2859 amicitiae
1165 2803 1422 2859 indicium
1471 2820 1583 2875 prae
1635 2819 1697 2859 se
1765 2802 1970 2870 tulerit,

393 2904 585 2961 postea
617 2894 901 2950 nuntietur
920 2910 978 2950 se
1004 2896 1384 2965 composuisse
1408 2896 1464 2951 in
1495 2896 1731 2951 amicum
1760 2895 1971 2951 ﬁdelem

394 2984 486 3054 qui
516 3000 700 3054 pacem
735 2994 1052 3054 promoveat
1085 2996 1139 3042 et
1194 2987 1483 3057 paciﬁcum
1519 3004 1579 3042 se
1629 2987 1854 3043 dextere
1894 2990 1972 3042 si-

2083 1885 2271 1955 ρηκὼς
2290 1885 2589 1956 ἀποπλήσῃ
2631 1885 2726 1939 τὸν
2755 1885 2929 1956 θυμὸν
2960 1885 3128 1940 αὑτοῦ
3162 1886 3220 1937 ὲν
3250 1884 3331 1955 τῷ
3374 1885 3662 1953 συντυχεῖν

2079 1981 2185 2034 ὑπὸ
2203 1978 2401 2047 τουτῳῖ
2429 1979 2509 2050 τῷ
2540 1980 2882 2051 μισουμένῳ.
2913 1979 3023 2033 Καὶ
3054 1979 3240 2032 τοίνυν
3275 1977 3570 2048 ποριστέον
3598 1976 3660 2029 ὲκ

2078 2073 2187 2126 τῶν
2220 2072 2348 2141 ἄρτι
2392 2071 2853 2142 ἑπεσκεμμένων,
2895 2071 2978 2126 ὅτι
3011 2074 3327 2141 περιαιρεῖν
3359 2071 3462 2140 μὲν
3491 2070 3659 2122 σκάνο

2077 2162 2211 2216 δαλα
2237 2161 2599 2233 ἐχθροποιῶν,
2624 2163 2724 2216 καὶ
2755 2161 3253 2233 πραγματεύεσθαι
3286 2162 3516 2233 εἰρήνην
3545 2161 3661 2231 apt.

2081 2254 2205 2308 στόν
2232 2253 2347 2306 ἐστι
2385 2252 2570 2323 πάντη
2603 2254 2706 2306 καὶ
2741 2254 2961 2315 πάντως
2990 2251 3323 2324 ἀνθρώποις,
3363 2254 3439 2322 μὴ
3482 2254 3565 2306 ὅτι
3595 2269 3657 2320 γε

2075 2346 2451 2417 Χριστιανοῖς,
2496 2339 2575 2400 ὧν
2609 2344 2735 2399 οὔτε
2783 2346 2936 2416 δῶρα
2979 2345 3196 2415 δέχεται
3248 2347 3279 2399 6
3327 2344 3486 2411 Θεὸς,
3536 2343 3656 2398 οὔτε

2082 2438 2397 2509 προσένεξιν
2438 2437 2730 2508 ὲτεροίαν,
2802 2440 2851 2492 εί
2910 2437 2985 2509 μὴ
3050 2438 3230 2502 οὕτως
3288 2438 3659 2508 ἀγαπητικῶς

2077 2531 2350 2595 ποιοῦσιν,
2391 2530 2532 2585 ἀλλά
2571 2531 2667 2585 καὶ
2705 2532 2879 2585 ἅπασι
2909 2533 3024 2595 τοῖς
3052 2534 3111 2586 ἐν
3137 2531 3260 2602 βίῳ.

2147 2623 2365 2677 ιε’.”οτε
2391 2624 2448 2678 δέ
2468 2640 2553 2687 τις
2579 2624 2715 2693 πρὸς
2741 2624 2998 2679 ἔνστασιν
3029 2626 3358 2698 μεμισηκὼς
3374 2628 3472 2681 καὶ
3495 2627 3655 2694 me-

2075 2716 2245 2771 ελθὼν
2288 2720 2384 2771 καὶ
2437 2717 2760 2788 ἐκφοϐήσας
2790 2717 2886 2771 καὶ
2910 2718 3119 2788 βλάψας
3150 2721 3245 2773 καὶ
3280 2720 3450 2789 μηδέν
3472 2738 3525 2774 τι
3553 2738 3657 2790 μη-

2074 2801 2238 2869 δόλως
2268 2805 2642 2876 ἐνδειξάμενος
2673 2808 2901 2878 ἀγάπης
2938 2809 3265 2880 τεκμήριον,
3303 2805 3424 2863 εἶτα
3455 2810 3655 2863 εἰκονί-

2074 2898 2186 2962 ζειν
2223 2899 2622 2967 ἐπαγγέλλεται
2663 2899 2819 2968 φίλον
2857 2900 3090 2971 ἀκριϐῆ,
3129 2903 3454 2973 προκεντῶν
3508 2902 3656 2971 εἰρη-

2073 2990 2205 3044 ναῖά
2233 3008 2356 3043 τινα
2403 2991 2497 3044 καὶ
2530 2991 2894 3061 σκιαγραφῶν
2940 2991 3156 3057 δεξιῶς,
3208 2991 3325 3046 ἀλλ’
3356 2993 3555 3063 ἐκείνῳ
3578 2992 3654 3061 τῷ

396 3077 601 3143 undet;
657 3080 750 3132 sed
795 3079 1101 3134 cavendum
1164 3088 1247 3135 est
1308 3095 1374 3134 ne
1427 3095 1550 3134 cum
1600 3080 1695 3134 tali
1749 3080 1971 3135 homine

2082 3080 2349 3151 ἀνθρώπῳ
2404 3083 2739 3152 εὐλαϐητέον
2798 3083 2879 3147 είς
2943 3084 3146 3138 ταυτὸν
3197 3085 3421 3151 ὁμιλίας
3483 3086 3654 3138 ἐλθεῖν

394 3171 568 3225 amica
596 3171 829 3228 societas
876 3172 1097 3227 ineatur
1117 3215 1132 3241 ,
1189 3174 1361 3228 donec
1387 3171 1547 3228 ﬁdem
1579 3173 1632 3227 in
1666 3189 1727 3227 se
1757 3172 1967 3240 fecerit,

393 3277 602 3330 ponens
626 3264 681 3318 in
715 3263 894 3318 medio
928 3265 1123 3334 pignus
1172 3265 1451 3331 idoneum,
1506 3281 1603 3335 per
1641 3267 1786 3336 quod
1833 3266 1971 3321 alter

394 3369 518 3407 cum
569 3354 741 3410 altero
793 3356 1185 3426 conjungatur,
1250 3371 1314 3411 ac
1342 3356 1451 3413 duo
1500 3356 1730 3426 sejuncti
1764 3356 1866 3411 viri
1913 3358 1972 3413 in

397 3447 653 3501 unionem
684 3449 861 3503 sancti
892 3448 1127 3517 Spiritus
1150 3448 1548 3520 ingrediantur.
1569 3448 1742 3516 Aliter
1757 3449 1881 3518 jure
1906 3450 1973 3502 ti-

398 3536 652 3590 mendum
682 3537 753 3591 sit
786 3553 855 3592 ne
886 3538 1198 3608 importuno
1233 3540 1289 3594 in
1317 3555 1642 3609 congressu,
1698 3540 1794 3609 qui
1825 3539 1969 3594 ami-

396 3625 580 3679 citiam
616 3627 992 3697 resipiscentis
1047 3645 1203 3685 more
1247 3639 1536 3700 precatur,
1577 3630 1969 3685 detrimentum

396 3725 588 3773 contra
610 3716 772 3786 ferat,
795 3719 940 3788 quod
971 3720 1193 3775 minime
1217 3722 1443 3791 patienti
1468 3723 1687 3778 salubre
1722 3722 1971 3779 futurum

396 3819 561 3864 €588!"

472 3900 559 3956 16.
588 3901 734 3957 Idem
767 3917 997 3972 prorsus
1022 3904 1070 3960 is
1119 3903 1501 3961 reformidabit
1530 3910 1623 3977 qni
1673 3912 1740 3966 ad
1790 3912 1974 3967 inimi-

397 4008 523 4048 cum
571 3995 871 4048 revertitur
922 4009 1032 4049 non
1078 3996 1241 4065 plane
1294 3996 1620 4066 simplicem,
1685 3999 1780 4055 sed
1847 4002 1973 4072 plus

398 4102 553 4156 aequo
577 4088 855 4141 acerbum.
887 4086 1008 4152 Quo
1033 4087 1178 4140 enim
1202 4089 1470 4142 satisdato
1514 4090 1721 4143 certior
1757 4089 1828 4146 sit
1854 4089 1970 4160 qui,

399 4192 619 4253 auctore
638 4178 1145 4249 Deo,tuam]repetit
1167 4178 1452 4235 studiosus
1476 4196 1641 4251 quam
1668 4181 1975 4251 projecerat

398 4271 724 4336 amicitiam,
783 4269 900 4325 fore
926 4280 985 4323 ut
1040 4271 1158 4340 ipse
1199 4269 1487 4325 conveniat
1540 4271 1825 4327 inimicum
1864 4274 1974 4327 cito

397 4368 743 4437 placabilem,
765 4367 857 4438 qui
895 4349 1316 4438 resipiscentem
1347 4370 1582 4424 amicum
1617 4368 1976 4440 amplectatur

2073 3174 2316 3244 φιλικῆς,
2351 3176 2457 3237 ἕως
2489 3176 2556 3229 ἂν
2583 3176 3045 3246 τεκμηριὼσηται
3076 3177 3273 3231 κόλλαν
3298 3180 3358 3232 ἑν
3390 3179 3472 3250 τῷ
3508 3181 3653 3250 μέσῳ

2071 3265 2347 3321 τεθεῖσθαι
2389 3267 2694 3334 ἀξιόλογον,
2743 3268 2811 3322 δι’
2839 3263 2911 3340 ἧς
2940 3267 3200 3340 ἀλλήλοις
3231 3272 3656 3343 προσκολληθή-

2075 3372 2285 3423 σονται,
2334 3356 2431 3409 καὶ
2468 3360 2551 3421 εἰς
2584 3360 2973 3430 πνευματικὴν
3017 3361 3069 3414 oi
3097 3362 3390 3426 διεστῶτες
3421 3364 3656 3418 ἔλθωσιν

2070 3446 2285 3501 ἕνωσιν.
2316 3449 2444 3510 Δέος
2466 3447 2573 3518 γὰρ
2604 3450 2704 3502 οὐκ
2730 3450 3039 3518 ἀνέλλογον,
3072 3453 3147 3522 μή
3183 3468 3313 3506 ποτε
3345 3456 3410 3524 τῇ
3442 3454 3654 3525 ἀκαίρῳ

2074 3537 2393 3592 συνελεύσει
2423 3541 2451 3592 6
2492 3540 2817 3608 προσελθὼν
2848 3541 3032 3614 βλάψῃ
3064 3543 3279 3615 μεθόδῳ
3313 3546 3537 3619 ὑπούλῳ
3565 3548 3653 3599 τὸν

2072 3627 2262 3697 ἄνδρα,
2312 3621 2372 3681 οὗ
2429 3631 2530 3698 τὴν
2565 3630 2749 3697 φιλίαν
2802 3631 2959 3696 ζητεῖ
3013 3633 3445 3704 ἀνακαμπικῶς,
3490 3639 3584 3692 καὶ
3618 3638 3652 3707 ἠ

2075 3717 2249 3791 βλάϐη
2280 3720 2435 3775 ἔσται
2469 3722 2550 3785 είς
2574 3721 2728 3777 οὐδὲν
2756 3724 2911 3790 ὑγιὲς
2940 3724 3019 3795 τῷ
3051 3726 3299 3781 παθόντι.

2149 3896 2247 3963 ις’.
2276 3898 2350 3952 Τὸ
2373 3899 2430 3953 δὲ
2477 3900 2666 3969 ὅμοιον
2713 3902 3013 3972 πτοήσεται
3049 3903 3267 3967 πάντως
3299 3905 3401 3960 καὶ
3431 3908 3461 3961 6
3494 3924 3655 3978 προσ-

2076 3989 2435 4060 ρυῖσκόμενος
2469 3990 2672 4063 ἐχθρῷ,
2701 3993 2763 4046 οὐ
2793 3994 2870 4064 τῷ
2898 3995 3085 4060 ἁπλῶς
3111 3997 3169 4048 ὲν
3196 3998 3495 4070 ἁπλότητι,
3521 3999 3654 4052 ἀλλά

2076 4082 2213 4159 πρὸς
2240 4082 2719 4155 ὑπερϐεϐ).ηκυίαν
2750 4087 3119 4158 σκληρότητα.
3157 4090 3327 4143 Πόθεν
3352 4094 3463 4162 γὰρ
3484 4093 3650 4161 ἐγγιὲη

2075 4173 2390 4248 δοθήσεται,
2417 4174 2492 4238 ὡς
2526 4178 2553 4230 6
2586 4176 2727 4230 κατά
2757 4178 2891 4231 Θεὸν
2939 4180 3384 4251 φιλυπόστροφος
3410 4185 3490 4245 εἰς
3518 4185 3656 4251 ἀγάο

2076 4283 2184 4335 πην
2223 4266 2597 4337 ἀποιχομένην
2649 4271 2906 4336 στρεπτῷ
2957 4272 3163 4333 εὐθέως
3212 4275 3525 4342 ὲντεύξεται
3576 4275 3654 4344 τῷ

2076 4358 2258 4429 ἐχθρῷ
2290 4360 2384 4413 καὶ
2423 4360 2630 4432 ἑτοίμῳ
2677 4362 3142 4427 ὲγκολπώσασθαι
3173 4366 3269 4419 καὶ
3298 4368 3655 4421 ἀσπάσασθαι

398 4472 452 4516 οι
475 4463 774 4523 osculetur.
819 4476 927 4516 non
958 4463 1174 4517 occidat
1199 4473 1255 4517 et
1284 4464 1514 4518 devoret
1564 4464 1767 4518 misere
1799 4462 1971 4517 truci-

2082 4451 2168 4504 τὸν
2198 4451 2609 4521 ἀνακάμψαντα
2638 4452 2814 4521 φίλον,
2846 4455 2906 4507 οὐ
2952 4453 3061 4525 μὴν
3089 4456 3551 4527 διαχειρίσασθαι,
3582 4458 3655 4521 ὡς

398 4555 613 4608 datum?
633 4553 876 4622 Contigit
924 4553 978 4607 in
1019 4555 1270 4622 exemplo
1303 4569 1468 4624 supra
1511 4555 1734 4609 laudato
1766 4565 1826 4611 ut
1876 4555 1970 4624 qui

398 4646 632 4700 reditum
669 4644 724 4698 in
752 4645 1047 4698 amicitiam
1077 4644 1421 4714 quaesrvisset
1461 4646 1726 4714 martyrio
1784 4646 1971 4700 salva-

399 4746 575 4802 retur,
598 4737 803 4805 quique
828 4737 1148 4792 redeuntem
1179 4746 1468 4792 aversatus
1488 4746 1637 4792 esset
1678 4753 1777 4806 per
1807 4738 1971 4793 Satao

401 4846 527 4885 nam
577 4830 798 4899 periret.
859 4830 1037 4900 Atque
1085 4845 1303 4899 semper
1332 4831 1527 4884 eodem
1574 4830 1740 4883 modo
1778 4846 1838 4884 se
1884 4844 1971 4885 res

402 4922 587 4984 habet,
616 4936 721 4976 nec
765 4928 982 4989 oportet
1031 4920 1310 4975 conﬁdere
1348 4936 1449 4975 nos
1474 4920 1548 4973 ita
1597 4919 1854 4988 delapsos
1897 4920 1973 4974 ita

403 5016 671 5070 salvatum
723 5013 813 5068 iri.
859 5014 1104 5084 Namque
1141 5013 1277 5067 illud
1328 5028 1554 5081 perraro
1605 5012 1823 5073 evenit,
1871 5027 1971 5066 nec

403 5106 532 5161 alilii
564 5107 671 5162 tale
719 5105 1019 5176 quidquam
1072 5106 1399 5175 reperiatur.
1442 5105 1651 5160 Omitto
1691 5105 1875 5159 dicere
1918 5105 1971 5158 id

402 5200 725 5256 naturaliter
754 5214 818 5255 ac
847 5198 1009 5266 vulgo
1051 5197 1165 5253 ﬁeri
1194 5206 1255 5251 ut
1279 5198 1442 5250 ambo
1482 5212 1591 5250 una
1620 5196 1830 5265 delapsi
1867 5212 1972 5251 una

405 5298 650 5363 pereant.
680 5305 788 5363 qua
819 5305 887 5346 ex
939 5305 996 5345 re
1034 5287 1209 5357 majus
1248 5287 1461 5341 daemon
1501 5285 1767 5357 gaudium
1798 5287 1976 5342 susci-

405 5384 538 5451 piat.

480 5475 568 5529 17.
613 5473 925 5528 Cavendum
986 5480 1072 5528 est
1121 5471 1288 5540 igitur
1340 5471 1394 5524 in
1464 5484 1522 5523 re
1549 5468 1641 5523 tali
1704 5478 1759 5523 ct
1808 5484 1971 5538 quam

411 5569 644 5622 maxime
671 5568 1084 5623 attendendum.
1116 5566 1267 5620 Multi
1299 5564 1446 5621 enim
1474 5563 1617 5618 mala
1650 5563 1973 5618 machinan-

410 5670 517 5721 tur,
550 5659 759 5714 scilicet
787 5660 822 5713 ii
848 5675 1080 5730 quorum
1113 5659 1179 5713 ad
1215 5669 1412 5713 nutum
1455 5673 1543 5711 res
1592 5671 1703 5710 non
1746 5664 1972 5717 coeunt,

412 5750 476 5801 de
507 5747 937 5824 quibusdictnm
970 5757 1088 5806 est:
1133 5768 1149 5800 ι
1184 5747 1304 5803 Non
1339 5756 1424 5803 est
1457 5759 1515 5803 ut
1547 5748 1822 5805 dormiant
1863 5746 1972 5802 nisi

2076 4546 2171 4599 καὶ
2203 4548 2544 4613 καταφαγεῖν
2577 4546 2878 4612 ὲξολωλότα
2915 4549 3135 4614 κακῶςς
3180 4551 3258 4603 Οὐ
3307 4551 3482 4619 δήπου
3522 4552 3654 4622 γὰρ,

2074 4636 2150 4699 ὡς
2181 4637 2274 4690 ἐπὶ
2322 4636 2416 4689 τοῦ
2464 4641 2834 4706 προκειμένου
2881 4640 2909 4691 6
2964 4639 3063 4708 μὲν
3109 4639 3356 4710 ζητήσας
3399 4644 3657 4696 ἐπάνοδον

2075 4727 2295 4795 ἀγάπης
2341 4726 2521 4797 ἐσώθη
2583 4728 3062 4797 μεμαρτυρηκὼς,
3130 4730 3159 4781 6
3226 4731 3285 4784 δὲ
3317 4732 3655 4802 δυσωπηθεὶς

2078 4818 2332 4871 ἀπώλετο
2378 4819 2717 4884 σατανικῶς,
2750 4818 2923 4882 οὕτως
2959 4820 3115 4873 ἔσται
3168 4823 3263 4874 καὶ
3306 4825 3400 4876 ἐπὶ
3439 4824 3655 4877 πάντων

2075 4911 2320 4978 γίνεσθαι
2346 4928 2361 4942 ·
2394 4910 2513 4964 οὐδὲ
2547 4911 2872 4983 θαρρητέον,
2901 4914 2975 4977 ὡς
3022 4914 3251 4978 πάντες,
3292 4917 3340 4969 εί
3383 4916 3528 4970 οὕτω
3559 4934 3655 4967 πε-

2077 5004 2345 5073 σούμεθα,
2378 5005 2769 5075 σωθησόμεθα.
2816 5006 2938 5059 Τῶν
2969 5006 3079 5076 γάρ
3113 5008 3256 5060 πάνυ
3290 5008 3536 5062 σπανίων
3562 5010 3656 5062 καὶ

2076 5096 2385 5166 ἀνευρέτων
2418 5098 2596 5151 ἐκεῖνό
2628 5098 2813 5151 ἐστιν·
2859 5098 2935 5149 ἐῶ
2976 5097 3185 5165 λέγειν,
3234 5099 3311 5163 ὡς
3340 5099 3490 5162 εἰκός
3523 5117 3652 5151 ποτε

2076 5191 2172 5243 καὶ
2204 5191 2552 5259 ἀμφοτέρους
2610 5193 2689 5254 εἰς
2719 5191 2778 5243 ἓν
2811 5192 3197 5261 συμπεσόντας
3228 5193 3555 5260 ἀπολέσθαι,
3581 5197 3652 5258 ὡς
3716 5245 3726 5257 ι

2077 5283 2261 5337 πλεῖον
2291 5282 2434 5336 οὓτω
2469 5284 2725 5352 γενέσθαι
2765 5284 2825 5336 τὸ
2854 5285 3169 5355 δαιμονικὸν
3200 5287 3510 5357 ἐπίχαρμα.

2152 5463 2238 5527 ιζ’.
2280 5461 2492 5516 Οὐκοῦν
2521 5461 2855 5528 εὐλαϐητέον
2922 5463 2981 5515 ὲν
3037 5463 3151 5523 τοῖς
3208 5461 3493 5527 τοιούτοις,
3562 5462 3653 5514 καὶ

2081 5557 2411 5627 προσεκτέον
2439 5558 2520 5609 ὅτι
2556 5555 2816 5623 μάλιστα.
2848 5555 3045 5609 Πολλοὶ
3081 5557 3189 5625 γὰρ
3230 5574 3247 5606 ι
3285 5554 3428 5607 κακὰ
3469 5573 3648 5622 μηχα-

2078 5650 2276 5702 νῶνται
2316 5668 2332 5701 ο
2399 5649 2545 5711 κατά
2592 5647 2686 5701 τὸν
2724 5648 2894 5710 οὕτως
2928 5649 3171 5713 εἰπόντα,
3208 5644 3287 5709 οἷς
3319 5648 3377 5700 οὐ
3425 5648 3571 5700 πάνυ
3606 5665 3653 5699 τι

2078 5741 2521 5813 προσαρμόττειν
2570 5741 2767 5807 ἐθέλει,
2819 5741 2878 5794 τὸ
2918 5759 2935 5792 ι
2979 5740 3053 5795 Οὐ
3089 5740 3164 5811 μὴ
3207 5739 3553 5808 ὑπνὼσωσιν,
3608 5745 3653 5801 ει
