3942 6250
248 301 355 362 577

1233 307 1315 368 IN
1359 309 1419 370 S.
1452 308 2122 379 QUADRAGESIMAM
2152 314 2443 378 ORATIO
2466 317 2515 379 Ῐ.

3401 333 3505 397 5’73

249 412 328 481 μὴ
369 413 852 485 κακοποιήσουσιν,
907 437 924 469 ι
984 418 1120 473 ἀλλὰ
1154 422 1400 490 μᾶλλον,
1459 424 1535 486 ὡς
1572 443 1591 475 ι
1624 425 1701 478 Οὐ
1741 425 1801 494 μιί

1919 424 2257 494 ιιοοιιοτίηιδ,
2299 447 2317 479 ι
2359 430 2444 485 vel
2475 429 2655 501 potius
2690 450 2706 488 :
2746 453 2763 486 ι
2825 432 2941 491 Non
2987 447 3063 493 est
3092 448 3145 495 ut
3180 443 3362 502 vivant
3395 456 3502 509 uisi

245 504 516 574 ζήσωσιν,
535 508 583 560 εί
610 510 684 581 μὴ
713 510 1120 578 φονεύσουσινί
1148 514 1174 567 ὂ
1196 514 1260 587 δὴ
1290 517 1527 587 μάλιστα
1548 519 1820 591 ἐζήλωσεν

240 597 271 649 δ
304 597 632 668 Σαπρίκιος.
685 603 840 656 Ἔστι
882 605 937 658 δὲ
965 606 1345 675 ἁστετσασθαι,
1394 612 1488 665 καὶ
1519 613 1594 676 ὡς
1618 613 1730 668 οὐδ’
1760 615 1821 667 οὐ

243 686 322 756 μὴ
352 687 800 758 ἀναπνεύσωσιν,
843 695 892 748 εί
929 698 1006 768 μή
1045 716 1168 753 τινα
1214 703 1584 770 καταπίωσιν,
1617 707 1727 760 εἴθε
1763 707 1820 760 δὲ

239 777 318 848 μὴ
356 780 671 852 ἄνθρωπον,
725 786 865 841 ἀλλά
909 806 1032 845 τινα
1064 795 1229 861 μυῖαν
1269 796 1548 866 δακνηρὰν
1579 802 1633 852 αἱ
1665 801 1823 853 κυνό-

242 887 407 939 μυιαι
430 887 445 901 ·
475 873 564 927 ἵνα
600 876 694 930 καὶ
732 880 813 940 εἰς
844 879 1175 951 Βεελζεϐοὺλ
1206 885 1493 952 ἀνάγοιντο
1524 890 1618 943 καὶ
1642 892 1816 957 αὐτοὶ,

234 960 295 1023 ὃς
342 963 449 1016 ὑπὸ
482 966 590 1019 τῶν
643 970 708 1022 τὰ
749 971 868 1024 θεῖα
922 976 1102 1043 σοφῶν
1161 996 1179 1028 ι
1240 980 1557 1035 καταπίνων
1590 985 1754 1054 μυῖαν
1792 1003 1810 1035 ι

190 1083 197 1089 ι
235 1052 633 1124 ἑρμηνεύεται.
657 1046 670 1059 ’

309 1150 405 1218 ιη’.
450 1150 582 1207 Ἰδοὺ
614 1153 797 1209 τοίνυν
850 1159 913 1211 ὲκ
959 1160 1167 1215 τοιοῦδε
1225 1164 1433 1233 φᾶκτου
1485 1169 1580 1221 καὶ
1629 1170 1816 1242 ἕτερον

231 1243 422 1299 τοῦτο.
477 1247 709 1318 Δένδρον
778 1251 913 1319 ἡμῖν
965 1253 1332 1326 ἐντεθύμηται
1385 1259 1698 1330 ἀλλόκοτον,
1753 1256 1816 1317 οὗ

235 1336 467 1407 μνήμην
541 1340 642 1391 οὐκ
694 1340 931 1412 ἐθέμεθα
977 1345 1307 1412 φθάσαντες.
1339 1351 1476 1423 ὅπερ
1519 1354 1662 1419 οῐους
1715 1359 1816 1426 μὲν

232 1427 454 1497 φθάσαν
482 1432 649 1503 ἔφερε
683 1438 953 1503 καρποὺς,
985 1439 1084 1493 οὐκ
1117 1442 1343 1512 οἴδαμεν
1369 1446 1590 1515 άκριόεἰ
1614 1449 1814 1516 γνώσει

231 1523 672 1592 παραλαϐόντες.
707 1527 914 1583 Ἐκεῖνο
950 1531 1007 1584 δὲ
1042 1532 1417 1601 ἀκριϐέστατα
1447 1539 1811 1609 ἐπιστάμεθα,

229 1613 335 1676 ὅτι,
363 1616 490 1668 καθ’
518 1614 579 1669 ὃν
609 1619 799 1690 καιρδν
825 1620 1051 1690 ἔμελλεν
1079 1626 1212 1680 αὐτὸ
1247 1623 1336 1699 (ἦν
1361 1629 1418 1683 δὲ
1445 1631 1473 1682 ὁ
1496 1631 1812 1703 Σαπρίκιος)

226 1706 536 1779 agapen;
584 1709 721 1763 Θεοῦ
755 1714 1038 1783 τράπεζαν
1069 1717 1156 1771 διὰ
1196 1723 1575 1792 καρποφορίας
1600 1724 1813 1793 εὐγενε-

1925 516 2284 585 occiderint',
2320 538 2338 571 ι
2364 523 2532 589 (quod
2559 524 2611 577 in
2638 525 2830 592 primis
2855 531 3139 598 appetebat
3169 533 3499 614 Sapricius),

1924 604 2005 658 vel
2056 605 2219 660 etiam
2281 611 2490 665 acutius
2533 630 2546 665 :
2612 613 2730 669 Non
2777 628 2862 671 est
2916 628 2974 671 ut
3034 604 3339 691 respirent,
3394 604 3500 688 nisi

1921 697 2242 766 sanguinem
2298 699 2672 767 exhauserint,
2713 722 2821 762 non
2854 710 2977 764 dico
3029 715 3276 771 homines
3317 720 3498 775 homi-

1919 798 2066 851 nem,
2099 788 2190 841 sed
2248 787 2409 842 ricini
2459 806 2704 847 muscam
2763 800 3097 867 mordacem,
3157 804 3331 861 donec
3392 809 3495 879 ipsi

1919 874 1988 956 ad
2024 874 2358 931 Beelzebuth
2390 881 2786 949 perducantur.
2832 889 2988 957 cujus
3041 909 3238 949 nomen
3277 874 3495 968 signiti-

1919 972 2030 1029 cat,
2060 981 2340 1022 sacrorum
2370 970 2652 1027 doctorum
2694 974 3162 1048 interpretatione,
3192 1004 3209 1037 ι
3257 989 3350 1057 qui
3376 1008 3496 1043 mu-

1915 1071 2037 1112 scas
2084 1061 2322 1130 exsugit.
2360 1079 2380 1112 ι

1989 1153 2076 1208 18.
2114 1152 2255 1208 Ecce
2284 1155 2429 1209 aliud
2457 1156 2649 1213 iisdem
2682 1163 2984 1230 praemissis
3038 1180 3487 1231 consentaneum.

1917 1245 2177 1299 Arborem
2205 1246 2258 1300 iu
2307 1248 2581 1317 principio
2621 1252 2957 1322 singularem
3001 1261 3491 1321 animadvertimus

1917 1339 2072 1408 cujus
2102 1341 2342 1394 nomium
2414 1343 2766 1410 deposuimus
2796 1350 3131 1406 memoriam.
3168 1352 3367 1419 Quales
3396 1375 3492 1412 au.

1918 1433 2022 1480 tem
2056 1430 2171 1481 haec
2199 1431 2364 1483 arbor
2393 1434 2606 1500 priores
2663 1434 2870 1491 fructus
2917 1440 3174 1505 ediderit,
3221 1442 3490 1499 incertum

1915 1527 2017 1585 cst,
2051 1535 2149 1574 nec
2215 1523 2347 1577 satis
2378 1538 2566 1578 exacta
2614 1529 3229 1596 cognitionetraditum.
3264 1535 3333 1589 At
3360 1537 3490 1590 illud

1917 1612 2162 1682 apprime
2222 1617 2498 1679 novimus,
2556 1620 2803 1674 eamdem
2863 1622 2938 1692 (id
2972 1633 3057 1679 est
3133 1624 3490 1700 Sapricium),

1917 1722 2042 1760 eum
2067 1707 2181 1777 jam
2217 1707 2415 1764 divinae
2445 1725 2648 1767 mensae
2693 1714 2905 1770 fructus
2955 1733 3254 1787 generosos
3325 1722 3491 1777 mini-

228 1798 465 1867 στάτης,
520 1782 841 1872 ἀπετμήθη,
876 1804 951 1868 ὡς
980 1808 1239 1873 γενέσθαι
1272 1782 1692 1883 ίιιτυρίκοιυσῖιονἰ
1723 1817 1801 1872 est

1915 1810 2158 1857 stratura
2182 1813 2350 1870 esset,
2386 1821 2451 1859 eo
2485 1807 2728 1861 excisam
2755 1809 2928 1866 fuisse
2956 1821 3012 1866 ut
3043 1815 3165 1882 igne
3198 1817 3490 1869 combure-

223 1890 341 1959 γὰρ
395 1892 614 1958 φοίνικα
665 1894 760 1947 τοῦ
803 1895 939 1950 Θεοῦ
985 1904 1490 1974 καταγευσάμενος,
1539 1908 1622 1960 ὃτι
1665 1909 1806 1979 μηδὲ

223 1977 348 2050 εἷλε
389 1984 507 2036 κατ’
536 1987 747 2040 ἐκεῖνον
779 1988 924 2059 λόγῳ
960 1994 1199 2064 φυσικῆς
1224 1996 1453 2065 εὐφυΐας
1480 1999 1688 2070 γλυκὺν
1718 1977 1812 2071 ἐγ·

221 2076 490 2145 κέφαλον,
521 2079 804 2152 ἄπετᾶχθη
839 2084 921 2148 είς
953 2083 1066 2156 πῦρ
1092 2088 1333 2143 αἰώνιον.

298 2259 388 2314 ιθ’.
423 2262 487 2316 El
514 2263 571 2317 δέ
604 2282 657 2318 τι
688 2265 798 2338 χρὴ
831 2266 953 2337 (οὐκ
977 2269 1044 2323 ἂν
1070 2271 1127 2326 δὲ
1161 2272 1424 2339 ἀπεοικὸς
1463 2278 1573 2347 εἴη)
1610 2279 1807 2334 δυάσαι

219 2354 325 2423 τὴν
361 2353 649 2426 δενδρικὴν
681 2358 918 2431 θεωρίαν
965 2365 1196 2434 ταύτην,
1251 2364 1368 2420 ἐστι
1413 2368 1807 2440 διανοήσασθαι

219 2446 380 2514 ἡμᾶς
406 2446 646 2501 ἐνταῦθα
675 2451 777 2503 οὐκ
806 2452 1149 2523 ἀπροσφυῶς
1180 2458 1277 2509 καὶ
1307 2457 1565 2531 δεύτερον
1607 2463 1808 2519 αὐτίκα

217 2533 446 2606 δένδρον
477 2539 806 2608 παράδοξον,
837 2543 928 2596 τὸν
974 2543 1128 2614 ἄγιον
1168 2547 1505 2621 Νικηφόρον,
1540 2553 1667 2624 ἄχρι
1704 2556 1807 2627 μὲν

218 2631 329 2700 τῆς
362 2630 607 2704 ἐκτομῆς
634 2634 729 2686 τοῦ
773 2637 998 2706 ἀχρείου
1029 2640 1130 2711 τὴν
1165 2643 1391 2711 καρδίαν
1438 2644 1679 2715 δένδρου,
1708 2649 1804 2704 τοῦ

222 2720 582 2789 μισαδέλφου,
609 2724 702 2779 καὶ
730 2724 872 2779 οὕτω
896 2727 1220 2796 (Δαυῖτικῶς
1251 2731 1502 2805 καλέσαι)
1528 2734 1804 2808 βαρυκαρ-

217 2811 365 2879 δίου,
401 2809 491 2868 οἷα
533 2818 627 2869 καὶ
656 2820 1050 2891 ἀγαπήσαντος
1102 2826 1461 2897 ματαιότητα,
1498 2828 1597 2900 οὐχ
1629 2827 1803 2892 οὕτως

215 2904 505 2975 ἐριθηλὲς,
538 2908 685 2962 mea:
737 2905 848 2963 οἷον
908 2914 1215 2982 μεγαλείως
1260 2918 1682 2988 προφαίνεσθαι,
1725 2921 1800 2985 ὡς

215 2994 383 3064 λόγον
408 2999 495 3057 ἐπ’
525 3000 677 3072 αύτῷ
717 2997 855 3057 εἷναι
884 3004 1070 3059 πολύν.
1103 3007 1231 3060 Ὅτε
1279 3009 1464 3078 μέντοι
1496 3009 1591 3065 τοῦ
1633 3011 1797 3066 καλοῦ

1914 1902 2091 1948 retur.
2123 1894 2386 1961 Quoniam
2424 1897 2567 1950 enim
2622 1899 2815 1954 collata
2865 1918 2985 1956 cum
3038 1904 3217 1974 palma
3251 1904 3342 1960 Dei
3377 1922 3486 1961 non

1912 1988 2170 2054 habebat,
2202 2000 2262 2046 ut
2288 1993 2444 2060 quasi
2474 1992 2542 2047 de
2565 2008 2828 2064 corporea
2858 2005 3053 2052 natura
3084 1999 3304 2070 loquar,
3327 2017 3485 2071 teque

1911 2097 2134 2137 suavem
2182 2083 2364 2152 gustui
2408 2084 2725 2155 medullam,
2776 2090 3016 2158 seposita
3059 2103 3141 2147 est
3205 2093 3261 2146 in
3308 2092 3485 2162 ignem

1909 2183 2199 2247 mternum.

1982 2266 2069 2323 19.
2106 2267 2200 2321 Sin
2263 2277 2445 2324 autem
2502 2276 2753 2340 oporteat
2801 2271 2954 2342 (nec
3010 2272 3110 2330 abs
3159 2290 3218 2331 re
3266 2278 3484 2347 esset),

1909 2356 2103 2412 harum
2137 2360 2395 2415 arborum
2435 2363 2909 2428 alteramiutueri,
2960 2365 3014 2420 id
3062 2370 3484 2438 perspiciamus,

1909 2451 2049 2517 quod
2096 2468 2127 2506 a
2176 2453 2462 2523 praedicas
2510 2470 2618 2508 non
2664 2455 2945 2520 abhorret,
3003 2460 3364 2526 posteriorem
3416 2479 3484 2517 ex

1908 2545 1992 2599 his
2017 2544 2234 2601 duobus
2260 2546 2414 2602 miris
2439 2546 2750 2613 arboribus,
2792 2548 2848 2603 id
2892 2558 2977 2604 est
3021 2564 3274 2605 sanctum
3326 2551 3485 2607 Nire-

1906 2635 2162 2706 phorum,
2193 2652 2258 2692 eo
2282 2652 2453 2707 usque
2477 2637 2605 2691 dum
2630 2650 2973 2695 resecaretur
3000 2639 3091 2694 illa
3117 2641 3291 2711 prior,
3326 2643 3483 2711 cujus

1904 2743 2002 2783 cor
2030 2728 2214 2784 sterile
2260 2740 2400 2794 erat,
2451 2731 2580 2799 quia
2632 2728 2832 2787 fratres
2887 2731 3099 2799 oderat,
3154 2744 3247 2788 aut
3297 2735 3481 2804 potius

1904 2834 2068 2890 grave
2097 2828 2216 2876 erat
2249 2819 2331 2891 (ut
2364 2820 2584 2875 Davidis
2628 2822 2795 2878 verba
2828 2823 3140 2895 usurpem),
3168 2826 3296 2895 quia
3321 2828 3480 2881 vani-

1904 2920 2067 2967 tatem
2129 2912 2414 2982 diligebat,
2464 2929 2577 2969 non
2621 2914 2696 2968 ita
2745 2913 2974 2971 viridem
3016 2922 3111 2971 aut
3165 2917 3361 2971 elatam
3423 2935 3482 2973 se

1903 3006 2226 3074 praestitisse
2263 3015 2320 3059 ut
2343 3007 2553 3061 multus
2584 3006 2651 3062 de
2678 3021 2739 3062 ea
2797 3024 2980 3062 sermo
3020 3009 3335 3065 haberetur.
3376 3011 3480 3065 Po-

215 3089 319 3141 καὶ
348 3091 566 3162 σαπροῦ
613 3095 672 3146 ὲν
715 3095 832 3166 χρῷ
865 3099 1089 3165 γέγονεν
1119 3101 1151 3170 ή
1185 3100 1366 3171 ἀξίνη,
1410 3102 1656 3174 αὐθωρὸν
1689 3104 1797 3158 τῶν

1910 3105 2018 3151 stea
2077 3112 2204 3151 vero
2282 3112 2407 3151 cum
2482 3098 2694 3153 securis
2763 3101 3020 3155 corticem
3086 3102 3479 3171 penetravissct

215 3179 405 3251 ὗψέων
429 3184 523 3237 τοῦ
555 3185 789 3256 ούρανοῦ
822 3189 1051 3259 παραψά
1062 3208 1244 3261 μενον,
1273 3193 1368 3246 καὶ
1391 3193 1529 3265 ἄνθη
1561 3196 1801 3265 προϐαλ-

213 3273 471 3344 λόμενον,
503 3277 601 3330 καὶ
633 3284 1090 3352 καρποφορῆσαν,
1143 3282 1219 3348 ὡς
1273 3285 1407 3348 Θεὸς
1454 3287 1669 3358 ἀγαπᾷ,
1704 3289 1801 3341 καὶ

212 3370 286 3437 τῇ
327 3367 548 3423 ἐκείνου
584 3371 903 3437 ἄπελευσει,
940 3374 1064 3427 καθ’
1120 3376 1187 3447 ἣν
1240 3376 1539 3448 ἀπετμήθη
1593 3381 1655 3433 ὲκ
1703 3378 1798 3432 τοῦ

212 3457 360 3511 Θεοῦ
399 3461 497 3514 καὶ
525 3461 621 3514 τοῦ
645 3465 768 3517 κατ’
801 3465 965 3519 αὑτὸν
990 3467 1346 3537 παραδείσου,
1373 3470 1641 3538 ἐκφανθὲν
1664 3470 1798 3523 αὐτὸ

210 3550 300 3612 εἰς
327 3551 495 3617 φυτὸν
521 3552 657 3606 Θεοῦ
688 3554 991 3625 ἀξιόλογον,
1028 3558 1113 3612 ἴνα
1141 3578 1257 3625 πως
1275 3562 1606 3632 κὰνταῦθαή
1635 3562 1798 3618 ἄλλου

211 3641 397 3712 φθορὰ
429 3642 518 3715 εἴη
547 3643 713 3699 ἄλλου
749 3647 986 3715 γένεσις.

206 3874 211 3877 -
287 3830 360 3887 κ’.
399 3834 512 3887 Καὶ
545 3834 656 3889 ἰδοὺ
698 3835 792 3890 δύο
833 3839 968 3907 ἡμῖν
1011 3838 1137 3910 ἄρτι
1179 3842 1533 3914 ἀναπέφηνεν
1576 3843 1795 3915 ἱστορη-

214 3929 360 4000 μένα
385 3928 603 3998 δένδρα,
644 3929 927 4001 θαύματος
955 3931 1053 3984 καὶ
1077 3933 1398 4002 ἐκπλήξεως
1423 3937 1549 4001 ἄξια
1568 3952 1583 3967 ⁸
1625 3928 1702 3991 ὧν
1736 3936 1796 3989 τὸ

213 4020 321 4089 μὲν
351 4024 562 4090 τάχιον.
598 4024 629 4091 ἢ
663 4023 947 4094 ἀναμῦσαί
975 4042 1119 4090 τινα,
1153 4026 1181 4080 ὃ
1226 4029 1291 4098 δὴ
1334 4029 1578 4099 λέγεται,
1610 4032 1797 4094 αὐτοῖς

209 4113 472 4179 καρποῖς,
505 4107 590 4175 οἷς
626 4113 843 4182 ἔφερεν,
883 4113 958 4178 ὡς
1005 4115 1105 4184 μὲν
1155 4117 1331 4182 ἄλλως
1380 4121 1580 4187 εἰπεῖν,
1611 4137 1796 4190 τυφω-

208 4202 356 4274 νικῷ
382 4205 716 4271 ὲξέσπασται
748 4208 1025 4278 πνεύματι
1057 4208 1153 4263 καὶ
1195 4209 1478 4282 Ἀρπυίαις
1511 4213 1793 4283 ἐλήλαται,

208 4296 668 4367 προσφυέστερον
705 4297 762 4352 δὲ
808 4299 998 4367 φάναι,
1042 4300 1424 4353 κατέσπασται
1472 4303 1554 4366 εἰς
1586 4303 1794 4373 φθορὰν

206 4388 463 4458 χάσματι
494 4390 616 4458 γῆς.
657 4390 731 4443 Τὸ
764 4389 821 4445 δὲ
861 4391 1048 4461 ἕτερον
1075 4392 1351 4462 δεύτερον,
1384 4395 1459 4457 ὡς
1488 4392 1576 4447 οἷα
1603 4398 1697 4450 καὶ
1728 4400 1792 4450 ὲκ

1907 3189 2139 3257 hujusce
2174 3189 2413 3258 pulchra:
2436 3204 2501 3244 ac
2548 3191 2778 3259 putrida:
2834 3193 3074 3258 arboris,
3121 3194 3469 3264 Niceplmrus

1902 3280 2052 3334 hora:
2083 3290 2360 3335 momento
2388 3283 2535 3337 visus
2563 3292 2647 3337 cst
2666 3284 2878 3338 excelsa
2896 3283 3017 3339 οωιί
3038 3293 3277 3354 tangere,
3309 3286 3476 3340 ﬂores

1900 3371 2250 3441 profundere,
2307 3371 2630 3442 fructuSque
2683 3373 2826 3427 ferre
2875 3374 3078 3443 quibus
3133 3375 3279 3431 Deus
3331 3375 3476 3430 dele-

1900 3475 2100 3519 ctatur.
2134 3465 2363 3535 Sapricii
2397 3465 2640 3521 recessio
2661 3508 2676 3531 ,
2710 3475 2934 3536 pr0pter
2965 3483 3126 3538 quam
3151 3485 3215 3523 ex
3258 3470 3366 3525 Deo
3398 3481 3478 3525 at-

1899 3572 2007 3628 que
2062 3557 2180 3628 ejus
2212 3558 2469 3626 paradiso
2507 3568 2796 3629 exemptus
2849 3569 2955 3624 e51,
2996 3573 3164 3625 causa
3213 3560 3315 3616 fuit
3376 3578 3476 3619 cur

1896 3647 2239 3719 Nicrpliorus
2285 3650 2526 3718 plantam
2577 3650 2684 3704 Deo
2724 3650 3026 3719 pretiosam
3071 3667 3131 3708 se
3171 3653 3475 3722 exhiberet,

1899 3745 2091 3811 sicque
2155 3757 2220 3797 ex
2254 3742 2418 3796 unius
2458 3743 2628 3797 exitio
2651 3743 2879 3798 alterius
2909 3743 3059 3798 salus
3091 3744 3355 3800 oriretur.

1966 3836 2056 3893 20.
2092 3836 2230 3890 Ecce
2266 3836 2376 3891 duo
2426 3837 2544 3891 ista:
2573 3836 2823 3903 arbores,
2857 3851 2995 3906 quas
3031 3840 3472 3897 memoravimus:

1898 3928 2263 3983 admiratione
2314 3936 2369 3982 et
2424 3939 2649 3997 stupore
2720 3926 2916 3998 dignas
2960 3928 3119 3983 nobis
3184 3943 3361 3999 nuper
3418 3947 3478 3986 se

1898 4021 2281 4089 ostenderunt.
2334 4018 2578 4072 Alteram
2639 4018 2822 4083 enim,
2882 4017 3201 4088 priusquam
3240 4021 3383 4091 quis,
3418 4032 3477 4077 ut

1898 4113 2076 4175 aiunt,
2137 4111 2483 4173 nictarctur,
2532 4109 2858 4180 Iyphonicus
2893 4117 3115 4172 ventus,
3150 4118 3208 4163 ut
3269 4121 3476 4166 temere

1896 4202 2115 4273 loquar,
2143 4199 2508 4268 exstirpavit,
2562 4212 2685 4251 cum
2746 4198 3021 4252 fructibus
3052 4212 3191 4265 quos
3234 4200 3467 4265 ferebat,

1896 4292 2257 4364 Harpyiaeque
2320 4287 2706 4353 abduxerunt;
2757 4286 2842 4341 vel
2926 4288 3131 4356 potius,
3199 4299 3259 4342 ut
3323 4305 3473 4344 cou—

1894 4394 2157 4457 gruenter
2185 4384 2364 4437 dicam
2388 4421 2402 4445 ,
2431 4380 2678 4436 avulsam
2709 4388 2763 4433 et
2795 4379 2860 4434 ad
2892 4380 3191 4450 perniciem
3223 4394 3469 4437 ruentem

210 4481 291 4549 μὴ
323 4479 482 4543 ὄντος
514 4481 781 4550 ἀναφυὲν,
816 4481 1051 4553 ἐξεφάνη
1078 4484 1172 4536 καὶ
1201 4483 1624 4557 ὲπληροφορήθη
1651 4489 1789 4558 πρὸς

1910 4492 2044 4532 Lerra
2073 4477 2232 4530 hians
2265 4471 2581 4529 absorbuit.
2615 4473 2802 4525 Altera
2829 4480 3036 4539 autem,
3070 4472 3231 4541 quasi
3280 4489 3343 4526 ex
3382 4476 3470 4528 illa

207 4571 307 4625 καὶ
334 4572 736 4644 ὲντελεστάτην
780 4573 953 4645 αὖξην
1006 4577 1099 4630 καὶ
1130 4576 1418 4647 κάρπωσιν
1451 4577 1749 4651 θεάρεστον
1769 4596 1784 4613 ·

206 4664 345 4717 αὐτὸ
380 4664 481 4734 μὲν
512 4665 651 4734 πρὸς
684 4665 849 4720 αὐτοῦ
902 4667 996 4721 τοῦ
1045 4666 1182 4721 Θεοῦ
1240 4669 1334 4722 καὶ
1380 4670 1657 4741 προφανὲν
1692 4671 1788 4724 καὶ

205 4753 483 4822 θεοφιλῶς
507 4754 930 4829 τελεσφορηθὲν,
964 4760 1142 4812 ἐκεῖνο
1171 4759 1228 4813 δὲ
1254 4760 1344 4813 διὰ
1374 4759 1466 4813 τοῦ
1493 4764 1785 4831 παγκάκου

206 4846 482 4915 πολεμίου
537 4849 635 4919 τῆς
685 4849 1034 4920 ἀνθρωπίνου
1095 4853 1312 4923 φύσεως
1361 4853 1657 4920 ὲξολωλός·
1696 4855 1786 4910 ἵνα

205 4938 302 4990 καὶ
336 4939 401 4991 ἐκ
446 4940 656 4993 τούτων
697 4942 979 5012 μάθωμεν,
1011 4938 1099 4996 οἷα
1142 4944 1240 5014 μὲν
1275 4946 1303 4997 ὁ
1343 4945 1547 5016 Κύριος
1576 4946 1763 5017 θαυμα

204 5033 460 5100 τουργεῖ,
493 5033 650 5084 ὁποῖα
684 5033 740 5086 δὲ
762 5036 791 5087 ὁ
834 5036 1149 5102 ἀποστάτης
1179 5036 1365 5100 δοῦλος
1393 5037 1731 5108 ῥᾳδιουργεῖ,
1759 5039 1788 5093 ὁ

207 5124 427 5191 μηδένα
458 5124 630 5192 φιλῶν
652 5126 967 5197 ἄνθρωπον,
1004 5130 1104 5182 κᾶν
1132 5131 1179 5180 εί
1213 5129 1305 5181 καὶ
1335 5130 1417 5192 εὶς
1451 5131 1789 5187 οἰκειότατον

205 5216 380 5270 αὐτὸν
407 5215 784 5289 ἑγγράφηται,
819 5219 956 5273 ἀλλὰ
996 5221 1122 5283 τοὺς
1162 5221 1317 5285 ὅλους
1352 5221 1554 5276 ἐθέλων
1602 5240 1793 5277 κοινω-

206 5310 338 5372 νοὺς
368 5309 524 5377 αὐτῷ
547 5310 804 5377 γενέσθαι
834 5313 937 5381 τῆς
966 5313 1267 5377 κολάσεως,
1297 5314 1628 5379 ἁπεναντίας
1654 5316 1790 5368 τεάν-

206 5416 321 5464 τως
359 5399 438 5468 τῷ
470 5401 679 5466 πάντας
709 5402 948 5456 ἐθέλοντι
985 5404 1278 5468 σώζεσθαι.

280 5499 393 5547 κα’.
430 5492 662 5558 υύκοῦν,
700 5493 788 5563 ἐφ’
835 5491 917 5557 οἷς
957 5494 1085 5565 ἄρτι
1121 5496 1327 5568 φαμὲν,
1373 5499 1789 5571 κομψευόμενος

204 5587 359 5640 εἴποι
383 5585 454 5641 ἄν
480 5603 587 5653 τις,
628 5585 722 5640 δύο
769 5586 995 5652 τούτους
1040 5590 1343 5661 ἀλήθοντας
1371 5587 1453 5658 οἷς
1484 5593 1643 5648 ἔζων.
1691 5595 1788 5649 καὶ

280 5772 301 5805 ⁸
341 5770 505 5828 Prov.
540 5785 615 5835 tv,
682 5769 760 5824 ιο.
859 5772 875 5802 ¹
919 5771 1056 5827 ibit].

1896 4571 2185 4626 demortua
2231 4567 2532 4639 prodiisset
2562 4604 2577 4629 ,
2616 4565 2803 4620 statim
2852 4566 3129 4634 apparuit,
3191 4565 3473 4634 implevit-

1894 4680 2003 4737 que
2026 4667 2234 4734 justum
2276 4663 2704 4718 incrementum.
2738 4658 2971 4726 tulitque
3000 4657 3213 4712 fructus
3247 4658 3355 4714 Deo
3382 4659 3473 4725 ju-

1893 4759 2125 4814 cundos.
2154 4754 2254 4810 Hic
2284 4755 2462 4823 ipsum
2498 4750 2643 4821 apud
2678 4750 2845 4803 Deum
2874 4750 3023 4804 visus
3054 4762 3157 4814 est,
3181 4767 3293 4820 quo
3345 4769 3469 4806 eum

1894 4850 2114 4906 divinus
2142 4864 2299 4902 amor
2327 4845 2690 4916 perduxerat;
2729 4841 2821 4896 ille
2880 4856 2976 4911 per
3025 4841 3326 4911 pessimum
3375 4858 3472 4912 ge-

1895 4943 2044 4998 neris
2100 4939 2333 4994 humani
2400 4939 2612 4992 bostem
2693 4935 2874 5003 periit,
2946 4948 3057 5002 quo
3127 4933 3472 4990 disceremus

1895 5043 2099 5105 quanta
2146 5033 2256 5087 sint
2314 5046 2440 5084 cum
2494 5028 2767 5083 mirabilia
2834 5025 3070 5093 Domini,
3107 5036 3221 5081 tum
3265 5027 3471 5082 nefa:ia

1896 5128 2038 5184 servi
2076 5126 2237 5181 istius
2300 5123 2540 5187 rebellis,
2609 5121 2702 5191 qui
2764 5122 2973 5174 nullum
3032 5134 3100 5174 ex
3155 5120 3472 5172 hominibus

1886 5203 2067 5285 'amat,
2127 5234 2193 5271 ne
2231 5218 2332 5272 hos
2379 5216 2601 5286 quidem
2634 5220 2787 5284 jquos
2820 5224 2877 5266 ut
2941 5212 3047 5266 sibi
3116 5210 3472 5265 ﬁdelissimos

1895 5311 2248 5380 conscripsit,
2278 5310 2373 5364 sed
2410 5309 2524 5363 vult
2550 5318 2778 5362 cunctos
2815 5305 2929 5358 ﬁeri
2960 5319 3134 5374 paena:
3155 5318 3272 5357 sua:
3300 5306 3470 5368 parti-

1896 5407 2068 5474 cipes,
2103 5409 2263 5470 longe
2292 5417 2454 5457 secus
2470 5417 2531 5455 ac
2561 5399 2702 5453 Deus
2725 5398 2817 5467 qui
2866 5395 3050 5449 salvos
3082 5409 3275 5447 omnes
3327 5392 3467 5446 vult.

1965 5497 2056 5550 2|.
2102 5493 2197 5549 llis
2248 5508 2368 5564 quae
2401 5491 2562 5546 modo
2608 5490 2869 5549 diximus,
2922 5484 3087 5553 adjici
3144 5494 3331 5554 posset
3384 5500 3473 5538 or—

1897 5588 2063 5645 nandi
2118 5602 2307 5655 causa,
2355 5585 2463 5641 duo
2503 5584 2626 5638 illos
2664 5581 2806 5635 viros
2838 5592 2962 5633 cum
3016 5577 3136 5635 suis
3167 5574 3472 5648 aequalibus
