3982 6246
252 318 364 381 [81
1227 310 1312 374 ΙΝ
1347 310 1411 373 S.
1454 306 1873 383 QUADRAGE

1979 307 2142 369 MAM
2186 307 2482 371 ORATIO
2522 311 2575 373 I;
3440 317 3547 382 582

252 428 479 500 ἀδελφῷ
513 424 854 480 δυσωποῦντι
888 427 982 480 καὶ
1010 421 1421 494 γονυκλιτοῦντι
1454 422 1549 477 καὶ
1586 419 1838 478 mami-
1868 469 1873 479 .

1983 434 2047 475 us
2073 417 2232 476 ﬂexis
2262 420 2668 494 iuclinatusque
2712 422 2779 478 ad
2808 422 2997 481 oscula
3023 424 3188 495 hujus
3208 427 3391 482 exitus
3415 444 3543 496 par-

254 541 457 578 πτοντι
488 524 545 586 ἐς
579 522 981 593 προσκύνησιν,
1031 519 1347 575 ὑπακοῦσαι
1398 519 1456 573 δὲ
1492 518 1574 590 τῷ
1626 517 1848 588 δαίμονι

1979 510 2117 580 iceps
2139 510 2334 578 ﬁeret;
2367 529 2554 570 aurem
2582 530 2713 571 vero
2737 515 2979 587 praebere
3036 516 3272 574 daemoni
3316 519 3546 575 insidio-

254 613 577 685 ὲρεθίσαντι
606 612 750 682 λόγῳ
783 612 1080 684 ὐποόολῆς,
1121 612 1316 683 καιρὸν
1346 606 1490 666 εἶναι
1519 611 1720 665 αὐτίκα
1755 609 1851 664 νῦν

1979 618 2015 657 .e
2077 604 2326 659 suadenti
2352 621 2499 663 nunc
2536 622 2658 664 esse
2700 619 2920 679 tempus
2957 609 3183 668 inimico
3212 611 3281 666 ab
3319 613 3544 671 homine

255 709 582 778 ἀπαγαγεῖν
620 707 714 763 τοῦ
749 705 947 779 ἐχθροῦ
976 707 1076 778 τὴν
1118 705 1385 778 κεφαλὴν,
1434 707 1528 760 καὶ
1567 704 1712 760 οὕτω
1750 705 1852 775 τῆς

1979 694 2288 752 Ieclinandi.
2321 696 2501 764 Quum
2525 700 2670 755 enim
2706 700 2873 758 haece
2907 702 2992 758 via
3022 702 3078 758 in
3099 704 3542 762 maledictionetn

257 804 385 855 ἐκεῖ
407 801 555 868 ζωῆς
591 800 870 871 ἐπάρατον
902 800 1230 857 ἀνθελέσθαι
1249 801 1350 871 τὴν
1375 799 1618 855 ἐνταῦθα
1643 799 1850 871 βιοτὴν,

1979 786 2305 856 ncurrisset,
2358 787 2487 843 huic
2527 790 2657 845 vita:
2697 798 2957 847 aeternam
3015 794 3181 848 vitam
3208 793 3542 864 posthabuit,

258 895 363 947 καὶ
411 894 553 965 πρὸς
601 894 683 966 τῷ
738 894 923 965 λιμένι
963 894 1295 965 ναυαγῆσαι,
1337 894 1432 949 καὶ
1469 894 1559 948 ὅτε
1590 872 1711 957 ταίς
1757 891 1855 946 τοῦ

1979 881 2310 954 naufragium
2366 882 2433 937 ad
2481 891 2702 955 portum
2735 884 2890 949 fecit,
2942 886 3269 958 foribusque
3303 889 3545 959 paradisi

260 988 606 1057 παραδείσου
657 988 857 1053 πύλαις
899 987 1110 1058 ἕγγισε,
1150 989 1304 1060 παρὰ
1346 985 1542 1056 θύρας,
1593 987 1621 1039 ὅ
1664 1003 1854 1055 φασιν,

1983 991 2068 1029 am
2097 974 2397 1046 proximus,
2429 992 2460 1031 a
2485 976 2720 1045 foribus,
2749 986 2810 1033 ut
2834 978 3010 1046 aiunt,
3029 981 3327 1045 deerravit,
3351 995 3547 1051 passus

258 1081 471 1147 ἐλθεῖν,
504 1080 781 1152 ἀφέμενον
824 1081 905 1154 τῷ
950 1080 1133 1154 ἐχθρῷ
1163 1082 1471 1153 Νικηφόρῳ
1490 1121 1506 1148 ,
1534 1079 1858 1152 είσδραμεϊν

1984 1066 2248 1123 nimicum
2280 1068 2832 1141 sntthNicephorum
2859 1071 3159 1128 introrsum
3185 1089 3546 1144 praecurrere,

258 1174 380 1228 ἔσω
409 1175 505 1226 καὶ
526 1174 627 1244 τὴν
652 1172 747 1228 τοῦ
772 1174 909 1229 Θεοῦ
941 1174 1100 1242 δόξαν
1129 1173 1433 1230 θεάσασθαι
1460 1189 1475 1205 ·
1506 1172 1858 1227 ὑπεκστάντα

1979 1171 2128 1231 itque
2177 1162 2251 1218 ibi
2283 1162 2514 1233 gloriam
2543 1162 2642 1220 Dei
2673 1165 3057 1234 contemplari.
3085 1166 3306 1223 Scilicet
3338 1184 3370 1224 e
3395 1169 3545 1224 scala

264 1270 374 1337 μὲν
435 1267 537 1337 τῆς
597 1267 1045 1338 οὐρανοσάμονος
1111 1266 1383 1336 κλίμακος
1436 1264 1517 1336 τῷ
1589 1263 1858 1335 θεοφιλῶς

264 1358 518 1430 ὑψιπέτῃ
556 1360 700 1429 ἀετῷ
735 1358 1062 1430 Νικηφόρῳ,
1111 1358 1295 1427 ἑαυτῷ
1342 1357 1399 1412 δὲ
1447 1356 1526 1422 ὡς
1586 1359 1862 1428 γεωχαρεῖ

263 1450 369 1502 καὶ
404 1444 538 1520 (οἷον
568 1448 767 1514 εἰπεῖν)
815 1447 1082 1519 βουγαίῳ.
1118 1446 1221 1500 εἴτ’
1248 1442 1342 1502 οὖν
1394 1446 1709 1517 βοσκήματι
1754 1446 1861 1514 γῆς

263 1540 688 1613 ἁνακυψαμένῳ
721 1540 783 1595 τὸ
826 1540 1146 1610 κατάγαιον,
1190 1538 1286 1594 καὶ
1326 1541 1438 1602 τοῖς
1479 1539 1632 1594 κάτω
1666 1538 1862 1591 ἐναπο-

270 1640 566 1709 μείναντα,
622 1637 697 1709 μὴ
735 1637 930 1708 ἔχοντα
973 1635 1111 1708 μηδὲ
1142 1634 1474 1691 ἀναϐλέπειν
1520 1631 1730 1694 ἀτενῶς
1778 1633 1863 1695 είς

266 1729 367 1781 τὸν
399 1726 665 1799 οὐρανόν·
691 1726 930 1797 ὁπηνίκα
960 1726 1058 1779 καὶ
1079 1727 1127 1779 οἱ
1154 1725 1343 1794 δήμιοι
1366 1723 1474 1777 οὐκ
1496 1719 1566 1779 ἂν
1590 1718 1754 1791 ἔσχον
1785 1719 1861 1790 μὴ

1960 1253 2276 1322 pertinente
2294 1253 2362 1309 ad
2385 1256 2586 1311 coelum
2616 1257 2882 1325 excessit,
2928 1257 3080 1328 quia,
3117 1266 3175 1313 ut
3204 1258 3548 1330 Nicephorus

1970 1363 2066 1419 per
2086 1347 2330 1404 divinum
2351 1362 2594 1405 amorem
2626 1349 2679 1405 in
2709 1350 2949 1421 aquilam
2979 1351 3086 1406 alta
3122 1359 3396 1421 petentem
3414 1367 3550 1409 con-

1969 1456 2161 1498 versus
2184 1448 2323 1507 erat,
2345 1441 2428 1497 sic
2458 1445 2576 1511 ipse
2603 1444 2958 1500 terrestribus
2984 1442 3199 1500 deditus
3224 1455 3386 1516 atque
3414 1460 3555 1516 quo.

1964 1532 2257 1601 dammodo
2279 1534 2562 1590 terrestris
2575 1534 2643 1591 ad
2670 1536 3032 1593 subterranea
3054 1537 3216 1609 quasi
3239 1537 3304 1591 ad
3329 1548 3549 1607 pastum

1964 1625 2106 1682 adeo
2125 1625 2410 1691 tendebat,
2445 1626 2516 1683 iis
2548 1635 2764 1684 tantum
2803 1628 3135 1695 adhaerebat,
3168 1637 3227 1685 ut
3257 1644 3329 1686 ne
3348 1632 3550 1686 coelum

1961 1716 2184 1787 quidem
2204 1728 2357 1774 recta
2375 1718 2575 1774 intueri
2596 1721 2918 1777 sustineret.
2936 1718 3418 1778 Carniﬁcesetiam
3442 1738 3552 1778 non

268 1821 338 1873 οὗ
397 1819 704 1889 θαυμάσαι,
758 1819 910 1881 ὅπως
962 1817 1086 1887 οὐχὶ
1142 1814 1499 1884 ἀντάλλαγμα
1532 1808 1857 1882 λυτρώσεως

1979 1816 2218 1865 mterant
2246 1824 2356 1865 non
2387 1811 2653 1869 admirari
2674 1813 2956 1883 quomodo
2978 1812 3263 1883 Sapricius
3284 1812 3397 1883 iam
3426 1831 3554 1885 snp-

267 1913 458 1984 ψυχῆς
489 1912 727 1975 δικαίας,
754 1910 894 1965 ἀλλά
930 1909 1204 1980 ὀλεθρίου,
1245 1907 1336 1962 τὶν
1384 1904 1735 1976 φιλόχριστον
1766 1902 1867 1955 Νι-

271 2006 528 2076 κηφόρον
554 2002 930 2075 παρᾳδόμενος
960 2002 989 2055 ὁ
1024 1998 1327 2070 Σαπρίκιος
1355 1997 1548 2067 ἐφόνα,
1587 1993 1863 2066 δαιμόνων

273 2096 570 2168 ἄντικρυς.
608 2089 1023 2165 Ἐὁαρύνθησὰν
1049 2091 1108 2148 δὲ
1136 2091 1205 2147 ἂν
1235 2092 1455 2155 ἐκεῖνοι,
1486 2089 1583 2143 ml.
1609 2088 1691 2142 ὅτι
1729 2084 1863 2157 βλα-

280 2190 557 2261 σφημίαις
594 2188 625 2242 ὀ
663 2187 833 2251 κακὸς
873 2186 1167 2256 ἄνθρωπος
1202 2183 1303 2247 τὰς
1346 2180 1575 2254 φιλικὰς
1608 2177 1864 2248 εὐλογίας

276 2283 567 2354 ἠμείϐετο,
609 2284 704 2337 καὶ
736 2282 837 2345 τάς
878 2280 1093 2344 ἱκεσίας
1146 2277 1363 2349 ὕϐρεσι,
1410 2276 1512 2331 καὶ
1557 2276 1656 2340 ὡς,
1685 2272 1866 2344 φιλεῖν

277 2374 460 2430 δοκῶν
485 2375 579 2427 τὸν
606 2372 876 2443 δεσπότην
899 2372 1056 2440 Θεὸν,
1080 2371 1172 2426 τὸν
1204 2369 1495 2425 σύνδουλον
1529 2370 1586 2433 ἐς
1609 2366 1867 2422 τοσοῦτον

284 2472 461 2540 μισεῖ,
499 2466 597 2521 καὶ
627 2465 895 2538 τύραννος
928 2465 1241 2529 ἀποϐαίνει,
1275 2465 1531 2534 μετάγων
1567 2462 1689 2516 κατ’
1720 2459 1869 2513 ὲκεί-

280 2578 378 2616 νου
426 2560 529 2630 τὴν
573 2559 716 2614 κοιτά
765 2560 865 2630 τῆς
918 2558 1164 2629 κεφαλῆς
1203 2556 1505 2625 ἀπόφασιν,
1558 2553 1758 2625 μενοῦν
1801 2568 1865 2616 γε

283 2652 565 2724 πυρκαίου
598 2649 875 2721 ὲξανάψας
906 2649 1101 2722 θυμοῦ,
1140 2646 1422 2713 σώζουσαν
1460 2646 1561 2717 μὲν
1596 2645 1690 2698 τὸν
1729 2661 1867 2716 προ-

281 2743 577 2813 δεδομένον
631 2745 831 2810 θανεῖν,
869 2743 964 2799 τδν
1013 2740 1071 2797 δὲ
1116 2739 1387 2812 προδόντα
1439 2736 1869 2803 διαϐιϐάζουσαν

282 2836 366 2900 είς
391 2832 617 2891 αἰώνιον
646 2835 779 2906 πῦρ.

359 3107 463 3162 κδ’.
494 3105 871 3178 Παραπήξατε
895 3103 1079 3158 τοίνυν
1118 3096 1162 3157 ὦ
1195 3099 1437 3170 ἀδελφοὶ,
1467 3099 1534 3170 τῇ
1567 3095 1691 3152 καθ’
1724 3094 1872 3166 ὑμᾶς

287 3201 491 3273 μνήμῃ
543 3165 638 3253 καὶ
689 3165 906 3268 δένδρον
954 3195 1114 3249 τοῦτο
1181 3165 1533 3263 παράδοξον
1572 3165 1940 3259 ἐκριζωθὲνῧ

286 3292 581 3361 ξυλοκόπῳ
609 3290 835 3351 δικαίως
862 3288 1022 3360 ἀξίνῃ
1053 3285 1146 3339 τοῦ
1182 3284 1329 3339 θείου
1366 3283 1566 3355 κήπου,
1604 3280 1699 3336 καὶ
1728 3279 1868 3332 ἀπο-

282 3386 582 3456 κληρωθὲν
623 3384 826 3455 αἰωνίῳ
855 3385 1012 3454 πυρὶ,
1043 3382 1182 3451 ὅπερ
1222 3377 1372 3450 αὐτῷ
1403 3377 1482 3448 τῷ
1513 3376 1733 3445 δαίμονι
1775 3371 1872 3427 καί⁸

284 3481 409 3540 cci;
443 3476 657 3531 ἐκείνου
705 3474 1059 3545 ἡτοίμασται.
1104 3473 1216 3527 Καὶ
1254 3471 1316 3525 τὸ
1363 3467 1610 3525 τοιοῦτον
1661 3469 1872 3539 φάκτον

292 3570 555 3640 μνήμασι
590 3566 797 3630 δέλτοις
839 3566 1054 3637 φρενῶν
1089 3563 1528 3635 ἐγγραψάμενοι,
1559 3559 1872 3630 παραδέχε-

292 3663 394 3717 σθε
453 3662 553 3732 μὲν
616 3661 839 3715 ἅπαντα
896 3658 1183 3731 ἄνθρωπον
1233 3655 1505 3726 ζητοῦντα
1551 3653 1742 3723 εὐχὴν,
1777 3651 1874 3705 καὶ

290 3753 675 3824 καταλλαγὴν,
731 3752 822 3805 καὶ
856 3750 1051 3803 ἕνωσιν
1102 3746 1456 3818 ἀνθρωπικὴν
1510 3744 1871 3815 άτῦρϐαστον,

291 3854 394 3905 καὶ
427 3847 695 3917 φιλότητα
721 3841 1067 3912 κοινωνικὴν,
1107 3839 1201 3893 καὶ
1235 3837 1541 3909 συνδρομὴν
1571 3835 1872 3907 πολιτικὴν,

292 3943 393 3997 καὶ
427 3940 679 4008 ἀγάπην,
710 3937 805 3991 καὶ
829 3934 1268 4003 συγκατάὸασιν,
1301 3931 1394 3986 καὶ
1417 3930 1740 3994 ἐπιείκειαν,
1782 3927 1878 3981 καὶ

291 4013 646 4103 ἡμερότητα,
686 4028 782 4082 καὶ
838 4026 1156 4097 ἱλαρότητα,
1209 4025 1305 4079 καὶ
1349 4024 1604 4090 ἀσυλίαν,
1663 4021 1760 4075 καὶ
1817 4018 1878 4072 τὸ

293 4122 651 4187 ἀνεπίϐετον,
693 4121 789 4173 καὶ
841 4116 1322 4179 ἀνεπιόούλευτον,
1367 4114 1463 4169 καὶ
1509 4113 1612 4187 τὴν
1657 4114 1713 4177 ὲς
1763 4112 1879 4184 βίον

294 4215 700 4284 συγκρότησιν,
737 4212 824 4280 ἐφ’
847 4203 926 4273 οἷς
948 4208 1199 4269 δυνατὸν,
1238 4206 1333 4260 καὶ
1367 4205 1726 4277 ἐνδεχομένην
1753 4221 1878 4258 συν-

294 4306 612 4375 αντίληψιν,
641 4303 737 4357 καὶ
759 4302 932 4366 ἔλεον,
963 4301 1058 4354 καὶ
1096 4299 1409 4367 μετάδοσιν,
1441 4298 1521 4351 ἐτι
1551 4297 1609 4350 δὲ
1648 4313 1882 4350 συνανα-

296 4399 546 4471 στροψὴν
596 4393 901 4464 εἰρηνικὴν,
935 4391 1183 4457 δεξίωσιν
1216 4390 1590 4460 ἀπάνουργον,
1636 4385 1882 4456 κεφαλῆς

1970 1901 2140 1974 plicio
2173 1903 2412 1958 traditus
2440 1911 2829 1973 compensaret
2863 1905 3124 1960 amicitia:
3153 1905 3404 1977 pignora,
3439 1922 3551 1962 non

1972 1996 2153 2068 probi,
2185 1997 2283 2054 sed
2311 1998 2561 2070 pestiferi
2596 1999 2837 2055 hominis
2882 2000 3077 2066 instar,
3111 2001 3178 2054 ad
3212 2001 3554 2071 exemplum-

1967 2105 2077 2160 que
2131 2090 2473 2155 dtemonum,
2550 2091 2861 2162 exoptanda
2892 2106 3082 2147 necem
3125 2090 3418 2163 Nicephori
3457 2094 3553 2164 qui

1970 2183 2247 2240 Christum
2278 2183 2559 2255 diligebat.
2581 2185 2749 2257 )Egre
2767 2185 3012 2242 ferebant
3045 2187 3191 2257 quod
3211 2187 3315 2245 iste
3339 2190 3424 2245 vir
3452 2205 3554 2245 ne-

1970 2293 2134 2349 quam
2173 2279 2482 2336 maledictis
2518 2281 2698 2336 amice
2725 2279 2871 2336 dicta
2896 2281 3223 2352 probrisque
3242 2297 3434 2353 preces
3469 2297 3554 2339 re-

1970 2372 2541 2443 penderet,quodque,
2572 2388 2700 2428 cum
2734 2372 3021 2429 Dominum
3060 2373 3228 2430 Deum
3254 2390 3443 2432 amare
3472 2375 3553 2430 vi-

1968 2466 2216 2529 deretur,
2252 2480 2581 2521 conservum
2627 2474 2913 2535 tantopere
2954 2467 3180 2522 odisset.
3220 2469 3331 2523 Rex
3368 2477 3553 2523 autem

1967 2555 2116 2623 cteli,
2147 2553 2244 2625 qui
2275 2570 2339 2609 ex
2372 2554 2453 2609 ira
2481 2555 2563 2610 sic
2589 2555 2815 2609 incensa
2851 2553 3030 2625 ignem
3064 2554 3184 2625 ipse
3210 2563 3553 2624 susceperat,

1967 2645 2082 2717 jam
2114 2661 2146 2701 a
2181 2645 2433 2716 Sapricio
2468 2649 2736 2713 recessit,
2776 2662 3036 2717 eumque,
3077 2647 3133 2703 in
3181 2647 3359 2703 locum
3395 2646 3557 2703 Nice-

1967 2739 2153 2812 phori,
2175 2740 2434 2811 quatiens
2455 2747 2618 2810 caput
2641 2740 2972 2810 repudiavit,
2989 2757 3097 2812 quo
3115 2752 3252 2796 nutu
3274 2740 3366 2812 qui
3389 2740 3557 2797 nmrti

1974 2831 2210 2887 devotus
2237 2838 2358 2888 erat
2384 2831 2569 2887 salvus
2592 2830 2776 2887 factus
2796 2840 2906 2898 est,
2941 2831 3038 2902 qui
3058 2839 3241 2888 autem
3264 2831 3559 2888 devoverat

1970 2924 2275 2982 translatus
2315 2924 2371 2980 in
2398 2924 2578 2995 ignem
2614 2931 2901 2980 aeternum.

2041 3107 2131 3164 24.
2171 3105 2397 3179 Deﬁgite
2437 3105 2624 3179 igitur,
2679 3104 2897 3171 fratres,
2934 3113 3115 3163 vestra
3145 3105 3198 3163 in
3270 3120 3555 3171 memoria,

1973 3201 2227 3257 arborem
2260 3201 2420 3256 istam
2472 3200 2753 3271 indignam
2816 3199 3010 3254 merito
3070 3198 3253 3254 securi
3313 3198 3553 3253 excisam

1974 3293 2149 3348 fuisse
2174 3294 2243 3348 ad
2278 3292 2515 3357 radices,
2564 3290 2803 3362 iureque
2826 3293 3123 3358 sepositam
3171 3303 3237 3344 ex
3278 3290 3439 3343 horto
3477 3288 3560 3341 di-

1973 3382 2099 3437 vino
2129 3383 2181 3437 in
2212 3383 2389 3455 ignem
2425 3393 2710 3450 aeternum,
2738 3383 2829 3452 qui
2856 3382 3086 3437 dminoni
3116 3391 3171 3437 et
3197 3382 3403 3452 angelis
3434 3380 3555 3445 eius

1975 3484 2201 3545 paratus
2269 3485 2375 3530 est.
2454 3473 2608 3542 Quod
2672 3489 2796 3529 cum
2848 3473 2905 3528 in
2960 3473 3295 3528 memoribus
3359 3471 3559 3527 mentis

1980 3577 2176 3623 vestra:
2227 3568 2797 3637 labuliaimpressum
2844 3567 2969 3633 erit,
2999 3567 3176 3621 virum
3240 3567 3557 3636 acceptabi-

1978 3660 2081 3715 lem
2112 3661 2297 3716 ducite
2347 3663 2660 3732 quicunque
2717 3662 2956 3732 requiret
3018 3660 3344 3726 orationem,
3420 3675 3557 3715 con-

1978 3755 2244 3822 cordiam,
2278 3756 2716 3811 communionem
2748 3757 2953 3828 absque
2999 3756 3258 3825 tumultu,
3313 3771 3553 3810 amorem

1980 3850 2126 3903 unde
2163 3849 2499 3916 communio,
2565 3864 2897 3904 consensum
2948 3851 3003 3904 in
3072 3848 3311 3919 publicis
3363 3849 3551 3911 rebus,

1980 3941 2322 4009 charitatem,
2378 3942 2733 4012 obsequium,
2802 3942 3150 4008 modestiam,
3215 3943 3553 4003 comitatem,

1979 4032 2308 4087 hilaritatem
2336 4041 2389 4086 ct
2419 4033 2772 4089 securitatem
2801 4050 2817 4099 ;
2852 4033 2947 4102 qui
3003 4047 3102 4086 nec
3154 4028 3553 4088 dissimulabit,

1979 4138 2081 4179 nec
2119 4125 2469 4179 insidiabitur
2497 4140 2512 4186 ;
2542 4125 2633 4192 qui
2664 4138 2751 4180 res
2782 4124 2904 4178 vitae
2936 4128 3237 4191 componet
3285 4131 3551 4190 quantum

1984 4216 2224 4286 poterit;
2261 4215 2624 4284 opitulabitur
2664 4214 2711 4269 si
2761 4229 2900 4283 opus
2930 4212 3052 4276 erit,
3104 4208 3457 4265 miserabitur
3501 4216 3556 4261 et

1981 4310 2048 4364 de
2079 4324 2179 4363 suo
2211 4308 2363 4363 dabit
2394 4324 2409 4375 ;
2443 4307 2533 4376 qui
2567 4307 2886 4362 societatem
2914 4321 3038 4359 cum
3076 4291 3339 4357 frattibus'
3396 4300 3556 4354 inibit

1985 4400 2289 4469 pacilicam,
2323 4399 2569 4452 dextram
2603 4399 2843 4468 porriget
2872 4397 3175 4460 innoxiam,
3232 4395 3353 4465 ipso
3405 4393 3558 4462 capi-

294 4492 487 4545 νεῦσιν
539 4487 879 4555 εὐλόγιστον,
932 4483 1123 4539 λαλιὰν
1166 4482 1547 4544 εὐπαίδευτον,
1601 4478 1873 4542 συνένεξιν

1988 4489 2054 4542 tis
2085 4488 2219 4542 nutu
2256 4488 2509 4543 sincerus
2557 4491 2679 4542 erit.
2714 4486 2815 4554 Qui
2887 4488 2942 4541 in
2990 4476 3242 4542 sermone
3288 4484 3561 4554 ingenuus

294 4583 558 4653 ἀστικὴν,
602 4577 908 4652 συνδρομὴν
959 4575 1303 4639 ἀσκέλιστον,
1345 4571 1627 4625 συνοικίαν
1670 4570 1879 4638 ἀτάρα-

294 4692 417 4745 χον,
459 4671 717 4739 εὐλογίαν
746 4668 1149 4742 χριστιανικὴν,
1196 4664 1258 4719 τὸ
1295 4665 1657 4731 ἀπανούργως
1691 4662 1882 4731 εὐόμι-

294 4767 413 4831 λον,
446 4766 509 4818 τὸ
543 4784 561 4816 ι
597 4763 688 4816 ναὶ
725 4782 744 4814 ι
778 4762 958 4817 καὶτὸ
996 4780 1018 4814 ε
1055 4758 1140 4827 οὒ,
1177 4777 1194 4811 ο
1222 4759 1281 4810 τὸ
1304 4756 1442 4827 πρὸς
1471 4754 1725 4824 ἀλήθειαν
1746 4754 1883 4826 ἀρα-

296 4858 652 4928 διούργητον,
679 4855 740 4908 τὸ
761 4854 1117 4926 ἀνθρωπίνως
1150 4851 1491 4916 κοινωνικὸν,
1514 4849 1577 4901 τὸ
1607 4847 1882 4918 ἀκακούρ-

298 4972 414 5021 γως
444 4950 846 5016 πολιτευτικδν,
874 4949 935 5002 τὸ
958 4949 1015 5001 ὲν
1042 4946 1486 5014 συναλλάγμασιν
1506 4943 1716 5005 ἄδολον,
1741 4941 1802 4994 τὸ
1824 4941 1882 4994 ὲν

299 5045 672 5112 ὑποσχέσεσιν
705 5042 957 5109 ἀτρεκὲς,
989 5040 1050 5092 τὸ
1080 5042 1138 5091 ὲν
1168 5038 1529 5107 δανείσμασιν
1563 5035 1594 5106 ἥ
1629 5034 1881 5106 ἀκερδὲς,

298 5139 333 5205 ἦ
358 5136 502 5189 ἀλλά
526 5135 767 5204 δευτέρῳ
799 5133 945 5203 λόγῳ
978 5130 1339 5202 εὐδιακρίτως
1378 5129 1744 5200 ὀλιγοκερδὲς,
1787 5128 1883 5181 καὶ

299 5229 526 5288 ὁπόσοις
546 5224 729 5287 ἄλλοις
750 5223 863 5294 βίος
885 5222 1210 5293 ἐξαρτύεται
1224 5222 1452 5293 ἥμερος,
1474 5222 1569 5277 καὶ
1595 5221 1672 5292 μὴ
1694 5218 1884 5289 αἰσχύ-

300 5336 407 5372 νων
437 5319 533 5371 τὸν
572 5317 666 5369 τοῦ
708 5315 844 5369 Θεοῦ
892 5315 1206 5385 ἄνθρωπον,
1251 5316 1348 5368 καὶ
1388 5317 1468 5377 είς
1515 5313 1651 5368 Θεοῦ
1686 5312 1882 5382 δένδρα

300 5412 480 5473 οὕτως
542 5407 840 5473 αὑξάνεσθε
898 5409 991 5459 καὶ
1046 5406 1385 5475 πληθύνεσθε
1443 5406 1726 5474 πολυφόρα
1787 5403 1882 5457 καὶ

301 5502 695 5571 ἀγλαόκαρπα,
725 5501 816 5552 καὶ
838 5493 929 5551 οἵα
954 5497 1191 5566 γλυκάζε
1203 5516 1248 5550 ιν
1269 5500 1365 5552 καὶ
1387 5499 1611 5568 τέρπειν
1639 5498 1724 5553 διὰ
1748 5498 1884 5566 ἀγάα

301 5612 436 5664 πης,
477 5590 602 5645 καθ’
644 5593 710 5661 ἦν
741 5591 1074 5661 ἠγαπημένοι
1106 5591 1341 5659 νεόςρυῖα
1363 5591 1438 5661 τῷ
1464 5590 1584 5661 Θεῷ
1615 5590 1885 5655 ὲξοσιοῦν-

301 5704 388 5740 ται
426 5688 505 5745 είς
530 5685 690 5750 δόξαν
719 5684 885 5738 αὑτοῦ
917 5681 1054 5752 δ’,ὶοῦ
1082 5684 1473 5754 ἀνατρέχοντα.
1502 5684 1615 5739 Καὶ
1647 5684 1881 5737 τοιοῦτοι

306 5782 403 5853 μὲν
443 5780 607 5850 ὑμεῖς
636 5777 959 5832 ἀποϐαίνετε
1002 5776 1145 5848 λόγῳ
1174 5775 1538 5846 τελειώσεως,
1573 5776 1647 5840 ὡς
1675 5776 1881 5847 ἄνθρω-

1986 4584 2128 4640 etin
2169 4582 2500 4636 commercio
2542 4581 2789 4636 urbanus
2839 4580 3132 4646 videbitur,
3194 4594 3371 4647 neque
3426 4592 3563 4631 eon-

1986 4684 2298 4731 currentem
2365 4674 2764 4743 supplantahit,
2857 4689 3037 4742 neque
3133 4669 3562 4726 contubernales

1988 4770 2228 4834 vexabit,
2269 4771 2385 4830 sed,
2415 4776 2473 4820 ut
2501 4767 2876 4822 Christianum
2909 4769 3084 4833 decet,
3115 4766 3166 4819 in
3201 4763 3566 4835 collnqnendo

1988 4862 2285 4923 aii‘abilem,
2320 4866 2375 4914 in
2409 4860 2789 4914 conversando
2818 4858 3120 4926 simplicem
3154 4873 3212 4912 se
3245 4855 3562 4927 prrestabit;

1989 4959 2083 5028 qui
2116 4967 2316 5027 praeter
2346 4959 2423 5011 ita
2453 4956 2539 5010 vel
2580 4971 2684 5009 non
2712 4954 2845 5009 nihil
2870 4954 3113 5023 atljiciet,
3141 4964 3195 5010 et
3219 4968 3246 5006 a
3277 4954 3402 5008 laesa
3432 4953 3570 5007 veri-

1989 5060 2102 5105 tate
2153 5065 2377 5119 prorsus
2432 5049 2797 5116 abhorrebit;
2830 5049 2925 5119 qui
2974 5047 3028 5102 in
3091 5047 3345 5103 civilibus
3398 5047 3567 5101 rebus

1989 5142 2286 5206 oﬂiciosus,
2323 5142 2376 5195 in
2420 5142 2654 5211 publicis
2681 5142 2973 5204 innocuus,
3005 5141 3062 5195 in
3100 5141 3404 5195 exercenda
3424 5152 3570 5190 mer-

1990 5243 2178 5290 catura
2200 5234 2412 5288 fraudis
2478 5234 2792 5289 invenietur
2853 5247 3097 5302 expers;
3152 5229 3245 5301 qui
3322 5228 3568 5283 ienerata

1989 5344 2055 5384 ex
2088 5329 2312 5397 pecunia
2346 5329 2650 5385 mercedem
2679 5327 2761 5382 vel
2802 5327 3008 5381 nullam
3054 5324 3137 5378 vel
3180 5321 3372 5378 saltem
3430 5321 3569 5375 bene

1990 5420 2260 5474 modicam
2343 5422 2563 5490 exiget,
2639 5421 2714 5473 ita
2799 5425 2859 5471 ut
2936 5415 3029 5484 qui
3108 5420 3389 5468 mutuatus
3464 5412 3570 5465 erit

1991 5509 2095 5563 sibi
2173 5519 2456 5579 comparet
2514 5525 2578 5564 ex
2647 5505 2876 5577 reliquis
2931 5506 3136 5559 victum
3193 5503 3406 5558 facilem
3469 5516 3570 5556 nec

1992 5596 2103 5650 lilio
2149 5596 2241 5651 Dei
2293 5598 2627 5652 indecorum.
2666 5597 2840 5651 Simili
2873 5595 3034 5651 modo
3062 5608 3114 5651 et
3149 5609 3269 5661 vos,
3316 5602 3377 5649 ut
3405 5594 3565 5648 arbo-

1995 5703 2083 5742 res
2118 5688 2232 5751 Dei,
2265 5689 2494 5742 crescite
2528 5696 2581 5743 et
2612 5687 2909 5742 exuberate
2940 5685 3216 5741 fructibus
3249 5694 3306 5741 ut
3356 5684 3568 5743 multis.

1993 5782 2067 5837 ita
2128 5779 2411 5864 jucundis.
2467 5778 2837 5850 suavibusquc
2859 5788 2912 5838 et
2954 5777 3209 5837 dulcibus
3268 5794 3365 5852 per
3417 5793 3572 5834 amu-
