3982 6246
311 322 427 387 589

1288 327 1373 388 IN
1417 329 1476 388 S.
1517 327 2187 401 QUADRAGESIMAM
2215 332 2502 396 ORATIO
2543 335 2633 398 II.

3472 346 3579 412 593

305 435 729 507 ἀγαθοπραξίαν
776 438 837 495 ἑν
884 440 1018 510 ὑμῖν
1059 440 1306 508 ἐκφανεῖ.
1341 441 1558 510 Ταύτην
1587 461 1616 495 ο
1641 441 1779 512 ἔχων
1820 443 1900 506 είς

2008 446 2234 515 cipiunt,
2261 461 2427 502 omne
2460 447 2735 505 bonorum
2777 463 3008 521 operum
3038 451 3096 507 in
3132 452 3288 509 vobis
3317 457 3582 524 producet

307 531 527 595 ἐντελὲς
583 532 856 603 φορτηγεϊ
902 533 970 586 τά
1024 532 1462 602 τιμαλφιστατα.
1490 533 1609 589 Οὐκ
1643 534 1783 606 ἔφθη
1809 551 1893 600 τις

307 624 536 694 ἀγάπην
566 628 764 690 εἰπεῖν,
800 625 895 679 καὶ
935 623 1354 698 συνεξεφωνήθη
1384 627 1522 698 αὐτῇ
1551 626 1772 694 ξύμπαν
1800 645 1896 682 κα·

306 718 423 773 λόν.
479 719 732 789 Ἀγάπης
770 717 1248 791 παρεισδυομένης
1277 720 1358 783 είς
1389 719 1592 791 ψυχὴν,
1619 720 1897 790 συνεισέρο

309 828 470 880 χεται
510 814 607 864 καὶ
655 812 841 875 λοιπὸς
896 812 1046 875 ἅπας
1090 810 1279 880 ὅμιλος
1308 812 1542 880 ἀρετῶν.
1579 813 1640 866 El
1671 812 1728 867 δὲ
1755 812 1895 881 αὑτὴ

307 904 527 957 mrsu
588 903 1003 966 ικκέκλεισται,
1063 901 1223 972 δῆλον
1283 903 1368 958 ὅτι
1425 903 1692 976 ἐρημοςη
1747 903 1896 974 ψυχὴ

305 997 496 1068 ἐκείνη
520 996 720 1062 παντὸς
747 987 978 1066 ἀγαθοῦ.

376 1189 452 1253 η’.
485 1183 724 1248 Ἐνωσις
753 1184 894 1253 πρὸς
919 1184 1011 1238 τὸν
1042 1183 1174 1238 Υίὺν
1205 1184 1238 1256 ἡ
1269 1183 1487 1253 ἀγάπη,
1516 1181 1640 1234 ἐπεὶ
1666 1181 1761 1234 καὶ
1787 1179 1896 1232 τῶν

303 1274 474 1327 αὑτοῦ
496 1275 731 1328 ινῖολῶν
755 1278 1172 1348 ὲκπληρωτική.
1203 1295 1222 1329 ε
1268 1277 1330 1330 Ei
1350 1275 1459 1346 γὰρ
1484 1274 1737 1342 ἀγαπᾶτὲ
1768 1289 1890 1344 pen

305 1368 469 1435 φησι,
533 1385 552 1420 ε
593 1370 690 1432 τὰς
744 1368 965 1432 ὲντολάς
1034 1369 1101 1422 ἂν
1158 1369 1390 1422 ἐποιεῖτε
1426 1369 1524 1431 τὰς
1559 1366 1724 1436 ὲμάς.
1759 1385 1778 1418 ι
1811 1367 1900 1418 Οία

303 1457 534 1520 κείωσίς
564 1459 683 1511 ἐστι
711 1459 848 1529 πρὸς
875 1458 966 1512 τὸν
995 1457 1218 1529 Πατέρα
1251 1462 1394 1512 κατά
1419 1458 1509 1513 τό·
1547 1457 1902 1530 (Ἀγαπηθήο

305 1569 469 1605 σεται
522 1553 631 1605 ὑπὸ
675 1553 770 1605 τοῦ
833 1553 1047 1624 Πατρός
1098 1569 1223 1624 μου.
1267 1571 1286 1605 ›
1340 1551 1694 1622 Ἀγαλλίασίς
1745 1554 1899 1605 ἐστιν

304 1643 492 1708 ἔνθεος
524 1644 622 1697 καὶ
644 1643 856 1714 ἀληθὴς
883 1645 1026 1716 χαρά
1067 1645 1211 1699 κατὰ
1241 1645 1303 1698 τό
1328 1663 1342 1677 ·
1382 1664 1401 1697 ε
1442 1645 1504 1699 Et
1527 1644 1780 1714 ἠγαπᾶτέ
1811 1661 1899 1715 με,

303 1735 547 1804 ἐχάρητε
578 1734 665 1788 ἀν.
700 1753 718 1787 ι
746 1737 948 1805 Μήτηρ
979 1734 1120 1806 αὕτη
1153 1735 1358 1806 ἀρετῆς
1407 1735 1650 1804 ἀπάσης,
1679 1735 1756 1798 ὡς
1782 1735 1901 1788 ἓτε-

1997 537 2337 593 exercitium.
2358 539 2462 606 Qui
2478 541 2622 596 illam
2649 541 2810 598 habet
2835 558 2950 599 rem
2970 559 3104 599 sane
3129 544 3582 613 pretiosissimam

1999 630 2325 700 possidebit.
2377 629 2496 687 Non
2531 634 2698 690 citius
2749 633 2950 706 aliquis
3003 635 3330 692 cbaritatem
3360 637 3582 704 dixerit,

1998 738 2162 792 quam
2195 739 2322 778 cum
2377 725 2494 795 ipsa
2530 732 2890 786 consonuerit
2946 745 3110 786 omne
3162 731 3391 787 bonum.
3427 732 3576 786 Cha-

2000 815 2165 869 ritate
2217 815 2270 868 in
2302 815 2544 871 animam
2577 819 2839 886 intrante,
2868 821 3177 893 ingreditur
3198 822 3365 876 etiam
3398 824 3584 878 omnis

2002 908 2213 976 reliqua
2269 909 2533 965 virtutum
2569 920 2808 967 caterva.
2842 913 2899 968 Si
2926 929 3054 970 vero
3102 915 3220 984 ipsa
3249 916 3446 970 exinde
3493 931 3585 970 ex-

1999 999 2265 1068 cluditur,
2301 1003 2540 1058 animam
2590 1003 2736 1059 illam
2777 1007 2928 1061 omni
2984 1006 3130 1062 bono
3161 1008 3426 1078 privatam
3464 1019 3589 1066 esse

2001 1093 2358 1148 manifestum
2387 1102 2492 1150 est.

2073 1185 2128 1240 8.
2187 1186 2268 1241 Ad
2329 1190 2588 1242 unionem
2635 1203 2762 1244 cum
2803 1187 2945 1244 Filio
3001 1191 3253 1260 perducit
3299 1192 3584 1255 cbaritas,

2002 1276 2275 1346 siquidem
2304 1278 2424 1346 ejus
2465 1280 2849 1338 mandatorum
2884 1283 3294 1340 exsecutionem
3316 1287 3585 1341 continet.

2009 1369 2099 1424 «Si
2132 1373 2278 1427 enim
2303 1373 2534 1444 diligitis
2574 1390 2684 1439 me,
2723 1375 2925 1444 inquit,
2962 1375 3218 1431 mandata
3251 1391 3368 1430 mea
3396 1387 3588 1433 custo-

1994 1465 2172 1530 dietis
2193 1466 2236 1519 ³.
2277 1483 2299 1518 ι
2335 1463 2787 1521 Familiaritatem
2817 1482 2944 1521 eum
2970 1467 3132 1521 Patre
3168 1467 3447 1534 conciliat,
3469 1470 3593 1537 jux-

2007 1561 2060 1607 ta
2099 1552 2271 1608 illud:
2323 1573 2341 1606 ι
2405 1554 2665 1624 Diligetttr
2715 1569 2745 1609 a
2795 1554 2958 1610 Patre
3000 1569 3123 1610 meo
3146 1561 3222 1610 δ.»
3286 1555 3592 1611 Exsultatin

2007 1646 2193 1700 divina
2226 1662 2532 1717 verumque
2557 1647 2816 1715 gaudium
2843 1655 2948 1709 est,
2989 1641 3290 1703 secundum
3318 1648 3422 1703 hoc
3450 1665 3465 1702 :
3498 1649 3591 1703 «Si

2006 1739 2308 1810 diligeretis
2339 1755 2446 1804 me,
2472 1739 2784 1809 gauderetis
2833 1740 2908 1794 ⁵.»
2946 1736 3072 1793 Haec
3133 1738 3315 1794 omnis
3372 1739 3592 1794 virtutis

304 1843 404 1896 ρος
429 1829 566 1896 ἡμῖν
595 1827 784 1898 καιρδς
816 1828 920 1880 οὐκ
949 1827 1266 1897 ἠγωνίσατο
1297 1829 1380 1890 εἰς
1430 1827 1729 1895 ἀπόδειξιν,
1761 1827 1896 1880 ἀλλά

2008 1808 2198 1896 matiar,
2247 1832 2391 1886 sicut
2420 1808 2522 1886 alia
2555 1831 2716 1886 nobis
2748 1831 2968 1885 occasio
3001 1845 3110 1884 non
3139 1830 3321 1886 caruit
3361 1830 3594 1886 demon-

303 1919 404 1972 καὶ
441 1919 656 1984 ἀπόνως
697 1922 793 1973 καὶ
850 1918 1038 1989 σαφῶς
1085 1921 1180 1973 καὶ
1229 1920 1647 1992 ἀναντιρῤήτως
1699 1919 1896 1987 ἔδειξε.

300 2013 562 2083 Χρυσέας
601 2014 814 2085 ἀρετῶν
846 2013 1091 2078 ἁλύσεως
1147 2013 1341 2085 κρίκος
1370 2016 1398 2068 ό
1432 2015 1672 2086 πρῶτος,
1705 2014 1899 2085 βαλσις

300 2104 517 2175 δρόμου
545 2105 641 2158 τοῦ
698 2107 780 2169 είς
837 2105 1066 2176 ἀρετὴν,
1104 2105 1308 2176 βαθμ“ο.ς
1343 2107 1657 2177 προέχουσα
1685 2107 1786 2176 τῆς
1815 2108 1897 2170 εἰς

302 2196 542 2262 οὐρανὸν
577 2196 793 2261 ἀνόδου,
819 2198 1046 2269 εἰρήνης
1078 2197 1356 2268 θεμέλιος,
1399 2199 1672 2270 ἀταραξία
1696 2199 1895 2269 ψυχῆς,

305 2288 571 2354 πολέμων
623 2287 914 2359 διιὶικτρια,
947 2290 1041 2343 καὶ
1075 2289 1354 2356 τοσοῦτον,
1379 2288 1522 2344 ὥστε
1563 2289 1724 2360 εἴπερ
1755 2287 1897 2360 αὕτη

304 2379 401 2436 διὰ
456 2383 554 2448 τῆς
593 2380 932 2450 οἰκουμένης
969 2380 1344 2448 ἐπολιτεύετο,
1380 2381 1481 2436 οὐκ
1523 2381 1590 2436 ἂν
1651 2379 1896 2450 οὐδαμοῦ

303 2470 454 2541 ιρις.
506 2473 540 2543 ἠ
578 2471 674 2525 τοῦ
711 2471 954 2542 πολέμου
1008 2472 1220 2544 μήτηρ,
1265 2472 1736 2546 ἐπαρρησιάζετο,
1777 2471 1898 2527 ἀλλ’

307 2564 438 2618 ἀντὶ
466 2563 564 2618 τοῦ
592 2565 651 2618 ἐν
682 2564 871 2628 ὅπλοις
911 2565 1238 2636 πληθυσμοῦ
1265 2566 1523 2637 ἀρότροις
1561 2563 1628 2618 ἂν
1671 2560 1736 2638 ἦν
1767 2565 1898 2634 ἡμῖν

310 2655 808 2727 περιουσιάζεσθαι
862 2657 958 2709 καὶ
1008 2655 1118 2711 οὐδ’
1173 2656 1240 2710 ἂν
1291 2653 1793 2726 ὲσμικρολογοῦντο
1847 2655 1896 2708 oi

309 2747 699 2819 χαλκεύοντες,
725 2747 1193 2819 λεπτοτομοῦντες
1218 2748 1318 2801 ἐπὶ
1337 2744 1521 2818 φόνοις
1543 2749 1634 2803 τὸν
1651 2749 1896 2821 σίδηρον.

309 2836 446 2910 Εἶχε
478 2839 537 2894 δὲ
565 2839 654 2904 ἀν,
676 2838 752 2903 ὡς
787 2838 934 2893 οὕτω
964 2839 1157 2907 φάναι,
1185 2840 1278 2893 καὶ
1307 2839 1471 2912 χάριν
1523 2841 1633 2904 τοῖς
1683 2840 1897 2906 τέκνοις

310 2934 345 3001 ἠ
380 2933 568 3002 μήτηρ
591 2931 687 3002 γῆ,
709 2933 794 2986 ὅτι
825 2933 902 3002 μὴ
925 2933 1098 3002 συχνά
1124 2930 1343 3003 ἐκείνην
1375 2931 1898 3002 πολυπραγμονοῦσι

310 3025 415 3077 καὶ
446 3023 836 3092 ἀνασχίζουσιν
862 3022 960 3076 ἐπὶ
987 3022 1256 3092 σιδηρέοις
1303 3023 1616 3092 μετάλλοις,
1647 3017 1729 3086 οἷς
1761 3026 1810 3076 ot
1842 3025 1903 3091 ἐξ

2001 1922 2396 1988 strationibus,
2455 1923 2568 1978 imo
2646 1921 2805 1978 facile
2874 1921 3592 1980 manifeste‘inconcusse-

2003 2029 2111 2084 que
2142 2013 2410 2069 ostendit.
2444 2015 2640 2070 Aureae
2671 2013 2936 2068 virtutum
2973 2023 3182 2069 catena
3209 2013 3450 2072 annulus
3476 2015 3593 2084 pri-

2009 2122 2156 2173 mus,
2193 2105 2453 2162 curriculi
2505 2105 2572 2160 ad
2613 2107 2868 2160 virtutem
2918 2105 3110 2174 ianua,
3139 2105 3490 2162 ascensionis
3522 2103 3591 2160 ad

1999 2200 2200 2255 caelum
2260 2198 2584 2263 exordium,
2639 2198 2792 2270 pacis
2863 2195 3324 2260 fundamentum,
3389 2197 3590 2252 animae

1998 2292 2296 2354 securitas,
2325 2290 2594 2345 bellorum
2624 2290 2889 2360 fugatrix,
2926 2297 3091 2360 atque
3124 2289 3284 2356 adeo,
3327 2297 3384 2344 ut
3414 2290 3460 2345 si
3495 2302 3593 2359 per

1999 2384 2190 2441 orbem
2253 2394 2522 2437 terrarum
2555 2390 2834 2454 regnaret,
2885 2382 3074 2437 nullibi
3131 2382 3433 2448 discordia,
3465 2382 3593 2438 belli

2002 2482 2200 2538 ater,
2236 2486 2425 2526 vocem
2479 2471 2695 2526 elevare
2724 2481 2938 2541 posset,
2964 2479 3038 2537 et,
3083 2485 3365 2526 arnmrum
3415 2472 3594 2526 abun-

1997 2565 2198 2622 dantia
2221 2562 2365 2623 loco.
2395 2561 2553 2618 nobis
2595 2570 2908 2617 aratrorum
2969 2561 3308 2619 abundantia
3341 2563 3592 2630 daretur,

2000 2671 2102 2711 nec
2137 2654 2278 2710 fabri
2309 2669 2471 2725 parce
2511 2663 2840 2726 prastarent
2867 2654 3097 2720 ferrum,
3149 2655 3284 2710 illud
3321 2655 3387 2709 ad
3417 2655 3594 2712 caedes

2003 2747 2212 2802 minute
2233 2747 2590 2803 excudentes.
2615 2745 2873 2811 Haberet,
2916 2755 2968 2800 ut
3008 2745 3086 2800 ita
3111 2746 3310 2811 dicam,
3328 2746 3456 2803 ﬁliis
3472 2762 3595 2818 grao

2001 2837 2136 2892 tiam
2167 2847 2314 2893 terra
2343 2846 2538 2903 mater,
2569 2837 2716 2908 quod
2741 2853 2852 2892 non
2875 2852 3018 2908 saepe
3041 2839 3453 2907 exagitarentct
3479 2839 3594 2894 ιιίε·

2001 2940 2256 2984 secarent
2276 2945 2398 2985 eam
2431 2929 2500 2983 ad
2524 2927 2852 2983 invenienda
2890 2929 3069 2984 ferrea
3121 2929 3366 2993 metalla,
3391 2931 3594 2998 quibus

2003 3021 2181 3092 ipsius
2213 3019 2352 3076 ﬁnes
2385 3031 2843 3090 corrumpuntur,
2893 3019 3070 3075 solius
3117 3020 3404 3075 charitatis
3455 3021 3590 3074 recti

311 3115 488 3186 αὐτῆς
540 3113 972 3183 διαφθείρονται,
1027 3115 1250 3184 ἀγάπης
1281 3114 1374 3168 καὶ
1429 3115 1598 3184 μόνης
1653 3116 1704 3170 oi
1759 3117 1900 3170 κατά

2011 3111 2150 3168 ﬁnes
2201 3110 2269 3166 ad
2302 3112 2493 3177 vitam,
2534 3125 2812 3182 operaque
2871 3109 3178 3166 conformia
3230 3111 3435 3181 quibus
3484 3114 3592 3164 vita

313 3210 437 3282 βίον
461 3207 613 3279 ὀρθοὶ
671 3210 893 3272 σκοποὶ,
949 3210 1046 3262 καὶ
1077 3209 1146 3262 τά
1179 3207 1479 3271 ὲπάὐτοῖς
1519 3205 1682 3278 ἔργα,
1703 3208 1770 3260 δι’
1827 3201 1903 3263 ὧν

312 3302 639 3356 συνίσταται
670 3300 806 3372 βίος.
843 3302 982 3357 Ποῖα
1003 3301 1068 3372 δὴ
1097 3300 1312 3368 ταῦτα;
1353 3300 1418 3354 Ἠ
1456 3301 1577 3354 κατ’
1615 3300 1902 3372 ἄνθρωπον

313 3395 576 3465 πολιτικὴ
626 3394 959 3466 συμϐίωσις,
1010 3397 1077 3448 τά
1109 3393 1496 3465 βουλευτήρια,
1540 3394 1590 3446 οἱ
1625 3393 1807 3463 νόμοι,
1836 3394 1904 3447 τά

311 3487 710 3558 παιδευτήρια,
735 3487 900 3558 τέχνη
935 3488 1089 3540 πᾶσα
1117 3485 1213 3540 καὶ
1242 3487 1550 3556 ἐπιστήμη,
1581 3487 1772 3555 γάμοι,
1803 3488 1901 3555 sp.-

310 3578 530 3649 πορίαι,
561 3580 922 3648 πανηγύρεις,
943 3577 1066 3630 ὅσαι
1105 3593 1167 3630 τε
1211 3576 1386 3640 ἄλλως
1413 3575 1676 3646 κερδῷαι,
1706 3578 1800 3630 καὶ
1826 3569 1902 3632 ὧν

312 3671 487 3734 σέϐας
521 3669 665 3724 θεῖον
689 3671 1037 3742 προηγεῖται.

385 3761 697 3825 exesam;
754 3760 929 3832 δῶρον
975 3761 1010 3830 ἠ
1051 3758 1267 3829 ἀγάπη,
1303 3759 1398 3814 καὶ
1443 3760 1502 3813 ὲν
1530 3759 1671 3831 αὐτῇ
1706 3762 1904 3832 πρώτη

316 3856 464 3927 μετά
493 3854 630 3909 Θεὸν
659 3854 974 3926 θεωρεῖται,
1004 3852 1072 3906 δι’
1112 3847 1179 3924 ἧς
1205 3853 1276 3906 τά
1310 3853 1511 3920 νεογνά
1544 3853 1608 3906 οὐ
1656 3853 1816 3922 μόνον
1845 3855 1902 3906 ὲν

311 3946 656 4018 ἀνθρώποις,
695 3946 834 4001 ἀλλά
869 3945 963 3999 καὶ
999 3943 1163 4009 ζώοις
1193 3947 1309 4009 τοῖς
1337 3943 1519 4008 ἀλλοις
1541 3943 1902 4014 περιέπονται

312 4041 495 4104 οὕτως
510 4037 898 4109 ἀγαπητικῶς,
914 4037 989 4101 ὡς
1011 4037 1106 4091 καὶ
1125 4037 1355 4092 θάνατον
1373 4034 1743 4108 αἱρετώτερον
1764 4032 1902 4089 εἶναι

313 4134 434 4197 τοῖς
456 4130 832 4201 γειναμένοις,
854 4130 1002 4200 ἢπερ
1049 4127 1502 4198 ἀποστερηθῆναι
1535 4126 1648 4181 τῶν
1707 4128 1900 4197 φιλτά-

315 4242 455 4279 των.
493 4221 821 4277 ’ἰνδάλλεται
848 4237 934 4284 τις
961 4219 1154 4289 ἀγάπη
1185 4219 1280 4271 καὶ
1311 4219 1370 4272 ἐν
1404 4221 1619 4287 φυτοῖς,
1667 4220 1764 4271 καὶ
1819 4218 1900 4271 οἰ-

317 4319 490 4372 δασιν
523 4314 654 4370 αὐτὸ
686 4315 736 4368 οἱ
765 4311 827 4366 τὸ
865 4314 925 4367 ἐν
947 4309 1151 4381 φοίνιξι
1189 4310 1305 4372 τοῖς
1339 4310 1528 4378 φυτοῖς
1573 4309 1902 4380 καθιστορή-

319 4424 546 4472 σαντες,
579 4407 657 4471 ὡς
685 4405 860 4470 οὕτως
881 4405 1080 4470 εἰπεῖν,
1115 4402 1481 4476 ἀρρενόθηλυ.
1515 4401 1901 4474 Ἐνθεωρεῖται

2007 3213 2372 3261 sustentatur.
2407 3202 2671 3270 Quaenam
2701 3211 2880 3256 autem
2908 3202 3057 3257 ista?
3091 3201 3284 3257 Citilis
3310 3203 3592 3258 hominum

2007 3299 2268 3360 societas,
2349 3294 2604 3358 concilia,
2672 3294 2840 3364 leges,
2901 3293 3123 3357 scholae,
3174 3292 3355 3349 omnis
3398 3309 3484 3350 ars
3539 3303 3594 3348 et

2005 3387 2258 3450 scientia,
2289 3385 2663 3451 matrimonia,
2691 3385 3052 3446 commercia.
3078 3395 3278 3451 cretus,
3303 3400 3426 3454 qua
3462 3391 3592 3440 sunt

2005 3479 2141 3536 alias
2169 3477 2321 3533 utilia
2352 3477 2660 3548 quibusque
2691 3479 2972 3532 veneratio
3013 3475 3198 3530 divina
3227 3482 3447 3547 praest.

2072 3752 2128 3808 9.
2165 3751 2392 3806 Naturae
2421 3749 2624 3805 donum
2670 3758 2756 3805 est
2801 3748 3077 3815 citaritas,
3122 3757 3176 3804 et
3205 3750 3258 3813 in
3301 3762 3366 3803 ea
3417 3748 3591 3817 prima

2004 3855 2129 3916 post
2169 3843 2337 3898 Deum
2368 3841 2731 3912 conspicitur,
2765 3855 2862 3911 per
2895 3856 3060 3910 quam
3093 3856 3284 3896 recens
3325 3848 3449 3894 nata
3485 3855 3592 3895 non

2003 3939 2180 3992 solum
2209 3937 2264 3992 in
2297 3934 2639 4000 hominibus,
2673 3933 2769 3989 sed
2796 3935 2961 3989 etiam
2996 3933 3050 3986 iu
3089 3933 3304 3988 caeteris
3342 3931 3593 3986 animali-

2007 4030 2134 4094 bus,
2173 4042 2361 4083 amore
2391 4041 2457 4082 ac
2481 4026 2864 4085 sollicitudine
2890 4024 3328 4090 circumdantur,
3357 4033 3419 4078 ut
3447 4037 3592 4078 mors

2006 4123 2187 4192 potius
2202 4121 2496 4191 eligeretur
2511 4135 2544 4174 a
2563 4119 2906 4188 parentibus,
2923 4131 3088 4186 quam
3113 4116 3452 4171 charissima:
3469 4129 3593 4184 pro-

2005 4208 2072 4263 lis
2083 4208 2320 4263 orbatio.
2335 4210 2575 4279 Apparet
2590 4206 2755 4262 etiam
2776 4205 2829 4260 in
2843 4205 3042 4276 plantis
3065 4206 3308 4274 quaedam
3325 4205 3590 4268 charitas,

2004 4311 2061 4356 et
2083 4301 2186 4355 hoc
2213 4307 2488 4354 noverunt
2519 4296 2614 4368 qui
2647 4298 2701 4352 in
2729 4296 2948 4366 palmis,
2968 4304 3027 4348 ut
3052 4295 3126 4349 ita
3153 4295 3354 4359 dicam,
3379 4304 3592 4348 utrum-

2006 4408 2113 4462 que
2157 4406 2350 4448 sexum
2397 4396 2758 4460 agnoverunt.
2815 4385 3043 4442 Videtur
3104 4395 3158 4442 et
3209 4387 3262 4441 in
3303 4385 3586 4442 hominum

317 4504 422 4557 καὶ
447 4503 515 4572 τῇ
552 4498 678 4554 κατ’
710 4497 1000 4570 ἄνθρωπον
1031 4496 1232 4550 πλάσει
1263 4495 1437 4566 χυμὸς
1469 4494 1644 4563 φίλιος
1697 4495 1725 4546 ό
1759 4494 1900 4548 κατά

2008 4483 2338 4537 formatione
2396 4481 2714 4536 dilectionis
2767 4479 2966 4534 humor
3001 4479 3065 4532 ad
3099 4476 3420 4548 sanguinem
3465 4493 3591 4547 per.

317 4590 490 4667 αἷμα,
519 4585 692 4665 οὗπερ
719 4592 1105 4661 ἀναδιδομένου
1129 4590 1472 4660 φοινίτσεται
1502 4591 1615 4654 τοῖς
1645 4589 1906 4660 αἰδουμέ-

318 4707 437 4754 νοις
482 4690 545 4743 es
607 4687 906 4760 πρόσωπον
964 4687 1044 4748 εἰς
1087 4682 1393 4752 ὡραϊσμόν.
1467 4682 1693 4746 Πάντως
1737 4683 1792 4735 δὲ
1845 4683 1906 4736 ab

318 4781 574 4836 τοιοῦτον
605 4779 781 4849 φίλιον
815 4776 1104 4848 σύστοιχον
1132 4776 1325 4848 ἀγάπῃ
1357 4775 1496 4840 ἐστὶ,
1517 4774 1661 4828 καθά
1694 4790 1904 4828 συστοιο

320 4873 488 4947 χοῦσι
541 4871 638 4924 καὶ
707 4870 949 4940 ηάγάπη
1003 4869 1097 4922 καὶ
1152 4867 1221 4920 τὰ
1278 4866 1517 4934 φιλικάο
1563 4865 1662 4918 καὶ
1720 4865 1809 4918 ὅτε
1851 4866 1906 4918 δὲ

317 4967 401 5036 τῷ
427 4964 604 5036 ὁμοίῳ
622 4964 841 5034 χαίρειν
883 4961 1063 5032 φαμὲν
1093 4961 1155 5014 τὸ
1178 4960 1367 5030 ὅμοιον
1415 4958 1560 5028 λόγῳ
1605 4958 1902 5029 καθολικῷ,

319 5057 558 5126 ἀγάπην
589 5053 748 5126 οἶμαι
785 5053 1068 5108 κάνταῦθά
1091 5070 1215 5106 τινα
1254 5051 1656 5122 ὕπολαλοῦμεν.
1705 5048 1907 5119 Ἦγὰρ

320 5153 428 5205 οὐκ
485 5146 773 5218 ἀγαπητὸν
825 5147 858 5216 ἡ
908 5144 1099 5216 χαρά;
1155 5144 1256 5197 Καὶ
1315 5146 1343 5198 ὁ
1387 5144 1660 5212 παραδοὺς
1709 5141 1766 5196 δὲ
1804 5143 1904 5194 τόο

327 5261 346 5294 ε
381 5240 571 5294 Πάντα
603 5237 696 5293 τοῦ
729 5232 872 5292 εἶναι
893 5235 1170 5306 ἐφίεσθαι,
1199 5253 1216 5283 ι
1256 5233 1479 5301 ἀγάπην
1508 5233 1626 5284 τινὰ
1671 5230 1909 5300 παρελά-

318 5331 460 5401 λιησε
489 5329 578 5382 διὰ
603 5332 701 5400 τῆς
739 5329 999 5396 ἐφέσεως.

402 5421 453 5476 ι’.
507 5421 604 5484 Τίς
653 5417 749 5474 οὖν
799 5418 946 5472 οὕτω
995 5415 1294 5488 θηριώδης,
1352 5414 1427 5476 ὡς
1490 5414 1549 5465 τὸ
1610 5413 1904 5481 πάγκοινον

322 5515 488 5570 τοῦτο
518 5513 686 5566 καλὸν
711 5510 910 5566 ἑαυτοῦ
943 5511 1205 5576 ἀπάγειν,
1239 5509 1332 5562 καὶ
1374 5505 1577 5558 ἐθέλειν
1625 5507 1904 5574 μονάζειν,

325 5609 410 5670 εἰς
439 5605 667 5675 ἔλεγχον
698 5604 793 5658 τοῦ
829 5608 968 5673 μήτε
997 5601 1272 5660 πολιτικὸς
1328 5600 1421 5650 καὶ
1457 5597 1774 5660 κοινωνικὸς
1833 5593 1906 5650 εἷ-

991 5787 1011 5811 ’
1050 5778 1180 5833 ibid.
1215 5778 1303 5830 91.
1383 5773 1562 5827 ‘ibid.
1608 5773 1699 5828 28.

406 5786 427 5818 ⁸
479 5783 620 5839 Joan
690 5798 803 5845 xtv,
829 5781 914 5835 l5.

2004 4577 2206 4639 tinens,
2264 4589 2374 4640 quo
2422 4574 2656 4628 saliente
2704 4570 3042 4642 pudibundis
3086 4570 3142 4625 in
3174 4569 3424 4625 decorem
3474 4571 3592 4626 vul-

2005 4679 2093 4721 tus
2127 4667 2388 4721 rubescit.
2448 4663 2688 4720 Omnino
2743 4677 2874 4720 vero
2906 4647 3129 4716 dilectio
3173 4659 3299 4715 talis
3348 4659 3592 4714 adhaeret

2005 4758 2279 4823 cltaritati,
2310 4765 2586 4828 quatenus
2646 4755 3051 4826 conjungnntnr
3081 4752 3322 4807 Charitas
3354 4761 3409 4806 et
3458 4751 3592 4806 del.-

2007 4856 2140 4920 ciae;
2173 4865 2226 4910 et
2262 4868 2412 4917 eum,
2469 4852 2727 4906 universe
2785 4849 3076 4919 loquendo,
3109 4847 3348 4902 dicimus
3408 4845 3592 4901 simile

2009 4945 2175 4999 simili
2211 4944 2471 5011 gaudere,
2504 4942 2592 4997 liic
2649 4957 2869 5012 quoque
2910 4939 3237 4993 charitatcm
3269 4981 3285 5004 ,
3326 4946 3479 5006 puto,
3515 4937 3594 4990 in-
3695 4956 3697 4959 ·

2007 5036 2300 5092 tendimus.
2334 5035 2588 5103 Nunquid
2619 5035 2764 5088 enim
2795 5033 2860 5086 ad
2894 5032 3248 5086 dilectionem
3308 5047 3414 5083 non
3474 5045 3595 5097 pcr-

2010 5131 2145 5183 tinet
2205 5126 2510 5196 gaudium?
2562 5125 2626 5180 Et
2663 5127 2760 5197 qui
2811 5125 3039 5179 tradidit
3103 5123 3277 5178 illud:
3333 5140 3351 5172 ι
3395 5121 3590 5172 Omnia

2009 5237 2130 5276 esse
2184 5221 2384 5285 velle,»
2420 5220 2745 5274 charitatetu
2797 5218 3072 5288 quandam
3117 5231 3212 5282 per
3259 5210 3590 5266 desiderium

2012 5315 2259 5368 elocutus
2283 5323 2386 5368 est.

2094 5409 2175 5460 lO.
2207 5407 2341 5472 Quis
2382 5407 2542 5476 igitur
2576 5405 2714 5460 adeo
2749 5414 2831 5459 est
2863 5405 3032 5466 ferus,
3073 5411 3130 5455 ut
3163 5401 3261 5454 hoc
3299 5414 3590 5453 commune

2016 5505 2216 5556 bonum
2249 5517 2278 5554 a
2309 5517 2368 5556 se
2406 5499 2659 5569 projiciat
2690 5507 2744 5551 ct
2774 5498 2924 5552 solus
2955 5511 3074 5549 csse
3105 5493 3256 5557 velit,
3293 5492 3358 5544 ad
3404 5501 3589 5545 osten-

2017 5593 2256 5648 dendum
2292 5610 2350 5649 se
2429 5608 2536 5647 non
2583 5591 2796 5646 civilem
2826 5603 2927 5641 nec
2974 5585 3231 5640 socialem
3263 5599 3385 5641 esse
3414 5598 3589 5652 neque
