3982 6246
406 326 503 391 £31

1129 309 1550 379 EUSTATHII
1590 298 2345 369 THESSALONICENSIS
2387 296 2953 363 METBOPOLI'I‘A!

404 455 529 494 esse
561 433 879 491 hominem?
927 429 1220 487 Civilitatis
1254 434 1339 481 est
1386 435 1574 484 amare
1598 418 1791 486 sicque
1824 425 1984 470 reua-

2102 427 2197 473 ραι,
2235 410 2332 463 καὶ
2379 408 2518 463 οὐδὲ.
2555 408 2880 477 ἀνθρωπος;
2931 402 3304 474 ἠμερότητος
3339 399 3409 456 δε
3446 399 3513 453 τδ
3570 400 3669 454 καὶ

408 531 542 586 mari
575 547 588 584 :
624 528 768 584 unde
798 516 1171 584 manifestum,
1205 517 1354 587 quod
1383 515 1478 584 qui
1524 527 1633 567 non
1680 514 1847 567 amat,
1881 521 1992 561 non

412 622 593 678 civilis
622 631 726 675 est.
750 618 806 671 Si
833 631 939 671 non
978 620 1163 668 autem
1199 610 1323 671 hoc,
1358 602 1636 677 quomodo
1657 609 1802 657 eswt
1823 600 1990 652 homo

409 714 646 786 proprie,
673 718 728 766 et
759 725 865 765 non
909 718 1119 762 tantum
1166 700 1469 758 secundum
1506 696 1766 757 formam,
1797 705 1989 761 quam.

409 782 474 861 ex
508 782 637 859 anili
667 801 883 864 l‘abelia,
909 798 1086 869 jocosi
1116 795 1262 851 simii
1298 803 1489 847 natura
1514 785 1746 856 cupiens
1775 782 1986 835 obtine-

408 911 490 957 re.
528 895 746 962 incepto
769 884 1255 955 ceciditiAliqnid.
1292 879 1497 937 sociale
1553 875 1756 931 habent
1796 886 1988 962 aman-

410 996 531 1051 tes;
589 960 681 1053 qui
725 998 853 1037 vero
897 981 1024 1036 talis
1069 993 1176 1037 non
1206 984 1314 1036 est,
1354 973 1403 1029 is
1445 972 1588 1028 bene
1621 965 1813 1035 utique
1851 960 1989 1017 dici-

409 1090 499 1133 tur
556 1078 778 1148 quidem
829 1076 1104 1142 solivagus
1141 1089 1156 1125 :
1213 1083 1321 1123 non
1355 1071 1537 1120 autem
1570 1059 1712 1117 male
1754 1055 1989 1128 jorando

408 1179 747 1226 asscrcretur
773 1168 919 1238 quod
942 1165 1220 1221 solitarius
1242 1167 1324 1214 est
1351 1154 1602 1227 agrestis.
1657 1152 1991 1208 Cicurantur

409 1273 464 1318 et
494 1270 811 1331 serpentes,
857 1268 914 1315 et
974 1256 1125 1313 multi
1174 1255 1312 1307 tales
1373 1252 1425 1304 in
1480 1246 1693 1302 hihlicis
1747 1240 1992 1298 historiis

406 1363 707 1410 occurrunt
764 1371 776 1405 :
844 1365 950 1405 non
1020 1346 1180 1419 pauci
1248 1354 1426 1399 autem
1486 1342 1768 1407 hucusque
1835 1350 1992 1389 man-

2094 501 2356 570 ἀγαπᾷν,
2412 500 2509 553 καὶ
2553 496 2729 558 οὕτως
2796 494 3220 561 ἀντιγαπᾶῖθαι
3271 510 3282 523 ·
3320 493 3446 547 ὅθεν
3499 511 3662 561 φανεε

2094 592 2208 662 ρδν,
2242 590 2316 653 ὡς
2351 589 2379 643 6
2407 590 2482 660 μὴ
2507 589 2740 657 ἀγαπῶν
2783 588 2900 640 οὐδὲ
2936 586 3149 657 ἥμερός
3181 588 3351 639 ἐστιν.
3408 585 3472 639 Εἰ
3504 585 3561 638 δὲ
3592 585 3669 654 μὴ

2087 683 2267 748 τοῦτο,
2310 684 2427 745 πῶς
2458 682 2525 735 ἂν
2566 681 2653 753 είη
2678 681 2969 749 ἄνθρωπος
3001 681 3029 730 ὁ
3062 677 3292 748 κυρίως,
3327 678 3410 730 δτι
3462 677 3539 746 μὴ
3578 678 3672 744 μό-

2087 793 2179 829 νον
2211 776 2354 830 κατά
2388 793 2448 843 γε
2481 775 2692 845 σχῆμα,
2728 767 2901 842 οὗπερ
2928 775 3115 843 τυχεῖν
3158 771 3298 825 κατά
3330 771 3425 822 τὸν
3448 769 3672 842 γραὼδη

2098 867 2269 939 μῦθον
2312 867 2407 920 καὶ
2437 869 2468 936 ἡ
2504 867 2596 919 τοῦ
2621 865 2834 934 γελοίου
2862 864 3105 934 πιθήκου
3136 863 3441 928 ὲθελήσασα
3484 862 3671 929 φύσις,

2096 960 2418 1031 ὲξήμϐλωσε
2446 959 2545 1030 τὴν
2569 960 2925 1029 ἐγχείρησινς
2973 956 3447 1025 Συναγελαστικόν
3488 971 3544 1007 τι
3578 955 3674 1006 καὶ

2094 1054 2144 1105 oi
2167 1054 2509 1121 ἀγαπῶντες.
2559 1050 2621 1106 Ὀ
2659 1051 2715 1104 δὲ
2757 1051 2833 1120 μὴ
2864 1049 3104 1112 τοιοῦτος
3134 1049 3355 1117 λέγεται
3393 1048 3494 1116 μὲν
3525 1047 3676 1115 παρά

2097 1146 2212 1209 τοῖς
2237 1145 2418 1216 ὀρθῶς
2440 1141 2903 1215 ὀνοματοθετοῦσι
2948 1142 3141 1211 μονίας
3170 1157 3185 1173 ·
3214 1142 3317 1194 οὐκ
3344 1139 3413 1193 ἂν
3441 1140 3499 1192 δὲ
3537 1139 3676 1190 σκώ-

2100 1237 2538 1305 πτοιτοράφυῶς.
2579 1237 2661 1290 ὅτι
2698 1234 2885 1305 μονιός
2936 1235 3089 1287 ἐστιν
3119 1234 3329 1303 ἀγριοε.
3373 1228 3679 1300 Ἢμεροῦν-

2100 1349 2191 1385 ται
2222 1332 2314 1385 καὶ
2339 1330 2516 1399 ὄφεις,
2553 1329 2648 1381 καὶ
2699 1326 3012 1397 ὲμφωλοῦσι
3053 1325 3239 1378 πολλοὶ
3284 1321 3520 1375 τοιοῦτοι
3561 1322 3678 1384 ταῖς

407 1443 643 1498 suelacti
680 1448 1005 1496 cernuntur.
1039 1436 1175 1504 Quis
1227 1435 1363 1489 adeo
1388 1433 1718 1486 inhumanus
1750 1426 1995 1505 fuerit,”

2107 1422 2413 1493 βιὸλιακαίς
2446 1419 2710 1492 ἱστορίαις
2746 1436 2760 1449 ’
2796 1419 2898 1472 οὐκ
2931 1417 3101 1484 ὀλίγοι
3145 1416 3199 1469 δὲ
3232 1417 3327 1468 καὶ
3379 1414 3544 1486 μέχρι
3585 1412 3677 1465 νῦν

407 1534 535 1588 velit
566 1550 686 1589 esse
709 1533 1059 1601 serpentibus
1083 1529 1215 1599 ipsis
1247 1524 1440 1596 pejor?
1938 1539 1990 1579 cl

476 1750 569 1803 ll.
614 1744 844 1801 Zelatur
888 1741 1130 1797 charitas
1180 1745 1234 1792 et
1281 1737 1349 1790 ah
1399 1734 1537 1805 ipsis
1581 1732 1886 1795 sceleratis.
1934 1730 1990 1784 in

2109 1513 2543 1587 ὲξημερούμενοι
2566 1512 2655 1585 tu
2666 1530 2881 1569 πονται.
2902 1512 2998 1575 Τίς
3022 1512 3087 1565 ἂν
3108 1507 3280 1572 οὕτως
3302 1509 3391 1575 εἴη
3410 1506 3680 1576 ἐξανθρω-

2093 1632 2209 1680 πος,
2241 1614 2316 1678 ὡς
2348 1615 2570 1685 ἀγαπᾷν
2605 1608 2750 1667 εἶναι
2780 1612 2875 1665 καὶ
2909 1610 3095 1666 αὐτῶν
3136 1608 3427 1678 ἀϐέλτερος
3460 1606 3679 1672 ﬁssura;

2177 1727 2268 1788 ια’.
2323 1730 2577 1800 Ζηλωτδν
2634 1730 2668 1798 ἡ
2720 1727 2908 1795 ἀγάπη
2967 1726 3062 1777 καὶ
3101 1724 3300 1789 ςαὺτοῖς
3346 1719 3675 1791 ἀλιτηρίοις.

405 1843 607 1913 quibus
649 1850 904 1907 perverse
963 1840 1152 1902 agunt.
1178 1831 1375 1883 Amant
1403 1826 1569 1896 igitur
1621 1824 1721 1886 illi,
1753 1822 1995 1876 lubricus

2104 1822 2187 1892 ἐφ’
2223 1816 2306 1886 οἷς
2338 1819 2748 1891 κακουργοῦσιν
2788 1836 2804 1851 ⁶
2836 1817 3104 1886 ἀγαπῶσι
3146 1815 3280 1884 γοῦν
3294 1816 3503 1867 ἐκεῖνοι
3526 1815 3553 1866 ὁ
3582 1812 3680 1881 μιν

409 1905 982 2001 ηιιὶιιεηιήιοεεὶνὶαιη,
1044 1921 1247 1974 eadem
1302 1930 1483 1972 autem
1540 1915 1633 1969 ille
1683 1914 1774 1983 qui
1827 1911 1994 1966 semel

2102 1916 2419 1983 καταφερὴς
2454 1914 2554 1984 τὴν
2594 1912 2876 1980 λαγνείαν,
2900 1911 3062 1979 φόνον
3090 1909 3146 1963 δὲ
3170 1909 3198 1961 ὁ
3229 1905 3492 1971 καθάπαξ
3523 1905 3678 1975 φιλή-

410 2027 576 2079 homo
604 2016 893 2089 sanguinis
921 2029 1043 2069 esse
1092 2012 1300 2076 vulttil;
1332 2009 1546 2061 furtum
1578 2020 1731 2069 vero,
1765 2004 1856 2074 qui
1887 2005 1995 2058 cir-

2102 2024 2198 2067 σας
2222 2007 2360 2076 ἀνὴρ
2392 2006 2642 2075 αἱμάτων
2679 2000 2820 2058 εῖναι
2847 2021 2860 2034 ο
2899 2003 2992 2056 καὶ
3025 2002 3126 2072 τὴν
3152 1999 3464 2069 κλεπτικὴν
3494 2000 3524 2052 6
3546 1996 3678 2068 περὶ

409 2129 472 2169 ca
532 2113 738 2166 l'urtum
769 2114 1022 2163 versatus
1055 2112 1175 2169 est;
1224 2113 1279 2156 et
1336 2101 1426 2154 alii
1480 2098 1587 2152 alia
1643 2112 1830 2167 prava,
1871 2112 1995 2152 sex-

2102 2096 2264 2167 αὐτὴν
2293 2096 2471 2159 δεινός
2494 2112 2509 2127 ο
2541 2095 2639 2148 καὶ
2671 2094 2824 2150 ἄλλοι
2860 2093 2999 2147 ἄλλα
3047 2092 3251 2162 φαῦλα,
3286 2090 3476 2162 μυρίοι
3525 2088 3676 2142 αὐτοὶ

407 2205 554 2261 centi
594 2210 856 2260 sexcenta
910 2199 1063 2253 talia.
1116 2195 1247 2249 Dico
1293 2204 1477 2248 autem
1526 2192 1613 2246 hic
1646 2190 1993 2244 dilectionem

2102 2189 2269 2259 μυρία
2305 2189 2406 2241 ὅσα
2439 2190 2647 2241 ἐκεῖνα.
2680 2187 2847 2254 Λέγω
2875 2186 2934 2239 δὲ
2972 2186 3199 2255 ἀγαπᾷν
3254 2182 3492 2237 ἐνταῦθα
3520 2181 3584 2235 οὗ
3616 2179 3676 2233 τδ

410 2313 517 2353 non
544 2295 906 2367 peculiarem,
940 2304 1048 2344 non
1106 2289 1215 2342 Deo
1246 2288 1499 2347 amicam,
1539 2298 1647 2337 non
1674 2284 1991 2351 perfectam,

408 2391 505 2446 sed
569 2398 908 2458 perversam
985 2388 1040 2435 ct
1103 2379 1292 2433 virtuti
1374 2375 1730 2430 contrariam.
1792 2372 1996 2442 Duplex

410 2482 556 2537 enim
587 2482 729 2534 sicut
743 2477 1007 2538 Charitas,
1029 2473 1100 2526 ita
1129 2469 1368 2525 dilectio.
1393 2466 1540 2521 Unus
1577 2464 1796 2532 quidem
1824 2465 1998 2532 diligit

411 2575 564 2643 juxta
620 2571 791 2639 legem
847 2581 1009 2637 quam
1060 2564 1200 2617 Deus
1258 2560 1410 2615 dedit
1462 2565 1517 2611 et
1581 2557 1687 2611 hoc
1721 2570 1845 2609 cum
1886 2553 1997 2608 Deo

413 2681 516 2720 nos
576 2664 869 2726 docemus;
916 2658 1061 2713 alius
1123 2666 1301 2708 autem
1340 2650 1539 2721 diligit,
1576 2649 1719 2704 sicut
1753 2649 1996 2719 suggerit

414 2754 782 2817 adversarius,
837 2750 1146 2819 oppositam
1213 2745 1323 2798 Deo
1377 2744 1550 2814 legem
1596 2748 1863 2794 statuens.
1904 2739 1996 2792 Sic

415 2848 582 2901 etiam
642 2853 839 2915 praeter
889 2842 1032 2896 dicta
1084 2839 1286 2909 diligit,
1326 2836 1418 2907 qui
1469 2834 1794 2902 simpliciter
1849 2832 1996 2886 hunc

417 2952 639 2994 sensum
694 2933 1019 3004 corrumpit.
1066 2930 1179 2985 lloc
1226 2938 1407 2983 autem
1485 2941 1594 2981 non
1649 2933 1734 2982 est
1774 2923 1996 2994 pmprie

414 3030 655 3083 charitas
684 3043 701 3082 :
729 3042 835 3081 non
877 3027 1022 3080 enim
1053 3019 1575 3091 reprehenderetur.
1610 3015 1797 3086 Diligit
1828 3015 1992 3069 etiam

416 3118 597 3193 legum
661 3128 1039 3188 lransgressor
1070 3111 1385 3184 ltnjusmodi
1452 3111 1991 3179 transgressionem:

2097 2284 2311 2354 κύριον,
2366 2283 2430 2336 οὐ
2485 2282 2547 2336 τὺ
2610 2282 2765 2350 φίλον
2810 2280 2952 2350 Θεῷ,
2993 2281 3055 2333 οὐ
3110 2280 3171 2332 τὸ
3192 2279 3329 2349 πρὸς
3364 2276 3672 2347 ἀκρίϐειαν,

2096 2378 2231 2430 ἀλλὰ
2259 2377 2319 2429 τὸ
2348 2375 2676 2448 διάστροφον
2731 2376 2828 2428 καὶ
2877 2374 2940 2427 τδ
2987 2374 3229 2444 ὲναρέτῳ
3290 2371 3673 2440 ἀντίστροφον.

2098 2469 2339 2523 Διπλοῦν
2398 2472 2543 2541 γὰρ,
2598 2468 2793 2539 ὥσπερ
2848 2469 2880 2537 ἠ
2946 2469 3158 2537 ἀγάπη.
3231 2464 3375 2519 οὓτω
3462 2465 3556 2519 καὶ
3601 2463 3675 2533 ξτὸ

2096 2561 2338 2630 ἀγαπᾷν.
2372 2559 2714 2630 Ἀγαπᾷτις,
2746 2559 2822 2621 ὡς
2847 2561 2874 2609 ὁ
2896 2558 3027 2620 Θεὸς
3060 2556 3216 2609 ἔθετο
3246 2556 3436 2625 νόμον,
3499 2554 3528 2607 6
3580 2553 3675 2608 νῦν

2100 2651 2197 2703 σὺν
2220 2648 2341 2719 Θεῷ
2359 2650 2524 2719 ἡμεῖς
2561 2647 2887 2717 διδάσκομεν
2917 2662 2933 2678 ·
2961 2646 3120 2707 ἄλλος
3154 2644 3212 2697 δέ
3241 2661 3325 2705 τις
3358 2643 3571 2712 ἀγαπᾷ,
3600 2641 3672 2701 ὡς

2098 2745 2126 2796 6
2154 2744 2533 2808 ἀντικείμενος
2554 2741 2894 2801 ὑποτίθεται,
2927 2736 3360 2808 ἀντινομοθετῶν
3400 2734 3481 2804 τῷ
3532 2732 3668 2803 Θεῷ.

2098 2835 2255 2890 Οὕτω
2309 2839 2447 2905 πρὸς
2501 2837 2615 2898 τοῖς
2670 2834 2985 2903 εἰρημένοις
3027 2832 3216 2900 ἀγαπᾷ
3266 2829 3362 2881 καὶ
3414 2829 3443 2880 6
3489 2826 3673 2889 ἀτελῶς

2099 2926 2300 2981 ἀδικῶν
2338 2927 2438 2996 τὴν
2492 2926 2749 2992 τοιαύτην
2793 2924 3058 2977 διάθεσιν.
3093 2918 3199 2974 Ἦν
3264 2922 3319 2973 δὲ
3370 2919 3494 2973 οὐδὲ
3546 2918 3674 2971 αὐτὸ

2099 3024 2305 3093 κυρίως
2346 3024 2535 3086 ἀγάπη
2570 3036 2586 3051 ⁸
2626 3020 2688 3073 οὗ
2725 3019 2831 3090 γὰρ
2868 3018 2933 3071 ἂν
2983 3017 3225 3085 ἐψέγετο.
3263 3014 3485 3083 Ἀγαπᾷ
3528 3013 3621 3064 καὶ
3645 3011 3673 3063 6

2098 3116 2284 3185 νόμοις
2315 3113 2664 3184 ἐπεμϐαίνων
2689 3112 2789 3180 τὴν
2817 3109 3080 3177 τοιαύτην
3127 3105 3501 3177 παραῦασίαν.
3562 3104 3672 3157 Οὐκ

416 3190 510 3269 sed
542 3228 645 3267 non
678 3211 896 3283 preprie
928 3208 1203 3262 diceretur
1237 3205 1438 3257 habere
1496 3201 1815 3255 charitatem
1853 3215 1867 3253 ε
1897 3214 1990 3266 ge-

2102 3210 2159 3263 ἂν
2179 3211 2232 3262 δὲ
2273 3209 2358 3277 εἴη
2395 3205 2827 3277 κυριολεκτικῶς
2876 3202 3110 3272 ἀγαπῶν
3140 3215 3156 3231 ’
3203 3200 3340 3252 ἀλλά
3397 3197 3670 3269 μορφάζει

415 3305 635 3362 sticulat
692 3303 897 3357 malitia
930 3298 1191 3355 deformis
1222 3304 1350 3352 ante
1398 3297 1720 3357 formosum,
1770 3294 1991 3347 nomine

416 3398 710 3455 venerabili
747 3410 904 3451 suam
946 3391 1373 3447 circumducens
1427 3388 1774 3458 pravitatem,
1798 3396 1852 3439 et
1888 3386 1991 3437 hoc

417 3491 638 3546 nomine
669 3487 1058 3543 coutradicens
1094 3483 1226 3548 Deo,
1264 3483 1383 3553 qui,
1409 3480 1565 3549 juxta
1600 3494 1859 3549 magnum
1893 3476 1994 3529 Da-

420 3585 529 3649 vid,
560 3581 737 3651 diligit
762 3580 982 3650 quidem
1020 3577 1315 3646 justitiam,
1350 3575 1465 3629 odit
1517 3583 1694 3627 autem
1742 3571 1993 3640 iniquita-

410 3682 551 3733 tem,
592 3683 740 3726 certe
768 3684 874 3724 non
906 3668 1105 3738 diligit.
1157 3669 1411 3719 Attamen
1461 3664 1564 3718 ista
1620 3661 1995 3716 demonstrant

419 3763 743 3820 c‘haritatem
801 3775 913 3814 rem
972 3774 1094 3813 esse
1132 3771 1358 3827 prorsus
1390 3751 1993 3821 amabilem,siquidetn

422 3854 686 3926 perversi,
719 3870 820 3908 suo
844 3852 1063 3907 nomine
1095 3849 1417 3920 pudibundi,
1452 3847 1552 3902 sub
1580 3842 1865 3899 charitatls
1892 3856 1997 3895 no-

422 3946 571 4001 mine
605 3960 664 4000 se
705 3945 964 4008 cendant,
1020 3954 1073 3996 et
1108 3941 1171 3995 ad
1202 3955 1261 3995 se
1289 3953 1433 4003 eam,
1461 3937 1587 3992 licet
1616 3950 1725 3989 non
1760 3933 1993 4003 possint,

421 4037 699 4093 attrahere
731 4043 1019 4092 conentur.
1071 4032 1217 4089 Felis
1265 4032 1446 4101 imago
1483 4035 1569 4085 est
1600 4041 1790 4082 eorum
1823 4037 1997 4076 unus-

419 4131 658 4202 quisque
695 4138 971 4183 croeotam
1019 4125 1123 4181 sibi
1163 4138 1273 4179 non
1314 4123 1729 4177 convenientem
1773 4114 1994 4177 ﬁ-rens;

417 4225 767 4295 autjocosus
803 4222 1020 4284 simius,
1072 4217 1304 4274 illustris
1349 4229 1471 4271 esse
1504 4212 1713 4272 volens,
1744 4223 1864 4263 cum
1907 4215 1997 4258 tu-

414 4320 544 4373 nica
590 4316 816 4370 ﬂoribus
841 4313 991 4367 varia
1029 4309 1443 4371 circumdatur;
1489 4304 1657 4369 unde,
1709 4309 1838 4370 puto
1874 4312 2000 4368 pro-

410 4410 739 4467 verbialiter
785 4405 1125 4476 blandiloqui
1171 4418 1295 4460 eum
1357 4420 1376 4454 ι
1412 4400 1702 4471 pulchrum
1747 4415 1764 4446 ι
1798 4408 2000 4466 (30300-

411 4505 657 4558 minant.

494 4597 583 4650 12.
632 4593 824 4647 Adhuc
868 4588 1052 4645 divine
1104 4586 1321 4660 quidem
1368 4583 1671 4654 diligimus.
1701 4580 1998 4636 salubriter

408 4686 794 4756 'rccogitantes
846 4680 1255 4736 matrimonium
1308 4675 1453 4748 quod
1507 4662 1647 4730 Deus
1695 4676 1748 4727 in
1806 4671 2001 4744 primis

424 4778 686 4837 instituit,
735 4776 851 4846 ipse
915 4772 1262 4827 sanctissime
1307 4767 1614 4839 conjunxit,
1670 4766 1789 4836 ipse
1837 4766 2002 4820 bene-

424 4870 596 4926 dixit:
627 4881 863 4937 cumque
892 4864 1190 4937 permansit
1216 4861 1347 4917 illud
1376 4861 1840 4931 protOplastorum
1873 4872 2002 4910 cun-

418 4961 692 5032 junctioui
723 4975 897 5030 usque
944 4960 1009 5012 ad
1040 4970 1293 5017 mortem,
1329 4965 1384 5007 et
1424 4968 1532 5006 non
1576 4950 1862 5019 illegitime
1903 4961 1999 5002 co-

404 5055 648 5125 :pulatus
678 5062 764 5107 est
793 5053 883 5105 ille
910 5050 1134 5121 pulcher
1167 5047 1366 5111 dualis,
1399 5061 1464 5098 ex
1495 5057 1606 5113 quo
1648 5056 1824 5112 usque
1852 5054 2000 5094 nunc

425 5145 789 5201 fraternitatis
835 5141 1212 5214 propinquitas
1263 5146 1513 5193 servatur
1546 5135 1689 5188 inter
1730 5147 1830 5187 nos
1861 5140 1913 5186 et
1944 5131 2000 5185 in

412 5237 638 5291 :bonore
665 5235 917 5290 habetur.
945 5233 1117 5286 Aliter
1147 5241 1327 5284 atttem
1354 5226 1611 5297 diligunt,
1639 5235 1693 5279 et
1714 5240 1824 5279 non
1847 5224 2001 5292 juxta

428 5327 533 5381 tale
561 5325 995 5389 matrimonium,
1027 5322 1118 5390 qui
1165 5336 1275 5373 nun
1312 5317 1610 5387 prudentes
1647 5317 1822 5370 aliena
1850 5316 2002 5369 clau-

431 5429 542 5472 stra
592 5415 1101 5486 transgrediuntur,
1151 5413 1262 5464 imo
1295 5415 1679 5477 perrumpunt,
1730 5407 1812 5461 vel
1843 5406 2004 5461 aliter

431 5511 535 5563 sibi
571 5512 786 5564 ruinatn
817 5507 1107 5562 effodiunt.
1155 5502 1251 5557 llle
1280 5501 1502 5571 quidem
1535 5513 1620 5555 est
1651 5514 1807 5553 amor
1835 5499 2002 5553 bene-

431 5603 630 5667 dictus,
661 5611 716 5657 et
761 5603 885 5655 ideo
915 5607 1162 5661 sanctus,
1197 5605 1251 5650 et
1284 5595 1425 5649 “ﬁliis
1466 5595 1587 5664 ejus
1640 5593 1747 5647 Deo
1775 5593 2000 5658 cltarus,

436 5697 645 5751 fructus
676 5695 883 5749 ventris
924 5690 1223 5761 iucundus,
1271 5702 1444 5761 genus
1487 5686 1752 5750 lucidum,
1803 5683 2003 5738 nobilis

422 5786 743 5856 progenies.
779 5782 1071 5839 Secundus
1103 5790 1309 5848 autem,
1335 5781 1427 5852 qui
1463 5795 1567 5837 non
1599 5788 1685 5835 est
1713 5777 1866 5848 juxta
1892 5789 2006 5830 ma.

2093 3300 2154 3352 τὸ
2184 3299 2325 3352 κατά
2351 3297 2548 3350 κακίαν
2579 3293 2818 3362 είδεχθὲς
2872 3293 2952 3354 είς
3004 3289 3387 3360 εὐπρόσωπον,
3449 3288 3673 3357 ὀνόματι

2098 3389 2282 3460 σεμνῷ
2304 3388 2654 3459 περιπέττων
2687 3386 2785 3457 τὴν
2808 3385 2938 3437 κατ’
2970 3383 3137 3437 αὑτὸν
3192 3380 3522 3450 μοχθηρίαν,
3582 3377 3674 3431 καὶ

2095 3484 2172 3554 τῷ
2211 3483 2329 3552 Θεῷ
2376 3478 2778 3548 ἀντονομάζων,
2826 3476 2887 3539 ὃς
2928 3474 3084 3543 παρά
3136 3471 3214 3541 τῷ
3272 3470 3496 3540 μεγάλῳ
3516 3465 3674 3521 Anton

2097 3575 2289 3645 ἀγαπᾷ
2328 3574 2426 3643 μὲν
2457 3570 2552 3640 τὴν
2572 3566 2946 3635 δικαιοσύνην,
2972 3565 3072 3634 τὴν
3102 3564 3158 3617 δὲ
3209 3562 3446 3630 ἀνομίαν
3503 3558 3673 3628 μισεῖ,

2096 3666 2157 3719 οὗ
2202 3668 2309 3735 μὴν
2340 3664 2551 3733 ἀγαπᾷ.
2615 3661 2724 3713 Καὶ
2772 3662 2922 3728 ὅμως
2962 3655 3187 3727 δηλοῦσι
3237 3651 3542 3707 καὶταῦτα
3580 3648 3673 3719 τὴν

2098 3760 2319 3828 ἀγάπην
2349 3754 2487 3810 εἶναι
2516 3755 2754 3825 πρᾶγμα
2786 3750 3158 3820 παμφίλητον,
3201 3746 3320 3813 εἴγε
3372 3744 3472 3797 καὶ
3504 3744 3553 3794 oi
3585 3756 3673 3793 πο-

2098 3849 2254 3921 νηροὶ
2285 3850 2383 3918 τὴν
2429 3846 2548 3900 κατ’
2593 3845 2793 3905 αὐτοὺς
2828 3838 3139 3910 αἰδούμενοι
3197 3836 3396 3904 κλῆσιν
3446 3833 3673 3901 ὑποτρέ-

2097 3958 2253 4013 χουσι
2275 3940 2374 4010 τὴν
2411 3938 2652 4007 ἀγάπην,
2695 3936 2789 3988 καὶ
2824 3932 2958 4003 πρὸς
2994 3929 3229 3990 ἑαυτοὺς
3258 3926 3554 3980 τάττουσιν
3580 3922 3673 3976 αὑ.

2098 4032 2219 4099 τὴν,
2249 4033 2299 4084 εί
2322 4031 2416 4082 καὶ
2447 4028 2522 4098 μὴ
2561 4026 2841 4079 δύνανται.
2878 4021 3025 4089 Γαλῆ
3057 4036 3140 4082 τις
3167 4016 3400 4078 ἕκαστος
3429 4014 3670 4075 ἐκείνων,

2101 4120 2382 4192 κροκωτὸν
2417 4116 2658 4189 φοροῦσα
2696 4114 2772 4185 μὴ
2799 4114 3079 4182 πρέποντα
3103 4123 3118 4138 ⁸
3152 4110 3186 4178 ἢ
3216 4108 3455 4177 πίθηκος
3502 4107 3539 4160 .6
3573 4119 3671 4174 γι-

2097 4214 2263 4276 λοίος,
2327 4213 2524 4265 ἐθέλων
2585 4205 2725 4262 εἶναι
2797 4204 3181 4274 περίϐλεπτος,
3234 4204 3324 4256 ὅτε
3372 4198 3446 4253 τά
3488 4197 3670 4253 irem

2101 4307 2516 4378 περιϐέϐληται,
2574 4303 2668 4371 ἀφ’
2723 4294 2800 4354 ὧν
2835 4295 2989 4369 οἶμαι
3039 4297 3135 4351 καὶ
3195 4312 3216 4350 ι
3250 4294 3421 4350 καλὸν
3458 4313 3479 4348 ι
3514 4292 3669 4348 αὐτδν

2102 4400 2601 4472 προσονομάζουσιν
2620 4396 2668 4448 oi
2700 4390 3082 4464 παροιμιακῶς
3113 4388 3591 4459 ὑποκοριζόμενοι.
3624 4422 3627 4425 -

2173 4584 2262 4654 ιβ’.
2300 4583 2422 4636 Ἔτι
2450 4581 2610 4643 θείως
2650 4578 2749 4649 μὶν
2769 4574 3076 4646 ἀγαπῶμεν
3124 4575 3175 4628 οι
3210 4570 3329 4624 σῶα
3357 4568 3669 4641 φρονοῦντες

2101 4678 2191 4732 τδν
2223 4676 2421 4746 γάμον,
2447 4673 2508 4727 ὃν
2540 4675 2568 4726 6
2598 4671 2729 4735 Θεὸς
2753 4672 2812 4724 ὲν
2845 4670 3084 4738 πρώτοις
3136 4666 3362 4736 ἔφηνεν,
3397 4664 3559 4723 αὐτὸς
3604 4662 3670 4711 ie-

2106 4770 2346 4840 ρώτατον
2381 4765 2596 4830 ζεύξας,
2632 4763 2795 4826 αὐτὸς
2831 4762 3134 4830 εὐλογήσας
3156 4774 3172 4791 ⁸
3215 4760 3305 4810 ὅτε
3356 4755 3457 4810 καὶ
3506 4751 3668 4822 παρέ·

2104 4875 2288 4930 μεινεν
2311 4859 2517 4919 ἐκεῖνος
2541 4857 2608 4926 τῇ
2633 4853 3045 4922 πρωτοπλωτῳ
3088 4848 3326 4919 συζυγίᾳ
3380 4847 3544 4917 μέχρι
3584 4841 3669 4894 καὶ

2104 4952 2184 5013 είς
2216 4949 2466 5010 θάνατον,
2488 4948 2585 5000 καὶ
2615 4947 2716 5000 οὐκ
2740 4944 2980 5014 ὲδυάσθη
3007 4942 3262 5011 ἀθέσμως
3289 4942 3316 4993 6
3347 4939 3513 5000 καλὸς
3538 4935 3671 4989 ἐκεῖο

2101 5058 2192 5103 νος
2224 5039 2587 5109 συνδυασμὸς,
2619 5040 2679 5105 ἒξ
2703 5031 2765 5092 οὗ
2806 5036 2968 5107 μέχρι
3006 5035 3101 5087 καὶ
3130 5031 3226 5086 νῦν
3276 5033 3340 5084 τὸ
3376 5029 3501 5085 κατ’
3533 5027 3670 5082 ἀδελ·

2102 5133 2310 5203 φότητα
2340 5133 2568 5203 γνήσιον
2593 5130 2688 5183 καὶ
2722 5127 2956 5192 σώζεται
3003 5130 3063 5181 ὲν
3093 5127 3227 5196 ήμῖν
3246 5164 3261 5188 ,
3304 5127 3405 5177 καὶ
3448 5122 3668 5191 ἐντίμως

2106 5223 2573 5295 παρρησιάζεται.
2606 5221 2816 5283 Ἄλλως
2859 5219 2918 5271 δὲ
2947 5216 3228 5285 ἀγαπῶσι,
3288 5215 3385 5267 καὶ
3434 5214 3497 5265 οὐ
3540 5207 3669 5265 κατά

2103 5316 2343 5369 τοιοῦτον
2380 5316 2577 5383 γάμον.
2610 5315 2660 5366 oi
2705 5311 2805 5365 οὐκ
2855 5310 3131 5381 ἔμφρονες
3182 5307 3474 5376 φραγμοὺς
3528 5297 3669 5357 αὐτοὶ

2105 5404 2422 5473 ἀλλοτρίους
2453 5402 2903 5472 ὑπερόαίνοντες,
2942 5401 3127 5470 μήπου
3150 5400 3206 5451 δὲ
3235 5398 3330 5450 καὶ
3362 5392 3669 5450 κατακλῶν·

2102 5513 2216 5561 τες,
2250 5496 2283 5566 ἢ
2315 5495 2489 5557 ἄλλως
2509 5493 2858 5564 βοθρεύοντες
2882 5492 3097 5556 ean-:01;
3124 5491 3368 5561 ὄλεθρον.
3400 5490 3508 5543 Καὶ
3536 5487 3669 5540 ἐστιν

2105 5589 2282 5640 ἐκεῖνο
2315 5587 2415 5656 μὲν
2445 5586 2507 5637 τὴ
2539 5587 2759 5655 ἀγαπᾷν
2795 5583 3115 5654 εὐλογητὸν,
3157 5580 3255 5636 καὶ
3279 5579 3455 5643 οὕτως
3485 5581 3667 5650 ἡγιασ-

2108 5682 2288 5753 μένον,
2317 5678 2411 5733 καὶ
2448 5677 2509 5731 τὸ
2532 5678 2684 5740 τέλος
2718 5677 2883 5730 αὑτοῦ
2919 5676 3041 5745 Θεῷ
3085 5674 3264 5743 φίλον,
3320 5673 3530 5742 καρπὸς
3578 5686 3665 5736 γα·

2109 5772 2271 5845 στρδς
2303 5771 2454 5843 ἡδὺς,
2485 5771 2642 5839 γένος
2678 5772 2960 5841 φωτεινὸν,
2993 5771 3150 5840 γόνος
3172 5768 3664 5841 εὐπαρρησίαστος’
