3982 6246
396 342 500 400 59.)

1104 342 1533 404 EUSTATIIII
1567 341 1908 401 TIIESSAL
1945 342 2323 404 iNlCENSlS
2365 319 2938 404 METROPOLITIE

3572 343 3674 407 .596

398 462 576 522 putet,
611 462 664 510 ct
699 455 802 510 hoc
833 469 958 512 cum
997 458 1317 525 juramento
1359 467 1553 522 testor,
1603 472 1661 511 se
1690 471 1982 511 evasurum

2102 457 2181 526 Μὴ
2230 457 2338 528 γάρ
2383 475 2467 520 τις
2537 457 2738 512 οἰέσθω
2767 488 2837 498 -
2866 458 3088 528 ἔνορκος
3141 457 3199 510 δὲ
3246 456 3406 510 τοῦτό
3438 473 3580 526 φημι
3607 489 3676 502 -

395 563 518 603 esse
540 549 658 604 sive
679 560 1027 618 praesentem,
1054 550 1170 606 sive
1199 549 1445 604 futuram
1470 548 1565 602 Dei
1601 548 1764 610 iram.
1783 548 1828 602 si
1854 562 1976 616 quae

400 643 542 698 Deus
590 642 881 712 conjunxit
924 651 1170 712 separat,
1220 651 1276 697 et
1321 642 1396 696 ita
1442 641 1736 711 pulchrum
1783 640 1976 709 conju-

397 734 565 801 gium,
604 749 700 799 per
751 733 897 801 quod
933 749 1121 788 semen
1153 734 1311 803 juxta
1349 733 1588 788 divinam
1640 733 1977 788 benedictioc

398 839 522 878 nem
554 825 928 894 multiplicare
955 825 1122 880 vitam
1151 826 1466 881 ordinatum
1495 834 1599 892 est,
1633 825 1829 880 inutile
1857 823 1979 880 red.

396 921 500 976 dit.

468 1017 551 1072 16.
588 1017 746 1084 Quod
781 1028 963 1072 autem
997 1033 1084 1072 tne
1129 1033 1236 1072 non
1273 1017 1457 1074 minus
1485 1017 1781 1080 consumit.
1820 1025 1874 1072 et
1902 1018 1980 1070 vi-

397 1122 508 1164 tam
537 1126 713 1165 meam
750 1112 1008 1175 conterit,
1036 1121 1090 1166 et
1126 1127 1235 1165 non
1270 1111 1451 1166 solum
1485 1111 1670 1165 vitalis
1696 1109 1983 1181 sanguinis

398 1203 668 1258 ﬂuentum
703 1204 845 1272 sugit
878 1220 932 1258 et
975 1205 1258 1273 exprimit,
1294 1205 1392 1260 sed
1436 1204 1551 1260 fere
1581 1219 1668 1259 me
1695 1203 1978 1271 discerpit.

397 1303 530 1350 sunt
577 1297 947 1365 prolusiones,
981 1296 1099 1351 sive
1135 1297 1452 1366 nuptiarum
1502 1297 1668 1354 atria.
1700 1296 1986 1365 coniugio-

398 1405 520 1442 rum
540 1389 968 1457 praelibationes.
989 1389 1135 1444 More
1151 1391 1299 1445 enim
1322 1390 1410 1444 hic
1429 1389 1728 1446 venerabili
1751 1397 1983 1454 statuto,

401 1482 740 1552 preatnbula
771 1484 1088 1554 nuptiarum
1122 1482 1446 1551 providendi
1468 1493 1775 1552 sancteque
1801 1481 1989 1536 consi-

401 1573 655 1639 tlerandi,
701 1582 760 1628 ut
811 1575 946 1629 nilnil
980 1575 1159 1629 obstet
1198 1574 1330 1643 quin
1373 1583 1525 1629 recta
1573 1572 1657 1626 via
1704 1573 1990 1643 gradiatur

2078 548 2388 617 ἀποφυγεῖν
2415 547 2512 618 τὴν
2543 548 2718 619 ὀργὴν
2745 548 2840 601 τοῦ
2874 549 3033 614 Θεοῦ,
3066 549 3169 616 τήν
3195 565 3258 600 τε
3308 551 3368 600 ἑν
3423 548 3524 617 βίῳ
3582 550 3677 602 καὶ

2078 637 2177 708 τὴν
2208 637 2520 709 ἐσύστερον,
2557 640 2832 710 χωρίζων,
2865 640 3009 708 άπερ
3050 639 3078 691 ό
3129 637 3263 700 Θεὸς
3317 637 3519 706 ἧνωσε,
3580 639 3676 690 καὶ

2079 728 2222 784 οὕτω
2282 730 2384 798 τὴν
2425 729 2601 801 καλήν
2656 730 2928 799 συζυγίαν
2970 727 3233 799 ἀχρειῶν,
3275 727 3345 780 δι’
3374 723 3444 798 ἦς
3466 728 3526 780 τδ
3548 731 3670 780 κατ’

2081 822 2332 892 εὐλογίαν
2356 823 2508 878 θείαν
2541 823 2765 894 σπέρμα
2801 823 2894 877 τὸν
2919 822 3036 894 βίον
3060 821 3358 893 πληθύνειν
3382 820 3670 875 τέτακται.

2157 1028 2256 1087 ις’.
2295 1024 2362 1076 Ὀ
2397 1022 2454 1076 δέ
2497 1040 2566 1093 με
2597 1024 2748 1077 οὐδὲν
2771 1023 2998 1076 ἔλαττον
3031 1023 3283 1094 ἐκτήκει,
3338 1023 3433 1076 καὶ
3481 1023 3582 1090 τῆς
3623 1021 3678 1073 ἑν

2083 1116 2209 1184 ἐμοὶ
2228 1112 2374 1184 ζωῆς
2387 1113 2764 1185 παρατρὼγει,
2794 1116 2889 1168 καὶ
2911 1115 3156 1186 ὐφέρπον
3179 1116 3241 1168 οὐ
3273 1115 3436 1184 μόνον
3458 1114 3678 1183 ἐκμυξᾷ

2085 1209 2182 1261 καὶ
2217 1207 2436 1277 paena
2472 1207 2568 1260 τοῦ
2601 1206 2810 1271 ζωῖκοῦ
2841 1208 3100 1276 αἵματος.
3128 1207 3269 1261 ἀλλά
3308 1208 3410 1260 καὶ
3470 1205 3674 1277 μικροῦ

2089 1299 2490 1370 διασπαράσσει
2519 1316 2610 1370 με,
2641 1301 2710 1354 τὰ
2739 1301 3040 1370 προαύλια,
3085 1301 3197 1354 εἴτε
3231 1299 3679 1370 προτεμενίσμα-

2089 1409 2159 1446 τα
2207 1390 2318 1444 τῶν
2367 1391 2564 1460 γάμων
2603 1392 2734 1457 eici,
2767 1392 2837 1444 τά
2859 1392 2972 1444 τῶν
3010 1390 3286 1459 συζυγιῶν
3345 1390 3674 1461 πρωτόλεια.

2099 1483 2300 1544 Ἐθους
2327 1483 2437 1552 γὰρ
2467 1480 2709 1536 ἐνταῦθα
2771 1482 3112 1552 τεταγμένου
3181 1481 3510 1552 σεϐασμίου,
3563 1483 3681 1532 ἑπι-

2091 1573 2396 1628 ϐλέπεσθαι
2427 1573 2498 1626 τὰ
2525 1574 2633 1646 πρὸ
2657 1574 2768 1628 τῶν
2798 1575 3016 1646 γάμων,
3068 1573 3164 1628 καὶ
3191 1573 3358 1645 ἱερῶς
3399 1573 3681 1641 ἐκλογίζε-

402 1672 575 1734 utque
624 1671 872 1720 tortuosa
930 1663 1360 1733 praecludantur,
1412 1663 1637 1734 quidam
1691 1671 1853 1729 sunt,
1893 1665 1987 1732 qui

2102 1667 2238 1731 σθαι,
2261 1666 2338 1730 ὡς
2365 1667 2502 1735 ὀρθὰ
2538 1667 2638 1736 μὲν
2678 1668 2810 1722 όντα
2836 1666 3154 1721 εὐοδοῦσθαι
3210 1669 3277 1738 τῇ
3338 1667 3678 1736 παραχωρή-

402 1756 699 1824 peculiaris
746 1755 1008 1812 desiderii
1051 1755 1256 1810 ﬂuento
1297 1755 1602 1823 provoluti,
1634 1753 1688 1809 in
1726 1756 1988 1826 abyssum

2102 1776 2198 1820 σει,
2241 1757 2667 1828 ὲστρεϐλωμένα
2689 1759 2748 1813 δέ
2778 1776 2843 1827 γε
2873 1757 3320 1822 ἀποκωλύεσθαι,
3354 1759 3463 1811 viai
3512 1774 3675 1823 τινες,

400 1844 860 1900 inconvenientia
883 1844 1109 1915 quidem
1135 1846 1522 1901 observatores
1545 1845 1867 1915 projiciuut,
1898 1861 1986 1900 cu-

2102 1851 2146 1905 οἳ
2171 1849 2408 1921 ῥεύματι
2461 1851 2926 1921 κατακυλιόμενοι
2982 1852 3224 1920 ἐφέσεως
3298 1849 3674 1922 ίὸιορρύθμου,

401 1950 528 1991 rare
569 1951 819 2006 vanoque
850 1938 1127 2007 speculari
1173 1946 1459 1993 cessantes
1504 1955 1518 1992 :
1563 1937 1666 2008 ipsi
1730 1952 1861 1992 vero
1893 1951 1988 1991 eos

401 2029 594 2094 pulsnt
635 2038 912 2096 amantes,
964 2030 1113 2085 velut
1158 2030 1420 2086 animalia
1465 2030 1744 2101 gregaria,
1789 2030 1993 2101 quibus

400 2131 505 2173 ec
532 2119 700 2185 ratio,
734 2133 838 2174 nec
869 2119 982 2186 lex,
1004 2135 1110 2176 nec
1141 2123 1266 2175 mos'
1293 2121 1571 2176 humanus
1599 2131 1710 2176 est.

474 2401 563 2456 17.
592 2399 660 2454 Ει
682 2415 786 2472 ego
809 2417 986 2472 nuper
1010 2401 1120 2457 vidi
1148 2416 1300 2458 meos
1324 2403 1580 2457 concives
1609 2401 1666 2456 in
1691 2401 1795 2457 hoc
1825 2413 1994 2456 ausos

401 2490 778 2560 iniquitatem,
813 2507 978 2562 quam
1020 2493 1263 2547 nondum
1305 2508 1479 2562 usque
1514 2491 1680 2548 hodie
1717 2491 1853 2554 vidi,
1889 2503 1990 2544 nec

400 2584 595 2650 etiam,
638 2586 753 2638 sive
788 2585 857 2639 de
903 2585 1032 2639 loco
1067 2586 1194 2650 isto,
1248 2586 1364 2640 sive
1391 2587 1457 2640 de
1488 2586 1616 2651 alio,
1673 2584 1858 2640 didici.
1892 2585 1995 2637 As-

404 2685 661 2747 sumptos
687 2679 833 2732 enim
863 2679 1040 2732 virum
1073 2678 1368 2748 quemdam
1395 2692 1458 2732 ac
1487 2677 1773 2732 mulierem
1807 2675 1995 2745 dispu-

403 2776 607 2833 tantes,
643 2783 711 2821 an
743 2767 1230 2832 benedicerentur,
1252 2758 1367 2822 non
1402 2766 1593 2837 procul
1628 2768 1696 2822 ab
1726 2767 1860 2821 urbe
1892 2765 1993 2819 du-

407 2875 634 2930 xerunt,
682 2873 760 2929 et,
791 2867 1020 2934 decepto
1063 2865 1314 2934 simplice
1344 2866 1650 2934 ignaroque
1681 2863 1989 2928 sacerdote,

407 2956 651 3012 divinam
690 2957 1093 3026 subripuerunt
1137 2957 1580 3013 benedictionem
1618 2959 1832 3026 istaque
1863 2971 1995 3009 cun-

408 3051 714 3119 junxerunt
745 3049 1004 3104 animalia
1035 3050 1160 3104 sine
1193 3049 1326 3113 Deo,
1352 3050 1598 3120 jugoque
1627 3056 1896 3104 consueto
1931 3062 1993 3103 ac

409 3144 631 3198 vinculo
653 3144 950 3198 canonico.
977 3142 1070 3197 Sic
1092 3143 1237 3197 enim
1265 3143 1399 3197 mihi
1424 3156 1622 3197 vocare
1646 3142 1783 3196 libet
1815 3141 1990 3196 docuo

2094 1942 2175 2006 είς
2199 1942 2429 2007 ἀτοπίας
2462 1943 2742 2013 βάραθρον
2769 1941 2899 2005 τούς
2951 1943 3050 2010 μὲν
3085 1941 3432 2010 ἐπιτηρητάς
3488 1957 3678 2009 παρω-

2093 2032 2337 2098 θοῦνται,
2365 2035 2619 2102 ἀφιέντες
2651 2035 2886 2106 μελετᾷν
2919 2036 3018 2087 καὶ
3061 2033 3241 2105 μάτην
3285 2033 3670 2086 σκέπτεσθαι·

2094 2127 2252 2183 αὐτοὶ
2278 2127 2336 2181 δὲ
2368 2127 2654 2197 βιϐάζουσι
2683 2129 2811 2191 τοὺς
2841 2125 3082 2197 ἐραστὰς
3139 2125 3278 2180 ὡσεὶ
3315 2126 3414 2180 καὶ
3448 2125 3676 2194 ἀγελαῖα

2094 2218 2229 2284 ζῶα,
2267 2215 2349 2283 οἷς
2379 2218 2505 2273 οὐτε
2527 2219 2707 2289 λόγος,
2729 2218 2856 2273 οὔτε
2885 2219 3071 2288 νόμος,
3095 2219 3221 2273 οὔτε
3239 2219 3441 2289 τρόπος
3473 2218 3680 2288 ἀνθρω-

2095 2310 2279 2374 πικός.

2165 2399 2253 2465 ιζ’.
2283 2402 2394 2455 Καὶ
2415 2397 2556 2455 είδον
2587 2401 2699 2469 ἐγὼ
2732 2403 2840 2473 πρὸ
2869 2401 3119 2472 βραχέων
3139 2402 3485 2472 συμπολίτας
3514 2403 3677 2471 ὲμούς

2093 2492 2202 2547 τῶν
2231 2493 2468 2548 ἐνταῦθα
2499 2494 2878 2565 τολμήσαντας
2913 2497 3171 2565 ἀνομίαν,
3200 2497 3270 2567 ήν
3296 2496 3453 2550 οὔπω
3518 2497 3676 2564 μέχρι

2097 2586 2191 2638 καὶ
2255 2587 2502 2657 τήμερον
2545 2585 2671 2640 οὔτε
2720 2583 2883 2653 εἶδον,
2937 2587 3064 2641 οὔτε
3110 2589 3219 2658 μὴν
3273 2589 3454 2652 ἄλλως
3479 2588 3676 2654 ἔμαθον

2097 2675 2220 2730 οὕτε
2249 2681 2305 2731 ὲν
2334 2682 2449 2743 τοῖς
2504 2673 2631 2744 ὧδε,
2669 2680 2791 2733 οὐδὲ
2845 2679 2954 2750 μὴν
2998 2679 3258 2750 ἀλλαχοῦ.
3317 2681 3676 2741 Διαλαίόντες

2096 2769 2205 2838 γάρ
2238 2769 2408 2840 ἄνδρα
2463 2771 2585 2824 τινά
2642 2772 2738 2825 καὶ
2782 2772 3020 2840 γυναῖκα
3063 2771 3601 2841 λογομαχουμένους,
3629 2775 3674 2823 εί

2094 2863 2407 2935 εὐλογητέοι
2432 2864 2670 2928 ἔσονται,
2707 2865 3058 2934 ὑπεξήγαγον
3087 2866 3148 2918 οὐ
3182 2865 3404 2935 μακρὰν
3453 2867 3554 2936 τῆς
3579 2866 3673 2917 πό-

2093 2956 2252 3020 λεως,
2287 2957 2382 3010 καὶ
2413 2958 2796 3027 ἀπατήσαντος
2824 2957 3032 3011 ἁπλοῦν
3066 2957 3220 3026 ἱερέα
3251 2959 3344 3010 καὶ
3393 2957 3570 3027 ἀϐαθῆ
3608 2957 3672 3011 τά

2093 3049 2175 3112 είς
2202 3048 2425 3118 γνῶσιν,
2459 3049 2696 3119 ἔκλεψαν
2740 3048 2838 3120 τήν
2883 3049 3035 3103 θείαν
3079 3048 3353 3116 εὐλογίαν,
3398 3049 3496 3103 καὶ
3553 3067 3670 3103 συνο

2100 3141 2328 3207 ἔζευξαν
2351 3141 2468 3208 ζῶα
2495 3141 2668 3196 ταῦτα
2706 3141 2845 3195 Θεοῦ
2879 3143 3003 3213 δίχα
3029 3141 3126 3196 καὶ
3179 3141 3348 3210 ζυγοῦ
3402 3142 3500 3196 τοῦ
3551 3160 3677 3196 συν·

410 3245 594 3290 nienta
628 3236 853 3305 scripta,
884 3236 1088 3304 quibus
1117 3235 1370 3290 homines
1397 3233 1764 3306 conjugaliter
1795 3233 1994 3287 uniun-

2102 3232 2264 3300 ήθους
2289 3233 2384 3288 καὶ
2412 3233 2752 3304 ζυγοδέσμου
2792 3211 3099 3288 κανονικοῦ.
3132 3232 3290 3288 Οὕτω
3310 3234 3419 3306 γάρ
3444 3235 3538 3288 καὶ
3570 3231 3674 3300 ἐγὼ

410 3341 521 3382 tur.
554 3325 623 3383 Ut
649 3337 831 3383 autem
866 3328 982 3383 haec
1011 3327 1064 3382 in
1099 3328 1348 3382 notitiam
1379 3327 1510 3381 mihi
1544 3333 1814 3381 venerunt
1847 3323 1992 3378 facto

411 3421 576 3476 citius
608 3420 920 3491 hujusmodi
945 3419 1222 3491 jugalibus
1245 3420 1485 3484 obviam,
1515 3417 1996 3488 conjunctionem-

414 3528 523 3581 que
553 3511 909 3581 exprobravi,
948 3512 1124 3566 eheu!
1163 3521 1427 3581 quantam
1475 3509 1876 3579 impudentiam
1928 3520 1994 3560 ex

415 3603 756 3670 ignobilibus
776 3602 1012 3673 jugariis
1037 3613 1299 3673 expertus
1323 3619 1442 3659 sum
1470 3603 1484 3656 l
1519 3600 1818 3671 Postquam
1846 3597 1995 3654 enim

417 3695 686 3750 violenter
709 3694 1090 3749 clamaverunt
1124 3694 1480 3763 minitarique
1499 3691 1635 3746 nihil
1673 3691 1998 3753 omiserunt,

417 3796 696 3840 recentem
749 3785 1148 3855 legislationem
1182 3785 1557 3854 allegaverunt
1587 3783 1642 3837 hi
1682 3785 1804 3839 novi
1836 3795 2002 3836 cano-

417 3875 596 3936 nistae,
623 3875 769 3944 quod
796 3891 815 3925 ι
851 3873 1032 3929 Semel
1066 3883 1160 3929 aut
1190 3874 1276 3930 bis
1318 3889 1443 3928 eum
1478 3873 1915 3943 pulsavisscmus
1948 3881 2002 3926 et

420 3974 706 4014 sacrorum
732 3961 1049 4016 ministrum
1087 3977 1194 4016 non
1221 3962 1534 4018 audientem
1573 3963 2000 4027 invenissemus,

419 4055 554 4119 alio,
591 4056 756 4126 quod,
782 4056 1104 4113 volebamus
1129 4057 1419 4128 qua‘situm
1458 4057 1660 4111 ivimus
1693 4075 1706 4110 :
1735 4075 1754 4108 ι
1785 4054 2003 4125 Aliquid

419 4148 669 4204 «licentes
693 4148 892 4215 simile,
926 4157 986 4203 ut
1008 4149 1081 4202 ita
1107 4149 1311 4212 dicam,
1341 4163 1405 4203 ac
1432 4147 1618 4204 istud:
1659 4167 1678 4200 ι
1711 4145 2005 4202 Fet-mento

421 4239 586 4295 niisto
634 4255 885 4310 paneque
935 4251 1148 4310 parato,
1195 4241 1473 4294 clibanum
1526 4239 1868 4294 invenientes
1895 4253 2003 4292 non

418 4331 866 4400 convenientem,
915 4333 984 4388 ad
1034 4333 1203 4388 alium
1253 4332 1627 4388 cucurrimus.
1667 4350 1684 4382 ι
1746 4329 2006 4385 liomines

419 4425 623 4480 clibani
655 4425 800 4497 igne,
837 4425 905 4481 de
949 4441 1060 4498 quo
1108 4427 1324 4496 psalmi,
1370 4441 1500 4480 vere
1534 4425 1723 4495 digni!
1777 4423 1837 4478 Hi
1877 4438 2006 4477 vero

427 4536 650 4592 quoque
678 4523 733 4576 in
767 4521 972 4591 aliquid
1015 4522 1184 4576 multo
1233 4521 1409 4592 pejus,
1443 4521 1630 4577 saltem
1681 4535 1911 4591 prorsus
1944 4519 2005 4572 il-

2098 3325 2284 3380 καλεῖν
2341 3325 2513 3379 ἐθέλω
2571 3324 2640 3378 τὰ
2688 3325 2910 3396 γραπτά
2929 3323 3261 3393 τυπώματα,
3308 3324 3379 3378 δι’
3418 3319 3494 3379 ὧν
3549 3341 3674 3377 συνο

2095 3417 2426 3485 δεσμοῦνται
2455 3416 2709 3486 γαμικῶς
2739 3415 3042 3486 ἄνθρωποι.
3105 3415 3196 3477 Ὧς
3235 3414 3292 3468 δὲ
3342 3415 3426 3479 εις
3477 3415 3676 3484 γνῶσιν

2097 3505 2262 3582 ἦλθον
2289 3510 2415 3579 ἐμοὶ
2457 3509 2652 3572 ταῦτα,
2693 3508 2770 3579 τῷ
2800 3509 2944 3578 τάχα
2994 3509 3108 3571 τοῖς
3147 3509 3412 3572 τοιοῦτοις
3457 3511 3676 3563 ἐπισταο

2097 3602 2277 3656 τοῦντι
2305 3603 2638 3672 ζευγαρξοις.
2665 3605 2763 3656 καὶ
2797 3602 3140 3673 εμεμψάμην
3174 3601 3274 3672 τὴν
3298 3601 3503 3666 ζεῦξιν,
3543 3603 3677 3671 ὦμοι

2097 3692 2200 3762 τῆς
2224 3692 2532 3755 ἀναιδείαςί
2587 3685 2656 3763 ἧς
2689 3691 2986 3763 ἐπειράθην
3042 3695 3104 3743 ὲκ
3149 3691 3369 3760 φαύλων
3421 3689 3676 3758 ζευγηλα-

2099 3783 2228 3840 τῶν.
2251 3781 2659 3851 Ἐγκραγόντες
2680 3782 2788 3852 γάρ
2811 3783 2945 3854 πρὸς
2975 3781 3200 3851 θράσος,
3227 3784 3320 3835 καὶ
3357 3782 3482 3834 οὐδὲ
3527 3782 3678 3834 ἀπει-

2103 3874 2373 3947 λήσασθαι
2435 3877 2919 3940 κατοκνήσαντες,
2991 3871 3112 3928 εἶτα
3163 3877 3258 3928 καὶ
3323 3873 3676 3945 θεσμοθεσίαν

2103 3969 2308 4038 νεαρὰν
2334 3965 2685 4034 ἐξεφώνησαν
2717 3967 2766 4019 oi
2803 3967 2980 4019 καινοὶ
3012 3967 3349 4029 κανονισταὶ,
3383 3967 3468 4019 ὄτι
3529 3984 3547 4016 ι
3575 3966 3679 4016 Καὶ

2103 4058 2256 4124 ἅπαξ
2288 4059 2380 4113 καὶ
2409 4059 2494 4122 δὶς
2550 4060 2943 4122 κοπιάσαντες,
2989 4059 3087 4111 καὶ
3137 4058 3226 4111 τὸν
3281 4057 3560 4128 ίερολόγον
3610 4055 3678 4124 μή

2106 4153 2460 4206 ὑπακούοντα
2514 4151 2920 4222 ὲξευρηκότες,
2999 4153 3401 4221 ἀπηρτήσαμεν
3473 4151 3678 4214 ἄλλως.

2105 4246 2244 4315 ὅπερ
2269 4243 2557 4314 ἠθέλομεν,
2587 4261 2605 4294 ι
2643 4244 2830 4313 ὅμοιόν
2856 4261 2907 4296 τι
2957 4243 3214 4312 φάμενοι,
3245 4241 3322 4304 ὡς
3373 4243 3468 4295 ὲάν
3504 4238 3676 4303 εἷπον,

2105 4337 2189 4391 ότι
2227 4354 2246 4386 ι
2281 4335 2662 4405 ⁴Ινυρασάμενοι
2692 4334 2893 4404 ζύμην,
2927 4335 3019 4388 καὶ
3047 4335 3535 4405 ἀρτοποιήσαντες,
3568 4330 3678 4384 εἶτα

2106 4426 2348 4496 κλιϐάνῳ
2375 4428 2872 4496 περιτετυχηκὸτες
2918 4425 3022 4478 οὐκ
3069 4425 3386 4495 ἀρέσκοντι,
3442 4441 3678 4496 μετεπή-

2111 4520 2356 4589 δήσαμεν
2391 4519 2471 4582 εἰς
2513 4517 2721 4588 ἕτερον.
2763 4535 2782 4569 ι
2853 4516 3171 4586 Ἄνθρωποι
3225 4511 3373 4570 οὗτοι
3430 4518 3678 4572 κλιϐάνου

425 4616 677 4679 licitum,
709 4621 974 4683 praeterea
995 4612 1360 4669 oﬂ'euderunt.
1387 4613 1545 4668 Mane
1587 4614 1807 4684 quidem
1857 4614 1996 4667 enim

2114 4611 2288 4683 πυρὸς
2320 4608 2602 4680 ψαλμικοῦ
2645 4609 2806 4676 ἄξιοι.
2840 4611 2903 4662 Oi
2945 4609 3002 4662 δὲ
3043 4609 3138 4662 καί
3162 4625 3216 4662 τι
3262 4611 3454 4680 χεῖρον
3507 4610 3679 4678 πολλῴ

427 4707 710 4776 sponsalia
744 4706 890 4780 facta
931 4715 1083 4771 sunt,
1106 4718 1160 4762 et
1191 4706 1376 4762 statim
1413 4707 1738 4779 coniugium
1774 4707 2010 4762 abscon-

425 4801 600 4854 ditum
651 4800 937 4870 impletum
985 4809 1090 4856 est.
1129 4800 1243 4856 Hoc
1282 4801 1715 4855 abominandum
1752 4799 1889 4868 ipsis
1940 4796 2008 4851 ad

429 4901 623 4948 boratn
658 4893 736 4948 sic
779 4905 993 4964 raptum
1025 4905 1148 4948 cst:
1178 4894 1280 4960 sic,
1330 4903 1525 4948 contra
1555 4908 1795 4948 canones
1840 4906 2011 4945 cona-

309 5019 316 5024 -
431 4989 576 5042 mine
611 4989 778 5053 facto,
836 4998 1103 5058 tropaum
1137 4999 1266 5042 ante
1306 4989 1498 5042 urbem
1535 4993 1887 5041 statuerunt:
1928 4983 2010 5037 sic

429 5093 620 5138 contra
663 5083 868 5153 regiam
921 5083 1190 5138 novellam
1219 5080 1454 5151 juvenili
1503 5078 1856 5134 festinatione
1893 5092 2016 5145 ege-

427 5181 576 5239 runt,
610 5182 664 5226 et
695 5175 1145 5228 acceleraverunt
1177 5173 1421 5242 culpam,
1474 5169 1793 5239 priusquam
1831 5184 2009 5223 canon

427 5267 723 5322 obsisteret
791 5267 894 5321 eis.
969 5265 1033 5320 Et
1101 5265 1324 5336 quidem
1400 5272 1733 5333 putaverunt
1801 5263 2012 5326 miseri,

430 5359 627 5424 Deum,
669 5360 762 5430 qui
807 5361 861 5414 in
903 5359 1078 5430 ipsam
1142 5360 1427 5429 abyssum,
1463 5371 1550 5420 ac,
1602 5356 1648 5410 si
1686 5355 1817 5426 quid
1871 5355 2013 5409 inie-

430 5454 547 5511 rius
572 5465 674 5519 est,
706 5455 869 5508 oculo
920 5460 1192 5523 penetrat,
1235 5466 1295 5505 se
1327 5447 1628 5505 abscondi!
1662 5448 1725 5503 Et
1767 5449 2012 5512 oculum,

431 5545 521 5600 cui
562 5546 702 5600 nihil
749 5554 833 5600 est
877 5553 1160 5616 opertum,
1200 5542 1664 5598 existimaverunt
1709 5557 1767 5597 se
1797 5539 2011 5595 latere!

434 5636 543 5691 Sed
581 5637 675 5706 qui
700 5636 768 5692 de
799 5635 941 5692 cmlo
988 5633 1273 5707 prospicit,
1308 5643 1362 5692 et
1391 5632 1530 5691 vidit
1554 5645 1608 5691 et
1631 5632 1810 5689 cernit
1841 5641 1895 5690 et
1934 5633 2018 5688 in-

436 5728 719 5798 dignatur.

2114 4703 2504 4766 συνέπταισαν,
2540 4701 2740 4769 μενοῦν
2771 4716 2835 4768 γε
2867 4699 3106 4770 ἄθεσμον
3145 4702 3228 4765 εις
3281 4701 3341 4755 τὸ
3399 4701 3679 4772 παράπαν.

2115 4793 2266 4866 Πρωῒ
2300 4793 2401 4864 μὲν
2417 4796 2525 4862 γὰρ
2550 4795 2583 4863 ή
2617 4793 2888 4863 μνηστεία
2911 4791 3196 4862 ἐτελέσθη.
3241 4792 3492 4861 αὐθωρδν
3515 4794 3568 4846 δὲ
3597 4795 3685 4846 καί

2111 4891 2140 4942 ό
2194 4888 2373 4957 γάμος
2441 4885 2872 4957 ὲγκρυφιασθεὶς
2933 4884 3252 4956 ἐπληρώθη.
3313 4884 3489 4938 Τοῦτο
3519 4887 3582 4955 δή
3630 4885 3686 4937 τὸ

2114 4981 2486 5051 ἀποτρόπαιον
2514 4977 2688 5043 οὕτως
2719 4979 2908 5041 αὐτοῖς
2956 4977 3212 5048 ἡρπάγη,
3245 4977 3313 5031 τὰ
3360 4981 3460 5044 τῆς
3508 4977 3682 5048 ὥρας·

2113 5073 2256 5128 οῦτω
2286 5073 2427 5127 κατά
2451 5071 2562 5126 τῶν
2595 5071 2838 5126 κανόνων
2872 5071 3300 5134 σπουδάσαντες,
3335 5069 3572 5141 ἔστησαν
3589 5069 3686 5139 πρὸ

2113 5167 2213 5236 τῆς
2251 5165 2463 5228 πόλεως
2494 5165 2757 5235 τρόπαιον
2789 5180 2804 5197 ο
2859 5162 3008 5216 οὕτω
3054 5163 3197 5216 κατὰ
3259 5164 3362 5232 τῆς
3406 5162 3686 5234 βασιλικῆς

2115 5258 2316 5329 νεαρᾶς
2345 5256 2768 5310 ἑνεανιεύσαντο
2795 5255 3152 5318 σπεύσαντες,
3181 5256 3275 5307 καί
3301 5256 3567 5325 ὲτάχυναν
3597 5255 3686 5322 τὴν

2115 5350 2416 5420 ἁμαρτίαν,
2450 5347 2527 5418 μὴ
2565 5347 2658 5401 καὶ
2712 5347 2927 5414 φθάσας
2961 5347 2989 5398 ὁ
3017 5345 3202 5398 κανὼν
3247 5344 3558 5416 ἀντιπράξῃ
3596 5344 3685 5396 αὗ-

2115 5444 2249 5506 τοῐς.
2281 5441 2391 5496 Καὶ
2419 5440 2604 5506 ἔδοξαν
2631 5440 2732 5511 μὲν
2762 5441 2812 5492 oi
2865 5439 3094 5494 ἐλεεινοί.
3123 5437 3398 5508 κρυϐῆναι
3450 5438 3558 5492 άπὸ
3599 5435 3683 5489 τοῦ

2118 5535 2276 5600 Θεοῦ,
2314 5534 2409 5588 τοῦ
2438 5536 2534 5588 καὶ
2564 5535 2646 5598 εις
2708 5533 2950 5587 ἄϐυσσον
2993 5530 3184 5601 αὐτὴν,
3237 5531 3334 5584 καὶ
3392 5531 3447 5585 εἴ
3489 5529 3541 5584 τί
3588 5547 3681 5582 που

2119 5629 2439 5697 κατωτέρω,
2466 5627 2544 5696 τῷ
2570 5626 2844 5696 βλέμματι
2867 5622 3276 5694 ὲμϐαθύνοντος
3307 5637 3322 5652 ο
3362 5621 3459 5675 καὶ
3514 5621 3683 5674 λαϐεῖν

2120 5723 2212 5775 τὸν
2239 5719 2508 5786 ἁλάθητον
2543 5719 2806 5789 ἐνόμισαν
2834 5714 3134 5787 ὀφθαλμόν.
3181 5711 3240 5767 Ὀ
3269 5712 3326 5765 δὲ
3363 5712 3680 5782 προκύπτων

2123 5815 2220 5870 ἀπ’
2257 5809 2522 5884 οὐρανοῦ,
2556 5810 2648 5866 καὶ
2681 5810 2788 5866 εἶδε
2823 5811 2914 5864 καὶ
2937 5807 3126 5866 Βλέπει
3159 5807 3252 5861 καὶ
3283 5805 3594 5876 ἀγανακτεῖ.
