3982 6246
307 346 421 410 597

1271 351 1356 412 IN
1407 353 1472 415 S.
1509 352 2176 424 QUADRAGESIMAM
2215 352 2501 415 ORATIO
2540 351 2622 411 [Ι.

3469 355 3575 420 593

390 459 481 529 ιη’.
520 461 632 513 καὶ
655 462 718 514 τδ
756 463 957 534 ἐφεξῆς
986 464 1130 520 ὀκνῶ
1159 467 1360 536 λέγειν.
1405 470 1465 522 '0
1495 469 1551 522 δέ
1587 487 1655 540 με
1690 468 1892 540 μικροῦ

2066 467 2154 522 18.
2182 469 2301 524 .Iam
2346 470 2604 525 ulteriora
2655 483 2741 524 me
2789 469 2938 540 piget
2961 469 3162 525 dicere.
3195 467 3572 535 Quod‘zutem

311 553 712 624 παρέδραμεν·
748 555 1108 626 ἐλεγχόμενος
1159 563 1188 613 6
1243 562 1302 615 ἐν
1353 562 1432 634 τῷ
1474 563 1706 632 τοιούτῳ
1741 563 1898 632 κακῷ

315 645 665 718 θερμότερος
703 649 799 703 τοῦ
851 651 1062 721 κόσμου
1133 654 1451 725 ἄνθρωπος,
1505 659 1602 711 καὶ
1647 657 1754 710 ὑπὸ
1788 658 1896 710 τῶν

312 738 711 805 περιεστώτων
750 744 852 810 τῆς
880 743 1180 812 ἐκκλησίας
1215 747 1424 802 τέκνων
1472 749 1778 820 ἀγχόμενος
1816 750 1896 812 είς

311 830 554 899 παίγμα,
584 833 892 902 διαλογικδν
931 837 1206 907 ὲξανοίγει
1257 841 1322 894 τὸ
1385 843 1558 911 στόμα
1589 846 1668 906 είς
1710 845 1896 912 χάσμα

309 921 413 972 καὶ
440 922 617 977 πλατὺ
632 926 726 977 καὶ
758 925 916 995 βαθύ.
947 929 1057 984 Καὶ
1077 931 1220 984 κατὰ
1241 932 1591 1004 θυμομαχίαν
1607 934 1896 998 ἀνατείνας

306 1010 391 1062 τὼ
426 1015 599 1083 χεῖρε,
637 1016 733 1069 καὶ
767 1020 834 1087 τῇ
871 1019 971 1086 μὲν
1000 1020 1253 1093 δακτύλῳ
1296 1023 1580 1094 ἁψάμενος
1617 1024 1712 1078 τοῦ
1742 1025 1896 1078 κάτω

310 1104 588 1174 στοιχείου
619 1107 730 1160 τῶν
763 1109 1018 1174 ὀδόντων,
1053 1114 1121 1183 τῇ
1155 1113 1212 1165 δὲ
1245 1115 1410 1187 ἑτέρᾳ
1431 1114 1526 1169 τοῦ
1559 1117 1894 1187 ύπερκειμέο

305 1212 431 1262 νου,
478 1200 578 1251 καὶ
631 1199 822 1270 μύζων
855 1203 1020 1275 βαρὺ,
1051 1206 1398 1260 ἐνεδείκνυτο
1438 1207 1647 1262 ἐθέλειν
1686 1209 1892 1280 σχίσαι,

307 1288 408 1339 καὶ
442 1287 620 1354 οὕτως
648 1293 945 1366 ἀνευρῦναι
973 1298 1065 1349 τὸν
1103 1297 1218 1352 ἀνω
1256 1299 1461 1354 λάκκον
1491 1303 1570 1364 είς
1607 1302 1770 1354 πλέον
1797 1301 1893 1356 τοῦ

309 1380 576 1445 φυσικοῦ,
631 1383 716 1437 ῐνα
769 1385 871 1457 ἔχῃ
903 1390 1187 1458 ποταμοὺς
1239 1390 1453 1444 ἐκεῖθεν
1503 1391 1892 1463 ἐξερεύγεσθαι

308 1468 737 1542 ἁμαρτημάτων
786 1478 1138 1533 παπαδικῶν.
1185 1481 1293 1533 Καὶ
1323 1481 1406 1545 είς
1442 1481 1702 1536 τοσοῦτον
1728 1484 1894 1536 ἐνδει-

303 1563 522 1624 κτικῶς
571 1567 945 1638 αἰνιξάμενος,
983 1566 1105 1624 εἷτα
1138 1573 1464 1627 συνέκλεισε
1523 1575 1624 1644 μὲν
1669 1575 1767 1639 τὰς
1795 1575 1894 1647 τῆς

306 1653 670 1727 βλασφημίας
700 1659 898 1724 πύλας.
919 1662 1284 1726 Ἐξουδὲνωσε
1316 1664 1376 1717 δὲ
1405 1665 1434 1716 6
1469 1667 1639 1734 μέγας
1674 1665 1890 1736 ἀνθρω-

305 1765 418 1812 πος
443 1749 506 1803 τδ
541 1752 799 1806 ταπεινὸν
842 1753 938 1806 τοῦ
968 1754 1105 1807 Θεοῦ
1149 1756 1336 1824 λάχος,
1381 1755 1888 1826 ἀλαζονευσάμενος

302 1841 639 1914 διαρρήδην,
671 1843 770 1911 ὡς,
800 1847 848 1899 ει
883 1848 958 1917 μὴ
982 1850 1010 1900 6
1037 1847 1164 1914 δοὺξ
1214 1849 1498 1919 ἠθροισεν,
1525 1850 1628 1904 οὐκ
1667 1850 1738 1905 ἂν
1767 1851 1892 1905 οὐδὲ

303 1937 654 2007 κατηξίωσεν
695 1941 778 2001 είς
831 1939 955 2010 ὄψιν
1006 1943 1120 2006 τοῖς
1165 1941 1641 2012 ὲκκλησιαστικοῖς
1695 1943 1894 1999 ἐλθεῖν.

304 2028 473 2084 Οὕτω
502 2031 641 2086 κατὰ
659 2032 763 2100 τῆς
804 2033 1134 2104 Ἐκκλησίας
1160 2035 1365 2105 ὑψηλὸς
1384 2038 1412 2088 6
1449 2039 1585 2106 πρὸς
1608 2037 1898 2108 ἀκρίϐειαν

302 2120 414 2172 οῦκ
447 2121 728 2194 εὐώνυμος
761 2125 1070 2196 ἄνθρωπος,
1105 2125 1252 2179 οὕτω
1297 2126 1605 2194 περιφανὴς
1653 2129 1682 2180 6
1733 2128 1897 2198 μέχρι

302 2213 435 2266 τότε
470 2214 603 2284 ἡμῖν
639 2217 878 2286 ἀφανής.

384 2304 474 2359 ιθ’.
503 2304 696 2369 υῦτως
741 2309 791 2360 οἱ
837 2308 931 2362 τοῦ
963 2309 1103 2363 Θεοῦ
1137 2310 1424 2376 δοκοῦντες
1463 2310 1605 2367 εἶναι
1636 2313 1897 2382 ἀγαπῶσι

303 2396 440 2457 τοὺς
468 2395 688 2466 ἀληθῶς
718 2397 810 2450 τοῦ
847 2399 986 2453 Θεοῦ
1009 2414 1024 2430 ⁶
1063 2400 1239 2466 οὕτως
1272 2404 1307 2472 ἠ
1344 2403 1535 2474 ἀγάπη
1572 2404 1856 2458 νοθεύεται
1878 2423 1892 2438 ο

305 2486 489 2553 οὕτως
541 2492 575 2560 ή
636 2493 937 2561 Ἐκκλησία
977 2499 1210 2566 τιμᾶται
1270 2499 1422 2567 παρά
1477 2501 1592 2563 τοῖς
1646 2502 1704 2554 ἐν
1762 2501 1899 2570 ἡμῖν

305 2580 694 2651 δογματικαῖς,
720 2585 770 2638 οἳ
813 2586 917 2657 τὴν
969 2588 1072 2658 μὲν
1109 2590 1442 2659 Ἐκκλησίαν
1473 2594 1641 2663 τιμᾷν
1663 2593 1896 2664 αὑχοῦσι

306 2676 410 2727 καὶ
440 2675 736 2744 σέϐεσθαι,
787 2681 884 2731 καὶ
925 2682 1063 2750 πρὸς
1107 2683 1278 2751 αὐτῆς
1311 2677 1475 2748 εἶναι,
1520 2686 1614 2738 καὶ
1660 2687 1896 2756 ἑτοίμως

308 2765 462 2838 ἔχειν
501 2770 1023 2841 ὑπεραποθνήσκειν
1075 2774 1276 2845 αὐτῆς,
1325 2777 1458 2840 τοὺς
1502 2778 1559 2831 δὲ
1593 2778 1895 2849 ἐκκλησια-

308 2861 544 2923 στικοὺς
597 2863 1004 2935 παρανοοῦντες
1049 2867 1185 2920 ὡσεὶ
1223 2871 1321 2922 καὶ
1355 2870 1535 2936 οὐθὲν,
1576 2871 1894 2938 συνεξουθε-

307 2951 466 3004 νοῦσι
511 2953 606 3006 καὶ
651 2955 720 3008 τὰ
771 2957 1240 3026 ἐκκλησιαστικά,
1307 2962 1761 3031 φιλοσοφοῦντες,
1817 2965 1893 3028 ὡς

306 3043 613 3112 ἀπροσδεὲς
640 3046 740 3114 μὲν
771 3049 990 3104 πάντων
1021 3050 1130 3104 τῶν
1163 3053 1255 3104 ἐπὶ
1281 3052 1384 3121 γῆς
1407 3069 1419 3082 ο
1452 3055 1544 3107 ἐπὶ
1571 3057 1673 3126 γῆς
1702 3057 1759 3110 δὲ
1799 3058 1894 3110 καὶ

2003 575 2087 614 me
2140 560 2254 614 fere
2301 565 2610 629 praeteriit:
2670 562 2978 627 convictus,
3021 563 3110 617 hic
3151 562 3205 616 in
3245 563 3567 630 huiusmodi

2003 653 2147 706 malo
2175 653 2402 708 calidior
2425 671 2588 724 quam
2623 656 2781 710 decet
2802 657 3100 718 hominem,
3127 663 3182 711 et
3210 671 3240 708 a
3275 656 3574 725 puer-inec.

2001 746 2225 802 clesiam
2247 746 2728 803 circumstantibus
2744 748 2808 802 ad
2825 747 3236 803 suffocationem
3255 761 3412 817 paene
3427 761 3579 800 com-1

2001 854 2242 909 pressus,
2277 855 2339 894 os
2363 840 2688 896 rationabile
2724 842 2996 896 dilatahat-
3020 840 3073 895 in
3105 850 3422 911 aperturam
3456 841 3569 894 lato

2001 948 2122 1001 gain
2157 947 2222 985 ac
2251 932 2610 1001 profundam;
2643 942 2700 988 et
2723 935 2974 987 certatim
3008 949 3203 988 manus
3237 932 3568 996 extendens,

2001 1039 2108 1077 una
2131 1024 2353 1094 quidem
2393 1039 2519 1079 cum
2545 1025 2716 1094 digito
2777 1023 3092 1080 inferiorem
3142 1025 3390 1080 dentium
3419 1025 3569 1079 ordi-

1999 1132 2150 1181 nem,
2194 1117 2301 1171 alia
2335 1133 2470 1172 vero
2521 1104 2862 1188 superiorem
2921 1129 3171 1185 tangens,
3222 1119 3571 1174 monstrabat

1998 1221 2056 1260 sc
2077 1206 2283 1262 ﬁndere
2297 1210 2436 1262 velle
2478 1210 2670 1278 sicque
2695 1209 2986 1278 plusquam
3015 1208 3362 1273 naturaliter,
3408 1223 3571 1278 supe-

2000 1299 2196 1352 riorem
2237 1299 2500 1366 ampliare
2537 1301 2740 1364 lacum,
2784 1306 2844 1353 ut
2875 1299 3183 1353 enormium
3218 1311 3567 1366 peccatorum

1997 1391 2194 1444 exinde
2215 1389 2412 1446 ﬂuvios
2466 1406 2721 1446 evomere
2777 1399 2987 1457 posset.
3033 1391 3099 1443 Et
3133 1391 3215 1444 sic
3265 1389 3570 1457 miiigmatis

1998 1482 2444 1551 interpretatione
2473 1482 2639 1547 facta,
2672 1484 2923 1552 protinus
2951 1480 3178 1552 quidem
3210 1480 3567 1549 blasphemiae

1991 1573 2188 1644 januas
2210 1575 2465 1630 occlusit.
2479 1574 2818 1644 Contempsit
2845 1583 3022 1629 autem
3053 1574 3140 1628 hic
3159 1585 3388 1643 magnus
3406 1572 3571 1624 homo

1998 1664 2264 1719 humilem
2303 1663 2399 1718 Dei
2433 1675 2664 1727 sortem,
2715 1663 3010 1718 manifeste
3060 1663 3324 1732 iactitans
3371 1677 3432 1716 se
3460 1661 3570 1715 nisi

1997 1759 2106 1812 dux
2141 1759 2438 1828 coegisset,
2465 1772 2650 1812 coram
2687 1758 3078 1812 ecclesiasticis
3131 1757 3328 1812 sistere
3361 1757 3450 1809 vix
3489 1755 3574 1808 di-

2005 1857 2301 1920 gnaturum
2339 1850 2530 1904 fuisse.
2558 1848 2648 1903 Sic
2681 1850 2948 1904 adversus
2978 1847 3273 1902 Ecclesium
3295 1848 3583 1910 excelsus,

2001 1941 2090 1995 hic
2131 1956 2241 1997 non
2276 1951 2534 1997 accurate
2564 1940 2777 2010 pulchri
2828 1941 3066 1994 nominis
3112 1937 3213 1994 fuit
3244 1941 3445 2006 homo;
3492 1939 3573 1995 sic

1998 2035 2351 2104 conspicuus,
2385 2035 2472 2087 hic
2503 2034 2660 2089 nobis
2699 2035 2981 2102 hucusque
3015 2032 3310 2088 obscurus.

2071 2310 2158 2382 1.9.
2197 2308 2287 2366 Sic
2309 2309 2406 2380 qui
2431 2309 2526 2364 Dei
2579 2310 2830 2366 videntur
2859 2325 3004 2376 esse,
3039 2311 3276 2382 diligunt
3323 2325 3419 2369 eos
3475 2315 3578 2383 qui

1998 2403 2093 2460 Dei
2128 2419 2256 2459 vere
2284 2413 2411 2460 sunt
2435 2420 2451 2470 ;
2489 2405 2570 2459 sic
2591 2404 2935 2460 adulteretur
2957 2405 3202 2462 Charitas
3228 2424 3242 2474 ;
3278 2408 3359 2462 sic
3379 2405 3581 2462 Eccle-

1997 2497 2077 2551 sia
2103 2497 2407 2551 honoratur
2435 2511 2464 2550 a
2492 2497 2696 2552 nostris
2736 2497 3085 2567 dogmaticis,
3119 2498 3209 2566 qui
3235 2513 3295 2552 se
3333 2499 3574 2568 glorian-

1998 2601 2088 2644 tur
2111 2591 2331 2660 quidem
2363 2589 2666 2645 Ecclesiam
2698 2591 2968 2646 honorare
3007 2605 3070 2645 ac
3110 2593 3378 2654 venerari,
3415 2601 3470 2645 et
3500 2593 3584 2645 ad

1997 2701 2116 2740 eam
2145 2684 2447 2754 pertinere,
2477 2691 2533 2739 et
2566 2684 2635 2738 ad
2691 2683 3036 2738 moriendum
3089 2699 3186 2753 pro
3232 2699 3295 2738 ea
3350 2695 3571 2753 paratos

1997 2790 2140 2838 esse,
2174 2774 2583 2831 ecclesiasticos
2605 2784 2785 2830 autem
2813 2790 2911 2844 pro
2945 2771 3116 2829 nihilo
3165 2775 3572 2839 existimantes,

1995 2869 2162 2923 etiam
2246 2867 2626 2924 ecclesiastica
2705 2867 2862 2922 nihili
2917 2869 3124 2922 ducunt
3195 2865 3574 2938 philosophice

1991 2963 2311 3030 iactitantes
2364 2963 2624 3016 omnibus
2660 2976 2782 3031 qua
2845 2969 2976 3017 sunt
3021 2975 3182 3029 super
3211 2968 3408 3014 terram
3433 2971 3574 3029 opus

1996 3069 2107 3108 non
2133 3069 2254 3110 esse
2287 3070 2489 3124 :super
2511 3062 2714 3109 terram
2744 3064 2924 3107 autem
2949 3069 3073 3108 esse
3095 3064 3149 3108 et
3166 3053 3574 3109 ecclesiasticos

304 3139 357 3189 οῖ
421 3137 868 3208 ἐκκλησιαστικοὶ
929 3143 1024 3196 καὶ
1083 3145 1150 3198 τὰ
1207 3149 1330 3199 κατ’
1363 3147 1583 3210 αὐτούς.
1641 3149 1706 3201 Τί
1761 3149 1893 3217 γοῦν

2002 3156 2050 3201 et
2095 3148 2503 3203 ecclesiastica.
2539 3147 2682 3214 Quid
2718 3146 2906 3216 igitur,
2935 3147 3208 3216 inquiunt,
3276 3147 3574 3201 haberetur

306 3229 576 3293 ἀξιωτέον
631 3231 818 3301 λόγου,
871 3237 1060 3303 φασὶν,
1088 3235 1413 3307 ἀνθρώπους
1444 3238 1541 3292 καὶ
1593 3242 1893 3310 πράγματα

301 3322 646 3391 ἐκκλησιῶν,
703 3320 779 3381 ὧν
817 3328 1121 3398 ἀνθρώπων
1179 3329 1275 3383 καὶ
1333 3325 1410 3385 ὧν
1459 3335 1805 3404 πραγμάτων
1832 3336 1895 3388 ού

304 3415 640 3484 προσδέεται
682 3420 711 3472 6
735 3419 903 3487 856;;
942 3423 1008 3474 Ὦ
1047 3421 1322 3493 χθαμαλοὶ
1355 3418 1500 3479 οὗτοι
1527 3425 1829 3497 φιλόσοφοι,
1851 3428 1897 3480 ὣ

306 3507 550 3572 ἰδιῶται,
581 3507 625 3562 ὣ
654 3511 874 3583 ἀνόητοι
901 3513 999 3568 καὶ
1027 3514 1245 3585 βραδεῖς
1263 3519 1330 3588 τῇ
1365 3519 1586 3588 καρδίᾳ,
1611 3519 1706 3573 καὶ
1729 3519 1895 3589 μηδὲν

306 3598 472 3665 ὑγιές
501 3599 512 3652 l
545 3596 679 3654 Εἶτα
713 3604 898 3667 πόλεις
939 3606 1039 3675 μὲν
1070 3607 1164 3660 καὶ
1197 3606 1322 3675 νῆες
1356 3608 1498 3661 κατά
1533 3611 1622 3662 τὸν
1667 3612 1894 3665 εἰπόντα

303 3689 470 3744 οὐδέν
512 3693 670 3758 slew,
701 3695 899 3766 ἔρημοι
934 3696 1145 3768 ἀνδρῶν
1189 3699 1344 3753 οὖσαι
1395 3701 1502 3754 τῶν
1537 3701 1660 3755 κατ’
1690 3701 1891 3766 αὑτάς·

302 3787 444 3847 ναὸς
491 3788 585 3840 καὶ
614 3787 912 3858 Ἐκκλησία
958 3791 1094 3844 Θεοῦ
1151 3793 1557 3861 ἀπροσλόγιστα
1617 3796 1759 3850 κατὰ
1803 3796 1895 3851 τὸν

304 3878 458 3930 θεῖον
508 3880 608 3931 τιλί
620 3896 712 3950 ρον
743 3882 835 3934 καὶ
875 3883 942 3936 τά
977 3884 1101 3938 κατ’
1134 3887 1331 3949 αὐτοὺς
1362 3887 1689 3957 πράγματα.

385 3971 455 4027 κ’.
492 3972 599 4026 Καὶ
629 3973 694 4026 σὺ
725 3974 844 4044 μὲν,
875 3967 920 4028 ὦ
951 3979 1327 4048 κατασοφιστὰ
1362 3978 1456 4031 τοῦ
1479 3980 1658 4049 γάμου
1681 4023 1696 4046 ,
1730 4000 1896 4052 προσ·

303 4063 506 4136 λογίζῃ
550 4065 778 4120 σεαυτὸν
819 4065 896 4138 τῷ
929 4067 1066 4140 οῖκῳ
1107 4086 1201 4122 σου
1224 4108 1240 4134 ,
1274 4070 1369 4124 καὶ
1411 4071 1472 4124 τδ
1500 4074 1610 4125 πᾶν
1648 4073 1706 4126 ὲν
1746 4074 1894 4144 αὐτῷ

306 4154 596 4223 συλλέγεις
654 4155 824 4212 εἷναι·
858 4161 950 4213 καὶ
1000 4160 1218 4231 ἀληθῶς
1269 4162 1470 4231 λέγεις.
1505 4165 1612 4217 Καὶ
1657 4165 1748 4219 τὸν
1794 4166 1895 4236 μὲν

306 4249 550 4318 βαλόντα
583 4251 730 4304 λίθον
760 4252 903 4306 κατά
932 4252 1026 4306 τοῦ
1056 4254 1262 4323 τοίχου,
1287 4255 1379 4306 τοῦ
1413 4257 1494 4308 σοὶ
1524 4257 1892 4325 διαφέροντος,

303 4342 473 4410 ὀλίγα
503 4343 724 4415 μέμφῃο
755 4345 919 4398 τδνδὲ
939 4347 1080 4400 κατὰ
1111 4345 1208 4399 σοῦ
1231 4347 1330 4417 τὴν
1362 4347 1520 4418 βολὴν
1545 4348 1895 4418 τολμήσαντα

1999 3239 2138 3291 ratio
2167 3237 2233 3292 de
2267 3238 2583 3292 hominibus
2610 3247 2664 3292 et
2683 3237 2750 3292 de
2775 3237 2935 3292 rebus
2959 3237 3342 3300 ecclesiarum,
3369 3237 3573 3306 quibus

1999 3332 2314 3386 hominibus
2371 3331 2688 3401 quibusque
2739 3329 2908 3384 rebus
2942 3345 3048 3384 non
3087 3330 3290 3399 indiget
3322 3327 3510 3383 Deus?
3538 3343 3586 3382 o-

1998 3421 2197 3490 ahjecti
2243 3421 2594 3492 philosophi!
2624 3421 2906 3475 oidimaa!
2940 3438 2971 3474 ο
3023 3418 3282 3473 insemati
3344 3432 3572 3488 graves-

1997 3530 2102 3584 que
2130 3515 2316 3580 corde,
2345 3514 2484 3569 nihil
2521 3514 2642 3570 sani
2711 3514 3012 3568 habentes!
3085 3513 3350 3581 Deinceps
3400 3511 3568 3568 urbes

1995 3617 2050 3662 et
2079 3623 2246 3664 naves
2265 3608 2421 3677 juxta
2453 3608 2773 3677 loquentem
2798 3606 2933 3660 nihil
2968 3615 3117 3669 sunt,
3157 3605 3368 3674 absque
3395 3606 3571 3659 homi-

1998 3700 2162 3754 nibus
2201 3700 2254 3753 in
2291 3700 2374 3754 eis
2423 3696 2817 3753 exsistenlibus
2874 3712 2889 3750 :
2925 3697 3186 3764 templum
3237 3706 3288 3750 et
3330 3694 3570 3751 Ecclesia

1998 3792 2111 3853 Dei.
2145 3793 2322 3861 quoad
2355 3790 2595 3845 divinent
2632 3789 2840 3845 clerum
2881 3798 2934 3843 et
2966 3801 3029 3842 ea
3081 3801 3201 3856 quae
3235 3795 3481 3857 spectant
3505 3787 3570 3841 ad

1995 3899 2088 3940 eos
2122 3897 2212 3940 res
2242 3891 2371 3941 sunt
2399 3897 2758 3952 supervacuae
2783 3882 2797 3935 !

2067 3977 2158 4030 ΞΟ.
2189 3977 2256 4030 Et
2301 3985 2358 4029 tu
2393 3975 2640 4044 quidem,
2674 3975 2987 4042 nuptiarum
3029 3973 3281 4038 inimice,
3334 3973 3567 4041 teipsum

1996 4084 2335 4124 annumeras
2380 4085 2506 4122 cum
2545 4069 2709 4123 domo
2743 4073 2857 4130 tua,
2918 4077 3205 4136 totumque
3245 4067 3298 4119 in
3355 4081 3416 4118 ea
3451 4081 3571 4120 esse

1997 4163 2287 4216 concludis
2323 4179 2335 4214 :
2365 4171 2418 4215 et
2445 4175 2631 4215 verum
2663 4161 2827 4214 dicis.
2868 4159 2931 4212 Et
2984 4161 3136 4212 illum
3188 4158 3406 4222 quidem
3476 4161 3567 4226 qui

1993 4257 2130 4326 jacit
2173 4254 2382 4324 lapides
2440 4266 2631 4308 contra
2679 4267 2917 4315 murum,
2960 4252 3024 4305 ad
3065 4260 3116 4305 te
3182 4253 3566 4319 pertinentem,

1999 4349 2276 4418 paululum
2309 4348 2595 4416 inerepas;
2629 4347 2776 4399 illum
2816 4360 2944 4398 vero
2968 4345 3058 4414 qui
3084 4354 3273 4397 contra
3307 4355 3358 4396 te
3391 4345 3567 4412 ipsum

308 4432 522 4500 κρίνεις
554 4435 647 4486 καὶ
683 4434 1054 4504 κατακρίνεις.
1098 4436 1278 4505 Ἦμᾶς
1303 4434 1382 4501 δὲ,
1410 4438 1508 4504 τὴν
1537 4437 1885 4508 Ἐκκλησίαν,

2002 4440 2245 4510 iacuerit,
2297 4439 2517 4509 judicas
2571 4447 2626 4492 et
2679 4438 3034 4491 condemnas.
3086 4433 3196 4490 Nos
3233 4443 3439 4499 autem,
3477 4435 3570 4489 Ee-

303 4527 404 4577 τὸν
447 4524 581 4578 Θεὸν
624 4528 949 4596 ἀποστερεῖς
987 4526 1080 4580 τοῦ
1113 4525 1360 4580 τοιούτου
1399 4527 1643 4580 δικαίουο
1671 4531 1767 4582 καὶ
1793 4533 1894 4599 τὴν

317 4618 653 4688 Ἐκκλησίαν
695 4619 972 4690 σεμνύνων
1030 4615 1112 4684 οἷς
1157 4620 1359 4689 λέγεις,
1392 4621 1768 4692 περιυϐρίζεις
1794 4626 1894 4693 τὴν

305 4710 486 4780 αὐτὴν
513 4705 592 4773 οἷς
637 4713 918 4784 πράττεις,
948 4715 1147 4767 σεπτὸν
1199 4716 1299 4784 μὲν
1336 4712 1476 4768 εἶναι
1521 4717 1620 4786 τὴν
1661 4717 1893 4778 Ἐκκλη-

308 4803 439 4855 σίαν
494 4805 827 4875 ῥητορεύων,
863 4809 925 4860 οὐ
966 4809 1206 4861 τοιοῦτον
1239 4808 1296 4861 δὲ
1329 4807 1390 4861 τὸ
1443 4809 1894 4875 ἐκκλησιαστικὸν

308 4896 504 4965 φῦλον.
544 4898 781 4965 Ἀγνοεῖς
827 4900 975 4969 ἄρα,
1008 4900 1037 4952 ὅ
1085 4901 1136 4952 τί
1192 4901 1323 4954 ποτέ
1384 4902 1530 4953 ἐστιν
1576 4901 1891 4970 Ἐκκλησία.

309 4992 391 5044 Οὐ
424 4994 566 5046 νοεῖν
607 5010 698 5062 μοι
737 4993 936 5058 δοκεῖς,
973 4992 1045 5056 ὡς
1079 4993 1270 5064 ἕτερον
1297 4996 1399 5065 μέν
1429 5013 1512 5048 τοι
1553 4997 1581 5049 6
1603 4995 1728 5057 ναδς
1758 4997 1895 5064 πρός

309 5100 380 5152 γε
413 5084 818 5155 ἀκριϐολογίαν,
846 5085 1156 5158 ἓτερονδὲη
1200 5087 1523 5156 Ἐκκλησία.
1555 5089 1614 5140 Ὀ
1648 5089 1746 5158 μὲν
1785 5087 1895 5160 γὰρ

309 5177 522 5246 κτίσμα
575 5162 844 5247 τεχνικὸν,
889 5178 1271 5247 ἀφωρισμένον
1307 5180 1386 5249 τῷ
1427 5179 1546 5250 Θεῷ
1568 5199 1581 5212 ·
1615 5181 1646 5249 ἡ
1678 5181 1734 5232 δὲ
1766 5180 1896 5248 σύγ-

311 5271 513 5339 κλητος
541 5270 660 5339 ἱερά
692 5271 884 5340 κλητοὶ
904 5269 1022 5340 Θεῷ
1052 5270 1266 5339 ἄνδρες,
1306 5273 1554 5341 πρόϐατα
1584 5273 1895 5342 καλούμενα

311 5361 436 5432 Θεῷ
469 5363 604 5415 κατ’
631 5361 821 5431 ὄνομα.
867 5363 1157 5432 Ἐλεοῦμεν
1195 5364 1323 5426 τοὺς
1353 5364 1491 5416 κατά
1519 5363 1576 5415 σὲ
1617 5364 1891 5431 νοοῦντας,

312 5455 596 5525 ἄνθρωπε,
631 5453 971 5524 οἰκτείρομεν
991 5454 1087 5524 τῆς
1116 5454 1401 5524 ἑλαφρίας,
1425 5456 1778 5526 θαυμάζομεν
1798 5457 1895 5527 τῆς

313 5546 552 5618 ἀκαίρου
625 5547 959 5618 πεισμονῆς,
1013 5547 1342 5618 μεμφόμεθα
1413 5543 1494 5613 οἷς
1562 5548 1751 5612 λυπεῖς
1804 5547 1895 5603 τὸν

313 5640 475 5695 Θεόν.

390 5736 498 5786 κα’.
535 5732 610 5787 Ού
646 5732 753 5804 μὴν
786 5733 920 5787 ἀλλά
949 5733 1045 5786 καὶ
1075 5732 1250 5796 οὕτως
1275 5733 1324 5785 oi
1361 5732 1591 5802 ἀμαθεῖς
1620 5731 1723 5800 τὴν
1756 5733 1894 5800 ἀγά-

318 5842 426 5884 πην
477 5824 788 5896 ψεύδονται.
833 5825 972 5880 Ἀλλ’
1002 5825 1161 5896 ἡμεῖς
1211 5825 1325 5888 τοῖς
1361 5822 1576 5891 εἰδόσιν,
1611 5823 1793 5878 ὁποῖόν
1839 5840 1892 5878 τι

1999 4534 2247 4597 clesiam,
2279 4535 2448 4588 Deum
2493 4533 2588 4587 tali
2634 4533 2850 4602 justitia
2899 4533 3085 4601 privas
3123 4549 3137 4587 :
3175 4541 3228 4586 et
3263 4529 3567 4585 Ecclesium

2000 4628 2280 4681 honoraris
2316 4625 2517 4688 verbis,
2549 4626 2768 4679 actibus
2792 4623 3080 4692 iniuriosis
3118 4631 3350 4687 tractas,
3390 4639 3569 4677 vene-

1996 4718 2222 4772 rabiletn
2269 4731 2392 4772 esse
2445 4717 2666 4787 quidem
2730 4716 2989 4771 dictitans
3056 4715 3382 4779 Ecclesium,
3459 4730 3570 4769 non

2000 4821 2180 4864 autem
2228 4810 2486 4865 similiter
2563 4809 3002 4864 ecclesiasticam
3062 4807 3287 4861 tribum.
3344 4807 3574 4878 ignoras

1997 4920 2128 4975 ergo
2159 4906 2289 4975 quid
2320 4903 2538 4959 tandem
2575 4905 2646 4958 sit
2677 4902 2945 4958 Ecclesia.
2977 4901 3131 4956 llam!
3161 4902 3404 4973 cogitare
3439 4902 3572 4955 mihi

1999 4999 2219 5062 videris,
2256 4998 2402 5052 aliud
2441 4997 2684 5065 quidem,
2722 5007 2783 5050 ut
2821 4996 3047 5067 proprie
3081 4996 3395 5065 loquamur,
3433 5001 3566 5047 tem-

1998 5093 2170 5160 plum,
2208 5091 2356 5146 aliud
2420 5099 2599 5146 autem
2651 5087 3126 5144 Ecclesi:un.lllud
3178 5089 3398 5158 quidem
3425 5086 3570 5140 enim

1997 5189 2080 5236 est
2117 5181 2412 5235 artificiosa
2450 5179 2811 5243 constructio,
2840 5176 2950 5232 Deo
2996 5189 3286 5245 separata;
3322 5174 3411 5227 illa
3445 5188 3572 5226 vero

1999 5286 2154 5325 sacer
2185 5280 2380 5334 cretus,
2418 5271 2664 5326 homines
2698 5269 2788 5324 Dei
2823 5269 3023 5329 vocati,
3046 5281 3174 5322 oves
3229 5265 3320 5319 Dei
3353 5263 3571 5318 nomine

1998 5363 2180 5419 dictae.
2213 5363 2323 5418 Nos
2358 5364 2682 5419 miseremus
2717 5372 2768 5417 et
2807 5362 3020 5415 illorum
3059 5358 3149 5428 qui
3181 5358 3334 5426 juxta
3365 5364 3417 5410 te
3452 5371 3559 5412 sen-

2001 5458 2166 5522 tiunt,
2203 5459 2399 5523 homo;
2463 5460 2785 5513 miseremur
2812 5453 3066 5518 levitatis,
3106 5453 3368 5506 miramur
3416 5449 3572 5520 inop-

2002 5558 2292 5618 portunam
2328 5549 2809 5618 prmsumptionem
2837 5561 2856 5610 ;
2883 5559 2946 5598 ea
2997 5543 3200 5614 quibus
3271 5542 3572 5599 contristas

2005 5638 2197 5705 Deum,
2239 5641 2636 5709 vituperamus.

2074 5731 2163 5786 2|.
2215 5731 2332 5786 Non
2365 5746 2527 5786 secus
2583 5731 2755 5798 ignari
2822 5729 3152 5784 eharitatem
3208 5730 3569 5785 mentiuntur.

2007 5822 2114 5880 Sed
2145 5839 2241 5880 nos
2275 5823 2582 5880 scientibus
2616 5822 2776 5892 quale
2805 5823 2877 5878 sit
2934 5822 3164 5894 bonum,
3197 5837 3323 5882 ecce
3375 5839 3568 5895 propo-
