3982 6246
440 338 547 405 599

1162 342 1584 402 EUSTATHII
1621 341 2380 405 THESSALONICENSIS
2422 337 2986 400 METROPOLIT£

3598 337 3702 402 600

442 456 660 510 animus
705 470 824 510 eam
860 455 1252 526 negotiationis
1305 455 1467 510 modo
1495 457 1936 522 commodantes,
1973 473 2008 512 tt.

2134 454 2338 523 ἀγαθόν
2360 455 2528 516 ἔστιν,
2551 451 2658 504 ίδοὺ
2682 468 2756 504 πα
2767 449 3095 521 ρατιθέαμεν
3116 447 3286 518 αὐτὴν
3308 447 3713 512 ἐκδανείζοντες

441 556 604 600 antea
631 546 837 602 dictum
899 547 1026 615 fuit,
1054 556 1112 602 ut
1141 563 1238 618 per
1280 549 1430 603 illam
1489 557 1545 602 et
1581 563 1676 604 vos
1719 549 2016 619 locuplete-

445 640 573 692 mini
607 639 870 708 nobisque
922 641 1274 697 commodum
1321 641 1591 707 afferatis,
1619 657 1738 696 eam
1773 657 1896 710 quae
1946 657 2013 695 ex

448 732 555 781 Deo
586 739 667 781 est
695 731 1074 787 examinantes
1097 745 1153 788 et
1173 734 1326 789 velut
1381 735 1556 804 ipsius
1585 737 1709 789 boni
1746 725 2013 791 mensarii

443 818 758 884 probantes,
789 821 990 876 deinde
1045 839 1168 878 cum
1225 839 1290 878 ea
1357 841 1476 894 qua
1504 841 1572 881 ex
1629 826 1878 882 daemone
1929 837 2014 882 est

442 921 848 980 comparantes,
876 923 930 968 et
957 915 1098 969 hanc
1120 917 1341 986 quidem
1373 919 1735 981 declinantes,
1768 918 2012 972 divinam

442 1017 570 1056 vero
617 1004 930 1069 probantes.
1003 1005 1476 1072 Quemadmodum
1525 1009 1672 1062 enim
1721 1007 1872 1062 nulla
1927 1018 2011 1062 est

445 1098 759 1151 communio
785 1097 894 1152 luci
928 1098 997 1152 ad
1027 1099 1302 1164 tenebras,
1337 1100 1411 1152 ita
1444 1115 1546 1154 nec
1584 1099 1844 1154 cbaritati
1897 1115 2017 1167 qua:

445 1187 754 1242 secundum
786 1190 1057 1258 optimum
1087 1190 1376 1246 Dominum
1416 1200 1522 1258 est,
1559 1193 1624 1247 ad
1653 1209 1771 1247 eam
1801 1209 1923 1262 qua!
1953 1205 2018 1242 ex

449 1275 692 1344 pessimo
723 1276 972 1333 daemone
1007 1280 1178 1335 venit.

514 1365 604 1418 22.
643 1364 930 1436 Proposito
975 1383 1107 1440 ergo
1158 1371 1312 1425 vobis
1363 1369 1430 1424 ad
1465 1370 1644 1426 fumus
1693 1372 2015 1434 charitatis.

447 1455 590 1508 bnno
614 1471 800 1522 aureo,
835 1473 994 1528 pmne
1021 1461 1275 1526 dixerim,
1307 1461 1440 1516 solis
1467 1462 1652 1524 simili.
1675 1463 1929 1532 adjiciam
1964 1464 2016 1516 in

446 1559 628 1614 parem
652 1547 940 1603 utilitatem
968 1552 1129 1604 etiam
1155 1560 1380 1607 caeteras
1399 1551 1714 1621 ltujusmodi
1739 1555 2018 1622 materias,

444 1653 582 1704 quas
618 1639 669 1691 in
693 1640 817 1694 sinu
853 1641 1182 1699 collocantes
1203 1650 1256 1698 et
1285 1643 1430 1698 sicut
1461 1643 1542 1700 fas
1565 1652 1650 1700 est
1672 1655 2018 1701 commutan-

444 1738 548 1793 tes,
577 1732 837 1785 salutaria
873 1747 968 1801 per
989 1747 1083 1788 eas
1103 1734 1266 1788 etiam
1289 1734 1664 1791 lucrifacietis.
1703 1735 1817 1790 Non
1843 1737 2018 1793 habeo

2124 542 2737 616 πραγματευτικῶς,ὡς
2767 542 2958 595 άνόπιν
2987 539 3302 609 λελάληται,
3331 540 3420 594 ἵνα
3443 540 3514 594 δι’
3541 542 3710 612 αὐτῆς

2126 644 2219 694 καὶ
2251 641 2409 710 ὑμεῖς
2439 638 2819 708 πλουτισθῆτε,
2888 638 2980 690 καὶ
3025 638 3175 706 ἡμᾶς
3219 637 3706 707 προσωφελήσητε,

2120 732 2505 803 βασανίσαντες
2526 732 2730 800 ταύτην
2749 729 2849 801 τὴν
2865 729 2959 782 τοῦ
2986 728 3145 793 Θεοῦ,
3167 729 3260 781 καὶ
3287 727 3365 790 ὡς
3386 727 3554 780 αὐτοῦ
3571 746 3599 780 τ
3608 745 3675 798 ρα
3689 757 3707 771 -

2119 824 2337 887 πεζίται
2392 821 2588 890 ἀγαθοὶ
2635 821 3055 890 δοκιμάσαντες,
3088 815 3210 872 εἶτα
3255 818 3351 872 καὶ
3400 821 3706 889 ἀντιπαρα-

2120 916 2305 977 θέντες
2347 917 2414 984 τῇ
2467 912 2833 982 δαιμονιώδει,
2869 913 2964 967 καὶ
3020 911 3193 981 αὐτὴν
3255 912 3353 981 μὲν
3404 913 3705 982 παρεκκλί-

2121 1023 2304 1068 ναντες
2330 1045 2346 1071 ,
2376 1005 2472 1075 τὴν
2499 1006 2556 1059 δὲ
2592 1005 2744 1058 θείαν
2781 1004 3266 1075 ὲγκολπωσάμενοι
3288 1021 3302 1036 ·
3338 1005 3423 1059 ὅτι
3467 1005 3703 1074 μηδεμία

2120 1099 2398 1162 κοινωνία,
2428 1097 2620 1166 ὥσπερ
2653 1097 2776 1151 οὐδὲ
2809 1099 2950 1166 φωτὶ
2980 1098 3118 1167 πρὸς
3151 1094 3559 1160 σκότος,οῦτως
3582 1097 3701 1149 οὐδὲ

2120 1193 2331 1262 ἀγάπῃ,
2381 1193 2447 1261 τῇ
2487 1189 2632 1242 κατὰ
2675 1189 2767 1242 τὸν
2801 1187 3117 1255 πανάγαθον
3163 1188 3406 1258 Κύριον,
3436 1189 3578 1258 πρὸς
3609 1188 3702 1256 τὴν

2122 1284 2214 1336 τοῦ
2251 1281 2540 1349 παγκάκου
2575 1280 2852 1350 δαίμονος.

2191 1377 2298 1428 κ6¹.
2349 1373 2798 1444 Προῦεὸλημένου
2866 1370 2994 1436 γοῦν
3052 1372 3180 1440 ὑμῖν
3253 1372 3331 1435 εἱς
3390 1371 3550 1432 δάνος
3612 1371 3699 1424 τοῦ

2121 1465 2264 1520 κατὰ
2312 1468 2412 1535 τὴν
2469 1465 2687 1532 ἀγάπην
2722 1464 2922 1526 καλοῦ,
2973 1459 3068 1515 τοῦ
3120 1463 3390 1532 χρυσέου,
3430 1462 3601 1529 ἐγγὺς
3645 1462 3698 1514 δὲ

2122 1557 2298 1608 είπεῖν
2325 1554 2394 1606 δι’
2435 1555 2566 1608 αὐτὸ
2612 1553 2707 1607 καὶ
2737 1554 3034 1623 ἡλιώδους,
3063 1552 3361 1623 προσθήσω
3401 1553 3485 1614 είς
3518 1555 3698 1618 ὅμοιον

2121 1645 2278 1714 χρέος
2297 1645 2392 1698 καὶ
2411 1643 2602 1705 λοιπὰς
2631 1643 2880 1705 τοιαύτας
2913 1642 3062 1706 ῦλας,
3095 1642 3160 1700 ἃς
3192 1643 3295 1695 ὑπὸ
3326 1644 3516 1712 κόλπῳ
3537 1643 3699 1712 θέμε-

2123 1753 2204 1790 νοι
2261 1739 2356 1790 καὶ
2402 1734 2857 1800 καταλλάξαντες,
2888 1737 2962 1798 ὡς
3002 1734 3202 1806 χρεὼν,
3258 1737 3576 1804 κερδανεῖτε
3609 1737 3698 1789 καὶ

444 1835 574 1875 vero
601 1822 956 1889 contendere,
980 1839 1080 1878 nec
1128 1841 1212 1880 tne
1243 1829 1483 1896 praebere
1503 1829 1837 1899 cautionem,
1869 1835 2010 1901 quod

2121 1828 2188 1880 δι’
2219 1826 2396 1880 αὐτῶν
2425 1827 2493 1880 τὰ
2535 1827 2804 1897 σωτήρια.
2837 1826 2949 1878 υὺκ
2979 1825 3088 1896 ἔχω
3114 1825 3168 1878 δὲ
3209 1826 3694 1895 ἀπισχυρίσασθαι,

443 1911 671 1966 habeam
707 1914 980 1970 nomisma
1032 1915 1186 1972 vobis
1227 1917 1424 1974 oﬂ‘erre
1453 1922 1780 1977 numismate
1831 1924 2016 1978 chari-

443 2003 578 2056 tatis
636 2004 948 2074 septuplum
1005 2016 1242 2078 purgato
1279 2009 1577 2079 pretiosius
1609 2026 1672 2067 ac
1705 2013 2009 2082 pulchrius.

438 2095 631 2151 Omnia
659 2099 1222 2172 euim,qu:ecumque
1281 2105 1440 2160 vobis
1498 2107 1564 2160 ad
1626 2108 2011 2178 accipiendum

437 2203 740 2258 proponam
774 2191 868 2246 tali
893 2207 1029 2248 auro
1060 2197 1346 2251 commista
1379 2205 1530 2253 sunt.
1560 2197 1714 2256 Licet
1739 2215 1892 2256 aenea
1924 2201 2010 2254 vi-

436 2279 669 2336 deantur
691 2295 815 2338 esse
831 2285 1078 2353 quaedam
1099 2288 1527 2358 propositorum,
1550 2298 1786 2347 attamen
1815 2303 1866 2346 et
1895 2293 2011 2360 ipsa

437 2374 730 2429 charitatis
764 2389 899 2430 auro
923 2377 1383 2446 commiscentur,
1423 2391 1478 2436 et
1503 2382 1628 2439 ideo
1664 2384 2008 2454 splendidam

441 2460 642 2518 habent
669 2463 1016 2534 dignitatem.

503 2633 594 2689 9.5.
631 2633 853 2692 Habetis
895 2637 1022 2694 dein
1059 2655 1089 2694 a
1138 2645 1294 2700 nobis
1323 2654 1376 2702 et
1403 2647 1552 2703 aliud
1582 2650 1846 2708 talentum
1874 2671 2006 2710 cou-

436 2725 646 2782 ducens
667 2727 735 2783 ad
769 2728 1236 2802 misericordiam,
1269 2746 1323 2792 et
1352 2739 1494 2794 hanc
1523 2752 1650 2799 ante
1669 2745 1814 2802 alios
1872 2763 2002 2818 erga

438 2832 544 2873 me.
579 2817 700 2876 Non
756 2823 899 2876 enim
962 2827 1160 2883 essetis
1215 2829 1620 2900 misericordes,
1679 2838 1728 2891 si
1784 2817 2004 2908 quidem

435 2910 734 2977 seniorem,
765 2915 967 2970 alicubi
1001 2927 1302 2988 repertum,
1326 2938 1582 2992 egenum,
1605 2927 2004 2985 mendicantem

437 3006 800 3073 miseremini,
836 3025 942 3065 non
977 3021 1190 3067 tantum
1246 3015 1598 3085 simpliciter,
1636 3021 1729 3074 sed
1763 3021 1828 3075 ad
1854 3038 2005 3077 com-

436 3098 888 3167 tnunicationem,
913 3119 1143 3174 eamque
1172 3105 1405 3176 largam,
1437 3124 1557 3162 cum
1591 3113 1787 3167 anima:
1811 3115 2003 3169 volun-

438 3200 524 3246 tas
544 3204 875 3264 compuncta
903 3206 1024 3264 est;
1080 3209 1376 3256 meantem
1436 3203 1776 3274 decrepitum
1829 3208 2006 3263 senio-

436 3299 578 3351 rem,
613 3287 794 3342 nmnis
821 3289 1043 3358 quidem
1086 3292 1315 3348 virtutis
1345 3306 1647 3366 expertem,
1687 3314 1794 3354 non
1821 3311 2004 3356 autem

434 3379 529 3446 qui
583 3379 1020 3438 miscricordiam
1057 3397 1431 3456 consequatur
1475 3389 1786 3460 indignum,
1828 3395 2004 3448 modis

433 3470 689 3526 omnibus
763 3474 1070 3540 tribulatis.
1135 3493 1244 3533 non
1312 3489 1667 3550 reputantes,
1738 3484 1888 3554 quod
1947 3486 2002 3538 in

433 3571 699 3631 quantum
734 3566 864 3620 mihi
899 3567 1126 3623 minimo
1178 3585 1287 3624 non
1347 3571 1531 3629 facitis
1577 3575 1782 3645 aliquid
1830 3575 1960 3631 boni
1989 3616 2004 3643 ,

433 3671 534 3710 nec
557 3654 669 3711 Deo
696 3657 894 3713 facitis.
944 3660 1007 3714 Et
1045 3661 1127 3715 sic
1180 3663 1400 3732 quidem
1449 3667 1822 3730 miserandum
1874 3671 2004 3734 mei,

433 3748 602 3802 vestri
629 3749 915 3818 supplicis,
947 3761 999 3806 et
1027 3754 1250 3822 gratuiti
1285 3756 1541 3822 ministri,
1573 3757 1628 3812 in
1678 3760 1761 3814 eis
1819 3760 1999 3829 primo

434 3839 639 3907 quibus
667 3849 906 3910 oportet,
953 3842 1082 3897 licet
1137 3845 1274 3902 alias
1328 3848 1717 3915 incommodi,
1774 3852 1828 3905 in
1888 3852 2000 3917 bis,

435 3930 638 3996 quibus
668 3947 696 3986 a
724 3947 809 3988 me
838 3947 944 3988 non
977 3935 1259 4004 possibilia
1291 3939 1598 3995 ministeria
1623 3943 2002 4013 requiruntur.

435 4023 641 4080 Deinde
677 4033 906 4082 caeteros
959 4043 1178 4099 quoque
1209 4031 1548 4088 miseremini
1576 4033 1798 4105 fratres,
1830 4054 2008 4108 quan-

436 4127 552 4170 tum
590 4117 850 4186 possibile
870 4128 977 4187 est,
1006 4133 1227 4192 propter
1261 4123 1351 4178 Dei
1375 4140 1643 4184 amorem.
1677 4127 1813 4184 llinc
1837 4132 2000 4185 etiam

436 4209 640 4264 talento
664 4213 1116 4282 superimponens
1143 4215 1398 4270 solatium
1428 4217 1482 4270 in
1518 4220 1847 4276 maeroribus
1877 4239 2002 4278 cum

437 4301 640 4371 aliquis
669 4301 838 4357 frater
875 4303 1182 4360 insolabilis
1214 4317 1318 4371 est,
1364 4308 1418 4360 in
1475 4309 1557 4364 eis
1583 4327 1705 4382 quae
1760 4330 1846 4369 me
1912 4332 1998 4370 re-

438 4394 674 4463 spiciunt
705 4395 910 4464 aliquid
945 4397 1145 4451 similis
1193 4401 1473 4469 eﬂlagito;
1532 4413 1588 4457 et
1619 4421 1719 4474 ego
1755 4407 2003 4475 quidem,

441 4486 550 4540 Deo
586 4495 905 4555 praestante,
931 4487 1131 4543 talibus
1164 4491 1374 4567 solatiis
1406 4495 1559 4552 dives
1582 4513 1726 4552 sum.

509 4577 597 4631 24.
627 4577 763 4632 Sunt
793 4587 971 4634 tamen
1001 4580 1165 4650 aliqui
1200 4588 1614 4653 meusurabiles,
1654 4591 1722 4644 de
1747 4591 1948 4660 quibus
1981 4607 2012 4646 e

442 4677 633 4723 contra
659 4669 796 4723 male
816 4670 1010 4735 habeo,
1043 4673 1214 4743 spinae
1245 4675 1318 4730 illi
1348 4679 1502 4732 nobis
1547 4690 1742 4747 acutae,
1765 4682 2012 4736 divinum

445 4771 658 4830 pratutn
712 4762 898 4816 sterile
936 4764 1244 4832 reddentes,
1292 4771 1602 4824 amaritudo
1638 4774 1782 4827 melli
1814 4789 2014 4828 conso-

442 4853 609 4918 ciata,
643 4863 855 4907 acetum
891 4871 1000 4924 quo
1029 4857 1332 4927 spiritualis
1364 4861 1562 4916 humor
1605 4863 1874 4919 fructibus
1907 4863 2014 4919 sibi

440 4945 878 5016 competentibus
900 4947 1145 5004 orbatur.
1201 4950 1264 5005 lli
1308 4966 1429 5006 sese
1471 4953 1657 5008 felices
1687 4970 1806 5010 esse
1827 4955 2017 5010 crede-

443 5046 584 5101 rent,
645 5037 692 5092 si
728 5052 826 5092 nos
867 5053 1225 5108 morerentur,
1271 5045 1480 5114 ipsique
1519 5046 1660 5100 caelo
1704 5061 1763 5100 se
1796 5047 2016 5116 prapin-

439 5144 643 5200 quasse
689 5130 873 5185 volatu
917 5141 1196 5200 putarent,
1233 5135 1280 5188 si
1332 5151 1436 5189 nos
1468 5136 1730 5190 Tartarus
1767 5139 2009 5193 haberet.

437 5222 516 5274 Ad
562 5238 700 5291 quos
759 5226 869 5292 ipse
925 5223 1189 5291 dicerem,
1236 5243 1342 5280 non
1395 5228 1530 5296 ipsis
1567 5227 1680 5282 fore
1735 5231 1933 5296 lausta,
1966 5232 2010 5284 si

438 5328 560 5377 quae
611 5322 806 5366 contra
869 5329 968 5368 nos
1018 5325 1217 5370 vovent
1281 5319 1695 5386 perficerentur.
1744 5321 2014 5376 Ardenter

439 5403 583 5456 enim
617 5414 877 5475 exoptant
907 5407 1113 5461 ntalum
1153 5409 1337 5463 videre
1365 5424 1529 5478 super
1559 5425 1658 5466 nos
1711 5411 1928 5468 irruens
1959 5423 2013 5468 et

439 5497 624 5548 statim
659 5499 810 5566 ipsos
873 5510 1048 5554 morte
1098 5501 1548 5570 praecipitandos:
1604 5505 1745 5573 quod
1804 5505 2038 5559 utinam.

441 5601 551 5640 non
579 5589 818 5643 videant!
869 5591 962 5644 sed
991 5591 1150 5646 detur
1177 5603 1229 5646 et
1278 5609 1379 5646 nos
1426 5604 1478 5648 et
1532 5595 1682 5664 ipsos
1717 5599 1920 5658 vivere,
1955 5607 2014 5651 ut

443 5677 544 5746 ipsi
567 5680 784 5747 quidem
836 5685 1146 5750 percutiant
1179 5701 1242 5739 ac
1281 5685 1590 5752 vulnerent,
1655 5700 1709 5742 ut
1745 5704 1888 5742 nunc
1917 5690 2013 5743 la:-

448 5777 622 5825 tanter
653 5771 882 5842 faciunt,
917 5775 970 5830 in
1014 5791 1234 5847 vanum,
1265 5795 1366 5836 nos
1399 5796 1523 5837 cum
1555 5791 1737 5840 autem
1769 5781 2010 5838 admira-

2039 4505 2093 4565 D

2118 1921 2239 1974 οὐδὲ
2269 1920 2646 1990 ἐγγυήσασθαι
2693 1919 2951 1988 ἐμαυτὸν,
2997 1919 3070 1981 ὡς
3113 1918 3332 1989 εὐπορῶ
3373 1918 3596 1972 κάλλιόν
3645 1936 3694 1970 τι

2118 2015 2214 2068 καὶ
2259 2012 2627 2084 δοκιμώτερον
2659 2013 2937 2066 ἀναθεῖναι
2968 2014 3210 2082 νόμισμα
3252 2012 3383 2081 ὑμῖν
3411 2011 3509 2065 τοῦ
3558 2011 3694 2065 κατά

2113 2108 2214 2178 τὴν
2270 2107 2491 2175 ἀγάπην
2525 2104 2910 2167 ἐπταπλασίως
2955 2103 3454 2173 κεκαθαρισμένου.
3511 2103 3692 2156 Πάντα

2113 2199 2242 2269 γὰρ,
2278 2197 2451 2250 ὁπόσα
2505 2199 2636 2265 ὑμῖν
2685 2194 3020 2264 παραθῶμαι
3063 2195 3142 2255 είς
3188 2193 3481 2262 ἀνάληψιν,
3512 2194 3692 2264 χρυσῷ

2111 2289 2338 2360 τοιούτῳ
2377 2289 2910 2360 συνανακέκρανται·
2963 2288 3068 2339 κᾶν
3114 2287 3164 2338 εί
3215 2286 3310 2339 καὶ
3345 2286 3563 2354 χάλκεα
3606 2286 3690 2338 δο-

2113 2384 2258 2435 κοῖεν
2306 2376 2444 2437 εἶναι
2495 2397 2616 2434 τινα
2673 2379 2783 2432 τῶν
2829 2377 3384 2447 παρατεθησομένων,
3429 2377 3570 2431 άλλά
3603 2377 3691 2430 καὶ

2112 2473 2253 2527 αὐτὰ
2281 2472 2467 2544 χρυσῷ
2497 2473 2870 2542 ἀναμέμικται
2905 2469 3258 2541 άγαπητικῷ,
3293 2471 3390 2523 καὶ¹
3426 2469 3520 2522 διὰ
3535 2469 3688 2523 τοῦτο

2114 2565 2418 2634 σεμνότητα
2457 2565 2571 2635 ἔχει
2605 2563 3058 2634 προλάμπουσαν.

2182 2655 2288 2725 κγ’.
2326 2655 2518 2727 Ἔχετε
2545 2655 2610 2726 δὴ
2639 2655 2699 2720 ἐξ
2729 2655 2885 2722 ἡμῶν
2906 2654 2998 2707 καὶ
3015 2653 3141 2726 ἄλλο
3159 2652 3442 2718 τάλαντον,
3477 2668 3684 2722 παραγ-

2111 2747 2299 2816 γέλλον
2352 2747 2431 2809 είς
2471 2747 2658 2810 ἔλεον,
2717 2747 2812 2798 καὶ
2863 2745 3024 2798 αὑτὸν
3077 2745 3182 2814 πρό
3237 2761 3300 2812 γε
3355 2744 3468 2796 τῶν
3513 2744 3681 2798 ἄλλων

2110 2840 2190 2901 είς
2211 2839 2332 2909 ἐμέ.
2364 2839 2527 2908 Εῖητε
2552 2837 2658 2910 γὰρ
2684 2837 2748 2890 ἂν
2776 2837 2876 2890 οὐκ
2909 2837 3224 2906 ἐλεήμονες,
3259 2836 3421 2905 εἰπερ
3453 2836 3679 2904 γέροντα

2110 2932 2231 3003 μὲν,
2269 2931 2321 2984 εί
2343 2948 2444 2982 που
2466 2930 2640 3000 τύχοι,
2666 2929 2901 3000 πτωχὸν,
2927 2928 3328 2998 μεταιτήσαντα
3357 2929 3677 2997 οἰκτείρετε,

2110 3023 2204 3076 καὶ
2243 3023 2342 3092 οὐχ
2389 3021 2597 3086 ἁπλῶς,
2631 3022 2764 3075 ἀλλά
2797 3021 2892 3074 καὶ
2925 3023 3005 3084 είς
3039 3021 3349 3090 μετάδοσιν,
3385 3020 3482 3072 καὶ
3513 3019 3676 3090 αὐτὴν

2111 3115 2298 3186 ἁδρὰν,
2340 3115 2428 3168 ὅτε
2459 3116 2737 3186 κατανυγῇ
2765 3114 2826 3166 τὸ
2847 3113 3169 3183 βουλόμενον
3199 3112 3296 3182 τῆς
3315 3111 3519 3181 ψυχῆς.
3554 3111 3679 3179 Ἐμὲ

2107 3205 2163 3257 δὲ
2197 3204 2404 3273 σαπρὸν
2437 3205 2694 3276 γέροντα,
2712 3204 3060 3276 πτωχεύοντα
3085 3203 3184 3269 μὲν
3209 3203 3412 3273 ἀρετῆς
3435 3203 3674 3269 ἀπάσης,

2110 3297 2210 3348 οὐκ
2245 3294 2461 3360 ἀνάξιον
2496 3295 2552 3348 δὲ
2582 3297 2761 3348 οῖκτου
2812 3296 3123 3364 τυγχάνειν,
3156 3294 3365 3346 θλίϐετε
3416 3291 3677 3361 πολυτρό-

2113 3405 2248 3453 πως,
2282 3389 2382 3441 οὐκ
2413 3387 2824 3458 ἐνθυμούμενοι,
2854 3389 2959 3452 ὅτι,
3005 3387 3089 3456 ἐφ’
3123 3387 3246 3440 ὅσον
3275 3386 3398 3454 ἐμοὶ
3420 3383 3678 3454 ἐλαχίστῳ

2109 3481 2221 3536 δντι
2252 3482 2312 3535 οὐ
2349 3483 2551 3535 ποιεῖτε
2583 3499 2638 3534 τι
2671 3481 2897 3550 ἀγαθὸν,
2925 3481 3046 3534 οὐδὲ
3074 3479 3151 3550 τῷ
3173 3479 3292 3548 Θεῴ
3324 3480 3551 3531 ποιεῖτε.
3578 3476 3679 3528 Καὶ

2109 3573 2252 3626 οὕτω
2317 3573 2416 3642 μὲν
2482 3573 2730 3644 ὲλεητὲον
2790 3572 3004 3644 πρῶτον
3062 3571 3198 3640 ἐμὲ,
3265 3571 3358 3623 τὸν
3421 3570 3678 3639 ὑμέτερον

2108 3665 2336 3736 εύχέτην
2374 3666 2465 3718 καὶ
2492 3664 2726 3735 ἄμισθον
2762 3663 3160 3736 ὐπουργδν,ὲφ’
3208 3656 3290 3724 οἷς
3331 3663 3452 3714 ἐστι
3484 3659 3676 3731 χρεὼν,

2111 3761 2161 3811 εί
2188 3760 2282 3812 καὶ
2332 3759 2508 3822 άλλως
2540 3757 2896 3828 δύσχρηστον,
2925 3759 2981 3808 ὲν
3029 3751 3111 3820 οἷς
3141 3754 3481 3822 ἀπαιτοῦμαι
3508 3754 3575 3806 τά
3607 3751 3678 3821 μὴ

2113 3854 2252 3924 πρὸς
2310 3850 2490 3922 ίσχύος
2529 3849 2867 3920 δουλεύματα
2891 3865 2905 3878 ·
2939 3845 3056 3903 εἶτα
3100 3848 3406 3901 συνελεεῖτε
3437 3845 3678 3904 καὶτοὺς

2111 3945 2329 4007 λοιποὺς
2383 3943 2668 4012 ἀδελφοὺς,
2700 3941 2781 4003 είς
2813 3939 2937 3994 ὅσον
2986 3938 3105 3993 ἐστὶ
3145 3938 3396 4007 δύναμις,
3434 3938 3522 3990 διὰ
3552 3935 3680 3992 ἀγά-

2113 4055 2222 4107 πην
2247 4037 2407 4092 Θεοῦ.
2450 4034 2638 4106 Τούτῳ
2665 4032 2741 4104 τῷ
2769 4033 3016 4102 ταλάντῳ
3048 4031 3563 4102 προσεπιφορτὶζων
3590 4027 3676 4080 καὶ

2119 4148 2137 4181 ι
2171 4129 2230 4182 τὸ
2278 4131 2334 4180 ὲν
2364 4127 2567 4192 λύπαις
2601 4129 2938 4196 παρήγορον,
2979 4143 2998 4176 ι
3049 4125 3138 4177 ὅτε
3167 4140 3253 4185 τις
3281 4121 3510 4191 ἀδελφὸς
3538 4121 3678 4174 ἀπα-

2117 4220 2383 4290 ράκλητος
2416 4219 2522 4287 είη,
2545 4216 2852 4285 ποτνιῶμαι
2881 4216 2961 4280 είς
2986 4232 3039 4268 τι
3072 4216 3256 4284 ὅμοιον
3283 4215 3381 4267 καὶ
3413 4215 3551 4282 ὑπὲρ
3577 4212 3678 4264 τῶν

2116 4309 2237 4364 κατ’
2290 4311 2428 4380 ἐμέ·
2483 4309 2578 4363 καὶ
2635 4307 2849 4362 πλουτῶ
2904 4307 3002 4378 μὲν
3057 4308 3191 4376 ἐγὼ,
3241 4307 3377 4360 Θεοῦ
3435 4307 3674 4367 διδόντος,

2116 4403 2485 4475 παρηγορίαις
2512 4401 2810 4465 τοιαύταις.

2193 4585 2291 4638 κδ’.
2317 4584 2437 4638 Εἰσὶ
2469 4583 2525 4636 δὲ
2553 4584 2702 4652 ὅμως
2720 4581 2860 4644 τινὲς
2893 4579 3180 4650 μετρητοὶ,
3204 4580 3288 4647 ἐφ’
3315 4575 3401 4642 οἷς
3431 4573 3670 4644 δυστυχῶ

2119 4680 2178 4730 τὸ
2212 4676 2513 4742 ἀνάπαλιν,
2544 4673 2774 4729 ἄκανθαι
2812 4674 2944 4744 ἡμῖν
2967 4673 3117 4724 αὐτοὶ
3149 4671 3344 4737 ὀξεῖαι,
3369 4668 3678 4741 ἀχρειοῦσαι

2120 4771 2261 4823 θεῖον
2281 4769 2540 4838 λειμῶνα,
2558 4767 2749 4834 πικρία
2771 4763 3292 4834 παρεγχυμιζομένη
3314 4762 3511 4832 μέλιτι,
3535 4761 3677 4826 ὀξάλ-

2125 4877 2221 4932 μη,
2239 4861 2305 4914 δι’
2324 4855 2388 4926 ἦς
2421 4860 2480 4912 τὸ
2504 4859 2867 4928 πνευματικὸν
2893 4857 3059 4928 ὑγρὸν
3083 4857 3507 4926 ἀποστειροῦται
3525 4857 3590 4907 τά
3610 4856 3680 4915 εἰς

2121 4950 2486 5021 καρπογονίαν
2520 4948 2667 5019 αὑτῷ
2727 4948 3047 5016 πρέπουσαν
3073 4964 3086 4977 ·
3133 4947 3184 5000 οἳ
3225 4948 3321 4999 καὶ
3351 4947 3679 5016 εὐδαιμονεῖν

2117 5045 2326 5108 δόξαιεν
2350 5043 2438 5109 ἂν,
2465 5043 2624 5112 εἴπερ
2651 5043 2809 5111 ἡμεῖς
2834 5039 3163 5110 θανούμεθα,
3185 5042 3280 5092 καὶ
3303 5040 3453 5110 αὐτῷ
3478 5037 3680 5112 οὐρανῷ

2121 5137 2350 5190 πελάσαι
2396 5133 2674 5205 νομιοῦσιν
2727 5134 3127 5200 ἀναπτάμενοι,
3179 5134 3276 5185 ἐὰν
3325 5136 3353 5187 ὁ
3407 5135 3681 5203 Τάρταρος

2117 5229 2266 5297 ἡμᾶς
2296 5227 2427 5292 ἕξει.
2469 5225 2608 5296 Πρὸς
2640 5223 2731 5288 οὓς
2763 5225 2976 5294 εἴποιμι
3011 5225 3077 5278 ἂν
3106 5224 3272 5287 αὐτὸς
3293 5265 3307 5288 ,
3337 5224 3397 5276 οὐ
3429 5223 3567 5275 καλὰ
3597 5237 3681 5287 γε·

2118 5320 2302 5376 νέοθαι
2337 5320 2543 5388 σφίσιν,
2569 5320 2662 5370 ἐὰν
2689 5320 2741 5372 αἱ
2773 5318 2893 5372 καθ’
2919 5317 3076 5388 ήμῶν
3109 5318 3291 5379 αὐτοῖς
3313 5313 3680 5370 ἀποτελεσθῶο

2120 5431 2204 5467 σιν
2239 5413 2416 5483 εὐχαί.
2461 5412 2726 5484 ’Δρῶνται
2758 5413 2866 5481 γάρ
2910 5428 3010 5463 που
3045 5410 3331 5479 ὲνθέρμως
3363 5411 3491 5463 ἰδεῖν
3526 5406 3679 5461 κακὸν

2116 5504 2269 5558 ἐλθὸν
2316 5505 2400 5574 ἐφ’
2442 5507 2612 5575 ἡμᾶς,
2655 5505 2751 5558 καὶ
2792 5505 2991 5556 αὐτίκα
3037 5503 3255 5571 θανάτῳ
3302 5501 3677 5571 κατενεχθῆναι

2119 5599 2316 5660 αὐτούς
2339 5613 2351 5626 ·
2385 5599 2522 5666 ὅπερ
2557 5598 2631 5668 μὴ
2664 5599 2844 5652 ἴδοιεν.
2882 5595 3042 5649 Ἀλλά
3072 5595 3280 5662 γένοιτο
3304 5595 3402 5664 ζῇν
3431 5598 3522 5648 καὶ
3547 5592 3676 5662 ἡμᾶς

2119 5692 2213 5742 καὶ
2243 5690 2458 5752 αὐτοὺς,
2493 5691 2578 5742 ἵνα
2601 5690 2839 5759 βάλλωσι
2873 5691 2972 5759 μὲν
2998 5688 3151 5742 αὐτοὶ
3179 5693 3274 5740 καὶ
3292 5688 3672 5758 τιτρώσκωσιν,

2119 5782 2190 5844 ὡς
2222 5780 2316 5834 νῦν
2349 5780 2561 5834 ποιοῦσι
2596 5784 2912 5852 χαίροντες,
2940 5782 3000 5833 ἐν
3032 5781 3208 5846 κενοῖς
3230 5819 3244 5845 ,
3279 5781 3440 5850 ἡμεῖς
3471 5779 3523 5832 δὲ
3561 5777 3671 5830 θαυ-
