3982 6246
247 351 351 410 601

1241 354 1323 415 ΙΝ
1354 357 1412 418 S.
1457 357 2133 427 QUADRAGESIMAM
2159 361 2446 424 ORATIO
2477 362 2560 425 II.

3409 368 3514 428 6.l2

253 458 587 531 μζώμεθα,
607 457 689 525 οἷς
712 478 770 514 τε
793 461 1017 534 eam“
1039 464 1274 536 μένομεν
1300 469 1393 520 καὶ
1409 467 1722 536 ἁνούτατοι,
1744 469 1833 522 καὶ

1942 471 2100 526 tione
2137 474 2472 542 aspiciamur
2509 474 2787 543 quomodo
2812 489 3132 532 maneamus
3176 476 3518 535 inviolabiles

255 549 338 618 οἷς
377 553 739 623 κερδαίνομεν
768 555 836 608 δι’
890 557 1190 626 ὑπομονῆς.
1225 559 1533 628 Προσθήσω
1559 561 1603 612 δ’
1633 562 1714 612 ὅτι
1746 561 1837 614 καὶ

252 644 739 714 παραμυθούμεθα
759 688 774 712 ,
805 647 1140 718 θεωροῦντες
1165 649 1265 718 τὴν
1293 650 1410 703 κατ’
1441 650 1638 715 αὐτοὺς
1667 652 1836 720 ἁδρά-

253 756 434 804 νειαν,
464 737 543 792 ἔτι
569 739 624 792 δὲ
657 740 748 793 καὶ
781 741 834 792 εί
860 759 977 801 πως
1005 741 1106 808 ὀψέ
1135 758 1268 794 ποτε
1297 743 1491 811 χρόνου
1523 747 1550 796 6
1579 745 1837 813 μέγιστος

251 830 368 882 τῶν
407 832 593 900 ψυχῶν
645 833 829 904 ἰατρὸς
875 833 992 902 δοίη
1044 835 1421 905 ἀναφρονῆσαι
1459 837 1690 900 αὐτοὺς,
1743 837 1839 888 καὶ

250 923 430 986 οὕτως
460 925 910 994 ἀποκαταστῆναι
939 929 1019 991 είς
1041 929 1316 995 σωτηρίαν
1335 944 1351 961 ο
1379 924 1445 1000 ἦς
1470 930 1628 995 είπερ
1646 927 1836 979 ἐλπίδα

251 1015 541 1083 φοροῦσιν,
571 1013 713 1067 οὕτω
737 1015 960 1079 ζῶντες,
994 1016 1067 1078 ὡς
1099 1017 1226 1086 ἄρτι
1257 1016 1470 1085 βιοῦσι,
1505 1015 1838 1086 ματαιάζον-

253 1123 344 1160 σιν
377 1109 426 1160 οί
468 1108 712 1177 πτωχοὶ,
747 1109 843 1161 καὶ
876 1110 957 1172 είς
994 1111 1151 1164 κενὸν
1186 1109 1705 1175 ὲλπιδοκοπούμενοι
1742 1127 1838 1161 πε-

251 1199 518 1254 ποίθασιν
558 1202 639 1263 είς
681 1203 906 1266 ὀϐολοὺς
945 1203 1321 1272 μεταδόσεως,
1355 1204 1410 1258 εί
1438 1203 1562 1256 τινά
1600 1220 1704 1256 που
1744 1201 1839 1256 καὶ

211 1283 598 1361 ίὲλεήσουσιν,
631 1293 705 1356 ὼς
735 1293 948 1347 ἐκεῖθεν
969 1295 1336 1366 κερδήσαντες
1365 1295 1434 1348 τὰ
1465 1297 1731 1367 σωτήρια.

329 1390 432 1438 κε’.
466 1385 575 1438 Kal
607 1384 768 1438 τοῦτο
804 1387 902 1456 μὲν
933 1385 1075 1440 οὕτω
1110 1405 1201 1456 μοι
1226 1387 1304 1457 τῷ
1327 1388 1464 1450 τέως
1501 1388 1836 1457 προκείσθω.

265 1479 402 1532 ’ἰδοὺ
428 1477 486 1531 δὲ
511 1479 603 1531 καὶ
627 1478 755 1531 ἄλλο
778 1478 1041 1532 τάλαντον
1072 1478 1374 1549 εὔχρηστον
1403 1481 1500 1534 καὶ
1523 1482 1677 1549 φίλον
1704 1483 1839 1553 Χρι-

250 1571 372 1640 στῷ
397 1569 474 1640 τῷ
496 1568 611 1638 Θεῷ
642 1570 1066 1641 προχειρίζομαι
1105 1573 1234 1640 ὑμῖν
1257 1588 1272 1604 ο
1306 1572 1364 1626 τὸ
1393 1573 1450 1626 δέ
1477 1574 1596 1628 ἐστι
1635 1593 1654 1626 ι
1689 1576 1752 1628 τὸ
1783 1578 1840 1628 ὲν

249 1666 324 1733 τῇ
372 1663 514 1716 κατὰ
541 1663 631 1714 τὸν
664 1662 778 1731 βίον
808 1664 1122 1736 ἀναστροφῇ
1152 1665 1531 1732 εὖδιάκριτον,
1572 1685 1591 1718 ι
1628 1660 1673 1736 ᾧ
1711 1684 1838 1722 συν-

255 1755 627 1822 αναφαίνεται
680 1756 879 1811 αὐτίκα
930 1759 1025 1810 καὶ
1075 1758 1136 1810 τὸ
1197 1778 1216 1810 ι
1279 1759 1744 1828 συγγνωμονικόν.
1813 1778 1832 1811 ι

266 1848 590 1917 Ἀμήχανον
628 1847 736 1918 γὰρ
778 1847 1004 1918 θάτερον
1035 1849 1262 1919 θατέρου
1296 1851 1420 1921 δίχα
1462 1852 1835 1907 συνίστασθαι.
1871 1831 1912 1885 Β

253 1941 731 2010 Μεταχειρίσεσθε
751 1941 918 1995 δὲκαὶ
943 1943 1085 1996 αὐτὰ
1107 1944 1367 2013 τεχνικῶς
1386 1945 1612 2014 τοιούτῳ
1627 1945 1833 2001 κανόνι.

253 2031 572 2100 Λογίσασθε
591 2071 607 2095 ,
634 2027 679 2085 ὧ
706 2034 926 2101 ἀδελφοὶ
947 2073 963 2095 ,
991 2034 1075 2088 ὅτι
1107 2037 1168 2088 ού
1197 2038 1304 2098 πᾶς
1333 2039 1361 2089 6
1386 2037 1750 2106 προσκόπτων
1779 2037 1838 2090 ὲν

251 2123 366 2192 ὀδῷ
407 2124 661 2193 ψέγεται.
708 2126 848 2178 Ἀλλ’
873 2127 902 2179 6
935 2127 1035 2197 μὲν
1075 2127 1313 2198 ἀλλαχοῦ
1343 2128 1696 2198 πλανώμενος
1725 2131 1836 2192 τοῖς

253 2215 588 2285 ὀφθαλμοῖς,
617 2217 711 2271 καὶ⁷
743 2219 970 2289 πάσχων
999 2219 1087 2272 διὰ
1115 2219 1275 2274 τοῦτο
1304 2221 1660 2291 πρόσκομμα,
1695 2218 1839 2274 σκώ-

254 2324 455 2361 πτεται
484 2324 498 2338 ο
527 2310 555 2361 6
585 2309 640 2362 δὲ
678 2310 764 2363 διὰ
790 2309 850 2362 τὸ
879 2311 1179 2379 ἀρισφαλὲς
1212 2315 1310 2381 τῆς
1332 2312 1454 2366 ὁδοῦ
1486 2313 1838 2383 σκαμόεύσας

255 2400 320 2452 οὑ
349 2401 496 2453 πάνυ
526 2400 592 2454 ἂν
621 2400 869 2472 ψεχθείη.
901 2403 1038 2456 ἀλλά
1068 2405 1558 2474 συγγνωμονηθείη
1591 2406 1742 2476 παρά
1771 2421 1836 2473 γε

254 2495 375 2557 τοῖς
399 2493 536 2562 ὀρθὰ
557 2494 946 2562 διακρίνουσιν.
976 2489 1147 2559 Οὗτος
1168 2498 1196 2550 6
1218 2497 1376 2566 λόγος
1399 2500 1427 2550 6
1449 2497 1677 2569 βραχὺς,
1701 2494 1836 2568 αὕτη

255 2585 292 2651 ἡ
312 2582 644 2646 εὐσύνοπτος
667 2585 975 2656 παραϐολὴ,
997 2589 1155 2643 τοῦτο
1177 2587 1238 2640 τὸ
1265 2587 1705 2659 εὑπερίγραπτον
1726 2590 1839 2642 ἔπιε

258 2676 510 2745 χείρημα
544 2674 656 2746 ἔχει
690 2676 907 2746 ὁδηγεῖν
939 2679 1083 2746 ὑμᾶς
1123 2680 1204 2742 είς
1230 2678 1291 2732 τδ
1322 2675 1382 2734 εὖ
1416 2678 1713 2750 διακρίνειν
1746 2680 1838 2735 καὶ

259 2767 464 2818 αὐτίκα
487 2768 912 2834 συγγνωμονεῖν,
931 2768 1054 2821 ὅποι
1077 2768 1276 2840 χρεών.
1309 2770 1508 2840 Ὀμοίῳ
1527 2771 1634 2843 γὰρ
1651 2770 1836 2841 τρόπῳ

261 2852 363 2905 καὶ
393 2855 420 2905 6
450 2853 590 2908 κατὰ
625 2853 740 2924 βίον
768 2854 1052 2924 ἄνθρωπος
1081 2859 1182 2910 οὐκ
1210 2858 1297 2912 ἀεὶ
1338 2859 1613 2929 μακάριος
1646 2860 1799 2914 ἔσται
1819 2897 1836 2926 ,

257 2945 338 3007 ὡς
386 2945 613 3014 ἄμωμος
652 2948 709 3001 ὲν
749 2947 875 3018 ὁδῷ,
920 2951 1014 3002 καὶ
1057 2950 1201 3004 κατὰ
1240 2950 1404 3020 νόμον
1447 2953 1537 3005 τὸν
1561 2953 1838 3024 κυριακὸν

259 3038 634 3108 πορευόμενος
655 3054 668 3068 ·
696 3039 809 3091 ἀλλ’
831 3040 982 3094 ἐστιν
1009 3033 1070 3092 οὗ
1101 3043 1194 3094 καὶ
1223 3043 1444 3111 σφαλεὶς
1476 3043 1717 3109 όκλὰσει,
1743 3043 1838 3096 καὶ

1939 573 1992 617 et
2029 565 2381 630 invnlnerati,
2415 567 2690 636 quomodo
2724 578 2779 620 et
2803 568 3040 623 fructum
3075 585 3170 640 per
3204 572 3517 640 patientiam

1942 655 2204 713 feramus.
2227 658 2490 728 Adjiciam
2513 669 2691 716 autem
2721 664 2865 732 quod
2880 663 3252 726 consolamur,
3272 665 3524 717 εοησὶιίε-

1941 758 2124 803 rantes
2164 766 2354 805 eorum
2389 750 2732 821 fragilitatem
2766 765 3161 822 sperantesqne
3210 767 3265 807 ut
3301 754 3346 808 si
3376 753 3518 809 Deus

1940 841 2261 911 aliquando,
2301 844 2572 896 maximus
2611 845 2913 898 animarum
2980 847 3259 909 medicus,
3300 861 3395 900 eos
3438 862 3520 898 re-

1941 934 2204 1002 sipiscere
2223 937 2502 998 concedat,
2525 934 2593 985 ita
2622 935 2978 989 restituantur
2999 935 3062 988 ad
3085 936 3337 990 salutem:
3357 935 3516 1004 cujus

1939 1027 2040 1082 etsi
2077 1041 2225 1096 spem
2268 1027 2323 1079 itt
2347 1040 2406 1080 se
2439 1025 2635 1090 ferant,
2669 1026 2748 1082 sic
2779 1028 3025 1082 viventes
3051 1036 3110 1082 ut
3138 1043 3283 1082 nunc
3307 1029 3514 1090 vivunt,

1940 1137 2058 1177 eam
2082 1119 2312 1175 reddunt
2347 1120 2595 1174 inutilem
2634 1119 2844 1185 miseri,
2890 1129 2945 1174 et
2978 1137 3114 1175 vana
3155 1136 3252 1190 spe
3281 1123 3513 1190 decepti,

1942 1210 2141 1265 lrustra
2175 1209 2550 1264 retributionis
2582 1210 2837 1264 denarios
2873 1220 3116 1280 sperant,
3138 1213 3182 1266 si
3204 1211 3516 1281 cujusforte

1942 1302 2328 1366 misereantur,
2365 1310 2627 1369 tanquam
2671 1301 2866 1354 eximie
2907 1302 3176 1356 Salutaria
3219 1305 3514 1358 lucrantes.

2010 1393 2102 1448 25.
2127 1395 2194 1448 Et
2214 1393 2356 1448 istud
2391 1393 2609 1461 quidem
2635 1393 2714 1446 sic
2747 1393 2877 1446 mihi
2906 1409 3079 1462 usque
3112 1395 3218 1446 huc
3253 1395 3518 1448 obverse-

1943 1495 2050 1541 tur.
2079 1485 2216 1539 Ecce
2241 1499 2368 1540 vero
2389 1485 2611 1553 insuper
2636 1485 2894 1540 talentum
2927 1486 3077 1540 aliud
3115 1488 3242 1540 utile
3265 1487 3519 1541 charum-

1941 1593 2046 1646 que
2079 1575 2302 1631 Christo
2331 1575 2436 1630 Deo
2481 1575 2634 1629 vobis
2666 1589 2928 1644 propono.
2973 1577 3090 1630 Hoc
3115 1587 3199 1630 est
3241 1595 3259 1628 ι
3299 1577 3352 1632 in
3394 1579 3516 1630 vita:

1943 1669 2366 1726 conversatione
2399 1670 2542 1722 bono
2575 1669 2945 1737 essejudicio,
2987 1687 3004 1720 ›
3037 1671 3125 1723 cui
3157 1672 3342 1724 statim
3387 1684 3518 1725 cou-

1941 1776 2140 1816 nexutn
2173 1768 2394 1829 apparet
2419 1774 2542 1814 esse
2579 1759 2970 1828 indulgentem.
2999 1759 3338 1829 [inpossibile
3364 1775 3516 1814 nam-

1941 1867 2049 1922 que
2077 1860 2161 1907 est
2191 1866 2357 1904 unum
2394 1851 2602 1919 absque
2651 1851 2759 1904 alio
2793 1851 3113 1906 subsistere.
3175 1849 3300 1904 Haec
3331 1861 3512 1904 autem

1939 1943 2232 2000 artiﬁciose
2264 1943 2357 1995 tali
2392 1944 2576 2013 regula
2613 1942 3111 2011 compreliendetis:
3137 1943 3512 2007 Considerate,

1943 2037 2438 2106 fratres,quodnon
2463 2037 2642 2091 omnis
2659 2038 2750 2106 qui
2773 2039 2918 2092 cadit
2942 2043 2997 2094 in
3022 2041 3130 2102 via,
3164 2037 3521 2107 repreliendi-

1941 2135 2053 2181 tur.
2078 2127 2182 2180 Sed
2202 2124 2521 2194 illequidetn
2549 2125 2747 2194 passim
2770 2127 2945 2182 oculis
2977 2142 3168 2181 errans
3205 2135 3258 2180 et
3291 2127 3517 2180 scanda-

1941 2218 2052 2271 lum
2074 2217 2196 2272 ideo
2228 2231 2422 2285 passus
2449 2215 2708 2271 irridetur
2732 2235 2746 2269 :
2768 2217 2859 2270 ille
2895 2232 3022 2272 vero
3045 2219 3136 2286 qui
3168 2229 3389 2287 prepter
3413 2218 3512 2270 vite

1940 2309 2211 2363 lubricum
2232 2307 2560 2373 vacillasset,
2595 2322 2704 2362 non
2739 2323 2962 2378 prorsus
2986 2309 3379 2377 increparetur,
3417 2307 3511 2360 sed

1939 2417 1969 2458 a
1993 2401 2520 2470 rectejudicantibus
2538 2416 2659 2455 cum
2678 2400 3008 2471 indulgentia
3027 2400 3387 2469 judicaretur.
3407 2397 3513 2452 ISte

1940 2493 2121 2548 brevis
2147 2506 2353 2557 sermo,
2385 2492 2490 2546 ista
2533 2491 3047 2560 comprehensibilis
3073 2490 3349 2557 parabola,
3400 2487 3516 2539 haec

1939 2585 2264 2642 circumcisa
2285 2585 2684 2659 argumentatio
2715 2600 2811 2640 vos
2841 2584 2908 2638 ad
2950 2585 3086 2638 bene
3134 2579 3513 2651 iudicandum,

1938 2692 1993 2736 et
2043 2680 2224 2735 statim
2277 2679 2366 2734 ubi
2410 2686 2649 2748 Oportet,
2696 2675 3085 2747 ignoscendum
3127 2673 3285 2729 facile
3331 2673 3512 2727 ducet.

1942 2775 2118 2830 Simili
2153 2786 2384 2840 namque
2431 2769 2594 2826 modo
2632 2786 2726 2839 per
2752 2770 2918 2824 vitam
2971 2768 3132 2822 homo
3159 2780 3266 2821 non
3300 2780 3512 2833 semper

1944 2867 2067 2922 felix
2093 2865 2220 2930 erit,
2249 2873 2507 2935 tanquam
2536 2860 3102 2931 irreprebensibilisin
3120 2859 3226 2922 via,
3247 2859 3512 2927 juxtaque

1943 2958 2280 3012 Dominicam
2307 2957 2475 3026 legem
2506 2954 2809 3015 ambulans,
2834 2953 2925 3008 sed
2951 2951 3058 3007 erit
3097 2951 3186 3006 ubi
3220 2957 3514 3020 quassatus

1941 3053 2141 3114 ﬂectet,
2184 3059 2240 3106 et
2265 3049 2521 3113 offendet,
2556 3047 2666 3101 imo
2690 3047 2867 3101 cadet.
2912 3043 2976 3097 Et
3005 3044 3171 3098 homo
3213 3042 3340 3096 boni
3366 3040 3514 3110 judi-

259 3129 568 3199 προσκόψει
591 3170 606 3193 ,
637 3131 730 3183 καί
761 3149 862 3184 που
905 3134 999 3188 καὶ
1043 3136 1312 3189 πεσεῖται.
1345 3136 1450 3188 Καὶ
1477 3136 1577 3188 οὐκ
1615 3137 1773 3200 εὐθὺς
1808 3138 1833 3190 ό

1942 3146 2010 3200 cii
2058 3145 2247 3214 sicque
2306 3142 2542 3210 prudens
2592 3155 2702 3194 non
2758 3139 2868 3193 cito
2903 3137 3116 3206 lapsum
3173 3133 3514 3190 conculcabit

258 3221 604 3290 διακριτικὸς
645 3221 931 3292 ἄνθρωπος
972 3226 1068 3278 καὶ
1099 3226 1241 3279 οὕτω
1268 3227 1486 3290 συνετὸς
1518 3228 1838 3300 ἐπεμπηδῆ-

261 3329 349 3366 σει
377 3313 457 3382 τῷ
481 3315 814 3380 πεπτωκότι,
840 3316 934 3370 καὶ
958 3315 1090 3385 ὓλην
1115 3318 1490 3390 ἐπιτιμήσεων
1511 3320 1836 3391 ἑπιφορήσει

259 3409 530 3478 κειμένῳ,
576 3413 673 3462 καὶ
716 3411 1024 3481 καταθάψει
1073 3413 1275 3466 αὐτόν·
1317 3413 1582 3483 διαιτήσει
1628 3415 1706 3478 δὲ,
1759 3413 1838 3485 τῷ

257 3501 556 3572 παθήματι
583 3502 893 3568 κανονίσας,
916 3503 1185 3575 πνεύματι
1209 3505 1398 3574 σοφίας
1419 3507 1512 3559 καὶ
1539 3506 1835 3568 συνέσεωςο

258 3595 362 3648 καὶ
405 3593 815 3666 διερευνήσεται
863 3598 924 3650 τὸ
967 3598 1173 3658 αἴτιον.
1225 3598 1662 3668 παραμετρήσας
1707 3598 1838 3652 αὐτὸ

260 3687 516 3757 ποιότητι
541 3687 832 3757 προσώπου
850 3689 943 3744 καὶ
963 3688 1080 3758 βίου
1096 3689 1190 3743 τοῦ
1212 3692 1334 3744 κατ’
1350 3690 1534 3753 αὑτὸν,
1559 3691 1652 3744 καὶ
1674 3691 1834 3762 τύχῃ,

260 3781 361 3831 καὶ
395 3781 719 3850 περιπετείᾳ
759 3781 973 3850 καιροῦ.
1003 3782 1097 3835 καὶ
1139 3783 1276 3845 ὅλως
1313 3784 1433 3846 ταῖς
1467 3782 1644 3850 ὕλαις,
1684 3777 1771 3846 αίς
1811 3786 1838 3838 ὁ

260 3867 522 3938 βιωτικὺς
557 3869 842 3925 ὑπόκειται
879 3871 1194 3940 ἄνθρωπος’
1227 3873 1319 3926 καὶ
1348 3872 1836 3944 σταθμωσάμενος,

261 3964 313 4014 εί
334 3962 434 4029 μὲν
463 3963 558 4014 τοῦ
579 3963 784 4032 κόσμου
805 3963 914 4015 ἔστι
932 3964 1192 4032 καὶδίκης
1209 3965 1560 4034 προΐσταται,
1577 3983 1836 4036 μεταχει-

267 4056 468 4121 ριεῖται
497 4055 599 4124 μὲν
628 4055 688 4108 τὸ
713 4057 967 4126 πρᾶγμα,
986 4056 1060 4120 ὡς
1077 4059 1106 4110 6
1133 4058 1296 4127 νόμος
1328 4057 1564 4114 εὐθύνει.
1583 4059 1697 4113 Οὐκ
1721 4059 1836 4113 ἔστι

257 4148 315 4200 δὲ
336 4149 490 4211 ὅπως
508 4148 608 4200 οὐκ
633 4149 1036 4202 ἑπιεικεύσεται
1063 4150 1158 4202 καὶ
1181 4151 1344 4214 αὐτὸς
1365 4153 1439 4215 ὡς
1466 4147 1578 4205 οἷόν
1602 4169 1683 4216 τε,
1703 4151 1756 4204 εῐ
1773 4169 1836 4220 γε

262 4239 594 4306 Χριστιανός
644 4240 779 4304 ἑστι,
810 4241 904 4294 καὶ
952 4241 1218 4308 ἐλληνίζει
1251 4244 1319 4296 τὰ
1364 4244 1444 4307 είς
1486 4244 1834 4316 καλοήθειαν,

256 4330 324 4383 ού
368 4329 478 4400 μὴν
520 4330 658 4400 πρὸς
702 4329 1041 4401 βαρὸαρικὴν
1086 4333 1381 4403 θηριωδίαν
1426 4335 1754 4388 πέπλασται.

331 4421 452 4486 σις’.
494 4424 602 4475 Kal
625 4422 768 4476 οὕτω
791 4423 911 4492 μὲν,
945 4425 1040 4477 ἐὰν
1074 4425 1107 4494 ή
1133 4424 1313 4478 δίαιτα
1344 4426 1614 4497 προϐαίνῃ
1645 4445 1837 4498 κοσμι-

1938 3249 1990 3292 et
2020 3236 2302 3292 materiam
2321 3233 2731 3290 accusationum
2759 3231 2996 3299 imponet
3018 3228 3218 3297 jacenti
3241 3235 3294 3281 et
3317 3226 3512 3280 obruet

1939 3331 2115 3393 illum,
2148 3329 2242 3384 sed
2275 3328 2555 3382 moderate
2590 3325 2881 3396 judicabit,
2917 3323 3112 3392 spiritu
3147 3320 3430 3389 sapientiae
3456 3327 3510 3370 et

1940 3422 2270 3486 intellectus,
2315 3419 2384 3474 de
2436 3420 2689 3488 passione
2751 3417 3090 3479 discernens,
3163 3413 3508 3482 inquiretque

1938 3528 2160 3569 causam
2209 3527 2331 3567 eam
2357 3510 2650 3565 ditnetiens
2705 3524 2830 3563 cum
2865 3508 3124 3577 qualitate
3159 3520 3402 3574 personae
3431 3503 3510 3556 vi-

1941 3615 2115 3676 taeque
2144 3603 2313 3668 illius,
2343 3618 2468 3658 cum
2502 3604 2722 3656 fortuna
2757 3598 3277 3666 circumstantiaque
3303 3606 3510 3663 tempo-

1940 3700 2040 3761 ris,
2066 3711 2178 3750 uno
2206 3695 2397 3760 verbo,
2430 3707 2554 3747 cum
2587 3691 2842 3746 onmibus
2860 3689 3055 3760 quibus
3077 3687 3324 3755 subjacet
3349 3685 3510 3736 homo

1939 3788 2149 3852 vivens,
2172 3794 2244 3850 et,
2274 3781 2587 3855 ponderatis
2626 3781 2900 3845 omnibus,
2959 3794 3068 3832 rem
3099 3777 3320 3841 quidem
3354 3776 3506 3842 juxta

1939 3878 2291 3935 directionem
2333 3877 2490 3945 legis,
2531 3876 2576 3930 si
2611 3873 2791 3928 ordini
2817 3871 3146 3941 justitizeque
3177 3868 3376 3938 praesit,
3409 3866 3507 3918 ad-

1940 3969 2294 4026 ministrabit.
2348 3967 2469 4023 Non
2517 3973 2600 4020 est
2659 3974 2840 4019 autem
2890 3978 2989 4016 cur
3025 3977 3130 4013 non
3165 3959 3508 4012 moderanter

1939 4069 2289 4125 tractaretur,
2312 4074 2376 4114 eo
2404 4055 2548 4126 quod
2582 4055 2696 4124 ipse
2718 4055 2790 4109 sit
2813 4053 3180 4113 Christianus,
3213 4057 3306 4102 aut
3328 4045 3506 4116 quoad
3533 4073 3535 4075 ι

1939 4157 2202 4203 venustos
2246 4161 2426 4201 mores
2464 4143 2712 4206 Graecus,
2756 4153 2850 4196 aut
2900 4141 2956 4194 in
3000 4139 3201 4209 agresti
3256 4135 3505 4191 barbarie

1940 4239 2230 4295 formatus.

2008 4419 2100 4474 26.
2147 4417 2213 4473 Et
2246 4419 2322 4473 ita
2362 4417 2583 4488 quidem
2624 4425 2706 4471 est
2743 4413 2964 4486 quando
3000 4410 3265 4480 judicium
3305 4423 3505 4462 secun-

258 4515 508 4585 κώτερον
534 4530 550 4546 ⁸
591 4515 685 4569 ἐὰν
727 4515 785 4568 δὲ
835 4516 973 4570 κατὰ
1007 4518 1252 4588 πνεῦμα,
1292 4519 1393 4572 οὐκ
1434 4519 1499 4574 ἂν
1527 4519 1691 4589 ἔγωγ’
1741 4518 1833 4574 οὖν

1945 4513 2072 4567 dum
2101 4513 2368 4567 mundum
2397 4509 2677 4582 procedit;
2709 4510 2754 4565 si
2788 4523 2914 4562 vero
2935 4507 3231 4561 secundum
3252 4504 3501 4572 spiritum

259 4607 507 4674 ἐμαυτὸν
539 4609 744 4673 πείσω,
784 4608 858 4680 μὴ
891 4609 1011 4680 οὐχὶ
1039 4611 1130 4663 τὸν
1162 4611 1403 4664 τοιοῦτον
1442 4613 1642 4683 χρῆναι
1679 4615 1837 4666 πλεο-

259 4700 456 4762 νάζειν
500 4702 558 4752 ὲν
600 4701 681 4770 τῷ
718 4701 1016 4772 διακρίνειν
1059 4703 1154 4756 καὶ
1194 4706 1620 4774 συγγνωμονεϊν,
1675 4705 1837 4774 μεθο-

258 4791 496 4844 δεύοντα
527 4793 590 4844 τὸ
619 4795 849 4862 πρᾶγμα
883 4795 1266 4865 ἐπιστημόνως
1301 4795 1374 4857 ὡς
1409 4798 1436 4848 6
1467 4795 1600 4858 Θεὸς
1633 4795 1829 4866 ὑποθή-

260 4899 462 4936 σεταιο
509 4885 559 4934 εί
606 4883 682 4954 μὴ
731 4883 840 4952 ἄρα
895 4883 1018 4937 κατ’
1073 4885 1241 4939 αὐτοῦ
1289 4885 1425 4938 Θεοῦ
1481 4886 1541 4938 τὸ
1588 4888 1838 4953 πταῖσμα

259 4976 500 5044 πέφηνε.
533 4973 666 5028 Τότε
695 4977 802 5046 γὰρ
837 4973 960 5029 οὔτε
985 4975 1320 5046 διακρίνειν,
1356 4976 1480 5031 οὔτε
1517 4995 1837 5045 συγγνωμο-

257 5071 380 5122 νεῖν
426 5067 659 5123 δέδοται.
704 5069 815 5122 Kal
855 5069 966 5138 μὴν
1009 5069 1106 5122 καὶ
1149 5070 1209 5122 ἐν
1246 5070 1361 5132 τοῖς
1411 5070 1674 5132 τοιούτοις
1723 5069 1835 5140 ἔχει

257 5158 583 5231 παρρησίαν
620 5158 694 5220 ὼς
731 5159 800 5211 τὰ
839 5158 1010 5212 πολλὰ
1049 5161 1144 5212 καὶ
1175 5161 1208 5229 ή
1242 5160 1516 5229 διάκρισις
1553 5161 1646 5214 καὶ
1685 5163 1718 5231 η
1749 5161 1836 5214 ἐπ’

257 5252 402 5321 αὐτῇ
435 5249 760 5320 συγγνώμη.
785 5253 858 5312 t'u;
887 5251 918 5302 6
942 5252 1082 5304 κατὰ
1105 5251 1321 5321 πνεῦμα
1347 5253 1836 5322 ἑπιστημοναρχῶν

256 5342 578 5412 εὐμεθόδως
607 5345 882 5412 τεχνᾶται.
919 5344 989 5395 Ἣ
1017 5343 1070 5395 τί
1100 5342 1230 5395 ἄλλο
1256 5348 1317 5396 τὸ
1360 5343 1647 5414 Ἐὃραῐκὸν
1670 5345 1835 5412 φῦλον

256 5435 444 5504 ἀφῆκε
475 5437 539 5507 τῇ
579 5437 936 5507 Χριστιανικῇ
970 5437 1240 5510 πολιτείᾳ,
1273 5439 1369 5491 καὶ
1400 5441 1796 5508 συμπαροικείν
1817 5478 1832 5502 ,

259 5529 360 5582 καὶ
401 5527 590 5591 ὲλέους
628 5529 943 5596 τυγχάνειν,
990 5531 1085 5582 καὶ
1121 5531 1322 5599 τρόπον
1356 5529 1478 5582 τινὰ
1522 5529 1724 5599 συζῇνς
1755 5528 1836 5594 οἷς

258 5616 594 5688 θρησκεύειν
625 5619 864 5688 ἀφίεται,
899 5620 973 5681 ὡς
1004 5619 1151 5689 αὐτῷ
1193 5620 1364 5688 φίλον,
1397 5620 1489 5672 καὶ
1521 5620 1628 5672 τῶν
1666 5623 1832 5684 ἀναγ-

257 5710 437 5765 καίων
480 5711 700 5764 πάντων
738 5713 1008 5781 μετέχειν,
1051 5712 1160 5765 τῶν
1193 5713 1293 5776 μὲν
1323 5711 1594 5780 ἀφθόνως,
1621 5712 1731 5766 τῶν
1764 5714 1819 5765 δὲ

257 5802 344 5873 19‘
365 5803 490 5858 ὅσον
514 5801 714 5869 ἔξεστι.
740 5804 846 5857 Kal
868 5803 974 5875 μὴν
1004 5803 1330 5874 διακρίσεως
1357 5803 1432 5874 μὴ
1458 5803 1826 5873 προῡπούσης,

1943 4605 2034 4658 fiat
2059 4620 2167 4658 non
2191 4605 2351 4659 facile
2381 4603 2658 4658 crederem
2684 4616 2790 4655 non
2819 4599 3014 4654 debere
3042 4599 3202 4651 talem
3229 4595 3508 4649 abundare

1939 4698 2113 4768 magis
2138 4702 2190 4751 in
2227 4696 2588 4752 discernenda
2623 4695 2702 4748 vel
2734 4691 3066 4764 ignoscendo
3089 4692 3181 4760 qui
3216 4707 3325 4744 rem
3350 4689 3503 4758 juxta

1939 4791 2227 4846 scientiam
2278 4789 2558 4853 tractabit,
2592 4797 2754 4857 prout
2791 4787 2932 4840 Deus
2975 4793 3252 4855 suggeret,
3283 4785 3386 4838 nisi
3425 4793 3507 4835 ta-

1939 4897 2061 4936 men
2106 4880 2374 4935 adversus
2397 4884 2564 4934 Deum
2603 4879 2759 4949 culpa
2804 4880 2996 4934 adesse
3041 4879 3308 4931 videatur.
3353 4875 3506 4928 Tunc

1937 4974 2083 5027 enim
2135 4989 2238 5028 nec
2291 4973 2604 5028 discernere
2655 4987 2756 5026 nec
2815 4973 3100 5041 ignoscere
3154 4971 3339 5024 datum
3398 4977 3501 5020 est.

1938 5065 2186 5120 Attamen
2222 5066 2275 5120 in
2314 5066 2398 5120 his
2437 5066 2707 5121 similibus
2732 5065 3048 5136 plerumque
3090 5065 3303 5133 copiam
3341 5064 3505 5115 habet

1939 5157 2202 5213 discretio
2235 5167 2290 5212 et
2311 5172 2431 5226 qua:
2463 5158 2758 5212 comitatur
2780 5173 2899 5212 eam
2945 5156 3304 5222 indulgentia,
3344 5163 3503 5222 prout

1937 5251 2031 5321 qui
2055 5249 2352 5305 secundum
2377 5251 2627 5319 spiritum
2661 5252 2715 5303 in
2752 5250 2982 5304 scientia
3008 5247 3302 5314 primatum
3333 5253 3501 5305 tenet,

1941 5341 2249 5398 methodicc
2295 5342 2656 5398 demonstrat.
2701 5342 2782 5396 An
2825 5354 2908 5395 est
2962 5340 3138 5403 aliud,
3181 5341 3325 5409 quod
3373 5356 3502 5408 gen-

1939 5445 2045 5490 tem
2083 5434 2403 5490 Hebraicam
2444 5435 2777 5489 concesserit
2803 5433 3116 5488 Christiano
3143 5433 3392 5502 regimini
3415 5449 3500 5487 co-

1939 5529 2208 5593 habitare,
2247 5527 2676 5582 misericordiam
2707 5525 2974 5585 obtinere,
3010 5534 3063 5577 et
3094 5524 3501 5591 quodammodo

1937 5622 2250 5686 convivere,
2273 5636 2339 5674 eo
2373 5621 2517 5689 quod
2549 5620 2754 5674 cultum
2783 5631 3038 5672 exercere
3056 5618 3410 5684 permittitur,
3443 5626 3502 5670 ut

1935 5713 2036 5782 ipsi
2053 5714 2308 5782 placitum
2327 5724 2379 5766 et
2397 5711 2642 5765 omnium
2657 5711 3098 5764 necessariorum
3115 5711 3312 5764 habere
3333 5711 3502 5778 parti-

1933 5803 2478 5874 cipationem,horum
2494 5801 2713 5871 quidem
2733 5800 3100 5868 abundanter,
3121 5803 3352 5858 istorum
3370 5817 3501 5858 vero
