3982 6246
503 340 614 400 ϐϋῗὶ
1256 338 1682 400 EUSTATHII
1707 339 1810 398 ΤΗ
1824 339 2154 399 ESSALON
2167 339 2462 399 lCENSiS
2499 338 3070 400 METROPOLIT/E
3656 339 3750 400 (illi

497 447 925 514 quantumlicct?
950 447 1011 500 Et
1032 457 1207 503 tamen
1233 450 1352 502 sine
1369 447 1706 503 discretione
1739 449 2078 518 prmcedente

2209 449 2316 518 ιηδὲ
2368 448 2698 518 συγγνώμης
2742 451 3126 520 ἑφεπομένης,
3180 449 3282 502 οὐκ
3324 450 3393 502 ἂν
3440 445 3584 518 ἦσαν
3633 449 3749 518 παρ’

499 552 552 592 (ιι
595 540 928 609 indulgentia
963 548 1218 608 sequente
1236 553 1344 593 non
1377 549 1565 594 essent
1595 539 1738 608 apud
1769 554 1868 594 nos
1889 538 2077 593 Judai-

2209 545 2318 612 ιμίν
2359 539 2484 594 οὔτε
2523 541 2794 594 Ἰουδαϊκὰ
2831 542 2994 610 φῦλα,
3035 543 3156 595 οὐδὲ
3189 543 3296 611 μὴν
3333 541 3404 594 τὰ
3438 542 3548 593 τῶν
3581 542 3750 593 κακῶν

499 649 575 685 με
633 633 827 694 tribus,
877 648 974 686 nec
1013 631 1139 683 mali
1179 629 1503 693 Christiani,
1563 631 1844 698 multoque
1897 633 2078 686 minus

2209 635 2548 704 ἱριστιανῶν,
2594 635 2654 686 τὸ
2693 635 2750 687 δὲ
2800 635 2986 704 μεῖζον
3034 636 3153 687 οὐδὲ
3195 638 3260 688 τὰ
3309 635 3420 688 τῶν
3467 634 3660 686 ἀθέων.
3701 633 3752 684 Et

501 723 666 773 azhei.
691 722 745 774 Si
766 737 894 791 ergo
917 723 1050 774 tales
1074 722 1229 790 (quot
1248 730 1427 774 autem
1449 722 1614 775 millia
1635 722 1808 790 sunt!)
1835 721 1980 774 hand
2001 722 2082 773 ia.-

2215 725 2360 780 οίνυν
2383 727 2508 790 τοὺς
2528 727 2808 790 τοιούτους
2833 729 3045 797 (μυρίοι
3069 728 3124 780 δὲ
3149 730 3265 780 ὅσοι
3289 729 3467 795 αὐτός)
3495 727 3752 793 διάκρισις

501 815 718 882 quietos
763 815 935 881 pascit
979 814 1240 868 discretio
1269 815 1717 884 indulgentiaque
1751 815 2076 879 christiana,

2209 819 2369 872 ὶόσκει
2421 817 2725 881 ἀσκύλῖους
2770 821 2869 872 καὶ
2927 820 3227 889 συγγνώμη
3282 817 3664 890 Χριστιανικὴ,
3711 817 3752 866 τί

503 923 598 960 cur
626 909 844 960 tandem
868 907 1040 961 bonos
1075 908 1218 961 inter
1250 923 1349 960 nos
1375 907 1598 969 fratres,
1622 915 1803 962 rei-tos
1828 909 2081 962 christia-

506 1015 627 1062 nos,
649 1000 716 1052 ab
737 999 1048 1067 linjusmodi
1075 1001 1217 1054 bono
1239 999 1408 1064 duali,
1431 1001 1531 1052 hac
1555 1000 1641 1066 pia
1663 997 2076 1068 coniugatione,

2209 1001 2559 1070 [ριστιανοὺς,
2586 999 2875 1071 ἁπάγομεν
2904 1001 3002 1073 τῆς
3028 1002 3289 1072 τοιαύτης
3313 1003 3529 1071 ἀγαθῆς
3554 1001 3752 1062 δυάδος.

508 1098 606 1148 hac
629 1094 678 1145 in
702 1093 920 1147 Christo
946 1091 1300 1158 fraternitate,
1321 1107 1443 1146 eam
1483 1091 1606 1145 diro
1627 1107 1742 1159 qua:
1765 1092 2069 1146 secundum

2209 1093 2284 1162 πῆς
2342 1093 2593 1162 φιλοθέου
2651 1094 2918 1161 συζυγίας
2953 1136 2966 1160 ,
3019 1097 3120 1167 τῆς
3176 1097 3549 1165 ιριλοχρίσιιτου⁴
3614 1095 3755 1147 ἀδελ-

503 1187 890 1242 discrctionem
927 1199 1091 1256 atque
1123 1187 1518 1257 indulgentiam
1562 1199 1664 1250 est,
1692 1189 2071 1242 excludimux?

2209 1191 2440 1260 νότητος,
2481 1179 2658 1259 ’λέγω
2699 1192 2765 1262 δὴ
2818 1192 2917 1262 τῆς
2961 1193 3099 1246 κατὰ
3143 1193 3420 1263 διάκρισιν
3487 1193 3581 1246 καὶ
3630 1208 3756 1260 συγ-

2180 910 2381 980 δήποτι
2415 912 2541 973 τοὺς
2569 910 2813 978 ἀγαθοὺς
2850 913 2907 965 ἂν
2939 913 3070 981 ἡμῖν
3100 913 3384 980 ἀδελφοὺς,
3417 912 3546 974 τοὺς
3576 909 3753 978 ὀρθοὺς

576 1380 668 1438 27.
698 1379 1006 1433 Inebriatus
1038 1387 1123 1433 est
1144 1379 1272 1432 olim
1303 1378 1628 1446 posterioris
1673 1377 1862 1431 Inundi
1899 1388 2087 1447 proto-

512 1487 714 1540 parens
745 1469 878 1532 Noe,
908 1470 1314 1538 sobrietateque
1356 1470 1565 1538 abiecta
1599 1478 1654 1523 et
1684 1470 1771 1523 sui
1801 1486 1907 1522 non
1937 1485 2088 1523 com-

512 1580 610 1632 pos
649 1564 756 1617 alto
813 1577 1010 1618 somno
1049 1562 1330 1630 sepultus,
1379 1562 1498 1616 sine
1539 1560 1739 1616 decore
1799 1562 1948 1614 humi
1995 1562 2088 1631 ja-

510 1658 647 1709 cuit.
712 1655 876 1720 Hinc,
919 1653 1152 1709 detectis
1186 1670 1304 1724 qua:
1343 1669 1452 1708 non
1489 1661 1726 1720 oportet,
1757 1653 1955 1708 irrisus
2003 1661 2088 1707 est

513 1762 620 1800 non
645 1761 674 1799 a
701 1744 906 1810 multis,
937 1743 1032 1798 sed
1075 1743 1143 1797 ab
1173 1760 1280 1798 uno
1331 1743 1591 1811 quodam,
1621 1745 1708 1797 cui
1745 1759 1850 1796 non
1885 1757 2087 1796 coarc-

515 1839 716 1901 niebat,
747 1845 802 1891 et
862 1807 981 1906 ipso
1036 1807 1388 1908 imprudenti.
1440 1837 1542 1902 Qui
1578 1807 1708 1891 ivero
1727 1838 1957 1897 sensati,
1984 1852 2092 1890 non
2127 1807 2168 1866 Β

514 1929 729 1982 curiose
761 1936 1043 1981 tentarunt
1073 1927 1258 1982 videre
1285 1942 1408 1996 qua:
1437 1943 1543 1981 non
1596 1927 1722 1981 licet
1752 1944 1766 1980 :
1806 1927 1901 1980 sed
1925 1928 2094 1981 etiam

514 2020 568 2073 in
618 2034 728 2073 non
777 2019 962 2073 debito
1015 2018 1289 2072 detectum
1340 2019 1773 2072 absconderunt.
1822 2018 1893 2073 At
1947 2027 2098 2072 certe

515 2110 734 2176 quidem
765 2125 796 2164 a
823 2111 1061 2178 jacente.
1113 2124 1238 2164 cum
1265 2124 1295 2162 a
1326 2109 1452 2163 vino
1490 2109 1754 2164 liberatus
1820 2120 1905 2164 est
1949 2119 2004 2164 et
2063 2124 2094 2164 a

517 2202 626 2256 Deo
644 2202 765 2272 ipso
781 2203 875 2272 qui
896 2202 1241 2273 justissimus
1273 2208 1358 2256 est
1391 2202 1444 2255 lii
1478 2201 1747 2257 benedicti
1779 2213 1930 2256 sunt.

587 2494 678 2548 28.
710 2491 826 2547 Jam
851 2491 980 2546 mihi
1009 2491 1468 2546 considerandum
1491 2498 1581 2546 est
1610 2490 1813 2545 factum
1845 2491 1952 2547 isto
1985 2505 2101 2546 mo-

519 2588 607 2639 do.
634 2583 938 2638 Inebriatus
957 2590 1042 2636 est
1073 2597 1305 2652 magnus
1328 2583 1420 2637 ille
1455 2583 1558 2648 vir;
1594 2581 1852 2637 indecore
1895 2582 2097 2652 jacuit,

521 2693 550 2731 a
588 2676 820 2742 quodam
885 2675 1078 2728 irrisus
1126 2677 1230 2728 est.
1269 2673 1552 2728 Excitatus
1609 2688 1638 2726 a
1677 2687 1892 2738 somno,
1948 2675 2099 2730 illum

522 2768 740 2836 quidem
773 2765 1028 2835 cognovit
1052 2779 1116 2820 ac
1147 2765 1453 2827 maledixit,
1486 2779 1592 2818 non
1624 2773 1806 2818 autem
1838 2765 1918 2819 illi
1943 2765 2103 2821 simi-

525 2862 602 2915 les
625 2860 927 2915 benedixit.
997 2860 1062 2914 Et
1098 2860 1407 2914 benedictio
1432 2857 1605 2913 multa
1639 2858 1739 2912 fuit
1761 2874 1824 2912 ac
1850 2860 2100 2928 pulchra,

528 2962 583 3006 et
617 2952 759 3005 Deus
823 2952 1060 3021 desuper
1103 2966 1374 3014 annuens,
1425 2951 1574 3004 illum
1633 2949 1855 3017 quidem
1912 2964 2103 3005 rursus

528 3055 787 3109 magnum
819 3054 942 3094 esse
970 3040 1245 3110 permisit,
1266 3055 1442 3109 usque
1468 3039 1534 3092 ad
1569 3054 1716 3094 nunc
1747 3039 2015 3094 illustrem
2049 3047 2105 3094 et

2180 1287 2409 1357 γνώμην
2434 1307 2450 1355 ς

2266 1382 2368 1448 κζ’.
2414 1385 2721 1457 Ἐμεθύσθη
2759 1387 2888 1440 ποτὲ
2922 1389 2949 1440 ὁ
2989 1385 3080 1439 τοῦ
3113 1386 3365 1458 δευτέρου
3398 1386 3609 1456 κόσμου
3641 1404 3758 1455 προο

2193 1474 2386 1546 πάτωρ
2416 1475 2556 1540 Νῶε,
2581 1480 2675 1529 καὶ
2703 1477 3037 1547 παραλυθεὶς
3061 1475 3154 1531 τοῦ
3179 1480 3377 1544 νήφειν
3405 1477 3585 1529 ἔκειτο
3607 1479 3754 1546 ἄκραν

2194 1565 2292 1633 τὴς
2336 1566 2566 1626 ἑαυτοῦ.
2607 1567 2701 1620 καὶ
2736 1565 2892 1635 ὕπνῳ
2926 1565 3081 1637 βαθεῖ
3109 1565 3308 1628 θανὼν,
3353 1564 3454 1617 οὐκ
3486 1561 3633 1634 εἶχεν
3665 1562 3760 1616 οὐδ’

2195 1658 2489 1728 εὐσχήμως
2528 1659 2775 1721 κεῖσθαι,
2807 1659 2890 1712 ὅτι
2931 1658 3064 1726 μηδὲ
3110 1657 3404 1726 κατεκλίθη
3449 1658 3590 1726 προς
3630 1657 3760 1708 θέσιν

2195 1748 2460 1817 ἔμφρονα.
2499 1748 2803 1802 Κάντεῢθεν
2843 1749 3171 1820 παραφήνας
3192 1788 3206 1813 ,
3253 1746 3290 1800 ει
3322 1746 3396 1816 μὴ
3430 1745 3629 1814 χρεὼν,
3657 1747 3762 1811 ὲγε-

2197 1840 2370 1909 λάσθη
2390 1840 2450 1892 οὐ
2475 1840 2710 1906 πολλοῖς,
2733 1841 2868 1895 ἀλλὰ
2884 1841 2968 1909 ὐφ’
2992 1840 3109 1903 ἑνός
3135 1857 3302 1906 τινος,
3321 1832 3383 1892 οὐ
3407 1837 3481 1908 μὴ
3503 1838 3760 1908 προσῆκε,

2197 1933 2291 1985 καὶ
2339 1931 2510 1986 αὐτοῦ
2564 1932 2820 2003 ἄφρονος.
2875 1933 2940 1985 Οῑ
2993 1935 3176 2001 μέντοι
3219 1931 3434 2001 φρενῶν
3489 1931 3600 1983 έσω
3649 1929 3760 1982 οὐτε

2199 2025 2659 2094 περιειργάσαντο
2688 2025 2836 2089 ἰδεῖν,
2861 2024 2897 2078 ἃ
2927 2024 3001 2095 μὴ
3021 2024 3216 2094 θέμις·
3246 2024 3381 2077 ἀλλὰ
3403 2025 3500 2077 καὶ
3529 2021 3761 2091 ἔκρυψαν

2197 2118 2290 2170 τὸν
2325 2120 2386 2170 ὲν
2411 2118 2471 2170 οὐ
2511 2116 2682 2170 δέοντι
2705 2117 3189 2174 ἀκατακάλυπτον.
3232 2115 3450 2186 ’Δμέλει
3487 2117 3581 2168 καὶ
3625 2116 3763 2166 αὐτοὶ

2201 2210 2302 2278 μὲν
2333 2209 2710 2279 εὐλογήθησαν
2739 2210 2846 2262 ὑπό
2873 2227 2934 2262 τε
2976 2209 3072 2262 τοῦ
3107 2209 3370 2279 κειμένου
3391 2247 3406 2273 ,
3434 2208 3528 2260 ὅτε
3555 2208 3762 2275 γέγονεν

2201 2301 2306 2366 ἔξω
2351 2301 2526 2368 οῐνου,
2575 2304 2668 2355 καὶ
2721 2301 2813 2355 ὑπ’
2871 2301 3038 2356 αὐτοῦ
3083 2300 3220 2355 θεοῦ
3277 2301 3372 2354 τοῦ
3425 2301 3762 2370 διακριτικωο

2197 2393 2385 2446 τάτου.

2271 2484 2379 2556 κη’.
2413 2485 2522 2539 Καί
2560 2503 2649 2556 μοι
2680 2486 2990 2556 θεωρητέον
3045 2485 3105 2540 τὸ
3154 2488 3388 2554 πρᾶγμα
3433 2485 3530 2538 καλ⁵
3564 2484 3758 2546 οὕτως·

2212 2579 2514 2651 Ἐμέθυσεν
2547 2581 2835 2652 ἄνθρωπος
2885 2582 3062 2652 μέγας
3108 2581 3338 2644 ἐκεῖνος,
3369 2583 3760 2651 ἡσχημόνησεν,

2203 2672 2474 2740 ὶγελάσθη
2535 2672 2677 2742 πρός
2734 2688 2900 2734 τινος.
2964 2671 3349 2740 ’Δφυπνισθεὶς
3406 2671 3620 2723 ἐκείνου
3677 2671 3762 2739 μὲν

2203 2765 2452 2833 κατέγνω
2485 2765 2578 2818 καὶ
2611 2763 2948 2834 ἐπηράσατο,
2990 2764 3116 2826 τοὺς
3153 2763 3210 2816 δὲ
3253 2763 3542 2830 ἀνομοίους
3585 2764 3761 2831 ἐκείνῳ

2203 2857 2489 2924 εὐλόγησε.
2533 2857 2647 2910 Καὶ
2700 2857 2734 2926 ή
2800 2854 3019 2922 εὐλογία
3074 2854 3240 2923 πολλὴ
3276 2853 3371 2906 καὶ
3408 2853 3584 2920 καλή·
3620 2853 3761 2905 καὶό

2203 2949 2335 3012 Θεὸς
2370 2948 2666 3012 ἐπινεύσας
2698 2948 2925 3012 ἀνωθεν,
2961 2948 3168 2999 ἐκεῖνον
3215 2947 3315 3015 μὲν
3373 2946 3558 3015 ἀφῆκε
3615 2946 3760 2998 πάλιν

2205 3038 2343 3094 εἶναι
2383 3040 2582 3110 μέγαν,
2618 3040 2915 3112 περίοπτον
2945 3039 3050 3103 ἕως
3086 3041 3180 3092 καὶ
3213 3038 3329 3102 νῦν,
3363 3042 3458 3092 καὶ
3501 3041 3577 3103 είς
3607 3039 3761 3092 αίῶνσ

527 3131 581 3184 in
619 3140 936 3200 perpetuum
969 3133 1042 3186 ita
1078 3131 1345 3186 futurum.
1382 3132 1718 3188 Caeterorum
1752 3143 1932 3188 autem
1963 3147 2103 3202 quos

2209 3135 2260 3188 δὲ
2293 3135 2534 3189 τοιοῦτον
2565 3135 2824 3204 ἐσόμενον
2844 3151 2858 3165 ·
2890 3135 3000 3188 τῶν
3034 3133 3089 3187 δὲ
3123 3133 3326 3188 λοιπῶν
3351 3133 3446 3197 οὓς
3480 3134 3578 3201 μὲν
3612 3136 3638 3187 δ
3675 3135 3760 3203 μέ-

525 3225 742 3294 quidem
794 3226 888 3281 ille
916 3239 1147 3296 magnus
1173 3225 1470 3292 benedixit,
1508 3229 1694 3282 sanxit
1721 3227 1846 3284 illos
1878 3243 2102 3284 manere

527 3318 838 3373 benedictus
863 3317 1170 3389 dignosque
1199 3319 1358 3373 bona:
1380 3307 1658 3373 memoria
1682 3319 1735 3373 in
1756 3329 2101 3388 perpetuum;

527 3412 791 3466 adversus
846 3419 1025 3466 autem
1080 3410 1429 3466 maledictum
1449 3412 1564 3480 ipse
1610 3411 1940 3480 suﬂragatns
1996 3419 2104 3466 est.

599 3502 692 3555 29.
743 3502 857 3557 Cur
895 3503 967 3555 ita
996 3501 1234 3572 iudicas,
1266 3503 1535 3557 Domine?
1568 3501 1792 3557 Ebrium
1836 3503 2107 3572 castigare

534 3595 783 3663 negligis.
841 3593 961 3648 Non
992 3602 1170 3648 autem
1213 3593 1320 3648 hoc
1364 3593 1568 3659 solum,
1607 3593 1702 3650 sed
1755 3596 1920 3649 etiam
1986 3593 2107 3662 ejus

528 3686 723 3753 placita
783 3686 1052 3754 comples;
1113 3686 1392 3739 benedicis
1441 3687 1661 3756 quidem
1694 3685 1966 3755 quosipse
2015 3684 2108 3738 be-

525 3778 774 3842 itcdixil;
835 3778 1268 3832 maledicendum
1322 3793 1446 3834 esse
1493 3779 1751 3834 decernis
1817 3778 2106 3838 miserum.

534 3875 586 3924 in
623 3887 785 3939 quem
831 3871 922 3926 ille
965 3871 1404 3925 maledictionem
1435 3871 1646 3940 injecit.
1695 3871 1878 3931 Certe,
1906 3871 2105 3938 inquit,

531 3972 579 4015 «ιι
615 3963 715 4017 l'eei
750 3963 851 4028 sic,
901 3970 957 4018 et
991 3964 1400 4032 sapientissimo
1431 3963 1641 4033 iudicio
1675 3961 1800 4026 feci,
1833 3977 1944 4017 non
1978 3970 2106 4015 tan-

527 4065 646 4108 tum
679 4055 806 4110 huic
851 4070 1058 4123 magnae
1111 4055 1395 4110 adluerens
1431 4068 1698 4124 personae,
1729 4053 1822 4110 sed
1854 4062 1906 4107 et
1937 4055 2109 4122 ipsius

545 4149 699 4200 Iona:
741 4147 906 4201 indoli
944 4150 1268 4216 ueterisque
1303 4147 1551 4210 dotibus,
1589 4161 1708 4215 qua:
1740 4144 1891 4198 illum
1927 4145 2105 4199 virum

527 4238 736 4304 justum
781 4240 1168 4308 praestiterunt.
1216 4237 1690 4292 Consuetudinem
1725 4236 1832 4290 vini
1869 4252 1976 4291 non
2010 4238 2108 4290 lia-

536 4332 697 4386 bebat
729 4331 894 4385 homo
935 4349 950 4386 :
984 4333 1076 4386 sed
1125 4340 1254 4385 tunc
1281 4334 1516 4401 primum
1557 4329 1625 4384 ad
1662 4329 1806 4384 hunc
1842 4329 2109 4398 liquorem

529 4441 595 4478 ex
630 4440 751 4491 uva,
781 4433 1036 4496 tanquam
1072 4440 1136 4479 ex
1155 4423 1394 4494 quodam
1431 4424 1580 4478 fonte
1607 4423 1922 4486 salientem,
1961 4421 2113 4476 Velut

2208 3241 2310 3292 γας
2343 3226 2552 3286 ἐκεῖνος
2575 3225 2889 3293 εὐλόγησεν,
2929 3221 3205 3293 ἐκύρωσεν
3232 3225 3567 3292 εὐλογητούς
3598 3224 3760 3294 μένειν

2205 3317 2301 3370 xci.
2338 3317 2560 3384 μνήμης
2593 3315 2807 3383 ἀγαθῆς
2835 3315 3021 3381 ἀξίους
3053 3315 3136 3376 είς
3168 3313 3226 3366 τὸ
3269 3313 3518 3381 διηνεκές
3540 3332 3552 3344 ·
3595 3314 3684 3367 τοῦ
3717 3313 3762 3365 δὲ

2209 3409 2603 3476 κατηραμένου
2626 3407 3037 3478 κατεψηφίσατο
3062 3408 3157 3460 καὶ
3186 3407 3371 3470 αὐτός.

2281 3497 2383 3553 κθ’.
2413 3499 2478 3552 Τί
2509 3498 2652 3553 οὕτω
2686 3499 2917 3568 κρίνεις,
2947 3492 2991 3552 ὦ
3023 3499 3236 3569 Κύριες
3279 3500 3529 3569 ’Δφῆκας
3555 3501 3766 3554 κολάσαι

2207 3587 2300 3642 τὸν
2335 3589 2644 3660 μεθυστήνς
2670 3589 2778 3642 Καὶ
2801 3589 2862 3642 οὐ
2887 3590 3045 3656 μόνον
3069 3589 3201 3642 αὐτό
3220 3605 3233 3618 ⁸
3265 3589 3404 3642 ἀλλὰ
3432 3589 3528 3642 καὶ
3557 3590 3767 3657 πληροῖς

2209 3681 2418 3735 ἐκείνου
2449 3679 2754 3751 θελήματα,
2790 3682 2884 3735 καὶ
2921 3682 3164 3749 εὐλογεῖς
3194 3682 3312 3750 μὲν,
3351 3680 3448 3744 οὓς
3482 3682 3550 3735 ἂν
3578 3684 3768 3742 ἐκεῖνος

2210 3774 2410 3845 εὐλογῇ
2435 3792 2448 3807 ·
2473 3774 2816 3843 καταρᾶσθαι
2847 3775 2903 3826 δὲ
2929 3773 3137 3844 κρίνεις
3162 3773 3254 3827 τδν
3285 3775 3546 3834 ἐλεεινὸν,
3645 3775 3770 3825 ἐκεῖ.

2207 3881 2300 3929 τος
2327 3864 2594 3936 ἐπέρριψε
2615 3864 2718 3934 τὴν
2749 3864 2906 3934 ἀράν.
2937 3882 2956 3915 ι
2983 3863 3116 3927 Ναὶ,
3156 3881 3173 3915 t
3201 3864 3358 3932 φησὶ,
3397 3881 3416 3912 ι
3440 3864 3534 3916 καὶ
3558 3863 3771 3927 ἐποίησα

2208 3953 2371 4018 οὕτω,
2398 3954 2494 4008 καὶ
2520 3953 2812 4024 σοφωτάτῃ
2841 3951 3024 4021 κρίσει
3055 3952 3308 4021 ἐποίησα,
3339 3953 3399 4004 οὗ
3432 3953 3591 4020 μόνον
3623 3969 3775 4020 προς-

2209 4042 2466 4112 εσχηκώς
2526 4041 2806 4110 προσώπῳ
2858 4041 3054 4109 ἐκείνῳ
3103 4041 3347 4111 μεγάλῳ,
3403 4041 3542 4094 ἀλλὰ
3577 4045 3670 4094 καὶ
3715 4045 3773 4108 τῇ

2209 4134 2334 4190 κατ’
2361 4133 2524 4188 αὐτὸν
2583 4133 2764 4203 ἀγαθῇ
2818 4133 3064 4202 ποιότητι
3120 4137 3214 4186 καὶ
3256 4136 3366 4196 τοῖς
3427 4132 3656 4195 λοιποῖς,
3687 4135 3774 4185 an

2211 4225 2418 4278 έκεῖνον
2449 4222 2541 4277 τὸν
2575 4224 2786 4276 δίκαιον
2809 4223 2982 4292 ἄνδρα
3011 4223 3407 4292 περιέστησαν.
3434 4223 3552 4275 Οὐκ
3577 4221 3640 4291 ἦν
3663 4221 3775 4285 ἐθὰς

2213 4317 2358 4369 οῐνου
2395 4317 2422 4368 ὁ
2455 4315 2773 4384 ἄνθρωπος’
2815 4314 2952 4368 ἀλλὰ
2998 4314 3122 4366 τότε
3178 4311 3414 4381 πρώτως
3466 4313 3776 4366 ἐκϐλύσαντι

2213 4407 2293 4477 τῷ
2331 4407 2483 4476 ὐγρῷ
2531 4406 2729 4476 τούτῳ,
2761 4407 2859 4460 ὅσα
2891 4405 2985 4458 καί
3011 4422 3156 4466 τινος
3187 4405 3396 4475 πηγῆς,
3441 4409 3542 4475 τῆς
3589 4423 3778 4475 σταφυο

533 4521 598 4570 ad
644 4531 835 4586 aquam
875 4495 1142 4570 accessit:
1180 4525 1233 4568 et
1255 4515 1448 4571 bibens
1488 4515 1693 4579 vinum,
1729 4524 1981 4583 tanquam
2023 4513 2103 4565 in-

2213 4499 2334 4568 λῆς,
2369 4497 2720 4568 προσηνέχθη
2751 4497 2897 4550 καθὰ
2927 4497 3021 4550 καὶ
3055 4496 3242 4550 ὕδατιο
3291 4498 3388 4550 καὶ
3435 4497 3654 4566 ἐμπιὼν
3696 4496 3777 4550 τοῦ

535 4622 770 4662 ιιοουυιη
817 4617 1029 4678 potum,
1072 4608 1216 4676 quod
1274 4607 1462 4662 vinum
1516 4614 1704 4662 natum
1763 4613 1848 4660 est
1898 4605 2100 4668 facere,

531 4707 790 4765 expertus
814 4709 916 4754 est.
965 4697 1079 4755 Hoc
1112 4707 1294 4755 autem
1331 4715 1455 4754 cum
1513 4714 1609 4768 per
1658 4697 2016 4765 oesoplragum
2049 4698 2104 4749 in

536 4804 797 4844 mensura
830 4793 1134 4858 descendit,
1183 4793 1341 4861 plane
1386 4791 1606 4861 quidem
1649 4788 1833 4843 cordis
1864 4787 2106 4841 latitiam

537 4882 701 4949 parit,
741 4881 1116 4938 debilitantem
1173 4898 1304 4938 vero
1337 4891 1619 4950 torporem
1677 4879 1954 4948 producit,
1981 4891 2107 4932 cum

536 4985 821 5043 postquam
861 4985 1011 5030 extra
1062 4991 1372 5031 mensuram
1436 4972 1737 5032 descendit.
1807 4971 2111 5038 exindeque

538 5082 730 5120 rursm
763 5069 1031 5133 ascendit,
1077 5075 1345 5136 occupata
1379 5064 1622 5119 hominis
1644 5076 1793 5126 arce,
1825 5072 2111 5134 tyranntce

541 5170 744 5227 regnat.
771 5158 962 5230 Itaque
1009 5162 1183 5216 iactus
1213 5168 1297 5215 est
1325 5158 1513 5213 ebrius
1549 5157 1713 5210 homo
1749 5157 1832 5211 sic
1856 5158 2021 5212 semel
2044 5172 2110 5211 ex

541 5252 669 5304 vino
703 5267 902 5323 sopore
939 5261 1154 5321 captus;
1207 5251 1326 5313 sed,
1381 5250 1510 5303 licet
1549 5248 1854 5304 inebriatus
1895 5251 1988 5312 sit,
2018 5263 2114 5302 co-

546 5360 779 5411 gnomen
825 5361 888 5399 ex
935 5346 1201 5399 ebrietate
1246 5342 1597 5412 proveniens,
1635 5357 1742 5396 non
1777 5342 1882 5411 ipsi
1930 5353 2112 5395 tamen

544 5435 793 5488 adhaesit.
845 5433 938 5488 Sic
978 5449 1009 5488 e
1047 5434 1330 5488 contrario
1367 5432 1457 5500 qui
1503 5433 1671 5487 seznel
1723 5431 1930 5501 aliquid
1984 5446 2115 5500 pru-

548 5524 742 5577 denter
776 5524 924 5591 fecit,
984 5540 1090 5578 non
1155 5521 1457 5576 secundum
1495 5522 1806 5584 scientiam,
1840 5519 1934 5573 sed
1965 5533 2120 5587 pror-

550 5633 647 5669 sus
677 5617 898 5680 invitus,
943 5630 1041 5668 nec
1093 5613 1334 5685 prudens
1373 5630 1402 5665 ιι
1447 5623 1596 5666 reete
1632 5607 2006 5680 iudicantibus
2035 5609 2121 5662 di-

553 5710 716 5774 citur;
755 5724 930 5778 neque
973 5719 1142 5772 certe,
1169 5705 1264 5776 qui
1323 5703 1490 5760 semel
1532 5700 1829 5770 aliquando
1863 5715 1954 5768 per
1973 5701 2123 5752 acci-

556 5802 694 5855 dens
723 5800 930 5870 aliquid
958 5799 1102 5856 ausit
1129 5799 1301 5864 virile,
1331 5797 1435 5852 viri
1468 5795 1628 5853 [ortis
1651 5808 1850 5848 nomen
1886 5791 2116 5862 accepit.

2211 4589 2381 4651 οἴνου,
2406 4586 2503 4640 ἅτε
2528 4587 2798 4657 νηφαλίου
2823 4586 3087 4655 πόματος,
3111 4585 3330 4653 ἔπαθεν,
3356 4589 3493 4658 ὅπερ
3521 4583 3662 4649 οῐνος
3683 4585 3778 4639 οἶδε

2213 4683 2411 4734 ποιεῖν.
2445 4682 2598 4734 Ποιεῖ
2627 4680 2683 4733 δὲ
2712 4681 2932 4742 πάντως
2961 4680 3170 4743 ἐκεῖνος
3200 4680 3433 4749 καρδίας
3460 4681 3563 4752 μὲν
3593 4682 3780 4748 εὖφρο-

2217 4773 2408 4842 σύνην,
2442 4774 2528 4826 ὅτε
2577 4771 2644 4825 ἂν
2679 4772 2958 4842 κατασαίη
3005 4771 3103 4825 διὰ.
3122 4773 3217 4825 τοῦ
3247 4773 3550 4842 οίσοφάγου
3580 4774 3778 4842 σύμμε·

2215 4882 2344 4936 τρος
2365 4883 2380 4897 ·
2430 4865 2601 4935 κάρον
2633 4865 2692 4917 δὲ
2727 4866 3120 4933 παραλυτικὸν,
3169 4867 3259 4918 ὅτε
3294 4867 3548 4930 καταϐὰς
3591 4869 3778 4935 μέτρον

2221 4958 2416 5028 πέραν,
2450 4952 2571 5010 εἶτα
2615 4957 2848 5020 ἀναϐὰς,
2875 4956 3227 5026 τυραννήσει,
3259 4960 3555 5026 κατασχὼν
3589 4959 3683 5029 τὴν
3726 4961 3777 5008 ὲν

2217 5050 2496 5120 ἀνθρώπῳ
2531 5049 2851 5120 ἀκρόπολιν.
2891 5047 3104 5102 Οὔκουν
3147 5050 3424 5120 μεθυστὴς
3455 5050 3777 5121 ἄνθρωποςό

2218 5139 2392 5203 οὕτως
2441 5140 2590 5204 ἅπαξ
2631 5139 2892 5202 ἑαλωκὼς
2930 5142 2998 5209 τῇ
3033 5138 3094 5202 ἐξ
3134 5141 3281 5193 οῐνου
3326 5142 3642 5210 καταφορᾷ·
3671 5139 3778 5192 ἀλλ’

2221 5230 2498 5302 ἐμεθύσθη
2548 5231 2668 5300 μὲν,
2714 5230 2815 5283 οὐκ
2845 5229 3128 5283 ἑνεκάθισε
3161 5229 3217 5282 δδ
3247 5230 3398 5300 αὐτῷ
3434 5232 3711 5284 ἑντακεῖσα
3748 5228 3776 5296 ή

2225 5327 2289 5380 ἐκ
2323 5325 2493 5393 μέθης
2519 5323 2810 5393 ὀνομασία.
2838 5321 3024 5385 Οὕτως
3075 5325 3141 5374 ὲκ
3173 5321 3270 5374 τοῦ
3312 5324 3558 5376 ἐναντίου
3601 5321 3714 5376 οὐδι
3753 5321 3778 5371 ὸ

2223 5415 2457 5482 εἰσάπαξ
2495 5415 2760 5485 φρόνιμόν
2792 5431 2848 5468 τι
2879 5413 3114 5483 ποιήσας
3150 5414 3224 5482 μὴ
3269 5415 3416 5467 κατὰ
3458 5415 3774 5482 ἐπιστήμην.

2225 5507 2341 5562 ἀλλ’
2369 5511 2452 5571 εἰς
2494 5509 2556 5561 τὺ
2586 5509 2698 5561 πᾶν
2730 5507 2902 5572 ἄκων,
2938 5507 3202 5576 φρόνιμος
3239 5509 3356 5569 τοῖς
3384 5509 3526 5578 ὀρθὰ
3551 5510 3775 5580 κρίνουσι

2227 5604 2485 5670 λέγεται·
2513 5601 2631 5653 οὐδὲ
2661 5599 2768 5670 μὴν
2799 5600 2826 5651 ὁ
2875 5600 2933 5661 ἐς
2967 5601 3095 5668 μίαν
3128 5598 3260 5651 ποτὲ
3299 5601 3555 5670 ἀνδρικόν
3586 5617 3634 5652 τι
3667 5598 3776 5650 rol-

2234 5699 2412 5765 μήσας
2446 5691 2588 5745 κατά
2621 5709 2675 5744 τι
2710 5689 3033 5762 παραπεσὸν
3071 5690 3170 5760 τὴν
3190 5689 3284 5744 τοῦ
3313 5693 3562 5762 ἀνδρείου
3599 5690 3775 5758 κλῆσιν

2235 5786 2607 5856 ἀπηνέγκατο.
2647 5786 2755 5840 Καὶ
2799 5784 2996 5855 δικαίῳ
3054 5783 3111 5838 δὲ
3155 5783 3348 5855 φάθι-τῳ
3383 5783 3630 5838 ἑπισσλεῐ
3659 5794 3770 5832 ποτε
