3982 6246
496 327 606 390 607

1242 341 1675 403 EUSTATHll
1697 341 2111 405 THESSALOl

2217 347 2470 410 IENSIS
2503 347 3069 410 METROPOLsz‘E

3680 348 3796 411 638

499 466 601 516 pro
625 449 802 513 oculo,
851 451 948 508 sed
996 452 1160 511 modo
1211 454 1410 513 leniori
1445 461 1655 515 curabo
1690 454 1946 516 morbum
1976 464 2096 534 ejus

2217 470 2320 523 ιύδὲ
2359 469 2643 539 ὀφθαλμὸν
2679 466 2920 539 ἐξορύξω
2976 466 3094 520 ἀντὶ
3143 456 3465 535 όφθαλμοῦο
3499 463 3683 529 ἄλλως
3732 467 3792 519 δὲ

501 543 594 608 qui
620 543 888 613 peccavit,
935 546 1066 616 quia
1090 549 1294 605 nonad
1319 550 1568 607 umbram
1605 550 1807 607 similis
1838 568 1960 608 sum
1997 570 2091 609 vo-

2188 561 2497 633 ἠπιώτερον
2558 561 2883 632 θεραπεύσω
2940 564 3038 630 τὴν
3074 559 3230 613 νόσον
3273 555 3368 611 τοῦ
3422 556 3785 623 πταίσαντο·,

500 635 606 700 bis,
645 653 662 686 ι
695 637 990 702 siluerunt,
1055 648 1110 695 et
1176 643 1376 711 incepti
1414 644 1630 714 pondus
1678 645 1824 699 sicut
1857 655 1912 701 et
1948 645 2091 717 lapis

2218 671 2270 705 τι
2298 651 2435 721 μηδὲ
2462 652 2562 723 τῆς
2597 652 2757 712 σκιᾶς
2786 648 2896 715 ὲγὼ
2928 649 3046 716 εἰμι
3075 645 3200 699 καθ’
3228 645 3398 713 ὑμᾶς,
3432 660 3451 693 ι
3488 641 3783 712 ἐσίγησαν,

501 730 555 783 in
581 730 731 799 ipsos
775 733 989 789 recidit.
1030 734 1235 791 Etccce
1264 740 1423 794 vobis
1462 740 1744 810 Evangelii
1800 741 1939 811 lapis
1968 741 2089 811 ipsa

2217 743 2280 792 ,αὶ
2322 740 2384 793 τὸ
2434 742 2537 811 τῆς
2569 739 2884 810 ἀμηχανίας
2926 735 3091 808 βάρος
3122 736 3221 788 ὅσα
3252 735 3348 787 καὶ
3381 730 3530 795 λίθος
3575 732 3785 802 ἒρῤίφη

503 825 822 893 margarita,
884 844 1049 896 quam
1105 839 1162 884 ut
1213 831 1495 904 Evangelii
1544 834 1870 904 pretiosam,
1903 836 1969 887 ad
2008 833 2092 887 lu-

501 932 657 969 crum
693 920 1135 989 negotiabimini.

2185 832 2272 884 ἐπ’
2318 829 2540 894 αὐτούς.
2601 829 2713 884 Kal
2775 828 2885 882 ἰδοὺ
2941 828 3070 897 ὑμῖν
3121 824 3271 887 λίθος
3316 815 3476 885 οὗτος
3535 821 3786 887 Εύαγγε-

2186 923 2327 990 λίου,
2389 921 2581 993 θαρρῶ
2641 922 2699 975 δὲ
2749 921 2918 989 φάναι
2969 916 3250 988 ἀσφαλῶς,
3306 915 3403 969 καὶ
3465 915 3779 985 μάργαρος,

500 1010 624 1062 ἐπεὶ
684 1013 779 1065 καὶ
826 1011 977 1066 λίθου
1029 1011 1172 1079 εἶδός
1223 1033 1278 1070 τι
1343 1017 1438 1072 καὶ
1495 1018 1525 1071 6
1573 1020 1880 1090 μάργαρος,
1919 1018 1978 1073 δν
2016 1018 2092 1083 ὡς
2130 1014 2489 1085 εὐαγγελικὸν
2512 1013 2880 1084 πολυτίμητον
2912 1013 2990 1076 sl;
3048 1011 3451 1082 κερδαλεότητα
3505 1007 3781 1078 ἐμπορεύ-

504 1103 684 1159 σεσοε.

574 1202 664 1257 '62.
726 1202 856 1257 Erat
899 1215 1084 1259 autem
1128 1204 1198 1259 ibi
1230 1207 1590 1263 victoriosum
1643 1206 1951 1263 Salvatoris
1990 1210 2088 1263 ad-

506 1311 698 1349 versus
724 1296 846 1350 illos
876 1311 1097 1353 severos
1128 1299 1342 1368 inlices
1371 1309 1753 1370 argumentum
1787 1316 1814 1353 a
1845 1301 2090 1355 fortiori.

511 1405 531 1439 ι
563 1387 619 1442 Si
647 1390 818 1453 enim,
884 1391 1087 1460 inquit,
1126 1408 1230 1463 ego
1269 1395 1360 1462 qui
1405 1393 1527 1448 sine
1557 1402 1785 1459 peccato
1805 1410 1952 1459 sum,
1980 1408 2091 1449 non

498 1478 645 1545 jacio
683 1481 916 1550 lapidem
954 1484 1005 1537 in
1048 1485 1433 1553 peccatricem,
1465 1500 1643 1555 neque
1678 1500 1774 1542 vos
1805 1501 1959 1555 ergo,
1994 1502 2095 1542 nec

501 1569 597 1637 qui
628 1571 782 1626 vobis
800 1582 929 1627 sunt
960 1573 1187 1639 similes,
1221 1590 1455 1644 quorum
1489 1577 1625 1631 nulli
1659 1583 1789 1632 sunt
1822 1577 1967 1632 sicut
1993 1593 2095 1649 ego

505 1670 733 1732 propter
786 1674 1069 1734 peccatum
1133 1667 1281 1737 quod
1334 1669 1386 1721 in
1442 1669 1599 1725 vobis
1648 1678 1769 1735 est,
1805 1670 2095 1740 lapidatio-

505 1768 631 1807 nem
673 1757 979 1812 excusabit.
1017 1759 1324 1827 Ignoscetis
1360 1770 1543 1815 autem
1592 1761 1647 1816 in
1676 1762 1978 1832 iudicando
2018 1765 2098 1821 si-

505 1857 599 1902 cut
637 1863 785 1903 nunc
835 1864 936 1920 ego
978 1851 1200 1920 quidem
1245 1853 1362 1922 ipse
1404 1854 1695 1910 manifeste
1721 1870 1905 1911 coram
1942 1859 2096 1913 vobis

506 1936 716 2007 incipio
757 1937 893 1994 dare
949 1942 1144 2010 legem,
1203 1957 1303 2012 ego
1351 1957 1479 1998 caro
1515 1943 1720 2011 factus,
1773 1962 1876 2017 ego
1909 1949 2097 2018 qniab

505 2037 715 2085 :eterno
774 2045 872 2100 pro
933 2033 1214 2087 communi
1247 2036 1423 2089 salute
1452 2036 1549 2089 tali
1590 2037 1926 2093 discretione
1966 2054 2098 2096 usus

506 2136 654 2188 sum,
688 2126 793 2179 mei
844 2138 973 2179 vero
1031 2125 1262 2194 apostoli
1316 2142 1379 2181 ac
1409 2143 1714 2198 prmcoues,
1737 2146 1765 2183 a
1801 2146 1888 2185 tne
1920 2131 2097 2187 susci-

513 2218 726 2282 pientes
773 2216 942 2286 legem
977 2225 1205 2286 ponent.
1248 2236 1267 2270 ι
1322 2218 1650 2283 Huiusmodi
1700 2220 1948 2275 divinum
2013 2230 2097 2276 ta-

513 2307 747 2372 lentum,
795 2310 862 2360 ad
911 2307 1183 2375 judicium
1233 2317 1289 2364 et
1342 2310 1742 2378 indulgentiam
1787 2313 2096 2381 pertinens,

512 2415 614 2471 per
647 2401 792 2471 quod
830 2401 987 2457 vobis
1044 2403 1276 2457 multum
1318 2402 1424 2458 erit
1474 2404 1713 2471 lucrum,
1775 2406 1973 2475 aliquis
2012 2407 2097 2461 di.

515 2501 686 2557 ceret,
706 2495 1228 2564 superimmensum,
1269 2497 1313 2550 si
1355 2496 1479 2565 quis
1497 2496 1639 2551 forte
1665 2513 1829 2567 super
1851 2500 1995 2568 quod
2013 2507 2101 2554 est

517 2583 845 2639 immensum
868 2586 1100 2640 inveniri
1121 2596 1330 2657 posset.

586 2679 676 2733 55.
732 2679 836 2734 Sed
864 2680 996 2737 mihi
1026 2683 1242 2738 videtur
1270 2684 1441 2754 quod,
1484 2692 1540 2738 ut
1571 2700 1635 2741 ex
1670 2685 1737 2742 iis
1757 2700 1878 2756 quae
1912 2687 2015 2741 sub
2043 2703 2103 2741 o-

515 2773 661 2829 culis
701 2785 831 2829 sunt
876 2777 1280 2843 animadverto,
1323 2778 1574 2849 plerique
1604 2795 1798 2835 sumus
1828 2780 2101 2838 inhabiles

517 2867 585 2921 ad
602 2868 1099 2924 administrandqu
1121 2870 1433 2940 huiusmodi
1459 2872 1687 2935 bonum,
1718 2872 1789 2926 ob
1811 2873 2103 2942 pusillani-

519 2960 763 3015 mitatem
794 2977 915 3032 qua!
944 2962 1102 3018 nobis
1134 2963 1301 3030 inest,
1336 2963 1475 3019 alias
1495 2973 1678 3018 autem
1719 2964 1789 3020 ob
1831 2964 2104 3022 examinis

519 3054 791 3110 defectum
835 3056 889 3110 in
931 3056 1330 3123 accidentibus,
1357 3073 1572 3113 necnon
1625 3060 1695 3113 ob
1730 3060 2102 3128 suspicionem

2262 1202 2365 1271 λβν.
2406 1194 2515 1254 Ἦν
2547 1198 2603 1253 δὲ
2632 1197 2742 1270 ἄρα
2774 1193 3012 1250 ἐνταῦθα
3051 1195 3113 1247 τὸ
3161 1192 3447 1263 νικητικὸν
3476 1191 3573 1246 τοῦ
3602 1192 3785 1263 Σωτῆ-

2196 1313 2287 1367 ρος
2316 1293 2658 1363 ἐπιχείρημα
2693 1291 2836 1344 κατά
2863 1290 2972 1342 τῶν
2996 1287 3294 1358 αύπηρῶν
3321 1288 3553 1339 ἐκείνων
3580 1284 3783 1354 κριτῶν

2194 1390 2259 1442 ὲκ
2288 1387 2383 1440 τοῦ
2421 1385 2687 1454 μείζονος.
2715 1401 2732 1434 ι
2764 1383 2824 1435 El
2849 1382 2977 1452 γὰρ,
3015 1400 3034 1434 υ
3059 1381 3249 1453 φησὶν,
3279 1399 3298 1432 ι
3331 1377 3449 1448 ἐγὼ
3480 1381 3507 1431 6
3540 1378 3787 1447 ἀναμάρ-

2194 1497 2359 1550 τητος
2415 1478 2478 1533 ού
2534 1476 2714 1547 βάλλω
2764 1475 2910 1528 λίθον
2962 1475 3102 1528 κατὰ
3131 1475 3229 1538 τῆς
3267 1469 3625 1541 ἀμαρτωλοῦ,
3673 1469 3781 1522 οὐδ’

2201 1573 2312 1642 ἀρα
2355 1571 2511 1640 ὑμεῖς
2559 1570 2654 1622 καὶ
2699 1570 2749 1622 οἱ
2796 1568 2919 1622 καθ’
2951 1568 3115 1636 ὑμᾶς,
3153 1566 3203 1618 οἱ
3237 1564 3471 1635 μηδένες
3502 1563 3641 1633 πρὸς
3686 1562 3782 1631 ἐμὲ

2202 1665 2290 1717 διὰ
2321 1665 2381 1717 τὸ
2406 1665 2463 1717 ὲν
2489 1663 2619 1732 ὑμῖν
2640 1662 2828 1731 ὲφάμα
2841 1678 2986 1733 ρτον,
3016 1660 3277 1731 ποιήσετε
3305 1659 3370 1712 τὸ
3400 1660 3460 1711 ὲν
3488 1658 3679 1726 ἐφέσει
3710 1656 3785 1708 λί-

2206 1754 2429 1822 θοισμα⁹
2464 1753 2955 1822 συγγνωμονῆσαι
3015 1750 3073 1804 δὲ
3128 1749 3376 1821 δηλονότι
3433 1746 3785 1818 εὐεπηϐὄὶως

2200 1847 2344 1901 κατά
2371 1848 2668 1917 διάκρισιν,
2704 1844 2780 1909 ὡς
2808 1843 2906 1897 νῦν
2949 1844 3049 1914 μὲν
3084 1843 3197 1912 ἐγὼ
3228 1844 3390 1905 αὐτὸς
3431 1843 3786 1911 ὀφθαλμοφα-

2201 1941 2308 2005 νῶς
2340 1941 2573 1994 ἐνώπιον
2619 1940 2776 2010 ὑμῶν
2820 1938 3169 2008 κατάρχομαι
3204 1935 3540 2007 νομοδοτεῐν,
3594 1951 3785 2002 σαρκο-

2201 2035 2368 2104 φόρος
2407 2030 2505 2098 ὢν,
2533 2033 2562 2085 6
2597 2033 2693 2084 atat
2720 2028 2779 2094 ἐξ
2804 2027 3001 2090 αἰῶνος
3028 2025 3204 2097 ταύτῃ
3228 2023 3521 2096 χρώμενος
3554 2021 3647 2075 ἐπὶ
3687 2038 3785 2073 σω-

2199 2126 2368 2198 τηρίᾳ
2401 2124 2558 2194 κοινῇ
2586 2139 2599 2152 ·
2631 2122 2683 2176 oi
2711 2121 2769 2174 δὲ
2807 2120 2930 2188 ἐμοὶ
2962 2117 3253 2172 ἀπόστολοι
3282 2116 3380 2170 καὶ
3411 2115 3657 2186 κήρυκες
3694 2112 3783 2166 ἀπ’

2203 2219 2340 2288 ἐμοῦ
2373 2217 2630 2278 λαϐόντες
2659 2213 3105 2284 νομοθετήσουσι,
3144 2229 3163 2262 ι
3195 2208 3441 2263 τοιοῦτον
3492 2208 3590 2260 καὶ
3631 2207 3785 2259 τοῦτο

2203 2311 2348 2365 θεῖον
2379 2308 2666 2375 τάλαντον,
2705 2305 2765 2359 τὸ
2804 2304 2944 2359 κατὰ
2976 2304 3251 2373 διάκρισιν
3296 2302 3394 2355 καὶ
3428 2297 3781 2367 συγγνώμην,

2202 2403 2271 2456 δι’
2305 2395 2368 2456 οὗ
2393 2400 2617 2455 πολύτὸ
2643 2399 2836 2471 κέρδος
2867 2398 2995 2466 ὑμῖν
3025 2395 3202 2459 ἔσται,
3235 2394 3385 2447 εἴποι
3411 2392 3459 2445 δ’
3485 2391 3553 2444 ἂν
3579 2405 3684 2455 τις,
3713 2389 3782 2451 ὡς

2204 2496 2300 2550 καὶ
2331 2495 2728 2565 ύπεράπειρον,
2776 2492 2830 2544 εί
2878 2490 2931 2543 τί
2987 2505 3091 2542 που
3153 2487 3271 2541 εστι
3324 2482 3783 2555 λογιστεύσοισθαι

2204 2589 2349 2660 ὑπὲρ
2380 2589 2439 2643 τὸ
2458 2588 2708 2659 ἄπειρον.

2278 2703 2382 2772 λγ¹.
2429 2700 2593 2754 Ἀλλά
2630 2700 2773 2754 δοκῶ
2815 2716 2927 2769 μοι,
2965 2698 3060 2763 ὥς,
3090 2696 3148 2763 ἐξ
3173 2690 3245 2749 ὧν
3273 2695 3489 2766 βλέπων
3516 2691 3781 2755 κατανοῶ,

2207 2795 2421 2866 ἄτεχνοί
2448 2798 2613 2864 ἐσμεν
2642 2794 2691 2847 οἱ
2730 2792 2917 2846 πολλοὶ
2946 2789 3429 2862 μεταχειρίζεσθαι
3453 2787 3518 2841 τὸ
3546 2786 3783 2840 τοιοῦτον

2208 2886 2372 2942 καλὸν
2402 2886 2491 2940 διὰ
2529 2885 2895 2957 μικροψυχίαν
2932 2884 3030 2953 τὴν
3060 2886 3116 2936 ὲν
3145 2883 3296 2953 ἡμῖν,
3340 2880 3459 2933 ἔστι
3501 2877 3560 2932 δὲ
3594 2872 3655 2932 οὗ
3698 2878 3782 2930 καὶ

2207 2981 2298 3034 διὰ
2326 2981 2383 3034 τὸ
2417 2982 2473 3033 ἐν
2505 2980 2612 3044 τοῖς
2646 2978 3057 3048 συμπίπτουσιν
3092 2976 3469 3040 ἀνεξέταστον,
3500 2974 3562 3026 οὐ
3595 2973 3702 3042 μὴν
3731 2971 3783 3021 δὲ

2209 3076 2345 3130 ἀλλᾶ
2379 3074 2472 3129 καὶ
2499 3073 2588 3129 διὰ
2619 3073 2680 3127 τὸ
2715 3072 3072 3143 καχύποπτον
3099 3071 3194 3124 καλ⁵
3223 3068 3482 3139 ἐλαφρὸν,
3509 3066 3653 3120 ὀκνῶ
3682 3067 3783 3134 γὰρ

520 3161 585 3201 ac
616 3145 922 3215 levitatem;
949 3157 1184 3205 cunctor
1214 3151 1360 3205 enim
1400 3151 1604 3215 dicere,
1637 3160 1691 3205 et
1723 3152 1793 3205 ob
1816 3151 2102 3205 invidiam.

2217 3169 2406 3235 εἰπεῖν,
2455 3167 2530 3231 ὡς
2572 3167 2669 3220 καὶ
2707 3165 2797 3219 διὰ
2837 3165 2898 3217 τδ
2932 3163 3219 3235 φθονερόν.
3267 3162 3365 3216 Ἐκ
3393 3160 3653 3214 τοιούτων
3683 3158 3783 3227 γάρ

523 3240 564 3294 Ε
583 3239 782 3295 talibus
813 3244 959 3296 enim
996 3243 1328 3311 quibusdam
1363 3242 1686 3312 plerumque
1721 3242 1906 3298 causis
1937 3243 2106 3313 perli-

523 3332 671 3387 citur
696 3334 1103 3404 praeiudicium,
1124 3335 1282 3405 cujus
1312 3336 1538 3390 ell‘ectus
1566 3345 1651 3390 est
1687 3335 2107 3404 lmplacabilitas

523 3427 577 3479 in
611 3428 693 3482 eis
715 3428 804 3496 qui
840 3444 948 3482 non
990 3430 1167 3484 solent
1214 3429 1381 3485 etiam
1407 3430 1498 3484 ubi
1542 3444 1650 3483 non
1666 3437 1910 3500 oportet,
1940 3429 2110 3499 spiri-

524 3522 752 3576 tnaliter
798 3522 1156 3590 patrocinari,
1220 3523 1314 3578 sed
1350 3539 1475 3578 cum
1527 3524 1738 3580 severis
1762 3524 2110 3578 accusatori-

528 3617 631 3670 bus
663 3615 925 3671 inveniri.
978 3615 1044 3670 lli
1085 3616 1384 3672 crudeliter
1436 3617 1751 3688 exasperati
1787 3617 1981 3686 iraque
2012 3616 2113 3672 ub-

529 3710 744 3772 raecatl,
781 3721 834 3764 et
880 3709 1004 3764 ideo
1049 3712 1192 3765 male
1240 3711 1512 3777 videntes,
1555 3725 1664 3765 non
1702 3712 1879 3766 solum
1926 3710 2113 3766 trabes

530 3801 752 3856 curiose
781 3800 1071 3872 plusquam
1095 3808 1312 3872 oportet
1346 3803 1655 3872 inquirunt.
1689 3802 1783 3859 sed
1827 3803 2013 3866 etiam.
2065 3800 2112 3857 si

531 3907 654 3962 qua
687 3890 827 3948 forte
858 3893 930 3948 sit
964 3893 1113 3963 palea
1164 3892 1427 3960 fraterna,
1485 3903 1744 3965 tanquam
1780 3894 1835 3955 in
1870 3903 2113 3948 montem

532 3984 878 4057 Olympicum
919 4001 1041 4042 eam
1101 3996 1456 4057 exaggerant.
1493 3986 1556 4042 Et
1588 3989 1679 4042 ubi
1722 3987 1801 4044 sic
1833 3986 2111 4058 iudicant,

533 4094 663 4132 eum
701 4079 793 4149 qui
826 4079 1239 4148 quomodolibct
1275 4086 1499 4150 propter
1538 4080 1778 4150 aliquam
1812 4094 1880 4134 ex
1912 4086 2112 4133 natura

536 4170 922 4225 necessitatem
964 4171 1136 4241 spuit,
1180 4168 1447 4242 iniuriose
1469 4185 1776 4242 conspuere
1820 4177 2032 4234 tenent,
2064 4178 2118 4225 et

532 4265 627 4335 qui
649 4264 973 4333 simpliciter
1003 4271 1205 4331 screat,
1228 4263 1507 4320 hostiliter
1537 4280 1782 4333 screare,
1813 4265 2117 4320 indiscrete

537 4356 642 4425 ipsi
691 4355 975 4425 iudicant;
1032 4364 1444 4426 unguentorum
1493 4367 1674 4412 autem
1734 4356 2114 4412 inunctionem

538 4463 639 4520 pro
684 4448 830 4505 omni
871 4446 1139 4504 eﬂ'usione
1171 4448 1395 4505 habent.
1424 4448 1542 4504 Non
1587 4450 1850 4506 salutavit
1893 4465 1996 4506 nos
2026 4448 2120 4506 ille

540 4539 764 4611 quidam
801 4538 1117 4596 transiens:
1155 4555 1285 4611 ergo
1326 4541 1456 4596 fecit
1491 4541 1776 4612 injuriam,
1803 4551 1897 4597 aut
1921 4543 2116 4597 Saltem

541 4642 888 4704 (ontemptor
915 4642 1021 4689 est.
1051 4631 1282 4689 Obviam
1316 4634 1519 4698 factus,
1566 4649 1675 4690 non
1713 4636 1988 4690 allocutus
2020 4644 2125 4701 est,

542 4742 650 4781 non
690 4726 834 4792 risit,
863 4741 964 4782 nec
996 4729 1158 4782 etiam
1194 4728 1426 4784 subrisit
1461 4745 1476 4783 :
1506 4742 1637 4797 ergo
1671 4727 1832 4783 nobis
1864 4725 2130 4781 inimicus

542 4828 647 4876 est.
666 4819 817 4876 Talis
835 4819 981 4877 hunc
1010 4829 1066 4876 et
1097 4821 1248 4876 illum
1282 4821 1519 4890 benigne
1544 4819 1789 4887 suscepit
1826 4827 1881 4875 et
1925 4816 2133 4886 ample-

546 4926 649 4967 xus
667 4920 773 4968 est:
808 4912 984 4967 nostri
1018 4928 1149 4977 vero
1169 4928 1277 4968 non
1302 4911 1555 4965 meminit
1593 4927 1607 4964 :
1641 4926 1773 4982 ergo
1810 4909 2131 4979 huiusmodi

548 5006 785 5075 hostilis,
811 5022 913 5061 nec
944 5004 1236 5076 hospitalis
1260 5047 1276 5071 ,
1319 5019 1418 5058 nec
1473 5000 1712 5058 alTabilis
1749 5009 1855 5057 est.
1888 5001 2125 5069 Quidam

545 5115 575 5154 a
604 5099 760 5154 nobis
792 5097 1071 5169 paululum
1095 5097 1340 5151 offensus
1358 5103 1548 5149 contra
1569 5110 1669 5150 nos
1687 5095 1967 5166 loquitur:
1998 5110 2128 5166 ergo

549 5190 852 5246 maledicus
876 5201 931 5244 et
961 5189 1236 5260 litigiosus
1269 5196 1325 5244 et
1356 5187 1759 5245 contentiosus.
1794 5185 1972 5258 Papas
2012 5187 2130 5243 heri

549 5300 848 5356 percussus
871 5299 900 5337 a
925 5283 1163 5337 nobisin
1187 5279 1490 5345 maxillam,
1511 5279 1708 5334 deinde
1730 5279 1869 5351 fugae
1887 5280 2130 5345 deditus,

548 5387 604 5432 ct
629 5376 793 5431 hodie
816 5384 1041 5446 ragatus
1064 5381 1125 5428 ut
1148 5372 1426 5427 maxillam
1452 5380 1630 5427 vertat
1653 5372 1907 5439 alteram,
1948 5378 2131 5428 retro-

551 5470 697 5524 cedit
726 5479 781 5523 et
831 5467 1016 5521 renuit
1049 5465 1298 5537 praebere
1331 5462 1588 5519 maxillas
1634 5464 1701 5519 ad
1731 5458 2133 5535 accipiendam,

555 5563 718 5618 nobis
765 5560 1158 5633 plaudentibus
1219 5567 1273 5612 et
1321 5557 1633 5613 laetantibus
1699 5573 1764 5614 ac
1802 5557 2135 5625 ridentibus,

556 5669 818 5708 sonoram
858 5651 1071 5722 alapam
1101 5666 1116 5704 :
1168 5664 1301 5720 ergo
1336 5649 1460 5704 talis
1492 5651 1656 5704 homo
1694 5650 2138 5721 praescriptionis

557 5743 891 5813 evangelicae
932 5754 1308 5811 transgressor
1334 5751 1421 5796 est
1452 5757 1517 5796 ac
1550 5758 1759 5797 memor
1786 5743 2136 5813 iniuriarum.

563 5833 887 5908 Loquimur,
915 5848 969 5895 et
999 5835 1152 5894 audit
1176 5850 1335 5907 :ergo
1363 5836 1613 5907 dolosus,
1654 5846 1704 5894 et
1749 5837 1869 5893 idco
1899 5845 2137 5894 attentus

2209 3278 2373 3315 τινων
2407 3261 2482 3322 ὡς
2522 3260 2590 3313 τὰ
2618 3258 2792 3312 πολλὰ
2838 3257 3030 3311 αἰτιῶν
3073 3255 3423 3311 ἀποτελεῖται
3459 3252 3521 3306 τὸ
3550 3250 3786 3318 ἀδιάκρι-

2210 3371 2323 3420 τον,
2352 3347 2414 3407 οὗ
2448 3351 2799 3421 ἀποτέλεσμα
2828 3348 2890 3402 τὸ
2920 3348 3310 3417 ἀσύγγνωστον
3360 3347 3514 3416 παρά
3568 3360 3634 3413 γε
3682 3344 3785 3402 toi;

2217 3449 2290 3519 μὴ
2324 3448 2598 3518 πεφυκόσι
2624 3448 2721 3500 καὶ
2749 3445 3099 3517 συνηγορεῖν,
3130 3443 3257 3496 ἔνθα
3292 3443 3368 3512 μὴ
3401 3439 3605 3513 χρεὼν,
3636 3458 3786 3494 πνευ-

2218 3540 2484 3611 ματικῶς,
2538 3536 2653 3592 ἀλλ’
2702 3537 2761 3589 ὲν
2816 3535 3115 3604 ἀποτόμοις
3164 3533 3501 3601 κατηγόροις
3546 3530 3635 3583 ἀεὶ
3671 3529 3785 3581 τάτ-

2214 3633 2402 3685 τεσθαι
2427 3646 2441 3662 °
2478 3629 2527 3683 οἲ
2557 3628 2745 3689 δεινῶς
2775 3624 3286 3698 ὲμπικραινόμενοι,
3331 3623 3427 3677 καὶ
3474 3621 3635 3692 θυμῷ
3672 3638 3784 3675 σκο-

2217 3725 2307 3776 τού
2320 3741 2489 3794 μενοι,
2520 3721 2614 3775 καὶ
2643 3719 2788 3775 οὕτω
2821 3716 3294 3790 παραϐλέποντες,
3320 3715 3381 3767 ού
3415 3715 3579 3785 μόνον
3606 3714 3785 3774 δοκοὺς

2217 3816 2383 3869 πλέον
2431 3813 2525 3868 τοῦ
2572 3812 2785 3874 δέοντος
2831 3808 3314 3880 περιεργάζονται,
3354 3803 3492 3858 ἀλλὰ
3528 3802 3646 3869 καὶ,
3675 3804 3726 3857 εἴ
3744 3803 3786 3853 τί

2219 3926 2320 3961 που
2350 3907 2562 3977 κάρφος
2595 3904 2904 3972 ἀδελφικὸν,
2942 3901 3017 3964 ὡς
3044 3901 3123 3962 εἰς
3153 3899 3280 3968 δρος
3310 3896 3572 3965 ὀγκοῦσιν
3603 3894 3789 3962 Ὀλύμ-

2221 4019 2364 4055 πιον.
2400 3999 2510 4054 Καί
2541 4015 2644 4051 που
2673 3996 2830 4061 δόξαν
2852 3993 3016 4059 οὕτω,
3040 3992 3132 4045 τὸν
3161 3991 3260 4062 μὲν
3282 3988 3532 4043 ὁπωσοῦν
3561 3986 3789 4040 πτύοντα

2221 4095 2367 4149 κατά
2404 4109 2459 4147 τι
2509 4087 2894 4159 ὲπαναγκάζον
2938 4089 3004 4139 ὲκ
3037 4084 3252 4155 φύσεως
3288 4080 3604 4150 λογίζονται
3637 4095 3793 4131 κατα-

2222 4186 2414 4241 πτύειν
2448 4180 2874 4255 έφυϐριστικῶς,
2935 4178 3025 4232 τὸν
3073 4176 3130 4229 δὲ
3184 4174 3374 4237 ἁπλῶς
3414 4173 3790 4244 χρεμψάμενον

2222 4276 2772 4350 καταχρέμπτεσθαι,
2795 4271 3128 4341 ἀδιακρίτως
3154 4268 3312 4322 αὐτοὶ⁸
3339 4266 3640 4335 κρίνοντες·
3668 4262 3791 4315 τὸδὲ

2224 4367 2738 4435 κατασταλάζεσθαι
2765 4367 3021 4425 στακτοῖς
3059 4362 3255 4433 μύροις
3280 4362 3362 4423 είς
3392 4356 3654 4430 βορϐόρου
3686 4356 3793 4408 ἐπί-

2224 4483 2379 4538 χυσιν
2400 4462 2661 4518 τίθενται.
2699 4459 2778 4514 Ού
2816 4454 3227 4528 προσεκύνησεν
3261 4452 3412 4524 ἡμᾶς
3437 4453 3467 4505 6
3492 4453 3644 4505 δεῖνα
3666 4464 3795 4516 παρ-

2226 4558 2559 4629 ερχόμενος*
2613 4551 2841 4622 ὕϐρισεν
2876 4549 3006 4620 ἀρα,
3055 4546 3088 4616 ἢ
3131 4544 3269 4599 ἀλλὰ
3315 4540 3793 4613 καταφρονητικῶς

2223 4652 2520 4707 διάκειται.
2550 4640 2912 4715 Συνηντηκὼς
2944 4641 3003 4693 ού
3038 4637 3514 4708 προσεφθέγξατο,
3555 4635 3657 4687 οὐκ
3688 4630 3795 4697 ὲγέ-

2225 4746 2411 4809 λασεν,
2473 4739 2596 4794 οὐδὲ
2662 4735 2796 4806 γοῦν
2845 4733 3190 4805 ἐμειδίασενο
3258 4728 3456 4799 ἐχθρὸς
3511 4728 3620 4795 ἀρα
3660 4725 3795 4778 ἐστὶν

2228 4835 2381 4904 ἡμῖν.
2427 4831 2484 4885 '0
2517 4831 2666 4883 δεῖνα
2700 4825 2852 4880 τόνδε
2894 4824 2988 4877 καὶ
3031 4822 3243 4874 ἐκεῖνον
3269 4817 3795 4889 φιλοφρονησάμενος

2231 4922 2328 4974 xal
2356 4917 2776 4986 δεξιωσάμενος,
2795 4910 2954 4984 ἡμῶν
2980 4909 3082 4964 οὐκ
3115 4910 3397 4981 ἐμνήσατο
3421 4925 3434 4936 ’
3467 4906 3660 4978 ἄφιλος
3700 4906 3794 4972 ἀρα

2231 5013 2258 5066 ό
2289 5008 2532 5072 τοιοῦτος
2560 5007 2654 5061 καὶ
2682 5005 2870 5070 ἄξενος
2895 5006 2989 5057 καὶ
3017 5002 3115 5055 οὐκ
3139 5000 3541 5068 εὐυπόληπτος.
3573 4999 3633 5051 ’0
3661 4997 3794 5048 δεῖνα

2232 5102 2417 5175 ἡρέμα
2454 5101 2585 5172 παρ’
2620 5098 2778 5170 ἡμῶν
2825 5094 3183 5167 ὑϐριζόμενος
3215 5090 3529 5146 ἀντιλαλεῖ·
3572 5090 3797 5160 sum.

2241 5215 2339 5267 μος
2387 5196 2495 5267 ἄρα
2540 5191 2658 5246 ἐστὶ
2714 5188 2810 5245 καὶ
2859 5186 3201 5260 ἐριθευτικδς
3251 5182 3345 5237 καὶ
3378 5183 3697 5251 φιλόνεικος.
3719 5178 3793 5267 -Ὂ

2237 5264 2437 5348 παπᾶςῆ
2453 5284 2677 5355 τυφθεὶς
2701 5281 2831 5354 παρ’
2858 5279 3019 5350 ἡμῶν
3046 5277 3272 5345 ἔναγχος
3296 5273 3394 5343 τὴν
3426 5272 3672 5343 παρειὰν,
3692 5264 3792 5320 εἶτα

2239 5378 2553 5447 ἐκδραμὼν,
2593 5375 2689 5427 καὶ
2734 5372 2978 5444 σήμερον
3015 5364 3420 5435 ἀπαιτούμενος
3455 5366 3548 5416 καὶ
3578 5360 3669 5430 τὴν
3698 5358 3791 5410 ἑτέ-

2246 5488 2344 5542 ραν
2376 5467 2632 5539 στρέψαι,
2691 5463 2796 5517 ἀνὰ
2852 5461 2988 5514 πόδα
3038 5459 3226 5530 χωρεῖ,
3266 5455 3445 5508 ὀκνῶν
3497 5456 3664 5525 (put-53v
3707 5452 3787 5509 τὰς

2242 5560 2476 5631 γνάθους
2539 5561 2619 5621 εἰς
2666 5555 2934 5627 ὑποδοχὴν
2972 5551 3254 5624 ψοφὼδους
3305 5551 3669 5619 ῥαπίσματος,
3712 5543 3787 5595 ἐπὶ

2244 5651 2423 5718 κρότῳ
2468 5648 2564 5701 καὶ
2618 5644 2870 5717 ἡμετέρᾳ
2918 5643 3064 5713 χαρᾷ
3103 5640 3195 5692 καί
3228 5639 3461 5707 γέλωτι·
3499 5635 3788 5703 παραϐάτης

2244 5743 2352 5811 ἄρα
2384 5741 2481 5808 τῆς
2514 5736 2877 5806 εύαγγελικῆς
2921 5731 3299 5804 παραγγελίας
3344 5732 3373 5783 6
3410 5732 3684 5799 ἄνθρωπος
3712 5721 3785 5775 καὶ

2249 5835 2611 5906 μνησίκακος.
2637 5828 2943 5901 Λαλοῦμεν,
2974 5828 3066 5882 καὶ
3111 5823 3328 5881 ἀκούει·
3363 5823 3536 5887 δόλιος
3566 5822 3682 5893 ἀρα,
3712 5814 3782 5870 καὶ
