3982 6246
233 303 349 365 C09

1226 310 1312 379 IN
1352 312 1415 376 s.
1440 314 2121 388 QUADRAGESIMAM
2163 308 2456 388 onA‘rto
2486 327 2569 393 II.

3389 344 3497 408 6H)

230 413 328 467 ea
372 415 535 475 τοῦτο
585 421 967 492 προσεκτικός.
1002 421 1396 494 Ἑγχειροῦμεν
1443 424 1678 498 ζημιοῦν
1714 427 1802 482 Ἐκ

1939 426 2235 486 Ecclesiam
2259 432 2456 491 laedere
2489 451 2757 495 conamur
2777 439 3219 513 (supponendurn
3244 455 3331 503 est
3353 456 3497 509 enim

234 510 477 581 πλησίω
507 510 715 580 (θετέον
731 514 839 583 γὰρ
868 512 1011 566 οὕτω
1033 515 1255 583 εἰπεῖν),
1282 519 1309 569 ὁ
1337 517 1394 569 δὲ
1424 518 1709 588 ἀντέχεται
1732 537 1806 575 κα

234 602 563 655 ἀνθίσταται
584 618 597 631 '
623 602 749 668 ὀξὺς
786 603 896 672 ἄρα
931 606 1025 658 καὶ
1061 605 1421 676 ἀφιλάδελφος
1456 615 1547 663 καὶ
1577 610 1699 664 οὐδὲ
1734 613 1822 666 εύ-

233 694 540 761 αγγελικός
591 698 763 750 ἐστιν.
791 692 867 749 Ἦ
908 699 1017 768 γὰρ
1050 698 1116 752 ἂν
1162 699 1239 770 τῷ
1283 698 1489 755 θέλοντι
1528 702 1716 758 λαϐεῖν
1758 706 1820 760 τὸ

231 784 410 838 αὐτοῦ
436 787 651 854 ἱμάτιον
679 790 774 840 καὶ
805 788 899 842 τὸν
928 790 1134 860 χιτῶνα
1162 792 1637 862 προσαπεδύσατο.
1671 795 1820 850 Καθ-

233 876 435 947 ίζομεν
492 878 682 949 λόχους
707 896 720 909 ·
768 883 795 933 ὁ
827 881 883 934 δὲ
925 885 1231 954 προορᾶται
1277 884 1495 952 αὐτοὺς,
1535 888 1630 940 καὶ
1671 887 1818 945 οὕτω

230 969 604 1038 διαφυγγάνει
631 972 722 1025 τὸν
752 972 992 1042 ὄλεθρον.
1023 975 1323 1045 Περίεργος
1351 976 1457 1048 ἄρα
1484 980 1574 1031 καὶ
1604 996 1820 1052 περινε-

230 1063 506 1130 νοημένος
540 1063 711 1118 ἐστίν.
757 1065 1139 1137 Ἀπειλοῦμεν,
1178 1068 1689 1141 μορμολυττόμεθα,
1728 1073 1819 1128 ὲκ-

231 1151 519 1220 φοεοῦμεν
539 1169 553 1184 ο
596 1156 624 1206 ὁ
644 1155 702 1208 δὲ
734 1160 1073 1228 περιφρονεῖ,
1102 1160 1195 1212 καί
1225 1176 1325 1213 που
1356 1162 1452 1214 καὶ
1476 1162 1818 1217 ἀνταπειλεί-

228 1260 348 1298 ται.
381 1245 601 1315 Θρασὺς
628 1248 736 1318 ἄρα
768 1249 908 1305 ἐστί.
940 1250 1462 1322 Κατατοξαζόμεθα,
1519 1257 1816 1324 σφενδονῶ-

232 1352 363 1405 μεν,
383 1337 689 1408 ὲπαφίεμεν
710 1340 974 1407 αἰγανέας
994 1343 1087 1394 καὶ
1118 1342 1323 1412 δόρατα
1340 1361 1355 1377 ·
1390 1349 1417 1400 ὁ
1442 1346 1499 1400 δὲ
1519 1348 1615 1401 καὶ
1641 1350 1817 1421 θωρα-

231 1426 477 1495 κίζεται,
506 1431 599 1484 καί
643 1449 748 1485 που
797 1434 892 1487 καὶ
947 1433 1235 1505 σύμμαχον
1268 1439 1628 1508 προκαλεῖταί
1668 1460 1811 1500 τινα.

227 1521 548 1592 Τολμητίας
569 1523 676 1594 ἀρα
693 1524 808 1578 ἐστὶ
824 1525 920 1580 καὶ
934 1525 1186 1597 ὀχληρός.
1204 1532 1633 1603 Δικαιολογείται
1656 1553 1814 1590 συκο-

226 1613 647 1685 φαντούμενος’
677 1617 1023 1687 ἀντιλογικδς
1051 1618 1160 1691 ἄρα
1181 1621 1347 1676 ἐστίν.
1393 1623 1811 1698 ’Δστράπτομεν

223 1705 357 1759 κατ’
380 1705 549 1760 αὑτοῦ
571 1723 585 1736 ⁸
616 1709 644 1761 ὁ
665 1707 723 1760 δὲ
751 1706 903 1778 μύων
926 1710 1052 1774 τοὺς
1075 1710 1386 1784 ὀφθαλμοὺς
1409 1715 1470 1768 οὗ
1493 1716 1809 1784 δεδίττεται,

224 1797 373 1851 ἀλλά
422 1802 518 1853 καὶ
556 1798 697 1869 μετά
731 1799 832 1871 τὴν
866 1792 1161 1874 ἀστραπὴν
1207 1806 1520 1875 μηχανᾶταί
1547 1824 1602 1862 τι
1650 1810 1811 1873 αὖτδς
1842 1834 1884 1890 Β

226 1889 563 1963 θεράπευμα
595 1892 803 1963 ὄψεως
854 1894 1215 1965 μελετητικδς
1248 1896 1358 1966 ἄρα
1388 1898 1507 1975 ἐστὶ
1552 1900 1647 1953 καὶ
1691 1918 1815 1954 σκε-

225 1982 448 2043 πτικός.
494 1982 733 2038 Ἀκούων
761 1985 912 2038 δεινὰ
938 1986 1217 2056 πολλάκις,
1251 1989 1467 2045 ἵσταται
1497 1991 1646 2056 ἑνεός
1671 2007 1684 2021 ·
1712 1992 1813 2046 ῦπ-

225 2072 386 2147 ουλος
422 2071 534 2146 ἄρα
568 2075 686 2128 ἐστὶ
708 2074 802 2128 καὶ
829 2077 1142 2149 ὲνδόμυχος.
1718 2134 1719 2137 η

298 2164 401 2239 λδ,
437 2166 507 2220 Τί
547 2184 706 2236 φατε,
741 2162 787 2223 ὦ
819 2169 1053 2223 τοιοῦτοι
1088 2172 1276 2240 κριταί
1296 2188 1312 2239 ;
1348 2174 1464 2228 Οὐκ
1493 2173 1695 2244 οἴδατε,
1732 2175 1810 2241 ὡς

226 2255 525 2331 ἀδιάκριτά
548 2261 665 2329 ἐστι
691 2261 863 2315 ταῦτα
891 2261 1092 2325 πάντα,
1120 2265 1215 2317 καὶ
1242 2264 1507 2334 λογισμοῦ
1529 2268 1806 2322 ἀσκέπτων

226 2349 701 2419 γνωματεύματα,
738 2352 796 2404 ὲν
826 2347 907 2415 οἷς
937 2353 1165 2429 οὐδεμία
1201 2356 1319 2409 ἐστὶ
1349 2358 1548 2425 γνῶσις
1585 2360 1810 2431 ἐπιστη-

228 2443 457 2512 μονική.
495 2443 630 2511 ’Ᾱγε
670 2443 756 2514 δὴ,
787 2445 1056 2515 ἐρωτήσω
1104 2445 1254 2513 τοὺς,
1277 2447 1619 2520 ὡςείρηται,
1669 2468 1808 2520 γνωέ

228 2536 674 2607 ματευομένουςο
711 2538 829 2606 καὶ,
880 2539 929 2591 εἰ
977 2539 1258 2608 δύνανται,
1314 2541 1802 2613 ἀποκριθήτωσαν,

224 2629 322 2680 καὶ
350 2627 772 2684 ἀθωωσάτωσαν
817 2632 956 2698 σφᾶς
990 2631 1208 2698 αὐτοὺς,
1241 2633 1325 2701 ἐφ’
1353 2627 1424 2705 ἦς
1460 2635 1806 2705 ἀδιακρισίας

220 2720 572 2787 ἀλίσκονται,
609 2718 820 2788 Ἔστιν,
849 2713 894 2774 ὦ
929 2720 1156 2791 χρηστοὶ
1198 2721 1299 2791 τὴν
1342 2723 1545 2794 κρίσιν,
1575 2724 1677 2777 εἴτ’
1710 2724 1804 2780 οὖν

216 2812 579 2883 κατάκρισιν,
613 2811 968 2866 ἀποκωλῦσαι
1013 2815 1113 2884 τὴν
1174 2815 1340 2883 φύσιν
1390 2817 1486 2891 τοῦ
1515 2817 1591 2888 μὴ
1629 2820 1804 2871 ποιεῖν

217 2903 311 2971 τὸν
340 2902 637 2973 ἄνθρωπον
683 2901 936 2972 ἢπτύειν
963 2902 996 2973 ἢ
1027 2903 1453 2981 Ipsus-uades;
1506 2908 1569 2960 Et
1619 2907 1677 2960 δὲ
1737 2909 1800 2961 σὺ

216 2996 368 3049 κατά
400 2994 498 3048 σοῦ
525 2994 585 3048 τὸ
623 2996 815 3063 πάθος,
841 2989 886 3050 ὧ
909 2988 1087 3063 οὗτος,
1120 2995 1365 3063 γίνεσθαι
1394 2997 1622 3068 κρίνεις,
1643 2999 1804 3053 τοῦτό

216 3090 343 3155 ἐστι
382 3087 444 3141 τὸ
467 3089 615 3160 παρὰ
646 3092 730 3144 σοὶ
760 3088 1095 3157 ἀδιάκριτον,
1129 3088 1317 3160 ὥσπερ
1349 3089 1445 3144 καὶ
1492 3091 1553 3144 τὸ
1582 3091 1805 3162 μυρίζε-

1925 518 1997 573 ita
2042 520 2240 592 loqui).
2283 525 2375 581 ille
2424 543 2555 584 vero
2585 530 2807 587 obsistit
2852 543 2909 589 et
2950 535 3281 595 adversatur
3318 557 3333 595 :
3368 557 3502 614 ergo

1922 611 2218 681 violentus,
2282 623 2339 670 et
2396 618 2625 674 fratrum
2680 639 2791 678 non
2847 637 3079 695 amator,
3126 641 3179 687 et
3203 611 3502 703 Evangelia

1922 706 2235 762 contrarius
2276 716 2383 763 est.
2429 711 2604 765 Aliter
2641 716 2787 769 enim
2815 719 3016 773 volenti
3058 735 3252 790 rapere
3270 726 3494 793 pallium

1920 796 2118 868 ipsius,
2170 815 2376 854 exuens
2427 817 2647 873 quoque
2684 809 2952 877 tunicam,
2981 812 3225 888 cederet.
3257 817 3492 876 Insidias

1921 886 2197 954 ponimus,
2231 889 2347 957 ipse
2371 905 2500 946 vero
2530 896 2794 962 pravidct
2824 914 2918 955 eas
2942 909 2995 956 et
3028 886 3101 958 ita
3132 904 3272 976 fugit
3300 906 3498 964 interi-

1921 984 2082 1034 tum:
2131 996 2264 1052 ergo
2319 984 2575 1040 curiosus
2622 996 2676 1041 et
2722 989 2888 1046 nimis
2923 993 3356 1069 circumspectus
3385 1010 3493 1057 est.

1918 1067 2208 1139 Minamur,
2253 1074 2716 1144 expavefacimus,
2769 1067 3175 1151 terriﬁcamusi
3236 1090 3329 1147 ille
3361 1108 3493 1148 vero

1917 1157 2148 1229 deSpicit
2169 1172 2257 1216 aut
2299 1165 2438 1220 forte
2460 1167 2637 1223 minas
2673 1169 2837 1226 minis
2868 1176 3092 1242 opponit
3124 1193 3293 1250 :ergo
3329 1181 3484 1238 ferox

1922 1259 2025 1306 est.
2051 1254 2251 1307 Arcum
2284 1255 2584 1321 tendimus,
2622 1258 2846 1315 fundam
2872 1270 3212 1333 torquemus,
3246 1271 3490 1339 jaculum

1915 1349 1970 1395 et
2021 1343 2272 1413 sagittam
2327 1348 2677 1417 projicimus,
2737 1353 2852 1422 ipse
2887 1369 3016 1410 vero
3060 1359 3493 1430 thoracejmuui-

1917 1439 2003 1484 tur
2046 1444 2098 1486 et
2150 1434 2288 1490 forte
2313 1440 2599 1507 quemdam
2626 1443 2858 1499 advocat
2904 1448 3287 1505 auxiliatorem
3323 1469 3495 1525 :ergo

1916 1523 2090 1578 audax
2115 1539 2179 1581 ac
2207 1529 2577 1587 turbulentus.
2598 1532 2814 1591 Judicio
2845 1540 3131 1594 contendit
3157 1523 3491 1598 calumniam

1914 1628 2159 1682 passus:
2198 1631 2329 1690 ergo
2379 1622 2757 1680 contradictor
2813 1635 2920 1682 est.
2981 1627 3347 1701 Fulguramus
3389 1634 3488 1689 ad-

1913 1720 2109 1763 versus
2142 1706 2293 1763 illum
2324 1727 2338 1764 :
2403 1710 2494 1767 ille
2524 1728 2655 1770 vero
2703 1715 2970 1774 claudens
2998 1721 3191 1777 oculos
3229 1738 3339 1779 non
3371 1736 3486 1781 ter-

1916 1806 2088 1865 retur,
2140 1804 2236 1856 sed
2299 1816 2353 1857 et
2403 1815 2527 1873 post
2609 1807 3038 1877 fulgurationem
3114 1815 3323 1870 invenit
3376 1819 3493 1886 ipse

1915 1892 2189 1958 quoddam
2214 1895 2517 1951 remedium
2555 1899 2709 1954 visus
2743 1917 2758 1954 :
2810 1918 2941 1971 ergo
2988 1905 3411 1964 meditabundus
3437 1920 3493 1965 et

1914 1982 2291 2070 speculativus
2322 1996 2432 2042 est.
2453 1987 2607 2057 Saepe
2634 1989 2772 2045 dura
2797 1991 3240 2059 audiens,mutns
3273 2013 3489 2070 perma-

1912 2062 2006 2129 nel
2037 2091 2052 2131 :
2084 2091 2214 2146 ergo
2251 2077 2513 2133 subdolus
2543 2087 2630 2134 est
2659 2088 2822 2152 atque
2844 2084 3240 2143 dissimulatus.

1982 2165 2073 2220 34.
2105 2164 2243 2233 Quid
2266 2167 2466 2233 dicitis,
2493 2170 2806 2242 hujusmodi
2840 2173 3083 2244 judices?
3124 2176 3242 2234 Non
3268 2180 3484 2246 videtis,

1909 2255 2053 2325 quod
2108 2257 2402 2316 indiscreta
2457 2272 2585 2318 sunt
2640 2265 2755 2319 lucc
2816 2269 3020 2334 omnia,
3082 2272 3489 2342 temerariaeque

1910 2348 2261 2418 cogitationis
2289 2355 2592 2419 sentcntiae,
2629 2355 2683 2409 in
2736 2358 2935 2427 quibus
2988 2362 3133 2416 nulla
3199 2372 3284 2419 est
3328 2364 3486 2434 juxta

1909 2439 2197 2494 scientiam
2239 2443 2504 2511 c0gnitio.
2570 2446 2681 2516 Age
2714 2463 2866 2518 ergo.
2931 2449 3278 2522 interrogabo
3332 2455 3489 2518 istos,

1908 2528 2210 2597 indicitur,
2258 2536 2667 2603 seutentiosos;
2706 2551 2781 2602 et,
2849 2541 2896 2595 si
2944 2553 3194 2613 possunt.
3265 2559 3490 2615 respon-

1907 2619 2092 2689 deant,
2126 2634 2178 2679 et
2206 2625 2275 2680 ab
2300 2624 2597 2682 indiscreta
2616 2630 2846 2699 judicio,
2877 2646 2987 2703 quo
3053 2636 3485 2703 convincuntur,

1905 2727 1965 2768 se
1997 2712 2249 2771 liberent.
2282 2715 2561 2788 Nunquid,
2610 2735 2642 2774 ο
2670 2721 2798 2777 boni
2843 2725 2913 2778 ad
2963 2724 3340 2794 judicandum,
3372 2730 3488 2788 sive

1907 2807 2090 2877 potius
2122 2808 2188 2862 ad
2210 2810 2708 2880 condemnandum,
2734 2825 2927 2869 natura
2978 2817 3254 2886 prohiberi
3306 2831 3489 2890 potest

1905 2913 1976 2953 ne
2003 2901 2163 2955 faciat
2193 2902 2467 2957 hominem
2502 2905 2587 2959 vel
2621 2921 2883 2975 exspuere
2933 2910 3016 2962 vel
3073 2913 3484 2969 exscreare?Si

1905 3005 2037 3045 vero
2071 3004 2262 3047 contra
2298 3002 2369 3057 te,
2403 3009 2436 3048 ο
2461 2994 2794 3064 hujusmodi,
2822 2998 2961 3053 hanc
2986 2999 3327 3057 affectionem
3364 3003 3483 3061 ﬂeri

1898 3080 2140 3150 judicas,
2188 3083 2292 3139 hoc
2323 3093 2407 3139 est
2435 3100 2465 3139 a
2494 3095 2547 3141 te
2570 3087 2926 3143 discretionis
2979 3090 3246 3161 defectus,
3289 3111 3484 3164 quem-

216 3181 353 3236 σθαι
404 3181 505 3253 μὲν
532 3181 621 3234 διὰ
651 3199 816 3247 τινος,
852 3181 1030 3234 δοκεῖν
1072 3181 1128 3235 δὲ
1168 3181 1414 3253 βορϐόρῳ
1457 3185 1797 3254 χραίνεσθαι,

1909 3173 2195 3229 admodum
2231 3176 2276 3232 si
2309 3178 2433 3246 quis
2466 3188 2743 3248 unguento
2781 3182 3221 3249 perfunderetur,
3274 3187 3480 3241 crede-

215 3275 315 3328 καὶ
345 3275 411 3327 τὸ
441 3272 519 3343 μὴ
546 3272 975 3342 προσκυνεῖσθαι
1009 3271 1111 3342 μὲν
1144 3275 1279 3344 πρός
1308 3290 1453 3336 τινος
1478 3276 1802 3331 ἀπλοῖκευο-

217 3370 417 3437 μένου,
447 3365 719 3436 ἐγκρίνειν
748 3366 804 3418 δὲ
839 3365 970 3418 αὐτὸ
996 3366 1075 3426 είς
1106 3364 1265 3435 ῦὸριν
1300 3367 1398 3419 καὶ
1431 3367 1701 3437 παίγνιον.
1737 3371 1802 3426 Τί

213 3459 271 3510 δὲ
299 3458 443 3512 ἀλλά
474 3458 688 3530 ἀνάγκη
719 3457 797 3530 τῷ
846 3458 1120 3529 ἀνθρώπῳ
1170 3457 1419 3526 ἔγκειταί
1458 3460 1631 3528 ,ποθεν
1674 3462 1800 3527 τοὺς

216 3550 605 3619 συναντῶντας
637 3550 764 3621 είκῆ
801 3550 898 3605 καὶ
929 3551 1111 3622 μάτην
1143 3549 1470 3622 προσλαλεῖν
1507 3552 1604 3606 καὶ
1631 3568 1801 3624 προσ-

213 3624 662 3715 γελᾷνάιιαιρας
707 3642 766 3696 '0
796 3642 854 3696 δὲ
888 3642 1032 3714 δώτῃ
1060 3641 1162 3712 μὲν
1190 3643 1389 3708 διδοὺς,
1422 3642 1603 3714 ἀδώτῃ
1632 3642 1689 3697 δὲ
1723 3647 1800 3715 μὴ

212 3734 575 3809 Μοὺθ-ἔχοι
615 3733 682 3791 ἀν
728 3733 895 3788 ποθεν
935 3734 1104 3804 ψόγον
1126 3735 1357 3813 δίκαιον,
1384 3735 1444 3787 ού
1486 3734 1702 3815 μενοῦν,
1728 3735 1803 3788 εί-

214 3842 328 3901 περ
353 3816 697 3901 ιύδιάκριτον
724 3824 840 3896 ἔχει
873 3824 1211 3896 διαγνώμην.
1263 3825 1516 3880 Μάλιστα
1563 3826 1662 3896 μὲν
1706 3823 1800 3882 οὖν

214 3917 325 3989 καὶ,
340 3914 526 3983 διδούς
557 3932 646 3993 τις
685 3915 897 3983 ἀπλῶς,
930 3915 1026 3970 καὶ
1057 3916 1131 3980 ὼς
1169 3914 1351 3985 ἔτυχε,
1381 3915 1676 3987 γελασθείη
1708 3917 1796 3984 ἂν,

212 4008 290 4073 ὡς
319 4007 357 4079 ἦ
391 4011 545 4080 παρὰ
573 4009 634 4062 τδ
660 4009 780 4082 δέον
806 4008 1112 4081 φιλότιμος,
1137 4007 1171 4076 ἢ
1207 4007 1681 4079 μεταχειριστικὸς
1705 4011 1800 4063 καὶ

215 4100 734 4174 πραγματευτικός.
794 4103 890 4166 Τίς
932 4100 989 4154 δὲ
1055 4100 1410 4172 ὑϐριζόμενος
1458 4099 1521 4152 ού
1576 4099 1799 4172 λαλήσει

214 4196 357 4269 πρὸς
390 4194 772 4267 σωφροσύνην,
799 4195 893 4247 ὲάν
916 4196 1128 4265 φρονῇς

430 4430 595 4512 Ἀλλά
626 4459 736 4531 χρὴ
766 4458 984 4522 πάντως
1014 4457 1302 4529 ἀνέχεσθαι
1330 4459 1426 4514 καὶ
1454 4461 1664 4532 σιωπᾷν
1705 4461 1796 4515 τὸν

1906 3271 2057 3318 retur
2088 3273 2266 3322 autem
2294 3268 2479 3338 inungi
2505 3284 2664 3324 caeno
2700 3286 2716 3335 ;
2753 3273 2836 3325 vel
2887 3273 2931 3327 si
2983 3276 3104 3342 quis
3165 3276 3484 3347 simpliciter

1906 3371 2012 3411 non
2040 3358 2327 3425 salutaret,
2365 3360 2786 3431 etjudicarctur
2813 3361 2879 3417 ad
2912 3363 3163 3434 injuriam
3218 3377 3272 3421 et
3295 3368 3478 3421 ludum

1905 3448 2007 3502 hoc
2043 3448 2242 3506 facere.
2312 3449 2567 3516 Quaenam
2596 3463 2777 3508 autem
2802 3452 2872 3508 de
2931 3464 3128 3510 caetero
3180 3461 3481 3516 necessitas

1905 3540 2133 3606 homini,
2180 3541 2408 3599 sicunde
2437 3541 2626 3610 fuerit,
2689 3560 2813 3599 cum
2863 3547 3212 3603 obviantibus
3275 3549 3479 3606 frustra

1903 3647 2149 3702 vaneque
2192 3633 2467 3704 loquendi,
2499 3646 2555 3692 et
2612 3636 2999 3707 intempestive
3052 3639 3317 3695 ridendi?
3368 3644 3477 3711 Qui

1903 3740 2031 3779 vero
2055 3726 2229 3781 datori
2250 3727 2343 3781 dat
2364 3736 2418 3783 et
2441 3744 2546 3783 non
2579 3728 2732 3785 danti
2761 3745 2867 3785 non
2921 3730 3036 3796 dat,
3087 3731 3228 3787 unde
3264 3733 3475 3804 justam

1905 3817 2127 3872 haberet
2156 3818 2632 3888 reprehensionem
2661 3821 2685 3874 ?
2716 3837 2824 3877 non
2854 3832 3024 3888 certe,
3059 3822 3326 3894 siquidem
3352 3827 3469 3881 dis-

1900 3907 2159 3962 cretivam
2209 3908 2373 3965 habet
2407 3910 2876 3967 deliberationem.
2910 3912 3201 3970 Potissime
3253 3917 3471 3986 quidem

1900 3996 2064 4067 igitur
2106 3997 2193 4053 ille
2223 4000 2316 4068 qui
2354 4000 2507 4054 daret
2535 3999 2859 4071 simpliciter
2887 4009 2941 4055 et
2972 4010 3030 4055 ut
3060 4004 3281 4069 accidit,
3347 4007 3475 4060 irri-

1899 4086 2083 4153 detur,
2113 4097 2364 4158 tanquam
2425 4088 2509 4142 vel
2554 4089 2693 4143 ultra
2749 4104 2972 4144 necesse
3023 4092 3365 4162 magniﬁcus,
3397 4092 3481 4150 vel

1900 4174 2395 4244 administrativus,
2430 4177 2511 4233 vel
2534 4177 2869 4248 negotiosus.
2905 4178 3039 4244 Quis
3091 4187 3273 4234 autem
3326 4183 3475 4253 inju-

1899 4267 2035 4322 riam
2073 4254 2287 4338 passus,
2334 4284 2444 4323 non
2502 4267 2820 4339 loqueretur
2883 4284 3005 4325 cum
3066 4270 3352 4342 sapientia,
3427 4274 3475 4330 si

1898 4359 2040 4429 sapit
2063 4359 2085 4411 ‘l

1958 4436 2048 4514 35.
2096 4455 2290 4512 Verum
2359 4464 2571 4525 oportet
2625 4456 2846 4511 omnino
2885 4456 3155 4528 patienter
3204 4459 3478 4514 sustinere

213 4551 742 4622 περιυϐριζόμενον,
790 4552 887 4606 καὶ
954 4552 1194 4622 μάλιστα
1242 4554 1335 4605 τὸν
1393 4554 1583 4607 παπᾶν
1635 4554 1792 4624 (Θεοῦ

1909 4548 2169 4617 silereque
2215 4546 2435 4616 injuriis
2486 4554 2766 4612 onustum,
2825 4555 2879 4602 et
2926 4548 3225 4617 praesertim
3282 4565 3475 4620 papam

209 4645 401 4714 λέγεις
458 4644 705 4713 ἀνοχὴν),
756 4640 946 4716 ὥσπερ
996 4644 1094 4697 καὶ
1148 4644 1241 4696 τὸν
1293 4642 1658 4714 ῥαπιζόμενον
1700 4646 1793 4699 καὶ

211 4736 491 4806 ἀλγοῦντα
534 4736 611 4806 μὴ
636 4737 908 4790 ἐκκλίνειν
928 4736 1020 4788 τὸν
1055 4737 1135 4796 είς
1153 4734 1315 4788 αὐτὸν
1344 4734 1788 4806 πλημμελοῦντα.

209 4828 524 4900 Φράξομεν,
554 4827 631 4890 ὡς
661 4829 710 4880 oi
743 4827 1051 4896 ἀδιάκριτοι
1095 4824 1394 4897 βούλονται,
1431 4827 1543 4889 τοῖς
1571 4824 1792 4880 λαλοῦσι

209 4922 313 4982 τὰς
356 4921 552 4982 ἀκοὰς.
587 4913 736 4990 αἷςὴ
770 4918 935 4989 φύσις
961 4918 1135 4983 πύλας
1179 4918 1280 4972 οὐκ
1317 4917 1618 4989 ἐπέθηκεν·
1653 4918 1790 4973 ἀλλὰ

208 5014 578 5086 ζημιούμενοι
603 5014 966 5084 χαριούμεθα,
992 5011 1350 5081 ὲλλοχὼμενοι
1381 5011 1436 5064 δὲ
1465 5011 1790 5082 περιπεσούσ

214 5110 362 5181 μεοα
409 5109 522 5170 τοῖς
574 5105 921 5175 ὀλοθρευταϊς
978 5103 1216 5157 ἑκούσιοι
1282 5104 1338 5167 ἐς
1385 5102 1630 5175 ὄλεθρον.
1679 5103 1791 5157 Καὶ

208 5205 411 5274 είημεν
450 5203 518 5254 ἂν
554 5198 750 5272 μωροὶ,
781 5200 924 5254 οὕτω
941 5200 1240 5265 ποιοῦντες,
1268 5198 1364 5252 καὶ
1395 5195 1662 5267 μεμπτὲοι
1694 5194 1786 5248 καὶ

207 5301 325 5361 τοῖς
351 5296 689 5367 ἀδιακρίτοις
712 5296 919 5358 αὐτοῖς,
946 5296 1041 5348 ἐὰν
1065 5292 1298 5345 τοιοῦτοι
1339 5289 1785 5357 ἀπεκὸαίνωμεν,

208 5391 288 5456 ὡς
325 5392 361 5462 ἢ
396 5390 718 5458 ἀναίσθητοι
762 5388 795 5460 ἢ
844 5387 1064 5459 ἠλίθιοι.
1103 5385 1412 5455 Πάσχοντες
1454 5381 1510 5437 δὲ
1559 5379 1787 5442 ἀπειλὰς

210 5487 307 5539 καὶ
348 5481 646 5553 πολέμους,
683 5481 747 5534 οὺ
792 5478 1235 5550 θωρακισόμεθα,
1290 5476 1351 5528 ού
1410 5474 1786 5542 κατάφρακτοι

208 5572 524 5644 γενώμεθα,
563 5570 623 5623 οὐ
683 5568 1125 5639 προσλαὸὠμεθα
1151 5569 1244 5620 καὶ
1278 5567 1377 5636 τὴν
1404 5565 1636 5627 δυνατὴν
1665 5563 1784 5613 ὲπι·

208 5665 473 5733 κουρίανι
510 5661 649 5715 ἀλλά
694 5660 793 5724 τὰς
841 5662 1027 5732 χεῖρας
1065 5660 1348 5730 δήσαντες,
1400 5657 1496 5710 καὶ
1546 5653 1788 5706 κατακύ-

206 5761 432 5827 ψαντες,
469 5754 499 5809 ὂ
538 5753 606 5823 δὴ
635 5753 874 5822 λέγεται,
911 5755 990 5817 είς
1030 5750 1368 5821 καμάρωμα,
1403 5746 1784 5816 ἐκπεσούμεθα
1827 5768 1833 5773 ·

1903 4643 1921 4711 (
1948 4639 2038 4695 Dei
2075 4641 2214 4695 dicis
2242 4640 2588 4696 tolerantiam
2618 4639 2660 4710 ),
2692 4640 3149 4711 quemadmodum
3178 4650 3231 4695 et
3253 4655 3478 4710 percus-

1900 4710 2019 4788 sum
2048 4742 2102 4788 et
2125 4732 2406 4800 amictum,
2438 4748 2543 4787 non
2569 4710 2805 4801 eﬂ'ugere
2851 4746 3164 4802 peccantem
3189 4735 3244 4789 in
3272 4737 3476 4807 ipsum.

1899 4824 2290 4881 Obserabimus
2324 4862 2340 4889 ,
2399 4833 2459 4878 ut
2507 4825 2783 4879 temerarii
2840 4826 3052 4891 volunt,
3122 4827 3475 4898 loquentibus

1898 4931 2077 4978 aures,
2116 4916 2314 4986 quibus
2346 4924 2540 4970 natura
2598 4924 2782 4984 portas
2836 4933 2944 4971 non
3015 4917 3312 4989 imposuit;
3377 4920 3474 4975 sed

1896 5009 2009 5064 lzesi
2033 5010 2238 5078 gratias
2272 5007 2620 5074 habebimus;
2648 5007 2861 5061 insidiis
2898 5017 3077 5062 autem
3126 5010 3478 5076 circumdati,

1896 5105 1951 5156 in
1993 5115 2185 5154 manus
2211 5099 2694 5153 exterminatorum
2725 5100 2863 5153 ultro
2895 5097 3200 5153 incidemus
3233 5101 3297 5153 ad
3328 5101 3473 5154 inte-

1899 5192 2086 5244 ritum.
2131 5191 2199 5243 At
2245 5202 2494 5243 essemus
2554 5188 2729 5253 stulti,
2780 5188 2860 5242 sic
2920 5186 3205 5252 facientes,
3264 5197 3319 5242 et
3372 5189 3478 5243 illis

1896 5283 2061 5336 etiam
2111 5278 2374 5335 irridendi
2433 5277 2838 5344 temerariis,si
2889 5279 3021 5332 tales
3065 5292 3167 5332 nos
3204 5279 3477 5347 praebere-

1896 5382 2121 5436 mus.ttt
2149 5368 2348 5441 stupidi
2405 5371 2490 5425 vel
2539 5371 2738 5426 insani.
2771 5369 3117 5425 Sustinentes
3163 5381 3342 5422 autem
3379 5370 3479 5422 mi-

1895 5481 1995 5522 nas
2040 5475 2093 5520 et
2150 5463 2310 5529 bella,
2347 5478 2455 5517 non
2495 5463 2714 5518 thorace
2782 5463 3122 5525 muniemur,
3165 5473 3274 5513 non
3330 5467 3482 5514 cata-

1895 5559 2361 5629 phractierimus,
2400 5571 2506 5610 non
2535 5566 2728 5625 potens
2779 5567 3124 5607 assumemus
3187 5552 3475 5618 auxilium,

1894 5651 1988 5706 sed
2022 5649 2273 5703 manibus
2313 5648 2514 5719 ligatis,
2561 5656 2638 5714 et,
2671 5653 2729 5699 ut
2778 5643 3002 5709 dicitur,
3048 5644 3101 5696 in
3148 5644 3475 5699 testudinem

1895 5742 2167 5807 inclinati,
2201 5744 2379 5801 capite
2406 5738 2739 5795 excidemus.
2786 5737 2854 5790 At
2904 5745 3286 5803 reputaremus
3325 5737 3479 5794 occi-
