3982 6246
517 310 617 374 οξι

1264 283 1727 368 ΕΗδΤΑΤΗιΓ
1753 305 2518 367 THESSALONICENSIS
2561 305 3136 370 ME’t‘ROPOLlTrﬁ

3677 315 3780 378 6ιέ

511 444 666 486 sores
699 427 898 491 nostri,
929 426 1014 482 vel
1063 425 1256 481 saltent
1313 425 1383 480 de
1435 434 1630 480 nostra
1675 424 1835 480 ruina
1881 434 2094 480 senten-

2209 426 2308 494 τῆς
2345 427 2609 496 κεφαλῆς.
2644 428 2755 481 Καὶ
2793 427 3183 500 λογισθείημεν
3215 429 3282 485 ἂν
3313 431 3718 506 ῆαῦτοφόνται,
3751 441 3779 511 ἢ

512 523 640 576 tiam
691 519 962 583 ferentes;
991 518 1357 572 calumniator
1391 526 1571 571 autem
1623 527 1681 572 ttt
1710 533 1832 573 vera
1868 519 2094 586 loquens

511 615 812 668 honorilice
836 615 1185 668 salutaretur.
1242 613 1350 666 Res
1378 628 1484 665 non
1515 623 1597 666 est
1619 612 1874 666 omnibus
1900 611 2094 668 facilis.

510 706 628 760 Non
677 713 858 760 autem
901 705 1040 758 alias
1066 720 1132 758 ex
1165 703 1608 773 aggredientibus
1657 705 1974 760 omnimodo
2003 721 2098 759 cu-

511 803 856 858 stodiemus:
891 803 985 864 sed
1030 803 1170 855 male
1199 802 1506 864 audientes,
1545 817 1608 856 ex
1645 803 1974 858 necessitate
2001 816 2097 872 per

512 894 947 948 mnledivtionem
1003 893 1480 962 respondebimus,
1529 901 1584 946 et
1623 895 2097 965 nteretricie.quae

511 1003 614 1040 non
647 988 810 1039 licent
835 1003 936 1040 nec
965 986 1324 1047 conveniunt,
1370 988 1698 1056 garriamus.
1750 985 2094 1058 Sapientium

510 1095 609 1132 nec
647 1078 791 1132 istud
834 1089 938 1140 est,
985 1087 1129 1132 recta
1160 1078 1370 1132 ratione
1395 1079 1522 1133 dum
1571 1079 1767 1148 aliquis
1818 1080 2094 1149 dirigitur.

563 1172 652 1226 '56.
683 1171 886 1224 llortor
929 1171 1094 1239 igitur
1125 1186 1219 1224 eos
1251 1171 1344 1241 qui
1401 1172 1521 1226 sine
1579 1172 1913 1226 discretione
1970 1181 2097 1226 sunt

507 1273 565 1316 ut
601 1282 627 1316 a
663 1264 951 1318 scribendo
981 1264 1411 1332 judicandoqtte.
1443 1264 1588 1318 sicut
1617 1265 1748 1331 ipsis
1782 1265 1977 1330 placet,
2001 1263 2096 1318 de-

2197 516 2336 570 ἅλλά
2360 519 2764 586 κατεγνωκότες
2789 521 2950 590 ἡμῶν
2965 522 3148 577 αὐτῶν
3172 523 3452 580 ἀπώλειαν
3471 544 3486 558 ·
3513 531 3539 580 ὀ
3560 529 3617 582 δέ
3639 547 3784 585 συκο-

2199 608 2415 676 φαντῶν
2439 609 2950 680 προσκυνηθήαεται
2979 611 3054 674 ὡς
3083 613 3254 683 ἀληθῆ
3274 614 3477 672 λαλῶν.
3499 618 3615 672 Οὐκ
3635 619 3782 673 εὔκο-

2209 698 2300 750 λον
2335 699 2507 752 ἆπασι
2541 699 2601 753 τὸ
2623 702 2880 770 πρᾶγμα.
2902 704 2976 756 Οὐ
3012 703 3364 775 φυλαξόμεθα
3407 707 3464 761 δὲ
3495 709 3590 762 καὶ
3621 711 3783 775 ἄλλως

2199 791 2468 855 παντοίως
2499 794 2561 844 ἐκ
2589 792 2697 846 τῶν
2721 794 3277 864 κατεπιχειρούντωνο
3314 798 3505 864 κακῶς
3532 800 3588 853 δέ
3625 801 3784 854 ἀκού-

2198 901 2348 950 οντες
2377 887 2976 960 άντιθλασφημήσομεν
3005 891 3063 954 ἐξ
3102 892 3370 961 ἀνάγκης,
3392 893 3490 947 xui
3521 895 3783 963 πορνικῶς

2201 979 2610 1050 φλυαρήσομεν,
2643 979 2678 1034 ἃ
2707 981 2784 1052 μὴ
2815 981 3015 1052 πρέπει
3049 985 3144 1036 xui
3170 985 3268 1038 οὐκ
3297 983 3499 1050 ἔξεστι.
3529 987 3783 1056 ΙΙιρονούν-

2200 1088 2306 1126 των
2337 1074 2459 1126 οὐδὲ
2498 1073 2676 1140 τοῦτο,
2731 1075 2837 1139 ἕως
2869 1076 3017 1147 ὀρθῷ
3057 1077 3308 1146 λογισμῷ
3352 1095 3443 1143 τις
3494 1080 3779 1149 διοικῆται.

2271 1165 2369 1228 λζ’.
2401 1167 2718 1236 Παρακαλῶ
2761 1168 2854 1222 οῦν
2883 1169 3124 1236 ἀφέσθαι
3160 1170 3260 1237 μὲν
3281 1173 3407 1234 τοῦς
3438 1173 3782 1242 asangm»;

2204 1259 2322 1321 τοῦ,
2359 1259 2434 1321 ὡς
2482 1258 2671 1322 αὐτοῖς
2719 1259 2889 1320 δοκεῖ.
2922 1262 3158 1331 γράφειν
3208 1264 3302 1314 καὶ
3341 1263 3589 1332 κρίνειν·
3631 1265 3782 1333 ἁμιλ-

508 1357 705 1410 sistant
733 1400 746 1422 ,
775 1365 1040 1409 conentur
1073 1367 1254 1409 autem
1279 1357 1477 1409 imitari
1507 1357 1743 1425 pictores
1773 1357 1864 1425 qui
1891 1357 2094 1427 lingunt

2203 1351 2402 1403 λᾶσθαι
2428 1350 2484 1404 δὲ
2512 1353 2591 1414 είς
2615 1351 2728 1406 ἴσον
2752 1352 3126 1423 ἔρχεσθαι.καὶ
3150 1353 3464 1424 ζωγράφοις
3491 1356 3780 1426 βάπτουσιν

509 1449 561 1502 in
590 1457 876 1502 accuratos
905 1451 1278 1514 characteres,
1305 1463 1444 1516 quos
1469 1463 1580 1502 non
1609 1464 1732 1504 esse
1759 1447 1926 1504 falsos
1970 1465 2096 1504 eer-

508 1549 622 1592 tum
660 1548 766 1603 est,
809 1555 1020 1593 necnon
1053 1539 1270 1608 judices
1302 1541 1520 1594 sedulos
1551 1555 1614 1595 ac
1638 1541 1866 1609 proinde
1896 1550 2097 1607 rectos,

509 1645 563 1684 ttt
593 1646 809 1699 quoque
871 1631 1012 1684 Deus
1071 1631 1342 1684 similibus
1397 1645 1495 1684 eos
1561 1631 1786 1698 obiiciat
1845 1633 2095 1702 judiriis.

505 1725 660 1790 Quod
695 1724 738 1777 si
808 1723 1278 1789 conjecturaliter,
1309 1731 1365 1778 et
1434 1725 1740 1777 secundum
1798 1724 2094 1795 quamdam

2204 1447 2280 1506 είς
2314 1443 2564 1512 ἀκριϐεῖς
2603 1445 2982 1516 χαρακτῆρας,
3009 1444 3102 1508 οὓς
3133 1448 3236 1500 οὐκ
3269 1447 3388 1499 ἐστι
3419 1449 3780 1520 ψευδεπιγρά-

2207 1551 2342 1602 φους
2392 1528 2554 1597 εἶναι,
2613 1536 2706 1587 xui
2763 1537 2979 1605 κριταῖς
3040 1537 3411 1601 ἐξεταστικοϊς
3470 1542 3566 1591 xui
3624 1541 3779 1603 οὕτως

2203 1620 2406 1697 ὀρθοῖς,
2441 1627 2529 1679 ἵνα
2574 1630 2673 1681 καὶ
2717 1629 2745 1680 ό
2785 1629 2920 1691 Θεδς
2964 1628 3162 1691 αὑτοῦ,
3207 1629 3540 1700 παραϐάλλῃ
3577 1631 3779 1699 ὁμοίαις

2206 1720 2474 1788 κρίσεσιν.
2513 1719 2602 1780 Ὠς
2622 1717 2674 1770 εί
2699 1736 2761 1787 γε
2792 1720 3165 1789 στοχαστικῶς
3195 1721 3291 1772 xui
3321 1722 3465 1775 κατά
3507 1739 3633 1776 τινα
3656 1727 3781 1776 είκο-

505 1817 1073 1878 verisimilitudincm,
1134 1825 1187 1870 et
1236 1815 1623 1871 deductionem
1680 1833 1745 1871 ex
1807 1817 2094 1888 principiis

2207 1814 2457 1882 τολογίαν
2483 1813 2576 1866 xui
2606 1813 2864 1865 ὑπόνοιαν
2889 1815 2952 1864 ἐκ
2980 1813 3450 1884 παρακούσματος
3484 1816 3778 1871 ἐπιϐάλλειν

503 1909 645 1964 male
677 1909 936 1978 cognitis,
975 1908 1367 1978 dispositiones
1396 1923 1585 1963 eorum
1628 1910 1718 1980 qui
1787 1911 1946 1965 nobis
1979 1912 2094 1965 noti

504 2013 656 2062 sunt,
705 2003 1011 2057 modificari
1082 2003 1362 2066 volumus,
1439 2012 1493 2057 et
1559 2003 1953 2058 discretionem
2027 2003 2094 2058 ad

502 2093 902 2163 ignoscendum
951 2107 1058 2146 non
1094 2090 1395 2156 amt-imus,
1440 2093 1711 2148 recedeta
1741 2094 1897 2149 nobis
1931 2093 2095 2162 quid-

500 2184 629 2251 qnid
659 2183 863 2238 sociale
884 2191 986 2246 est,
1014 2181 1279 2252 quidquid
1313 2183 1542 2251 proinde
1590 2185 1896 2253 politicum,
1930 2186 2096 2255 quid-

503 2275 633 2345 quid
675 2290 861 2330 amore
894 2283 1084 2328 mutuo
1129 2274 1460 2344 fundatum;
1520 2287 1575 2332 et
1621 2278 1839 2332 tandem
1879 2289 2096 2348 Oportet

504 2385 952 2439 unumquemque
987 2377 1262 2434 nostrum,
1314 2380 1370 2424 ιιι
1432 2385 1558 2424 cum
1619 2372 1940 2426 hominibus
1986 2389 2094 2427 non

503 2463 597 2523 sit,
635 2469 818 2529 petere
853 2457 1229 2521 solitudinem,
1258 2475 1380 2513 cum
1404 2460 1584 2514 corvis
1603 2476 1790 2516 errare
1815 2462 2096 2532 quopiam,

503 2559 596 2604 aut
635 2550 828 2604 saltem
865 2548 920 2602 in
949 2547 1156 2603 mundo
1189 2563 1295 2603 non
1327 2564 1474 2610 esse,
1507 2551 1601 2604 sed
1633 2559 1788 2606 trans
1819 2549 2094 2606 Oceanum

503 2643 762 2711 migrare.

577 2734 668 2788 37.
699 2733 763 2787 Et
791 2733 904 2786 haec
936 2732 1157 2802 quidem
1189 2734 1257 2788 de
1313 2735 1637 2800 notioribus,
1682 2738 1774 2807 qui
1807 2753 2096 2796 commune

503 2825 584 2879 sal
627 2833 989 2895 gustaverunt
1038 2836 1094 2880 et
1150 2837 1330 2882 tamen
1399 2829 1562 2884 simul
1634 2831 1800 2886 nimis
1849 2835 2094 2888 extranei

505 2919 866 2972 devenerunt.
900 2917 954 2973 Si
992 2935 1120 2973 vero
1150 2921 1275 2988 quis
1338 2922 1552 2978 nullum
1623 2924 1956 2995 principium
2007 2927 2094 2983 vel

505 3011 723 3065 initium
751 3012 1082 3081 cognitionis
1107 3011 1332 3078 habens,
1365 3030 1464 3068 nrc
1523 3015 1764 3071 hominis
1799 3017 1963 3072 vitam
1999 3031 2097 3076 aut

505 3102 740 3156 virtutes
764 3111 1045 3170 autOpera
1084 3103 1219 3156 mala
1260 3107 1464 3170 sciens,
1527 3107 1801 3164 hominem
1856 3111 2091 3178 judicat,

506 3195 919 3266 inquisitionem
955 3197 1198 3266 negligit,
1235 3198 1588 3264 condemnat,
1620 3209 1674 3252 et
1707 3203 1957 3269 protinus
1981 3205 2098 3260 vult

508 3293 610 3360 ipsi
654 3293 921 3345 rationem
975 3291 1278 3359 imponere,
1309 3292 1374 3346 ad
1437 3293 1753 3363 hnjusmodi
1819 3297 2095 3353 hominem

505 3382 714 3435 nullnnt
747 3383 923 3435 habeo
977 3398 1315 3446 sermonem,
1377 3400 1478 3438 nec
1543 3386 1704 3442 modo
1757 3393 2096 3460 prOposilum

504 3475 773 3528 talentum
805 3474 1011 3528 homini
1046 3475 1138 3528 tali
1173 3475 1431 3546 subjicio.
1493 3477 1615 3548 Ipse
1672 3481 1816 3534 enim
1874 3498 2098 3551 prorsus

502 3574 588 3619 est
614 3567 840 3635 ignarus
871 3565 1231 3636 dijudicandi,
1257 3581 1354 3619 nec
1386 3583 1547 3621 sensu
1579 3584 1768 3625 sanus.
1829 3571 1955 3628 ldeo
1989 3588 2097 3627 non

504 3656 710 3724 aliquid
739 3655 873 3710 lucri
903 3654 1110 3710 faceret
1136 3656 1290 3722 mihi,
1321 3673 1420 3712 nec
1441 3673 1535 3727 per
1567 3676 1673 3726 me,
1700 3677 1821 3716 meo
1846 3662 2096 3729 Domino,

505 3747 662 3816 cujus
690 3763 810 3801 sum
841 3748 1238 3804 thesaurarius.
1275 3749 1469 3804 Verum
1509 3752 1624 3822 ipse
1653 3754 1872 3824 quidem
1930 3756 2096 3810 alium

507 3841 750 3908 inquirat
789 3839 1210 3894 numnlarium:
1264 3856 1366 3911 ego
1433 3859 1564 3898 vero
1618 3845 1714 3902 Dei
1777 3848 2094 3904 thesaurum

502 3930 824 3985 exhauriant
863 3931 915 3984 in
944 3945 1135 3984 manus
1166 3931 1448 3988 hominum
1478 3936 1766 3992 scientium
1801 3939 1878 3994 illi
1917 3942 2099 3996 adhae-

507 4038 631 4077 rere
697 4023 975 4093 ipsiusque
1045 4023 1382 4079 voluntatem
1465 4027 1668 4093 facere,
1735 4045 1844 4084 non
1912 4042 2094 4089 autem

509 4113 719 4168 intente
749 4115 1005 4184 prosequi
1029 4113 1296 4184 judicium
1339 4117 1565 4186 malum,
1607 4127 1668 4174 ut
1695 4123 1858 4178 etiam
1888 4123 2094 4180 donum

503 4205 809 4259 mstimetur
843 4203 975 4258 illud
1005 4205 1250 4259 divinum
1284 4205 1516 4277 ideoque
1549 4224 1656 4264 non
1705 4212 2094 4282 abjiciendum.

576 4293 683 4353 58.
709 4297 892 4353 Habeo
923 4300 1420 4356 commendandum
1463 4305 1620 4358 vobis
1652 4314 1708 4359 et
1739 4307 1884 4362 aliud
1918 4310 2093 4367 talen-

505 4402 648 4456 tum,
685 4392 788 4445 hoc
827 4400 911 4445 est
937 4391 1157 4460 jejunii,
1225 4394 1369 4462 quod
1429 4406 1679 4451 nostrum
1744 4402 2096 4472 auspicantur

510 4483 847 4553 primitivum
875 4483 1225 4547 nutritorem,
1260 4489 1581 4555 praeclarum
1639 4507 1890 4562 germen,
1945 4497 2090 4566 quod

513 4576 727 4647 pritnus
753 4573 1038 4643 paradisus
1091 4575 1282 4642 edidit,
1343 4579 1429 4633 cui
1490 4580 1708 4639 fortiter
1763 4585 2092 4644 inhaerentes

511 4681 734 4735 generis
769 4677 1021 4722 auctores
1056 4683 1162 4722 non
1192 4670 1392 4724 exinde
1444 4673 1656 4744 expulsi
1700 4674 1952 4743 fuissent,
2000 4695 2095 4750 per

510 4758 656 4828 quod
681 4775 854 4830 genus
890 4760 1209 4825 humanum,
1235 4765 1280 4817 si
1310 4765 1459 4832 velit,
1493 4767 1603 4822 huc
1632 4771 1946 4827 revertitur.
1980 4771 2093 4828 Hoc

511 4850 654 4904 enim
683 4860 826 4903 amat
869 4851 921 4903 in
959 4851 1124 4906 Edent
1187 4853 1451 4911 reducere
1505 4857 1646 4913 ﬁlios
1703 4860 1896 4924 Adam,
1933 4872 1991 4916 ut
2020 4866 2092 4919 ibi

513 4957 637 4994 cum
676 4941 782 4996 illis
827 4942 1011 5013 degat,
1054 4946 1144 4998 ubi
1173 4948 1407 5016 primum
1438 4952 1725 5005 constituti
1772 4964 1936 5023 sunt;
1995 4958 2092 5014 sed

512 5033 812 5100 prazsertim
845 5032 898 5086 in
927 5035 1105 5103 ipsum
1143 5036 1366 5100 ccelutn,
1395 5038 1485 5092 ubi
1522 5039 1816 5107 plurimum
1851 5054 1936 5098 est
1989 5046 2092 5115 ipsi

513 5124 972 5196 participationis.
998 5125 1051 5179 in
1084 5127 1227 5195 quod
1253 5127 1453 5182 cxaltat
1490 5144 1585 5185 eos
1616 5133 1730 5198 qui,
1790 5149 1888 5202 per
1923 5137 2093 5206 ipsius

513 5232 776 5279 amorem,
812 5217 1174 5271 elevationem
1243 5217 1345 5288 ipsi
1388 5224 1828 5290 convenientem,
1883 5227 1934 5280 id
1987 5237 2090 5293 est,

515 5313 824 5376 cwlestem,
863 5312 1136 5366 ambiunt.

582 5496 674 5550 '59.
710 5495 811 5550 Ubi
851 5496 993 5550 enim
1022 5494 1148 5550 alibi
1185 5498 1482 5564 spiritualis
1512 5501 1751 5571 apathia,
1786 5519 1946 5572 quant
1984 5505 2090 5560 sibi

514 5591 774 5657 proponit
819 5587 1112 5657 jejunium,
1163 5591 1266 5644 nisi
1321 5592 1374 5645 in
1407 5593 1551 5647 caalo
1615 5596 2090 5666 sanctissitnisque

514 5677 799 5732 ordinibus
832 5678 901 5732 ibi
935 5677 1306 5748 degentibus?
1347 5683 1428 5737 An
1483 5685 1628 5738 enim
1681 5685 1878 5755 aliquis
1936 5695 2090 5755 putat

519 5768 684 5821 alium
716 5783 842 5824 esse
864 5768 1061 5838 jejunii
1112 5787 1361 5844 scopum,
1412 5788 1777 5847 praeterquam
1813 5779 1866 5832 in
1902 5789 2086 5832 tuente

2205 1905 2470 1976 ἐθέλομεν
2500 1907 2622 1966 ταῖς
2652 1903 2761 1956 τῶν
2782 1905 3078 1976 γνωρίμων
3111 1906 3242 1975 ἡμῖν
3269 1906 3576 1966 διαθέσεσι,
3605 1911 3697 1962 καὶ
3726 1910 3777 1962 οὗ

2207 1997 2588 2067 διακρίνομεν,
2630 1997 2704 2059 ὼς
2753 1997 2850 2049 xui
2893 2000 3328 2066 συγγνωμονεῖν,
3369 1999 3658 2068 οἰχήσεται
3699 2000 3778 2067 ἀφ’

2205 2090 2363 2160 ἡμῶν
2385 2091 2446 2143 τὸ
2479 2091 2822 2152 κοινωνικὸν,
2852 2091 2946 2142 xui
2975 2089 3118 2143 οὕτω
3149 2089 3451 2156 πολιτικὸν,
3482 2093 3576 2145 xui
3597 2092 3777 2161 φιλάλ-

2203 2181 2364 2251 ληλον
2387 2195 2401 2210 ·
2435 2179 2530 2233 xui
2558 2180 2666 2250 χρὴ
2690 2178 2786 2233 τοῦ
2812 2180 3002 2233 λοιποῦ
3028 2181 3262 2235 ἕκαστον
3281 2182 3442 2252 ἡμῶν
3469 2182 3773 2254 ἐρημάζειν,

2201 2274 2276 2336 ὡς
2306 2272 2382 2344 μὴ
2400 2273 2520 2343 μετ’
2543 2271 2851 2345 ἀνθρώπων
2877 2269 3038 2338 εἶναι,
3065 2273 3205 2328 ἀλλά
3234 2290 3336 2327 που
3363 2274 3512 2328 κατὰ
3538 2273 3776 2346 κοράκων

2203 2366 2644 2431 ἀποπλανᾶσθαι,
2678 2366 2711 2436 ἢ
2745 2366 2883 2420 ἀλλὰ
2937 2367 3077 2438 μηδέ
3136 2368 3195 2421 ἐν
3236 2369 3444 2441 ἰκόσμῳ
3481 2364 3646 2432 εἶναι,
3674 2367 3775 2422 ἀλλ’

2203 2459 2687 2526 ἐξωκεανίξεσθαι.

2273 2731 2374 2794 λζ’.
2429 2730 2538 2783 Καὶ
2565 2727 2744 2782 ταῦτα
2801 2728 2899 2799 μὲν
2937 2727 3076 2796 περὶ
3093 2745 3207 2781 των
3235 2729 3702 2800 γνωριμωτέρων,
3731 2728 3774 2781 οι

2202 2827 2299 2880 xui
2346 2823 2529 2878 κοινοῦ
2587 2823 2717 2887 άλδς
2759 2823 3076 2890 ἐγεύσαντο,
3111 2823 3210 2876 καὶ
3252 2823 3433 2887 ἄλλως
3456 2824 3596 2895 ὁμοῦ
3623 2820 3775 2895 ἦλθον

2203 2917 2580 2988 ξενικώτερον.
2629 2917 2693 2970 El
2730 2915 2788 2969 δέ
2832 2932 2917 2980 τις
2969 2915 3244 2986 μηδεμίαν
3279 2916 3423 2986 ἔχων
3451 2917 3706 2988 ἀφορμὴν
3741 2915 3772 2988 η

2203 3013 2382 3084 ἀρχὴν
2418 3010 2850 3081 γνωριμότητος,
2914 3007 3051 3079 μηδέ
3084 3007 3243 3070 είδὼς
3273 3007 3567 3080 ἀνθρώπου
3601 3012 3634 3080 ἢ
3672 3008 3774 3078 βίον

2202 3110 2233 3181 ἦ
2263 3105 2679 3178 άγαθοπραξίας
2726 3107 2759 3176 ἢ
2813 3104 2992 3170 κακὰς
3025 3105 3333 3175 ἐνεργείας,
3365 3105 3546 3176 κρίνει
3576 3103 3775 3173 ἅνθρω-

2204 3219 2324 3264 πον,
2363 3200 2472 3254 οὐδ’
2501 3197 2879 3271 ηκριῦὡσατο.
2913 3198 3010 3252 xui
3061 3197 3410 3266 κατακρίνει,
3461 3197 3558 3248 xui
3587 3197 3772 3250 αὐτίκα

2201 3295 2376 3348 ἐθέλει
2403 3294 2497 3346 καὶ
2532 3289 2762 3354 εὐθύνας
2791 3289 2940 3359 αὑτῷ
2977 3290 3280 3361 ἐπιφέρειν,
3311 3289 3489 3352 οὐδείς
3523 3307 3617 3359 μοι
3651 3287 3775 3359 πρὸς

2199 3387 2290 3439 τὸν
2321 3386 2562 3438 τοιοῦτον
2591 3383 2771 3453 λόγος,
2808 3382 2932 3437 οὐδὲ
2960 3382 3019 3435 τὸ
3055 3381 3319 3451 προτεθὲν
3362 3382 3492 3453 ἄρτι
3521 3382 3772 3435 τάλαντεν

2200 3476 2278 3547 τῷ
2311 3475 2546 3544 τοιούτῳ
2579 3473 2857 3544 ἀνθρώπῳ
2883 3471 3285 3543 προδάλλομαι.
3315 3473 3491 3536 Αὐτὸς
3515 3473 3628 3543 γὰρ
3652 3490 3773 3525 παν-

2199 3567 2371 3630 τελῶς
2391 3565 2610 3636 ἀμαθὴς
2629 3565 2956 3635 διακρίνειν,
2981 3566 3073 3617 xui
3090 3564 3212 3618 οὐδὲ
3230 3564 3476 3634 καθαρὸς
3502 3564 3770 3636 ἐχέφρωνο

2199 3657 2280 3712 διὸ
2301 3657 2424 3711 οὐδὲ
2457 3656 2963 3727 πραγματεύσηται
3009 3659 3078 3711 ἄν
3109 3674 3159 3710 τι
3193 3657 3388 3726 κέρδος
3419 3659 3570 3726 ἐμοὶ,
3595 3660 3687 3711 xui
3711 3654 3772 3709 δι’

2201 3749 2338 3820 ἐμοῦ
2370 3750 2448 3818 τῷ
2479 3749 2598 3821 ἐμῷ
2632 3749 2901 3820 Δεσπότῃ,
2933 3743 2995 3803 οῦ
3015 3747 3448 3819 θησαυροφύλαξ
3470 3749 3604 3816 ἐγώ.
3642 3747 3772 3801 Ἀλλ’

2201 3841 2364 3903 αὐτὸς
2406 3839 2505 3910 μὲν
2540 3841 2820 3908 ἐρευνάτω
2847 3839 3140 3912 δανειστὴν
3168 3841 3357 3911 ἕτερον
3381 3857 3393 3868 ·
3426 3841 3552 3910 ’ἐγὼ
3584 3841 3643 3894 δὲ
3682 3840 3772 3906 τὴν

2200 3931 2379 4000 γάζαν
2410 3931 2505 3984 τοῦ
2549 3932 2687 3985 Θεοῦ
2731 3931 3027 3986 ἐκκενώσω
3065 3931 3380 4002 ἀνθρώποις
3416 3931 3618 3985 εἰδόσιν
3663 3932 3771 3984 ἐπι-

2202 4025 2536 4094 στρέφεσθαι
2577 4023 2746 4078 αὑτοῦ
2785 4024 2882 4078 xui
2929 4025 3106 4079 ποιεῖν
3141 4025 3203 4078 τδ
3240 4024 3412 4079 αὐτοῦ
3449 4024 3681 4094 θέλημα,
3712 4023 3767 4076 οὐ

2203 4118 2312 4189 μὴν
2351 4117 2554 4181 ἀτενῶς
2583 4118 2906 4188 ἀντέχεσθαι
2936 4117 3034 4171 τοῦ
3066 4121 3546 4190 καταγνωμονεῖν,
3578 4119 3654 4180 ὡς
3680 4117 3766 4171 καὶ

2197 4209 2371 4279 δῶρον
2403 4207 2662 4278 ἡγεῖσθαι
2698 4209 2831 4262 αὐτὸ
2865 4209 3008 4262 θετον
3037 4210 3132 4262 xui
3159 4209 3336 4272 οὕτως
3375 4209 3763 4280 ἀναπόϐλητον.

2268 4299 2375 4373 λη’.
2405 4302 2556 4371 Ἐχω
2586 4301 2918 4372 παραθεῖναι
2950 4301 3080 4372 ὑμῖν
3107 4304 3202 4355 xui
3226 4302 3358 4356 ἄλλο
3398 4302 3680 4366 τάλαντον,
3712 4301 3766 4353 τὸ

2205 4411 2224 4444 ι
2262 4393 2361 4462 τῆς
2409 4393 2689 4463 νηστείας,
2746 4413 2764 4446 ι
2825 4386 2894 4465 ἧς
2943 4393 3290 4465 ἐναρχόμεθα
3321 4395 3422 4464 τῆς
3479 4394 3764 4466 ἀρχεγόνου

2121 4503 2172 4563 D
2199 4483 2357 4554 ἡμῶν
2399 4483 2642 4554 τιθηνοῦ,
2675 4483 2771 4537 τοῦ
2805 4483 2974 4537 καλοῦ
3004 4485 3410 4556 βλαστήματος,
3437 4485 3466 4538 δ
3503 4485 3712 4555 πρῶτος
3739 4483 3764 4535 6

2197 4578 2531 4649 παράδεισος
2554 4577 2838 4648 ἐξέφυσεν,
2865 4571 3040 4650 οὗπερ
3061 4579 3108 4630 οἱ
3137 4578 3404 4648 γενάρχαι
3421 4579 3760 4647 ἀντεχόμενοι

2197 4671 2486 4741 ἐγκρατῶς
2518 4670 2621 4723 οὐκ
2667 4671 2733 4725 ἂν
2765 4671 2978 4724 ἐκεῖθεν
3024 4670 3445 4740 ἀφωρίσθησαν,
3492 4671 3560 4723 δι’
3590 4661 3649 4721 οὗ
3677 4668 3760 4719 xui.

2197 4767 2361 4820 πάλιν
2377 4770 2439 4820 τὸ
2470 4764 2815 4837 ἀνθρώπινον
2847 4764 3014 4835 φῦλον
3040 4767 3406 4835 ἐπανέρχεται
3435 4767 3520 4828 είς
3543 4767 3753 4823 ἐκεῖνον,

2196 4861 2355 4930 εἰπερ
2387 4858 2584 4915 ἐθέλει.
2621 4859 2930 4913 Φιλόνεικεῖ
2959 4859 3070 4930 γὰρ
3108 4859 3246 4930 αῦτη
3288 4859 3589 4928 ἐπανάγειν
3618 4854 3757 4917 αὖθις

2196 4953 2276 5014 είς
2329 4950 2428 5023 τὴν
2469 4951 2632 5021 Ἐδὲμ
2663 4951 2793 5015 τοὺς
2852 4950 2945 5004 τοῦ
2983 4950 3174 5021 ’Δδὰμ,
3212 4950 3301 5003 ἵνα
3348 4952 3469 5004 ἐκεῖ
3511 4950 3755 5018 meum

2196 5044 2403 5107 αὐτοῖς,
2465 5041 2594 5096 ἔνθα
2636 5042 2736 5112 τὴν
2764 5043 2940 5113 ἀρχὴν
2989 5042 3299 5112 ἐτάχθησαν
3326 5059 3340 5074 ·
3399 5043 3634 5113 μάλιστα
3665 5041 3755 5110 μὲν

2193 5129 2288 5186 οὖν
2319 5136 2396 5194 είς
2430 5134 2660 5206 οὐρανὸν
2691 5135 2874 5200 αὑτὸν,
2908 5137 3044 5188 ὅπου
3070 5136 3162 5188 xui
3199 5134 3259 5186 τὸ
3292 5133 3479 5188 πλεῖον
3508 5134 3601 5203 τῆς
3635 5148 3751 5201 μετ-

2195 5227 2384 5291 ουσίας
2420 5228 2571 5279 ἐστὶν
2603 5228 2765 5298 αὐτῇ,
2796 5228 2876 5291 είς
2927 5225 2986 5280 ὃν
3016 5228 3202 5295 ἀνάγει
3239 5229 3366 5290 τοὺς
3401 5230 3460 5280 ἐν
3493 5227 3568 5296 τῷ
3593 5225 3748 5295 φιλεῖν

2195 5319 2355 5372 αὐτὸν
2387 5320 2710 5390 ἐφιεμένους
2742 5321 2835 5375 τοῦ
2861 5321 2996 5392 αὐτῇ
3037 5325 3344 5393 πρέποντος
3379 5319 3743 5391 ἀνυψώματικο

2193 5410 2286 5462 τοῦ
2320 5412 2460 5463 κατὰ
2494 5413 2744 5482 οὐρανόν.

2263 5502 2366 5557 λθ’.
2426 5503 2535 5556 Kui
2582 5504 2687 5557 ποῦ
2737 5505 2844 5573 γὰρ
2877 5505 3062 5560 ἄλλοθι
3109 5506 3348 5559 ἀπάθεια
3388 5507 3568 5576 νοερᾶ,
3602 5501 3742 5573 ήτῆς

2191 5597 2449 5664 νηστείας
2485 5597 2766 5668 πρόθεσις,
2801 5599 2919 5653 ἀλλ’
2951 5599 2984 5667 ἢ
3027 5602 3085 5652 ἐν
3128 5600 3342 5670 οὐρανῷ
3378 5603 3472 5653 xui
3504 5603 3607 5660 τοῖς
3641 5593 3741 5647 ἐκεῖ

2191 5687 2519 5754 ἁγιωτάτοις
2553 5690 2870 5758 τάγμασιν;
2901 5687 2976 5744 Ἦ
3037 5695 3146 5762 γάρ
3175 5691 3352 5746 οίεταί
3401 5709 3483 5749 τις
3530 5688 3738 5757 ἑτεροῖον

2193 5775 2332 5832 εἶναι
2360 5783 2424 5850 τῇ
2461 5783 2684 5854 νηστεία
2711 5784 2932 5850 σκοπὸν,
2969 5785 3050 5838 ὅτι
3088 5787 3162 5856 μὴ
3199 5787 3258 5838 τὸ
3304 5787 3382 5849 εἰς
3413 5785 3535 5846 νόας
3566 5777 3736 5835 ἀπολε-
