3982 6246
195 331 292 400 613
831 343 846 360 κ
1155 325 1239 387 IN
1281 327 1344 386 δ.
1377 323 2048 398 QUADRAGESIMAM
2079 323 2366 387 ORATIO
2407 325 2488 388 II.
3346 329 3453 396 ωι

198 459 379 511 πτῦναι
426 449 556 516 τοὺς
593 446 919 521 ηστευτάς,
974 446 1070 500 καὶ
1113 447 1195 512 είς
1244 447 1516 501 ἀπάθειαν
1552 449 1760 500 ἀποκα-

1879 448 2154 517 expeditos
2220 449 2448 505 reddere
2486 448 2828 520 jejunantes,
2862 457 2917 504 et
2968 448 3177 520 absque
3232 451 3451 520 passio-

197 547 470 616 ταστῆσαι,
501 544 550 596 εἰ
584 541 676 597 καὶ
701 541 749 594 οἱ
771 541 827 594 ἐν
852 541 984 610 ἡμῖν
1011 539 1169 611 μόγις
1192 540 1292 610 τὴν
1327 539 1754 610 μετριοπάθειαν

1879 541 2024 595 tibus
2051 540 2289 605 eﬂicere,
2317 543 2443 598 licet
2470 542 2564 613 qui
2605 551 2734 598 sunt
2767 541 2820 596 in
2851 542 3009 596 nobis
3035 543 3124 595 vix
3157 541 3210 595 in
3238 541 3451 611 passio-

203 635 570 708 κατορθοῦσινς
612 632 998 702 Ἀγγελοποιδν
1049 633 1159 704 γὰρ
1203 634 1238 703 ἠ
1279 635 1507 704 νηστεία
1551 633 1754 706 τρόπον

1886 633 2024 688 tibus
2065 631 2464 688 moderantiam
2524 634 2984 706 consequantur?
3015 632 3262 704 Namque
3311 633 3458 704 jeju-

201 733 330 794 τινα,
376 725 455 792 οἷς
503 728 587 781 διὰ
625 727 918 795 ίσαγγέλου
973 725 1086 796 βίου
1124 728 1204 790 είς
1247 725 1575 797 αὐτόχρημα
1629 724 1757 780 νοῦν

1884 727 2015 780 tium
2056 729 2243 797 aliquo
2271 731 2429 783 modo
2455 729 2695 784 similare
2733 729 2862 784 facit
2896 729 3130 799 angelis.
3186 739 3452 800 quantum

206 821 582 876 ἀπολεπτύνειν
644 819 961 883 προτίθεται
1015 817 1106 873 τὸν
1172 819 1522 889 νηστεύοντα,
1581 817 1758 872 simi

1881 832 1965 885 per
1990 819 2156 872 vitam
2195 819 2500 886 angelicam
2533 820 2600 874 ad
2657 836 2841 876 veram
2887 821 3088 876 mentis
3132 821 3453 875 tcuuita'em

207 918 392 976 ἐκεῖνος
423 914 498 976 ὡς
529 911 760 965 ἐπιπολὺ
793 913 877 964 διὰ
905 911 964 964 τὸ
1001 911 1149 965 κάτω
1179 911 1363 981 βρίθον
1381 911 1473 965 τοῦ
1506 911 1759 983 σώματος

1882 907 2126 964 :onducit
2147 909 2502 979 jejunantem,
2526 910 2658 966 licet
2676 911 2764 966 ille
2786 913 3106 982 plerumque
3133 929 3229 982 per
3246 913 3454 968 declive

208 1008 289 1058 mi.
310 1005 501 1072 γεῶδες
525 1003 861 1073 άπροσφυῶς
891 1003 1006 1073 ἔχει
1035 1006 1100 1074 τῇ
1125 1003 1354 1074 τοιαύτῃ
1381 1004 1480 1074 τῆς
1503 1003 1758 1073 νηστείας

1881 1012 1930 1052 Ic
1949 1008 2206 1055 terrestre
2229 1005 2496 1071 corporis,
2524 1004 2616 1056 tali
2633 1003 2829 1072 jejunii
2851 1009 3127 1075 proposito
3150 1008 3453 1062 naturalem

211 1095 469 1164 προθέσει.
499 1095 694 1147 Οἰκεία
723 1093 903 1145 τοίνυν
938 1095 1032 1146 καὶ
1066 1094 1383 1164 παραδείσῳ
1418 1093 1511 1148 καὶ
1543 1094 1760 1165 ούρανῷ

1880 1090 2067 1144 habeat
2103 1095 2570 1148 contrarietatem.
2605 1091 2891 1163 Proprium
2927 1105 3010 1149 est
3044 1112 3173 1166 ergo
3195 1098 3452 1166 paradiso

209 1187 236 1253 ἡ
286 1187 519 1255 νηστεία,
572 1188 668 1239 καὶ
720 1187 814 1239 δύο
850 1181 1001 1238 οὗτοι
1058 1190 1214 1239 τόποι
1261 1186 1569 1258 πατριῶται
1621 1187 1758 1258 αὐτῇ

1878 1186 2121 1258 coeloque
2147 1188 2442 1258 jejunium,
2477 1198 2532 1243 ct
2569 1188 2673 1243 ista
2704 1187 2814 1244 duo
2838 1189 2954 1244 loca
2980 1201 3106 1244 sunt
3159 1191 3261 1259 ipsi
3293 1193 3450 1260 patrii

214 1281 528 1346 καταγωγαὶ,
600 1280 753 1348 φίλαι
808 1279 888 1349 τῷ
946 1279 1085 1350 Θεῷ,
1152 1279 1340 1349 ψυχῶν
1403 1279 1759 1346 ἀναπαύσεις,

1878 1291 2084 1350 portus,
2119 1283 2384 1337 amabiles
2415 1284 2544 1350 Deo,
2571 1283 2875 1338 animarum
2914 1286 3158 1354 requies,
3181 1285 3450 1341 inaccessi

214 1375 526 1444 ἀπρόσϐατοι
563 1373 820 1442 δαίμοσι·
855 1375 934 1426 διὸ
967 1375 1058 1427 καὶ
1101 1374 1306 1444 ἀμφοῖν
1350 1374 1561 1428 τούτοιν
1591 1375 1761 1442 ἐγκα-

1886 1375 2251 1437 ιιιξωοηὶὺυες
2295 1375 2526 1443 ideoque
2556 1375 2773 1431 duobus
2805 1375 2912 1432 illis
2937 1375 3207 1445 jejunium
3252 1379 3458 1430 consti-

215 1469 380 1539 θιστᾷν
401 1470 432 1538 ἡ
454 1470 676 1537 νηστεία
701 1469 950 1538 βούλεται
967 1467 1092 1530 τοὺς
1112 1466 1291 1529 καλῶς
1313 1467 1452 1537 αὐτῇ
1473 1467 1762 1537 χαίροντας

1883 1476 2026 1522 tuere
2062 1466 2176 1521 vult
2202 1481 2296 1521 eos
2323 1467 2416 1535 qui
2451 1467 2700 1536 pulchre,
2729 1469 2996 1536 juxtaque
3058 1473 3268 1520 rectum
3333 1481 3455 1520 sco-

213 1561 297 1614 καὶ
342 1563 481 1614 κατὰ
535 1564 742 1613 σκοπὸν
795 1560 974 1631 ὀρθὸν,
1018 1559 1078 1622 ὃς
1117 1558 1396 1614 εὐοδοῦται
1451 1559 1539 1612 διὰ
1594 1562 1763 1632 μόνης

1885 1577 2023 1626 sum,
2061 1563 2152 1629 qui
2189 1562 2301 1616 sola
2332 1561 2473 1616 bene
2521 1561 2781 1629 dirigitur
2833 1561 3122 1625 charitate,
3194 1560 3311 1629 ipso
3368 1559 3457 1611 la:-

215 1651 432 1718 ἀγάπης.

1875 1666 2080 1710 tantur.

281 1743 347 1812 μ’.
378 1744 505 1796 osse
535 1745 644 1812 γάρ
673 1744 793 1796 οὐδὲ
817 1743 877 1796 τὸ
900 1741 1001 1812 τῆς
1029 1742 1285 1812 νηστείας
1303 1744 1468 1796 καλὸν
1500 1744 1766 1814 μέταλλον

1945 1746 2033 1800 40.
2086 1744 2193 1798 Nec
2216 1745 2359 1798 enim
2391 1743 2678 1811 pulchrum
2727 1742 2925 1811 jejunii
2982 1744 3261 1798 metallum
3320 1761 3445 1800 cum

217 1833 554 1906 ἅλιεπίμικτόν
585 1839 700 1889 ἐστι
749 1839 861 1898 τοῖς
899 1837 1266 1905 ἀγαπητικοῖς
1305 1837 1556 1906 χρυσέοις
1603 1837 1768 1908 εὑρή-

1884 1839 2153 1892 :haritatis
2187 1837 2370 1892 aureis
2404 1850 2514 1890 non
2572 1835 2966 1890 commiscetur
3022 1835 3295 1901 inventis;
3358 1838 3456 1891 sed

219 1946 364 1998 μασιν
385 1945 399 1960 ⁸
435 1928 570 1982 ἀλλὰ
596 1929 692 1982 καὶ
723 1929 863 1999 αὐτῇ
889 1928 950 1981 τὺ
972 1929 1177 1996 ἀγαθὸν
1204 1929 1363 1982 τοῦτο
1389 1929 1766 1999 ἀνακέκραται

1881 1942 1925 1986 et
1987 1929 2148 1984 istud,
2192 1930 2393 1982 bonum
2460 1925 2587 1995 ipsi,
2656 1925 2801 1980 sicut
2875 1933 2928 1980 et
2993 1926 3172 1996 ipsum
3245 1943 3453 1997 praece-

216 2022 342 2076 mea
395 2022 486 2075 καὶ
537 2024 652 2084 τοῖς
708 2022 816 2090 πρὸ
849 2022 1041 2090 αὐτῆς.
1100 2021 1212 2075 Καὶ
1258 2022 1484 2090 οἴδαμεν
1535 2023 1762 2088 πάντες,

1885 2020 2535 2084 lentibus,admiscetur.
2584 2016 2802 2072 Scimus
2847 2033 3060 2085 omnes,
3115 2018 3457 2088 quibuscuu-

218 2116 345 2177 ὅσοις
400 2115 616 2184 μέτεστι
650 2113 743 2166 τοῦ
787 2114 1008 2177 είδέναι,
1041 2114 1124 2166 ὅτι
1155 2113 1243 2168 διὰ
1281 2115 1538 2183 νηστείας
1571 2116 1764 2185 ἀγάπη

1886 2128 1975 2184 lue
2003 2113 2164 2167 datur
2188 2112 2353 2176 scire,
2382 2111 2708 2167 charitatem
2735 2110 2787 2163 in
2827 2109 2988 2164 nobis
3017 2111 3274 2179 ajejunio
3293 2127 3458 2180 geneo

219 2205 536 2273 περιγίνεται
597 2205 752 2274 ἡμῖν,
810 2203 870 2256 οὐ
921 2204 1080 2273 μόνον
1126 2205 1182 2274 ή,
1230 2204 1304 2267 ὠς
1349 2205 1416 2259 ἄν
1460 2222 1545 2268 τις
1596 2206 1764 2271 εῐποι,

1885 2207 2004 2270 rari,
2039 2221 2150 2260 non
2181 2204 2356 2259 solum
2397 2217 2540 2267 eam,
2574 2216 2716 2272 qum,
2751 2213 2811 2256 ut
2839 2205 2914 2256 ita
2946 2201 3149 2266 dicam.
3181 2201 3457 2257 inhaerens

219 2296 510 2364 ἑγκάθετος,
557 2296 696 2350 ἀλλά
757 2297 850 2348 καὶ
900 2296 933 2366 ή
973 2295 1339 2366 μεταϐατικὴ,
1377 2294 1409 2365 ἢ
1446 2296 1539 2348 καὶ
1591 2295 1767 2359 ἄλλως

1888 2300 1955 2354 ξεί
1998 2297 2132 2364 ;sed
2175 2305 2231 2351 et
2258 2294 2772 2365 transgredientem,
2802 2295 2907 2360 vel,
2953 2300 3013 2348 ut
3060 2293 3217 2349 aliter
3269 2297 3460 2365 loqua-

219 2389 421 2457 φράσαι,
484 2389 515 2456 ἡ
579 2387 892 2457 αύτοπαθὴς
946 2388 1040 2441 καὶ
1087 2388 1121 2453 ἡ
1163 2386 1500 2456 mortuom.
1533 2387 1692 2455 Λέγω
1713 2388 1768 2440 δὲ

1885 2406 2026 2454 mur,
2064 2404 2183 2445 eam
2208 2405 2330 2460 quae
2366 2388 2432 2442 ad
2465 2403 2522 2441 se
2550 2387 2725 2440 tendit
2753 2395 2806 2441 et
2855 2401 2973 2441 eam
3028 2401 3150 2456 quae
3199 2387 3267 2441 ad
3319 2388 3457 2442 alios

217 2481 487 2546 ὲγκάθετον
521 2481 625 2549 μὲν
670 2479 763 2532 καὶ
794 2478 1079 2546 αὒτοπαθῆ
1110 2480 1332 2549 ἀγάπην
1365 2479 1466 2550 τὴν
1495 2481 1766 2549 ὲμπεριωο

1887 2481 2206 2537 ξιιεηάἰιιιτ.
2236 2479 2369 2535 Dico
2397 2488 2578 2533 autem
2611 2478 2938 2534 insidentem
2970 2491 3024 2534 et
3053 2479 3119 2532 ad
3143 2496 3200 2534 se
3228 2481 3459 2534 tenden-

223 2574 462 2643 ρισμένην
523 2572 604 2640 τῷ
665 2573 934 2640 νηστευτῇ
996 2570 1144 2640 αὑτῷ
1199 2571 1397 2640 ἐκείνῳ
1449 2571 1543 2623 καὶ
1599 2572 1764 2640 μόνῳ.

1887 2589 1980 2628 .em
2039 2574 2362 2628 cliaritatetn
2397 2586 2519 2640 qua:
2537 2569 2979 2640 adjejunantem,
3007 2585 3242 2640 eumque
3259 2569 3459 2638 solum,

223 2664 450 2727 Τοιοῦτος
495 2664 551 2718 δὲ
607 2667 635 2718 ὁ
689 2666 1008 2732 καταμόνας
1047 2662 1133 2716 ἐπ’
1187 2664 1364 2716 ἐλπίδι
1424 2667 1486 2734 τῇ
1542 2665 1600 2717 ὲν
1647 2663 1769 2734 Θεῷ

1892 2664 2373 2720 :ircumscribitur.
2399 2663 2550 2718 Talis
2585 2672 2669 2716 est
2695 2663 2787 2718 ille
2827 2663 2920 2733 qui
2979 2678 3224 2718 seorsum
3259 2664 3312 2718 in
3366 2679 3464 2732 spe

222 2758 489 2823 κατοικῶν,
529 2758 630 2810 καὶ
663 2758 720 2809 ὲν
752 2756 962 2826 ἐρημίᾳ
991 2755 1212 2825 διάγων,
1245 2756 1303 2809 ὲν
1409 2757 1570 2826 μόνος
1606 2757 1769 2812 αὐτὸν

1888 2756 1985 2812 Deo
2018 2757 2322 2811 inhaerente
2354 2754 2741 2817 constituitur,
2773 2766 2825 2810 et
2858 2755 2909 2808 in
2935 2770 3119 2810 eremo
3138 2754 3304 2808 vitam
3330 2757 3460 2826 agit.

220 2855 244 2904 ὁ
271 2851 454 2920 Κύριος
477 2850 896 2905 ἐπισκέπτεται.
942 2850 1000 2902 '0
1036 2848 1278 2910 τοιοῦτος
1315 2849 1425 2920 γάρ
1451 2849 1634 2920 ἑαυτῷ
1669 2868 1771 2919 μο-

1889 2849 1965 2904 ibi
1994 2850 2146 2903 solus
2177 2864 2300 2900 eum
2326 2845 2592 2900 Dominus
2623 2845 2960 2900 considerat.
3001 2844 3098 2899 llic
3147 2845 3294 2898 enim
3323 2843 3461 2899 soli-

222 2942 368 3011 ναχοῦ
419 2941 806 3010 quean
848 2939 963 3011 ἔχει
1009 2940 1109 3012 τὴν
1166 2941 1414 3012 ἀγάπην,
1463 2943 1557 2996 καὶ
1610 2944 1771 3008 αὐτὸς

1897 2939 2352 2994 ariecharitatem
2407 2937 2567 2990 habet
2596 2936 2648 2988 in
2719 2949 2778 2989 se
2835 2934 3190 2998 insidentem,
3239 2942 3294 2988 et
3344 2935 3465 3003 ipse

227 3035 364 3100 μόνος
397 3037 592 3102 πάσχει
636 3033 696 3085 τὸ
727 3032 1060 3085 τελειοποιὸν
1100 3031 1260 3085 τοῦτο
1294 3031 1492 3096 πάθος,
1522 3033 1623 3086 οὐκ
1650 3035 1776 3099 ἐξα-

1890 3031 2030 3086 solus
2063 3029 2210 3082 illum
2247 3027 2616 3096 perlicientem
2668 3026 2833 3079 sentit
2891 3023 3233 3078 affectionem
3297 3023 3462 3093 hujus

225 3127 358 3178 πλῶν
380 3127 477 3189 τὰς
515 3129 614 3195 τῆς
636 3125 836 3196 ἀρετῆς
865 3126 1090 3187 ἀκτῖνας
1119 3125 1196 3188 είς
1221 3123 1427 3193 λάμψιν
1449 3125 1542 3178 καὶ
1569 3126 1768 3192 ἄλλοις,

1886 3123 2096 3178 virtutis
2130 3120 2312 3174 radios
2343 3118 2408 3173 ad
2459 3117 2752 3172 lucendum
2802 3115 2924 3170 aliis
2968 3131 3077 3171 non
3126 3116 3458 3186 expandens,

225 3217 291 3280 ὼς
323 3217 433 3271 οὐδὲ
465 3221 492 3271 ὀ
520 3219 692 3288 ἥλιος,
735 3217 791 3269 ὲν
820 3217 932 3284 ὅσῳ
960 3215 1266 3285 κρύπτεται
1296 3215 1401 3268 ὑπὸ
1435 3216 1560 3285 γῆν.

1803 3209 1844 3222 ⁷
1881 3214 2042 3269 sicuti
2070 3228 2168 3267 nec
2201 3211 2303 3277 sol,
2342 3221 2607 3279 quantum
2639 3209 2739 3264 sub
2761 3217 2906 3263 terra
2947 3209 3279 3277 contegitur.

290 3315 390 3377 μα’.
416 3311 519 3362 Καὶ
560 3306 788 3377 τοιαύτη
833 3307 933 3377 μὲν
959 3309 993 3377 ἡ
1021 3306 1320 3376 ὲγκάθετος
1345 3306 1438 3358 καὶ
1459 3307 1776 3378 αὑτοπαθὴς

1951 3304 2038 3358 41.
2073 3301 2222 3358 Talis
2256 3311 2341 3357 est
2393 3301 2610 3370 quidem
2668 3299 2936 3363 charitas,
2977 3307 3034 3352 ut
3071 3299 3249 3369 typice
3288 3298 3468 3352 brevi-

225 3395 416 3463 ἀγάπη,
451 3397 524 3458 ὡς
569 3393 730 3464 τύπῳ
775 3395 947 3462 φάναι
983 3395 1080 3448 καὶ
1121 3393 1410 3462 παχυλῶς·
1441 3397 1474 3463 ὴ
1509 3395 1565 3447 δὲ
1603 3411 1771 3463 μετα-

1887 3407 2070 3467 tcrque
2106 3395 2323 3464 loquar,
2372 3393 2614 3447 insidens
2647 3401 2700 3446 ct
2735 3391 2842 3447 sibi
2891 3392 3158 3446 sentiens.
3196 3391 3292 3444 llla
3329 3405 3459 3443 vero

225 3486 405 3556 ϐατικὴ
425 3487 518 3540 καὶ
545 3485 861 3554 ἀλλοπαθὴς
884 3487 944 3538 οὑ
973 3487 1310 3554 περιγράφει
1337 3484 1398 3538 τὸ
1416 3487 1482 3537 αὐ
1494 3485 1587 3554 τῆς
1609 3485 1776 3539 καλὸν

1889 3487 2293 3559 transgrediens
2321 3495 2374 3539 et
2404 3485 2471 3540 ad
2505 3483 2642 3539 alios
2698 3483 2970 3553 aspirans,
2997 3482 3082 3536 sui
3123 3482 3320 3535 bonum
3357 3498 3461 3535 non

226 3580 295 3643 είς
319 3596 431 3634 τινα
456 3580 574 3644 ἕνα,
615 3576 884 3631 πλατύνει
909 3577 965 3630 δὲ
997 3577 1444 3648 αὑτομερίξουσα
1471 3577 1553 3641 είς
1574 3577 1774 3644 κοινὸν,

1889 3577 2282 3636 circumscribit
2305 3575 2374 3630 ad
2405 3589 2572 3629 unum
2601 3574 2913 3645 quemdam,
2937 3571 3031 3628 sed
3061 3573 3128 3627 ad
3151 3586 3461 3638 commune,

224 3669 330 3722 καθ’
365 3671 484 3722 ὅσον
545 3666 658 3722 οἷόν
709 3668 769 3721 τὲ
827 3669 996 3720 ἐστιν.
1059 3667 1118 3720 '0
1173 3667 1308 3735 γοῦν
1370 3668 1448 3738 μὴ
1496 3667 1778 3722 λανθάνων

1894 3673 2248 3742 juodcunque
2273 3669 2344 3725 sit
2379 3670 2853 3738 etqualecunque,
2877 3665 3230 3722 distributiva
3261 3680 3466 3736 expau-

227 3759 525 3830 ἀνθρώπους
573 3759 896 3829 νηστευτὴς,
933 3759 1070 3830 μηδὲ
1114 3759 1454 3829 προθέμενος
1487 3760 1775 3829 ἀναχωρη-

1889 3763 1980 3820 dit.
2045 3762 2147 3818 Hic
2171 3777 2301 3832 ergo
2326 3761 2420 3832 qui
2441 3775 2549 3815 non
2579 3760 2836 3815 homines
2870 3759 3003 3814 latet
3027 3757 3309 3828 jejunans,
3359 3771 3461 3811 nec

225 3852 373 3914 τικῶς
402 3853 568 3922 βιοῦν,
623 3853 715 3904 καὶ
749 3850 896 3904 οὕτω
952 3852 1024 3920 μὴ
1059 3850 1222 3918 μόνον
1254 3849 1604 3921 ἀνθρώπους,
1634 3851 1774 3916 ἀλλ’,

1892 3854 1983 3909 tibi
2009 3853 2294 3925 proposuit
2329 3854 2718 3908 anachoretice
2755 3853 2958 3915 vivere,
2991 3860 3043 3905 et
3077 3852 3168 3917 ita,
3202 3866 3310 3904 non
3341 3856 3464 3903 tan-

229 3941 270 3991 εί
293 3939 523 4005 δυνατὸν,
554 3939 655 3993 καὶ
686 3939 848 3992 αὑτὸν
871 3939 1022 4009 ἥλιον
1053 3939 1536 4010 ἀποκρύπτεσθαι,
1563 3943 1778 4010 φαίνειν

1895 3961 1997 4000 tum
2029 3945 2362 4008 hominibus,
2402 3943 2498 3998 sed
2519 3945 2708 4007 etiam,
2756 3943 2801 3997 si
2867 3942 3124 4010 possibile
3175 3939 3338 4006 foret,
3414 3948 3467 3994 et

226 4032 274 4084 δὲ
305 4036 390 4086 καὶ
422 4033 616 4086 ὲαυτδν
649 4032 742 4084 καὶ
773 4031 833 4083 τδ
871 4033 990 4084 κατ’
1017 4031 1182 4086 αὑτὸν
1211 4033 1327 4100 φῶς
1355 4034 1413 4086 ὲν
1441 4036 1507 4105 τῇ
1532 4035 1628 4087 τοῦ
1659 4033 1777 4104 βίου

1894 4037 1983 4108 ipsi
2011 4035 2114 4091 soli
2148 4035 2506 4090 absconditus
2539 4049 2686 4098 esse,
2733 4033 3086 4088 manifestare
3111 4048 3242 4088 vero
3267 4047 3466 4103 pr0po-

229 4125 418 4192 σκοτίᾳ,
442 4122 536 4176 καὶ
560 4121 706 4176 οὕτω
732 4117 1287 4188 περίσκεποςξεῖναι,
1318 4124 1400 4186 είς
1424 4125 1485 4177 τὺ
1507 4124 1780 4195 θειότερον

1893 4127 1992 4183 luit
2025 4137 2140 4180 tum
2173 4126 2556 4194 semetipsum,
2599 4132 2713 4176 tum
2763 4121 2906 4190 quod
2950 4123 3001 4174 in
3035 4137 3096 4176 se
3117 4129 3202 4176 est
3263 4122 3465 4182 lumen,

225 4215 309 4283 τῆς
353 4217 568 4286 ἀγάπης
595 4213 880 4280 ἀπονεύει,
914 4214 1009 4267 καὶ
1036 4216 1116 4278 είς
1140 4214 1304 4267 πλέον
1329 4214 1674 4286 ἐξομοιοῦται
1701 4216 1781 4286 τῷ

1893 4222 1937 4273 in
1967 4218 2088 4272 vitae
2113 4215 2376 4278 tenebris,
2403 4225 2458 4268 et
2489 4214 2566 4268 ita
2589 4215 2927 4280 conspicuus
2950 4227 3092 4278 esse,
3120 4214 3186 4266 ad
3221 4212 3297 4274 id,
3319 4213 3465 4274 quod

224 4306 347 4375 Θεῷ.
373 4307 480 4360 Καὶ
497 4307 606 4378 γάρ
625 4323 708 4360 τοι
739 4306 836 4358 καὶ
865 4307 892 4358 ὁ
921 4305 1052 4368 Θεὸς
1075 4307 1175 4358 οὐκ
1203 4306 1458 4377 ἀρκεῖται
1479 4307 1783 4376 στρογγυλ-

1895 4309 2104 4365 virtutis
2133 4316 2219 4362 est
2250 4306 2518 4368 divinius,
2549 4305 2775 4372 etquod
2834 4303 2944 4358 Deo
3011 4304 3188 4373 magis
3243 4303 3467 4374 propin-

224 4398 426 4467 λόμενος
455 4402 535 4461 είς
570 4397 770 4452 ἑαυτὸν
802 4398 897 4450 καὶ
925 4398 1176 4465 σφίγγων
1204 4398 1303 4450 καὶ
1334 4397 1690 4468 στενοχωρῶν
1717 4398 1781 4450 τὸ

1893 4408 2038 4471 quat,
2071 4399 2266 4454 tendit.
2299 4396 2515 4451 Etenim
2551 4395 2694 4451 Deus
2745 4411 2855 4449 non
2887 4405 3180 4450 contentus
3204 4404 3291 4450 est
3340 4410 3465 4466 pro-

224 4493 532 4560 αὺτάγαθον,
590 4492 705 4544 ἀλλ’
759 4492 992 4558 ὲξαπλοϊ
1046 4489 1414 4544 ὲπεκτείνων·
1471 4492 1566 4542 καὶ
1633 4489 1778 4543 οὕτω

1892 4495 2066 4562 prium
2105 4491 2328 4554 bonum,
2361 4488 2736 4557 comprimens
2761 4499 2814 4542 et
2841 4496 3151 4552 coarctans,
3182 4489 3236 4543 in
3262 4501 3464 4546 semet-

226 4583 469 4652 πληθύνει
505 4587 575 4638 τὰ
608 4582 1046 4653 εὐεργετούμενοι
1084 4582 1161 4644 ὼς
1193 4580 1454 4633 ἑκάστοτε
1481 4597 1494 4612 ·
1527 4583 1610 4634 ὅτι
1640 4582 1778 4653 μηδὲ

1896 4588 2062 4654 ipsum
2085 4582 2434 4653 eonglobare,
2469 4582 2559 4636 sed
2580 4582 2896 4650 expandens
2914 4583 3112 4637 evolvit
3129 4581 3284 4649 illud;
3313 4593 3366 4637 et
3387 4583 3468 4637 sic

226 4677 499 4742 ἐπαύσατο,
547 4671 637 4730 οἶα
680 4675 937 4742 καθάπαξ
975 4676 1302 4746 ἐνεργήσας,
1353 4673 1490 4727 ἀλλὰ
1537 4676 1631 4727 καὶ
1671 4675 1776 4738 ἔως

1897 4677 2042 4747 ιιιεεί
2101 4686 2362 4746 perpetuo
2426 4672 2710 4728 benefacta
2741 4675 3111 4744 multiplicat:
3143 4689 3266 4728 nam
3325 4675 3469 4730 haud

223 4769 333 4837 ἄρτι
375 4773 687 4841 ἐργάζεται.

1897 4769 2092 4842 quievit
2123 4768 2250 4838 quia
2287 4767 2455 4822 semel
2485 4776 2748 4836 operatus
2783 4773 2890 4830 est,
2924 4763 3021 4819 sed
3087 4779 3263 4834 usque
3321 4778 3469 4819 nunc

1885 4866 2048 4919 etiam
2080 4869 2359 4931 operatur.

286 4947 385 5016 p.62
431 4951 735 5021 Καὶ,οὖτω
785 4951 883 5019 μὲν
933 4949 968 5019 ἡ
1015 4948 1248 5018 νηστεία
1297 4951 1488 5019 κρᾶμα
1543 4949 1778 5020 χρύσεον

1954 4955 2046 5010 42.
2077 4955 2144 5008 Et
2168 4954 2238 5007 ita
2271 4951 2497 5020 quidem
2540 4949 2811 5019 jejunium
2877 4963 3042 5004 aurea
3084 4951 3233 5005 scala
3285 4959 3368 5006 est
3417 4966 3469 5006 et

225 5038 432 5094 ἀλλοίων
459 5042 524 5094 τέ
566 5044 718 5095 ἐστιν
757 5040 967 5111 ἀρετῶν
1000 5044 1093 5094 καὶ
1131 5041 1355 5111 ἀγάπης
1391 5041 1580 5111 αὐτῆς,
1611 5041 1680 5094 δι’
1709 5037 1778 5112 ἦς

1896 5055 2208 5102 restet-arum
2242 5045 2508 5098 virtutum
2541 5053 2594 5096 et
2625 5043 2798 5112 ipsius
2833 5040 3119 5097 charitatis
3154 5083 3168 5106 ,
3201 5057 3312 5112 qua
3343 5045 3468 5112 qui-

225 5131 308 5184 καὶ
340 5133 397 5186 τὸ
424 5133 632 5193 ἀπαθὲς
665 5135 765 5204 μὲν
794 5133 904 5191 τῶν
931 5151 1041 5186 τισι
1073 5133 1387 5204 νηστευτῶν
1409 5133 1776 5204 περιγίνεται,

1899 5139 2007 5193 iem
2039 5135 2409 5208 jejunantium
2439 5133 2713 5202 aliquibus
2740 5133 2958 5201 apathia
2983 5142 3313 5202 generatur,
3369 5148 3471 5188 sae-

223 5221 293 5283 ei;
327 5224 483 5277 πλέον
508 5227 567 5279 δέ
595 5242 657 5292 γε
693 5226 752 5278 τὸ
781 5226 1173 5296 μετριοπαθές.
1210 5228 1321 5280 Καὶ
1339 5226 1454 5280 ἔστι
1489 5227 1779 5298 μακαριώ-

1894 5235 2010 5302 plus
2045 5237 2224 5282 autem
2257 5226 2573 5296 passionum
2615 5224 2939 5278 moderatio.
2979 5223 3046 5276 Et
3109 5231 3194 5276 est
3241 5222 3466 5291 quidem

224 5330 369 5371 τατον
404 5318 503 5387 μὲν
533 5319 706 5371 ἐκεῖνο
741 5318 1208 5390 κατορθούμενον,
1241 5320 1330 5372 ὅτε
1365 5337 1451 5383 τις
1483 5320 1686 5390 δηλαδὴ
1721 5324 1778 5385 ἐς

1897 5323 1976 5377 ille
2008 5319 2360 5376 l'eiieissimus
2392 5332 2710 5382 successus,
2734 5317 2953 5385 quando
3003 5317 3129 5383 quis
3161 5314 3299 5368 adeo
3330 5329 3469 5367 con-

224 5407 454 5461 τοσοῦτον
479 5411 722 5480 ἀνδρεῖος
744 5410 972 5480 γένηται
996 5410 1139 5464 κατά
1164 5409 1358 5465 παθῶν
1375 5413 1471 5464 καὶ
1489 5411 1779 5481 ἀπρόσμα-

1892 5423 1968 5468 tra
2006 5412 2295 5482 passiones
2349 5411 2419 5464 sit
2453 5420 2508 5464 et
2536 5408 2794 5471 invictus,
2829 5416 2887 5460 ut
2919 5420 3027 5458 non
3087 5404 3284 5457 audeat
3312 5403 3464 5456 illum

222 5512 326 5564 κος,
356 5500 429 5564 ὡς
468 5502 604 5573 μηδὲ
641 5503 847 5574 τολμᾷν
869 5503 1096 5574 ἐμπαθῆ
1126 5504 1388 5574 λογισμὸν
1414 5504 1776 5573 προσῦάλλειν

1893 5508 2156 5562 lacessere
2189 5508 2408 5558 turbata
2451 5503 2592 5556 ratio
2613 5499 2777 5555 fortis
2807 5513 2905 5552 nec
2945 5497 3020 5550 illi
3083 5496 3349 5551 insultare
3373 5497 3465 5566 qui

223 5591 377 5662 αὐτῷ,
416 5595 558 5666 μηδὲ
611 5597 1002 5666 κατορχείσθαι
1037 5596 1186 5666 αὐτῷ
1238 5597 1329 5650 τὸν
1374 5595 1777 5650 ἐπιστατοῦντα

1896 5597 2088 5652 talibus
2117 5603 2337 5667 praeest,
2373 5593 2646 5648 diabolus.
2679 5590 2760 5645 Ad
2819 5587 3102 5657 passiones
3155 5588 3300 5640 enim
3345 5590 3468 5642 talis

222 5686 322 5748 τοῖς
360 5687 626 5751 τοιούτοις
672 5689 928 5760 δαίμονα.
965 5690 1249 5744 Διάκειται
1301 5690 1410 5760 γὰρ
1453 5691 1483 5743 ὁ
1531 5689 1778 5752 τοιοῦτος

1894 5692 2051 5744 homo
2081 5703 2140 5743 se
2167 5687 2351 5750 habet,
2408 5683 2569 5753 quasi
2635 5695 2743 5733 non
2799 5687 3154 5748 cognosceret
3201 5679 3333 5748 quid
3395 5684 3466 5736 sit

224 5773 489 5845 ἄνθρωπος
527 5780 662 5850 πρὸς
695 5781 760 5835 τὰ
796 5780 966 5851 πάθη,
1001 5780 1078 5846 ὡς
1106 5782 1157 5835 εί
1197 5781 1289 5836 καὶ
1319 5782 1528 5852 ἠγνόει,
1562 5783 1615 5836 τί
1645 5783 1775 5835 ποτέ

1895 5782 2114 5848 malum,
2139 5787 2194 5835 et
2215 5778 2371 5847 quasi
2397 5789 2510 5830 non
2551 5781 2697 5829 esset
2742 5769 2908 5828 homo
2935 5769 3231 5842 subiacens
3262 5772 3467 5842 passio-
