1991 3123
230 149 284 182 (315

604 143 819 177 EUSTATHII
834 136 1217 173 THESSALONlCENSIS
1237 137 1528 169 METROPOLIT/E

1817 134 1877 168 616

233 205 324 232 uibus.
345 203 424 231 Etita
440 202 549 238 quidem
567 201 613 229 ille
640 208 736 229 revera
764 199 940 227 felicissimus
965 202 1025 225 est:

1080 198 1137 222 ἐστι
1150 195 1180 221 τὸ
1191 195 1287 228 κακὸν,
1304 194 1352 221 καὶ
1371 194 1409 226 ὡς
1424 195 1448 221 εί
1462 193 1530 229 μηδὲ
1544 191 1686 228 ἄνθρωπός
1703 191 1791 223 ἔστιν,
1808 191 1881 218 ὕπο-

233 251 298 278 felix
313 255 403 277 autem
416 249 498 276 etiam
511 252 552 276 est
563 247 710 284 posterior,
723 246 769 282 qui
783 246 902 273 luctatur
915 244 1025 279 quidem

233 303 261 324 et
275 298 406 332 agitatur,
439 296 486 323 sed
515 303 571 323 non
601 294 748 329 dcjicitur;
779 298 883 328 pugnat
914 292 1024 327 quidem

234 344 366 370 adversus
385 342 482 369 anima:
496 341 647 374 turbinem,
664 340 711 367 sed
746 343 870 373 superest
886 342 914 364 et
934 343 1026 365 stran-

233 390 310 424 gulat
327 388 409 415 veluti
424 388 539 415 Samson
554 387 671 419 leonem,
688 390 715 413 et
740 385 819 420 quasi
847 391 929 419 super
954 383 1027 417 aspi-

234 436 334 462 demet
350 435 509 461 basiliscum
526 433 659 464 ambulat,
673 437 700 459 et
712 439 767 459 non
791 430 921 458 mentitur
937 429 1026 456 homi-

233 489 295 508 nem
310 488 371 508 vere
384 480 493 511 fortem,
507 479 575 513 ipse,
588 479 665 513 juxta
675 477 863 512 proverbium,
877 475 1026 507 violentus,

233 527 342 561 rapiens
370 527 511 557 virtutem,
537 524 694 560 pancratice
725 522 835 558 quidem
871 521 1025 552 debellans,

233 573 323 600 victus
333 577 423 599 autem
439 579 579 606 nunquam
591 571 731 599 decidens.
747 570 825 597 Prior
839 568 949 604 quidem
963 574 1027 594 vere

234 627 281 645 rex
298 619 433 646 adversus
447 617 589 652 passiones
602 619 657 644 est.
675 615 810 650 posterior
826 618 918 641 autem
931 613 1027 641 subre-

234 665 325 699 gulus.
351 664 412 690 Ideo
440 668 467 690 et
494 663 539 690 ille
566 663 701 690 rationem
721 670 774 689 non
805 661 887 688 habet
910 661 1026 688 redden-

234 713 296 739 dam
315 721 322 738 :
338 711 371 737 de
386 718 441 744 quo
460 710 530 737 enim
545 710 579 736 ab
606 709 651 736 illo
665 708 735 736 ratio
749 708 946 742 requireretur,
979 701 1025 741 qui

234 759 302 786 nihil
317 759 372 785 Deo
390 758 540 792 displicens
555 756 633 791 agit?
646 755 694 782 llic
722 761 814 782 autem
832 754 944 781 haberet
959 753 1028 781 forte

234 806 364 835 rationes,
381 809 410 831 ut
424 804 540 835 videtur,
555 803 602 829 tali
619 802 675 837 regi
691 801 859 834 reddendas,
877 801 956 836 quasi
973 808 1026 828 non

234 852 287 881 cito
308 852 409 885 potitus
423 850 554 880 victoriae,
569 850 611 876 vel
628 849 714 882 legem
739 848 876 875 athleticte
891 851 1028 881 transgre-

233 898 322 930 diens,
337 897 446 932 quando
475 896 616 930 nonjuxta
648 895 844 922 discretionem
876 897 1028 928 operatur:

233 945 312 978 cujus
328 943 505 970 discretionis
516 941 585 969 fines
599 941 726 976 suntqui
758 948 812 967 non
842 944 917 967 recte
942 938 1028 966 attin-

233 994 310 1023 gunt,
323 988 551 1023 cumjejunautes
568 994 582 1014 a
599 987 749 1014 canonibus
765 986 933 1021 diriguntur.
946 984 1029 1012 Perli-

233 1036 271 1062 cit
288 1041 379 1062 autem
396 1034 461 1061 etin
476 1033 543 1069 ipsis
570 1033 653 1060 talem
684 1031 880 1060 discretionem
905 1031 1028 1059 cbaritas

233 1089 296 1116 erga
316 1080 425 1108 fratres.
442 1080 499 1108 llac
520 1080 592 1107 enim
620 1079 801 1114 semetipsum
827 1078 957 1112 regulans
980 1081 1026 1112 qui

234 1126 449 1154 moderationem
465 1133 528 1160 erga
544 1133 572 1153 se
593 1130 621 1152 et
631 1126 841 1152 circumstantes
860 1131 891 1152 se
906 1123 1027 1154 adhibet.

233 1173 355 1200 invictus
375 1171 531 1207 egredietur
542 1171 654 1203 athleta,
670 1171 768 1205 partim
786 1170 896 1205 quidem
928 1170 1026 1204 paulu-

234 1219 289 1246 lum
302 1218 413 1249 cedens.
428 1218 528 1253 partim
544 1225 609 1245 vero
632 1219 685 1244 vim
702 1217 854 1251 adhibens;
871 1221 898 1244 et
915 1217 955 1245 sic
969 1218 1027 1252 ipse

234 1271 344 1299 quoque
360 1263 461 1290 bonum
472 1264 581 1298 rapiens
592 1271 599 1294 ;
610 1263 645 1290 ita
660 1267 687 1289 ut
698 1264 744 1297 qui
759 1263 820 1290 sine
831 1262 961 1297 passione
972 1267 1025 1295 est,

234 1310 352 1344 ignoret,
365 1309 549 1343 simplicitatis
563 1316 657 1341 causa,
675 1308 740 1343 quid
753 1313 893 1344 peccatum
908 1312 955 1335 aut
966 1316 1027 1344 pec-

233 1363 298 1382 care
312 1355 423 1390 sit;qui
450 1363 515 1382 vero
545 1355 760 1382 moderationem
790 1355 818 1382 in
848 1355 1026 1390 passionibus

233 1401 328 1434 habet,
346 1401 583 1435 scienterquidem
598 1409 630 1428 ex
654 1401 747 1435 regula
771 1400 845 1432 boni,
882 1400 947 1435 quid
972 1408 1024 1428 non

234 1449 272 1475 sit
292 1448 392 1475 bonum
415 1448 497 1475 etiam
520 1452 679 1483 cognoscat,
699 1447 747 1475 sed
777 1447 802 1474 vi
819 1455 931 1482 regnum
943 1447 1026 1475 caelo-

235 1501 294 1520 rum
310 1493 410 1527 rapiat.

1077 241 1202 276 κείμενος
1231 241 1341 268 πάθεσι.
1373 242 1428 268 Καὶ
1458 240 1531 266 οὕτω
1561 240 1611 273 μὲν
1639 239 1721 271 αὐτὸς
1749 239 1790 274 τῷ
1815 239 1880 265 δντι

1078 288 1303 323 μακαριώτατος·
1333 288 1469 322 μακάριος
1494 286 1522 313 δὲ
1552 286 1598 313 καὶ
1627 287 1641 313 ὁ
1668 286 1810 320 δεύτερος,
1844 284 1878 315 ὃς

1078 333 1188 360 παλαίει
1207 333 1257 369 μὲν
1271 333 1320 360 καὶ
1337 333 1506 369 προὸεῖται.
1526 332 1556 359 οὺ
1579 331 1801 368 καταρρίπτεται
1820 331 1873 357 δέ·

1078 381 1124 407 καὶ
1148 382 1290 416 πυγμαχεῖ
1316 380 1365 416 μὲν
1381 380 1453 407 κατὰ
1472 380 1519 406 τοῦ
1540 379 1683 415 ὲμπαθοῦς
1701 379 1752 413 τῆς
1768 378 1880 413 ψυχῆς,

1078 427 1252 462 περιγίνεται
1265 428 1293 454 δὲ
1308 428 1354 453 καὶ
1361 427 1450 462 ἄγχει,
1465 427 1502 457 ὡς
1514 423 1558 452 οἶα
1568 426 1614 452 καὶ
1627 424 1748 459 Satyri.th
1760 425 1875 455 λέοντα,

1079 476 1124 501 καὶ
1142 474 1179 506 ὡς
1195 474 1240 500 ἐπὶ
1253 474 1355 500 ἀσπίδα
1371 474 1418 500 καὶ
1435 472 1592 508 βασιλίσκον
1606 472 1757 504 ἐπιϐαίνει,
1777 472 1824 497 καὶ
1843 471 1878 497 οὗ

1078 520 1206 554 ψεύδεται
1223 521 1267 546 τὴν
1285 520 1368 551 ὅντως
1392 519 1514 554 ἀνδρεῖον
1536 518 1694 554 ἄνθρωπον,
1720 517 1791 552 πρδς
1812 517 1879 552 βίαν

1079 568 1151 594 κατὰ
1175 568 1220 593 τὸν
1241 568 1353 593 εἰπόντα
1372 567 1512 601 κτώμενος
1535 566 1585 602 τὴν
1602 566 1715 601 ἀρετὴν,
1737 568 1786 593 καὶ
1801 574 1879 600 παγ-

1079 614 1235 648 κρατιάζων
1254 614 1302 648 μὲν
1318 614 1514 645 ἀεῦλευτικώς,
1534 613 1582 639 οὐκ
1599 612 1744 639 ἐκπίπτων
1759 613 1788 638 δέ
1806 621 1876 638 ποτε

1078 660 1214 694 δεύτερος.
1236 661 1290 686 Kal.
1304 660 1378 686 ἔστιν
1392 662 1404 686 ό
1424 659 1473 693 μὲν
1495 659 1602 694 πρῶτυς
1619 658 1749 693 βασιλεὺς
1764 658 1805 692 τῷ
1815 658 1877 684 ὄντι

1080 706 1151 732 κατὰ
1161 707 1214 732 τῶν
1229 706 1334 738 παθὼν,
1348 709 1360 732 ό
1377 706 1404 732 δὲ
1419 706 1542 740 δεύτερος
1557 705 1753 736 ὑποὸασιλεύς.
1768 705 1813 730 Διό
1825 705 1875 731 καὶ

1080 753 1183 784 ἐκεῖνος
1209 753 1258 787 μὲν
1279 754 1471 787 ἀνεκλόγιστός
1493 754 1578 780 ἐστιν.
1601 752 1663 779 Ἐπὶ
1687 752 1743 778 τίνι
1761 752 1815 786 γὰρ
1841 751 1875 777 ἂν

1079 800 1125 826 καὶ
1152 800 1395 834 λογιστευοὴσεται
1422 801 1435 826 ὁ
1467 799 1551 835 μηδέν
1572 808 1598 825 τι
1619 799 1692 834 δρῶν
1712 799 1874 833 ἁπαρέσκον

1080 847 1157 881 Qui);
1179 847 1209 873 '0
1221 847 1250 872 δὲ
1265 848 1412 882 ὑπόσχοιτο
1429 847 1462 874 ἄν
1477 855 1543 873 ποτε
1557 846 1664 881 λόγους,
1682 846 1720 877 ὥς
1735 846 1821 878 είχὸς,
1835 845 1874 880 τῷ

1080 892 1194 928 τοιούτῳ
1211 893 1328 928 βασιλεῖ,
1347 893 1410 929 ὠςῆ
1429 893 1466 928 μὴ
1481 893 1550 928 ταχὺ
1564 892 1701 927 κυριεύων
1719 892 1771 927 τῆς
1782 893 1872 926 νίκης,

1079 938 1096 974 ἢ
1115 938 1162 965 καὶ
1177 937 1352 973 ύπερῦαἱνων
1369 939 1415 964 τὸν
1431 938 1482 972 τῆς
1500 937 1642 973 ἀθλήσεως
1656 937 1752 972 νόμον,
1772 937 1815 963 ὅτε
1834 936 1872 971 μὴ

1079 984 1152 1012 κατά
1170 984 1309 1020 διάκρισιν
1325 986 1451 1020 ἐνεργεῖ·
1474 981 1507 1020 ἧς
1529 983 1693 1019 διακρίσεως
1711 983 1762 1010 οὐκ
1777 983 1873 1009 εὐστο-

1079 1030 1191 1066 χοῦντες
1212 1031 1287 1057 ἐστιν
1309 1031 1354 1058 ὅτε
1379 1031 1403 1057 οί
1419 1031 1568 1066 νηστευταὶ
1589 1029 1659 1065 πρδς
1677 1028 1734 1056 τῶν
1751 1028 1871 1056 κανόνων

1079 1077 1250 1105 εὐθύνονται.
1271 1077 1414 1104 Ἀποτελεῖ
1426 1077 1454 1103 δὲ
1469 1077 1516 1103 καὶ
1532 1077 1562 1103 ὲν
1574 1076 1669 1108 αὐτοῖς
1680 1075 1731 1111 τὴν
1741 1075 1870 1109 τοιαύτην

1078 1124 1243 1160 διάκρισινῂ
1261 1124 1329 1160 πρὸς
1343 1125 1406 1155 τοὺς
1423 1117 1555 1158 ἀδελφοῦς
1575 1122 1683 1158 ἀγάπη.
1698 1121 1795 1157 Ταύτῃ
1815 1122 1870 1156 γὰρ

1079 1171 1176 1197 ἑαυτὸν
1199 1170 1349 1202 κανονίζων
1369 1170 1383 1196 ό
1404 1169 1640 1205 ἐγκρατευόμενος
1659 1167 1709 1196 ἐπί
1730 1177 1760 1195 τε
1780 1167 1869 1202 ἑαυτῷ

1079 1218 1126 1244 καὶ
1145 1219 1201 1249 τοῖς
1225 1218 1294 1252 ἀμφ’
1310 1216 1403 1249 αὑτὸν,
1421 1217 1554 1251 ἀήττητος
1575 1214 1723 1250 ἀεθλευτὴς
1747 1213 1869 1248 ἀπεκϐή-

1078 1273 1167 1296 σεται,
1183 1264 1221 1299 πῆ
1245 1264 1295 1299 μὲν
1317 1263 1485 1294 ὑπενδιδοὺς,
1511 1262 1549 1297 πῆ
1567 1262 1596 1288 δὲ
1623 1261 1797 1297 βιαζόμενος.
1814 1260 1868 1287 Καὶ

1077 1310 1149 1338 οὕτω
1175 1311 1221 1337 καὶ
1250 1310 1330 1341 αὐτὸς
1354 1309 1485 1344 ἁρπάζων
1508 1309 1539 1334 τὸ
1565 1308 1658 1339 καλὸν,
1687 1308 1726 1340 ὡς
1746 1307 1792 1334 τὸν
1816 1307 1868 1341 μὶν

1078 1356 1172 1391 ἀπαθῆ
1187 1356 1294 1391 ἀγνοεῖν
1306 1356 1456 1389 ἁπλότητος
1468 1354 1551 1389 λόγῳ,
1563 1355 1587 1380 εί
1603 1355 1650 1381 καὶ
1662 1353 1737 1380 ἐστιν
1746 1353 1867 1388 ἁμαρτία

1077 1404 1093 1439 ἢ
1120 1403 1334 1438 ἐξαμαρτάνειν,
1364 1402 1409 1428 τὸν
1435 1402 1461 1427 δὲ
1489 1400 1666 1435 μετριοπαθῆ
1692 1400 1792 1426 εἰδέναι
1817 1399 1867 1434 μὲν

1077 1449 1298 1484 ὲπιστημονικῶς
1322 1448 1415 1475 κανόνι
1435 1447 1483 1473 τοῦ
1507 1447 1591 1474 καλοῦ
1606 1447 1653 1474 καὶ
1668 1447 1698 1473 τὸ
1717 1447 1756 1482 μὴ
1773 1445 1865 1478 mihi,

1078 1495 1218 1530 βιάζεσθαι
1234 1495 1322 1530 δὲτὴν
1341 1495 1482 1530 βασιλείαν
1499 1493 1553 1519 τῶν
1569 1493 1703 1528 οὐρανῶν.

258 1540 303 1566 45.
323 1540 368 1567 Sic
384 1540 536 1567 constituto
560 1539 640 1567 nobis
651 1543 678 1568 et
706 1540 759 1567 isto
791 1539 910 1575 negotio,
927 1547 1024 1575 strper-

1113 1544 1167 1577 μγ¹.
1180 1540 1259 1567 Οὕτω
1269 1539 1476 1573 καθεσταμένου
1490 1540 1556 1574 ἡμῖν
1572 1540 1620 1565 καὶ
1629 1539 1706 1566 τοῦδε
1716 1539 1762 1565 τοῦ
1777 1547 1866 1575 πριγ-

234 1586 333 1619 adiicio
355 1586 387 1613 de
410 1586 566 1620 precatione
592 1585 734 1619 talentum,
758 1591 840 1620 atque
861 1585 894 1612 de
921 1586 1025 1620 plenis-

233 1633 301 1659 sima
319 1632 450 1658 talentum
472 1630 818 1666 misericordia.Superius
827 1632 898 1658 enim
923 1632 1025 1664 aliquid

233 1678 313 1704 breve
322 1677 356 1705 dc
366 1677 447 1711 hujus
459 1678 599 1704 nummulo
611 1678 813 1712 proposuimus.
824 1677 924 1705 Horum
935 1683 1026 1705 autem

232 1723 349 1751 duorum
371 1724 534 1751 talentorum
555 1723 621 1750 illud
643 1723 753 1758 quidem
776 1723 864 1750 tendit
887 1723 920 1750 ad
936 1724 1024 1758 ipsum

233 1769 331 1802 Deum,
354 1770 387 1796 ad
401 1777 481 1804 quem
494 1769 642 1796 ascendere
652 1769 729 1796 bona:
739 1777 834 1804 preces
856 1769 1024 1802 ostendunt;

233 1815 286 1843 hoc
306 1819 396 1842 autem
412 1815 445 1841 ad
464 1815 537 1841 illius
550 1815 657 1846 fratres,
669 1815 714 1849 qui
727 1814 805 1842 nobis
818 1814 922 1841 minimi
933 1814 1026 1841 viden-

236 1867 290 1894 tur,
310 1861 357 1889 scd
370 1861 450 1888 aliter
469 1861 541 1895 apud
560 1861 643 1888 Deum
660 1861 781 1895 adstant,
798 1869 813 1888 a
829 1861 930 1896 quibus
942 1860 1024 1887 etiam

235 1912 338 1936 nostrae
353 1914 447 1942 preces
466 1907 499 1934 ad
517 1907 594 1934 illum
610 1907 793 1942 trajiciuntur.

270 2001 315 2029 Η.
331 2001 487 2034 Mysterium
504 2002 626 2037 expr'mo
642 2001 720 2030 vobis
730 2002 914 2035 sacerdotale,
930 2003 956 2030 in
968 2010 1025 2037 quo

234 2055 357 2075 seorsum
383 2053 537 2082 precantes,
556 2056 617 2076 cum
638 2056 718 2076 sacra
742 2048 871 2081 facimus,
895 2057 1024 2083 rogamus

235 2098 265 2121 ut
289 2093 419 2121 Dominus
439 2098 561 2128 protegat
574 2101 621 2121 eos
633 2095 679 2128 qui
692 2101 842 2128 pauperum
853 2102 961 2129 quoque
981 2102 1024 2121 re-

233 2141 395 2170 cordantur.
406 2140 442 2167 ita
464 2144 493 2167 ut
518 2141 683 2174 precationis
700 2141 767 2168 hora
788 2141 849 2168 illos
866 2148 1023 2174 assumens,

234 2192 369 2221 quotquot
380 2186 493 2213 fratrum
505 2186 566 2220 ejus
581 2187 775 2220 meminerunt,
789 2188 822 2214 ad
833 2187 918 2215 Deum
929 2195 1022 2227 coram

235 2235 321 2269 ipsius
333 2235 508 2261 sanctissimo
519 2233 619 2261 throno
634 2235 722 2263 sistat.
739 2235 790 2268 Qui
806 2243 872 2262 vero
883 2236 952 2263 tales
966 2224 1021 2262 non
1036 2221 1061 2250 Β

235 2286 299 2307 sunt
313 2288 365 2306 non
377 2280 432 2306 illic
450 2282 681 2315 appropinquant.
698 2280 834 2309 Janitores
859 2290 925 2317 ergo
957 2285 1022 2309 sunt

234 2331 260 2352 et
278 2325 447 2352 cOnﬁdentes
460 2327 576 2358 patroni,
590 2326 634 2353 Dei
653 2327 724 2353 servi
739 2327 804 2354 tales
817 2327 902 2362 ipsius
913 2327 1022 2354 fratres.

236 2369 373 2397 Utendum
387 2377 429 2398 est
442 2371 523 2405 igitur
534 2371 575 2398 his
589 2372 784 2400 mediatoribus
800 2372 826 2399 iu
840 2373 882 2400 his
893 2377 1025 2408 quazsunt

235 2417 268 2443 ad
285 2418 416 2449 salutem;
437 2426 489 2444 non
502 2419 631 2453 gratuito,
647 2419 780 2454 scdjuxta
800 2420 1021 2452 retributionem,

236 2470 321 2497 quaea
337 2462 391 2489 Deo
407 2464 490 2490 venit.
520 2463 695 2498 Quaecunque
716 2466 788 2492 enim
821 2464 920 2493 fratres
949 2466 1023 2493 acci-

237 2509 325 2542 piunt,
339 2509 420 2535 etiam
434 2517 495 2536 cum
515 2509 570 2537 Deo
583 2511 757 2545 partiuntur;
780 2511 879 2538 exinde
907 2512 1021 2546 gratiam

236 2556 283 2582 ille
298 2556 435 2588 retribuit,
455 2558 563 2589 propria
582 2557 640 2591 lege
656 2561 768 2583 coactus
785 2557 817 2583 ad
827 2557 1025 2584 remuneratio-

236 2608 310 2636 nem,
326 2600 498 2628 Maniiestum
514 2607 557 2628 est
572 2608 661 2628 autem
688 2602 862 2634 charitatem,
881 2610 942 2637 qua
959 2603 1023 2629 talia

235 2647 307 2674 bona
323 2647 439 2682 perﬁcit,
453 2648 479 2674 in
497 2649 539 2675 his
551 2655 659 2682 quoque
674 2654 777 2682 partem
791 2648 902 2676 habere.

271 2737 316 2764 45.
335 2737 387 2764 Nec
406 2738 489 2772 igitur
515 2737 670 2771 aliquorum
696 2739 795 2773 gratia,
813 2740 934 2773 precatio
959 2747 1023 2767 san-

235 2783 372 2810 ctiﬁcatur
396 2784 429 2811 iis
446 2784 491 2817 qui
508 2792 561 2810 non
590 2784 716 2819 diligunt,
745 2793 796 2813 nec
825 2786 1022 2814 misericordia.

237 2829 472 2856 Considerandum
503 2834 594 2857 autem
625 2835 678 2865 est,
703 2832 811 2864 fratres,
841 2833 914 2866 quod
943 2834 1022 2861 vobis

237 2874 454 2902 misericordiam
469 2884 603 2912 propono,
634 2885 688 2905 non
718 2878 945 2914 qualemcunque,
974 2881 1022 2908 sed

1079 1587 1266 1623 ματεύματος,
1307 1586 1524 1621 προσεπιτίοημι
1561 1586 1609 1612 καὶ
1648 1586 1679 1612 τδ
1710 1586 1782 1612 κατά
1814 1585 1866 1620 τὴν

1079 1643 1088 1659 ί
1107 1632 1263 1668 προσευχὴν
1281 1641 1290 1658 ι
1306 1632 1450 1665 τάλαντον,
1464 1633 1512 1658 καὶ
1532 1632 1562 1659 τὸ
1579 1631 1651 1659 κατὰ
1666 1632 1712 1659 τὸν
1730 1641 1739 1658 ι
1759 1632 1832 1658 ἔλεον
1853 1642 1862 1658 ν

1076 1680 1122 1707 τὸν
1148 1679 1347 1715 πληρέστατον.
1378 1679 1489 1706 ’Δνόπιν
1508 1679 1563 1714 γὰρ
1581 1679 1670 1714 βραχύ
1694 1688 1721 1705 τι
1737 1678 1785 1705 τοῦ
1805 1679 1865 1705 κατ’

1077 1726 1158 1753 αὑτὸν
1177 1724 1387 1760 προεὸαλόμεθα
1411 1724 1561 1760 κέρματος.
1578 1724 1690 1751 Τούτων
1706 1725 1735 1751 δὲ
1747 1725 1801 1751 τῶν
1817 1724 1866 1751 δύο

1076 1771 1217 1798 ταλάντων
1235 1771 1266 1797 τὸ
1285 1771 1336 1805 μὲν
1352 1769 1482 1797 ἀπονεύιι
1499 1769 1568 1805 πρὸς
1584 1770 1651 1797 Θεὸν
1670 1770 1762 1802 αὑτὸν,
1779 1770 1819 1800 είς
1836 1769 1866 1796 ὃν

1077 1817 1235 1845 ἀναϐαίνειν
1251 1818 1278 1844 αι
1300 1816 1404 1851 ἀγαθαὶ
1420 1815 1548 1852 δηλοῦσιν
1569 1815 1667 1852 αὖχαι·
1693 1817 1724 1843 τὺ
1748 1817 1777 1843 δὲ
1797 1815 1865 1851 πρὸς

1076 1863 1140 1893 τοὺς
1160 1863 1266 1890 ἐκείνου
1287 1861 1434 1897 ἀδελφοὺς,
1450 1862 1514 1894 τοὺς
1537 1862 1604 1898 ἡμῖν
1627 1863 1678 1897 μὲν
1704 1862 1865 1897 ἐλαχίστους

1076 1909 1324 1945 προφαινομένους,
1338 1908 1584 1944 παραστατοῢντας
1598 1908 1627 1935 δὲ
1645 1908 1733 1939 ἄλλως
1741 1908 1780 1943 τῷ
1795 1908 1864 1942 Θεῷ.

1077 1956 1121 1990 ὑφ’
1138 1952 1176 1982 ὧν
1192 1956 1240 1982 καὶ
1255 1956 1283 1981 αι
1296 1955 1376 1990 εὐχαὶ
1390 1955 1458 1989 πρὸς
1478 1955 1581 1981 ἐκεῖνον
1598 1954 1862 1990 διαπορθμεύονται.

1114 2001 1166 2035 με’.
1196 2000 1355 2035 Μυστήριον
1381 2000 1489 2026 ἐκλαλῶ
1515 2000 1580 2035 ὑμῖν
1612 2000 1766 2035 ἱερατικὸν,
1792 2000 1820 2026 lv
1842 1995 1864 2033 ᾧ

1076 2046 1234 2080 καταμόνας
1263 2046 1418 2081 εὐχόμενοι,
1442 2046 1487 2073 ὅτε
1501 2045 1720 2081 λειτουργοῦμεν
1741 2046 1776 2072 τά
1792 2046 1860 2078 Osis,

1076 2091 1326 2127 θεοκ).υτοῦμενδιά
1340 2092 1452 2127 μνήμης
1462 2089 1579 2126 εἶναιτῷ
1589 2092 1758 2128 ὑπεραγάοῳ
1768 2093 1862 2128 Κυρίῳ

1076 2139 1122 2165 καὶ
1150 2138 1213 2169 τοὺς
1231 2137 1423 2172 μεμνημένους
1443 2137 1496 2164 τῶν
1525 2138 1662 2173 πενήτων,
1679 2138 1752 2165 ὥστε
1773 2139 1788 2174 ἡ
1804 2138 1861 2172 ὥρα

1076 2184 1166 2218 ἐκείνη
1175 2185 1225 2219 τῆς
1232 2183 1316 2220 εὐχῆς
1327 2183 1450 2215 ἐκείνους
1458 2184 1729 2220 προσλαμϐανομένη
1742 2186 1861 2220 παριστᾷ

1076 2230 1114 2264 τῷ
1139 2228 1199 2264 Θεῷ
1217 2229 1374 2264 ἔμπροσθεν
1395 2228 1443 2255 τοῦ
1461 2229 1521 2256 κατ’
1546 2230 1627 2257 αὑτὸν
1645 2231 1798 2264 ἀγιωτάτου
1813 2231 1861 2266 βή-

1076 2284 1173 2310 ματος,
1199 2276 1257 2302 ὅσοι
1276 2275 1331 2302 τῶν
1349 2275 1473 2310 ἀδελφῶν
1490 2276 1573 2302 αὑτοῦ
1592 2277 1761 2312 μέμνηνται.
1785 2278 1815 2304 Οί
1833 2278 1860 2303 δέ

1074 2331 1104 2356 γε
1127 2322 1164 2358 μὴ
1179 2322 1296 2349 τοιοῦτοι
1308 2323 1359 2349 οὐκ
1371 2323 1528 2356 ἐγγίζουσιν
1539 2324 1606 2350 ἐκεῖ.
1623 2324 1800 2359 Θυρωροὶοῦν
1813 2326 1861 2352 καὶ

1074 2369 1312 2405 εὐπαρῤησίαστοι
1339 2371 1527 2405 παραστάται,
1555 2371 1622 2397 Θεοῦ
1650 2371 1815 2406 Θερὰποντες
1836 2373 1860 2399 οι

1073 2416 1190 2442 τοιοῦτοι
1200 2416 1282 2443 αὐτοῦ
1296 2416 1417 2450 ἀδελφοί.
1436 2417 1490 2445 Καὶ
1509 2417 1601 2444 τοίνυν
1616 2419 1752 2453 χρηστέον
1771 2420 1861 2450 αὐτοῖς

1076 2462 1170 2497 μέσοις
1189 2463 1224 2490 τά.
1237 2471 1269 2496 γε
1286 2464 1325 2494 εἰς
1341 2463 1482 2498 σωτηρίαν
1493 2471 1499 2478 ·
1519 2464 1550 2490 οὐ
1565 2464 1684 2499 δωρεὰν,
1710 2465 1779 2491 ἀλλὰ
1794 2466 1859 2499 πρὸς

1074 2507 1220 2540 ἀντίδοσιν,
1235 2507 1285 2543 τὴν
1304 2509 1335 2534 ὲκ
1352 2508 1432 2535 Θεοῦ.
1461 2509 1494 2535 Ἀ
1511 2509 1565 2543 γὰρ
1585 2510 1611 2535 οἱ
1626 2510 1738 2544 ἀδελφοὶ
1756 2510 1859 2545 λαμὸἀ-

1074 2563 1162 2587 νουσι.
1188 2556 1233 2581 καὶ
1256 2554 1295 2589 τῷ
1324 2555 1384 2589 Θεῷ
1413 2555 1584 2589 μερίζονται,
1598 2555 1747 2583 κάντεῦθεν
1758 2557 1858 2587 ἐκεῖνος

1074 2601 1293 2636 ἀντιχαρίζεται,
1309 2601 1385 2636 νόμῳ
1396 2601 1453 2636 ἰδίῳ
1469 2601 1630 2636 βιαζόμενος
1646 2602 1715 2637 πρὸς
1731 2602 1857 2637 ἀντάμει-

1073 2647 1130 2681 ψιν.
1146 2647 1230 2681 Δῆλον
1245 2647 1284 2679 δὲ,
1301 2647 1339 2679 ὡς
1354 2647 1522 2682 κάνταῦθα-ὴ
1534 2648 1628 2682 ἀγάπη
1641 2649 1856 2684 συμπαρεισδύε-

1074 2701 1130 2726 ται,
1147 2693 1218 2729 αὑτὴ
1237 2694 1410 2729 ἀποτελοῦσα
1427 2694 1475 2720 καὶ
1492 2695 1525 2720 τὰ
1537 2694 1652 2721 τοιαῦτα
1665 2695 1746 2722 καλά.

1110 2739 1163 2774 με’.
1179 2740 1248 2767 Οῠτε
1263 2740 1329 2774 γοῦν
1350 2740 1417 2775 εὐχὴ
1433 2740 1554 2767 όσιοῦται
1570 2741 1642 2775 ὑπέρ
1662 2750 1744 2768 τινων
1758 2742 1810 2772 τοῖς
1824 2748 1855 2772 γι

1075 2787 1113 2822 μὴ
1128 2786 1283 2821 ἀγαπῶσιν,
1295 2786 1355 2813 οὐδὲ
1375 2787 1428 2822 μὴν
1446 2787 1532 2818 ἕλεος.
1549 2786 1607 2822 Χρὴ
1622 2788 1650 2813 δὲ
1663 2789 1817 2823 ἐπιστῆσαι,
1832 2784 1854 2813 ὦ

1074 2834 1197 2867 ἀδελφοὶ,
1218 2833 1259 2859 ὅτι
1281 2833 1356 2859 ἔλεον
1378 2834 1443 2868 ὑμῖν
1459 2833 1638 2868 ὑποτίθεμαι,
1652 2834 1683 2860 οὺ
1694 2834 1739 2861 τὸν
1754 2833 1853 2865 ἁπλῶς,

1074 2879 1142 2907 ἀλλὰ
1156 2880 1201 2907 τὸν
1213 2879 1366 2913 κανονικὸν,
1381 2880 1427 2906 τὸν
1440 2879 1495 2907 ἀπὸ
1510 2879 1616 2907 δικαίου
1632 2881 1793 2916 πονήματος,
1806 2879 1851 2905 καὶ
