3982 6246
484 379 591 445 623

1235 378 1665 443 EUSTATHII
1701 381 2459 446 THESSALONICENSIS
2510 382 3079 449 METROPOLITA!

3646 385 3755 454 624

484 514 584 554 nec
613 496 914 554 secundum
949 496 1109 553 istam
1146 494 1398 560 fmnerat,
1427 496 1528 552 etsi
1574 510 1737 566 grave
1783 496 1850 552 sit
1893 497 2066 563 dictu,

2178 499 2201 551 ό
2235 497 2416 567 λόγος,
2441 496 2557 550 ἀλλ’
2586 498 2737 566 ὅμως
2763 499 2929 566 λέγω,
2958 495 3236 562 πεποιθὼς
3278 498 3346 569 τῇ
3378 490 3634 574 ἀληθείᾳ,
3675 504 3759 560 ὅτι

484 588 937 654 tamea,'veritati
974 601 1197 658 parens,
1221 586 1373 653 dico,
1406 586 1553 655 quod
1619 589 2066 657 reprehensihilis

482 689 537 735 et
566 678 928 735 eisecrabilis
959 687 1065 737 est.
1095 677 1208 749 Ego
1249 694 1381 734 vero
1408 688 1601 750 reputo
1642 680 1879 748 qualiter
1904 693 2065 750 agant

481 772 665 838 cupidi
705 770 954 835 toenoris,
986 786 1110 827 cum
1156 772 1325 825 multa
1364 771 1474 825 sint
1511 770 1721 826 foenora
1780 772 1864 826 vel
1899 771 2059 827 fetus.

480 869 696 941 (Fctum
715 865 860 921 enim
880 863 1181 933 feruntjnon
1198 871 1406 919 tantum
1423 863 1694 930 homines,
1717 864 1810 920 sed
1830 875 1885 919 et
1900 856 2063 918 omne

478 964 705 1031 annual,
722 970 920 1034 praeter
935 961 1213 1017 vulturum
1230 958 1657 1029 genus;dicitur
1690 974 1855 1030 porro
1899 958 2063 1015 etiam

480 1070 624 1115 terra
638 1071 897 1126 mareque
917 1054 1085 1111 fetum
1106 1053 1435 1124 producere;
1455 1054 1622 1111 fetum
1637 1068 1767 1109 vero
1777 1068 1930 1109 mens
1945 1055 2065 1126 ipsa

480 1152 708 1222 praebet,
735 1147 1019 1205 naturales
1045 1161 1176 1203 suos
1207 1146 1422 1203 fructus
1448 1166 1464 1214 ;
1521 1154 1573 1203 et
1609 1163 1844 1218 prorsus
1868 1158 2059 1207 exten-

477 1256 601 1297 sum
628 1248 936 1296 estnomen
974 1236 1119 1293 fetus
1177 1252 1273 1294 seu
1335 1236 1561 1308 fanus.)
1592 1237 1675 1292 Illi
1720 1245 1899 1294 autem
1948 1238 2066 1309 pri-

479 1335 648 1389 vatim
671 1331 816 1386 istud
849 1335 1141 1384 assumunt
1166 1327 1233 1383 ad
1258 1327 1462 1399 aliquid
1492 1329 1827 1397 particulare
1860 1330 1928 1385 de
1960 1345 2062 1386 suo

450 1428 685 1482 emisero
730 1423 865 1487 fetu,
902 1423 1047 1493 quod
1087 1435 1266 1490 neque
1297 1430 1493 1476 natura
1544 1436 1721 1492 neque
1773 1422 2059 1480 hominum

480 1518 767 1589 integritas
828 1517 1026 1579 novit,
1059 1515 1206 1569 Deus
1261 1521 1445 1568 autem
1495 1513 1794 1584 prohibuit.
1824 1514 2059 1589 Largum

452 1612 646 1683 igitur
684 1610 791 1666 illis
818 1621 872 1664 et
898 1610 1130 1665 multum
1180 1616 1233 1664 et
1263 1607 1471 1662 clarum
1503 1607 1645 1663 hoc:
1676 1608 1752 1664 Da
1810 1610 1942 1665 mihi
1987 1612 2064 1679 fe-

448 1717 593 1760 rrum
648 1704 668 1776 (
721 1704 805 1759 vel
861 1700 1097 1773 frenos)
1164 1715 1370 1757 meum.
1404 1701 1661 1768 Qualem,
1712 1701 2061 1758 furuerator?

479 1799 651 1866 Quem
688 1807 740 1852 tu
772 1795 1032 1867 genuisti,
1080 1794 1167 1850 vel
1223 1808 1389 1865 quem
1433 1794 1631 1851 ancilla
1687 1803 1778 1850 tua
1824 1796 2012 1865 genuit
2041 1838 2087 1863 ,.

2174 589 2452 658 ὲπάρατός
2474 590 2593 642 ἐστι
2617 586 2714 642 καὶ
2743 588 3066 661 ἑπίγδρητος.
3086 584 3249 657 ’Ἐγὼ
3273 589 3330 643 δὲ
3364 593 3760 661 συννοούμενος

2177 682 2272 733 καὶ
2308 680 2459 743 ὅπως
2490 682 2539 734 οἱ
2568 678 2923 751 τοκογλύφοι,
2957 677 3171 733 πολλῶν
3226 681 3400 749 ὄντων
3427 683 3609 738 τόκων
3643 687 3759 758 (τί-

2175 788 2366 825 κτουσι
2389 772 2499 842 γὰρ
2516 772 2579 824 ού
2616 770 2781 840 μόνον
2803 771 2902 827 ἄνθ
2912 789 3111 841 ρωποι,
3144 771 3281 828 ἀλλὰ
3306 776 3404 829 καὶ
3428 776 3573 840 ζῶον
3590 778 3761 845 ἅπαν,

2175 863 2300 934 δίχα
2329 880 2395 932 γε
2427 864 2525 918 τοῦ
2559 863 2705 919 κατὰ
2726 863 2855 927 τοὺς
2875 865 3060 933 γῦπας
3090 863 3261 936 φύλου
3283 883 3298 898 ·
3328 847 3548 938 λέγεται
3576 871 3636 926 δὲ
3663 874 3763 926 καὶ

2180 955 2254 1025 γῆ
2284 955 2491 1009 τίκτειν
2518 956 2618 1010 καὶ
2641 954 2891 1011 Θάλασσα
2911 973 2927 988 ·
2961 957 3138 1011 τίκτει
3171 956 3230 1012 δὲ
3264 960 3359 1013 καὶ
3387 961 3516 1026 νοῦς
3563 965 3765 1033 γεννή-

2180 1065 2329 1119 ματα
2347 1048 2643 1120 προσφυῆ·
2672 1048 2769 1102 καὶ
2795 1047 2935 1114 ὅλως
2958 1047 3339 1113 πεπλάτυνται
3368 1053 3428 1106 τὸ
3464 1053 3641 1126 δνομα
3666 1054 3764 1109 τοῦ

2173 1140 2376 1213 τόκου)
2412 1168 2482 1182 —-
2505 1141 2555 1194 oi
2584 1140 2641 1217 δὲ
2672 1140 2886 1196 ίδίασαν
2923 1141 3056 1196 αὐτὸ
3084 1145 3230 1209 κατά
3259 1161 3311 1199 τι
3345 1144 3631 1215 ἐξαίρετον
3668 1146 3763 1200 ἐπὶ

2172 1230 2269 1285 τοῦ
2325 1233 2449 1287 κατ’
2485 1233 2688 1305 αὐτοὺς
2742 1234 3007 1301 δυστόκου
3061 1238 3247 1291 τόκου.
3315 1233 3454 1291 οὔτε
3507 1239 3541 1308 ὴ
3596 1238 3761 1306 φύσις

2173 1316 2338 1388 οῐδεν,
2370 1320 2495 1375 οὔτε
2521 1323 2554 1393 ἡ
2587 1321 2711 1376 κατ’
2745 1324 3036 1394 ἄνθρωπον
3077 1325 3329 1398 ὀρθότης,
3349 1329 3446 1382 καὶ
3476 1327 3505 1387 ό
3540 1328 3679 1392 Θεὸς
3700 1328 3759 1382 δὲ

2172 1416 2555 1488 ἀπηγόρευσε.
2604 1415 2788 1471 Πλατὺ
2843 1416 2977 1486 γοῦν
2999 1417 3184 1483 αὐτοῖς
3220 1420 3316 1473 καὶ
3345 1419 3483 1475 πολὺ
3507 1421 3605 1474 καὶ
3631 1438 3758 1490 τρα-

2173 1507 2266 1570 vs;
2290 1507 2352 1562 τό
2372 1523 2387 1541 ·
2420 1507 2521 1572 Δός
2550 1524 2645 1576 μοι
2675 1507 2770 1562 τὸν
2798 1508 2960 1562 τόκον
2995 1526 3117 1579 μου.
3162 1511 3347 1583 Ποῖον,
3377 1503 3421 1576 ὦ
3453 1512 3758 1577 δανειστά;

2169 1600 2231 1655 ὃν
2254 1602 2322 1656 σὺ
2344 1602 2668 1671 ἐγέννησας,
2716 1600 2785 1654 δν
2833 1601 2889 1654 δὲ
2920 1603 2954 1673 ἡ
2990 1601 3251 1676 παιδίσκη
3286 1621 3403 1675 σου,
3426 1604 3486 1658 δν
3511 1605 3570 1667 δὲ
3600 1608 3635 1679 η
3668 1606 3761 1658 θυ-

2171 1694 2355 1765 γάτηρ
2381 1710 2474 1747 σου
2510 1692 2545 1764 ἢ
2573 1694 2602 1747 ό
2631 1690 2759 1762 βοῦς
2798 1709 2892 1746 σου
2920 1693 2953 1764 ἢ
2986 1694 3188 1764 ἴππος;
3248 1695 3349 1764 Οὔ,
3388 1698 3578 1766 φησὶν,
3621 1697 3764 1751 ἀλλὰ

2173 1786 2266 1840 τὸν
2294 1784 2389 1839 τοῦ
2411 1785 2680 1858 ἀργυρίου
2727 1803 2849 1857 μου.
2883 1787 3121 1857 Θητικδν
3174 1788 3256 1854 δὲ,
3289 1782 3334 1843 ὦ
3362 1789 3644 1859 ἄνθρωπε,
3700 1790 3766 1843 τδ

479 1891 562 1947 vel
625 1903 786 1960 quem
831 1887 1040 1959 peperit
1104 1886 1215 1943 filia
1266 1894 1398 1953 tua,
1445 1887 1528 1942 vel
1580 1887 1713 1952 bos,
1758 1890 1843 1943 vel
1890 1890 2068 1959 equa?

2178 1877 2439 1949 ἀργύριόν
2498 1893 2617 1942 σου,
2681 1876 2827 1932 ὥστε
2859 1881 2954 1933 καὶ
2984 1879 3209 1951 γεννᾷν.
3261 1880 3593 1951 Καταγελᾷν
3626 1898 3763 1951 μου,

482 1983 631 2046 Non,
665 1982 869 2050 inquit,
899 1979 999 2038 sed
1028 1981 1237 2051 argenti
1274 1981 1378 2036 mei
1427 1980 1620 2036 fetum.
1655 1984 2059 2039 Mercenarium

480 2084 662 2131 autem
687 2117 700 2138 ,
731 2073 914 2137 sodes,
947 2082 1098 2128 tuum
1131 2082 1421 2144 argentum
1455 2082 1561 2141 est,
1611 2084 1670 2128 ut
1699 2077 1862 2130 etiam
1899 2090 2067 2147 gene-

476 2189 604 2231 rare
635 2168 1088 2235 valcat.Videris,
1130 2168 1327 2238 inquit,
1353 2167 1568 2224 debitor
1605 2210 1618 2235 ,
1645 2168 1875 2225 irridere
1910 2170 2065 2233 mihi,

479 2266 576 2322 sed
630 2264 699 2321 da
766 2261 902 2316 mihi
954 2259 1139 2316 frenos
1204 2274 1407 2316 meum.
1470 2258 1570 2315 Hic
1625 2267 1802 2314 autem
1862 2259 1907 2315 si
1960 2275 2066 2315 non

478 2358 719 2428 gravior,
746 2361 806 2410 at
868 2360 1018 2408 certe
1071 2351 1335 2408 risibilior
1397 2360 1482 2409 est
1536 2367 1738 2420 sermo,
1771 2352 2066 2408 faenerato-

458 2452 577 2514 "ris,
609 2450 716 2505 illis
744 2460 864 2519 quae
894 2446 1089 2517 quaerit
1137 2444 1318 2501 orbati
1373 2446 1587 2501 scilicet
1619 2463 1635 2500 :
1670 2445 1835 2501 Fetus
1891 2445 2071 2518 perdi-

477 2548 676 2600 derunt
742 2559 825 2597 me
882 2556 989 2597 non
1034 2538 1221 2596 soluti.
1268 2539 1415 2610 Ergo
1465 2538 1709 2619 tandem.
1747 2538 2066 2606 faenerator,

481 2651 588 2689 non
667 2639 753 2689 est
827 2630 922 2687 tibi
980 2630 1317 2707 dominicum
1391 2629 1524 2684 illud
1589 2629 1813 2685 bonum.
1877 2629 2067 2687 Domi-

480 2741 584 2781 nus
626 2725 770 2780 enim
818 2722 987 2779 fetum
1047 2737 1158 2778 non
1199 2720 1397 2793 perdit,
1434 2721 1530 2777 sed
1591 2721 1730 2777 ditat
1766 2721 2068 2794 majoribus

481 2817 918 2880 accessionibus,
951 2825 1005 2871 et
1034 2812 1255 2871 beatum
1283 2812 1725 2887 bonnratnmqne
1758 2812 1924 2880 facit;
1970 2814 2065 2869 sed

479 2910 624 2967 fetus
664 2911 766 2965 iste
798 2907 997 2980 perdit,
1034 2915 1095 2963 ut
1139 2912 1199 2961 tu
1255 2898 1414 2962 dicis.
1444 2904 1628 2962 Perdit
1672 2905 1817 2961 enim
1850 2914 1902 2963 te
1934 2921 2069 2975 qua-

460 3016 644 3059 «tenus
672 3004 739 3057 ad
772 3003 1032 3068 animam,
1068 3000 1221 3056 illum
1259 3008 1440 3056 autem
1475 3003 1566 3071 qui
1626 2998 1723 3055 tibi
1778 2999 2071 3073 subjicitur

454 3104 751 3167 ~qualenus
803 3096 869 3150 ad
925 3094 1089 3149 vitam
1138 3111 1153 3149 :
1210 3093 1353 3164 quod
1426 3091 1607 3149 absit!
1667 3093 1772 3149 Sed
1826 3080 1893 3148 et'
1943 3107 2067 3148 cum

460 3176 700 3259 aliquis,
728 3203 807 3244 ne
834 3185 1013 3243 fctum
1056 3186 1077 3258 (
1102 3195 1196 3242 ant
1228 3186 1409 3241 [mnus
1437 3184 1456 3256 )
1502 3184 1668 3251 dicat,
1700 3184 1912 3255 pudore
1946 3200 2071 3254 pro-

454 3280 885 3344 rhibitus,'hunc
939 3277 1287 3335 commodum
1324 3287 1506 3345 vocat,
1554 3275 1929 3348 ambiguitatis
1979 3275 2063 3331 lo-

452 3374 811 3429 ~cum—istum
862 3372 991 3443 ipse
1035 3370 1352 3442 reperiens,
1413 3379 1545 3433 tunc
1593 3369 1809 3441 aliquis,
1860 3371 2064 3428 emisso

484 3468 595 3521 risu
647 3463 1175 3535 certe-gravissimo,
1232 3463 1471 3536 deinque
1519 3462 1851 3533 quibusdam
1898 3460 2065 3516 dictis

458 3573 510 3611 »ιι
537 3557 888 3614 sanctissimo
916 3553 1085 3610 David
1111 3556 1433 3626 assumptis,
1474 3554 1618 3610 dicet
1660 3572 1675 3610 :
1708 3553 1863 3631 Quod
1916 3568 2066 3610 com-

481 3649 703 3705 modum
744 3651 801 3703 in
831 3657 1061 3718 argento
1089 3654 1205 3713 tuo,
1237 3648 1385 3719 quod
1420 3654 1475 3703 te
1508 3647 1748 3703 demittit
1778 3647 1845 3703 ad
1880 3647 2069 3719 perdi-

456 3740 729 3797 tionem?
755 3739 800 3796 Ο
819 3739 1009 3797 dolose
1028 3739 1353 3806 fenerator,
1385 3755 1671 3815 usquequo
1731 3739 1854 3804 talis
1921 3739 2070 3796 eris?

460 3834 742 3891 'Dolosum
765 3833 909 3889 enim
937 3832 1150 3904 appello
1177 3839 1231 3887 te
1269 3843 1434 3895 recte,
1465 3847 1676 3889 necnon
1727 3847 2073 3903 consequen-

484 3939 571 3983 ter
595 3925 874 3997 reputanti
916 3926 1049 3980 talia
1115 3939 1314 3995 magno
1369 3925 1652 3995 prophetae
1682 3938 1751 3980 ac
1808 3923 1944 3994 regi,
1981 3923 2073 3993 qui

462 4020 625 4086 eloco,
660 4018 752 4073 ubi
787 4018 856 4073 de
880 4015 1092 4072 fanore
1117 4015 1316 4087 agitur,
1350 4017 1431 4073 sic
1453 4017 1781 4088 exprobrat:
1827 4028 1996 4073 usura
2019 4021 2075 4070 et

474 4108 640 4166 dolus
671 4110 956 4165 manifeste
975 4117 1303 4165 exercentur
1342 4109 1395 4164 in
1423 4108 1616 4180 plateis
1638 4151 1654 4176 ,
1716 4114 1908 4185 utpote
1948 4106 2076 4164 dolo

2172 1970 2361 2041 φησὶν,
2392 1969 2601 2036 ἔοικας,
2631 1964 2677 2025 ὧ
2707 1970 2985 2041 χρεῶστα.
3039 1972 3112 2026 Σὺ
3139 1972 3196 2025 δὲ
3225 1972 3314 2035 δός
3341 1990 3433 2042 μοι
3468 1975 3563 2027 τὸν
3592 1974 3764 2027 τόκον

2174 2082 2304 2135 μου.
2339 2063 2547 2118 Τούτου
2570 2064 2628 2117 δὲ
2653 2064 2703 2117 εί
2737 2064 2815 2135 μὴ
2848 2061 3172 2136 βαρύτερον,
3202 2063 3322 2119 ἀλλ’
3351 2062 3445 2119 οὖν
3481 2064 3766 2141 γελοιότε-

2176 2176 2269 2231 ρον
2298 2160 2479 2232 νόημα
2530 2159 2836 2227 δανειστοῦ,
2877 2162 3211 2233 στερομένου
3252 2154 3328 2216 ὧν
3351 2160 3527 2231 ζητεῖ,
3558 2162 3647 2214 τό·
3694 2161 3765 2215 Ol

2171 2253 2323 2309 τόκοι
2361 2251 2656 2309 ἀπώλεσάν
2694 2271 2784 2325 με,
2835 2253 2911 2331 μὴ
2954 2254 3227 2325 διδόμενοι
3281 2252 3514 2325 δηλαδή.
3551 2253 3766 2309 Λοιπὸν

2171 2345 2304 2417 ἄρα,
2337 2341 2661 2412 ὦτοκιστὰ,
2716 2346 2816 2399 οὐκ
2870 2345 2987 2401 ἐστι
3038 2363 3121 2400 σοι
3174 2347 3441 2418 κυριακὸν
3488 2346 3650 2401 τοῦτο
3701 2346 3769 2399 τὸ

2172 2437 2402 2505 ἀγαθόν.
2448 2437 2506 2491 '0
2542 2437 2748 2509 Κύριος
2777 2439 2876 2503 μὲν
2901 2439 3011 2509 γὰρ
3041 2439 3143 2493 οὐκ
3174 2438 3420 2508 ἁπόλλει,
3459 2440 3598 2495 ἀλλὰ
3658 2442 3767 2495 καὶ

2171 2533 2454 2599 πλουτίζει
2482 2534 2727 2605 μείζοσιν
2756 2533 3071 2607 ὲπιθὴκαις,
3119 2535 3218 2591 καὶ
3257 2535 3627 2615 εύδαιμονίζει
3662 2540 3767 2591 καὶ

2170 2630 2341 2700 τιμᾷ·
2378 2630 2405 2682 ό
2436 2628 2492 2681 δὲ
2547 2629 2706 2694 τόκος
2753 2623 2910 2694 οὗτος
2951 2628 3242 2698 ἀπόλλυσι,
3299 2628 3448 2686 καθὰ
3498 2631 3562 2685 σὺ
3618 2630 3761 2703 φῄς.

2183 2721 2473 2777 Ἀπόλλυσι
2498 2721 2555 2775 δέ
2588 2738 2648 2775 σε
2684 2721 2783 2791 μὲν
2811 2719 2880 2776 τὰ
2908 2724 2965 2785 ἐς
2990 2721 3194 2795 ψυχὴν,
3219 2723 3312 2779 τὸν
3338 2723 3396 2778 δὲ
3420 2724 3768 2780 καταϐαλλό-

2176 2814 2334 2884 μενόν
2366 2831 2448 2868 σοι
2480 2813 2643 2868 αὐτὸν
2673 2813 2743 2868 τὰ
2780 2814 2839 2879 ἐς
2875 2812 3041 2883 ζωὴν,
3074 2813 3149 2879 ὡς
3205 2814 3283 2887 μὴ
3315 2813 3545 2886 ὤφελεν.
3605 2817 3765 2871 Ἀλλ’

2170 2906 2260 2961 ὅτε
2293 2907 2388 2960 καὶ
2410 2906 2730 2978 αἰδούμενός
2760 2923 2844 2970 τις
2866 2906 3025 2961 τόκον
3052 2908 3252 2979 εἰπεῖν,
3282 2906 3555 2978 ὦφὲλιιαν
3587 2908 3767 2962 αὐτὸν

2172 2994 2413 3064 καλεσει,
2451 2998 2837 3068 πολυωνυμίας
2865 2999 3035 3054 τόπον
3086 2998 3277 3055 τοῦτον
3301 2998 3469 3077 me;
3490 2999 3765 3072 ἐξευρὼν,

2171 3090 2295 3144 τότε
2334 3089 2400 3162 δὴ
2429 3090 2669 3159 γελάσας
2691 3107 2777 3154 τις
2804 3089 2942 3161 πρὸς
2972 3084 3278 3163 βαρύτητα,
3311 3084 3432 3146 εἶτα
3456 3092 3551 3145 καὶ
3576 3109 3767 3163 παρα-

2173 3182 2392 3252 φράσας
2422 3182 2485 3235 ὲκ
2511 3182 2619 3235 τῶν
2649 3181 2743 3236 τοῦ
2767 3182 3075 3251 άγιωτάτου
3101 3182 3268 3252 Acturo
3294 3184 3449 3256 ἐρεῖ·
3474 3185 3574 3249 Τίς
3605 3184 3767 3264 ὠφέ-

2171 3272 2291 3326 λεια
2322 3274 2380 3326 ἐν
2406 3271 2486 3353 τῷ
2518 3273 2770 3353 ἀργυρίῳ
2802 3291 2920 3337 σου,
2949 3273 3009 3342 εν
3035 3270 3115 3353 τῷ
3137 3273 3530 3351 καταβιϐάζειν
3567 3294 3626 3330 σε
3677 3281 3769 3342 είς

2172 3365 2472 3437 διαφθοράν
2491 3381 2509 3433 ;
2529 3361 2601 3418 Ὦ
2621 3366 2763 3431 δόλιε
2783 3366 3093 3443 τοκογλύφε
3111 3366 3395 3443 ἄνθρωπε,
3423 3369 3588 3441 μέχρι
3612 3371 3771 3435 τίνος

2172 3454 2413 3521 τοιοῦτος
2432 3455 2532 3531 ἔσῃ
2557 3473 2572 3522 ;
2601 3456 2788 3510 Δόλιον
2808 3436 3011 3529 γάρ’σε
3324 3436 3641 3533 εύθυϐόλως
3664 3462 3770 3521 καὶ

2174 3550 2486 3615 ἀκολούθως
2508 3549 2588 3621 τῷ
2620 3550 2974 3616 συνδυάζοντι
3005 3551 3077 3606 τὲ
3105 3550 3333 3615 τοιαῦτα
3369 3552 3596 3624 μεγάλῳ
3628 3571 3773 3623 προ-

2172 3644 2322 3718 φήτῃ
2350 3645 2444 3697 καὶ
2468 3643 2702 3715 βασιλεῖ,
2751 3643 2812 3709 ὃς
2849 3641 3103 3711 ὀνειδίζει
3162 3644 3352 3710 τόπον,
3384 3642 3535 3698 ῑνθα
3560 3644 3723 3711 τόκος
3748 3659 3767 3676 ·

2172 3737 2267 3790 καὶ
2288 3736 2447 3800 τόκος
2483 3738 2581 3799 καὶ
2612 3735 2763 3800 δόλος
2808 3733 3293 3809 mammatae»
3348 3726 3442 3790 tuo.
3483 3735 3593 3789 τῶν
3627 3737 3775 3790 πλα-

2182 3828 2366 3892 τειῶν,
2402 3828 2478 3892 ὡς
2526 3827 3026 3909 ἐπακολουθοῦντος
3080 3826 3304 3905 πάντως
3354 3828 3451 3891 καὶ
3502 3828 3655 3903 δόλου
3686 3830 3775 3901 τῷ

2182 3921 2350 3994 τόκῳ.
2382 3921 2688 3977 Ψεύδονται
2711 3922 2822 3996 γὰρ
2850 3922 3300 3996 ὁμολογουμένως
3326 3921 3397 3978 τά
3420 3939 3481 3995 τε
3664 3925 3775 3999 καὶ

2183 4014 2284 4085 τὴν
2300 4000 2450 4079 κατὰ
2479 4006 2613 4081 Θεὸν
2641 4016 2862 4088 ἀγάπην
2917 4018 2967 4070 οἱ
2996 4015 3092 4073 ἐπὶ
3132 4015 3361 4088 ἀθέσμιρ

2185 4107 2392 4173 ζοντες.
3522 4104 3525 4105 ν
3554 4106 3559 4109 ’
3624 4104 3633 4107 ’

480 4196 685 4273 ubique
747 4203 925 4259 furnus
977 4206 1294 4259 comitante.
1364 4174 1539 4259 Simili
1601 4174 1838 4275 namque
1914 4200 2079 4258 modo
2149 4203 2299 4261 etin
2363 4203 2575 4261 caeteris
2619 4202 2857 4267 divinam
2898 4180 3218 4269 ebaritatem
3269 4176 3613 4273 meministi:

483 4305 595 4359 cito
627 4302 836 4359 foenore
864 4288 1292 4377 commodautes.

560 4392 650 4446 εει.
680 4389 786 4445 ΒΝ]
836 4391 1094 4460 quoniam
1142 4401 1196 4447 et
1251 4391 1385 4448 alias
1447 4391 1615 4448 multa
1650 4390 1717 4448 de
1775 4394 1869 4453 tali
1923 4394 2067 4448 malo

488 4484 758 4546 hortatus,
793 4480 929 4534 nihil
963 4480 1192 4550 profeci,
1226 4482 1359 4551 quin
1396 4483 1561 4538 etiam
1602 4482 1809 4539 adauxi
1836 4484 2066 4547 malum,

2246 4391 2338 4447 νῦ¹.
2378 4389 2521 4446 Ἀλλ’
2548 4390 2735 4463 ἐπειδὴ
2757 4394 2844 4446 καὶ
2875 4391 3064 4447 ἄλλοτε
3095 4393 3269 4446 πολλὰ
3307 4362 3648 4464 παραινέσας
3669 4396 3773 4451 ἐπὶ

2177 4485 2257 4555 τῷ
2282 4484 2513 4555 τοιούτῳ
2543 4483 2724 4555 κακῷ,
2758 4484 2961 4548 ἀνύσας
2993 4485 3102 4556 ἔχω
3129 4485 3306 4549 οὐδὲν,
3339 4487 3481 4541 ἀλλά
3512 4505 3614 4542 που
3665 4491 3768 4545 καὶ

483 4585 532 4630 et
566 4573 847 4644 partuales
897 4572 1091 4627 animm
1126 4586 1261 4628 mete
1311 4574 1529 4630 dolores
1574 4578 1732 4632 fenus
1788 4577 2068 4648 magistra-

2185 4575 2619 4647 προσεπηύξησα
2641 4575 2702 4628 τὸ
2735 4575 2932 4639 δεινὸν,
2964 4575 3058 4628 καί
3083 4593 3174 4645 μοι
3201 4578 3258 4629 αἱ
3294 4578 3396 4647 τῆς
3421 4578 3604 4649 ψυχῆς
3633 4579 3769 4633 Mt-

482 4667 616 4728 lem,
652 4675 730 4718 ‘ut
764 4654 1051 4719 informem
1096 4663 1290 4730 fctum,
1332 4665 1711 4735 produxerunt
1753 4669 1819 4724 ad
1857 4670 2071 4737 lucem;

488 4759 586 4813 tibi
610 4754 737 4821 soli,
799 4756 892 4827 qui
962 4770 1156 4824 magna
1215 4766 1524 4830 cunctaque
1580 4771 1758 4831 potes,
1815 4762 2071 4827 Domine,

482 4848 791 4915 committo,
817 4846 876 4902 ut
909 4838 1133 4903 abortiri
1163 4850 1330 4906 facias
1354 4855 1565 4908 huncce
1591 4854 1833 4910 validum
1882 4854 2071 4919 fetum,

480 4934 849 4997 diabolicam‘
895 4943 1310 5013 productionem
1343 4986 1357 5010 ,
1424 4946 1744 5017 cupiditatis
1816 4954 2031 5017 partum
2058 4988 2074 5013 ,

477 5033 578 5105 qui
607 5028 804 5088 fratres
837 5033 1046 5089 rustice
1082 5034 1215 5098 odit,
1252 5038 1342 5105 qui
1382 5036 1637 5094 inimicus
1668 5048 1754 5094 est
1797 5037 1891 5092 Dei
1942 5037 2079 5093 Deo-

485 5141 594 5198 que
632 5126 882 5181 odiosus.

549 5216 640 5272 55.
686 5215 892 5272 Praeter
924 5217 1037 5287 jam
1080 5218 1226 5274 dicta
1262 5221 1471 5275 malum
1502 5220 1669 5276 etiam
1707 5220 1947 5275 declinat
1982 5222 2076 5291 qui

483 5308 808 5365 maledicum
839 5308 1128 5374 dimtetur,
1178 5309 1271 5378 qui
1322 5308 1780 5363 calumniatorem
1834 5309 2073 5378 repellit,

482 5400 577 5469 qui
605 5415 716 5455 non
750 5409 1032 5456 scrutatur
1068 5401 1354 5455 hominum
1383 5400 1526 5455 vitas
1571 5401 1780 5470 absque
1836 5402 2080 5457 necessi-

481 5498 592 5545 tate
635 5506 736 5545 nec
793 5507 905 5546 rem
940 5493 1007 5546 ad
1066 5507 1127 5547 se
1172 5506 1282 5545 non
1337 5492 1697 5560 pertinentem
1738 5492 1851 5547 sive
1879 5508 2082 5548 secun~

482 5581 613 5636 dum
638 5583 911 5650 spiritum,
938 5584 1056 5638 sive
1081 5582 1382 5638 secundum
1415 5597 1676 5650 carnem;
1702 5584 1793 5658 qui
1818 5585 2001 5640 dolum
2024 5585 2077 5639 in

483 5673 717 5745 negotiis
739 5688 848 5728 non
874 5681 1113 5739 exercet,
1142 5673 1233 5742 qui
1262 5673 1505 5742 regulam
1540 5674 1592 5728 in
1615 5676 1935 5730 servitutem
1968 5691 2078 5732 non

479 5762 699 5832 redigit;
724 5764 816 5832 qui
841 5779 949 5818 non
969 5764 1115 5832 leges
1143 5765 1357 5831 calcat;
1403 5766 1494 5836 qui
1527 5768 1803 5821 seniorem
1840 5768 2077 5822 honora-

482 5850 845 5923 bilioremque
870 5868 927 5908 sc
952 5869 1058 5907 non
1085 5857 1261 5910 solum
1290 5860 1493 5926 primas
1522 5867 1708 5914 tenere
1735 5860 1887 5927 sinit,
1924 5871 1975 5916 et
2004 5862 2079 5920 iiIi

2179 4684 2267 4730 νες
2291 4667 2451 4723 τόκον
2494 4666 2876 4723 διδασκαλικὸν
2908 4666 3200 4738 ἐξέφηναν,
3235 4663 3325 4721 οἷα
3374 4669 3471 4732 καί
3502 4688 3625 4731 τινα
3659 4671 3772 4743 μύ-

2177 4760 2276 4829 λην
2302 4776 2315 4789 ·
2349 4760 2437 4816 σοὶ
2458 4759 2627 4831 μόνῳ,
2660 4757 3074 4831 μεγαλοδύναμε
3106 4761 3200 4813 κα)⁵
3226 4760 3610 4834 παντοδύναμε
3641 4763 3770 4828 K6-

2183 4870 2288 4924 ριε,
2320 4853 2619 4926 ἀνατίθημι
2651 4830 3007 4924 ἔξαμύλῶσαι
3030 4853 3123 4906 τδν
3158 4830 3321 4924 tabem
3357 4830 3555 4908 τοῦτον
3575 4855 3769 4922 τόκον,

2178 4943 2242 4997 τὸ
2266 4943 2584 5014 δαιμονικὸν
2607 4944 2879 5019 γέννημα,
2917 4943 2978 4998 τδ
3000 4943 3104 5016 τῆς
3124 4941 3467 5015 ⁵’πλεονεξίας
3511 4946 3773 5020 άποκύηο

2183 5053 2280 5107 μα,
2314 5037 2375 5090 τὸ
2414 5037 2630 5107 ἄγριον,
2671 5038 2733 5091 τδ
2760 5035 3112 5107 μισάδελφον,
3152 5036 3340 5091 τδκαὶ
3377 5038 3636 5110 μισόθεον
3666 5041 3773 5095 καὶ

2182 5127 2459 5197 θεομισές.

2253 5217 2347 5273 νε⁹.
2386 5221 2509 5274 Ἔτι
2542 5221 2679 5291 πρὸς
2701 5224 2816 5284 τοῖς
2844 5220 3161 5293 εἰρημένοις
3187 5221 3435 5283 ἐκκλίνει
3469 5224 3643 5280 κακὸν
3669 5227 3776 5281 καὶ

2181 5312 2209 5364 ό
2232 5310 2326 5363 τὸν
2364 5311 2708 5383 συκοφάντην
2731 5313 3349 5386 ἀποπροσποιούμενος,
3381 5316 3479 5373 καὶ
3513 5318 3543 5371 ό
3561 5316 3657 5372 τὸν
3676 5320 3773 5375 ἐν·

2180 5403 2540 5458 διαϐάλλοντα
2564 5405 3011 5479 παρωθούμενος,
3044 5409 3140 5463 καὶ
3185 5410 3214 5463 ὀ
3268 5408 3344 5482 μὴ
3398 5411 3642 5480 ἐρευνῶν
3672 5412 3774 5466 άνο

2183 5494 2419 5565 θρώπων
2443 5495 2596 5567 βίους
2624 5499 2703 5561 είς
2733 5498 2891 5554 οὐδὲν
2918 5499 3042 5557 δέον
3075 5505 3172 5555 καὶ
3211 5501 3381 5572 μηδὲν
3404 5503 3559 5575 αὐτῷ
3596 5521 3777 5573 προσ-

2182 5587 2315 5658 ῆκον
2338 5586 2465 5651 οὔτε
2490 5591 2637 5651 ,κατὰ
2691 5591 2935 5662 πνεῦμα,
2981 5593 3105 5661 οὔτε
3142 5576 3287 5659 κατᾶ
3322 5596 3505 5666 σάρκα
3531 5614 3546 5628 ·
3584 5599 3615 5652 ὁ
3670 5598 3775 5669 τὴν

2184 5682 2574 5752 πραγματείαν
2599 5682 2911 5749 ἀδολίευτος
2929 5701 2945 5718 ·
2980 5688 3008 5739 ὁ
3042 5687 3116 5756 μὴ
3142 5687 3235 5741 τὸν
3256 5688 3460 5745 κανόνα
3495 5690 3775 5745 καταθου·

2182 5770 2479 5844 λούμενος·
2517 5774 2546 5826 ό
2575 5776 2651 5846 μὴ
2681 5776 2808 5839 τοὺς
2842 5779 3042 5848 νόμους
3065 5779 3405 5843 καταπατῶν
3428 5795 3446 5811 ·
3475 5783 3505 5833 ὀ
3525 5779 3609 5850 τῷ
3630 5797 3775 5852 πρε-

2186 5864 2433 5937 σϐυτέρῳ
2461 5865 2627 5926 αὐτοῦ
2659 5868 2755 5931 καὶ
2781 5867 3096 5939 τιμιωτέρῳ
3124 5870 3200 5941 μὴ
3232 5872 3394 5941 μόνον
3424 5869 3549 5923 ὁδοῦ
3579 5887 3773 5943 παρα·
