3982 6246
349 301 458 367 639

1063 296 1494 365 EUSTATHII
1515 321 1518 324 ·
1539 297 1583 356 Τ
1598 290 2314 356 HESSALONICENSIS
2373 283 2946 349 ME'l‘ROPOLITtﬁ

3519 289 3619 352 640

352 412 684 487 propriatur.
720 413 794 470 De
814 420 1011 469 caetero
1051 428 1174 469 vero
1222 421 1438 468 sextum
1473 413 1615 466 inter
1653 409 1935 478 huiusmo-

2057 410 2101 460 ἑν
2131 409 2244 470 τοῖς
2275 404 2539 467 τοιούτοις
2575 403 2754 468 ἕκτον,
2789 401 2850 454 τὸ
2886 403 3066 455 ποιεῖν
3103 404 3225 472 μὲν,
3274 406 3352 475 μὴ
3398 405 3545 476 ἔχειν
3568 409 3623 460 δὲ

352 508 406 563 di
439 507 897 562 conscribendutn
935 515 1072 562 est:
1122 508 1299 562 facere
1353 505 1595 576 quidem,
1662 509 1757 558 sed
1825 517 1932 557 non

355 615 516 668 posse
541 599 744 654 docere
783 608 1006 666 prepter
1063 597 1462 667 discipulorum
1519 595 1928 650 indocilitntem.

355 689 679 744 Excluditur
696 689 842 743 enim
870 690 973 742 hoc
997 689 1174 758 ipsum
1208 705 1237 744 a
1273 689 1637 753 beatitudine;
1667 686 1936 756 siquidem

353 782 548 838 beatus
576 791 660 836 est
690 783 781 850 qui
824 781 1065 850 loquitur
1107 781 1176 835 ad
1226 782 1445 836 sedulos
1498 783 1800 844 auditores,
1843 782 1936 834 sed

354 872 599 928 conditio
627 872 749 927 talis
772 886 880 926 non
910 881 994 928 est
1022 871 1164 940 ejus,
1191 871 1281 939 qui
1303 874 1372 924 "ad
1393 870 1936 938 indocilesloquitur,

354 965 503 1018 velut
534 964 624 1019 ille
652 964 748 1033 qui
777 965 900 1034 rupi
945 965 1062 1035 lyra
1085 963 1356 1034 prazcinit)
1377 993 1448 1004 —
1473 961 1741 1033 expositis
1773 960 1940 1030 igitur

357 1058 480 1120 his,
517 1065 574 1110 ut
625 1057 886 1122 diximus,
946 1057 1079 1111 illud
1141 1057 1362 1127 quidem
1429 1071 1593 1125 supra
1654 1055 1935 1124 positum,

356 1157 411 1204 et
452 1150 524 1204 ita
573 1149 812 1219 primum
872 1148 928 1203 in
988 1149 1250 1218 praefatis,
1319 1157 1638 1203 sanctorum
1695 1146 1940 1202 solitarie

358 1240 667 1296 viventibus
697 1241 978 1310 proprium
1012 1250 1117 1307 est,
1145 1241 1236 1310 qui
1263 1254 1488 1310 prorsus
1512 1239 1576 1293 ad
1609 1248 1845 1294 mentem
1880 1253 1939 1294 se

353 1334 751 1401 puriﬁcantes,
785 1341 840 1388 et
871 1335 1018 1404 quod
1060 1335 1113 1387 in
1145 1335 1282 1404 ipsis
1315 1342 1397 1388 est
1427 1327 1716 1402 Spiritusne
1783 1333 1939 1402 quasi

357 1426 861 1495 conglomerantcs,
893 1434 946 1478 et
979 1426 1198 1495 punctis
1225 1426 1361 1479 adeo
1409 1425 1666 1478 tenuibus
1719 1434 1775 1477 ut
1801 1424 1939 1478 iuvi-

358 1517 539 1573 sibilia
595 1516 710 1571 {ore
767 1517 1039 1582 dicantur,
1079 1517 1144 1572 ad
1177 1525 1378 1572 terram
1430 1525 1484 1570 et
1513 1526 1728 1570 terrena
1782 1515 1943 1585 perti-

350 1615 588 1672 nentes,
624 1609 716 1662 alii
786 1609 921 1662 nulli
959 1610 1223 1674 student,
1272 1611 1379 1664 nisi
1439 1609 1548 1663 Deo
1604 1609 1730 1675 soli,
1779 1623 1942 1664 accu-

360 1699 639 1755 ratissime
717 1698 978 1754 salutaria
1035 1707 1318 1762 curantes,
1379 1708 1453 1765 et,
1517 1699 1595 1754 uti
1655 1700 1780 1769 quis
1834 1716 1939 1754 non

2038 499 2312 552 διδάσκειν
2340 497 2429 551 διὰ
2460 496 2522 550 τὸ
2569 496 2626 548 ἐν
2677 496 2793 557 τοῖς
2853 494 3319 565 μαθητευομένοις
3356 498 3615 568 ἀνήκοον.

2053 589 2386 662 ’Λπῴκισται
2423 593 2532 662 γὰρ
2569 589 2928 659 μακαρισμοῦ
2981 589 3078 643 καὶ
3109 588 3242 642 αὑτό
3269 605 3282 620 ⁸
3312 589 3367 642 εί
3417 595 3481 658 γε
3521 610 3618 661 μα-

2041 685 2232 753 κάριος
2263 684 2362 754 μὲν
2405 684 2434 736 6
2463 683 2639 752 λέγων
2686 685 2768 746 είς
2813 681 3089 745 εὐπειθεῖς
3122 681 3318 747 ἀκοὰς,
3339 683 3619 752 ἀναλόγως

2041 775 2098 828 δὲ
2129 774 2192 828 οὐ
2229 774 2470 837 τοιοῦτος
2519 777 2546 827 6
2593 773 2732 844 πρὸς
2777 774 3048 840 ἀνηκόους
3083 774 3260 828 λαλῶν
3295 778 3439 828 καθὰ
3474 779 3565 829 καί
3594 780 3622 830 6

2041 865 2180 938 πρὸς
2207 867 2417 937 πέτραν
2443 865 2704 938 λυρίζων)
2735 895 2803 906 -—
2832 867 3240 937 ἐκτεθειμένων
3271 867 3365 921 οῦν
3392 868 3620 938 τούτων,

2041 960 2117 1023 ὼς
2141 959 2373 1030 ἔφαμεν,
2404 959 2466 1012 τὸ
2503 961 2602 1030 μὲν
2654 961 3056 1030 ὑπερκείμενον
3105 961 3198 1014 καὶ
3227 962 3372 1014 οὕτω
3415 961 3618 1034 πρῴτι-

2046 1068 2168 1106 στον
2192 1053 2248 1104 ἐν
2269 1055 2383 1116 τοῖς
2407 1053 2788 1123 προκειμένοις
2807 1057 2921 1118 τοῖς
2947 1056 3290 1126 ἐρημάζουσι
3319 1055 3428 1108 τῶν
3455 1058 3623 1124 ἁγίων

2042 1148 2308 1211 ὼσίωται,
2333 1148 2382 1200 οἳ
2410 1145 2864 1218 ἀποκαθάραντες
2889 1149 2966 1209 είς
2996 1147 3322 1218 αὐτόχρημα
3347 1148 3474 1199 νοῦν
3502 1149 3623 1201 ἐαυ-

2044 1239 2250 1310 τοὺς,ἣ
2283 1241 2377 1293 καὶ
2407 1239 2482 1303 ὡς
2513 1235 2626 1293 οἷον
2673 1238 3199 1310 ἀποσφαιρώσαντες
3257 1243 3319 1293 1:6
3354 1243 3412 1293 ἐν
3442 1241 3624 1305 αὐτοῖς

2047 1331 2255 1401 νοερὸν,
2285 1331 2382 1384 καὶ
2415 1330 2666 1401 σημείοις
2726 1331 2871 1384 οὓτω
2913 1332 3279 1402 βραχυτάτοις
3311 1335 3408 1386 καὶ
3437 1333 3516 1396 ὡς
3542 1335 3620 1386 εί-

2045 1424 2171 1474 πείν
2217 1421 2488 1492 ἁμερέσιν
2535 1423 2910 1493 ἐφαπτόμενοι
2943 1425 3047 1493 γῆς
3073 1424 3166 1477 καὶ
3198 1425 3308 1476 τῶν
3340 1426 3469 1495 περὶ
3497 1427 3618 1495 γῆν,

2035 1516 2180 1585 ’πρὸς
2211 1516 2391 1568 οὐδενὶ
2415 1515 2561 1586 ἄλλῳ
2592 1518 2689 1570 τὸν
2731 1516 2859 1571 νοῦν
2887 1517 3106 1588 ἔχουσιν
3136 1518 3168 1588 ἢ
3203 1519 3339 1589 πρὸς
3371 1519 3521 1585 μόνῳ
3551 1520 3623 1590 τῷ

2043 1605 2186 1675 Θεῷ,
2217 1603 2744 1676 ἀκριϐολογούμενοι
2779 1607 2847 1658 τά
2884 1608 3155 1676 σωτήρια,
3195 1607 3310 1674 καὶ,
3343 1608 3421 1672 ὼς
3450 1609 3516 1662 ἄν
3542 1627 3622 1670 τις

2045 1695 2192 1746 εἴποι
2217 1694 2318 1747 οὐκ
2349 1694 2562 1762 ἀφυῶς,
2617 1695 3073 1766 κιμϐικευόμενοι
3111 1698 3408 1762 ἀπλάστως
3446 1700 3517 1753 τά
3546 1701 3625 1762 είς

359 1790 597 1846 absurde
650 1789 870 1853 dixerit,
903 1790 958 1844 in
1019 1790 1186 1846 rebus
1223 1791 1441 1845 virtutis
1470 1800 1658 1861 aperte
1681 1791 1942 1861 parcissi-

2057 1785 2270 1856 ίιρετὴν,
2307 1785 2366 1837 οὐ
2399 1765 2902 1855 προσλογιζόμενοι
2934 1787 3111 1855 γένος,
3151 1788 3214 1840 οὐ
3263 1786 3439 1858 φυλὴν
3472 1788 3627 1840 ἐνθυ-

363 1883 467 1950 ιιιί;
501 1897 608 1937 non
635 1898 809 1952 genus
828 1891 1238 1952 competentes,
1272 1894 1384 1938 non
1448 1893 1770 1953 reputantes
1840 1885 1944 1938 tri-

361 1975 525 2039 bum;
567 1989 675 2029 non
703 1973 966 2028 familiam
995 1974 1058 2028 'in
1090 1978 1301 2030 ratione
1331 1983 1604 2040 tenentes,
1632 1991 1733 2031 nec
1803 1992 1946 2031 rem-

349 2064 658 2134 publicam,
709 2064 855 2120 sicut
911 2080 1014 2119 nec
1086 2065 1344 2128 divitias,
1397 2080 1499 2119 nec
1551 2065 1746 2119 famam
1777 2107 1790 2130 ,
1845 2070 1946 2121 nec

362 2156 540 2226 ipsum
563 2164 734 2210 totum
757 2157 1042 2217 mundum,
1079 2157 1172 2210 sed
1199 2166 1424 2210 econtra
1461 2157 1527 2210 ad
1548 2157 1942 2226 perfectionem

362 2249 610 2304 solitarie
639 2249 902 2314 viventes,
941 2257 996 2302 et
1025 2249 1170 2302 sicut
1205 2249 1376 2319 fugati
1412 2264 1438 2301 a
1477 2250 1616 2304 malo
1643 2250 1942 2320 fugientes,

365 2351 420 2396 ut
451 2344 781 2413 semetipsos
814 2342 1142 2410 salviiicent,
1173 2343 1446 2405 contenti,
1496 2344 1542 2398 si
1598 2345 1713 2398 sola
1755 2345 1944 2400 mundi

363 2433 491 2506 fuga
556 2434 772 2504 seipsos
811 2434 1065 2490 homines
1097 2433 1368 2502 perfectos
1412 2435 1526 2489 Deo
1555 2436 1792 2502 sistant;
1826 2437 1947 2505 epi-

362 2535 578 2583 nantes.
607 2526 752 2595 quod
777 2525 881 2593 ipsi
919 2543 1025 2580 non
1060 2526 1261 2582 exinde
1295 2527 1503 2581 crimen
1535 2527 1841 2591 incurrent,
1900 2529 1946 2582 si

355 2631 476 2672 ‘non
509 2618 647 2674 alios
678 2619 932 2673 humanm
961 2619 1246 2674 societatis
1281 2621 1396 2687 lege
1420 2621 1636 2688 juvent.
1674 2620 1950 2675 Laudabi-

367 2708 490 2762 liter
527 2709 672 2763 enirn
721 2710 972 2781 judicant
1035 2727 1492 2782 unumquemque
1547 2713 1825 2767 hominem
1880 2715 1948 2767 ad

367 2801 598 2856 salutem
631 2801 737 2857 sibi
771 2801 1043 2867 sufﬁcere,
1071 2803 1114 2858 si
1153 2803 1305 2866 velit,
1338 2805 1602 2874 nulloque
1631 2820 1792 2874 egere
1816 2805 1950 2859 alie.

367 2908 440 2946 n0
489 2893 780 2962 exemplo,
834 2894 920 2948 vel
975 2894 1190 2960 ductu,
1242 2895 1326 2950 vel
1388 2895 1697 2951 directione
1735 2912 1760 2963 ις
1818 2898 1948 2966 quia

357 2985 533 3050 ‘Deus,
570 2985 690 3039 sine
733 2985 1058 3055 acceptione
1097 3001 1456 3056 personarum
1484 3028 1500 3053 ,
1529 2989 1686 3041 nobis
1713 2989 1948 3058 largitus

2052 1876 2340 1946 μούμενοι,
2381 1876 2445 1928 οὐ
2499 1878 2754 1948 φρήτρην
2788 1878 2847 1931 ἐν
2878 1877 3026 1949 λόγῳ
3061 1879 3404 1948 ποιούμενοι,
3439 1881 3502 1933 οὐ
3539 1898 3627 1950 φι-

2049 1969 2168 2022 λίαν
2195 1968 2253 2021 ἐν
2281 1967 2504 2040 ἀριθμῷ
2531 1968 2832 2039 τιθέμενοι,
2862 1968 2926 2024 οὐ
2970 1970 3272 2035 πολιτείαν,
3317 1975 3378 2026 οὐ
3411 1990 3632 2044 περιου-

2050 2061 2196 2128 σίαν,
2227 2062 2286 2114 οὐ
2335 2063 2747 2132 γνωριμότητοι,
2773 2063 2836 2115 οὐ
2864 2063 3070 2133 κόσμον
3097 2064 3259 2118 αὑτὸν
3290 2064 3412 2118 ὅλον
3431 2081 3446 2095 ο
3491 2067 3630 2120 ἀλλά

2053 2154 2378 2223 μονάζοντες
2403 2157 2461 2218 ἐς
2486 2155 2776 2226 ἀκρίβειαν
2798 2157 2893 2212 καὶ
2917 2158 3058 2212 κατὰ
3082 2161 3210 2224 τοὺς
3238 2161 3625 2231 προτροπάδην

2049 2245 2114 2297 ἐκ
2143 2246 2307 2298 ποθεν
2338 2246 2511 2299 κακοῦ
2547 2247 2876 2315 φεύγοντας,
2909 2248 2996 2302 ἵνα
3040 2253 3184 2318 σφᾶς
3239 2252 3442 2315 αὐτοὺς
3473 2269 3630 2322 περι-

2051 2337 2360 2402 σώξωνται,
2403 2340 2763 2409 ἀρκούμενοι,
2820 2342 2917 2394 ἐὰν
2953 2345 3020 2414 τῇ
3077 2345 3173 2396 τοῦ
3237 2345 3448 2416 κόσμου
3484 2350 3627 2416 φυγῇ

2054 2430 2192 2501 μόνῃ
2253 2431 2454 2494 αὐτοὺς
2498 2432 2826 2502 ἀνθρώπους
2862 2433 3106 2498 τελείους
3144 2439 3525 2506 περιστήσωσι
3555 2439 3631 2506 τῷ

2051 2514 2204 2593 Θεῷ·
2241 2524 2691 2592 φιλοσοφοῦντες,
2728 2526 2885 2578 οὐδὲν
2925 2528 3085 2581 αὐτοὶ
3114 2527 3367 2581 ἐντεῦθεν
3401 2530 3629 2597 αἰτίαμα

2051 2616 2419 2682 ἐπισπᾶσθαι,
2467 2618 2516 2670 ει
2576 2618 2651 2688 μὴ
2712 2619 2910 2683 ἄλλους
2963 2619 3226 2690 ὠφελοῖεν
3279 2623 3629 2694 ἀνθρωπίνης

2051 2708 2338 2789 κοινωνίας
2365 2709 2538 2780 νόμῳ.
2575 2711 2840 2777 Κρίνουσι
2874 2712 2984 2783 γάρ
3019 2714 3349 2778 ἐπαινετῶς,
3396 2715 3630 2769 ἕκαστον

2051 2799 2343 2870 ἄνθρωπον
2379 2800 2574 2871 ἄρκιον
2624 2801 2806 2872 ἐαυτῷ
2835 2799 2977 2858 εἶναι
3030 2807 3167 2876 πρὸς
3209 2809 3509 2879 σωτηρίαν,
3558 2809 3624 2862 εί.

2052 2907 2159 2960 περ
2195 2891 2394 2955 ἐθέλει,
2428 2891 2526 2945 καὶ
2561 2893 2836 2964 μηδεμιᾶς
2865 2897 3200 2952 ἐπεισάκτου
3231 2900 3442 2955 δεῖσθαι
3485 2903 3630 2956 διδαι

2041 2983 2284 3062 ,σκαλίας
2314 2983 2347 3054 ἢ
2379 2985 2639 3055 χορηγίας
2672 2987 2703 3055 ἢ
2740 2987 2998 3058 ὁδηγίας·
3037 2992 3119 3044 ὅτι
3175 2994 3312 3063 μηδέ
3369 2996 3628 3066 ἑτεροζή-

364 3083 452 3129 est
499 3074 668 3128 animi
724 3074 1094 3143 principatum
1145 3075 1440 3145 ipsiusque
1487 3077 1728 3141 divitias,
1783 3087 1947 3147 atque

2057 3077 2163 3139 λως
2194 3078 2220 3129 6
2253 3078 2385 3141 Θεὸς
2439 3078 2698 3149 ἐμέρισεν
2745 3083 2885 3152 ’ἡμῖν
2937 3083 2998 3136 τὸ
3047 3085 3382 3155 ἡγεμονικὸν
3418 3090 3630 3141 καὶτὸν

365 3168 618 3221 omnibus
645 3167 951 3236 aequaliter,
1001 3176 1260 3237 tanquam
1299 3177 1458 3237 pater
1499 3170 1660 3238 .prole
1716 3168 1840 3223 rem
1897 3179 1950 3224 et

367 3261 666 3314 liberorum
696 3274 912 3324 amans,
946 3259 1288 3329 principatus
1314 3261 1735 3316 ambrosiam'et
1763 3272 1952 3314 nectar

368 3353 671 3419 instillavit,
728 3368 793 3407 ex
828 3367 939 3422 quo
993 3353 1377 3408 immortaliter
1410 3355 1618 3420 vivere,
1644 3354 1688 3409 si
1737 3355 1950 3423 placet,

352 3440 635 3498 'valetttus.

441 3536 493 3590 7.
536 3537 1013 3605 Superuumerant
1040 3544 1222 3588 autem
1259 3533 1348 3591 isti
1379 3535 1644 3590 solitaria:
1681 3534 1955 3604 operatio-

355 3630 457 3683 ‘-nis
512 3637 725 3692 ascetae,
795 3628 1107 3682 viventibus
1173 3627 1504 3694 absconditi,
1562 3636 1617 3681 et
1691 3627 1954 3680 facientes

369 3719 616 3788 quidem,
650 3719 747 3773 sed
773 3733 881 3772 non
927 3718 1210 3783 docentes,
1271 3719 1520 3786 quiniuto
1579 3718 1840 3787 quidquid
1885 3720 1952 3772 atl

371 3810 677 3863 docendutn
737 3811 930 3864 attinet
995 3811 1050 3864 in
1137 3813 1450 3878 semetipsis
1507 3809 1843 3866 suffocantes
1900 3819 1956 3865 et

373 3903 920 3967 eircumscribentes,
957 3903 1100 3973 quod
1153 3903 1608 3973 quemadmodum
1670 3904 1763 3972 qui
1818 3911 1955 3957 sane

373 3995 583 4064 regitur
608 3995 783 4050 oculis
816 3995 882 4050 ad
915 4011 1141 4051 sensum
1187 3995 1576 4059 attinentibus,
1628 4010 1792 4049 manu
1854 3993 1958 4048 du-

375 4097 531 4142 centu
558 4086 666 4141 mu
696 4097 815 4156 eget
843 4088 912 4142 ad
950 4087 1371 4153 ambulandum,
1439 4088 1512 4142 ita
1544 4102 1644 4142 nec
1673 4089 1765 4158 qui
1805 4103 1959 4142 men-

375 4189 482 4235 tem
520 4182 751 4235 sortitus
771 4192 874 4249 est,
898 4190 952 4236 et
982 4181 1063 4236 sic
1099 4199 1127 4236 a
1155 4181 1264 4236 Deo
1301 4181 1665 4246 illuntinatnr,
1695 4195 1802 4235 non
1860 4181 1958 4235 ha-

375 4272 466 4327 bet
525 4274 744 4328 aliunde
802 4273 1152 4341 qtnerendam
1217 4272 1284 4326 ad
1353 4271 1554 4326 bonum
1617 4271 1954 4338 ductionem,

373 4378 537 4432 quam
573 4365 717 4419 Deus
736 4363 955 4419 abunde
995 4363 1336 4433 dispensavit
1377 4373 1430 4416 et
1462 4377 1558 4431 per
1616 4362 1784 4415 vitam
1839 4361 1957 4415 (lis-

376 4465 594 4522 pensat,
657 4457 758 4509 nisi
813 4456 1045 4524 quisque
1098 4455 1456 4523 semetipsum
1537 4453 1822 4509 obnubilet
1903 4439 2034 4506 etD

377 4549 636 4612 obcweet,
673 4550 854 4602 lumen
876 4546 1316 4611 intercludendo,
1349 4555 1404 4602 et
1435 4547 1513 4602 sic
1569 4545 1959 4601 abscondendo

379 4641 731 4707 passionibus
772 4640 948 4703 illum,
993 4639 1169 4708 quiin
1231 4637 1452 4692 homine
1510 4647 1618 4702 est,
1676 4637 1959 4692 divinissi-

380 4748 526 4785 tuum
557 4733 754 4784 solent.

449 4825 502 4877 8.
538 4824 600 4878 Et
651 4824 725 4877 ita
782 4823 999 4892 quidem
1051 4823 1367 4894 hujusmodi
1427 4804 1621 4878 contra
1683 4823 1962 4879 dzemones

380 4921 596 4975 athletae
632 4917 946 4972 betuitubus
970 4916 1194 4986 quidem
1240 4915 1431 4986 ignoti,
1476 4915 1576 4972 soli
1628 4924 1808 4971 autem
1851 4913 1962 4971 Deo

381 5013 609 5084 cogniti,
635 5019 852 5065 actores
903 5009 1249 5078 rectoresque
1315 5010 1536 5067 virtutis
1587 5019 1756 5076 sunt;
1822 5024 1963 5080 quos

381 5107 704 5179 plerumque
729 5113 941 5158 secreta
977 5101 1097 5156 loca
1143 5103 1492 5167 subducunt,
1523 5111 1583 5158 ut
1634 5111 1764 5157 sunt
1799 5114 1964 5155 aurea

383 5199 622 5260 metalla,
652 5213 774 5268 qua:
813 5195 925 5250 fodi
956 5205 1010 5250 et
1033 5197 1084 5248 in
1115 5197 1411 5251 humanum
1452 5197 1724 5249 uumisma
1783 5193 1964 5266 eﬂingi

385 5291 620 5359 lugiuut,
651 5305 717 5344 eo
748 5288 893 5358 quod
930 5289 998 5342 ad
1035 5287 1380 5358 superficiem
1413 5303 1520 5342 non
1559 5287 1818 5351 attinent,
1867 5287 1963 5341 sed

385 5384 438 5436 in
480 5381 751 5452 profundo
792 5391 971 5442 tet-rte,
1030 5397 1095 5435 ne
1141 5381 1456 5444 videantur,
1511 5393 1570 5433 se
1633 5378 1968 5446 immergunt

372 5476 470 5528 vel
503 5473 871 5529 abscondunt.
901 5473 1116 5538 Quibus
1146 5483 1326 5525 autem
1358 5472 1562 5525 bonum
1588 5485 1696 5524 non
1735 5470 1788 5524 in
1845 5471 1969 5524 atti-

375 5581 492 5620 ‘tnae
523 5567 792 5635 profundo
814 5566 980 5634 jacet,
1015 5564 1113 5620 sed
1145 5570 1196 5619 in
1229 5566 1346 5619 sola
1389 5565 1595 5634 lingua,
1648 5565 1966 5634 superﬁcia-

389 5657 512 5711 liter
535 5666 872 5726 supernatat,
887 5665 941 5712 et
970 5657 1053 5711 sic
1078 5655 1427 5710 manifestum
1449 5665 1711 5726 apparet;
1738 5657 1831 5726 qui
1849 5656 1969 5724 qui-

391 5748 514 5804 dem
551 5749 685 5803 alios
709 5748 930 5816 docent,
963 5748 1293 5817 semetipsos
1325 5750 1645 5820 relinquunt
1673 5749 1883 5804 ruditer
1905 5763 1972 5804 ac

2059 3169 2178 3222 κατ’
2209 3169 2338 3222 αὐτὸ
2373 3169 2622 3235 πλοῦτον,
2650 3172 2788 3225 ἀλλὰ
2842 3176 3010 3228 πᾶσιν
3057 3178 3252 3248 ἐπίσης
3287 3173 3376 3232 οἷα
3403 3182 3497 3233 καὶ
3528 3199 3632 3233 πα-

2055 3260 2159 3332 τὴρ
2193 3261 2390 3325 εὔπαις
2419 3264 2521 3316 καὶ
2577 3264 2894 3332 φιλότεκνος
2933 3270 2995 3321 1:6
3047 3269 3171 3322 καθ’
3203 3275 3504 3341 ἡγεμονίαν
3542 3277 3631 3327 καὶ

2058 3352 2363 3421 ἀμϐρόσιον
2401 3355 2494 3406 καὶ
2527 3355 2822 3424 νεκτάρεον
2869 3359 3215 3427 ἐνεστάλαξε,
3242 3362 3314 3415 δι’
3342 3355 3404 3415 οὗ
3435 3364 3634 3417 ἀθανάο

2055 3459 2160 3506 τως
2197 3441 2348 3512 βιοῦν
2382 3445 2729 3516 ὲξισχύομεν,
2759 3447 2918 3520 εἴπερ
2949 3450 3279 3524 βουλόμεθα.

2129 3536 2193 3600 ζ’.
2231 3537 2823 3607 Συνεπιλογίξονταιδὲ
2855 3545 2902 3596 oi
2924 3545 3026 3615 τῆς
3059 3550 3329 3617 μονήρους
3358 3552 3633 3620 ποιήσεως

2057 3630 2294 3700 ἀσκηταὶ
2327 3627 2497 3696 οὗτοι,
2533 3635 2658 3696 τοὺς
2691 3635 2943 3705 βιοῦντας
2979 3639 3088 3692 ἀπο
3107 3642 3500 3710 ιρυπτόμενοι,
3540 3647 3632 3695 καὶ

2057 3721 2198 3782 οὕτω
2226 3723 2506 3788 ποιοῦντες
2536 3725 2657 3794 μὲν,
2691 3728 2753 3780 οὐ
2787 3728 3135 3794 διδάσκοντες
3167 3732 3247 3797 δὲ,
3279 3734 3417 3786 ἀλλὰ
3444 3737 3506 3788 τὸ
3533 3738 3634 3793 πᾶν

2058 3816 2150 3870 τοῦ
2176 3817 2452 3894 διδάσκειν
2501 3817 2942 3888 καταπνίγοντες
2993 3821 3051 3875 ἐν
3084 3823 3298 3884 ἑαυτοῖς
3337 3826 3434 3878 καὶ
3477 3845 3632 3899 περι-

2059 3910 2388 3980 γράφοντες.
2443 3911 2554 3964 Καὶ
2597 3911 2703 3978 ὅτι,
2738 3912 2993 3984 καθάπερ
3042 3917 3070 3967 ὁ
3112 3916 3632 3989 διοικονομούμενος

2060 4002 2230 4070 ὑγιῶς
2255 4001 2576 4071 ὀφθαλμοῖς,
2620 4006 2734 4066 τοῖς
2765 4005 2902 4075 πρὸς
2923 4009 3207 4077 αἴσθησιν,
3237 4011 3296 4063 οὑ
3325 4014 3634 4080 προσδεῖται

2059 4095 2153 4148 τοῦ
2190 4095 2668 4166 χειραγωγοῦντος
2707 4100 2790 4161 εἰς
2826 4099 3061 4168 βάδισιν,
3094 4103 3269 4167 οὕτως
3306 4106 3428 4158 ούδέ
3460 4110 3488 4160 6
3514 4109 3636 4162 νοῦν

2060 4188 2293 4259 εἰληχὼς
2332 4188 2426 4242 καὶ
2459 4189 2647 4244 θεόθεν
2697 4190 2848 4246 οὕτω
2883 4198 3304 4266 πεφωτισμένος
3342 4200 3536 4272 ζητοίη
3575 4204 3638 4256 ἂν

2060 4275 2158 4344 τὴν
2190 4277 2270 4338 είς
2297 4275 2356 4327 τὺ
2376 4276 2542 4329 καλὸν
2574 4277 2846 4348 ποδηγίαν
2889 4284 3179 4352 ἑτέρωθεν,
3215 4287 3280 4356 ἢν
3309 4290 3338 4340 6
3371 4290 3507 4352 Θεὸς
3543 4294 3638 4345 καὶ

2062 4365 2526 4436 ἐνεδοιψιλεύσατο
2577 4370 2672 4424 καὶ
2725 4373 3143 4450 ἐνδαψιλεύεται
3184 4379 3272 4432 διὰ
3308 4380 3449 4450 βίου,
3481 4387 3527 4436 εξ
3568 4386 3639 4454 μὴ

2062 4459 2225 4523 αὐτὸς
2255 4461 2485 4528 ἕκαστος
2505 4463 2702 4516 ἑαυτὸν
2736 4465 2925 4535 ἀχλύει
2946 4469 3039 4522 καὶ
3073 4471 3338 4538 σκοτίζει,
3363 4476 3638 4549 ἐπιπροσ-

2064 4549 2194 4613 θῶν,
2264 4549 2362 4603 καὶ
2420 4551 2596 4616 οὕτως
2645 4554 3025 4626 ἀποκρύπτων
3082 4560 3280 4618 πάθεσι
3325 4563 3420 4618 τὸν
3463 4569 3524 4621 ἐν
3553 4572 3643 4624 ἀν-

2065 4641 2268 4714 θρώπῳ
2293 4644 2574 4702 θειότατον
2603 4647 2778 4718 ἥλιον.

2136 4829 2208 4893 η’.
2240 4823 2345 4880 Καὶ
2365 4824 2509 4881 οὕτω
2542 4829 2642 4899 μὲν
2663 4831 2709 4883 οί
2737 4831 2972 4888 τοιοῦτοι
2999 4836 3142 4890 κατά
3169 4835 3448 4908 δαιμόνων
3478 4844 3646 4917 ἀθλη-

2069 4917 2179 4982 ταὶ,
2208 4917 2520 4988 ἀνθρώποις
2565 4921 2665 4991 μὲν
2727 4924 3022 4993 ἄγνωστοι,
3070 4927 3191 5000 Θεῷ
3219 4931 3276 4984 δὲ
3329 4934 3479 5004 μόνῳ
3508 4953 3649 5004 γνω-

2073 5011 2213 5074 στοὶ,
2246 5012 2575 5084 πρηκτῆρες
2608 5015 2704 5070 καὶ
2738 5022 2971 5091 ποιηταὶ
3004 5021 3255 5090 γίνονται
3289 5027 3495 5096 ἀρετῆς
3521 5045 3534 5059 ο
3557 5026 3648 5091 οὓς

2071 5101 2148 5167 ὡς
2179 5102 2248 5157 τὰ
2281 5104 2464 5172 ,πολλὰ
2495 5107 2545 5158 οί
2593 5108 3092 5180 ’ἀνακεχωρηκότες
3137 5115 3296 5170 τόποι
3345 5120 3504 5171 ὁποῖα
3555 5120 3648 5172 καὶ

2073 5195 2318 5266 μέταλλα
2347 5198 2530 5267 χρυσᾶ.
2554 5188 2855 5272 ἐνδομυχοῦ
2867 5221 2973 5266 σιν,
2994 5205 3379 5274 ἐκπεφευγότα
3398 5210 3461 5261 τὸ
3489 5211 3649 5263 σκάλ-

2070 5288 2262 5344 λεσθαι
2299 5291 2391 5341 καὶ
2415 5291 2496 5351 είς
2525 5290 2774 5370 νόμισμα
2807 5296 3118 5350 τυποῦσθαι
3151 5299 3516 5367 ἀνθρώπινον,
3565 5304 3650 5354 διὰ

2070 5382 2130 5435 τὸ
2273 5381 2372 5451 τῆς
2403 5382 2674 5452 ἐπιπολῆς
2706 5380 2872 5448 εἶναι,
2904 5389 3020 5440 ἀλλ’
3056 5393 3115 5442 ἐν
3163 5389 3317 5458 βάθει
3350 5393 3454 5459 γῆς
3493 5395 3559 5447 τά
3591 5411 3649 5461 γε

2072 5475 2150 5536 et;
2181 5475 2372 5543 ὅρασιν
2431 5473 2845 5547 ὑποδύεσθαι,ἢ
2886 5479 2982 5530 καὶ
3044 5480 3436 5536 καταδύεσθαι.
3474 5479 3570 5546 Ui;
3596 5486 3653 5538 δὲ

2072 5563 2132 5616 τὸ
2157 5562 2362 5631 ἀγαθὸν
2388 5562 2488 5614 οὐκ
2511 5564 2567 5615 ἐν
2595 5563 2755 5633 βάθει
2787 5568 2966 5618 κεῖται
2989 5567 3191 5637 ψυχῆς,
3219 5570 3338 5621 ἀλλ’
3364 5573 3446 5635 είς
3479 5573 3652 5639 γλώσ·

2069 5657 2174 5707 ’σοιν
2212 5656 2303 5706 καὶ
2341 5653 2513 5722 μόνην
2551 5655 2898 5722 ἐπιπολάζει,
2929 5659 3023 5709 καὶ
3070 5655 3228 5711 οὕτω
3256 5663 3652 5732 προφαίνεταιο

2075 5747 2122 5799 οἳ
2154 5745 2378 5815 ἐτέρους
2419 5746 2516 5815 μὲν
2551 5745 2882 5811 διδάσκουσι,
2923 5749 3063 5816 σφᾶς
3095 5748 3150 5801 δὲ
3195 5751 3653 5819 αὑτοὺς-ἀφιᾶσιν
