3884 6244
276 398 392 466 (SE-1

963 392 1387 457 EUSTATIIII
1426 384 1896 451 TIIESSALONI

2013 385 2181 446 NSiS
2225 384 2797 449 METROPOLIT/E

3457 388 3568 448 65?.

287 506 609 565 nominibus
663 516 751 563 est
809 506 1106 575 optimum,
1163 515 1239 568 et,
1296 510 1357 557 ut
1412 498 1885 571 opportunissime

2004 496 2333 566 καιριώτατα
2381 498 2440 551 δὲ
2486 498 2685 559 εἰπεῖν,
2726 494 3017 565 ἄνθρωπον
3068 495 3162 549 τὸν
3208 496 3284 559 ὡς
3324 497 3568 568 ἀληθῶς,

290 601 493 665 dicam,
516 599 799 654 hominem
827 597 1206 660 verissimum,
1235 593 1330 651 sed
1359 602 1414 648 ct
1443 593 1660 647 beatum
1695 590 1881 660 τείρεα

292 706 357 747 ac
410 691 549 743 citra
618 702 837 743 omnem
893 685 1399 755 reprehensionem.
1452 683 1518 737 Et
1566 679 1881 752 huiusmodi

294 783 495 852 speciei
537 780 853 836 obtinemus
918 780 1257 849 qualitates,
1314 778 1363 834 si
1423 777 1743 846 magistrum
1791 773 1883 843 qui

296 889 463 944 super
496 873 666 928 caelos
707 880 792 927 est
843 872 1164 928 imitemur:
1209 870 1301 938 qui
1343 869 1478 924 alias
1508 867 1726 937 quidem
1760 876 1887 921 ante

296 967 497 1023 saecula
546 980 804 1035 operans,
844 973 905 1020 ut
958 965 1081 1034 quis
1149 964 1386 1016 hmnana
1443 962 1653 1015 ratione
1698 958 1887 1013 conci-

299 1075 426 1129 pere
472 1075 577 1113 non
628 1059 828 1123 valeat,
879 1066 1216 1127 postremum
1270 1063 1453 1110 autem
1496 1052 1683 1109 mundi
1736 1067 1889 1106 crea-

303 1154 443 1209 tioni
473 1167 699 1206 manum
758 1150 1081 1215 admovens,
1119 1148 1305 1205 statim
1370 1162 1399 1200 a
1454 1144 1727 1216 principio
1756 1153 1888 1197 tunc

301 1246 614 1301 doctrinam
662 1244 949 1298 hominum
1002 1242 1283 1297 mentibus
1328 1239 1562 1299 indidit,
1598 1252 1717 1292 eam
1766 1249 1889 1306 qua

290 1354 371 1393 ex
398 1336 533 1407 ipsis
565 1334 979 1405 ejusoperibus
1013 1341 1118 1395 est.
1153 1332 1331 1402 iisque
1364 1346 1531 1401 super
1551 1330 1790 1394 laudem,
1819 1329 1888 1385 iis

303 1427 630 1498 magniﬁcis,
693 1428 763 1483 iis
818 1425 1240 1482 rationabilibus
1306 1434 1360 1480 et
1392 1438 1560 1491 supra
1593 1423 1885 1478 rationem.

307 1522 583 1579 Erndiunt
606 1521 756 1577 enim
791 1521 899 1576 alia
932 1519 1151 1590 quidem
1180 1518 1328 1583 caeli,
1360 1518 1465 1572 alia
1498 1524 1681 1571 autem
1710 1525 1886 1581 terra;

292 1625 359 1672 et
385 1616 513 1679 alia,
550 1630 671 1685 quae
701 1616 846 1686 jacet
886 1612 941 1668 in
986 1611 1169 1668 medio
1202 1626 1393 1668 eorum
1425 1610 1743 1667 omnimoda
1778 1608 1892 1678 ple-

298 1709 516 1765 nitudo.
561 1707 854 1762 Discebant
905 1707 1053 1760 enim
1110 1719 1341 1775 prorsus
1372 1703 1443 1771 ab
1478 1703 1584 1759 hoc
1619 1702 1769 1757 illius
1793 1699 1892 1757 sevi

298 1799 558 1855 homines
582 1798 752 1868 quod,
785 1798 930 1853 sicut
959 1797 1015 1852 in
1064 1796 1345 1853 creatione
1366 1837 1380 1860 ,
1410 1796 1491 1850 sic
1521 1804 1577 1849 et
1603 1794 1656 1847 in
1687 1793 1891 1849 creatis

303 1892 414 1946 alia
446 1890 667 1960 quidem
702 1890 1143 1960 superemineat,
1174 1889 1283 1945 alia
1317 1903 1447 1944 vero
1482 1889 1664 1944 locum
1700 1896 1890 1944 tenent

293 1980 666 2047 inferiorem;
730 1989 787 2037 et
845 1980 1005 2036 decet
1060 1995 1122 2035 ca
1183 1979 1404 2050 quidem
1460 1978 1516 2033 in
1572 1978 1888 2034 hominibus

304 2074 564 2131 sublimia
647 2072 1094 2144 splendidaque,
1184 2072 1497 2127 veneranda
1571 2072 1889 2141 intactaque

310 2165 697 2222 humilioribus
741 2180 865 2222 esse
893 2163 1193 2236 (siquidem
1232 2173 1286 2220 et
1332 2178 1458 2234 qua
1489 2172 1617 2219 sunt
1642 2178 1888 2228 sursum.

309 2254 433 2308 talia
468 2260 644 2326 sunt),
672 2246 794 2327 quae
848 2269 980 2312 vero
1018 2255 1277 2311 deorsum
1318 2263 1374 2311 et
1425 2255 1654 2310 humilia
1685 2263 1741 2310 et
1780 2268 1888 2310 non

307 2345 671 2413 splendentia,
740 2361 864 2402 eum
929 2360 1094 2416 quem
1159 2345 1353 2401 sortita
1417 2353 1588 2411 sunt,
1641 2344 1889 2400 ordinem

309 2450 518 2500 amare,
551 2437 904 2508 prepriisque
930 2437 1184 2491 terminis
1210 2435 1617 2493 circumscribi.
1649 2434 1715 2492 Et
1737 2451 1890 2493 mens

310 2528 509 2582 exinde
552 2529 795 2599 concipit
852 2529 1258 2599 superjacentia
1309 2528 1547 2599 ideoque
1598 2529 1892 2584 venerabio

310 2618 456 2688 tiora
485 2633 653 2687 super
680 2617 941 2674 inferiora
969 2628 1134 2689 atque
1166 2619 1393 2674 humilia
1434 2634 1544 2675 non
1581 2620 1634 2674 in
1668 2634 1889 2686 vanum,

316 2724 417 2764 uec
445 2724 601 2772 casu,
635 2725 732 2764 nec
760 2724 826 2764 ex
869 2710 1208 2781 semetipsis,
1253 2710 1541 2765 sublimari
1572 2726 1636 2764 ac
1687 2709 1893 2774 lucere,

316 2800 413 2855 sed
452 2815 518 2855 ex
555 2799 795 2870 quodam
846 2810 1075 2857 auctore
1121 2801 1389 2858 validiore
1442 2815 1607 2873 atque
1641 2806 1895 2876 omnipo-

1989 590 2088 643 καὶ
2122 590 2389 659 μακάριον
2442 587 2524 653 δὲ,
2550 587 2640 641 τὸν
2693 585 2862 648 ὅντως
2891 586 2984 639 καὶ
3019 585 3242 650 τελείως
3283 592 3378 644 καὶ
3426 590 3572 660 ὑπὲρ

1988 682 2169 735 πᾶσαν
2198 680 2481 735 ἀνάϐασιν.
2516 679 2626 733 Καὶ⁸
2654 677 2843 732 τούτου
2870 677 2963 732 τοῦ
3002 678 3181 742 εἴδους
3230 678 3571 749 εὑρίσκομεν

1989 771 2240 841 συνοχέα,
2272 771 2431 840 εἴπερ
2481 770 2797 841 μιμούμεθα
2827 769 2918 823 τὸν
2980 769 3376 840 ὑπερουράνιον
3421 771 3574 825 διδά-

1989 862 2189 916 σκαλον
2210 878 2225 895 ο
2270 862 2327 924 ὃς
2361 861 2535 925 ἄλλως
2563 861 2664 931 μὲν
2714 860 2823 930 πρὸ
2855 860 2964 914 τῶν
2997 861 3213 916 αἰώνων
3262 863 3455 929 ποιῶν,
3491 863 3572 930 ὡς

1988 954 2089 1006 οὑκ
2108 952 2173 1007 ἄν
2198 969 2282 1016 τις
2301 952 2657 1023 ἐννοήσασθαι
2680 951 2929 1023 λογισμῷ
2952 952 3282 1025 ἀνθρωπίνῳ
3300 955 3571 1024 ἐφίκοιτο,

1990 1045 2220 1116 ὕστερον
2250 1044 2306 1098 δὲ
2342 1046 2410 1116 τῇ
2453 1043 2545 1098 τοῦ
2581 1045 2788 1115 κόσμου
2834 1044 3052 1116 ποιήσει
3083 1046 3385 1111 ἐπιϐαλὼν,
3417 1048 3571 1101 am.

1991 1137 2223 1193 σκαλίαν
2253 1138 2453 1192 αὐτίκα
2473 1138 2595 1191 τότε
2629 1137 2729 1210 τὴν
2760 1137 2936 1209 ἀρχὴν
2969 1140 3087 1199 ταῖς
3115 1138 3228 1193 τῶν
3258 1139 3573 1210 ἀνθρώπων

1987 1231 2188 1301 ψυχαῖς
2222 1226 2683 1302 πφκατεόάλετο,
2707 1229 2807 1299 τὴν
2834 1229 2894 1294 ἐξ
2915 1230 3096 1283 αὐτῶν
3126 1231 3234 1284 τῶν
3265 1231 3449 1303 ἔργων
3474 1232 3576 1286 αὑ-

1986 1316 2106 1392 τοῦ,
2127 1325 2235 1379 τῶν
2257 1324 2399 1395 πέρα
2424 1323 2604 1395 δόξης,
2628 1324 2738 1377 τῶν
2755 1324 3135 1387 παντοδαπῶν,
3159 1326 3269 1379 τῶν
3298 1328 3396 1381 καὶ
3421 1326 3579 1380 ἐλλόο

1988 1434 2105 1487 γων
2160 1420 2258 1472 καὶ
2289 1417 2429 1488 ὑπὲρ
2477 1417 2656 1487 λόγον.
2712 1419 3042 1475 Παιδεύουσι
3083 1421 3193 1492 γάρ
3224 1419 3363 1474 ἀλλα
3414 1420 3516 1491 μὲν
3542 1422 3574 1474 ὁ

1989 1503 2241 1575 οὐρανὸς,
2278 1503 2413 1559 ἄλλα
2440 1505 2495 1557 δὲ
2524 1506 2557 1576 ἡ
2585 1505 2691 1576 γῆ·
2734 1506 2827 1563 καὶ
2857 1508 3072 1581 ἑτεροῖα
3095 1510 3154 1563 τὸ
3182 1512 3241 1565 ιν
3268 1505 3421 1582 μέσῳ
3445 1510 3575 1565 τοὺ⁸

1988 1613 2097 1650 των
2133 1599 2389 1652 παντοῖον
2435 1598 2733 1669 πλήρωμα.
2773 1599 3146 1655 Ἐδιδάσκοντο
3195 1602 3306 1675 γάρ
3350 1604 3574 1667 πάντως

1989 1684 2077 1739 διὰ
2106 1684 2297 1740 τούτου
2349 1689 2445 1742 καὶ
2473 1689 2522 1740 οἱ
2560 1688 2686 1741 τότε
2732 1688 3036 1760 ἄνθρωποι,
3083 1692 3179 1758 ὡς,
3226 1693 3371 1747 καθά
3408 1694 3469 1746 ἐν
3500 1696 3571 1766 τῇ

1990 1778 2187 1843 κτίσει,
2223 1777 2366 1831 οῦτω
2391 1781 2488 1833 καὶ⁵
2514 1780 2573 1832 ἐν
2600 1780 2712 1841 τοῖς
2746 1782 2867 1833 κατ’
2902 1783 3072 1849 αὐτὴν
3098 1782 3167 1836 τα
3198 1784 3295 1855 μὲν
3323 1784 3571 1856 ὑπερῆρ-

1995 1889 2106 1932 ται,
2144 1870 2213 1924 τὰ
2243 1871 2301 1924 δὲ
2342 1871 2613 1935 ταπεινῶς
2647 1872 2762 1943 ἔχει
2784 1889 2798 1902 ·
2829 1876 2923 1929 καὶ
2972 1875 3197 1947 πρέπει,
3234 1876 3302 1930 τὰ
3349 1877 3446 1947 μέν
3472 1878 3574 1932 ἀν·

1997 1959 2239 2030 θρώποις
2291 1961 2472 2032 ὑψηλά
2530 1962 2626 2016 καὶ
2680 1956 2909 2035 λαμπρά
2964 1966 3239 2037 σεϐάσμια
3279 1964 3425 2023 εἶναι
3475 1969 3573 2023 καὶ

1997 2050 2163 2123 άθιγῆ
2179 2056 2289 2116 τοῖς
2314 2055 2719 2125 ταπεινοτέροις
2738 2055 2949 2127 (ἐπειδὴ
2969 2060 3064 2112 καὶ
3083 2056 3152 2111 τά
3166 2058 3280 2113 ἀνω
3298 2058 3574 2131 τοιαῦτα),

1994 2145 2066 2200 τά
2093 2146 2149 2199 δὲ
2177 2147 2327 2199 κάτω
2354 2149 2449 2202 καὶ
2476 2147 2710 2201 ταπεινά
2736 2150 2834 2203 καὶ
2856 2146 2935 2220 μὴ
2965 2147 3395 2219 ὑπερλάμποντα
3419 2152 3578 2224 στέρ-

1995 2256 2137 2308 γειν,
2170 2240 2237 2310 ῆν
2267 2239 2481 2311 ἔλαχον,
2511 2239 2687 2305 τάξιν,
2725 2242 2947 2305 καὶτοῖς
2969 2242 3193 2306 οίκείοις
3222 2243 3373 2315 ὅροις
3397 2246 3576 2313 ἐμπε-

2000 2331 2387 2404 ριγράγεσθαι.
2415 2328 2525 2388 Καὶ
2547 2332 2672 2396 νοῦς
2696 2332 2948 2388 ἐντεῦθεν
2980 2335 3373 2402 ὑποϐάλλεται,
3395 2336 3480 2392 δτι
3504 2339 3577 2393 τὰ

1999 2427 2373 2498 ὑπερκείμενα
2394 2427 2488 2481 καὶ
2518 2425 2661 2481 οὕτω
2688 2428 2995 2500 τιμιώτερα
3020 2428 3121 2483 ὑπὲ
3131 2446 3162 2500 ρ
3191 2429 3262 2483 τά
3291 2433 3579 2502 κατώτερα

1999 2522 2092 2572 καὶ
2123 2516 2356 2574 ταπεινά
2382 2519 2442 2573 οὑ
2485 2519 2663 2590 μάτην
2705 2520 2801 2573 καὶ
2837 2521 2987 2592 είκῆ,
3016 2522 3137 2575 οὑδὲ
3162 2521 3225 2587 ἐξ
3250 2523 3581 2594 αὐτομάτων

2001 2614 2258 2684 ὑψοῦνται
2282 2616 2377 2670 καὶ
2395 2615 2787 2685 ἐλλάμπονται,
2814 2615 2930 2670 ἀλλ’
2953 2616 3017 2671 ἐκ
3035 2633 3180 2681 τινος
3200 2618 3377 2673 αίτέου
3401 2621 3585 2691 κρείτ-

1999 2721 2154 2770 τονος
2177 2706 2275 2761 καὶ
2304 2705 2744 2777 παντοδυνάμου,
2767 2707 3142 2770 ἀνεσπακότος
3169 2708 3272 2777 μὲν
3294 2708 3388 2763 τὸν
3413 2710 3580 2781 οὑραε-

2000 2796 2089 2852 νδν
2116 2798 2174 2852 ἐν
2220 2795 2566 2868 ὑψηλοτάτῳ,
2601 2797 2940 2867 ὑποθεμένου
2991 2797 3049 2851 δὲ
3088 2800 3186 2869 τὴν
3233 2802 3581 2873 παμμήτορα

316 2898 487 2958 tente,
514 2891 606 2961 qui
638 2892 861 2962 quidem
893 2894 1075 2962 posuit
1122 2893 1322 2948 cmlum
1356 2895 1409 2948 in
1443 2895 1735 2961 altissimo,
1764 2912 1896 2968 sup-

2004 2891 2105 2961 γῆν
2134 2891 2209 2955 ώς
2236 2892 2294 2943 ἐν
2330 2888 2594 2961 συζυγίας
2623 2890 2792 2961 λόγῳ,
2830 2891 2918 2945 ἶνα
2952 2892 3232 2965 ἐπιρδεύῃ
3286 2895 3385 2963 μὲν
3429 2895 3586 2948 ἐκεῖ-

315 2976 504 3052 posuit
561 2991 745 3038 autem
799 2983 1185 3039 universorum
1252 2994 1478 3041 matrem
1538 2994 1742 3042 terram
1800 3004 1896 3059 per

2004 3001 2115 3048 νος,
2146 2983 2283 3054 αὑτὴ
2310 2983 2366 3037 δὲ
2388 2984 2554 3053 γεννᾷ
2581 2982 2650 3037 τά
2673 2983 3005 3055 καθήκοντα,
3029 2983 3495 3053 δαψιλευσαμένου
3522 2986 3585 3040 δὲ

323 3078 540 3130 modum
573 3074 1001 3144 coniunctionis,
1033 3087 1094 3130 ut
1118 3076 1312 3148 irriget
1348 3093 1466 3134 eam
1493 3079 1717 3149 quidem
1755 3078 1895 3135 illud

2004 3076 2247 3131 ἄσϐεστα
2274 3073 2444 3144 λύχνα
2473 3073 2724 3145 οὐράνια,
2760 3073 2848 3128 ἵνα
2874 3073 2945 3143 λέν
2980 3073 3121 3143 φωτὶ
3150 3074 3239 3128 tisi.
3276 3074 3585 3145 διάγωμεν,

308 3175 372 3220 et
405 3166 523 3236 ipsa
562 3166 815 3237 proprios
844 3176 1071 3237 generet
1102 3166 1357 3236 fructus;
1392 3169 1486 3225 sed
1514 3179 1570 3227 et
1607 3171 1896 3241 magniﬁce

2004 3169 2220 3241 ἡμέρας
2239 3166 2338 3237 μὲν
2364 3166 2497 3238 ἡλίῳ
2521 3164 3029 3236 καταλαμπόμενοι,
3052 3166 3247 3231 νυκτὸς
3268 3166 3327 3221 δὲ
3351 3196 3422 3208 —-
3447 3167 3588 3222 ἀλλά

313 3257 666 3327 dispensavit
701 3257 1177 3328 incxstinguibiles
1230 3259 1488 3317 lucernas
1528 3261 1803 3329 cmlestes,
1838 3271 1900 3319 ut

309 3364 537 3420 semper
563 3348 615 3403 in
650 3348 857 3404 lumine
884 3349 1171 3421 degamus,
1209 3352 1299 3406 die
1345 3353 1565 3423 quidem
1596 3352 1899 3411 illuminati

319 3439 456 3506 sole,
510 3448 670 3494 nocte
699 3446 849 3505 vero,
882 3438 1005 3495 aliis
1038 3441 1347 3498 innumeris
1384 3442 1701 3501 lucentibus
1737 3447 1898 3501 lumi-

326 3531 512 3596 nibus,
558 3528 609 3582 in
645 3535 856 3583 tantum
912 3529 1254 3586 subobscure
1305 3533 1658 3603 surgentibus
1688 3535 1899 3609 absque

320 3620 534 3675 lumine
566 3620 733 3687 iuuat,
766 3628 1032 3690 quantum
1067 3630 1285 3692 oportet
1331 3633 1390 3680 ut
1421 3640 1530 3681 non
1561 3626 1898 3684 advocemur

325 3714 379 3766 in
433 3713 655 3781 aliquod
698 3712 1021 3767 continuum
1056 3729 1195 3784 opus
1242 3731 1549 3788 campestre
1586 3730 1642 3775 et
1674 3722 1899 3781 aliunde

326 3805 683 3871 laboriosum,
711 3804 778 3858 ad
806 3802 1152 3875 fatigandnm
1185 3823 1279 3863 eos
1300 3812 1391 3880 qui
1423 3827 1534 3868 non
1558 3815 1899 3872 sustinerent

2000 3262 2120 3314 τότε
2156 3258 2536 3329 πολυμέριστα
2587 3257 2945 3325 πλουτοῦντες
2978 3259 3154 3328 φῶτα,
3198 3260 3280 3323 είς
3330 3260 3588 3314 τοσοῦτον

2001 3350 2261 3422 ἀμυδρῶς
2293 3349 2654 3403 ἀνατέλλοντα
2689 3347 2813 3417 δίχα
2846 3365 2910 3417 γε
2948 3348 3041 3401 τοῦ
3075 3349 3215 3403 κατά
3243 3350 3498 3420 σελήνην.
3529 3352 3591 3417 ἐς

2001 3444 2126 3499 ὅσον
2160 3442 2235 3513 μὴ
2266 3439 2655 3512 προκαλεῖσθαι
2691 3440 2842 3511 ἡμᾶς
2877 3441 2969 3494 ἐπὶ
2998 3434 3060 3492 et
3084 3440 3170 3493 ἀεὶ
3195 3442 3504 3513 γεωργικόν
3528 3459 3585 3497 τι

2004 3536 2099 3590 καὶ
2125 3533 2299 3596 ἄλλως
2344 3533 2587 3605 ἐνεργὸν,
2619 3533 2694 3595 ὡς
2736 3528 3078 3596 ἀποκάμνειν
3131 3533 3588 3605 ἀπαγορεύοντας

2004 3629 2062 3681 ἐν
2088 3625 2167 3697 τῷ
2206 3623 2472 3695 διηνεκῶς
2521 3622 2825 3689 πονεῖσθαι,
2860 3621 2976 3676 ἀλλ’
3019 3622 3168 3694 ἔχειν
3200 3624 3590 3696 ἐγρηγορότως

2010 3721 2110 3794 μὲν
2137 3718 2227 3773 διὰ
2258 3718 2358 3788 τὴν
2400 3715 2508 3769 τῶν
2539 3714 2750 3769 ἐκεῖθεν
2793 3714 2989 3786 φώτων
3023 3717 3209 3787 χάριν,
3258 3719 3588 3773 ἀναπεπαυ-

2010 3813 2187 3887 μένως
2213 3809 2270 3865 δὲ
2302 3809 2391 3862 διὰ
2418 3808 2518 3879 τὴν
2553 3807 2814 3877 νύκτερον
2845 3806 3263 3880 ἐπιπρόσθεσιν.

325 3898 697 3954 intermissam
734 3912 992 3968 operam;
1052 3900 1147 3956 sed
1180 3903 1404 3973 vigilare
1439 3908 1661 3977 quidem
1696 3926 1793 3982 per
1851 3910 2171 3986 huiusmodi
2228 3904 2496 3961 luminum
2549 3903 2805 3975 gratiam,
2854 3909 2907 3958 et
2957 3902 3242 3973 quiescere
3276 3918 3373 3974 pcr
3406 3905 3593 3961 noctis

325 3994 801 4064 interpositionem
835 3997 1125 4067 possimus.

400 4092 491 4147 21.
525 4089 649 4148 ΙΙαξο
698 4092 867 4163 igitur
895 4092 1245 4164 ;ediscebant,
1300 4106 1375 4163 et,
1420 4097 1650 4154 istorum
1683 4102 1911 4171 auxilio,

2081 4107 2188 4156 κα¹.
2222 4097 2412 4153 Ταῦτά
2437 4113 2494 4149 τε
2524 4089 2621 4149 οὖν
2647 4093 3007 4162 ἐδιδάσκοντο,
3034 4099 3129 4151 καὶ
3155 4098 3241 4153 διὰ
3270 4098 3450 4168 μέσων
3465 4095 3599 4148 τού-

327 4183 433 4237 alia
475 4183 630 4253 plura
680 4198 747 4236 ac
801 4182 1046 4239 meliora.
1083 4183 1310 4254 insuper
1356 4197 1537 4243 autem
1570 4189 1896 4248 docebantut

2010 4211 2118 4248 των
2140 4191 2305 4259 ἕτερα
2326 4189 2422 4242 καὶ
2438 4184 2609 4238 πλείω
2630 4184 2725 4237 καὶ
2749 4184 3033 4255 κρείττονα
3056 4202 3070 4217 ο
3098 4187 3595 4256 προσιδιδάσκοντο
3620 4242 3627 4245 ,

327 4273 473 4343 quod
519 4281 756 4328 mentem
808 4282 863 4328 et
894 4274 1163 4328 rationem
1216 4275 1466 4332 homines
1517 4278 1802 4345 habentes,
1858 4294 1896 4337 cl

2008 4286 2065 4338 δέ
2096 4286 2193 4338 καὶ
2237 4283 2320 4335 ὅτι
2355 4279 2481 4334 νοῦν
2504 4279 2599 4332 καὶ
2631 4277 2788 4345 λόγον
2813 4277 2862 4330 oi
2893 4277 3176 4351 ἄνθρωποι
3207 4281 3448 4350 σχόντες,
3494 4282 3595 4334 καὶ

329 4368 434 4420 hoc
463 4365 677 4436 insigne
737 4380 907 4436 super
942 4367 1315 4439 quodcunque
1359 4368 1510 4425 aliud
1554 4372 1758 4427 animal
1793 4370 1896 4429 feii‘

2008 4374 2166 4430 τοῦτο
2191 4371 2472 4443 ἐξαίρετον
2508 4369 2647 4441 ὑπὲρ
2671 4369 2813 4434 ζῶον
2841 4368 2988 4423 ἅπαν
3031 4370 3162 4424 ἄλλο
3186 4371 3594 4442 εὑκληροῦντες

328 4457 470 4511 citer
529 4454 712 4511 set-titi
776 4471 845 4512 ex
904 4457 1081 4512 altero
1143 4459 1370 4515 meliore
1418 4461 1639 4531 spiritu,
1676 4464 1896 4521 ratione

2011 4467 2075 4520 εκ
2102 4467 2268 4519 ποθεν
2295 4464 2607 4534 κρείττονος
2634 4462 2822 4532 ἐτέρου
2849 4464 2944 4517 καὶ
2973 4460 3066 4515 νοῦ
3099 4464 3194 4518 καὶ
3224 4462 3408 4539 λόγου,
3441 4463 3590 4517 πάν-

332 4561 443 4616 que
471 4554 795 4617 praestante,
827 4547 1073 4602 omnium
1100 4562 1223 4617 qua
1269 4558 1400 4604 sunt
1445 4550 1501 4606 in
1534 4552 1741 4608 mundo
1772 4569 1896 4610 θυαε

2012 4576 2117 4615 των
2147 4558 2257 4611 τῶν
2285 4557 2428 4611 κατά
2450 4557 2656 4627 κόσμον
2689 4553 2884 4619 αἰτίου,
2916 4554 2986 4608 τὰ
3011 4553 3238 4609 τοιαῦτα
3266 4553 3597 4608 πλουτοῦσ.ν

288 4632 289 4635 “
331 4647 480 4704 tore,
514 4639 824 4709 hnjnsmodi
873 4639 1031 4696 bonis
1078 4641 1344 4709 ditantur,
1387 4650 1576 4713 utpote
1601 4646 1896 4704 haereditau

2018 4649 2219 4719 ἀγαθά,
2254 4648 2389 4703 ὡσεὶ
2430 4646 2526 4700 καὶ
2562 4645 2767 4718 κλῆρον
2807 4645 3121 4714 καθήκοντα
3153 4649 3234 4710 είς
3261 4644 3459 4709 αὑτούς
3481 4662 3496 4675 ·
3532 4645 3598 4697 ὃν

335 4729 407 4786 ad
428 4732 577 4800 ipsos
612 4731 943 4801 pertinente;
978 4748 1140 4803 quam
1170 4750 1389 4806 semper
1415 4735 1578 4792 etiam
1610 4740 1891 4808 requirere

2018 4741 2113 4793 καὶ
2146 4738 2313 4810 ἐχρῆν
2363 4735 2642 4807 ἐπιζητεῖν
2674 4736 2850 4802 ἐσαεὶ,
2889 4734 3023 4789 ὡσεὶ
3048 4736 3144 4789 καὶ
3177 4737 3307 4799 παῖς
3361 4733 3601 4806 εὐγενὴς

335 4823 478 4879 sicut
520 4822 724 4879 nobilis
771 4824 913 4879 ﬁlius
964 4826 1249 4895 proprium
1284 4835 1519 4898 patrem,
1566 4836 1806 4899 oportet.
1850 4830 1918 4888 Et

336 4913 421 4972 sic
447 4912 670 4983 quidem
698 4914 801 4987 ipsi
831 4914 1136 4972 doctrinam
1165 4917 1509 4987 accipiebant
1539 4917 1915 4976 absconditam

335 5019 500 5076 quam
533 5004 773 5061 mundus
828 5005 964 5078 ipsis
998 5006 1335 5079 subjiciebat
1389 5017 1726 5080 conspectus
1769 5019 1823 5066 et
1858 5018 1918 5065 ut

336 5099 492 5155 decet
520 5098 884 5168 recogitatus.

402 5187 495 5245 εξ.
522 5188 661 5248 Cum
700 5198 882 5245 autem
917 5190 1050 5245 illud
1086 5189 1274 5246 eliicax
1307 5207 1339 5247 a
1361 5191 1471 5249 Deo
1523 5193 1915 5249 documentum

262 5313 270 5357 ς
334 5284 522 5343 nullos
552 5281 826 5338 inveniret
865 5291 1104 5337 mentem
1141 5284 1206 5337 ad
1263 5283 1442 5355 ipsum
1489 5285 1778 5351 habentes,
1821 5285 1917 5340 sed

264 5364 265 5367 “
332 5393 507 5443 prave
542 5376 916 5448 intelligerent
951 5376 1099 5431 hunc
1133 5377 1469 5446 primitivum
1507 5379 1786 5449 spiritum,
1825 5382 1916 5448 qui

264 5532 271 5539 ο
340 5479 395 5523 et
443 5470 669 5539 spiritus
715 5463 997 5539 angelicos
1086 5468 1318 5532 creavit,
1393 5477 1449 5525 et
1518 5477 1777 5524 mortales
1824 5470 1916 5539 qui

336 5560 503 5629 paulo
538 5562 721 5615 minus
758 5559 827 5615 ab
855 5559 1060 5630 angelis
1099 5566 1250 5624 sunt,
1304 5572 1370 5613 ac
1405 5560 1458 5614 in
1487 5560 1781 5614 amentiam
1808 5559 1918 5630 ple-

343 5654 503 5720 rique
534 5652 783 5708 dretnone
821 5651 966 5722 pulsi
995 5659 1474 5719 converterentur,
1512 5661 1567 5707 ct
1595 5667 1703 5707 non
1738 5653 1915 5707 solum

346 5746 401 5795 in
429 5743 551 5795 aliis
575 5744 903 5813 quibusdam
962 5744 1266 5799 insanirent
1287 5785 1304 5811 ,
1358 5745 1454 5801 sed
1486 5752 1539 5800 et
1574 5753 1759 5801 creata
1790 5759 1917 5798 cor-

351 5832 736 5903 ruptibiliaque
758 5835 810 5890 iu
833 5835 985 5901 deos,
1020 5837 1542 5909 repugnatttes‘Deo,
1569 5836 1915 5903 extollerent,

2017 4829 2236 4900 πατέρα
2265 4830 2357 4882 τὸν
2394 4827 2548 4883 ῐδιον.
2583 4828 2695 4881 Καὶ
2721 4825 2865 4880 οὕτω
2899 4826 3000 4898 μέν
3044 4826 3201 4883 αὑτοὶ⁸
3241 4818 3601 4888 διδασκαλίας

2020 4917 2166 4993 εἶχ’,ν
2221 4918 2614 4991 σεσιγημένης,
2641 4919 2760 4990 ﬁve
2808 4918 3013 4991 κόσμος
3059 4918 3244 4984 αὑτοῖς
3288 4917 3604 4973 ὑπέϐαλλεν

2016 5011 2317 5085 ὁρώμενος,
2346 5013 2444 5066 καὶ
2468 5010 2543 5074 ὡς
2572 5008 2681 5064 ἔδει
2716 5009 3172 5082 κατανοοῦμενος.

2091 5193 2197 5265 κβ’.
2240 5194 2396 5250 Ἐπεὶ
2440 5193 2496 5246 δὲ
2525 5192 2587 5245 τδ
2630 5191 2956 5263 ἔμπρακτον
2982 5188 3142 5245 τοῦτο
3175 5190 3239 5245 ἐκ
3267 5188 3402 5243 Θεοῦ
3449 5186 3609 5245 διδα-

2021 5286 2240 5340 σκάλιον
2276 5286 2493 5349 οὐδένας
2544 5283 2824 5355 εὕρισκεν,
2866 5282 3091 5352 ἔχοντας
3141 5282 3232 5334 τὸν
3278 5283 3404 5335 νοῖν
3455 5282 3610 5353 πρὸς

2021 5379 2190 5448 αὐτῷ,
2230 5379 2366 5432 ἀλλὰ
2406 5376 2711 5448 παρενὺουν
2752 5376 2843 5430 τὸν
2878 5374 3186 5445 πρώτιστον
3215 5372 3360 5438 νοῦν,
3393 5372 3455 5436 ὃς
3501 5375 3612 5428 καὶ

2018 5470 2145 5533 τοὺς
2170 5469 2494 5539 ἀγγελικοῦς
2526 5468 2652 5531 νόας
2680 5467 2975 5535 ὑπέστησε,
3008 5465 3104 5518 καὶ
3141 5465 3287 5531 τοὺς,
3337 5464 3453 5517 ὅσοι
3486 5462 3614 5517 τῶν

2021 5561 2196 5633 βραχύ
2224 5578 2278 5614 τι
2327 5561 2456 5631 παρ’
2488 5559 2755 5628 ἀγγέλους
2785 5557 3187 5628 ἠλαττωμένων
3236 5556 3364 5621 elei,
3395 5558 3497 5609 καὶ
3520 5556 3615 5617 εἰς

2020 5652 2282 5705 ἀπόνοιαν
2322 5651 2370 5703 oi
2417 5650 2633 5713 πλείους
2663 5645 2991 5719 δαιμονιώδη
3037 5647 3472 5719 παρετρὲποντο,
3507 5645 3618 5698 καὶ

2018 5741 2078 5794 οὑ
2107 5742 2269 5810 μόνον
2292 5740 2428 5795 ἄλλα
2452 5741 2574 5793 τινὰ
2600 5739 2999 5809 παρεφρόνουν,
3023 5736 3280 5792 manat
3304 5736 3371 5791 τά
3398 5735 3619 5790 κτιστὰ

2021 5835 2113 5889 καὶ
2146 5832 2363 5903 φθαρτὰ
2418 5834 2495 5897 εἰς
2545 5832 2699 5897 θεοὺς
2728 5830 2928 5902 ἀνῆγον
2981 5823 3414 5901 θεομαχοῦντεςι
3473 5826 3615 5880 τότε
