3982 6246
361 341 471 401 (⁵ιῖιὸ

1071 326 1218 388 EUS
1238 320 1492 384 ΓΛἸῊῘΙ
1531 318 1820 380 THESSA
1835 314 1969 376 [ΟΝ
1983 315 2284 377 ICENSIS
2329 314 2894 376 METROPOLIT£

3496 319 3607 383 635

359 447 509 500 enim
547 443 705 496 istam
743 418 1153 492 accusationem
1188 432 1406 501 rejiCto.
1434 428 1606 484 Nemo
1634 426 1803 490 enim,
1838 439 1935 479 uec

2051 424 2206 493 μεοα.
2233 425 2331 478 οὐκ
2359 423 2423 478 ἂν
2465 425 2693 494 εἴποιμι.
2729 424 2961 495 Θαρῤὦν
2993 424 3101 497 γὲιρ
3134 425 3441 497 ἆποφάσκω
3471 433 3606 502 ἐμοῦ

358 537 451 608 qui
491 533 811 588 vestimenta
862 526 1144 588 laceravit,
1195 539 1294 577 uec
1340 521 1432 591 qui
1481 527 1644 589 caput
1688 518 1931 582 nudavit,

362 645 462 683 nec
494 627 584 695 qui
621 624 854 678 frontem
885 616 1184 679 induravit,
1235 630 1336 669 nec
1371 614 1461 682 qui
1498 611 1766 682 pudorem
1799 610 1937 664 arni-

357 723 450 783 sit,
484 716 840 784 CXprobl'at‘ct
870 709 1050 774 nobis,
1084 723 1260 778 neque
1310 705 1512 760 malum
1543 704 1771 758 firmiter
1802 701 1938 770 abji-

361 814 638 874 ciendum,
690 808 834 877 quod
870 805 1084 860 scilicet
1118 803 1171 856 in
1214 800 1424 857 actibus
1479 802 1563 853 vel
1619 797 1671 850 iu
1726 810 1937 851 sermo-

361 908 524 961 nibus
544 899 851 956 doctrinam
873 895 1144 952 diabolice
1163 893 1512 964 dcpravatam
1532 889 1938 954 tradiderimus,

361 1011 537 1066 neque
563 993 705 1061 quod
736 989 872 1045 nihil
902 987 1031 1044 boni
1068 986 1357 1040 fecerimus
1385 998 1564 1052 neque
1591 981 1939 1036 docuerimus

361 1089 416 1141 in
448 1088 530 1140 his-
557 1099 678 1156 qua:
729 1082 793 1136 ad
828 1095 931 1135 nos
964 1080 1052 1132 hic
1099 1077 1352 1141 attinent,
1387 1074 1555 1145 idque
1593 1072 1935 1144 negligentite

360 1180 450 1232 vel
479 1177 711 1247 ignavia:
737 1186 927 1235 causa,
952 1168 1034 1224 vel
1067 1166 1371 1221 secundum
1401 1165 1587 1227 aliam,
1622 1179 1784 1232 quam
1815 1163 1939 1232 quis

362 1272 654 1333 inveniret,
704 1279 949 1321 causam.
996 1262 1052 1315 Si
1088 1275 1216 1315 vero
1243 1261 1386 1330 quis,
1419 1257 1689 1312 diabolica
1727 1264 1938 1324 mente,

364 1365 419 1418 in
453 1371 659 1415 tantam
695 1358 984 1413 adversum
1040 1368 1140 1408 nos
1183 1349 1680 1405 ntauil'estationem
1708 1348 1939 1402 audacia

366 1455 622 1514 ferietur,
662 1463 791 1504 ecce
825 1456 1061 1516 tempus,
1097 1444 1213 1513 ipse
1261 1442 1480 1511 quidem
1525 1455 1586 1494 os
1614 1440 1937 1507 adaperiat;

370 1562 466 1601 nos
497 1556 677 1598 autem
732 1541 938 1594 hiatum
987 1536 1385 1591 obturazneutis'
1416 1549 1445 1586 a
1478 1532 1589 1588 Deo
1643 1532 1940 1597 adhibitis,

368 1638 568 1705 quibus
623 1644 678 1690 et
728 1648 823 1687 ora
892 1631 1108 1685 leonum
1175 1628 1318 1682 lenta
1368 1625 1546 1680 reddit
1592 1625 1686 1680 ille
1730 1624 1799 1679 ad
1849 1638 1945 1679 vo-

370 1728 599 1783 candum
635 1739 730 1779 eos
766 1722 857 1792 qui
892 1721 1173 1775 conﬁdunt
1207 1720 1258 1773 in
1292 1720 1494 1786 ipsum,
1527 1718 1903 1774 occludemus.

437 1817 526 1871 ‘26.
562 1816 676 1870 llae
708 1827 892 1868 autem
924 1828 954 1866 a
984 1810 1148 1866 nobis
1182 1810 1382 1879 reiecta
1415 1808 1617 1879 duplici
1653 1808 1943 1877 pravitate,
1979 1803 2019 1853 Β

362 1911 460 1964 eui
512 1909 566 1963 in
622 1904 1005 1976 superioribus
1079 1901 1310 1974 quintus
1361 1902 1675 1971 assignatus
1725 1907 1809 1955 cst
1868 1900 1950 1954 lo-

370 2015 490 2063 cus,
548 2006 602 2054 et
647 1996 811 2051 etiam
862 1996 966 2050 ista
1018 2007 1142 2064 qua:
1190 1999 1314 2061 post
1379 1992 1552 2060 ipsam
1601 1991 1656 2044 in
1720 2003 1949 2045 numero

370 2102 526 2148 sexto
570 2090 743 2161 posita
774 2097 880 2151 est,
927 2086 1086 2158 juxta
1119 2099 1284 2156 quam
1319 2098 1348 2136 a
1379 2083 1602 2136 doctore
1629 2080 1787 2137 abest
1819 2081 1949 2136 doc-

372 2188 527 2241 trime
558 2194 798 2255 systema
852 2181 1068 2251 (omitto
1116 2177 1264 2233 enim
1302 2176 1449 2232 illam
1494 2174 1713 2245 longius
1760 2187 1949 2230 recor-

369 2279 536 2347 dari),
561 2277 615 2331 in
643 2283 898 2345 quartum
928 2269 1247 2327 necessario
1274 2269 1603 2332 incidemus,
1634 2277 1695 2321 ut
1723 2267 1949 2337 polliciti

372 2383 584 2432 sumus,
609 2376 664 2421 et
685 2364 1044 2436 iuquiremus,
1072 2376 1141 2415 an
1173 2360 1379 2439 aliquid
1410 2359 1538 2412 boni
1569 2359 1834 2413 facientes
1861 2357 1947 2412 vel

371 2462 633 2517 dot-entes
668 2473 773 2512 non
801 2456 1062 2527 pudorem
1096 2449 1516 2508 excitaverimus
1531 2465 1719 2505 eorum
1757 2448 1844 2518 qui
1883 2448 1949 2504 ad

373 2549 717 2618 disciplinam
741 2548 900 2602 nobis
924 2545 1117 2601 crediti
1141 2551 1288 2597 sunt.
1320 2540 1387 2595 Et
1407 2556 1508 2609 ego
1539 2541 1752 2608 quidem
1778 2539 1950 2593 multa

376 2660 475 2695 me.
501 2641 698 2695 iecisse
720 2647 775 2694 et
821 2637 889 2693 ad
912 2634 1215 2690 doctrinam
1236 2632 1535 2703 protulisse
1572 2640 1700 2701 puto
1727 2647 1741 2696 ;
1767 2640 1820 2687 et
1856 2631 1947 2699 qui

377 2737 493 2788 vult
527 2748 681 2788 meus
713 2728 1063 2784 adversarius
1110 2741 1255 2791 esse,
1292 2734 1458 2780 acuat
1506 2726 1770 2793 linguam,
1809 2724 1950 2779 sicut

375 2837 428 2880 et
473 2840 682 2881 ensem.
713 2821 781 2874 ad
831 2832 1103 2890 apertum,
1137 2828 1194 2872 et
1223 2832 1323 2886 ego
1355 2816 1655 2871 obtundam
1684 2830 1806 2871 eam
1843 2829 1949 2869 non

376 2921 428 2971 in
470 2929 579 2972 tres
606 2915 693 2969 vel
719 2921 961 2984 quatuor
1003 2922 1187 2981 partes
1221 2910 1641 2978 disrumpendo,
1676 2907 1951 2977 prmbente

380 3009 486 3063 Deo
528 3008 846 3078 potentiam,
878 3004 969 3058 sed
1002 3003 1164 3061 etiam
1218 3002 1273 3056 in
1309 3011 1524 3057 atomos
1571 3001 1945 3063 attenuaudo;

2038 517 2098 569 τὸ
2126 516 2376 585 ἔγκλημα
2424 514 2603 569 τοῦτο.
2656 516 2729 570 Οὐ
2762 517 2868 586 γὰρ
2901 517 2966 571 ἄν
3011 535 3114 583 τις,
3147 516 3271 572 οῦτε
3317 520 3385 573 τὰ
3416 524 3610 593 ἱμάτια

2038 606 2359 678 διαρρἡας,
2396 605 2520 658 οὔτε
2547 608 2645 676 τὴν
2672 606 2916 676 κεφαλὴν
2938 609 3258 678 γυμνώσας,
3281 610 3407 666 οὔτε
3432 614 3492 667 τδ
3518 620 3611 687 μέ,

2038 714 2221 750 τωπον
2262 697 2770 767 παρατριψάμενοτ,
2825 699 2944 753 οὐδὲ
2980 700 3087 771 μὴν
3126 701 3606 774 ἀναιδευσάμενος,

2039 791 2342 863 ἐπικαλέσῃ
2384 793 2515 863 ἡμῖν
2563 791 2685 845 οὔτε
2722 792 2782 844 τὸ
2832 792 3114 863 προσεχῶς
3159 795 3470 867 ἀπόϐλητον
3516 819 3611 854 κα-

2041 880 2156 945 κὸν,
2187 878 2286 949 τὴν
2336 879 2394 933 ἐν
2443 897 2502 933 τε
2550 881 2814 952 πράξεσιν
2863 882 2920 934 ἒν
2947 899 3004 934 τε
3058 884 3242 952 λόγοις
3279 886 3608 962 δαιμονιιίδη

2042 972 2570 1043 ἑτεροδιδασκαλῖαν,
2623 973 2744 1026 οὐδὲ
2781 974 2907 1045 μὴν,
2958 975 3032 1037 ὡς
3078 975 3204 1029 οὔτε
3247 980 3608 1051 ἐποιήσαμεν,

2039 1065 2163 1120 οὔτε
2194 1067 2514 1137 ἐδιδάξαμεν
2541 1068 2744 1135 ἀγαοδν
2770 1068 2919 1122 οὐδὲν
2946 1071 3004 1122 ὲν
3024 1071 3136 1134 τοῖς
3160 1071 3283 1126 καθ’
3311 1075 3457 1143 ἡμᾶς
3487 1071 3612 1142 ᾆδε,

2041 1156 2373 1229 ὀκνηρίαςῆ
2418 1157 2659 1228 ἀμαθίας
2707 1157 2873 1228 λόγῳ,
2910 1159 2944 1231 ἢ
2994 1159 3120 1213 καθ’
3177 1162 3391 1232 ἑτέραν.
3432 1163 3500 1235 ἢν
3550 1166 3616 1219 ἂν

2044 1252 2256 1323 ἐξεύροι
2286 1271 2388 1315 τις,
2423 1253 2623 1308 αἰτίαν.
2658 1254 2721 1308 Εἰ
2750 1254 2805 1307 δέ
2850 1270 2933 1318 τις
2963 1255 3211 1320 διάϐολος
3255 1256 3331 1310 ὢν
3372 1258 3618 1329 ἀπεθρα-

2045 1344 2264 1417 συνθείη
2307 1345 2432 1399 καθ’
2474 1344 2631 1416 ἡμῶν
2664 1348 2721 1409 ἐς
2773 1347 3029 1401 τοσοῦτον
3078 1349 3459 1418 ἀποφάνσεως,
3504 1351 3613 1405 ἰδοὺ

2044 1435 2256 1506 καιρὸς,
2298 1439 2391 1491 καὶ
2420 1435 2583 1500 αὐτὸς
2632 1438 2732 1509 μὲν
2761 1441 3160 1509 καταχασκέτω
3184 1458 3198 1471 ·
3233 1443 3393 1512 ἡμεῖς
3429 1444 3484 1496 δὲ
3513 1462 3618 1496 πα-

2045 1528 2356 1600 ραϐύσομεν
2384 1529 2458 1598 τῷ
2479 1531 2720 1601 χάσματι
2753 1532 2820 1583 τὰ
2849 1533 2912 1584 ἐκ
2937 1530 3071 1585 Θεοῦ
3109 1534 3503 1604 ὲμφράγματα,
3537 1530 3618 1599 οἷς

2045 1625 2140 1677 καὶ
2170 1622 2417 1692 στόματα
2446 1622 2679 1677 λεόντων
2707 1623 2853 1691 ἀργὰ
2905 1626 3111 1686 ἐκεῖνος
3141 1626 3289 1676 ποιεῖ
3334 1625 3617 1678 ἀπεσθίειν

2044 1711 2170 1774 τοὺς
2198 1711 2613 1785 τεθαρρηκότας
2644 1713 2816 1782 αὐτῷ.

2119 1810 2233 1867 κς’.
2266 1804 2484 1875 Ταύτης
2533 1806 2588 1859 δὲ
2630 1806 2728 1875 τῆς
2776 1806 3046 1877 δισχιδοῦς
3097 1808 3435 1877 φαυλότητος
3481 1809 3619 1861 ἀπο-

2051 1896 2402 1966 φασκομένης
2426 1896 2606 1968 ἡμῶν,
2629 1893 2695 1970 ἦς
2724 1898 2750 1950 ό
2784 1898 2945 1962 τόπος
2977 1900 3034 1952 ἐν
3061 1901 3173 1961 τοῖς
3202 1901 3461 1971 ἀνωτέρω
3481 1901 3623 1971 πέμ-

2052 2005 2186 2051 πτος
2218 2005 2303 2052 τις
2358 1987 2585 2059 ἐτάχθη,
2635 1990 2723 2042 ναὶ
2760 1989 2868 2062 μὴν
2906 1990 3000 2046 καὶ
3048 1991 3146 2061 τῆς
3179 1991 3299 2062 μετ’
3344 1992 3515 2062 αὐτὴν
3561 1994 3620 2045 ὲν

2051 2079 2270 2151 ἀριθμῷ
2298 2080 2464 2152 ἕκτῳ,
2497 2080 2621 2136 καθ’
2654 2084 2720 2152 ἢν
2748 2082 2899 2148 ὄντος
2928 2084 3020 2138 τοῦ
3048 2085 3396 2150 διδάσκοντος
3423 2085 3618 2140 ἄπεστι

2048 2169 2109 2224 τὸ
2140 2170 2527 2241 διδασκόμενον
2573 2172 2827 2245 σύστημα
2856 2175 3019 2243 (ὀκνῶ
3051 2176 3158 2248 γὰρ
3196 2176 3277 2242 είς
3311 2176 3473 2231 πλέον
3503 2178 3621 2230 ἐπι-

2053 2267 2360 2340 μνησθῆναι
2394 2267 2611 2340 αὐτῆς),
2649 2269 3019 2341 ὲπιόαλοῦμιν
3067 2270 3381 2341 ἀναγκαίως
3414 2271 3620 2343 cipe:—

2049 2361 2258 2432 τάρτῳ,
2288 2360 2433 2414 καθὰ
2468 2361 2852 2433 ὑπεσχήμεθα,
2889 2362 2984 2416 καὶ
3028 2362 3459 2434 ὲπελευσὸμεθα,
3488 2365 3540 2417 εῐ
3567 2364 3618 2417 τί

2054 2470 2154 2506 που
2187 2452 2351 2507 καλὸν
2382 2452 2415 2522 ἢ
2443 2452 2725 2516 ποιοῦντες
2755 2453 2787 2525 ἢ
2816 2454 3160 2521 διδάσκοντες
3186 2457 3246 2509 οὐ
3273 2456 3620 2530 κατῃσχύνσ-

2054 2563 2154 2615 μεν
2205 2545 2330 2609 τοὺς
2380 2549 2459 2611 εἰς
2511 2545 2816 2617 μαθητείαν
2872 2549 3416 2618 ἐμπεπιστευμένους
3464 2552 3616 2622 ἡμῖν.

2052 2638 2163 2690 Καὶ
2194 2636 2302 2703 ἐγὼ
2333 2638 2431 2708 μὲν
2473 2634 2627 2708 οἶμαι
2668 2637 2842 2691 πολλὰ
2871 2640 2964 2693 καὶ
3005 2640 3383 2709 πεποιηκέναι,
3418 2646 3509 2695 καὶ
3541 2644 3619 2707 είς

2050 2727 2403 2781 διδασκαλίαν
2445 2728 2883 2798 προτεθεικέναιο
2930 2733 3024 2786 καὶ
3075 2733 3101 2783 ὁ
3148 2729 3316 2784 Οέλρον
3354 2734 3620 2800 ἐνστάτης

2052 2821 2178 2890 ipf);
2210 2820 2463 2889 γενέσθαι
2520 2821 2802 2892 στομούτω
2840 2824 2939 2894 τὴν
2983 2824 3257 2892 γλῶσσαν,
3292 2821 3379 2879 οἶα
3412 2828 3504 2879 καὶ
3541 2827 3618 2891 ξί-

2054 2932 2172 2984 φος,
2223 2917 2301 2978 εἰς
2355 2915 2618 2985 ἐμφανὲς,
2671 2917 2763 2969 καὶ
2808 2915 2917 2984 ἐγὼ
2957 2918 3300 2988 ἀπαμόλυνῶ
3363 2920 3616 2989 αὐτὴνοῦ

2054 3007 2250 3077 τριχῢὰ
2275 3008 2368 3060 καὶ
2385 3007 2656 3078 τετραχθὰ
2675 3008 2994 3080 διαθρύψας,
3020 3010 3443 3080 ὲνδυναμοῦντος
3464 3013 3616 3080 Θεοῦ,

374 3119 489 3156 non
514 3101 659 3155 enim
685 3097 819 3153 mihi
851 3096 933 3152 sic
958 3096 1211 3150 inutilem
1243 3110 1368 3149 esse
1413 3094 1633 3150 servum
1660 3092 1780 3162 eius
1812 3106 1947 3145 con-

2058 3100 2194 3153 ἁλλὰ
2228 3100 2321 3153 καλ⁵
2375 3102 2450 3164 είς
2486 3102 2721 3170 ἀτόμους
2771 3101 3153 3164 ἁπολεπτύνας
3180 3119 3195 3133 ·
3231 3103 3291 3155 ού
3337 3103 3445 3175 γάρ
3479 3104 3618 3158 οὕτω

376 3208 591 3248 cessum
647 3200 753 3257 est,
800 3198 857 3243 ut
906 3188 1258 3258 imperfectus
1310 3186 1493 3241 lierem
1532 3185 1598 3240 ad
1649 3186 1853 3248 omnia,
1900 3193 1954 3236 et

378 3283 515 3337 nihil
548 3283 635 3335 hic
664 3279 1031 3350 prmsentibus
1066 3293 1242 3333 essem
1280 3276 1448 3331 utilis.
1479 3276 1534 3330 Si
1560 3290 1689 3330 vero
1723 3274 1951 3328 ﬁrmiter

374 3375 431 3426 in
497 3373 799 3427 certamine
865 3368 1139 3424 contendo
1210 3382 1296 3422 me
1358 3366 1559 3436 duplex
1622 3364 1952 3435 participare

377 3472 604 3529 bonum,
663 3463 841 3518 facere
895 3461 1109 3517 scilicet
1159 3475 1223 3515 ac
1279 3460 1496 3524 docere,
1546 3472 1655 3513 non
1727 3456 1951 3511 omnino

378 3558 604 3612 cuilibet
650 3553 966 3609 adversanti
997 3552 1246 3609 cederem
1281 3551 1416 3605 mibi
1448 3564 1552 3605 non
1581 3562 1707 3603 esse
1739 3554 1949 3617 partem

378 3662 502 3700 cum
547 3643 904 3715 operantibus
959 3650 1013 3695 et
1061 3640 1142 3694 sic
1188 3640 1243 3694 in
1294 3638 1573 3708 operando
1603 3635 1949 3691 dOrentibus.

384 3738 481 3792 Ubi
511 3738 653 3789 enim
690 3734 893 3804 duplex
921 3741 1027 3797 est,
1060 3731 1136 3786 ibi
1170 3745 1388 3800 quoque
1423 3740 1511 3786 est
1559 3727 1812 3797 simplex.
1844 3727 1948 3781 lta-

381 3845 507 3898 que,
559 3827 602 3881 si
652 3824 874 3879 fecerim
936 3838 1000 3876 ac
1038 3820 1350 3885 docuerim,
1385 3820 1506 3888 quis
1555 3833 1706 3873 sanae
1750 3816 1949 3871 mentis

383 3917 614 3971 iacit-udi
652 3915 822 3986 gloria
868 3929 952 3967 me
984 3912 1145 3966 Vellet
1182 3911 1463 3977 orbatum,
1513 3912 1606 3981 qui
1639 3922 1949 3976 consequor

383 4030 548 4067 unum
583 4023 636 4066 et
660 4074 661 4081 η
684 4010 917 4063 alterum
952 4008 1220 4062 comitaus
1248 4003 1464 4057 fortiter
1510 4002 1704 4057 teneo?
1731 4000 1788 4054 Si
1819 4015 1949 4054 vero

379 4107 504 4175 quis
583 4103 742 4157 modo
818 4098 1125 4170 expositam
1188 4097 1563 4166 duplicitatem
1644 4096 1946 4165 explicans,

382 4211 467 4249 res
516 4202 737 4249 nostras
788 4190 990 4244 rationi
1020 4190 1266 4259 subjicit,
1313 4188 1472 4258 quasi
1511 4203 1608 4243 nos
1637 4187 1705 4241 ad
1744 4189 1946 4242 bonum

377 4305 486 4343 non
506 4286 747 4357 duplicia
766 4283 1463 4356 conjutigantus(docentes
1482 4282 1701 4352 quidem
1722 4282 1947 4347 bonum,

380 4399 485 4435 non
520 4390 703 4436 autem
736 4393 792 4435 et
819 4379 1137 4447 facientes),
1169 4377 1430 4432 ascendat
1461 4377 1624 4429 etiam
1663 4375 1728 4430 ad
1761 4374 1952 4445 hujus-

2058 3193 2538 3263 παρακεχώρημαι
2569 3195 2789 3262 ἀχρεῖος
2823 3195 3079 3263 γενέσθαι
3104 3194 3289 3258 δοῦλος
3328 3195 3512 3258 αὑτοῦ,
3543 3197 3616 3260 ὡς

2054 3282 2354 3352 ἀσυντελὴς
2382 3282 2655 3349 ἁπιϐἧειαι
2685 3284 2828 3338 κατὰ
2849 3286 2910 3337 τὸ
2946 3287 3073 3349 πᾶν,
3104 3286 3198 3338 καὶ
3228 3286 3306 3349 είς
3336 3287 3486 3338 οὐδὲν
3509 3288 3618 3350 τοῖς

2051 3370 2284 3423 ἐνταῦθα
2317 3372 2603 3442 χρήσιμος.
2639 3372 2701 3424 Εἰ
2732 3372 2797 3442 δὴ
2828 3374 2921 3427 τοῦ
2952 3373 3297 3439 διπλάζοντος
3322 3376 3488 3428 καλοῦ
3522 3366 3617 3446 μεὲ

2050 3461 2228 3532 τέχειν
2266 3461 2703 3533 ὲπαγωνίζομαι,
2738 3463 2833 3517 τοῦ
2875 3466 2971 3520 καὶ
3007 3467 3230 3537 ποιῆσαι
3260 3468 3355 3521 καὶ
3389 3469 3614 3537 διδάξαι,

2051 3553 2153 3607 οὐκ
2180 3554 2244 3607 ἂν
2271 3553 2492 3618 πάντως
2528 3555 2870 3628 ύπεκσταίην
2903 3557 3080 3611 οὐδενὶ
3104 3560 3504 3627 ἀντιπίπτοντι,
3545 3563 3616 3627 ὡς

2049 3644 2148 3696 οὐκ
2199 3644 2347 3698 ἐστιν
2379 3644 2503 3715 ἐμοὶ
2538 3645 2696 3716 μερὶς
2733 3646 2825 3699 καλ⁸
2872 3648 3012 3718 μετὰ
3042 3648 3149 3702 τῶν
3199 3651 3497 3705 ποιούντων
3526 3652 3615 3706 xxi

2050 3734 2190 3788 οὕτω
2222 3735 2584 3792 διδασκόντων
2618 3741 2675 3791 ὲν
2704 3737 2781 3809 τῷ
2826 3742 3029 3793 πονεῖν.
3062 3741 3235 3796 Ὅπου
3284 3744 3392 3813 γὰρ
3430 3748 3489 3797 τὸ
3541 3745 3615 3798 δι-

2051 3827 2243 3893 πλοῦν,
2273 3829 2390 3880 ἐκεῖ
2421 3829 2640 3893 πάντως
2687 3831 2869 3885 καὶτὸ
2919 3830 3143 3888 ἁπλοῦν.
3188 3833 3398 3887 Οὐκοῦν
3439 3832 3488 3889 εἲ
3525 3835 3617 3889 καὶΙ

2051 3920 2286 3991 ἐποίησα
2342 3920 2435 3973 καὶ
2462 3920 2700 3986 ἐδίδαξα,
2750 3923 2831 3987 τίς
2871 3922 2937 3977 ἂν
2970 3926 3218 3996 ἐχέφρων
3267 3929 3616 4003 ἀποστερήσῃ

2054 4029 2122 4084 με
2152 4015 2248 4083 τῆς
2278 4013 2371 4066 τοῦ
2410 4016 2586 4068 ποιεῖν
2636 4014 2998 4085 ὲνδοξὸτητος,
3033 4018 3091 4081 ὃς
3122 4017 3217 4071 καὶ
3266 4021 3430 4073 αὐτοῦ
3467 4038 3617 4092 περι-

2052 4104 2276 4175 έπσμαι,
2307 4106 2403 4160 καὶ
2429 4105 2523 4158 τοῦ
2552 4107 2991 4177 συνεφεπομένου
3017 4108 3071 4161 δὲ
3103 4110 3403 4182 ἀντέχομαι
3429 4129 3444 4178 ;
3476 4113 3537 4166 Εἰ
3562 4113 3614 4167 δέ

2054 4215 2138 4262 τις
2166 4199 2263 4267 τὴν
2293 4199 2687 4270 ὲκτεοειμένην
2716 4199 2842 4271 ἄρτι
2872 4200 3096 4272 διπλόην
3121 4204 3503 4274 ἀναπτύσσων,
3532 4207 3617 4260 λο-

2052 4289 2292 4358 γιστεύει
2323 4291 2390 4342 τὰ
2424 4291 2545 4344 καθ’
2567 4292 2737 4361 ἡμᾶς,
2766 4291 2840 4354 ὡς
2871 4293 2949 4364 μὴ
2979 4293 3340 4365 δυαζομένους
3368 4299 3446 4361 εἰς
3481 4301 3614 4366 ἀγα-

2053 4379 2146 4432 θὸν
2201 4381 2496 4449 (διδάσκειν
2552 4381 2651 4451 μὲν
2690 4381 2801 4453 γὰρ
2850 4382 2910 4435 τὸ
2959 4384 3143 4454 καλὸν,
3176 4384 3235 4437 ού
3270 4384 3379 4457 μὴν
3424 4387 3480 4440 δὲ
3527 4388 3618 4441 καὶ

378 4476 522 4529 modi
546 4488 846 4539 certamen,
872 4479 928 4526 et
957 4471 1013 4524 in
1042 4484 1128 4524 me
1151 4477 1358 4539 spectet
1396 4468 1756 4534 sacerdotem,
1786 4468 1947 4523 malis

2056 4476 2275 4544 ποιεῖν),
2302 4474 2559 4544 ἀναϐήτω
2606 4475 2704 4527 καὶ
2726 4477 2804 4538 εἰς
2832 4475 3070 4529 τοιοῦτον
3100 4477 3307 4544 ἀγῶνα,
3357 4482 3453 4532 καὶ
3487 4460 3629 4534 θεωἠ

376 4566 593 4635 quidem
644 4563 901 4618 erunibus
949 4561 1157 4618 artibus
1190 4560 1429 4632 undique
1463 4572 1804 4631 coopertum,
1850 4563 1945 4617 sed

374 4658 517 4710 bona
546 4658 829 4709 docentem
858 4671 871 4719 ;
932 4662 988 4708 et
1034 4667 1134 4723 ego
1190 4652 1412 4722 quidem
1447 4653 1653 4709 desisto
1688 4666 1951 4708 concessa

376 4747 778 4816 prepositioue,
808 4743 952 4814 quod
979 4744 1121 4799 bona
1160 4743 1384 4799 doceam
1412 4746 1578 4800 simul
1613 4753 1668 4800 et
1697 4746 1949 4811 educear,

376 4840 647 4909 siquidem
674 4838 796 4892 vit-.e
821 4846 1032 4906 tempus
1052 4837 1387 4893 extenditur.
1412 4838 1534 4908 Ipse
1566 4854 1693 4893 vero
1728 4839 1952 4892 detnon-

374 4942 516 4985 szret
544 4930 596 4983 in
630 4929 766 4983 meis
797 4928 1057 4996 operibus
1091 4928 1379 4996 malitiam,
1407 4938 1467 4983 ut
1490 4930 1793 4999 perfectum
1819 4929 1951 4983 mihi

379 5029 589 5074 bonum
648 5020 705 5073 in
737 5019 1021 5074 dimidium
1054 5020 1326 5091 ,rcdigat.
1373 5019 1438 5074 Et
1474 5021 1521 5076 si
1570 5030 1628 5074 tu
1672 5021 1950 5074 adversari

375 5130 484 5168 non
521 5112 687 5180 vales,
718 5111 996 5167 abduxisti
1050 5111 1146 5166 tibi
1183 5112 1562 5181 nigredinem;
1597 5112 1641 5167 si
1676 5128 1801 5166 vero
1831 5129 1950 5182 qua:

295 5232 300 5241 ι
376 5209 583 5261 iaciunt
614 5206 680 5259 ad
714 5203 1238 5259 demonstrationem
1285 5213 1463 5272 potes,
1496 5211 1628 5257 tunc
1657 5203 1948 5258 adversum

377 5309 428 5350 te
489 5296 757 5368 judicium
833 5292 1078 5363 proferet
1151 5308 1369 5348 sacrum
1438 5293 1834 5363 Evangelium,
1897 5301 1952 5347 et

372 5383 860 5455 exprobrabitdtbi,
888 5382 1123 5436 diversis
1143 5382 1210 5437 de
1233 5384 1503 5449 causis,et
1522 5398 1585 5436 eo
1609 5383 1752 5450 quod
1793 5398 1952 5451 opor-

372 5488 520 5529 teuat
546 5485 607 5529 te
644 5482 842 5528 cuneta
881 5489 1004 5542 qua:
1041 5487 1141 5541 ego
1192 5475 1364 5528 doceo
1422 5474 1625 5536 facere,
1665 5489 1782 5528 mea
1826 5491 1952 5531 vero

369 5584 534 5637 opera
582 5585 689 5621 non
735 5567 961 5620 imitari.
995 5565 1310 5622 Praescribit
1345 5579 1524 5621 autem
1554 5568 1646 5621 tibi
1694 5583 1946 5638 arguere,

367 5672 424 5714 et
465 5662 888 5730 reprehendere,
921 5672 975 5714 et
1003 5662 1306 5726 exhortari,
1346 5674 1399 5717 et
1452 5663 1533 5717 sic
1571 5678 1692 5732 quae
1738 5664 1950 5718 ducunt

370 5751 438 5804 ad
497 5766 669 5805 meam
734 5751 1126 5809 correctionem
1210 5756 1493 5826 adbibere,
1582 5772 1688 5812 nou
1772 5766 1949 5814 tamen

2057 4567 2221 4638 ρείτω
2250 4585 2314 4637 με
2345 4569 2424 4631 εἰς
2456 4570 2626 4638 ἱερέα,
2654 4570 2844 4631 κακοῖς
2881 4569 2980 4638 μὲν
3009 4567 3213 4622 ἅπασιν
3238 4571 3617 4641 ἀποτελέσμα-

2055 4676 2140 4713 σιν
2174 4660 2468 4730 ἔμφορτον,
2519 4660 2840 4715 διδάσκοντα
2867 4660 2935 4729 ¹δίε
2983 4661 3164 4729 ἀγαθά
3191 4678 3204 4693 ο
3239 4666 3336 4719 καὶ
3380 4664 3491 4732 ἐγὼ
3521 4664 3616 4733 μὲν

2054 4751 2245 4821 ἀπορῶ
2270 4751 2552 4821 λήμματος
2586 4743 3025 4823 ὁμολογούμενον
3058 4751 3154 4806 τοῦ
3188 4753 3372 4821 ἀγαθὰ
3419 4757 3510 4807 καὶ
3544 4754 3619 4806 δι-

2051 4840 2275 4896 δάσκειν
2307 4845 2402 4896 καὶ
2435 4843 2749 4907 διδάξασθαι
2774 4843 2856 4908 δὲ,
2889 4843 3047 4915 εἴπερ
3077 4847 3105 4899 ὁ
3131 4845 3323 4915 χρόνος
3350 4846 3449 4913 τῆς
3478 4844 3618 4913 ζωῆς

2056 4935 2446 5004 παρατείνεται
2520 4937 2682 4999 αὐτὸς
2723 4937 2780 4991 δὲ
2823 4939 3087 4992 δεικνύτω
3115 4940 3214 5008 τὴν
3237 4939 3295 4991 ὲν
3325 4942 3438 5002 τοῖς
3470 4941 3620 5007 ἐμοῖς

2053 5028 2234 5099 ἔργοις
2261 5030 2486 5095 κακίαν,
2524 5030 2613 5083 ἵνα
2648 5030 2709 5084 τὸ
2739 5016 2945 5086 τέλεῖόν
2974 5049 3065 5103 μοι
3097 5031 3300 5099 ἀγαθὸν
3330 5033 3410 5094 εἰς
3447 5031 3618 5102 ἥμισυ

2053 5123 2395 5190 καταστήσῃ.
2434 5121 2541 5173 Καὶ
2570 5121 2617 5172 εί
2653 5121 2752 5191 μὲν
2785 5123 3167 5192 ἀδυνατήσεις,
3196 5116 3240 5174 ὦ
3264 5123 3328 5175 σὺ
3368 5120 3617 5184 ὲνστάτσ,

2053 5213 2355 5281 ἀπηνέγκω
2379 5213 2479 5280 τὴν
2512 5213 2772 5283 μέλαιναν
2793 5229 2805 5244 ⁸
2831 5214 2880 5267 εἰ
2908 5213 2964 5268 δὲ
2995 5214 3087 5267 καὶ
3117 5213 3430 5282 εὐτονήσεις
3453 5211 3521 5263 τὰ
3545 5212 3621 5271 εἰς

2052 5303 2350 5369 ἀπόδειξιν,
2383 5304 2736 5373 δικηγορήσει
2763 5303 3069 5375 τηνικαῦτα
3089 5305 3232 5357 κατὰ
3260 5302 3354 5354 σοῦ
3388 5302 3448 5355 τὸ
3480 5302 3621 5372 ἱερὸν

2053 5395 2094 5447 Ε
2132 5394 2409 5461 αῖγέλιον,
2439 5398 2532 5449 καὶ
2563 5396 2882 5466 ἐπιτιμήσει
2912 5394 3087 5459 ἄλλως
3110 5412 3169 5446 τε
3192 5391 3498 5462 πολλαχῶς,
3530 5391 3620 5443 καὶ

2051 5484 2141 5538 διὰ
2172 5483 2264 5537 τοῦ
2301 5485 2498 5555 χρῆναι
2527 5486 2704 5538 πάντα
2737 5488 2858 5556 μὲν,
2893 5487 2994 5540 ὅσα
3023 5484 3131 5553 ἐγὼ
3161 5484 3418 5545 διδάσκω,
3450 5482 3620 5533 ποιεῖν

2056 5591 2138 5638 σε,
2169 5575 2283 5637 τοῖς
2317 5574 2372 5626 δὲ
2404 5577 2555 5644 ἐμοῖς
2594 5576 2778 5647 ἔργοις
2820 5578 2894 5648 μὴ
2927 5576 3339 5631 ἐπακολουθεῖν.
3374 5576 3620 5645 Παρακε-

2052 5665 2266 5718 λεύετα;
2295 5664 2351 5717 δέ
2384 5682 2464 5719 σοι
2507 5668 2600 5719 καὶ
2642 5668 2701 5721 τὺ
2731 5670 2974 5738 ἐλέγξαι,
3008 5669 3102 5722 καὶ
3144 5667 3496 5738 ἐπιτιμῆσαι,
3531 5668 3620 5721 καὶ

2055 5754 2457 5824 παρακαλέσαι,
2505 5757 2595 5811 καὶ
2626 5755 2769 5813 οὕτω
2815 5758 3095 5830 φρονίμως
3136 5754 3618 5828 μεταχειρίσασθαι
