3982 6246
381 296 484 362 661

1294 305 1374 368 IN
1420 307 1477 368 S.
1513 307 2188 379 QUADBAGESIMAM
2219 312 2507 374 ORATIO
2540 312 2656 375 Ili.

3520 312 3635 376 662

387 407 597 502 ᾼυδίαν
632 407 802 479 λίθον,
857 414 951 468 καὶ
1003 415 1233 476 δύναται
1281 422 1350 477 δι’
1396 425 1567 497 αὐτῆς
1619 426 1957 496 βασανίζειν,

2071 433 2398 486 constabunt
2453 446 2576 502 qua:
2634 429 2930 501 legationis
2979 437 3034 486 et
3087 442 3210 501 qua
3265 426 3630 500 discipuialus

385 500 515 554 ὅσον
564 502 623 556 ιν
673 506 786 569 τοῖς
836 509 1104 575 τοιούτοις
1138 515 1408 585 νοήμασιν
1438 517 1791 590 ἀρῥύπαρον.
1836 522 1948 578 Καὶ

385 593 535 647 οὕτω
568 595 670 663 μὲν
694 601 754 651 έν
790 600 940 671 καλῷ
972 608 1382 679 καταστήσεται
1410 611 1479 664 τὰ
1509 614 1607 682 τῆς
1639 615 1752 667 εἴτε
1784 631 1953 685 πρεσ-

387 686 577 751 ϐείας,
622 690 732 744 εἴτε
791 695 1119 764 μαθητείας.
1165 700 1338 771 Πρινὴ
1383 703 1441 756 δὲ
1486 705 1732 759 τοιοῦτόν
1766 724 1822 762 τι
1853 723 1951 775 γε·

388 777 615 870 νέσθαι,
669 782 905 850 μάταιος
939 786 1098 858 δχλος
1152 791 1180 844 6
1214 792 1607 849 ἀποδυσπετῶν
1660 796 1771 850 εἴτε
1813 796 1953 868 πρὸς

386 865 738 956 διδάσκαλον,
769 874 882 928 εἴτε
924 878 1059 948 πρὸς
1092 879 1345 950 ἄγγελον.
1384 883 1496 937 Ούκ
1529 865 1870 956 ἀπεστάλην,
1908 878 1954 939 ὧ

389 953 569 1022 οὗτοι,
619 964 787 1032 κόλαξ
832 969 1093 1037 ἐνταῦθα,
1128 973 1205 1036 ὡς
1237 975 1576 1047 προσφέρειν
1602 975 1776 1031 ἅπασι
1799 953 1952 1048 ἱμαλ-

389 1053 596 1120 θακοὺς
623 1056 818 1128 λόγους
841 1064 937 1117 καὶ
955 1065 1103 1129 οἴους
1124 1068 1354 1137 τέρπειν
1378 1069 1540 1140 μόνον
1568 1070 1664 1123 καὶ
1694 1071 1953 1142 διαχέειν.

387 1146 567 1239 Τοῦτο
598 1151 717 1224 γὰρ’
747 1156 1108 1225 σκηνοδατεῖν
1147 1161 1263 1214 ἐστι
1293 1164 1635 1231 χορευτικῶς
1665 1168 1759 1221 καὶ
1789 1165 1957 1239 ὀρχηο

340 1291 353 1307 .
388 1237 616 1301 στικῶς·
643 1241 821 1305 ἄλλως
851 1243 908 1297 δὲ
959 1246 1136 1303 εἰπεῖν
1167 1248 1525 1323 ὺψηλότερον,
1555 1237 1832 1325 ἐχθραίνει
1864 1237 1958 1311 τόν

385 1327 525 1381 θεὸν
560 1330 642 1402 τῷ
686 1336 916 1406 τοιούτῳ
949 1338 1279 1414 διδασκάλῳ.
1315 1345 1495 1413 Κόλαξ
1534 1346 1632 1415 μὲν
1673 1347 1782 1419 γὰρ
1811 1348 1955 1415 ἅπας

386 1421 668 1491 ψεύδεται,
705 1427 885 1482 κοινὸν
921 1430 978 1484 δὲ
1027 1433 1180 1488 οὐδὲν
1223 1434 1410 1506 ψεύδει
1449 1455 1508 1491 τε
1541 1439 1634 1493 καὶ
1666 1438 1808 1510 Θεῷ·
1834 1441 1962 1494 ούκ-

384 1513 482 1662 35;
509 1515 701 1662 ἅὲσπερ
731 1520 854 1575 οὐδὲ
884 1524 912 1576 6
938 1523 1163 1598 ψευδὴς,
1197 1528 1373 1597 οὕτως
1399 1530 1522 1585 οὐδὲ
1557 1533 1583 1585 6
1608 1531 1778 1598 κόλαξ
1809 1534 1960 1603 φιλό-

420 1625 445 1660 ε
483 1627 509 1662 :
570 1629 672 1662 στι.

420 1612 509 1672 εὸς
538 1613 672 1669 ἔστι.

398 1724 410 1734 ·
461 1704 563 1762 λα’.
604 1710 910 1783 Μέμνημαι
952 1715 1045 1768 καὶ
1069 1717 1240 1781 αὐτὸς
1269 1716 1332 1771 ού
1368 1736 1423 1773 τι
1460 1720 1586 1774 νέον
1619 1739 1704 1791 γε,
1741 1721 1858 1777 ἀλλ’
1893 1720 1960 1775 ἑκ

2053 521 2548 592 sunt.Priusquam
2594 532 2773 581 autem
2809 522 2916 579 tale
2952 522 3082 594 quid
3112 521 3227 586 lat,
3267 522 3465 592 vulgus
3492 535 3644 573 vane

2053 612 2171 668 site
2235 613 2289 673 in
2352 613 2697 683 magistrum,
2747 614 2864 670 sive
2917 615 2971 669 in
3038 613 3270 671 missum
3325 610 3628 681 invehitur.

2053 703 2172 759 Non
2206 704 2335 769 huc,
2390 705 2596 760 credite
2636 706 2794 771 mihi,
2852 706 3056 762 missus
3109 719 3234 761 sum
3261 704 3536 769 adulator.
3571 710 3632 754 ιιι

2053 795 2311 852 omnibus
2341 797 2530 853 molles
2569 798 2871 867 proterrem
2921 813 3231 862 sermones,
3268 796 3337 852 ad
3367 795 3634 851 mulcen-

2055 889 2184 942 dum
2248 896 2303 944 et
2346 888 2755 943 dissolvendum
2809 888 3189 947 tantummodo
3236 888 3485 944 idoneos.
3515 885 3634 943 Hoc

2057 979 2204 1032 enim
2233 986 2319 1035 est
2367 978 2758 1036 choreutarum
2803 994 2866 1032 ac
2902 979 3272 1034 orchistarum
3308 976 3632 1051 proprium;

2057 1078 2316 1126 caeterum
2351 1083 2502 1133 vero,
2535 1079 2593 1123 ut
2624 1069 2820 1141 loquar
2864 1071 3160 1136 excelsius,
3205 1067 3371 1123 Deum
3403 1068 3507 1123 hoc
3537 1066 3635 1121 tali

2060 1162 2325 1232 magistro
2373 1160 2553 1223 reddit
2602 1161 2911 1216 inimicum.
2946 1162 3213 1217 Adulator
3256 1162 3401 1223 enim
3452 1158 3636 1219 omnis

2059 1254 2346 1319 mentitur,
2402 1263 2459 1311 et
2493 1253 2631 1308 nihil
2688 1253 2798 1315 Deo
2832 1269 2957 1308 cum
3006 1253 3293 1309 mendacio
3345 1268 3637 1308 commune

2059 1355 2165 1409 est,
2183 1346 2387 1417 itaque,
2408 1346 2866 1417 quemadmodum
2888 1361 3064 1417 neque
3082 1344 3335 1414 mendax,
3357 1345 3439 1402 sic
3457 1360 3636 1417 neque

2014 1481 2018 1485 -
2062 1442 2314 1498 adulator
2339 1443 2549 1499 amicus
2583 1441 2691 1496 Deo
2720 1450 2822 1496 est.

2135 1713 2223 1767 51.
2254 1707 2375 1781 Ipse
2402 1709 2625 1764 memini
2658 1722 2765 1763 non
2797 1723 2831 1763 a
2856 1707 3092 1777 recenti,
3115 1707 3209 1764 sed
3238 1721 3267 1761 a
3299 1705 3476 1777 longis
3504 1713 3643 1760 tem-

394 1799 626 1869 μακρῶν
658 1804 870 1874 χρόνων
915 1808 1106 1872 ἀθεῖας
1142 1810 1468 1882 κολακικῆς,
1500 1814 1952 1889 δημοσιευθείσης

2071 1804 2283 1873 poribus
2320 1800 2618 1869 impietatis
2651 1799 2994 1866 adulatoria,
3020 1799 3112 1854 in“
3139 1798 3357 1852 urbium
3401 1797 3640 1851 maxima

384 1891 445 1943 ὲν
470 1895 535 1962 τῇ
571 1897 803 1969 μεγίστῃ
822 1899 930 1953 τῶν
952 1902 1183 1971 πόλεων,
1211 1905 1301 1958 ὅτε
1330 1923 1413 1969 τις
1430 1908 1753 1978 ὲπίτριπτος
1784 1906 1952 1975 κόλαξ

390 1986 563 2055 μυρία
592 1988 872 2062 τολμήσας
910 1995 1238 2066 παράσημα,
1263 1995 1382 2053 εἶτα
1417 2001 1513 2054 καὶ
1549 2003 1633 2066 είς
1669 2000 1807 2055 Θεοῦ
1839 2001 1952 2055 υἱὸν

386 2080 662 2151 ἐνέγραψε
717 2082 809 2137 τὸν
868 2085 1327 2160 κολακευόμενον·
1380 2093 1616 2162 ὁπηνίκα
1664 2095 1692 2149 6
1735 2094 1801 2151 ὲκ
1852 2092 1953 2165 τῆς

400 2171 646 2236 Ἀτθίδος
670 2173 958 2248 λαμπτὴρ,
984 2179 1108 2244 τοὺς
1131 2184 1571 2255 πατριαρχικοὺς
1606 2185 1805 2240 ἰθύνων
1832 2186 1954 2240 οτα-

387 2279 515 2328 κας,
574 2266 921 2336 ὲπάμφαινεν
963 2269 1133 2342 ἄνδρα.
1182 2275 1416 2342 ἐκεῖνον,
1475 2278 1652 2349 μέγαν
1706 2277 1806 2338 μὲν
1860 2277 1955 2332 καὶ

387 2356 522 2428 ἀξίᾳ
569 2361 663 2411 καὶ
688 2359 840 2428 γένει
885 2363 981 2416 καὶ
1029 2363 1196 2433 λόγῳ,
1233 2365 1287 2419 εἰ
1335 2385 1420 2430 τις
1471 2364 1583 2421 οἶδε
1629 2368 1818 2439 μαθὼν
1862 2367 1954 2423 τὸν

387 2450 563 2504 πάλαι
607 2451 909 2520 Ἱκανάτον,
945 2455 1000 2519 6;
1053 2458 1151 2511 καὶ
1205 2459 1439 2514 ἐνταῦθα
1468 2461 1800 2532 προεκάθισε
1835 2460 1956 2515 60o-

389 2542 587 2609 κικῶς,
641 2547 975 2621 σμικρόνουν
1009 2550 1086 2615 δὲ,
1119 2545 1200 2613 οἷς
1241 2551 1666 2623 θεοποιούμενος
1701 2555 1956 2608 ἐπίστευε

388 2636 485 2689 καὶ
515 2637 848 2703 συνετίθετο,
889 2641 1067 2704 ἄλλως
1099 2641 1155 2699 δέ
1189 2661 1253 2712 γε
1295 2645 1390 2698 καὶ
1413 2645 1765 2716 ἀναίσθητον,
1797 2646 1957 2718 εἴπερ

396 2731 900 2807 κατατρωγόμενες
935 2734 1150 2805 κόλακι,
1184 2736 1361 2812 θηρίῳ
1391 2738 1633 2813 ὑπούλῳ,
1663 2740 1761 2795 ούκ
1790 2739 1960 2814 ᾐσθά-

386 2838 533 2877 νετο.

464 2915 567 2987 λβν.
628 2918 865 2991 Γράφειν
907 2920 1190 2991 μεθοδεύει
1244 2925 1272 2977 6
1320 2923 1487 2991 κόλαξ
1538 2926 1621 2990 είς
1658 2924 1960 2995 εὐεργέτην

386 3008 483 3063 τὸν
514 3008 768 3080 ἅρπαγα,
811 3012 904 3065 τὸν
934 3012 1126 3069 ἔκδικα
1155 3015 1369 3087 δρῶντα
1401 3018 1484 3080 εἰς
1526 3017 1842 3088 εὐθυδίκην,
1868 3020 1962 3074 τδν

388 3103 701 3173 δρογλύφον
744 3106 1057 3179 προσθέτην
1091 3109 1305 3180 γηδίου,
1341 3110 1429 3163 τὸν
1476 3110 1815 3180 τοκογλύφον
1856 3129 1962 3183 με-

2067 1895 2383 1965 ρτοβιιιειιτιι,
2416 1907 2539 1945 cum
2571 1891 2771 1960 aliquis
2825 1890 2977 1944 vafer
3009 1889 3289 1956 adulator,
3343 1897 3639 1957 postquam

2062 1987 2210 2042 mille
2241 1986 2419 2039 fuerat
2459 1999 2630 2040 ausus
2665 1993 2953 2047 extranea,
3001 1990 3346 2051 postremum
3377 1981 3542 2034 etiam
3581 1978 3640 2032 in

2065 2077 2162 2132 Dei
2212 2076 2383 2130 ﬁlium
2418 2073 2702 2144 inscripsit
2728 2074 3047 2143 adnlatum,
3105 2082 3237 2128 tunc
3264 2084 3388 2128 cum
3423 2070 3515 2125 illa
3554 2069 3644 2125 l‘ax

2060 2180 2128 2221 ex
2152 2164 2352 2230 Attica,
2387 2166 2753 2236 patriarcbica
2771 2166 3015 2237 dirigens
3035 2162 3429 2236 gubernacula,
3459 2162 3662 2231 splen“

2062 2256 2291 2312 descere
2352 2256 2481 2313 fecit
2530 2258 2686 2313 illum
2752 2256 3060 2324 hominem,
3116 2267 3373 2325 magnum
3420 2251 3643 2321 quidem

2064 2349 2354 2420 dignitate,
2412 2365 2611 2420 genere
2669 2359 2727 2405 et
2768 2362 3048 2412 sermone,
3106 2347 3152 2402 si
3193 2345 3318 2414 quis
3346 2342 3640 2412 antiquum

2063 2443 2275 2496 audivit
2304 2442 2658 2509 liicanatum,
2683 2441 2778 2513 qui
2806 2443 2999 2497 huicce
3021 2439 3242 2497 ducatui
3270 2435 3513 2509 praefuit,
3542 2450 3644 2504 pu-

2063 2535 2400 2592 sillanimem
2427 2543 2636 2599 autem,
2672 2535 2816 2604 quod
2847 2533 3135 2589 deiﬁeatus
3153 2530 3455 2587 adhibebat
3487 2526 3664 2580 tidem-

2066 2628 2426 2683 adulantibus
2485 2635 2541 2683 et
2590 2627 3025 2691 assentiebatur,
3053 2625 3279 2680 aliunde
3313 2636 3446 2677 vero
3496 2618 3653 2675 stoli-

2067 2723 2220 2791 dum,
2251 2721 2524 2792 siquidem
2563 2721 2631 2776 ab
2662 2719 2972 2787 adulatore,
3016 2717 3247 2773 subdola
3279 2714 3423 2781 fera,
3460 2727 3521 2770 se
3550 2724 3650 2767 vo-

2067 2827 2242 2871 ratum
2273 2829 2380 2869 non
2412 2812 2702 2869 sentiebat.

2134 2908 2227 2962 59..
2257 2905 2478 2978 Erigere
2510 2906 2650 2961 solet
2681 2904 2936 2959 adulator
2984 2903 3037 2958 in
3068 2899 3398 2965 beneﬁcum,
3455 2905 3653 2970 rapte-

2068 3014 2205 3065 rem,
2238 2999 2292 3053 iu
2322 3000 2558 3069 justum,
2609 2998 2702 3066 qtti
2756 2997 2889 3052 facit
2925 2996 3136 3069 iniqua,
3160 2996 3218 3050 in
3261 2994 3645 3064 adjuttclorem

2070 3093 2210 3160 agri,
2246 3092 2339 3162 qtti
2368 3091 2780 3161 transgreditur
2850 3087 3146 3152 terminos,
3198 3088 3255 3139 in
3293 3099 3643 3156 generosum,

387 3195 724 3267 γαλόδωρον,
757 3175 851 3253 τόν
900 3175 1167 3271 uspiaan
1211 3200 1529 3273 ἐπαινέτην.
1571 3175 1656 3255 Td
1691 3175 1789 3256 ὅλα
1832 3175 1960 3258 συν-

2071 3184 2453 3252 leneratorem,
2486 3184 2541 3238 in
2591 3184 2957 3249 laudatorem,
2986 3181 3079 3249 qui
3120 3181 3360 3249 loquitur
3384 3178 3646 3248 injurias.

389 3287 535 3343 ελεῖν
576 3291 653 3353 είς
688 3290 769 3347 ἓν.
821 3290 956 3362 πρὸς
987 3293 1392 3362 ἀντονομασίαν
1428 3293 1664 3351 ἔκτοπον
1698 3294 1954 3367 ἕλκεται,

391 3378 465 3434 δι’
503 3375 572 3453 ἧς
600 3381 813 3454 ἀρετῶν
861 3383 1122 3453 ὀνόμασιν
1171 3386 1225 3439 αί
1266 3384 1456 3441 κακίαι
1487 3386 1839 3457 σεμνύνοιντο
1870 3386 1959 3443 ἄν·

395 3469 459 3529 οὗ
506 3476 560 3529 τί
611 3493 743 3529 ποτε
776 3475 840 3528 ἂν
872 3476 957 3547 εἴη
1008 3477 1216 3549 χεῖρον.
1268 3477 1384 3546 εἴγε
1435 3478 1742 3546 ὑπάγονται
1785 3480 1880 3533 καὶ
1911 3477 1962 3531 oi

393 3565 632 3621 τοιοῦτοι
661 3566 724 3619 τὺ
763 3585 782 3618 ι
834 3565 993 3632 edat;
1045 3586 1063 3619 ι
1103 3567 1288 3620 ὁποίου
1342 3566 1744 3640 κληρονομοῦσι
1794 3568 1889 3622 καὶ
1916 3570 1965 3622 oi

395 3659 458 3712 τὸ
485 3657 684 3727 πικρὸν
715 3659 810 3711 καὶ
837 3660 887 3711 οἱ
913 3659 973 3712 τὸ
998 3658 1191 3723 σκότος
1220 3657 1436 3729 φαύλως
1470 3659 1959 3731 ἀντονομάζοντες.

402 3752 472 3804 Ὠ
500 3751 645 3804 πόσα
696 3751 794 3805 καὶ
821 3744 915 3807 οἷα
968 3752 1061 3807 καὶ
1120 3751 1290 3820 ἡλίκα
1328 3750 1396 3805 τὰ
1446 3752 1509 3805 ὲκ
1564 3752 1673 3805 τῶν
1721 3751 1968 3806 κολάκων

394 3840 584 3895 δειιὰί
635 3838 798 3910 Φῦμα
844 3843 973 3912 περὶ
1025 3840 1116 3894 τὸν
1156 3840 1613 3913 κολακευόμενον,
1658 3842 1755 3896 καὶ
1797 3841 1967 3914 ῥαγὲν

379 3928 594 4001 ξδδωδεν
645 3928 1046 4000 ἀποτρόπαιον·
1085 3931 1178 3984 καὶ
1206 3931 1234 3983 6
1270 3931 1438 3997 κόλαξ
1469 3933 1667 4005 νάρδου
1704 3935 1967 4004 πιστικῆς

385 4022 543 4099 ⁹μύζειν
568 4021 629 4075 τδ
657 4021 884 4094 τραῦμά
903 4040 1089 4093 φησιν.
1112 4024 1215 4079 Τὸν
1246 4025 1480 4098 ἀδρανῆ,
1511 4029 1605 4080 καὶ
1632 4023 1746 4081 οἷον
1774 4028 1966 4100 ἀνέμῳ

396 4113 777 4168 καταπνέοντα
826 4113 1173 4181 σκελίζεσθαι
1215 4118 1296 4181 είς
1329 4117 1555 4189 ἀνδρίαν
1597 4119 1835 4192 ἐπαίρει·
1871 4121 1968 4174 καὶ

396 4205 594 4276 ἔποχον
620 4206 771 4279 ἵππῳ
790 4206 1099 4270 ἀναπείσας
1121 4208 1402 4276 γενέσθαι,
1431 4206 1553 4264 εἶτα
1583 4210 1967 4265 καταπεσόντα

396 4299 460 4354 ού
495 4300 799 4371 μέμφεται,
823 4298 959 4353 ἀλλά
982 4299 1080 4372 τὴν
1105 4301 1398 4372 ἐφεστρίδα
1423 4305 1668 4358 αἰτιᾶται
1700 4302 1795 4356 τοῦ
1825 4301 1971 4356 πτώ-

403 4408 598 4463 ματος.
648 4390 772 4445 Κᾶν
810 4389 1034 4460 τραῦμα
1079 4389 1293 4444 ἐκεῖθεν
1330 4392 1495 4446 πάθοι
1543 4392 1606 4446 τὸ
1637 4393 1800 4464 σῶμα
1823 4433 1839 4458 ,
1875 4393 1971 4445 τὸν

2065 3281 2139 3354 Ut
2169 3281 2221 3334 in
2248 3295 2416 3334 unum
2451 3287 2646 3334 cuncta
2684 3277 2957 3343 colligam,
2994 3276 3049 3330 in
3078 3272 3517 3327 antonomasiam
3550 3273 3650 3323 ad-

2067 3372 2287 3428 ducitur
2308 3372 2647 3435 inusitatam,
2679 3385 2785 3439 qua
2821 3370 3086 3422 virtutum
3119 3364 3433 3419 nominibus
3464 3361 3648 3432 pravi-

2069 3471 2212 3517 tates
2249 3459 2582 3515 honorandae
2640 3458 2839 3511 forent.
2880 3455 3001 3522 Quo
3047 3453 3208 3525 pejus
3248 3451 3379 3523 quid
3413 3450 3649 3506 forsitan

2072 3561 2240 3617 esset,
2283 3553 2329 3607 si
2357 3551 2579 3623 quidem
2616 3559 2669 3606 et
2699 3549 2987 3619 subiacent
3042 3546 3136 3617 qui
3202 3545 3343 3601 tales
3376 3552 3528 3609 sunt,
3564 3542 3653 3597 illi

2072 3647 2194 3702 rm?
2224 3646 2384 3715 cujus
2437 3643 2607 3699 etiam
2657 3653 2867 3713 partem
2921 3640 3172 3694 obtinent
3203 3637 3296 3708 qui
3325 3635 3474 3708 quod
3499 3648 3653 3688 ama-

2070 3754 2196 3794 rmn
2261 3747 2318 3794 et.
2374 3738 2730 3793 tenebrosum
2770 3743 2857 3790 est
2902 3730 3344 3789 antonomastice
3387 3738 3443 3785 et
3499 3728 3648 3783 falso

2075 3840 2299 3888 vocant.
2321 3829 2400 3887 Ob
2422 3831 2443 3885 i
2469 3839 2603 3901 quot
2625 3840 2681 3885 et
2699 3828 2883 3899 qualia
2910 3836 3224 3899 quantaque
3253 3823 3394 3878 mala
3419 3824 3649 3877 veniunt

2075 3939 2143 3979 ex
2195 3923 2612 3981 adulatoribus!
2671 3921 2898 3977 Vomica
2932 3932 3102 3988 super
3142 3918 3425 3972 adulatum
3477 3922 3650 3970 estet

2077 4019 2326 4090 disrupta
2347 4019 2589 4086 graviter
2606 4017 2784 4081 foetet,
2806 4024 2862 4070 et
2879 4013 3131 4069 adulator
3145 4011 3394 4080 pisticam
3413 4005 3648 4063 nardum

2073 4115 2277 4171 vulnus
2303 4114 2453 4169 olere
2497 4110 2650 4165 dicit.
2687 4108 2821 4162 Eum
2855 4106 2947 4177 qui
2992 4104 3194 4159 debilis
3230 4109 3315 4158 est
3346 4111 3401 4156 et
3437 4100 3564 4156 talis
3589 4107 3651 4154 ut

2076 4219 2268 4264 contra
2284 4214 2509 4262 ventum
2528 4203 2831 4273 spirantem
2853 4198 3257 4268 supplantetur,
3282 4194 3337 4248 in
3357 4192 3645 4247 audaciam

2078 4298 2330 4363 extollit;
2384 4304 2436 4350 et
2486 4301 2781 4361 postquam
2834 4303 2981 4359 equo
3037 4288 3253 4341 ﬁrmum
3301 4285 3648 4339 insessurum

2079 4406 2204 4447 esse
2241 4389 2441 4451 suasit,
2467 4387 2679 4454 lapsum
2703 4396 2815 4437 non
2848 4379 3153 4450 redarguit,
3177 4377 3272 4432 sed
3299 4372 3645 4442 chlamydem

399 4483 608 4556 χιτῶνα
635 4481 820 4552 ψέγει,
852 4484 929 4548 ὡς
954 4482 1042 4538 οἶα
1073 4483 1304 4555 τραχὺν,
1339 4485 1435 4536 καὶ⁵
1471 4481 1616 4537 οὕτω
1650 4484 1748 4555 τὴν
1783 4484 1962 4554 σάρκα

2075 4485 2143 4541 de
2186 4497 2319 4538 casu
2375 4488 2658 4536 causatur.
2712 4475 2779 4531 Et
2814 4473 2903 4529 ubi
2934 4472 3131 4527 vulnus
3160 4469 3363 4525 exinde
3417 4479 3644 4539 passum

402 4575 714 4649 τρίψαντα·
750 4574 856 4629 κᾶν
911 4576 1164 4649 ἀπορῥυῇ
1211 4569 1383 4647 αἷμα,
1433 4575 1593 4630 τάσιν
1654 4577 1850 4647 μέλους
1885 4576 1968 4639 εἰς

407 4671 623 4744 μέμψιν
654 4670 1041 4741 προὸάλλεται,
1074 4670 1142 4725 δι’
1173 4664 1241 4743 ἦς
1285 4670 1507 4741 φλεδίου
1536 4671 1798 4741 ῥαγέντος
1829 4667 1970 4741 αἷμα

400 4762 690 4832 ἐξέκυψεν.
741 4763 832 4828 Ἐξ
886 4762 1195 4834 ἀνθρώπων
1248 4765 1275 4817 6
1323 4761 1492 4828 κόλαξ
1532 4763 1837 4833 γινόμενος,
1870 4763 1970 4815 οὐκ

407 4857 489 4918 είς
510 4855 714 4922 ἀγαθόν
743 4872 797 4907 τι
822 4854 982 4920 ζῶον,
1015 4854 1132 4909 ἀλλ’
1157 4856 1236 4920 εἰς
1266 4856 1479 4926 κόρακα
1505 4853 1969 4925 μεταπλάττεται.

403 4939 483 4997 Ἦ
523 4945 633 5015 γὰρ
681 4945 743 4998 ού
797 4945 994 5000 ταυτόν
1032 4962 1086 4998 τι
1131 4944 1202 4999 τὰ
1256 4946 1314 5009 ἐς
1363 4947 1584 5011 κακίαν,
1619 4943 1828 4998 κόλακα
1879 4945 1975 4999 καὶ

402 5038 620 5109 κόρακα
648 5040 849 5103 εἰπεῖν,
878 5039 1020 5093 κατὰ
1057 5039 1151 5093 τὸν
1185 5039 1363 5111 ὀρθῶς
1395 5039 1562 5093 πάλαι
1598 5038 1730 5092 ποτὲ
1759 5037 1973 5106 σκηψά-

407 5146 592 5200 μενον,
629 5129 726 5183 καὶ
759 5129 905 5200 ὀρθῷ
956 5130 1280 5202 τραυλισμῷ
1329 5131 1420 5184 τὸν
1455 5130 1664 5185 κόλακα
1698 5132 1848 5201 φωνῇ
1882 5128 1969 5182 κό-

407 5237 580 5291 ρακος
619 5221 1134 5293 ύποκορισάμενονς
1170 5223 1346 5294 Πολλή
1399 5240 1485 5286 τις
1516 5223 1749 5295 αἰσχύνη
1800 5221 1972 5293 ῥύπον

413 5314 516 5385 μὲν
563 5313 657 5367 ἐπὶ
707 5315 1004 5388 προσώπου
1045 5318 1283 5387 φανέντα
1313 5316 1466 5371 ὕδατι
1498 5317 1854 5382 ἀποπλύνειν,
1894 5317 1972 5388 μή

410 5423 529 5472 πως
560 5410 589 5463 6
622 5410 858 5479 φυσικὸς
914 5411 1245 5484 ἀχρειωθείη
1285 5416 1575 5485 χαρακτὴρ
1625 5408 1720 5465 τοῦ
1758 5410 1935 5471 εἴδους
1958 5426 1974 5441 ·

410 5497 649 5563 κόλακος
670 5500 727 5554 6‘s
758 5500 1074 5572 ἀνέχεσθαι,
1111 5491 1370 5574 ῥυπαρῶς
1402 5500 1978 5572 παραζωγραφοῦντος

409 5589 471 5641 ού
514 5590 676 5658 μόνον
706 5589 800 5645 τὸν
840 5591 947 5657 ἔξω
994 5590 1309 5663 ἄνθρωπον,
1359 5593 1494 5647 ἀλλὰ
1542 5595 1637 5645 καὶ
1683 5591 1776 5644 τδν
1801 5591 1975 5653 ἐντός.

409 5681 503 5753 Μὴ
533 5685 645 5756 γάρ
680 5685 780 5738 οὐκ
814 5684 1114 5740 ἀπόλλυσιν
1149 5686 1178 5738 6
1221 5685 1387 5752 κόλαξ
1431 5687 1527 5740 καὶ
1574 5685 1753 5757 ψυχὴν
1783 5684 1974 5756 αὐτὴν»

412 5775 684 5849 χρώματα
725 5776 929 5849 τρίϐων
978 5778 1209 5852 ἔκφυλα,
1261 5775 1341 5845 οἷς
1388 5780 1695 5851 χριομένοις
1729 5778 1974 5848 ὑπογρα-

2074 4577 2241 4633 fuerit
2271 4589 2494 4645 corpus,
2532 4571 2772 4626 tunicam
2811 4566 3019 4638 arguit,
3052 4576 3237 4635 utpote
3276 4562 3651 4623 hirsutam,“

2074 4673 2153 4730 sic
2192 4682 2415 4725 carnem
2464 4671 2871 4728 conterentem;
2932 4668 2987 4716 et
3019 4660 3065 4715 si
3095 4658 3321 4730 sanguis
3356 4652 3648 4720 efﬂuxerit,

2075 4762 2379 4819 tensionem
2409 4756 2643 4812 membri
2684 4763 2846 4809 vocat
2897 4731 2953 4807 in
2987 4750 3497 4821 reprehensionem,
3529 4755 3650 4802 tau-

2075 4871 2235 4928 quam
2267 4870 2363 4921 per
2416 4854 2565 4907 illam
2602 4861 2761 4920 rupta
2801 4862 2940 4903 vena
2986 4860 3150 4901 cruor
3199 4844 3404 4901 eti'usus
3444 4843 3535 4899 sit.
3571 4841 3650 4897 Ex

2075 4950 2387 5007 hominibus
2417 4947 2668 5001 adulator
2693 4953 2876 5008 natus,
2910 4957 3018 4996 non
3048 4941 3101 4994 in
3132 4939 3408 5010 quoddam
3440 4938 3648 4993 bonum

2078 5042 2302 5107 animal,
2377 5040 2472 5097 sed
2524 5039 2581 5093 lu
2654 5050 2882 5092 corvum
2939 5032 3394 5088 transformatur.
3454 5028 3648 5082 Nonne

2075 5137 2221 5193 enim
2271 5134 2479 5205 pariter
2544 5129 2876 5185 malitiosum
2933 5136 3021 5182 est
3076 5127 3319 5181 eolacem
3372 5120 3648 5192 (adulato-

2080 5234 2219 5295 rem)
2263 5233 2318 5276 et
2370 5236 2620 5276 coracetn
2675 5221 2884 5283 dicere,
2927 5225 3200 5293 quatenus
3252 5214 3453 5281 aliquis
3514 5208 3643 5263 olim

2079 5317 2222 5373 forte
2281 5322 2430 5370 recte
2480 5312 2709 5383 'tlngens
2770 5320 2824 5368 et
2894 5317 3042 5365 recte
3096 5306 3409 5361 balbutiens
3459 5315 3649 5356 evoce

2078 5407 2295 5465 coracis
2334 5403 2649 5462 blandicule
2710 5401 2996 5458 senuerit?
3048 5397 3304 5467 Magnum
3366 5392 3644 5464 quoddam

2078 5499 2437 5570 opprobrium
2507 5503 2629 5565 est,
2684 5494 2955 5548 maculam
3022 5489 3076 5544 in
3144 5487 3301 5542 vultu
3380 5499 3649 5553 apparen-

2083 5602 2189 5647 tem
2226 5591 2453 5646 abluere
2493 5601 2658 5656 aqua,
2707 5599 2776 5639 ne
2827 5582 3052 5654 physica
3094 5578 3280 5635 vultus
3323 5575 3502 5633 forma
3554 5574 3651 5631 de-

2080 5685 2281 5746 leatur,
2315 5681 2656 5735 adulatorem
2689 5690 2819 5733 vero
2864 5674 3165 5737 sustinere,
3199 5671 3292 5742 qui
3333 5684 3442 5726 non
3472 5668 3650 5725 solum

2082 5778 2365 5836 hominem
2400 5773 2751 5841 exteriorem,
2782 5766 2878 5829 sed
2896 5768 3060 5825 etiam
3086 5766 3405 5824 interiorem
3430 5759 3653 5822 sordide
