3884 6244
372 233 479 298 663

1077 239 1515 301 EUSTATIIII
1554 240 1852 303 THESSA
1865 243 2324 309 LONICENSIS
2360 248 2925 344 METBOPOLlT/E

3502 260 3600 324 6M

363 348 632 420 depingit.
664 347 859 403 Nonne
902 348 1046 402 enim
1098 350 1279 420 perdit
1328 348 1581 403 adulator
1633 358 1689 402 ct
1754 349 1926 419 ipsam

2052 353 2268 423 ρόμενος
2321 357 2638 426 ἀχρειοῦται
2684 363 2711 415 6
2758 363 2920 427 καλὸς
2967 365 3290 437 ὄνθρωποςς
3352 368 3414 422 '0
3470 382 3597 439 προς

360 443 624 505 animam,
660 452 950 498 extraneos
984 451 1276 496 conterens
1320 442 1555 504 colores,
1596 442 1798 511 quibus
1836 443 1930 497 ad-

360 533 552 587 hibitis
601 533 814 586 deletur
872 533 1113 587 hominis
1172 533 1525 601 pulchritudo
1555 533 1590 586 ?‘
1644 531 1746 599 Qui
1804 549 1927 587 cum

362 627 679 681 adulatione
728 626 1005 695 loquitur,
1064 625 1297 679 daemoni
1358 622 1768 686 subministrat,
1834 625 1926 694 qui

360 730 415 769 ct
472 718 589 784 ipse
644 727 867 787 peccata
920 718 1331 773 adulationibus
1388 716 1712 772 demulcens
1767 733 1936 771 orna-

2032 447 2326 501 κελακείαν
2379 449 2558 505 λαλῶν
2609 453 2826 524 δαίμονι
2885 457 3332 528 ἐξυπηρετεῖται.
3393 459 3455 522 ὃς
3510 464 3598 515 καὶ

2038 538 2197 603 αύτδς
2251 542 2511 606 θωπείαις
2561 545 2871 602 ύποσαίνων
2933 550 3259 620 ἁμαρτάδας
3321 552 3600 620 ἐπαλείφει

2040 634 2435 699 κομμωτικῶς,
2468 635 2563 689 καὶ
2588 638 2661 700 ὡς
2695 641 2773 702 εἰς
2801 641 3110 711 εὐμορφίαν
3128 643 3343 712 ἀρετῶν
3378 644 3603 714 ἐξαιραῖ-

2037 720 2155 784 ζειν
2192 723 2571 795 ὑποκρίνεται,
2610 732 2796 799 ἀγαθά
2838 735 3165 804 ἐπιγράφων
3204 737 3471 807 ὀνόματα.

365 809 562 861 mentis
589 809 828 873 decorat,
859 818 912 864 et
942 817 1204 878 tanquam
1233 809 1299 862 ad
1334 809 1600 863 virtutum
1634 808 2124 878 pulchritudinem,
2169 814 2309 868 bona
2339 817 2646 874 inscribens
2684 823 2932 887 nomina,
2970 824 3389 879 similitudinem
3414 826 3604 881 habere

298 932 299 935 η
362 898 608 952 simulat.

433 989 621 1045 35.Ne
644 1007 728 1047 me
773 1007 904 1062 ergo
943 1010 1178 1064 unquam
1226 996 1329 1051 ista
1366 996 1546 1065 capiat
1578 994 1857 1064 cogitatio,
1880 1001 1938 1047 ut

362 1083 681 1150 magistrum
702 1084 1016 1154 ignobiliter
1049 1087 1260 1152 aduler,
1283 1096 1338 1143 et
1364 1087 1632 1156 decipiam
1653 1094 1707 1140 et
1729 1084 1936 1138 fallam.

362 1172 568 1230 Fidelis
597 1177 730 1232 mihi
756 1179 914 1234 testis
962 1188 1046 1234 est
1082 1179 1247 1241 Deus.
1278 1181 1424 1251 quod
1452 1195 1516 1235 ex
1547 1180 1675 1246 illis,
1705 1178 1939 1250 quibus-

363 1283 487 1322 cum
521 1286 736 1340 semper
764 1287 1079 1340 conversor,
1109 1274 1344 1330 amicum
1381 1273 1620 1338 invenio,
1660 1288 1767 1327 non
1801 1271 1939 1326 adu-

361 1356 589 1425 lantem,
614 1361 705 1414 sed
727 1363 1133 1431 reprehendere
1150 1366 1439 1419 scientem.
1466 1365 1533 1419 Et
1556 1367 1717 1420 talem
1745 1364 1933 1434 diligo,

362 1462 415 1504 et
441 1451 492 1504 in
516 1452 617 1507 hoc
646 1472 667 1506 ι
693 1456 914 1525 sapiens
936 1473 1111 1522 sum,»
1137 1458 1291 1528 juxta
1311 1457 1687 1512 testimonium
1716 1457 1938 1524 sapien-

364 1541 564 1597 tissimi
591 1549 974 1613 pareemiastte.
991 1547 1056 1601 Et
1079 1559 1131 1601 tu
1158 1549 1347 1618 igitur,
1370 1549 1602 1619 quisque
1624 1548 1755 1602 mihi
1773 1548 1942 1603 dilec-

363 1640 568 1696 torum,
598 1634 799 1691 bonum
830 1651 895 1691 ex
927 1646 981 1693 te
1020 1639 1128 1704 fac,
1163 1646 1217 1693 et
1242 1638 1325 1693 fac
1351 1638 1493 1693 istud
1526 1638 1798 1707 'primum.
1832 1636 1941 1690 Fac

2119 1000 2219 1068 λγ.
2256 1004 2348 1075 Μὴ
2377 1007 2479 1075 ἐμὲ
2507 1006 2637 1075 γοῦν
2680 1000 2838 1072 οὗτος
2865 1008 3022 1062 λάὸοι
3054 1008 3318 1077 λογισμός
3345 1025 3504 1071 ποτε,
3536 1009 3604 1072 ὡς

2047 1094 2293 1160 ἀγεννῶς
2322 1097 2645 1152 κολακεύειν
2676 1101 2768 1155 καὶ
2802 1101 3022 1172 ἀπατᾷν
3051 1100 3146 1154 καὶ
3184 1100 3482 1170 ψεύδεσθαι
3523 1101 3605 1154 τὸν

2043 1188 2387 1245 διδάσκαλον.
2435 1192 2633 1256 Πιστός
2666 1210 2757 1263 μοι
2793 1194 3008 1263 μάρτυς
3041 1196 3069 1246 6
3106 1192 3271 1256 Θεὸς,
3303 1193 3389 1261 ἐφ’
3415 1187 3499 1256 οἷς
3526 1194 3640 1271 ἀεὶ,

2046 1282 2542 1352 πραγματεύομαι,
2589 1285 2743 1352 φίλον
2787 1285 3067 1356 εὑρίσκειν
3096 1286 3196 1339 ούκ
3223 1285 3405 1339 εἰδότα
3449 1285 3608 1338 κολα-

2045 1372 2248 1438 κεύειν,
2288 1375 2404 1427 ἀλλ’
2438 1375 2776 1447 ἐξελέγχειν.
2829 1378 2940 1431 Καὶ
2972 1378 3176 1444 ἀγαπῶ
3205 1379 3298 1431 τιν
3343 1379 3604 1441 τοιοῦτον,

2045 1463 2140 1516 καὶ
2175 1480 2194 1510 ι
2234 1461 2391 1516 τοῦτό
2436 1465 2500 1533 γὲ
2551 1466 2668 1534 εἰμι
2700 1467 2883 1537 σοφὸς,
2912 1486 2929 1519 ι
2967 1468 3108 1522 καθᾶ
3140 1467 3490 1535 γνωματεύει
3522 1466 3608 1520 καὶ

2045 1554 2075 1605 6
2119 1553 2398 1624 πάνσοφος
2443 1560 2879 1627 παροιμιαστής.
2909 1558 3119 1611 Ούκοῦν
3147 1559 3244 1611 καὶ
3275 1559 3340 1610 σὺ
3383 1558 3608 1619 ἕκαστος

2045 1647 2156 1700 τῶν
2187 1645 2311 1715 ἐμοὶ¹
2350 1648 2547 1716 φίλων,
2600 1649 2744 1701 ποίει
2782 1651 2842 1702 τὸ
2886 1649 3052 1703 καλὶν
3082 1649 3321 1703 οἴκοθεν’
3357 1647 3518 1702 τοῦτο
3547 1646 3605 1715 δὴ

366 1735 545 1779 autem
590 1730 754 1782 etiam
787 1745 849 1784 ex
894 1729 1014 1786 a'liis
1049 1735 1273 1796 bonum,
1332 1737 1391 1784 ut
1419 1730 1773 1801 conveniens.
1809 1745 1937 1799 sup-

2052 1740 2099 1792 ιδ
2131 1739 2369 1808 πρῶτον.
2414 1740 2560 1794 Ποίει
2589 1741 2646 1793 δὲ
2678 1744 2771 1794 καὶ
2801 1742 2859 1795 τε)
2901 1740 3192 1811 ἑτέρωθεν,
3231 1740 3500 1794 ὑποτεθὲν
3531 1738 3603 1802 ὡς

367 1821 631 1889 positum,
660 1830 800 1876 etne
825 1821 1044 1892 fugiens
1072 1822 1583 1894 reprehensionem,
1603 1838 1764 1892 quam
1787 1834 1935 1878 amat

366 1915 532 1970 homo
587 1917 835 1986 sapiens,
888 1918 1255 1974 adulationem
1310 1917 1563 1986 accipere
1602 1916 1738 1971 velis
1771 1926 1824 1971 et
1855 1917 1935 1971 sic

369 2005 693 2063 deformati.

438 2100 529 2154 '54.
578 2099 773 2156 Verum
824 2100 1108 2171 quoniam,
1154 2109 1214 2155 ut
1268 2101 1401 2167 dixi,
1442 2117 1552 2157 non
1591 2101 1658 2159 ad
1709 2103 1935 2157 adulan-

369 2192 500 2248 dum
527 2193 728 2249 missus
762 2208 908 2256 sum,
943 2200 1135 2258 restat,
1193 2200 1252 2247 ut
1285 2207 1387 2263 ego
1434 2196 1537 2250 sim
1587 2194 1936 2250 rectitudinis

367 2287 690 2342 vindicatio.
721 2283 1049 2355 Hujusmodi
1082 2293 1265 2341 autem
1313 2285 1415 2339 viri
1467 2286 1706 2343 ofﬁcium
1742 2299 1826 2342 est
1856 2290 1937 2342 di-

368 2397 494 2438 cere
532 2395 720 2435 verum
751 2380 819 2436 ad
851 2382 1179 2447 accidentia,
1211 2399 1330 2453 qua:
1361 2384 1509 2436 varia
1545 2390 1750 2437 suntet
1777 2382 1941 2435 innu-

371 2471 676 2537 uterabilia,
728 2486 1076 2542 quorumque
1113 2483 1264 2542 pater
1298 2482 1380 2527 est
1426 2474 1645 2541 ltutgum
1697 2486 1934 2543 tempus,

370 2562 668 2618 artiﬁciosa
717 2564 948 2633 gignens
980 2572 1035 2618 et
1084 2565 1298 2634 negotia
1325 2576 1377 2618 et
1424 2567 1691 2636 cogitata;
1737 2566 1936 2635 quibus

372 2659 464 2726 qui
496 2658 559 2711 ad
584 2657 1053 2711 enumerationem
1089 2656 1412 2713 immeratus
1436 2669 1541 2723 est,
1566 2666 1708 2712 astra
1735 2658 1938 2728 ipsam-

372 2765 479 2819 que
507 2763 729 2802 arenam
777 2763 1067 2803 numerare
1116 2763 1277 2818 posse
1325 2752 1391 2804 de
1444 2759 1643 2805 cmtero
1670 2751 1934 2806 confidat.

374 2844 441 2898 Et
470 2843 543 2897 ita
570 2842 788 2912 quidem
814 2843 1138 2913 plerumque
1170 2859 1359 2913 puram
1394 2844 1601 2914 absque
1631 2845 1935 2912 reticentia,

373 2935 557 3004 qualis
615 2941 723 3000 est,
775 2936 950 3004 ipsam
1012 2933 1362 2991 administrat
1415 2937 1701 2992 veritatem
1754 2939 1937 2992 omnis

380 3032 564 3093 horno,
592 3026 686 3083 sed
725 3029 1034 3097 prascrtim
1067 3030 1157 3097 qui
1188 3030 1436 3084 eruditus
1487 3040 1593 3094 est,
1630 3032 1805 3102 magis
1838 3046 1940 3085 au-

375 3132 480 3176 tem
516 3118 610 3189 qui
639 3119 929 3175 institutus
966 3129 1051 3174 est
1082 3118 1135 3173 in
1171 3120 1508 3183 sacerdotio,
1543 3121 1781 3176 maxime
1811 3138 1940 3177 vero

376 3213 469 3282 qui
508 3212 812 3269 secundum
850 3212 1318 3283 prmeminentiam
1364 3221 1449 3266 est
1505 3214 1940 3271 archisacerdos.

376 3307 714 3362 Occurrente
736 3319 865 3359 vero
888 3303 1122 3376 quodam
1147 3314 1368 3367 eventu,
1390 3305 1482 3375 qui
1502 3306 1626 3360 talis
1654 3315 1738 3361 cst
1759 3306 1824 3362 de
1848 3322 1944 3361 cu-

371 3399 588 3469 jusdam
611 3399 736 3454 boni
755 3398 1156 3467 gratificatione
1173 3397 1480 3454 auditorem
1503 3400 1583 3454 vel
1602 3400 1939 3471 singularem

374 3493 457 3546 vel
489 3492 751 3562 populum
799 3490 1067 3546 laudabit.
1118 3490 1185 3544 Et
1223 3491 1326 3547 hoc
1373 3507 1482 3548 non
1533 3502 1618 3548 est
1669 3493 1938 3549 adulatio.

377 3589 603 3644 Multum
639 3588 784 3644 enim
836 3587 1048 3642 adulari
1084 3588 1511 3659 spiritaliterque
1546 3589 1768 3645 laudare
1801 3590 1944 3644 inter

378 3698 440 3736 se
464 3682 798 3751 discrepant,
823 3690 1167 3750 tantumque,
1196 3691 1458 3751 quantum
1491 3684 1689 3737 veritos
1722 3697 1750 3737 a
1796 3697 1945 3736 men-

380 3776 561 3837 dacio,
604 3773 958 3843 studiumque
999 3788 1129 3828 acre
1163 3789 1192 3827 a
1227 3775 1348 3830 lusu
1381 3775 1583 3829 ditl‘ert.
1624 3774 1681 3829 lu
1721 3776 1945 3828 veritate

378 3868 587 3937 quippe
628 3875 809 3920 manct
854 3866 1123 3936 spiritalis
1155 3867 1428 3932 laudator,
1469 3868 1564 3936 qui
1601 3884 1730 3923 vero
1760 3869 1945 3922 laudat

383 3961 437 4014 in
471 3959 818 4025 adulatione,
872 3959 1288 4030 prmvaricatur.
1346 3959 1490 4014 Laus
1533 3969 1740 4027 autem,
1780 3939 1942 4029 quam

381 4069 531 4107 nune
552 4068 792 4124 expono,
832 4069 1012 4110 sermo
1029 4064 1115 4109 est
1149 4054 1215 4109 ad
1262 4053 1703 4109 benedictionem
1752 4069 1944 4110 eorum

378 4147 468 4214 qui
497 4147 650 4215 juxta
687 4146 942 4199 virtutem
976 4144 1201 4211 vivunt;
1240 4155 1294 4200 et
1345 4145 1449 4201 iste
1485 4145 1568 4199 vel
1631 4147 1812 4201 brevis
1861 4146 1946 4202 vel

376 4241 561 4311 gravis
591 4246 699 4304 est,
734 4238 1033 4293 secundum
1065 4240 1310 4308 magistri
1363 4238 1655 4308 judicium,
1683 4240 1948 4311 quemad-

381 4333 603 4387 modum
632 4331 834 4389 iterum
869 4330 1225 4400 reprchensio
1283 4347 1469 4387 sermo
1496 4340 1580 4387 est
1629 4332 1944 4401 huiusmodi

1971 3049 2087 3133 cl‘

2042 1831 2213 1892 εἰκόςο
2253 1831 2346 1884 καὶ
2397 1831 2472 1902 μὴ
2497 1870 2510 1892 ,
2554 1832 2776 1899 φεύγων
2821 1832 2914 1886 τὸν
2950 1832 3216 1901 ἔλεγχον,
3256 1831 3316 1883 ὃν
3369 1830 3607 1899 ἀγαπᾷό

2046 1921 2208 1990 σοφὸς
2244 1924 2413 1993 ἀνὴρ,
2446 1924 2565 1977 θέλε
2601 1924 3026 1987 κολακεύεσθαι,
3086 1925 3182 1976 καὶ
3232 1922 3383 1976 οὕτω
3432 1938 3605 1992 παραο

2045 2014 2380 2084 γράφεσθαι.

2114 2108 2206 2161 λδ’.
2255 2108 2397 2162 Ἀλλ’
2426 2109 2637 2178 ἐπειδὴ,
2677 2113 2814 2182 ὅπερ
2856 2113 3096 2183 ἐφάμην,
3124 2111 3226 2164 οὐκ
3256 2107 3604 2178 ἁπέσταλμαι

2045 2200 2388 2265 κολακεύειν,
2409 2202 2663 2256 λείπεται
2692 2203 2755 2274 δὴ
2775 2204 3069 2275 ὀρθότητος
3095 2198 3238 2254 εἶναί
3272 2218 3340 2271 με
3366 2199 3602 2270 ἔλεγχον.

2056 2292 2277 2362 Ἀνδρδς
2325 2292 2383 2347 δὲ
2417 2293 2684 2367 τοιούτου,
2723 2294 2885 2365 ἔργον
2954 2292 3311 2366 ἀληθίζεσθαι
3358 2290 3500 2362 πρὸς
3544 2290 3605 2342 τὰ

2048 2385 2494 2454 παραπίπτοντα,
2550 2385 2775 2439 ποικίλα
2816 2387 2944 2439 ὄντα
2993 2386 3090 2439 καὶ
3150 2384 3489 2455 ἀδιεξίτητα,
3537 2376 3605 2435 ὧν

2046 2477 2232 2546 πατὴρ
2286 2476 2314 2527 6
2372 2476 2578 2545 μακρῖς
2613 2476 2826 2546 χρόνος,
2859 2474 3084 2529 δαίδαλα
3115 2473 3267 2542 φύων
3305 2473 3400 2527 καὶ
3432 2472 3605 2543 πράγ·

2049 2587 2195 2639 ματα
2231 2570 2326 2621 καὶ
2370 2550 2759 2638 νοήματα-δοῖς
2795 2570 2822 2620 6
2871 2566 3219 2636 ἐνδιατρίψας
3273 2565 3355 2628 εἰς
3405 2562 3602 2633 ἀπαρί-

2047 2661 2253 2731 θμησιν
2281 2659 2560 2730 θαρρεετω
2588 2660 2684 2713 τοῦ
2719 2659 2906 2712 λοιποῦ
2940 2660 3033 2713 καὶ
3062 2658 3303 2728 ἀστέρας
3336 2657 3483 2727 ἔχειν
3518 2671 3605 2724 με·

2045 2754 2196 2821 τρεῖν
2246 2752 2344 2804 καὶ
2398 2752 2583 2821 ἅμμον
2622 2752 2817 2821 αὐτήν.
2873 2751 2982 2802 Καὶ
3035 2748 3178 2802 οὕτω
3223 2748 3334 2818 ’μὲν
3390 2747 3466 2810 ὡς
3520 2748 3604 2799 ἐπὶ

2046 2846 2302 2898 πλεῖστον
2326 2845 2489 2916 ψιλὴν
2520 2844 2900 2906 ἀνυποστόλως
2928 2844 3097 2912 αὐτὴν
3134 2842 3256 2895 καθ’
3290 2841 3462 2910 αὐτὴν
3493 2842 3604 2893 δια⁴

2046 2939 2348 3007 χειρίσεται
2397 2937 2498 3008 τὴν
2548 2937 2809 3006 ἀλήθειαν
2842 2936 2937 2990 καὶ
2982 2936 3089 2998 πᾶς
3142 2935 3242 3005 μὲν
3300 2932 3602 3001 ἅνθρωπνξ,

2093 3030 2253 3083 ἄλλον
2285 3029 2340 3083 δὲ
2376 3031 2403 3084 6
2457 3026 2911 3097 πεπαιδευμένος,
2942 3028 3034 3079 ἐπὶ
3073 3026 3153 3078 ἔτι
3196 3025 3252 3076 δὲ
3303 3025 3469 3077 πλέον
3499 3027 3523 3075 6
3552 3026 3604 3074 ἐν

2047 3122 2340 3195 ἱερωσύνῃ,
2380 3121 2618 3192 μάλιστα
2664 3121 2719 3173 δὲ
2779 3119 2901 3172 καθ’
2931 3116 3209 3189 ὑπεροχὴν
3238 3118 3265 3168 6
3296 3113 3602 3185 ἀρχιερεύς.

2044 3216 2408 3287 Περιπετείας
2456 3213 2511 3266 δέ
2550 3230 2697 3276 τινος
2732 3211 3156 3281 ἐπιγενομένης,
3193 3210 3286 3261 καὶ
3321 3209 3605 3260 ἐπαινέσε-

2045 3327 2137 3363 ται
2172 3309 2451 3379 ἀκροατὴν
2495 3306 2527 3377 ἢ
2577 3306 2864 3376 ἄνθρωπον
2911 3305 2944 3374 ἢ
2985 3304 3158 3373 δῆμον
3193 3304 3219 3355 6
3257 3300 3498 3363 τοιοῦτος
3526 3297 3605 3350 δια

2046 3404 2214 3456 καλοῦ
2250 3419 2394 3464 τινος
2439 3398 2704 3452 ἐπίδοσιν·
2738 3396 2832 3451 καὶ
2881 3395 3026 3448 ἐστιν
3070 3393 3201 3447 αὐτὸ
3240 3393 3302 3445 οὗ
3332 3389 3605 3444 κολακεία.

2051 3495 2291 3565 Πλείστη
2322 3493 2431 3565 γὰρ
2462 3493 2561 3562 ὅση
2595 3492 2828 3560 διαφορὰ
2873 3487 2968 3542 τοῦ
3012 3485 3331 3540 κολακεύειν
3381 3485 3475 3537 καὶ
3520 3479 3606 3533 τοῦ

2048 3587 2441 3661 πνευματικῶς
2476 3586 2741 3648 ἐπαινεῖν,
2784 3582 3049 3653 τοσαύτη,
3083 3580 3183 3650 ὅση
3225 3579 3319 3631 καὶ
3353 3576 3608 3647 ἀληθείας

2050 3682 2187 3752 πρὸς
2222 3679 2449 3750 ψεῦδος,
2490 3679 2585 3730 καὶ
2631 3673 2871 3742 σπουδῆς
2923 3674 3063 3745 πρὸς
3114 3671 3396 3739 παίγνιον.
3457 3668 3609 3736 Ἀλη-

2049 3773 2198 3825 θεύει
2225 3771 2325 3842 μὲν
2359 3771 2468 3840 γὰρ
2502 3770 2529 3821 6
2574 3766 2950 3836 πνευματικὸς
2981 3763 3307 3833 ἐπαινέτης,
3335 3762 3610 3831 παρεργὰο

2049 3866 2204 3929 ζεται
2232 3864 2286 3917 δέ
2320 3864 2347 3915 6
2388 3861 2528 3914 κατὰ
2566 3858 2883 3913 κολακείαν.
2918 3858 3075 3910 Ἔστι
3114 3856 3172 3909 δέ
3216 3856 3245 3909 6
3280 3854 3524 3917 ἔπαινος,
3553 3849 3607 3902 ὅν

2048 3958 2160 4026 ἐγὼ
2216 3958 2339 4030 ἄρτι
2379 3953 2685 4023 ἐκτίθεμαι,
2734 3953 2892 4020 λόγος
2933 3949 3291 4021 εὐλογητικδς
3338 3949 3449 4001 τῶν
3496 3946 3607 3999 κατ’

2050 4047 2253 4118 ἀρετὴν
2307 4045 2550 4111 ζώντων.
2616 4046 2727 4097 Καὶ
2781 4044 2943 4106 αὐτὸς
2990 4043 3022 4112 ἢ
3074 4044 3130 4095 ἐν
3179 4036 3607 4111 στενολεσχία,ἢ

2051 4141 2351 4210 ἀποτάδην,
2392 4139 2468 4202 ὡς
2525 4140 2555 4191 6
2604 4137 2925 4199 διδάσκαλος
2979 4135 3286 4205 διακρινεῖ’
3335 4132 3522 4202 ὥσπερ
3547 4129 3608 4183 αὖ

2052 4236 2218 4292 πάλιν
2242 4237 2411 4306 ψόγος
2451 4235 2479 4286 ὁ
2526 4231 2605 4303 τῷ
2637 4231 2865 4302 τοιούτῳ
2893 4231 3102 4301 ἐπαίνῳ
3128 4228 3414 4291 ἀντίθετος
3436 4228 3607 4294 λόγος,
3643 4302 3649 4306 ἢ

2052 4328 2357 4399 δυσφημῶν
2385 4326 2477 4380 τδν
2523 4325 2599 4396 μὴ
2641 4323 2946 4395 ἀρετῶντα.
2977 4315 3052 4375 Οὖ
3094 4321 3192 4377 καὶ
3222 4320 3393 4374 αὐτοῦ
3427 4335 3611 4387 στοχα-

380 4425 526 4480 laudi
562 4423 869 4494 oppositus,
895 4437 1019 4477 eum
1051 4425 1146 4491 qui
1172 4423 1428 4478 virtutem
1469 4439 1577 4480 non
1628 4424 1756 4480 colit
1804 4425 1939 4478 vitu-

2055 4421 2206 4474 στέον
2239 4423 2296 4473 ἐν
2315 4419 2494 4491 καιρῷ
2517 4419 2609 4472 τὸν
2632 4417 2775 4470 κατὰ
2801 4409 3024 4485 πνεῦμα
3056 4414 3407 4478 διδάσκοντα,
3442 4428 3609 4483 πραγ-

379 4532 599 4587 perans.
628 4516 709 4571 Ad
743 4529 903 4585 quem
943 4514 1121 4582 ipsum
1175 4516 1338 4569 etiam
1399 4524 1708 4585 Opportune
1751 4533 1943 4572 recur-

380 4605 612 4659 rentium
641 4613 727 4658 est
753 4605 820 4658 ab
844 4618 909 4658 eo
941 4604 1033 4673 qui
1085 4603 1279 4672 spiritu
1332 4604 1515 4671 docet,
1546 4605 1784 4672 enitens,
1818 4608 1945 4662 hinc

379 4695 603 4764 quidem
638 4694 796 4748 melle
832 4694 1155 4763 caeterisque
1195 4694 1562 4750 suavitatibus
1601 4697 1748 4765 pium
1788 4713 1946 4752 sanc-

379 4799 608 4856 tumque
642 4785 913 4842 suscitare
945 4785 1300 4854 desiderium,
1330 4786 1479 4841 illinc
1509 4799 1690 4843 autem
1721 4792 1945 4844 medici-

378 4881 603 4936 nalibus
657 4880 862 4935 amaris
915 4894 977 4934 ac
1048 4878 1277 4949 reliquis
1345 4881 1741 4937 acerbitatibus
1799 4883 1945 4951 quod

376 4974 699 5031 morbosum
750 4979 836 5027 est
894 4971 963 5027 ad
1022 4972 1310 5026 sanitatem
1362 4974 1647 5028 reducere.
1696 4972 1943 5041 Quorum

356 5067 553 5138 .priori
583 5066 731 5120 dicta
756 5064 877 5120 laus
900 5065 1384 5135 proportionaliter
1411 5065 1734 5133 infunditur,
1768 5080 1946 5139 poste<

378 5161 619 5219 tioribus
652 5166 836 5214 autem
858 5159 1236 5230 reprehensio.

447 5253 539 5309 55.
578 5253 673 5307 llis
697 5252 1024 5323 praemissis,
1045 5251 1154 5321 jam
1198 5251 1358 5321 plane
1386 5250 1792 5310 intelleximihi
1833 5273 1940 5314 non

376 5359 505 5399 esse
533 5343 743 5397 licitum
794 5341 1008 5397 adulari
1036 5355 1136 5397 vos
1162 5341 1256 5411 qui
1304 5344 1409 5397 mei
1448 5343 1605 5410 estis,
1636 5346 1839 5415 quibus
1868 5346 1949 5400 in-

377 5432 609 5498 servire,
640 5446 780 5495 quos
808 5430 873 5485 ad
902 5433 1103 5486 bonum
1138 5444 1489 5500 componere,
1537 5449 1675 5502 quos
1719 5436 1772 5486 in
1802 5435 1948 5488 veri-

375 5532 542 5577 tatem
576 5523 836 5579 inducere
871 5524 1017 5579 volo.
1050 5520 1253 5577 Vereor
1301 5523 1469 5589 enim,
1502 5541 1592 5586 ne.
1649 5525 1936 5581 blandiens

378 5613 435 5665 in
459 5613 703 5668 docendo
725 5616 913 5683 sicque
938 5615 1230 5681 mentiens,
1260 5626 1451 5672 contra
1477 5615 1645 5670 Deum
1685 5632 1938 5685 pugnem.

383 5701 598 5758 Etenim
632 5705 925 5777 aliquando
981 5707 1247 5774 blandiar;
1292 5708 1385 5762 sed
1432 5724 1553 5761 cum
1590 5708 1657 5759 ad
1703 5707 1937 5762 aliuucm

2056 4513 2455 4584 ματευύμενον,
2488 4515 2563 4582 πῆ
2604 4510 2702 4581 μὲν
2739 4511 2922 4581 μέλιτι
2947 4510 3041 4562 καὶ
3064 4509 3275 4569 λοιποῖς
3309 4509 3607 4578 ἡδύσμασιν

2052 4603 2396 4659 ἀνακτᾶσθαι
2443 4604 2545 4674 τὴν
2582 4602 2805 4672 θεοφιλῆ
2836 4601 3040 4671 ὄρεξιν,
3087 4601 3162 4670 πῆ
3206 4601 3262 4652 δὲ
3295 4601 3603 4670 πικρασμα-

2054 4716 2138 4751 σιν
2176 4698 2535 4768 ἰατρευτικοῖς
2575 4697 2670 4749 καὶ
2705 4696 2920 4758 λοιπαῖς
2949 4694 3284 4763 ὄριμύτησιν
3319 4684 3602 4756 ἐπανάγειν

2048 4790 2111 4844 τὸ
2142 4788 2445 4860 καχεκτοῧν
2471 4790 2552 4853 είς
2587 4789 2797 4857 ὑγίειαν
2818 4803 2832 4817 ο
2863 4783 2938 4841 ὧν
2981 4785 3056 4856 τῷ
3104 4786 3201 4854 μὲν
3241 4786 3445 4855 πρώτῳ
3478 4782 3602 4834 ἀνά-

2050 4883 2207 4952 λογον
2255 4881 2566 4936 διεκπίπτει
2617 4884 2645 4935 ὁ
2695 4879 2886 4951 ῥηθεὶς
2926 4879 3171 4944 ἔπαινος,
3202 4877 3373 4947 ψόγος
3417 4877 3471 4929 δὲ
3499 4875 3602 4932 τοῖς

2048 4975 2351 5045 δευτέροις.

2120 5245 2216 5298 λε’.
2256 5243 2474 5297 Τούτων
2532 5240 3067 5314 προεκτεθειμένων,
3125 5238 3232 5309 ἔχω
3285 5235 3602 5305 συναγαγὼν

2049 5340 2152 5408 ἤδη
2181 5335 2432 5399 ἐντελῶς,
2494 5332 2570 5398 ὡς
2607 5334 2708 5386 ούκ
2754 5332 2939 5398 ἔξεστί
2972 5350 3062 5401 μοι
3111 5328 3435 5384 κολακεύειν
3468 5328 3602 5398 ὑμᾶς

2047 5432 2175 5492 τοὺς
2209 5428 2399 5498 ἐμοὺς,
2431 5425 2523 5489 οὒς
2550 5425 2784 5494 ὠφελεῖν
2820 5424 3010 5489 ἐθέλω,
3035 5421 3128 5486 οὓς
3163 5426 3247 5487 εἰς
3282 5424 3485 5492 ἀγαθὸν
3509 5438 3603 5473 κα-

2045 5520 2345 5591 ταρτίζειν,
2385 5517 2478 5582 οὓς
2508 5517 2728 5586 ἐνάγειν
2760 5516 2899 5586 πρὸς
2923 5515 3206 5584 ἀλήθειαν,
3230 5516 3453 5567 Δέδοικα
3478 5512 3598 5579 γὰρ.

2052 5614 2126 5682 μὴ
2166 5612 2263 5667 καὶ
2292 5610 2575 5682 θεομαχῶ,
2621 5608 2941 5664 κολακεύων
2968 5610 3026 5663 ἐν
3055 5608 3132 5679 τῷ
3173 5609 3478 5671 διδάσκειν,
3513 5601 3599 5657 καὶ

2050 5706 2188 5761 "duo
2223 5705 2575 5763 ψευδόμενος.
2629 5702 2967 5759 Κολακεύσω
3021 5702 3120 5774 μὲν
3158 5702 3267 5774 γάρ
3308 5718 3458 5770 ποτεσ
3490 5694 3596 5750 ἀλλ’
