  <div class='ocr_page' id='page_1' title='image "/cluster/home/n/w/nwhite01/storage/ocr_20150623/135/mdp.39015029921197/340.png"; bbox 0 0 3884 6244; ppageno 0'>
   <div class='ocr_carea' id='block_1_1' title="bbox 237 318 330 389">
    <p class='ocr_par' dir='ltr' id='par_1_1' title="bbox 237 318 330 389">
     <span class='ocr_line' id='line_1_1' title="bbox 237 318 330 389; baseline -0.108 0"><span class='ocrx_word' id='word_1_1' title='bbox 237 318 330 389; x_wconf 74' lang='grc'>665</span> 
     </span>
    </p>
   </div>
   <div class='ocr_carea' id='block_1_2' title="bbox 1128 315 2504 390">
    <p class='ocr_par' dir='ltr' id='par_1_2' title="bbox 1128 315 2504 390">
     <span class='ocr_line' id='line_1_2' title="bbox 1128 315 2504 390; baseline 0.001 -12"><span class='ocrx_word' id='word_1_2' title='bbox 1128 319 1214 380; x_wconf 87' lang='grc' dir='ltr'><strong>ΙΝ</strong></span> <span class='ocrx_word' id='word_1_3' title='bbox 1255 318 1315 379; x_wconf 85' lang='lat' dir='ltr'><strong>S.</strong></span> <span class='ocrx_word' id='word_1_4' title='bbox 1354 315 2027 390; x_wconf 73' lang='lat' dir='ltr'><strong>QUADRAGESIMAM</strong></span> <span class='ocrx_word' id='word_1_5' title='bbox 2064 319 2352 381; x_wconf 79' lang='lat' dir='ltr'><strong>ORATIO</strong></span> <span class='ocrx_word' id='word_1_6' title='bbox 2390 319 2504 379; x_wconf 83' lang='lat' dir='ltr'><strong>III.</strong></span> 
     </span>
    </p>
   </div>
   <div class='ocr_carea' id='block_1_3' title="bbox 3345 324 3454 391">
    <p class='ocr_par' dir='ltr' id='par_1_3' title="bbox 3345 324 3454 391">
     <span class='ocr_line' id='line_1_3' title="bbox 3345 324 3454 391; baseline 0.009 -2"><span class='ocrx_word' id='word_1_7' title='bbox 3345 324 3454 391; x_wconf 71' lang='lat'><strong>666</strong></span> 
     </span>
    </p>
   </div>
   <div class='ocr_carea' id='block_1_4' title="bbox 238 430 1754 511">
    <p class='ocr_par' dir='ltr' id='par_1_4' title="bbox 238 430 1754 502">
     <span class='ocr_line' id='line_1_4' title="bbox 238 430 1754 502; baseline -0.006 -8"><span class='ocrx_word' id='word_1_8' title='bbox 238 440 317 494; x_wconf 70' lang='grc' dir='ltr'>ὅτε</span> <span class='ocrx_word' id='word_1_9' title='bbox 343 431 603 497; x_wconf 70' lang='grc' dir='ltr'>ποππύζω</span> <span class='ocrx_word' id='word_1_10' title='bbox 638 430 774 502; x_wconf 73' lang='grc' dir='ltr'>πρός</span> <span class='ocrx_word' id='word_1_11' title='bbox 817 448 965 497; x_wconf 88' lang='grc' dir='ltr'>τινα,</span> <span class='ocrx_word' id='word_1_12' title='bbox 1008 431 1143 485; x_wconf 70' lang='grc' dir='ltr'>ὡσεὶ</span> <span class='ocrx_word' id='word_1_13' title='bbox 1210 433 1309 486; x_wconf 67' lang='grc' dir='ltr'>καὶ</span> <span class='ocrx_word' id='word_1_14' title='bbox 1338 433 1509 486; x_wconf 78' lang='grc' dir='ltr'>ἵππον</span> <span class='ocrx_word' id='word_1_15' title='bbox 1549 432 1754 502; x_wconf 71' lang='grc' dir='ltr'>ἁγριού·</span> 
     </span>
    </p>
   </div>
   <div class='ocr_carea' id='block_1_5' title="bbox 1864 430 3452 511">
    <p class='ocr_par' dir='ltr' id='par_1_5' title="bbox 1882 432 3452 511">
     <span class='ocr_line' id='line_1_5' title="bbox 1882 432 3452 511; baseline 0.006 -25"><span class='ocrx_word' id='word_1_16' title='bbox 1882 432 2063 511; x_wconf 59' lang='lat' dir='ltr'><strong>sibilo,</strong></span> <span class='ocrx_word' id='word_1_17' title='bbox 2098 442 2355 504; x_wconf 84' lang='lat' dir='ltr'><strong>tanquam</strong></span> <span class='ocrx_word' id='word_1_18' title='bbox 2381 434 2448 487; x_wconf 86' lang='lat' dir='ltr'><strong>ad</strong></span> <span class='ocrx_word' id='word_1_19' title='bbox 2479 448 2679 504; x_wconf 87' lang='lat' dir='ltr'><strong>equum</strong></span> <span class='ocrx_word' id='word_1_20' title='bbox 2714 440 3010 503; x_wconf 76' lang='lat' dir='ltr'><strong>agrestem,</strong></span> <span class='ocrx_word' id='word_1_21' title='bbox 3052 436 3139 492; x_wconf 89' lang='lat' dir='ltr'><strong>vel</strong></span> <span class='ocrx_word' id='word_1_22' title='bbox 3164 437 3337 494; x_wconf 87' lang='lat' dir='ltr'><strong>feram</strong></span> <span class='ocrx_word' id='word_1_23' title='bbox 3367 441 3452 495; x_wconf 60' lang='lat' dir='ltr'><strong>in.</strong></span> 
     </span>
    </p>
   </div>
   <div class='ocr_carea' id='block_1_6' title="bbox 238 521 1778 601">
    <p class='ocr_par' dir='ltr' id='par_1_6' title="bbox 238 521 1778 601">
     <span class='ocr_line' id='line_1_6' title="bbox 238 521 1778 601; baseline -0.002 -17"><span class='ocrx_word' id='word_1_24' title='bbox 238 547 405 601; x_wconf 88' lang='grc' dir='ltr'>μενον,</span> <span class='ocrx_word' id='word_1_25' title='bbox 431 527 463 598; x_wconf 76' lang='grc' dir='ltr'>ἢ</span> <span class='ocrx_word' id='word_1_26' title='bbox 490 527 586 580; x_wconf 80' lang='grc' dir='ltr'>καὶ</span> <span class='ocrx_word' id='word_1_27' title='bbox 638 525 871 596; x_wconf 71' lang='grc' dir='ltr'>καταψῶ</span> <span class='ocrx_word' id='word_1_28' title='bbox 912 526 1101 597; x_wconf 88' lang='grc' dir='ltr'>θηρίον</span> <span class='ocrx_word' id='word_1_29' title='bbox 1143 527 1459 581; x_wconf 68' lang='grc' dir='ltr'>άτίθασσοΨ</span> <span class='ocrx_word' id='word_1_30' title='bbox 1491 521 1573 591; x_wconf 77' lang='grc' dir='ltr'>οἷς</span> <span class='ocrx_word' id='word_1_31' title='bbox 1606 545 1778 598; x_wconf 82' lang='grc' dir='ltr'>προσ-</span> 
     </span>
    </p>
   </div>
   <div class='ocr_carea' id='block_1_7' title="bbox 237 615 1780 691">
    <p class='ocr_par' dir='ltr' id='par_1_7' title="bbox 237 615 1780 691">
     <span class='ocr_line' id='line_1_7' title="bbox 237 615 1780 691; baseline -0.001 -19"><span class='ocrx_word' id='word_1_32' title='bbox 237 619 404 672; x_wconf 82' lang='grc' dir='ltr'>θετέον</span> <span class='ocrx_word' id='word_1_33' title='bbox 438 616 531 669; x_wconf 71' lang='grc' dir='ltr'>καὶ</span> <span class='ocrx_word' id='word_1_34' title='bbox 580 615 862 684; x_wconf 78' lang='grc' dir='ltr'><strong>ἀφύκτους</strong></span> <span class='ocrx_word' id='word_1_35' title='bbox 914 618 1166 689; x_wconf 69' lang='grc' dir='ltr'>ἐχθροὺς,</span> <span class='ocrx_word' id='word_1_36' title='bbox 1199 619 1252 670; x_wconf 76' lang='grc' dir='ltr'>εἴ</span> <span class='ocrx_word' id='word_1_37' title='bbox 1297 619 1462 671; x_wconf 79' lang='grc' dir='ltr'>ποθεν</span> <span class='ocrx_word' id='word_1_38' title='bbox 1496 621 1780 691; x_wconf 79' lang='grc' dir='ltr'>κατασκή-</span> 
     </span>
    </p>
   </div>
   <div class='ocr_carea' id='block_1_8' title="bbox 234 704 1781 781">
    <p class='ocr_par' dir='ltr' id='par_1_8' title="bbox 234 704 1781 781">
     <span class='ocr_line' id='line_1_8' title="bbox 234 704 1781 781; baseline -0.006 -17"><span class='ocrx_word' id='word_1_39' title='bbox 234 712 399 780; x_wconf 73' lang='grc' dir='ltr'>ψαιεν.</span> <span class='ocrx_word' id='word_1_40' title='bbox 431 709 536 761; x_wconf 78' lang='grc' dir='ltr'><strong>Καὶ</strong></span> <span class='ocrx_word' id='word_1_41' title='bbox 567 707 676 778; x_wconf 79' lang='grc' dir='ltr'><strong>μὴν</strong></span> <span class='ocrx_word' id='word_1_42' title='bbox 699 707 809 776; x_wconf 85' lang='grc' dir='ltr'>ἐγὼ</span> <span class='ocrx_word' id='word_1_43' title='bbox 840 704 931 779; x_wconf 71' lang='grc' dir='ltr'><strong>(ἦν</strong></span> <span class='ocrx_word' id='word_1_44' title='bbox 969 725 1101 762; x_wconf 86' lang='grc' dir='ltr'>ποτε</span> <span class='ocrx_word' id='word_1_45' title='bbox 1144 710 1336 781; x_wconf 76' lang='grc' dir='ltr'>καιρὸς</span> <span class='ocrx_word' id='word_1_46' title='bbox 1372 711 1579 775; x_wconf 79' lang='grc' dir='ltr'>ἐκεῖνος</span> <span class='ocrx_word' id='word_1_47' title='bbox 1611 712 1781 766; x_wconf 58' lang='lat' dir='ltr'><strong>{zz-:39.</strong></span> 
     </span>
    </p>
   </div>
   <div class='ocr_carea' id='block_1_9' title="bbox 235 800 1781 872">
    <p class='ocr_par' dir='ltr' id='par_1_9' title="bbox 235 800 1781 872">
     <span class='ocr_line' id='line_1_9' title="bbox 235 800 1781 872; baseline 0.001 -17"><span class='ocrx_word' id='word_1_48' title='bbox 235 805 422 864; x_wconf 82' lang='grc' dir='ltr'>κταίος,</span> <span class='ocrx_word' id='word_1_49' title='bbox 454 803 480 854; x_wconf 73' lang='grc' dir='ltr'>ὁ</span> <span class='ocrx_word' id='word_1_50' title='bbox 508 800 653 853; x_wconf 70' lang='grc' dir='ltr'>κατὰ</span> <span class='ocrx_word' id='word_1_51' title='bbox 682 800 782 872; x_wconf 82' lang='grc' dir='ltr'>τὴν</span> <span class='ocrx_word' id='word_1_52' title='bbox 817 802 1223 872; x_wconf 68' lang='grc' dir='ltr'><strong>αἰχμαλωσίαν)</strong></span> <span class='ocrx_word' id='word_1_53' title='bbox 1257 804 1349 855; x_wconf 56' lang='grc' dir='ltr'><strong>καί⁸</strong></span> <span class='ocrx_word' id='word_1_54' title='bbox 1379 801 1588 857; x_wconf 76' lang='grc' dir='ltr'>ὤκνουν</span> <span class='ocrx_word' id='word_1_55' title='bbox 1620 804 1781 857; x_wconf 84' lang='grc' dir='ltr'>κολα-</span> 
     </span>
    </p>
   </div>
   <div class='ocr_carea' id='block_1_10' title="bbox 234 892 1775 964">
    <p class='ocr_par' dir='ltr' id='par_1_10' title="bbox 234 892 1775 964">
     <span class='ocr_line' id='line_1_10' title="bbox 234 892 1775 964; baseline 0 -17"><span class='ocrx_word' id='word_1_56' title='bbox 234 892 419 953; x_wconf 85' lang='grc' dir='ltr'>κεύειν.</span> <span class='ocrx_word' id='word_1_57' title='bbox 453 892 546 945; x_wconf 75' lang='grc' dir='ltr'><strong>καὶ</strong></span> <span class='ocrx_word' id='word_1_58' title='bbox 575 893 603 946; x_wconf 83' lang='grc' dir='ltr'>ὁ</span> <span class='ocrx_word' id='word_1_59' title='bbox 638 892 774 954; x_wconf 75' lang='grc' dir='ltr'>Θεὸς</span> <span class='ocrx_word' id='word_1_60' title='bbox 800 893 990 946; x_wconf 80' lang='grc' dir='ltr'><strong>ἵστατο</strong></span> <span class='ocrx_word' id='word_1_61' title='bbox 1017 892 1150 964; x_wconf 82' lang='grc' dir='ltr'>παρ’</span> <span class='ocrx_word' id='word_1_62' title='bbox 1181 894 1306 964; x_wconf 69' lang='grc' dir='ltr'>ἐμοὶ</span> <span class='ocrx_word' id='word_1_63' title='bbox 1352 896 1446 947; x_wconf 77' lang='grc' dir='ltr'>καὶ</span> <span class='ocrx_word' id='word_1_64' title='bbox 1479 894 1569 947; x_wconf 76' lang='grc' dir='ltr'><strong>διὰ</strong></span> <span class='ocrx_word' id='word_1_65' title='bbox 1596 894 1775 949; x_wconf 83' lang='grc' dir='ltr'>τοῦτο·</span> 
     </span>
    </p>
   </div>
   <div class='ocr_carea' id='block_1_11' title="bbox 233 985 1777 1056">
    <p class='ocr_par' dir='ltr' id='par_1_11' title="bbox 233 985 1777 1056">
     <span class='ocr_line' id='line_1_11' title="bbox 233 985 1777 1056; baseline 0.002 -18"><span class='ocrx_word' id='word_1_66' title='bbox 233 985 537 1056; x_wconf 77' lang='grc' dir='ltr'>εὐδοκίμουν</span> <span class='ocrx_word' id='word_1_67' title='bbox 590 985 699 1055; x_wconf 77' lang='grc' dir='ltr'>γὰρ</span> <span class='ocrx_word' id='word_1_68' title='bbox 752 985 965 1056; x_wconf 80' lang='grc' dir='ltr'><strong>τάληθῆ</strong></span> <span class='ocrx_word' id='word_1_69' title='bbox 1019 985 1195 1053; x_wconf 80' lang='grc' dir='ltr'>λέγων</span> <span class='ocrx_word' id='word_1_70' title='bbox 1242 987 1570 1056; x_wconf 82' lang='grc' dir='ltr'>εὐμεθόδως.</span> <span class='ocrx_word' id='word_1_71' title='bbox 1609 987 1672 1040; x_wconf 81' lang='lat' dir='ltr'><strong>El</strong></span> <span class='ocrx_word' id='word_1_72' title='bbox 1719 987 1777 1040; x_wconf 78' lang='grc' dir='ltr'>δέ</span> 
     </span>
    </p>
   </div>
   <div class='ocr_carea' id='block_1_12' title="bbox 233 1079 1775 1149">
    <p class='ocr_par' dir='ltr' id='par_1_12' title="bbox 233 1079 1775 1149">
     <span class='ocr_line' id='line_1_12' title="bbox 233 1079 1775 1149; baseline 0.001 -18"><span class='ocrx_word' id='word_1_73' title='bbox 233 1096 352 1132; x_wconf 86' lang='grc' dir='ltr'>ποτε</span> <span class='ocrx_word' id='word_1_74' title='bbox 398 1080 489 1132; x_wconf 80' lang='grc' dir='ltr'>καὶ</span> <span class='ocrx_word' id='word_1_75' title='bbox 515 1079 680 1149; x_wconf 80' lang='grc' dir='ltr'>χολήν</span> <span class='ocrx_word' id='word_1_76' title='bbox 707 1096 831 1132; x_wconf 91' lang='grc' dir='ltr'>τινα</span> <span class='ocrx_word' id='word_1_77' title='bbox 859 1081 975 1142; x_wconf 86' lang='grc' dir='ltr'>τοῖς</span> <span class='ocrx_word' id='word_1_78' title='bbox 999 1079 1292 1142; x_wconf 80' lang='grc' dir='ltr'>δεσπόταις</span> <span class='ocrx_word' id='word_1_79' title='bbox 1316 1079 1549 1144; x_wconf 82' lang='grc' dir='ltr'>ἐκείνοις</span> <span class='ocrx_word' id='word_1_80' title='bbox 1581 1081 1775 1135; x_wconf 84' lang='grc' dir='ltr'>ὑπεκί-</span> 
     </span>
    </p>
   </div>
   <div class='ocr_carea' id='block_1_13' title="bbox 227 1168 1775 1242">
    <p class='ocr_par' dir='ltr' id='par_1_13' title="bbox 227 1168 1775 1242">
     <span class='ocr_line' id='line_1_13' title="bbox 227 1168 1775 1242; baseline 0 -19"><span class='ocrx_word' id='word_1_81' title='bbox 227 1188 363 1235; x_wconf 89' lang='grc' dir='ltr'>νουν,</span> <span class='ocrx_word' id='word_1_82' title='bbox 396 1170 533 1222; x_wconf 82' lang='grc' dir='ltr'>ἀλλὰ</span> <span class='ocrx_word' id='word_1_83' title='bbox 576 1170 671 1222; x_wconf 80' lang='grc' dir='ltr'>καὶ</span> <span class='ocrx_word' id='word_1_84' title='bbox 727 1170 916 1232; x_wconf 75' lang='grc' dir='ltr'>αὐτοῖς</span> <span class='ocrx_word' id='word_1_85' title='bbox 961 1168 1101 1238; x_wconf 82' lang='grc' dir='ltr'>ταχὺ</span> <span class='ocrx_word' id='word_1_86' title='bbox 1133 1170 1193 1223; x_wconf 85' lang='grc' dir='ltr'><strong>τὺ</strong></span> <span class='ocrx_word' id='word_1_87' title='bbox 1223 1168 1336 1240; x_wconf 81' lang='grc' dir='ltr'>πῦρ</span> <span class='ocrx_word' id='word_1_88' title='bbox 1366 1169 1676 1235; x_wconf 75' lang='grc' dir='ltr'>ἐσϐέννυτο,</span> <span class='ocrx_word' id='word_1_89' title='bbox 1709 1172 1775 1242; x_wconf 75' lang='grc' dir='ltr'><strong>τῇ</strong></span> 
     </span>
    </p>
   </div>
   <div class='ocr_carea' id='block_1_14' title="bbox 228 1261 1105 1332">
    <p class='ocr_par' dir='ltr' id='par_1_14' title="bbox 228 1261 1105 1332">
     <span class='ocr_line' id='line_1_14' title="bbox 228 1261 1105 1332; baseline -0.001 -16"><span class='ocrx_word' id='word_1_90' title='bbox 228 1262 416 1316; x_wconf 74' lang='grc' dir='ltr'>ἄνωθεν</span> <span class='ocrx_word' id='word_1_91' title='bbox 444 1262 623 1332; x_wconf 83' lang='grc' dir='ltr'>δρόσῳ</span> <span class='ocrx_word' id='word_1_92' title='bbox 674 1261 1105 1331; x_wconf 83' lang='grc' dir='ltr'>μαραινόμενον.</span> 
     </span>
    </p>
   </div>
   <div class='ocr_carea' id='block_1_15' title="bbox 287 1348 1775 1424">
    <p class='ocr_par' dir='ltr' id='par_1_15' title="bbox 287 1348 1775 1424">
     <span class='ocr_line' id='line_1_15' title="bbox 287 1348 1775 1424; baseline 0 -18"><span class='ocrx_word' id='word_1_93' title='bbox 287 1352 386 1417; x_wconf 83' lang='grc' dir='ltr'>λς’.</span> <span class='ocrx_word' id='word_1_94' title='bbox 419 1354 539 1406; x_wconf 86' lang='grc' dir='ltr'>Ἔτι</span> <span class='ocrx_word' id='word_1_95' title='bbox 568 1352 985 1424; x_wconf 77' lang='grc' dir='ltr'>προσεπιζητῶ,</span> <span class='ocrx_word' id='word_1_96' title='bbox 1014 1354 1109 1407; x_wconf 71' lang='grc' dir='ltr'>καὶ</span> <span class='ocrx_word' id='word_1_97' title='bbox 1142 1353 1342 1422; x_wconf 69' lang='grc' dir='ltr'>σοφτὺς</span> <span class='ocrx_word' id='word_1_98' title='bbox 1367 1348 1508 1407; x_wconf 80' lang='grc' dir='ltr'>εἶναι</span> <span class='ocrx_word' id='word_1_99' title='bbox 1543 1354 1639 1407; x_wconf 80' lang='grc' dir='ltr'><strong>καὶ</strong></span> <span class='ocrx_word' id='word_1_100' title='bbox 1673 1352 1775 1421; x_wconf 68' lang='grc' dir='ltr'>ἐμὲ</span> 
     </span>
    </p>
   </div>
   <div class='ocr_carea' id='block_1_16' title="bbox 225 1442 1769 1514">
    <p class='ocr_par' dir='ltr' id='par_1_16' title="bbox 225 1442 1769 1514">
     <span class='ocr_line' id='line_1_16' title="bbox 225 1442 1769 1514; baseline -0.001 -16"><span class='ocrx_word' id='word_1_101' title='bbox 225 1445 309 1499; x_wconf 72' lang='grc' dir='ltr'>καὶ</span> <span class='ocrx_word' id='word_1_102' title='bbox 342 1445 500 1514; x_wconf 76' lang='grc' dir='ltr'>ὑμᾶς.</span> <span class='ocrx_word' id='word_1_103' title='bbox 560 1445 837 1513; x_wconf 76' lang='grc' dir='ltr'>Ἐσὸμεθα</span> <span class='ocrx_word' id='word_1_104' title='bbox 891 1445 948 1498; x_wconf 82' lang='grc' dir='ltr'>δὲ</span> <span class='ocrx_word' id='word_1_105' title='bbox 992 1443 1231 1498; x_wconf 82' lang='grc' dir='ltr'>τοιοῦτοι</span> <span class='ocrx_word' id='word_1_106' title='bbox 1269 1445 1331 1497; x_wconf 79' lang='grc' dir='ltr'>οὐ</span> <span class='ocrx_word' id='word_1_107' title='bbox 1369 1444 1518 1514; x_wconf 80' lang='grc' dir='ltr'>πόνῳ</span> <span class='ocrx_word' id='word_1_108' title='bbox 1563 1442 1769 1513; x_wconf 80' lang='grc' dir='ltr'>πολλῷ,</span> 
     </span>
    </p>
   </div>
   <div class='ocr_carea' id='block_1_17' title="bbox 220 1533 1774 1607">
    <p class='ocr_par' dir='ltr' id='par_1_17' title="bbox 220 1533 1774 1607">
     <span class='ocr_line' id='line_1_17' title="bbox 220 1533 1774 1607; baseline -0.001 -16"><span class='ocrx_word' id='word_1_109' title='bbox 220 1538 274 1591; x_wconf 78' lang='grc' dir='ltr'>οὗ</span> <span class='ocrx_word' id='word_1_110' title='bbox 322 1538 536 1607; x_wconf 77' lang='grc' dir='ltr'>βιϐλίων</span> <span class='ocrx_word' id='word_1_111' title='bbox 581 1538 958 1604; x_wconf 85' lang='grc' dir='ltr'>ἐπελεύσεσιν,</span> <span class='ocrx_word' id='word_1_112' title='bbox 991 1537 1077 1606; x_wconf 80' lang='grc' dir='ltr'>ἐφ’</span> <span class='ocrx_word' id='word_1_113' title='bbox 1106 1533 1188 1600; x_wconf 71' lang='grc' dir='ltr'>οἷς</span> <span class='ocrx_word' id='word_1_114' title='bbox 1222 1536 1496 1606; x_wconf 71' lang='grc' dir='ltr'>ὀφθαλμοὶ</span> <span class='ocrx_word' id='word_1_115' title='bbox 1528 1536 1774 1607; x_wconf 86' lang='grc' dir='ltr'>κάμνου-</span> 
     </span>
    </p>
   </div>
   <div class='ocr_carea' id='block_1_18' title="bbox 223 1626 1773 1703">
    <p class='ocr_par' dir='ltr' id='par_1_18' title="bbox 223 1626 1773 1703">
     <span class='ocr_line' id='line_1_18' title="bbox 223 1626 1773 1703; baseline 0.002 -22"><span class='ocrx_word' id='word_1_116' title='bbox 223 1645 316 1692; x_wconf 85' lang='grc' dir='ltr'>σιν,</span> <span class='ocrx_word' id='word_1_117' title='bbox 342 1629 400 1683; x_wconf 85' lang='grc' dir='ltr'>οὐ</span> <span class='ocrx_word' id='word_1_118' title='bbox 431 1630 777 1685; x_wconf 81' lang='grc' dir='ltr'>διδασκάλων</span> <span class='ocrx_word' id='word_1_119' title='bbox 806 1632 1155 1703; x_wconf 81' lang='grc' dir='ltr'>αὑστηρίαις,</span> <span class='ocrx_word' id='word_1_120' title='bbox 1189 1626 1264 1687; x_wconf 86' lang='grc' dir='ltr'>ὧν</span> <span class='ocrx_word' id='word_1_121' title='bbox 1285 1633 1339 1686; x_wconf 86' lang='grc' dir='ltr'><strong>αί</strong></span> <span class='ocrx_word' id='word_1_122' title='bbox 1371 1634 1554 1703; x_wconf 82' lang='grc' dir='ltr'>χεῖρες</span> <span class='ocrx_word' id='word_1_123' title='bbox 1586 1631 1773 1701; x_wconf 79' lang='grc' dir='ltr'>ἀλγει-</span> 
     </span>
    </p>
   </div>
   <div class='ocr_carea' id='block_1_19' title="bbox 219 1724 1764 1797">
    <p class='ocr_par' dir='ltr' id='par_1_19' title="bbox 219 1724 1764 1797">
     <span class='ocr_line' id='line_1_19' title="bbox 219 1724 1764 1797; baseline 0.002 -22"><span class='ocrx_word' id='word_1_124' title='bbox 219 1725 330 1786; x_wconf 73' lang='grc' dir='ltr'>νοὺς</span> <span class='ocrx_word' id='word_1_125' title='bbox 361 1725 668 1797; x_wconf 78' lang='grc' dir='ltr'>ἐντρίϐουσι</span> <span class='ocrx_word' id='word_1_126' title='bbox 711 1725 1009 1795; x_wconf 85' lang='grc' dir='ltr'>μώλωπας,</span> <span class='ocrx_word' id='word_1_127' title='bbox 1030 1727 1146 1797; x_wconf 84' lang='grc' dir='ltr'>·ούχ</span> <span class='ocrx_word' id='word_1_128' title='bbox 1195 1726 1366 1781; x_wconf 78' lang='grc' dir='ltr'>ὕπνου</span> <span class='ocrx_word' id='word_1_129' title='bbox 1416 1724 1661 1794; x_wconf 86' lang='grc' dir='ltr'>άργίαις,</span> <span class='ocrx_word' id='word_1_130' title='bbox 1692 1724 1764 1778; x_wconf 85' lang='grc' dir='ltr'>δι’</span> 
     </span>
    </p>
   </div>
   <div class='ocr_carea' id='block_1_20' title="bbox 1882 523 3456 597">
    <p class='ocr_par' dir='ltr' id='par_1_20' title="bbox 1882 523 3456 597">
     <span class='ocr_line' id='line_1_20' title="bbox 1882 523 3456 597; baseline 0.007 -20"><span class='ocrx_word' id='word_1_131' title='bbox 1882 523 2145 579; x_wconf 85' lang='lat' dir='ltr'><strong>domitam</strong></span> <span class='ocrx_word' id='word_1_132' title='bbox 2199 527 2517 593; x_wconf 79' lang='lat' dir='ltr'><strong>demulceo;</strong></span> <span class='ocrx_word' id='word_1_133' title='bbox 2561 527 2764 596; x_wconf 83' lang='lat' dir='ltr'><strong>quibus</strong></span> <span class='ocrx_word' id='word_1_134' title='bbox 2819 527 3149 597; x_wconf 76' lang='lat' dir='ltr'><strong>adjungendi</strong></span> <span class='ocrx_word' id='word_1_135' title='bbox 3205 538 3337 586; x_wconf 89' lang='lat' dir='ltr'><strong>sunt</strong></span> <span class='ocrx_word' id='word_1_136' title='bbox 3372 532 3456 587; x_wconf 84' lang='lat' dir='ltr'><strong>in-</strong></span> 
     </span>
    </p>
   </div>
   <div class='ocr_carea' id='block_1_21' title="bbox 1879 617 3456 684">
    <p class='ocr_par' dir='ltr' id='par_1_21' title="bbox 1879 617 3456 684">
     <span class='ocr_line' id='line_1_21' title="bbox 1879 617 3456 684; baseline 0.005 -12"><span class='ocrx_word' id='word_1_137' title='bbox 1879 617 2205 673; x_wconf 79' lang='lat' dir='ltr'><strong>eluctabiles</strong></span> <span class='ocrx_word' id='word_1_138' title='bbox 2256 618 2496 684; x_wconf 88' lang='lat' dir='ltr'><strong>inimici,</strong></span> <span class='ocrx_word' id='word_1_139' title='bbox 2531 620 2576 674; x_wconf 89' lang='lat' dir='ltr'><strong>si</strong></span> <span class='ocrx_word' id='word_1_140' title='bbox 2627 620 2884 675; x_wconf 90' lang='lat' dir='ltr'><strong>alicunde</strong></span> <span class='ocrx_word' id='word_1_141' title='bbox 2919 622 3152 681; x_wconf 90' lang='lat' dir='ltr'><strong>irruant.</strong></span> <span class='ocrx_word' id='word_1_142' title='bbox 3192 623 3257 676; x_wconf 87' lang='lat' dir='ltr'><strong>Et</strong></span> <span class='ocrx_word' id='word_1_143' title='bbox 3306 636 3456 681; x_wconf 84' lang='lat' dir='ltr'><strong>certe</strong></span> 
     </span>
    </p>
   </div>
   <div class='ocr_carea' id='block_1_22' title="bbox 1879 709 3457 783">
    <p class='ocr_par' dir='ltr' id='par_1_22' title="bbox 1879 709 3457 783">
     <span class='ocr_line' id='line_1_22' title="bbox 1879 709 3457 783; baseline 0.004 -20"><span class='ocrx_word' id='word_1_144' title='bbox 1879 722 2001 779; x_wconf 79' lang='lat' dir='ltr'><strong>ego,</strong></span> <span class='ocrx_word' id='word_1_145' title='bbox 2038 739 2108 749; x_wconf 89' lang='lat'><strong><em>—</em></strong></span> <span class='ocrx_word' id='word_1_146' title='bbox 2137 715 2256 763; x_wconf 88' lang='lat' dir='ltr'><strong>erat</strong></span> <span class='ocrx_word' id='word_1_147' title='bbox 2298 709 2428 763; x_wconf 89' lang='lat' dir='ltr'><strong>olim</strong></span> <span class='ocrx_word' id='word_1_148' title='bbox 2471 719 2688 781; x_wconf 79' lang='lat' dir='ltr'><strong>tempus</strong></span> <span class='ocrx_word' id='word_1_149' title='bbox 2721 712 2855 766; x_wconf 89' lang='lat' dir='ltr'><strong>illud</strong></span> <span class='ocrx_word' id='word_1_150' title='bbox 2881 714 3221 783; x_wconf 74' lang='lat' dir='ltr'><strong>captivitatis</strong></span> <span class='ocrx_word' id='word_1_151' title='bbox 3247 715 3457 770; x_wconf 86' lang='lat' dir='ltr'><strong>abomi-</strong></span> 
     </span>
    </p>
   </div>
   <div class='ocr_carea' id='block_1_23' title="bbox 1882 800 3456 872">
    <p class='ocr_par' dir='ltr' id='par_1_23' title="bbox 1882 800 3456 872">
     <span class='ocr_line' id='line_1_23' title="bbox 1882 800 3456 872; baseline 0.003 -17"><span class='ocrx_word' id='word_1_152' title='bbox 1882 800 2149 865; x_wconf 87' lang='lat' dir='ltr'><strong>nandum,</strong></span> <span class='ocrx_word' id='word_1_153' title='bbox 2175 831 2245 843; x_wconf 95' lang='lat'><strong>-—</strong></span> <span class='ocrx_word' id='word_1_154' title='bbox 2280 801 2492 856; x_wconf 81' lang='lat' dir='ltr'><strong>adulari</strong></span> <span class='ocrx_word' id='word_1_155' title='bbox 2532 805 2813 872; x_wconf 77' lang='lat' dir='ltr'><strong>quondam</strong></span> <span class='ocrx_word' id='word_1_156' title='bbox 2845 807 3124 871; x_wconf 83' lang='lat' dir='ltr'><strong>nolebam,</strong></span> <span class='ocrx_word' id='word_1_157' title='bbox 3160 815 3215 862; x_wconf 90' lang='lat' dir='ltr'><strong>et</strong></span> <span class='ocrx_word' id='word_1_158' title='bbox 3245 808 3456 862; x_wconf 83' lang='lat' dir='ltr'><strong>idcirco</strong></span> 
     </span>
    </p>
   </div>
   <div class='ocr_carea' id='block_1_24' title="bbox 1879 892 3455 966">
    <p class='ocr_par' dir='ltr' id='par_1_24' title="bbox 1879 892 3455 966">
     <span class='ocr_line' id='line_1_24' title="bbox 1879 892 3455 966; baseline 0.004 -19"><span class='ocrx_word' id='word_1_159' title='bbox 1879 892 2013 947; x_wconf 86' lang='lat' dir='ltr'><strong>mihi</strong></span> <span class='ocrx_word' id='word_1_160' title='bbox 2058 892 2203 948; x_wconf 89' lang='lat' dir='ltr'><strong>Deus</strong></span> <span class='ocrx_word' id='word_1_161' title='bbox 2248 893 2490 948; x_wconf 86' lang='lat' dir='ltr'><strong>aderat:</strong></span> <span class='ocrx_word' id='word_1_162' title='bbox 2524 895 2749 948; x_wconf 89' lang='lat' dir='ltr'><strong>amabar</strong></span> <span class='ocrx_word' id='word_1_163' title='bbox 2780 897 2924 951; x_wconf 89' lang='lat' dir='ltr'><strong>enim</strong></span> <span class='ocrx_word' id='word_1_164' title='bbox 2978 897 3140 966; x_wconf 88' lang='lat' dir='ltr'><strong>plana</strong></span> <span class='ocrx_word' id='word_1_165' title='bbox 3186 900 3273 952; x_wconf 92' lang='lat' dir='ltr'><strong>via</strong></span> <span class='ocrx_word' id='word_1_166' title='bbox 3324 915 3455 953; x_wconf 87' lang='lat' dir='ltr'><strong>vera</strong></span> 
     </span>
    </p>
   </div>
   <div class='ocr_carea' id='block_1_25' title="bbox 1879 983 3454 1055">
    <p class='ocr_par' dir='ltr' id='par_1_25' title="bbox 1879 983 3454 1055">
     <span class='ocr_line' id='line_1_25' title="bbox 1879 983 3454 1055; baseline 0.006 -18"><span class='ocrx_word' id='word_1_167' title='bbox 1879 983 2129 1052; x_wconf 89' lang='lat' dir='ltr'><strong>loquens.</strong></span> <span class='ocrx_word' id='word_1_168' title='bbox 2169 984 2228 1040; x_wconf 88' lang='lat' dir='ltr'><strong>Si</strong></span> <span class='ocrx_word' id='word_1_169' title='bbox 2259 985 2483 1055; x_wconf 87' lang='lat' dir='ltr'><strong>quando</strong></span> <span class='ocrx_word' id='word_1_170' title='bbox 2519 999 2648 1041; x_wconf 84' lang='lat' dir='ltr'><strong>vero</strong></span> <span class='ocrx_word' id='word_1_171' title='bbox 2672 986 2834 1040; x_wconf 86' lang='lat' dir='ltr'><strong>bilem</strong></span> <span class='ocrx_word' id='word_1_172' title='bbox 2862 987 3304 1045; x_wconf 84' lang='lat' dir='ltr'><strong>dominatoribus</strong></span> <span class='ocrx_word' id='word_1_173' title='bbox 3345 991 3454 1047; x_wconf 84' lang='lat' dir='ltr'><strong>illis</strong></span> 
     </span>
    </p>
   </div>
   <div class='ocr_carea' id='block_1_26' title="bbox 1875 1076 3453 1150">
    <p class='ocr_par' dir='ltr' id='par_1_26' title="bbox 1875 1076 3453 1150">
     <span class='ocr_line' id='line_1_26' title="bbox 1875 1076 3453 1150; baseline 0.003 -20"><span class='ocrx_word' id='word_1_174' title='bbox 1875 1090 2148 1131; x_wconf 83' lang='lat' dir='ltr'><strong>moverem</strong></span> <span class='ocrx_word' id='word_1_175' title='bbox 2174 1116 2189 1140; x_wconf 88' lang='lat'><strong>,</strong></span> <span class='ocrx_word' id='word_1_176' title='bbox 2230 1091 2357 1133; x_wconf 91' lang='lat' dir='ltr'><strong>ecce</strong></span> <span class='ocrx_word' id='word_1_177' title='bbox 2410 1076 2562 1133; x_wconf 88' lang='lat' dir='ltr'><strong>brevi</strong></span> <span class='ocrx_word' id='word_1_178' title='bbox 2602 1076 2744 1138; x_wconf 65' lang='lat' dir='ltr'><strong>ignis</strong></span> <span class='ocrx_word' id='word_1_179' title='bbox 2775 1115 2788 1142; x_wconf 89' lang='lat'><strong>,</strong></span> <span class='ocrx_word' id='word_1_180' title='bbox 2827 1092 2949 1134; x_wconf 89' lang='lat' dir='ltr'><strong>rore</strong></span> <span class='ocrx_word' id='word_1_181' title='bbox 2983 1078 3221 1150; x_wconf 80' lang='lat' dir='ltr'><strong>desuper</strong></span> <span class='ocrx_word' id='word_1_182' title='bbox 3270 1081 3453 1135; x_wconf 82' lang='lat' dir='ltr'><strong>infuso</strong></span> 
     </span>
    </p>
   </div>
   <div class='ocr_carea' id='block_1_27' title="bbox 1878 1169 2357 1241">
    <p class='ocr_par' dir='ltr' id='par_1_27' title="bbox 1878 1169 2357 1241">
     <span class='ocr_line' id='line_1_27' title="bbox 1878 1169 2357 1241; baseline -0.004 -16"><span class='ocrx_word' id='word_1_183' title='bbox 1878 1169 2357 1241; x_wconf 82' lang='lat' dir='ltr'><strong>exstinguebatur.</strong></span> 
     </span>
    </p>
   </div>
   <div class='ocr_carea' id='block_1_28' title="bbox 1945 1353 3450 1426">
    <p class='ocr_par' dir='ltr' id='par_1_28' title="bbox 1945 1353 3450 1426">
     <span class='ocr_line' id='line_1_28' title="bbox 1945 1353 3450 1426; baseline 0.001 -17"><span class='ocrx_word' id='word_1_184' title='bbox 1945 1354 2037 1409; x_wconf 78' lang='lat'><strong>56.</strong></span> <span class='ocrx_word' id='word_1_185' title='bbox 2075 1353 2143 1409; x_wconf 87' lang='lat' dir='ltr'><strong>Et</strong></span> <span class='ocrx_word' id='word_1_186' title='bbox 2167 1354 2348 1410; x_wconf 88' lang='lat' dir='ltr'><strong>adhuc</strong></span> <span class='ocrx_word' id='word_1_187' title='bbox 2375 1368 2460 1409; x_wconf 88' lang='lat' dir='ltr'><strong>me</strong></span> <span class='ocrx_word' id='word_1_188' title='bbox 2490 1363 2544 1411; x_wconf 93' lang='lat' dir='ltr'><strong>et</strong></span> <span class='ocrx_word' id='word_1_189' title='bbox 2571 1369 2667 1410; x_wconf 91' lang='lat' dir='ltr'><strong>vos</strong></span> <span class='ocrx_word' id='word_1_190' title='bbox 2694 1369 2817 1411; x_wconf 89' lang='lat' dir='ltr'><strong>esse</strong></span> <span class='ocrx_word' id='word_1_191' title='bbox 2846 1354 3128 1424; x_wconf 81' lang='lat' dir='ltr'><strong>sapientes</strong></span> <span class='ocrx_word' id='word_1_192' title='bbox 3157 1369 3450 1426; x_wconf 67' lang='lat' dir='ltr'><strong>prtesumo.</strong></span> 
     </span>
    </p>
   </div>
   <div class='ocr_carea' id='block_1_29' title="bbox 1877 1446 3457 1510">
    <p class='ocr_par' dir='ltr' id='par_1_29' title="bbox 1877 1446 3457 1510">
     <span class='ocr_line' id='line_1_29' title="bbox 1877 1446 3457 1510; baseline -0.001 -6"><span class='ocrx_word' id='word_1_193' title='bbox 1877 1447 2043 1504; x_wconf 84' lang='lat' dir='ltr'><strong>Tales</strong></span> <span class='ocrx_word' id='word_1_194' title='bbox 2074 1456 2256 1503; x_wconf 87' lang='lat' dir='ltr'><strong>autem</strong></span> <span class='ocrx_word' id='word_1_195' title='bbox 2289 1447 2496 1502; x_wconf 80' lang='lat' dir='ltr'><strong>erimus</strong></span> <span class='ocrx_word' id='word_1_196' title='bbox 2547 1461 2656 1501; x_wconf 91' lang='lat' dir='ltr'><strong>non</strong></span> <span class='ocrx_word' id='word_1_197' title='bbox 2699 1446 2873 1501; x_wconf 91' lang='lat' dir='ltr'><strong>multo</strong></span> <span class='ocrx_word' id='word_1_198' title='bbox 2902 1447 3117 1510; x_wconf 83' lang='lat' dir='ltr'><strong>labore,</strong></span> <span class='ocrx_word' id='word_1_199' title='bbox 3144 1462 3251 1501; x_wconf 91' lang='lat' dir='ltr'><strong>non</strong></span> <span class='ocrx_word' id='word_1_200' title='bbox 3285 1447 3457 1502; x_wconf 88' lang='lat' dir='ltr'><strong>libro-</strong></span> 
     </span>
    </p>
   </div>
   <div class='ocr_carea' id='block_1_30' title="bbox 1878 1538 3455 1608">
    <p class='ocr_par' dir='ltr' id='par_1_30' title="bbox 1878 1538 3455 1608">
     <span class='ocr_line' id='line_1_30' title="bbox 1878 1538 3455 1608; baseline -0.001 -14"><span class='ocrx_word' id='word_1_201' title='bbox 1878 1554 2003 1594; x_wconf 88' lang='lat' dir='ltr'><strong>rum</strong></span> <span class='ocrx_word' id='word_1_202' title='bbox 2081 1538 2425 1604; x_wconf 84' lang='lat' dir='ltr'><strong>accessione,</strong></span> <span class='ocrx_word' id='word_1_203' title='bbox 2476 1552 2645 1608; x_wconf 87' lang='lat' dir='ltr'><strong>super</strong></span> <span class='ocrx_word' id='word_1_204' title='bbox 2684 1538 2892 1608; x_wconf 87' lang='lat' dir='ltr'><strong>quibus</strong></span> <span class='ocrx_word' id='word_1_205' title='bbox 2946 1538 3246 1608; x_wconf 76' lang='lat' dir='ltr'><strong>fatigantur</strong></span> <span class='ocrx_word' id='word_1_206' title='bbox 3285 1541 3455 1603; x_wconf 90' lang='lat' dir='ltr'><strong>oculi,</strong></span> 
     </span>
    </p>
   </div>
   <div class='ocr_carea' id='block_1_31' title="bbox 1876 1628 3457 1699">
    <p class='ocr_par' dir='ltr' id='par_1_31' title="bbox 1876 1628 3457 1699">
     <span class='ocr_line' id='line_1_31' title="bbox 1876 1628 3457 1699; baseline -0.003 -16"><span class='ocrx_word' id='word_1_207' title='bbox 1876 1643 1984 1684; x_wconf 88' lang='lat' dir='ltr'><strong>non</strong></span> <span class='ocrx_word' id='word_1_208' title='bbox 2016 1629 2412 1699; x_wconf 82' lang='lat' dir='ltr'><strong>magistrorum</strong></span> <span class='ocrx_word' id='word_1_209' title='bbox 2445 1628 2794 1692; x_wconf 77' lang='lat' dir='ltr'><strong>austeritate,</strong></span> <span class='ocrx_word' id='word_1_210' title='bbox 2824 1641 3060 1695; x_wconf 88' lang='lat' dir='ltr'><strong>quorum</strong></span> <span class='ocrx_word' id='word_1_211' title='bbox 3105 1641 3308 1681; x_wconf 88' lang='lat' dir='ltr'><strong>manus</strong></span> <span class='ocrx_word' id='word_1_212' title='bbox 3339 1641 3457 1680; x_wconf 89' lang='lat' dir='ltr'><strong>mo-</strong></span> 
     </span>
    </p>
   </div>
   <div class='ocr_carea' id='block_1_32' title="bbox 1875 1719 3458 1790">
    <p class='ocr_par' dir='ltr' id='par_1_32' title="bbox 1875 1719 3458 1790">
     <span class='ocr_line' id='line_1_32' title="bbox 1875 1719 3458 1790; baseline -0.002 -15"><span class='ocrx_word' id='word_1_213' title='bbox 1875 1721 2044 1776; x_wconf 83' lang='lat' dir='ltr'><strong>lestas</strong></span> <span class='ocrx_word' id='word_1_214' title='bbox 2097 1720 2306 1776; x_wconf 87' lang='lat' dir='ltr'><strong>vibices</strong></span> <span class='ocrx_word' id='word_1_215' title='bbox 2370 1719 2719 1790; x_wconf 86' lang='lat' dir='ltr'><strong>imprimunt,</strong></span> <span class='ocrx_word' id='word_1_216' title='bbox 2790 1732 2899 1773; x_wconf 91' lang='lat' dir='ltr'><strong>non</strong></span> <span class='ocrx_word' id='word_1_217' title='bbox 2977 1719 3300 1782; x_wconf 86' lang='lat' dir='ltr'><strong>insomniis,</strong></span> <span class='ocrx_word' id='word_1_218' title='bbox 3359 1733 3458 1788; x_wconf 88' lang='lat' dir='ltr'><strong>per</strong></span> 
     </span>
    </p>
   </div>
   <div class='ocr_carea' id='block_1_33' title="bbox 216 1789 1754 1890">
    <p class='ocr_par' dir='ltr' id='par_1_33' title="bbox 216 1807 1754 1890">
     <span class='ocr_line' id='line_1_33' title="bbox 216 1807 1754 1890; baseline 0.003 -23"><span class='ocrx_word' id='word_1_219' title='bbox 216 1807 282 1867; x_wconf 79' lang='grc' dir='ltr'>ὧν</span> <span class='ocrx_word' id='word_1_220' title='bbox 316 1817 403 1870; x_wconf 77' lang='grc' dir='ltr'>καὶ</span> <span class='ocrx_word' id='word_1_221' title='bbox 437 1816 619 1870; x_wconf 75' lang='grc' dir='ltr'>αὐτῶν</span> <span class='ocrx_word' id='word_1_222' title='bbox 654 1818 791 1872; x_wconf 78' lang='grc' dir='ltr'>πολὺ</span> <span class='ocrx_word' id='word_1_223' title='bbox 831 1819 892 1871; x_wconf 80' lang='grc' dir='ltr'><strong>τὺ</strong></span> <span class='ocrx_word' id='word_1_224' title='bbox 943 1821 1088 1883; x_wconf 81' lang='grc' dir='ltr'>σίνος</span> <span class='ocrx_word' id='word_1_225' title='bbox 1116 1821 1232 1884; x_wconf 76' lang='grc' dir='ltr'>τοῖς</span> <span class='ocrx_word' id='word_1_226' title='bbox 1269 1820 1670 1890; x_wconf 81' lang='grc' dir='ltr'>ἀγρυπνοῦσιν,</span> <span class='ocrx_word' id='word_1_227' title='bbox 1687 1813 1754 1872; x_wconf 63' lang='grc' dir='ltr'><strong>δύ</strong></span> 
     </span>
    </p>
   </div>
   <div class='ocr_carea' id='block_1_34' title="bbox 1864 1789 3451 1890">
    <p class='ocr_par' dir='ltr' id='par_1_34' title="bbox 1866 1789 3451 1882">
     <span class='ocr_line' id='line_1_34' title="bbox 1866 1789 3451 1882; baseline 0 -18"><span class='ocrx_word' id='word_1_228' title='bbox 1866 1826 1987 1882; x_wconf 63' lang='lat' dir='ltr'><strong>quae</strong></span> <span class='ocrx_word' id='word_1_229' title='bbox 2045 1812 2276 1868; x_wconf 86' lang='lat' dir='ltr'><strong>multum</strong></span> <span class='ocrx_word' id='word_1_230' title='bbox 2346 1789 2673 1866; x_wconf 88' lang='lat' dir='ltr'><strong>damnorum</strong></span> <span class='ocrx_word' id='word_1_231' title='bbox 2760 1811 2990 1865; x_wconf 79' lang='lat' dir='ltr'><strong>affertur</strong></span> <span class='ocrx_word' id='word_1_232' title='bbox 3061 1810 3451 1879; x_wconf 86' lang='lat' dir='ltr'><strong>vigilantibus,</strong></span> 
     </span>
    </p>
   </div>
   <div class='ocr_carea' id='block_1_35' title="bbox 214 1906 1761 1981">
    <p class='ocr_par' dir='ltr' id='par_1_35' title="bbox 214 1906 1761 1981">
     <span class='ocr_line' id='line_1_35' title="bbox 214 1906 1761 1981; baseline 0.005 -25"><span class='ocrx_word' id='word_1_233' title='bbox 214 1906 379 1959; x_wconf 81' lang='grc' dir='ltr'>ποδῶν</span> <span class='ocrx_word' id='word_1_234' title='bbox 404 1908 678 1978; x_wconf 81' lang='grc' dir='ltr'>καμάτοις</span> <span class='ocrx_word' id='word_1_235' title='bbox 710 1907 768 1976; x_wconf 79' lang='grc' dir='ltr'>ἐξ</span> <span class='ocrx_word' id='word_1_236' title='bbox 804 1910 1226 1981; x_wconf 75' lang='grc' dir='ltr'>ὁδοιποριῶν,ού</span> <span class='ocrx_word' id='word_1_237' title='bbox 1257 1912 1524 1973; x_wconf 78' lang='grc' dir='ltr'>δαπάναις</span> <span class='ocrx_word' id='word_1_238' title='bbox 1554 1912 1672 1974; x_wconf 79' lang='grc' dir='ltr'>ταῖς</span> <span class='ocrx_word' id='word_1_239' title='bbox 1702 1927 1761 1963; x_wconf 89' lang='grc' dir='ltr'><strong>τε</strong></span> 
     </span>
    </p>
   </div>
   <div class='ocr_carea' id='block_1_36' title="bbox 212 1998 1759 2074">
    <p class='ocr_par' dir='ltr' id='par_1_36' title="bbox 212 1998 1759 2074">
     <span class='ocr_line' id='line_1_36' title="bbox 212 1998 1759 2074; baseline 0.003 -22"><span class='ocrx_word' id='word_1_240' title='bbox 212 1998 384 2062; x_wconf 78' lang='grc' dir='ltr'>ἄλλαις</span> <span class='ocrx_word' id='word_1_241' title='bbox 414 2000 510 2053; x_wconf 74' lang='grc' dir='ltr'>καὶ</span> <span class='ocrx_word' id='word_1_242' title='bbox 531 2001 691 2065; x_wconf 81' lang='grc' dir='ltr'>ὅσαις</span> <span class='ocrx_word' id='word_1_243' title='bbox 719 2001 1191 2071; x_wconf 79' lang='grc' dir='ltr'>ὲκθεραπεύονται</span> <span class='ocrx_word' id='word_1_244' title='bbox 1220 2004 1393 2074; x_wconf 78' lang='grc' dir='ltr'>λίχνοι</span> <span class='ocrx_word' id='word_1_245' title='bbox 1424 2001 1759 2069; x_wconf 89' lang='grc' dir='ltr'>διδάσκαλοι,</span> 
     </span>
    </p>
   </div>
   <div class='ocr_carea' id='block_1_37' title="bbox 208 2090 1763 2168">
    <p class='ocr_par' dir='ltr' id='par_1_37' title="bbox 208 2090 1763 2168">
     <span class='ocr_line' id='line_1_37' title="bbox 208 2090 1763 2168; baseline 0.003 -25"><span class='ocrx_word' id='word_1_246' title='bbox 208 2092 297 2144; x_wconf 72' lang='grc' dir='ltr'>οὐκ</span> <span class='ocrx_word' id='word_1_247' title='bbox 322 2091 497 2158; x_wconf 82' lang='grc' dir='ltr'>ἄλλοις</span> <span class='ocrx_word' id='word_1_248' title='bbox 537 2093 776 2161; x_wconf 77' lang='grc' dir='ltr'>τούτοις,</span> <span class='ocrx_word' id='word_1_249' title='bbox 802 2090 876 2150; x_wconf 83' lang='grc' dir='ltr'>ὧν</span> <span class='ocrx_word' id='word_1_250' title='bbox 909 2097 1122 2168; x_wconf 84' lang='grc' dir='ltr'>μυρίων</span> <span class='ocrx_word' id='word_1_251' title='bbox 1158 2096 1357 2166; x_wconf 72' lang='grc' dir='ltr'>ἡκατὰ</span> <span class='ocrx_word' id='word_1_252' title='bbox 1393 2096 1585 2166; x_wconf 79' lang='grc' dir='ltr'>σοφίαν</span> <span class='ocrx_word' id='word_1_253' title='bbox 1614 2095 1763 2164; x_wconf 79' lang='grc' dir='ltr'>ἐφίε-</span> 
     </span>
    </p>
   </div>
   <div class='ocr_carea' id='block_1_38' title="bbox 208 2186 1766 2260">
    <p class='ocr_par' dir='ltr' id='par_1_38' title="bbox 208 2186 1766 2260">
     <span class='ocr_line' id='line_1_38' title="bbox 208 2186 1766 2260; baseline 0.003 -24"><span class='ocrx_word' id='word_1_254' title='bbox 208 2201 287 2237; x_wconf 86' lang='grc' dir='ltr'><strong>ται</strong></span> <span class='ocrx_word' id='word_1_255' title='bbox 312 2186 520 2258; x_wconf 84' lang='grc' dir='ltr'>ἀγωγή.</span> <span class='ocrx_word' id='word_1_256' title='bbox 574 2188 741 2242; x_wconf 81' lang='grc' dir='ltr'>Ἀλλὰ</span> <span class='ocrx_word' id='word_1_257' title='bbox 778 2189 888 2259; x_wconf 83' lang='grc' dir='ltr'><strong>χρὴ</strong></span> <span class='ocrx_word' id='word_1_258' title='bbox 917 2190 1079 2260; x_wconf 86' lang='grc' dir='ltr'>μόνον</span> <span class='ocrx_word' id='word_1_259' title='bbox 1114 2190 1373 2260; x_wconf 80' lang='grc' dir='ltr'>ἐθελῆσαι</span> <span class='ocrx_word' id='word_1_260' title='bbox 1406 2190 1504 2244; x_wconf 73' lang='grc' dir='ltr'>καὶ</span> <span class='ocrx_word' id='word_1_261' title='bbox 1542 2186 1766 2253; x_wconf 70' lang='grc' dir='ltr'>ἐπινεῦτ</span> 
     </span>
    </p>
   </div>
   <div class='ocr_carea' id='block_1_39' title="bbox 208 2278 1547 2354">
    <p class='ocr_par' dir='ltr' id='par_1_39' title="bbox 208 2278 1547 2354">
     <span class='ocr_line' id='line_1_39' title="bbox 208 2278 1547 2354; baseline 0.007 -27"><span class='ocrx_word' id='word_1_262' title='bbox 208 2290 288 2329; x_wconf 84' lang='grc' dir='ltr'><strong>σαι</strong></span> <span class='ocrx_word' id='word_1_263' title='bbox 314 2278 476 2349; x_wconf 78' lang='grc' dir='ltr'>ἡμᾶς,</span> <span class='ocrx_word' id='word_1_264' title='bbox 508 2280 610 2334; x_wconf 71' lang='grc' dir='ltr'><strong>καὶ</strong></span> <span class='ocrx_word' id='word_1_265' title='bbox 643 2280 845 2335; x_wconf 83' lang='grc' dir='ltr'>αὐτίκα</span> <span class='ocrx_word' id='word_1_266' title='bbox 877 2282 1258 2354; x_wconf 82' lang='grc' dir='ltr'>σεσοφίσμεθα</span> <span class='ocrx_word' id='word_1_267' title='bbox 1289 2282 1547 2346; x_wconf 78' lang='grc' dir='ltr'>ἐντελῶς.</span> 
     </span>
    </p>
   </div>
   <div class='ocr_carea' id='block_1_40' title="bbox 261 2456 1761 2533">
    <p class='ocr_par' dir='ltr' id='par_1_40' title="bbox 261 2456 1761 2533">
     <span class='ocr_line' id='line_1_40' title="bbox 261 2456 1761 2533; baseline 0.014 -22"><span class='ocrx_word' id='word_1_268' title='bbox 261 2456 350 2525; x_wconf 78' lang='grc' dir='ltr'>λζ’.</span> <span class='ocrx_word' id='word_1_269' title='bbox 385 2460 606 2530; x_wconf 74' lang='grc' dir='ltr'>Σοφίζει</span> <span class='ocrx_word' id='word_1_270' title='bbox 635 2461 690 2514; x_wconf 84' lang='grc' dir='ltr'>δὲ</span> <span class='ocrx_word' id='word_1_271' title='bbox 724 2459 897 2525; x_wconf 73' lang='grc' dir='ltr'>οὕτως</span> <span class='ocrx_word' id='word_1_272' title='bbox 928 2463 1079 2532; x_wconf 69' lang='grc' dir='ltr'>ἡμᾶς</span> <span class='ocrx_word' id='word_1_273' title='bbox 1127 2460 1490 2532; x_wconf 66' lang='grc' dir='ltr'>ἀγαπώμενος</span> <span class='ocrx_word' id='word_1_274' title='bbox 1545 2464 1573 2518; x_wconf 74' lang='grc' dir='ltr'><strong>ὁ</strong></span> <span class='ocrx_word' id='word_1_275' title='bbox 1606 2462 1761 2533; x_wconf 72' lang='grc' dir='ltr'>ἔλεγ-</span> 
     </span>
    </p>
   </div>
   <div class='ocr_carea' id='block_1_41' title="bbox 200 2550 1759 2623">
    <p class='ocr_par' dir='ltr' id='par_1_41' title="bbox 200 2550 1759 2623">
     <span class='ocr_line' id='line_1_41' title="bbox 200 2550 1759 2623; baseline 0.004 -23"><span class='ocrx_word' id='word_1_276' title='bbox 200 2566 300 2617; x_wconf 86' lang='grc' dir='ltr'>χος.</span> <span class='ocrx_word' id='word_1_277' title='bbox 327 2568 346 2600; x_wconf 77' lang='lat' dir='ltr'><strong>t</strong></span> <span class='ocrx_word' id='word_1_278' title='bbox 385 2550 619 2621; x_wconf 81' lang='grc' dir='ltr'>Ἔλεγχε</span> <span class='ocrx_word' id='word_1_279' title='bbox 681 2550 807 2621; x_wconf 77' lang='grc' dir='ltr'>γάρ,</span> <span class='ocrx_word' id='word_1_280' title='bbox 835 2569 854 2603; x_wconf 74' lang='grc' dir='ltr'><strong>ι</strong></span> <span class='ocrx_word' id='word_1_281' title='bbox 888 2552 1046 2622; x_wconf 66' lang='grc' dir='ltr'>φησι,</span> <span class='ocrx_word' id='word_1_282' title='bbox 1080 2570 1099 2603; x_wconf 76' lang='grc' dir='ltr'><strong>ι</strong></span> <span class='ocrx_word' id='word_1_283' title='bbox 1134 2552 1296 2622; x_wconf 70' lang='grc' dir='ltr'>σοφὸν</span> <span class='ocrx_word' id='word_1_284' title='bbox 1318 2595 1332 2617; x_wconf 93' lang='grc'><strong>,</strong></span> <span class='ocrx_word' id='word_1_285' title='bbox 1366 2553 1457 2606; x_wconf 79' lang='grc' dir='ltr'>καὶ</span> <span class='ocrx_word' id='word_1_286' title='bbox 1482 2554 1759 2623; x_wconf 73' lang='grc' dir='ltr'>ἀγαπήσει</span> 
     </span>
    </p>
   </div>
   <div class='ocr_carea' id='block_1_42' title="bbox 203 2642 1761 2716">
    <p class='ocr_par' dir='ltr' id='par_1_42' title="bbox 203 2642 1761 2716">
     <span class='ocr_line' id='line_1_42' title="bbox 203 2642 1761 2716; baseline 0.003 -24"><span class='ocrx_word' id='word_1_287' title='bbox 203 2656 274 2704; x_wconf 78' lang='grc' dir='ltr'><strong>σε,</strong></span> <span class='ocrx_word' id='word_1_288' title='bbox 301 2658 319 2693; x_wconf 79' lang='grc' dir='ltr'><strong>ι</strong></span> <span class='ocrx_word' id='word_1_289' title='bbox 351 2644 605 2713; x_wconf 76' lang='grc' dir='ltr'>ἀφορμὴν</span> <span class='ocrx_word' id='word_1_290' title='bbox 629 2643 875 2697; x_wconf 80' lang='grc' dir='ltr'>ἐντεῦθεν</span> <span class='ocrx_word' id='word_1_291' title='bbox 902 2643 1080 2698; x_wconf 71' lang='grc' dir='ltr'>λαϐὼν</span> <span class='ocrx_word' id='word_1_292' title='bbox 1108 2642 1200 2696; x_wconf 83' lang='grc' dir='ltr'><strong>τοῦ</strong></span> <span class='ocrx_word' id='word_1_293' title='bbox 1236 2644 1330 2697; x_wconf 83' lang='grc' dir='ltr'>καὶ</span> <span class='ocrx_word' id='word_1_294' title='bbox 1364 2646 1665 2716; x_wconf 66' lang='grc' dir='ltr'>σοφώτερος</span> <span class='ocrx_word' id='word_1_295' title='bbox 1686 2642 1761 2697; x_wconf 78' lang='grc' dir='ltr'>εί-</span> 
     </span>
    </p>
   </div>
   <div class='ocr_carea' id='block_1_43' title="bbox 199 2724 1760 2803">
    <p class='ocr_par' dir='ltr' id='par_1_43' title="bbox 199 2724 1760 2803">
     <span class='ocr_line' id='line_1_43' title="bbox 199 2724 1760 2803; baseline 0.005 -24"><span class='ocrx_word' id='word_1_296' title='bbox 199 2743 295 2784; x_wconf 82' lang='grc' dir='ltr'>ναι.</span> <span class='ocrx_word' id='word_1_297' title='bbox 344 2731 407 2783; x_wconf 82' lang='grc'><strong>’0</strong></span> <span class='ocrx_word' id='word_1_298' title='bbox 464 2730 785 2795; x_wconf 86' lang='grc' dir='ltr'>διδάσκαλος</span> <span class='ocrx_word' id='word_1_299' title='bbox 841 2724 992 2796; x_wconf 72' lang='grc' dir='ltr'>οὗτος</span> <span class='ocrx_word' id='word_1_300' title='bbox 1021 2732 1361 2802; x_wconf 76' lang='grc' dir='ltr'>εὐπόριστος,</span> <span class='ocrx_word' id='word_1_301' title='bbox 1404 2733 1450 2786; x_wconf 86' lang='grc' dir='ltr'>ὢ</span> <span class='ocrx_word' id='word_1_302' title='bbox 1479 2734 1673 2803; x_wconf 81' lang='grc' dir='ltr'>σαφὴς,</span> <span class='ocrx_word' id='word_1_303' title='bbox 1714 2732 1760 2787; x_wconf 85' lang='grc' dir='ltr'><strong>ὣ</strong></span> 
     </span>
    </p>
   </div>
   <div class='ocr_carea' id='block_1_44' title="bbox 198 2818 1759 2892">
    <p class='ocr_par' dir='ltr' id='par_1_44' title="bbox 198 2818 1759 2892">
     <span class='ocr_line' id='line_1_44' title="bbox 198 2818 1759 2892; baseline 0.002 -21"><span class='ocrx_word' id='word_1_304' title='bbox 198 2818 393 2889; x_wconf 72' lang='grc' dir='ltr'>γοργὸς,</span> <span class='ocrx_word' id='word_1_305' title='bbox 430 2819 476 2873; x_wconf 84' lang='grc' dir='ltr'><strong>ὣ</strong></span> <span class='ocrx_word' id='word_1_306' title='bbox 496 2820 694 2891; x_wconf 85' lang='grc' dir='ltr'>δώροις</span> <span class='ocrx_word' id='word_1_307' title='bbox 722 2821 1012 2884; x_wconf 87' lang='grc' dir='ltr'>ἀνάλωτος,</span> <span class='ocrx_word' id='word_1_308' title='bbox 1043 2819 1088 2875; x_wconf 83' lang='grc' dir='ltr'>ὢ</span> <span class='ocrx_word' id='word_1_309' title='bbox 1110 2823 1203 2875; x_wconf 73' lang='grc' dir='ltr'>καὶ</span> <span class='ocrx_word' id='word_1_310' title='bbox 1236 2821 1502 2877; x_wconf 74' lang='grc' dir='ltr'>διδάσκων</span> <span class='ocrx_word' id='word_1_311' title='bbox 1529 2822 1645 2892; x_wconf 75' lang='grc' dir='ltr'>ἅμα</span> <span class='ocrx_word' id='word_1_312' title='bbox 1663 2823 1759 2876; x_wconf 73' lang='grc' dir='ltr'>καὶ</span> 
     </span>
    </p>
   </div>
   <div class='ocr_carea' id='block_1_45' title="bbox 197 2907 1755 2986">
    <p class='ocr_par' dir='ltr' id='par_1_45' title="bbox 197 2907 1755 2986">
     <span class='ocr_line' id='line_1_45' title="bbox 197 2907 1755 2986; baseline 0.004 -25"><span class='ocrx_word' id='word_1_313' title='bbox 197 2908 467 2980; x_wconf 75' lang='grc' dir='ltr'>ἰατρεύων,</span> <span class='ocrx_word' id='word_1_314' title='bbox 500 2912 563 2966; x_wconf 85' lang='grc' dir='ltr'>τὸ</span> <span class='ocrx_word' id='word_1_315' title='bbox 618 2912 737 2984; x_wconf 79' lang='grc' dir='ltr'>μὲν,</span> <span class='ocrx_word' id='word_1_316' title='bbox 769 2907 850 2976; x_wconf 69' lang='grc' dir='ltr'>οἷς</span> <span class='ocrx_word' id='word_1_317' title='bbox 880 2913 1156 2982; x_wconf 88' lang='grc' dir='ltr'>μεθοδεύει</span> <span class='ocrx_word' id='word_1_318' title='bbox 1186 2915 1253 2967; x_wconf 75' lang='grc' dir='ltr'>τὰ</span> <span class='ocrx_word' id='word_1_319' title='bbox 1281 2914 1544 2986; x_wconf 84' lang='grc' dir='ltr'>σωτήρια,</span> <span class='ocrx_word' id='word_1_320' title='bbox 1577 2915 1637 2967; x_wconf 78' lang='grc' dir='ltr'>τὸ</span> <span class='ocrx_word' id='word_1_321' title='bbox 1688 2915 1755 2981; x_wconf 90' lang='grc' dir='ltr'><strong>δ’,</strong></span> 
     </span>
    </p>
   </div>
   <div class='ocr_carea' id='block_1_46' title="bbox 195 2999 1757 3076">
    <p class='ocr_par' dir='ltr' id='par_1_46' title="bbox 195 2999 1757 3076">
     <span class='ocr_line' id='line_1_46' title="bbox 195 2999 1757 3076; baseline 0.004 -23"><span class='ocrx_word' id='word_1_322' title='bbox 195 2999 268 3054; x_wconf 82' lang='grc' dir='ltr'><strong>δτι</strong></span> <span class='ocrx_word' id='word_1_323' title='bbox 318 3003 415 3073; x_wconf 84' lang='grc' dir='ltr'>τῆς</span> <span class='ocrx_word' id='word_1_324' title='bbox 467 3003 712 3076; x_wconf 78' lang='grc' dir='ltr'>ψυχικῆς</span> <span class='ocrx_word' id='word_1_325' title='bbox 762 3006 1017 3076; x_wconf 73' lang='grc' dir='ltr'>καχεξίας</span> <span class='ocrx_word' id='word_1_326' title='bbox 1065 3006 1347 3060; x_wconf 77' lang='grc' dir='ltr'>άποκενοίο</span> <span class='ocrx_word' id='word_1_327' title='bbox 1386 3007 1431 3058; x_wconf 82' lang='grc' dir='ltr'>ὦ</span> <span class='ocrx_word' id='word_1_328' title='bbox 1494 3010 1589 3060; x_wconf 67' lang='grc' dir='ltr'>καὶ</span> <span class='ocrx_word' id='word_1_329' title='bbox 1622 3006 1757 3076; x_wconf 81' lang='grc' dir='ltr'>πρὸς</span> 
     </span>
    </p>
   </div>
   <div class='ocr_carea' id='block_1_47' title="bbox 192 3092 1826 3183">
    <p class='ocr_par' dir='ltr' id='par_1_47' title="bbox 192 3092 1826 3183">
     <span class='ocr_line' id='line_1_47' title="bbox 192 3092 1826 3183; baseline 0.001 -35"><span class='ocrx_word' id='word_1_330' title='bbox 192 3092 310 3163; x_wconf 77' lang='grc' dir='ltr'>χάος</span> <span class='ocrx_word' id='word_1_331' title='bbox 361 3094 597 3151; x_wconf 72' lang='grc' dir='ltr'>ἄϐυσσον</span> <span class='ocrx_word' id='word_1_332' title='bbox 655 3097 913 3163; x_wconf 80' lang='grc' dir='ltr'>κατάγων</span> <span class='ocrx_word' id='word_1_333' title='bbox 952 3099 1049 3151; x_wconf 81' lang='grc' dir='ltr'>καὶ</span> <span class='ocrx_word' id='word_1_334' title='bbox 1100 3098 1238 3166; x_wconf 77' lang='grc' dir='ltr'>πρὸς</span> <span class='ocrx_word' id='word_1_335' title='bbox 1286 3097 1512 3167; x_wconf 79' lang='grc' dir='ltr'>οὐρανὸν</span> <span class='ocrx_word' id='word_1_336' title='bbox 1552 3096 1701 3167; x_wconf 83' lang='grc' dir='ltr'>ὑψῶν</span> <span class='ocrx_word' id='word_1_337' title='bbox 1726 3098 1755 3150; x_wconf 86' lang='grc' dir='ltr'>ὁ</span> <span class='ocrx_word' id='word_1_338' title='bbox 1784 3125 1826 3183; x_wconf 76' lang='lat' dir='ltr'>C</span> 
     </span>
    </p>
   </div>
   <div class='ocr_carea' id='block_1_48' title="bbox 192 3183 1755 3259">
    <p class='ocr_par' dir='ltr' id='par_1_48' title="bbox 192 3183 1755 3259">
     <span class='ocr_line' id='line_1_48' title="bbox 192 3183 1755 3259; baseline 0.001 -22"><span class='ocrx_word' id='word_1_339' title='bbox 192 3185 360 3252; x_wconf 78' lang='grc' dir='ltr'>αὐτὸς,</span> <span class='ocrx_word' id='word_1_340' title='bbox 410 3189 469 3242; x_wconf 85' lang='grc' dir='ltr'><strong>τδ</strong></span> <span class='ocrx_word' id='word_1_341' title='bbox 510 3188 752 3259; x_wconf 82' lang='grc' dir='ltr'>πρῶτον,</span> <span class='ocrx_word' id='word_1_342' title='bbox 784 3183 866 3252; x_wconf 76' lang='grc' dir='ltr'>οἷς</span> <span class='ocrx_word' id='word_1_343' title='bbox 910 3188 1282 3240; x_wconf 83' lang='grc' dir='ltr'>ταπεινοποιετ</span> <span class='ocrx_word' id='word_1_344' title='bbox 1313 3189 1378 3239; x_wconf 87' lang='grc' dir='ltr'><strong>ἐκ</strong></span> <span class='ocrx_word' id='word_1_345' title='bbox 1430 3187 1755 3257; x_wconf 81' lang='grc' dir='ltr'>μεταμέλου,</span> 
     </span>
    </p>
   </div>
   <div class='ocr_carea' id='block_1_49' title="bbox 188 3276 1755 3351">
    <p class='ocr_par' dir='ltr' id='par_1_49' title="bbox 188 3276 1755 3351">
     <span class='ocr_line' id='line_1_49' title="bbox 188 3276 1755 3351; baseline 0.004 -21"><span class='ocrx_word' id='word_1_346' title='bbox 188 3276 242 3331; x_wconf 59' lang='lat' dir='ltr'><strong>et</strong></span> <span class='ocrx_word' id='word_1_347' title='bbox 263 3278 530 3350; x_wconf 82' lang='grc' dir='ltr'>δεύτερον,</span> <span class='ocrx_word' id='word_1_348' title='bbox 569 3277 657 3345; x_wconf 77' lang='grc' dir='ltr'>οἷς</span> <span class='ocrx_word' id='word_1_349' title='bbox 685 3280 875 3348; x_wconf 86' lang='grc' dir='ltr'>ἀνάγει</span> <span class='ocrx_word' id='word_1_350' title='bbox 933 3282 998 3350; x_wconf 83' lang='grc' dir='ltr'>τῇ</span> <span class='ocrx_word' id='word_1_351' title='bbox 1033 3281 1096 3332; x_wconf 87' lang='grc' dir='ltr'><strong>ἐκ</strong></span> <span class='ocrx_word' id='word_1_352' title='bbox 1151 3280 1441 3347; x_wconf 81' lang='grc' dir='ltr'>μετανοίας</span> <span class='ocrx_word' id='word_1_353' title='bbox 1490 3280 1755 3351; x_wconf 88' lang='grc' dir='ltr'>καθάρσει</span> 
     </span>
    </p>
   </div>
   <div class='ocr_carea' id='block_1_50' title="bbox 190 3370 1758 3443">
    <p class='ocr_par' dir='ltr' id='par_1_50' title="bbox 190 3370 1758 3443">
     <span class='ocr_line' id='line_1_50' title="bbox 190 3370 1758 3443; baseline 0.004 -22"><span class='ocrx_word' id='word_1_354' title='bbox 190 3370 314 3439; x_wconf 81' lang='grc' dir='ltr'>πρὸς</span> <span class='ocrx_word' id='word_1_355' title='bbox 348 3372 433 3425; x_wconf 78' lang='grc' dir='ltr'>τὸν</span> <span class='ocrx_word' id='word_1_356' title='bbox 462 3372 694 3443; x_wconf 72' lang='grc' dir='ltr'>ὕψιστον</span> <span class='ocrx_word' id='word_1_357' title='bbox 722 3372 946 3442; x_wconf 81' lang='grc' dir='ltr'>Κύριον.</span> <span class='ocrx_word' id='word_1_358' title='bbox 991 3371 1055 3425; x_wconf 79' lang='grc' dir='ltr'><strong>ΕΞ</strong></span> <span class='ocrx_word' id='word_1_359' title='bbox 1084 3370 1140 3423; x_wconf 82' lang='grc' dir='ltr'>δέ</span> <span class='ocrx_word' id='word_1_360' title='bbox 1180 3387 1264 3433; x_wconf 90' lang='grc' dir='ltr'><strong>τις</strong></span> <span class='ocrx_word' id='word_1_361' title='bbox 1299 3371 1629 3441; x_wconf 81' lang='grc' dir='ltr'>ἁμαρτάνων</span> <span class='ocrx_word' id='word_1_362' title='bbox 1665 3374 1758 3427; x_wconf 81' lang='grc' dir='ltr'>τὸν</span> 
     </span>
    </p>
   </div>
   <div class='ocr_carea' id='block_1_51' title="bbox 185 3460 1759 3536">
    <p class='ocr_par' dir='ltr' id='par_1_51' title="bbox 185 3460 1759 3536">
     <span class='ocr_line' id='line_1_51' title="bbox 185 3460 1759 3536; baseline 0.004 -24"><span class='ocrx_word' id='word_1_363' title='bbox 185 3460 409 3533; x_wconf 70' lang='grc' dir='ltr'>τοιοῦτον</span> <span class='ocrx_word' id='word_1_364' title='bbox 454 3463 685 3535; x_wconf 75' lang='grc' dir='ltr'>ἔλεγχον</span> <span class='ocrx_word' id='word_1_365' title='bbox 741 3462 1089 3535; x_wconf 80' lang='grc' dir='ltr'>σκορακίζειν</span> <span class='ocrx_word' id='word_1_366' title='bbox 1148 3461 1343 3517; x_wconf 80' lang='grc' dir='ltr'>ἑαυτοῦ</span> <span class='ocrx_word' id='word_1_367' title='bbox 1392 3466 1671 3536; x_wconf 71' lang='grc' dir='ltr'>πειρᾶται,</span> <span class='ocrx_word' id='word_1_368' title='bbox 1730 3466 1759 3519; x_wconf 86' lang='grc' dir='ltr'><strong>δ</strong></span> 
     </span>
    </p>
   </div>
   <div class='ocr_carea' id='block_1_52' title="bbox 186 3551 1757 3625">
    <p class='ocr_par' dir='ltr' id='par_1_52' title="bbox 186 3551 1757 3625">
     <span class='ocr_line' id='line_1_52' title="bbox 186 3551 1757 3625; baseline 0.004 -22"><span class='ocrx_word' id='word_1_369' title='bbox 186 3551 410 3616; x_wconf 76' lang='grc' dir='ltr'>τοιοῦτος</span> <span class='ocrx_word' id='word_1_370' title='bbox 464 3555 737 3625; x_wconf 78' lang='grc' dir='ltr'>φριξάτω,</span> <span class='ocrx_word' id='word_1_371' title='bbox 772 3554 1188 3624; x_wconf 77' lang='grc' dir='ltr'>εὐλαϐούμενος,</span> <span class='ocrx_word' id='word_1_372' title='bbox 1233 3555 1307 3623; x_wconf 89' lang='grc' dir='ltr'>μή</span> <span class='ocrx_word' id='word_1_373' title='bbox 1366 3572 1496 3607; x_wconf 85' lang='grc' dir='ltr'>ποτε</span> <span class='ocrx_word' id='word_1_374' title='bbox 1527 3557 1621 3609; x_wconf 79' lang='grc' dir='ltr'>καὶ</span> <span class='ocrx_word' id='word_1_375' title='bbox 1654 3557 1757 3610; x_wconf 87' lang='grc' dir='ltr'>αύ-</span> 
     </span>
    </p>
   </div>
   <div class='ocr_carea' id='block_1_53' title="bbox 184 3640 1757 3718">
    <p class='ocr_par' dir='ltr' id='par_1_53' title="bbox 184 3640 1757 3718">
     <span class='ocr_line' id='line_1_53' title="bbox 184 3640 1757 3718; baseline 0.001 -20"><span class='ocrx_word' id='word_1_376' title='bbox 184 3640 266 3707; x_wconf 77' lang='grc' dir='ltr'>τὸς</span> <span class='ocrx_word' id='word_1_377' title='bbox 286 3647 558 3717; x_wconf 83' lang='grc' dir='ltr'>αίτιαθείη</span> <span class='ocrx_word' id='word_1_378' title='bbox 583 3647 795 3711; x_wconf 82' lang='grc' dir='ltr'>δεινῶς,</span> <span class='ocrx_word' id='word_1_379' title='bbox 826 3647 904 3709; x_wconf 84' lang='grc' dir='ltr'>ὡς</span> <span class='ocrx_word' id='word_1_380' title='bbox 935 3647 1064 3708; x_wconf 78' lang='grc' dir='ltr'>τοὺς</span> <span class='ocrx_word' id='word_1_381' title='bbox 1090 3645 1328 3710; x_wconf 86' lang='grc' dir='ltr'>δικαίους</span> <span class='ocrx_word' id='word_1_382' title='bbox 1357 3646 1612 3717; x_wconf 80' lang='grc' dir='ltr'>ἐλέγχους</span> <span class='ocrx_word' id='word_1_383' title='bbox 1641 3646 1757 3718; x_wconf 79' lang='grc' dir='ltr'>μώ-</span> 
     </span>
    </p>
   </div>
   <div class='ocr_carea' id='block_1_54' title="bbox 184 3725 930 3804">
    <p class='ocr_par' dir='ltr' id='par_1_54' title="bbox 184 3725 930 3804">
     <span class='ocr_line' id='line_1_54' title="bbox 184 3725 930 3804; baseline 0.009 -24"><span class='ocrx_word' id='word_1_384' title='bbox 184 3725 358 3794; x_wconf 81' lang='grc' dir='ltr'>λωπας</span> <span class='ocrx_word' id='word_1_385' title='bbox 391 3733 576 3804; x_wconf 81' lang='grc' dir='ltr'>ἐαυτῷ</span> <span class='ocrx_word' id='word_1_386' title='bbox 609 3734 930 3804; x_wconf 77' lang='grc' dir='ltr'>ἡγούμενος.</span> 
     </span>
    </p>
   </div>
   <div class='ocr_carea' id='block_1_55' title="bbox 244 3819 1759 3900">
    <p class='ocr_par' dir='ltr' id='par_1_55' title="bbox 244 3819 1759 3900">
     <span class='ocr_line' id='line_1_55' title="bbox 244 3819 1759 3900; baseline 0.003 -22"><span class='ocrx_word' id='word_1_387' title='bbox 244 3819 344 3891; x_wconf 82' lang='grc' dir='ltr'>λη’.</span> <span class='ocrx_word' id='word_1_388' title='bbox 370 3824 435 3877; x_wconf 76' lang='grc' dir='ltr'>Ὠ</span> <span class='ocrx_word' id='word_1_389' title='bbox 467 3826 799 3896; x_wconf 76' lang='grc' dir='ltr'>ἁμαρτωλὸς</span> <span class='ocrx_word' id='word_1_390' title='bbox 846 3828 978 3895; x_wconf 75' lang='grc' dir='ltr'>ἐγὼ,</span> <span class='ocrx_word' id='word_1_391' title='bbox 1040 3829 1132 3882; x_wconf 70' lang='grc' dir='ltr'>καὶ</span> <span class='ocrx_word' id='word_1_392' title='bbox 1179 3830 1234 3883; x_wconf 79' lang='grc' dir='ltr'><strong>εί</strong></span> <span class='ocrx_word' id='word_1_393' title='bbox 1278 3847 1362 3894; x_wconf 87' lang='grc' dir='ltr'><strong>τις</strong></span> <span class='ocrx_word' id='word_1_394' title='bbox 1401 3829 1589 3900; x_wconf 71' lang='grc' dir='ltr'>ἕτερος</span> <span class='ocrx_word' id='word_1_395' title='bbox 1631 3829 1759 3883; x_wconf 85' lang='grc' dir='ltr'>κατ’</span> 
     </span>
    </p>
   </div>
   <div class='ocr_carea' id='block_1_56' title="bbox 181 3910 1735 3993">
    <p class='ocr_par' dir='ltr' id='par_1_56' title="bbox 181 3910 1735 3993">
     <span class='ocr_line' id='line_1_56' title="bbox 181 3910 1735 3993; baseline 0.008 -30"><span class='ocrx_word' id='word_1_396' title='bbox 181 3910 290 3980; x_wconf 68' lang='grc' dir='ltr'>ἐμέ.</span> <span class='ocrx_word' id='word_1_397' title='bbox 318 3914 383 3966; x_wconf 90' lang='grc' dir='ltr'>Τί</span> <span class='ocrx_word' id='word_1_398' title='bbox 434 3916 646 3986; x_wconf 79' lang='grc' dir='ltr'>δήποτε</span> <span class='ocrx_word' id='word_1_399' title='bbox 675 3921 1206 3990; x_wconf 83' lang='grc' dir='ltr'>κεκαυτηριασμὲνοι</span> <span class='ocrx_word' id='word_1_400' title='bbox 1258 3921 1357 3993; x_wconf 75' lang='grc' dir='ltr'>τὴν</span> <span class='ocrx_word' id='word_1_401' title='bbox 1406 3922 1735 3992; x_wconf 78' lang='grc' dir='ltr'>συνείδησιν,</span> 
     </span>
    </p>
   </div>
   <div class='ocr_carea' id='block_1_57' title="bbox 180 3998 1755 4084">
    <p class='ocr_par' dir='ltr' id='par_1_57' title="bbox 180 3998 1755 4084">
     <span class='ocr_line' id='line_1_57' title="bbox 180 3998 1755 4084; baseline 0.008 -30"><span class='ocrx_word' id='word_1_402' title='bbox 180 3998 251 4066; x_wconf 74' lang='grc' dir='ltr'>οἷς</span> <span class='ocrx_word' id='word_1_403' title='bbox 283 4006 503 4077; x_wconf 74' lang='grc' dir='ltr'>οἴδαμεν</span> <span class='ocrx_word' id='word_1_404' title='bbox 534 4010 963 4078; x_wconf 73' lang='grc' dir='ltr'>ἁμαρτάνοντες,</span> <span class='ocrx_word' id='word_1_405' title='bbox 983 4013 1074 4065; x_wconf 73' lang='grc' dir='ltr'>τὸν</span> <span class='ocrx_word' id='word_1_406' title='bbox 1107 4014 1167 4066; x_wconf 88' lang='grc' dir='ltr'><strong>ἐκ</strong></span> <span class='ocrx_word' id='word_1_407' title='bbox 1191 4013 1281 4066; x_wconf 85' lang='grc' dir='ltr'>τοῦ</span> <span class='ocrx_word' id='word_1_408' title='bbox 1310 4014 1468 4083; x_wconf 84' lang='grc' dir='ltr'>λόγου</span> <span class='ocrx_word' id='word_1_409' title='bbox 1502 4014 1755 4084; x_wconf 81' lang='grc' dir='ltr'>καυτῆρα</span> 
     </span>
    </p>
   </div>
   <div class='ocr_carea' id='block_1_58' title="bbox 179 4094 1756 4175">
    <p class='ocr_par' dir='ltr' id='par_1_58' title="bbox 179 4094 1756 4175">
     <span class='ocr_line' id='line_1_58' title="bbox 179 4094 1756 4175; baseline 0.009 -28"><span class='ocrx_word' id='word_1_410' title='bbox 179 4094 614 4170; x_wconf 74' lang='grc' dir='ltr'>δυσωπούμεθας</span> <span class='ocrx_word' id='word_1_411' title='bbox 663 4102 900 4156; x_wconf 85' lang='grc' dir='ltr'>Ἐπαινῶ</span> <span class='ocrx_word' id='word_1_412' title='bbox 962 4108 1233 4175; x_wconf 77' lang='grc' dir='ltr'>καχέκτας</span> <span class='ocrx_word' id='word_1_413' title='bbox 1262 4107 1528 4172; x_wconf 84' lang='grc' dir='ltr'>ἐκείνους,</span> <span class='ocrx_word' id='word_1_414' title='bbox 1556 4106 1607 4159; x_wconf 81' lang='grc' dir='ltr'>οἳ</span> <span class='ocrx_word' id='word_1_415' title='bbox 1656 4107 1756 4161; x_wconf 71' lang='grc' dir='ltr'>καὶ</span> 
     </span>
    </p>
   </div>
   <div class='ocr_carea' id='block_1_59' title="bbox 179 4191 1752 4268">
    <p class='ocr_par' dir='ltr' id='par_1_59' title="bbox 179 4191 1752 4268">
     <span class='ocr_line' id='line_1_59' title="bbox 179 4191 1752 4268; baseline 0.008 -29"><span class='ocrx_word' id='word_1_416' title='bbox 179 4191 339 4243; x_wconf 74' lang='grc' dir='ltr'>νοσεῖν</span> <span class='ocrx_word' id='word_1_417' title='bbox 373 4195 748 4257; x_wconf 74' lang='grc' dir='ltr'>αἰσθάνονται,</span> <span class='ocrx_word' id='word_1_418' title='bbox 805 4196 901 4249; x_wconf 73' lang='grc' dir='ltr'>καὶ</span> <span class='ocrx_word' id='word_1_419' title='bbox 949 4198 1231 4268; x_wconf 74' lang='grc' dir='ltr'>ἀνέχονται</span> <span class='ocrx_word' id='word_1_420' title='bbox 1269 4198 1548 4267; x_wconf 86' lang='grc' dir='ltr'>καιόμενοι</span> <span class='ocrx_word' id='word_1_421' title='bbox 1614 4197 1752 4268; x_wconf 74' lang='grc' dir='ltr'>πρὸς</span> 
     </span>
    </p>
   </div>
   <div class='ocr_carea' id='block_1_60' title="bbox 176 4281 1753 4362">
    <p class='ocr_par' dir='ltr' id='par_1_60' title="bbox 176 4281 1753 4362">
     <span class='ocr_line' id='line_1_60' title="bbox 176 4281 1753 4362; baseline 0.006 -30"><span class='ocrx_word' id='word_1_422' title='bbox 176 4281 474 4346; x_wconf 79' lang='grc' dir='ltr'>ὐγίειαν.’0</span> <span class='ocrx_word' id='word_1_423' title='bbox 512 4290 820 4356; x_wconf 68' lang='grc' dir='ltr'>πραῆίζων</span> <span class='ocrx_word' id='word_1_424' title='bbox 851 4291 1130 4359; x_wconf 76' lang='grc' dir='ltr'>ἐμφανῶς,</span> <span class='ocrx_word' id='word_1_425' title='bbox 1161 4291 1254 4343; x_wconf 78' lang='grc' dir='ltr'>ἐὰν</span> <span class='ocrx_word' id='word_1_426' title='bbox 1278 4291 1507 4362; x_wconf 81' lang='grc' dir='ltr'>ἀκούσῃ,</span> <span class='ocrx_word' id='word_1_427' title='bbox 1539 4288 1753 4353; x_wconf 82' lang='grc' dir='ltr'>εὐωπὸς</span> 
     </span>
    </p>
   </div>
   <div class='ocr_carea' id='block_1_61' title="bbox 174 4370 1753 4449">
    <p class='ocr_par' dir='ltr' id='par_1_61' title="bbox 174 4370 1753 4449">
     <span class='ocr_line' id='line_1_61' title="bbox 174 4370 1753 4449; baseline 0.006 -22"><span class='ocrx_word' id='word_1_428' title='bbox 174 4370 320 4436; x_wconf 77' lang='grc' dir='ltr'>εἶναι,</span> <span class='ocrx_word' id='word_1_429' title='bbox 377 4379 656 4446; x_wconf 75' lang='grc' dir='ltr'>γελᾶσθαι</span> <span class='ocrx_word' id='word_1_430' title='bbox 696 4381 892 4449; x_wconf 75' lang='grc' dir='ltr'>κρίνει,</span> <span class='ocrx_word' id='word_1_431' title='bbox 949 4382 1042 4434; x_wconf 71' lang='grc' dir='ltr'>καὶ</span> <span class='ocrx_word' id='word_1_432' title='bbox 1093 4382 1185 4434; x_wconf 80' lang='grc' dir='ltr'>τὸν</span> <span class='ocrx_word' id='word_1_433' title='bbox 1219 4384 1463 4437; x_wconf 74' lang='grc' dir='ltr'>ἐπαινεῖν</span> <span class='ocrx_word' id='word_1_434' title='bbox 1491 4382 1753 4437; x_wconf 81' lang='grc' dir='ltr'>δοκοῦντα</span> 
     </span>
    </p>
   </div>
   <div class='ocr_carea' id='block_1_62' title="bbox 1863 1902 3455 1971">
    <p class='ocr_par' dir='ltr' id='par_1_62' title="bbox 1863 1902 3455 1971">
     <span class='ocr_line' id='line_1_62' title="bbox 1863 1902 3455 1971; baseline -0.001 -14"><span class='ocrx_word' id='word_1_435' title='bbox 1863 1916 1975 1957; x_wconf 81' lang='lat' dir='ltr'><strong>non</strong></span> <span class='ocrx_word' id='word_1_436' title='bbox 2014 1905 2214 1970; x_wconf 90' lang='lat' dir='ltr'><strong>pedum</strong></span> <span class='ocrx_word' id='word_1_437' title='bbox 2265 1918 2332 1958; x_wconf 81' lang='lat' dir='ltr'><strong>ex</strong></span> <span class='ocrx_word' id='word_1_438' title='bbox 2382 1902 2682 1959; x_wconf 87' lang='lat' dir='ltr'><strong>itineribus</strong></span> <span class='ocrx_word' id='word_1_439' title='bbox 2711 1903 2997 1965; x_wconf 68' lang='lat' dir='ltr'><strong>mrumnis,</strong></span> <span class='ocrx_word' id='word_1_440' title='bbox 3034 1918 3146 1955; x_wconf 91' lang='lat' dir='ltr'><strong>non</strong></span> <span class='ocrx_word' id='word_1_441' title='bbox 3192 1902 3455 1971; x_wconf 76' lang='lat' dir='ltr'><strong>expensis</strong></span> 
     </span>
    </p>
   </div>
   <div class='ocr_carea' id='block_1_63' title="bbox 1862 1991 3451 2065">
    <p class='ocr_par' dir='ltr' id='par_1_63' title="bbox 1862 1991 3451 2065">
     <span class='ocr_line' id='line_1_63' title="bbox 1862 1991 3451 2065; baseline 0 -18"><span class='ocrx_word' id='word_1_442' title='bbox 1862 1991 2171 2049; x_wconf 77' lang='lat' dir='ltr'><strong>istiusmodi</strong></span> <span class='ocrx_word' id='word_1_443' title='bbox 2227 1994 2427 2064; x_wconf 86' lang='lat' dir='ltr'><strong>quibus</strong></span> <span class='ocrx_word' id='word_1_444' title='bbox 2468 1993 2687 2065; x_wconf 89' lang='lat' dir='ltr'><strong>cupidis</strong></span> <span class='ocrx_word' id='word_1_445' title='bbox 2750 1993 3029 2063; x_wconf 76' lang='lat' dir='ltr'><strong>magistris</strong></span> <span class='ocrx_word' id='word_1_446' title='bbox 3090 1994 3451 2061; x_wconf 82' lang='lat' dir='ltr'><strong>deserviunt,</strong></span> 
     </span>
    </p>
   </div>
   <div class='ocr_carea' id='block_1_64' title="bbox 1868 2086 3451 2157">
    <p class='ocr_par' dir='ltr' id='par_1_64' title="bbox 1868 2086 3451 2157">
     <span class='ocr_line' id='line_1_64' title="bbox 1868 2086 3451 2157; baseline 0 -17"><span class='ocrx_word' id='word_1_447' title='bbox 1868 2101 1981 2141; x_wconf 89' lang='lat' dir='ltr'><strong>non</strong></span> <span class='ocrx_word' id='word_1_448' title='bbox 2016 2086 2144 2141; x_wconf 82' lang='lat' dir='ltr'><strong>aliis</strong></span> <span class='ocrx_word' id='word_1_449' title='bbox 2171 2087 2319 2141; x_wconf 90' lang='lat' dir='ltr'><strong>mille</strong></span> <span class='ocrx_word' id='word_1_450' title='bbox 2350 2087 2577 2150; x_wconf 87' lang='lat' dir='ltr'><strong>talibus,</strong></span> <span class='ocrx_word' id='word_1_451' title='bbox 2616 2101 2739 2157; x_wconf 65' lang='lat' dir='ltr'><strong>qua!</strong></span> <span class='ocrx_word' id='word_1_452' title='bbox 2772 2087 3080 2141; x_wconf 87' lang='lat' dir='ltr'><strong>secundum</strong></span> <span class='ocrx_word' id='word_1_453' title='bbox 3118 2086 3451 2156; x_wconf 78' lang='lat' dir='ltr'><strong>sapientiam</strong></span> 
     </span>
    </p>
   </div>
   <div class='ocr_carea' id='block_1_65' title="bbox 1861 2176 3449 2245">
    <p class='ocr_par' dir='ltr' id='par_1_65' title="bbox 1861 2176 3449 2245">
     <span class='ocr_line' id='line_1_65' title="bbox 1861 2176 3449 2245; baseline 0.001 -14"><span class='ocrx_word' id='word_1_454' title='bbox 1861 2176 2121 2231; x_wconf 86' lang='lat' dir='ltr'><strong>educatio</strong></span> <span class='ocrx_word' id='word_1_455' title='bbox 2170 2177 2424 2245; x_wconf 81' lang='lat' dir='ltr'><strong>attingit;</strong></span> <span class='ocrx_word' id='word_1_456' title='bbox 2479 2177 2576 2232; x_wconf 86' lang='lat' dir='ltr'><strong>sed</strong></span> <span class='ocrx_word' id='word_1_457' title='bbox 2618 2176 2973 2232; x_wconf 87' lang='lat' dir='ltr'><strong>solummodo</strong></span> <span class='ocrx_word' id='word_1_458' title='bbox 3040 2192 3144 2232; x_wconf 89' lang='lat' dir='ltr'><strong>nos</strong></span> <span class='ocrx_word' id='word_1_459' title='bbox 3192 2178 3331 2234; x_wconf 89' lang='lat' dir='ltr'><strong>velle</strong></span> <span class='ocrx_word' id='word_1_460' title='bbox 3394 2190 3449 2233; x_wconf 88' lang='lat' dir='ltr'><strong>et</strong></span> 
     </span>
    </p>
   </div>
   <div class='ocr_carea' id='block_1_66' title="bbox 1860 2268 3447 2340">
    <p class='ocr_par' dir='ltr' id='par_1_66' title="bbox 1860 2268 3447 2340">
     <span class='ocr_line' id='line_1_66' title="bbox 1860 2268 3447 2340; baseline 0.003 -19"><span class='ocrx_word' id='word_1_461' title='bbox 1860 2268 2117 2322; x_wconf 86' lang='lat' dir='ltr'><strong>assentiri</strong></span> <span class='ocrx_word' id='word_1_462' title='bbox 2149 2277 2388 2339; x_wconf 84' lang='lat' dir='ltr'><strong>oportet,</strong></span> <span class='ocrx_word' id='word_1_463' title='bbox 2431 2275 2485 2324; x_wconf 93' lang='lat' dir='ltr'><strong>et</strong></span> <span class='ocrx_word' id='word_1_464' title='bbox 2513 2268 2699 2325; x_wconf 87' lang='lat' dir='ltr'><strong>statim</strong></span> <span class='ocrx_word' id='word_1_465' title='bbox 2733 2283 2954 2323; x_wconf 89' lang='lat' dir='ltr'><strong>omnem</strong></span> <span class='ocrx_word' id='word_1_466' title='bbox 2990 2269 3316 2340; x_wconf 86' lang='lat' dir='ltr'><strong>sapientiam</strong></span> <span class='ocrx_word' id='word_1_467' title='bbox 3355 2284 3447 2326; x_wconf 58' lang='lat' dir='ltr'><strong>aco</strong></span> 
     </span>
    </p>
   </div>
   <div class='ocr_carea' id='block_1_67' title="bbox 1860 2359 3115 2435">
    <p class='ocr_par' dir='ltr' id='par_1_67' title="bbox 1860 2359 3115 2435">
     <span class='ocr_line' id='line_1_67' title="bbox 1860 2359 3115 2435; baseline 0.01 -24"><span class='ocrx_word' id='word_1_468' title='bbox 1860 2359 2271 2429; x_wconf 86' lang='lat' dir='ltr'><strong>quisiverimus.</strong></span> <span class='ocrx_word' id='word_1_469' title='bbox 3108 2428 3115 2435; x_wconf 28' lang='grc' dir='ltr'><strong>ε</strong></span> 
     </span>
    </p>
   </div>
   <div class='ocr_carea' id='block_1_68' title="bbox 1930 2455 3447 2527">
    <p class='ocr_par' dir='ltr' id='par_1_68' title="bbox 1930 2455 3447 2527">
     <span class='ocr_line' id='line_1_68' title="bbox 1930 2455 3447 2527; baseline 0.003 -20"><span class='ocrx_word' id='word_1_470' title='bbox 1930 2457 2021 2507; x_wconf 75' lang='grc'><strong>57.</strong></span> <span class='ocrx_word' id='word_1_471' title='bbox 2060 2455 2254 2509; x_wconf 84' lang='lat' dir='ltr'><strong>Reddit</strong></span> <span class='ocrx_word' id='word_1_472' title='bbox 2275 2465 2458 2511; x_wconf 90' lang='lat' dir='ltr'><strong>autem</strong></span> <span class='ocrx_word' id='word_1_473' title='bbox 2485 2457 2556 2511; x_wconf 89' lang='lat' dir='ltr'><strong>ita</strong></span> <span class='ocrx_word' id='word_1_474' title='bbox 2585 2472 2684 2511; x_wconf 87' lang='lat' dir='ltr'><strong>nos</strong></span> <span class='ocrx_word' id='word_1_475' title='bbox 2704 2457 2983 2527; x_wconf 80' lang='lat' dir='ltr'><strong>sapientes</strong></span> <span class='ocrx_word' id='word_1_476' title='bbox 3012 2458 3321 2514; x_wconf 88' lang='lat' dir='ltr'><strong>desiderata</strong></span> <span class='ocrx_word' id='word_1_477' title='bbox 3359 2474 3447 2512; x_wconf 88' lang='lat' dir='ltr'><strong>re-</strong></span> 
     </span>
    </p>
   </div>
   <div class='ocr_carea' id='block_1_69' title="bbox 1862 2542 3435 2616">
    <p class='ocr_par' dir='ltr' id='par_1_69' title="bbox 1862 2542 3435 2616">
     <span class='ocr_line' id='line_1_69' title="bbox 1862 2542 3435 2616; baseline 0.004 -21"><span class='ocrx_word' id='word_1_478' title='bbox 1862 2542 2179 2612; x_wconf 85' lang='lat' dir='ltr'><strong>prehensio.</strong></span> <span class='ocrx_word' id='word_1_479' title='bbox 2216 2561 2235 2595; x_wconf 76' lang='grc' dir='ltr'><strong>ι</strong></span> <span class='ocrx_word' id='word_1_480' title='bbox 2276 2544 2638 2613; x_wconf 82' lang='lat' dir='ltr'><strong>Reprehende</strong></span> <span class='ocrx_word' id='word_1_481' title='bbox 2669 2548 2842 2610; x_wconf 90' lang='lat' dir='ltr'><strong>enim,</strong></span> <span class='ocrx_word' id='word_1_482' title='bbox 2878 2547 3081 2616; x_wconf 85' lang='lat' dir='ltr'><strong>inquit.</strong></span> <span class='ocrx_word' id='word_1_483' title='bbox 3108 2549 3435 2616; x_wconf 85' lang='lat' dir='ltr'><strong>sapientem,</strong></span> 
     </span>
    </p>
   </div>
   <div class='ocr_carea' id='block_1_70' title="bbox 1860 2635 3450 2709">
    <p class='ocr_par' dir='ltr' id='par_1_70' title="bbox 1860 2635 3450 2709">
     <span class='ocr_line' id='line_1_70' title="bbox 1860 2635 3450 2709; baseline 0.004 -19"><span class='ocrx_word' id='word_1_484' title='bbox 1860 2645 1915 2690; x_wconf 88' lang='lat' dir='ltr'><strong>et</strong></span> <span class='ocrx_word' id='word_1_485' title='bbox 1946 2635 2151 2689; x_wconf 87' lang='lat' dir='ltr'><strong>amabit</strong></span> <span class='ocrx_word' id='word_1_486' title='bbox 2179 2644 2251 2703; x_wconf 80' lang='lat' dir='ltr'><strong>te,</strong></span> <span class='ocrx_word' id='word_1_487' title='bbox 2300 2654 2318 2687; x_wconf 81' lang='grc' dir='ltr'><strong>ι</strong></span> <span class='ocrx_word' id='word_1_488' title='bbox 2350 2636 2698 2691; x_wconf 86' lang='lat' dir='ltr'><strong>occasionem</strong></span> <span class='ocrx_word' id='word_1_489' title='bbox 2728 2637 2856 2693; x_wconf 89' lang='lat' dir='ltr'><strong>inde</strong></span> <span class='ocrx_word' id='word_1_490' title='bbox 2876 2654 3103 2695; x_wconf 87' lang='lat' dir='ltr'><strong>sumens</strong></span> <span class='ocrx_word' id='word_1_491' title='bbox 3132 2650 3192 2694; x_wconf 90' lang='grc' dir='ltr'><strong>ιιι</strong></span> <span class='ocrx_word' id='word_1_492' title='bbox 3224 2642 3450 2709; x_wconf 79' lang='lat' dir='ltr'><strong>sapien-</strong></span> 
     </span>
    </p>
   </div>
   <div class='ocr_carea' id='block_1_71' title="bbox 1861 2725 3452 2799">
    <p class='ocr_par' dir='ltr' id='par_1_71' title="bbox 1861 2725 3452 2799">
     <span class='ocr_line' id='line_1_71' title="bbox 1861 2725 3452 2799; baseline 0.003 -19"><span class='ocrx_word' id='word_1_493' title='bbox 1861 2727 1970 2781; x_wconf 81' lang='lat' dir='ltr'><strong>tier</strong></span> <span class='ocrx_word' id='word_1_494' title='bbox 1994 2726 2105 2783; x_wconf 78' lang='lat' dir='ltr'><strong>ﬁat.</strong></span> <span class='ocrx_word' id='word_1_495' title='bbox 2139 2725 2183 2780; x_wconf 92' lang='grc' dir='ltr'><strong>Ο</strong></span> <span class='ocrx_word' id='word_1_496' title='bbox 2211 2727 2475 2795; x_wconf 77' lang='lat' dir='ltr'><strong>magister</strong></span> <span class='ocrx_word' id='word_1_497' title='bbox 2534 2728 2626 2782; x_wconf 88' lang='lat' dir='ltr'><strong>ille</strong></span> <span class='ocrx_word' id='word_1_498' title='bbox 2677 2729 2826 2783; x_wconf 87' lang='lat' dir='ltr'><strong>aditu</strong></span> <span class='ocrx_word' id='word_1_499' title='bbox 2879 2730 3094 2785; x_wconf 81' lang='lat' dir='ltr'><strong>facilis!</strong></span> <span class='ocrx_word' id='word_1_500' title='bbox 3142 2746 3304 2799; x_wconf 87' lang='lat' dir='ltr'><strong>quam</strong></span> <span class='ocrx_word' id='word_1_501' title='bbox 3335 2746 3452 2785; x_wconf 86' lang='lat' dir='ltr'><strong>ma-</strong></span> 
     </span>
    </p>
   </div>
   <div class='ocr_carea' id='block_1_72' title="bbox 1862 2817 3445 2888">
    <p class='ocr_par' dir='ltr' id='par_1_72' title="bbox 1862 2817 3445 2888">
     <span class='ocr_line' id='line_1_72' title="bbox 1862 2817 3445 2888; baseline 0.004 -17"><span class='ocrx_word' id='word_1_502' title='bbox 1862 2817 2121 2884; x_wconf 90' lang='lat' dir='ltr'><strong>nifestus,</strong></span> <span class='ocrx_word' id='word_1_503' title='bbox 2154 2834 2316 2888; x_wconf 91' lang='lat' dir='ltr'><strong>quam</strong></span> <span class='ocrx_word' id='word_1_504' title='bbox 2344 2820 2564 2883; x_wconf 84' lang='lat' dir='ltr'><strong>ardens,</strong></span> <span class='ocrx_word' id='word_1_505' title='bbox 2592 2835 2752 2888; x_wconf 86' lang='lat' dir='ltr'><strong>quam</strong></span> <span class='ocrx_word' id='word_1_506' title='bbox 2800 2820 2963 2877; x_wconf 84' lang='lat' dir='ltr'><strong>donis</strong></span> <span class='ocrx_word' id='word_1_507' title='bbox 2994 2822 3445 2877; x_wconf 78' lang='lat' dir='ltr'><strong>inaccessibilis!</strong></span> 
     </span>
    </p>
   </div>
   <div class='ocr_carea' id='block_1_73' title="bbox 1861 2907 3448 2988">
    <p class='ocr_par' dir='ltr' id='par_1_73' title="bbox 1861 2907 3448 2988">
     <span class='ocr_line' id='line_1_73' title="bbox 1861 2907 3448 2988; baseline 0.001 -25"><span class='ocrx_word' id='word_1_508' title='bbox 1861 2907 1979 2963; x_wconf 88' lang='lat' dir='ltr'><strong>Una</strong></span> <span class='ocrx_word' id='word_1_509' title='bbox 2022 2910 2183 2965; x_wconf 79' lang='lat' dir='ltr'><strong>docet</strong></span> <span class='ocrx_word' id='word_1_510' title='bbox 2222 2918 2277 2964; x_wconf 88' lang='lat' dir='ltr'><strong>et</strong></span> <span class='ocrx_word' id='word_1_511' title='bbox 2327 2920 2504 2976; x_wconf 86' lang='lat' dir='ltr'><strong>sanat,</strong></span> <span class='ocrx_word' id='word_1_512' title='bbox 2546 2910 2694 2966; x_wconf 88' lang='lat' dir='ltr'><strong>istud</strong></span> <span class='ocrx_word' id='word_1_513' title='bbox 2723 2911 2971 2988; x_wconf 82' lang='lat' dir='ltr'><strong>quidem</strong></span> <span class='ocrx_word' id='word_1_514' title='bbox 3008 2927 3073 2967; x_wconf 87' lang='lat' dir='ltr'><strong>eo</strong></span> <span class='ocrx_word' id='word_1_515' title='bbox 3104 2913 3249 2982; x_wconf 91' lang='lat' dir='ltr'><strong>quod</strong></span> <span class='ocrx_word' id='word_1_516' title='bbox 3292 2914 3448 2968; x_wconf 79' lang='lat' dir='ltr'><strong>salu-</strong></span> 
     </span>
    </p>
   </div>
   <div class='ocr_carea' id='block_1_74' title="bbox 1862 3000 3450 3075">
    <p class='ocr_par' dir='ltr' id='par_1_74' title="bbox 1862 3000 3450 3075">
     <span class='ocr_line' id='line_1_74' title="bbox 1862 3000 3450 3075; baseline 0.003 -22"><span class='ocrx_word' id='word_1_517' title='bbox 1862 3001 2000 3054; x_wconf 83' lang='lat' dir='ltr'><strong>tatia</strong></span> <span class='ocrx_word' id='word_1_518' title='bbox 2027 3000 2360 3069; x_wconf 73' lang='lat' dir='ltr'><strong>prmscribit,</strong></span> <span class='ocrx_word' id='word_1_519' title='bbox 2389 3002 2491 3056; x_wconf 90' lang='lat' dir='ltr'><strong>hoc</strong></span> <span class='ocrx_word' id='word_1_520' title='bbox 2520 3011 2701 3057; x_wconf 88' lang='lat' dir='ltr'><strong>autem</strong></span> <span class='ocrx_word' id='word_1_521' title='bbox 2756 3019 2820 3059; x_wconf 90' lang='lat' dir='ltr'><strong>eo</strong></span> <span class='ocrx_word' id='word_1_522' title='bbox 2880 3004 3022 3074; x_wconf 86' lang='lat' dir='ltr'><strong>quod</strong></span> <span class='ocrx_word' id='word_1_523' title='bbox 3060 3004 3256 3060; x_wconf 87' lang='lat' dir='ltr'><strong>morbo</strong></span> <span class='ocrx_word' id='word_1_524' title='bbox 3286 3005 3450 3075; x_wconf 78' lang='lat' dir='ltr'><strong>Spiri-</strong></span> 
     </span>
    </p>
   </div>
   <div class='ocr_carea' id='block_1_75' title="bbox 1861 3090 3437 3166">
    <p class='ocr_par' dir='ltr' id='par_1_75' title="bbox 1861 3090 3437 3166">
     <span class='ocr_line' id='line_1_75' title="bbox 1861 3090 3437 3166; baseline 0.001 -20"><span class='ocrx_word' id='word_1_525' title='bbox 1861 3091 1951 3146; x_wconf 85' lang='lat' dir='ltr'><strong>tali</strong></span> <span class='ocrx_word' id='word_1_526' title='bbox 1984 3092 2209 3161; x_wconf 84' lang='lat' dir='ltr'><strong>purgat!</strong></span> <span class='ocrx_word' id='word_1_527' title='bbox 2244 3091 2388 3147; x_wconf 85' lang='lat' dir='ltr'><strong>Idem</strong></span> <span class='ocrx_word' id='word_1_528' title='bbox 2421 3094 2475 3147; x_wconf 92' lang='lat' dir='ltr'><strong>in</strong></span> <span class='ocrx_word' id='word_1_529' title='bbox 2510 3093 2842 3162; x_wconf 78' lang='lat' dir='ltr'><strong>profundam</strong></span> <span class='ocrx_word' id='word_1_530' title='bbox 2868 3090 3127 3166; x_wconf 63' lang='lat' dir='ltr'><strong>abyssum</strong></span> <span class='ocrx_word' id='word_1_531' title='bbox 3173 3097 3437 3160; x_wconf 82' lang='lat' dir='ltr'><strong>demittit,</strong></span> 
     </span>
    </p>
   </div>
   <div class='ocr_carea' id='block_1_76' title="bbox 1863 3185 3443 3257">
    <p class='ocr_par' dir='ltr' id='par_1_76' title="bbox 1863 3185 3443 3257">
     <span class='ocr_line' id='line_1_76' title="bbox 1863 3185 3443 3257; baseline 0.001 -17"><span class='ocrx_word' id='word_1_532' title='bbox 1863 3193 1914 3241; x_wconf 88' lang='lat' dir='ltr'><strong>et</strong></span> <span class='ocrx_word' id='word_1_533' title='bbox 1968 3186 2021 3239; x_wconf 89' lang='lat' dir='ltr'><strong>in</strong></span> <span class='ocrx_word' id='word_1_534' title='bbox 2074 3185 2276 3240; x_wconf 59' lang='lat' dir='ltr'><strong>caelum</strong></span> <span class='ocrx_word' id='word_1_535' title='bbox 2338 3186 2571 3249; x_wconf 79' lang='lat' dir='ltr'><strong>extollit,</strong></span> <span class='ocrx_word' id='word_1_536' title='bbox 2631 3187 2786 3253; x_wconf 89' lang='lat' dir='ltr'><strong>illud,</strong></span> <span class='ocrx_word' id='word_1_537' title='bbox 2826 3188 2974 3256; x_wconf 90' lang='lat' dir='ltr'><strong>quod</strong></span> <span class='ocrx_word' id='word_1_538' title='bbox 3021 3204 3087 3242; x_wconf 82' lang='lat' dir='ltr'><strong>ex</strong></span> <span class='ocrx_word' id='word_1_539' title='bbox 3119 3189 3443 3257; x_wconf 81' lang='lat' dir='ltr'><strong>poenitentia</strong></span> 
     </span>
    </p>
   </div>
   <div class='ocr_carea' id='block_1_77' title="bbox 1864 3276 3437 3349">
    <p class='ocr_par' dir='ltr' id='par_1_77' title="bbox 1864 3276 3437 3349">
     <span class='ocr_line' id='line_1_77' title="bbox 1864 3276 3437 3349; baseline 0.004 -20"><span class='ocrx_word' id='word_1_540' title='bbox 1864 3276 2143 3339; x_wconf 87' lang='lat' dir='ltr'><strong>bumiliat,</strong></span> <span class='ocrx_word' id='word_1_541' title='bbox 2207 3278 2331 3341; x_wconf 91' lang='lat' dir='ltr'><strong>hoc,</strong></span> <span class='ocrx_word' id='word_1_542' title='bbox 2369 3278 2517 3346; x_wconf 89' lang='lat' dir='ltr'><strong>quod</strong></span> <span class='ocrx_word' id='word_1_543' title='bbox 2582 3280 2825 3348; x_wconf 88' lang='lat' dir='ltr'><strong>puritate</strong></span> <span class='ocrx_word' id='word_1_544' title='bbox 2876 3296 2940 3334; x_wconf 76' lang='lat' dir='ltr'><strong>ex</strong></span> <span class='ocrx_word' id='word_1_545' title='bbox 2991 3281 3310 3349; x_wconf 82' lang='lat' dir='ltr'><strong>poenitentia</strong></span> <span class='ocrx_word' id='word_1_546' title='bbox 3370 3283 3437 3335; x_wconf 88' lang='lat' dir='ltr'><strong>ad</strong></span> 
     </span>
    </p>
   </div>
   <div class='ocr_carea' id='block_1_78' title="bbox 1862 3367 3438 3439">
    <p class='ocr_par' dir='ltr' id='par_1_78' title="bbox 1862 3367 3438 3439">
     <span class='ocr_line' id='line_1_78' title="bbox 1862 3367 3438 3439; baseline 0.004 -20"><span class='ocrx_word' id='word_1_547' title='bbox 1862 3367 2197 3423; x_wconf 86' lang='lat' dir='ltr'><strong>altissimum</strong></span> <span class='ocrx_word' id='word_1_548' title='bbox 2232 3369 2523 3424; x_wconf 86' lang='lat' dir='ltr'><strong>Dominum</strong></span> <span class='ocrx_word' id='word_1_549' title='bbox 2569 3371 2778 3425; x_wconf 79' lang='lat' dir='ltr'><strong>elevat!</strong></span> <span class='ocrx_word' id='word_1_550' title='bbox 2817 3369 2874 3423; x_wconf 87' lang='lat' dir='ltr'><strong>Si</strong></span> <span class='ocrx_word' id='word_1_551' title='bbox 2911 3371 3037 3439; x_wconf 87' lang='lat' dir='ltr'><strong>quis</strong></span> <span class='ocrx_word' id='word_1_552' title='bbox 3091 3386 3222 3425; x_wconf 90' lang='lat' dir='ltr'><strong>vero</strong></span> <span class='ocrx_word' id='word_1_553' title='bbox 3257 3372 3438 3425; x_wconf 73' lang='lat' dir='ltr'><strong>delin-</strong></span> 
     </span>
    </p>
   </div>
   <div class='ocr_carea' id='block_1_79' title="bbox 1860 3460 3439 3534">
    <p class='ocr_par' dir='ltr' id='par_1_79' title="bbox 1860 3460 3439 3534">
     <span class='ocr_line' id='line_1_79' title="bbox 1860 3460 3439 3534; baseline 0.004 -20"><span class='ocrx_word' id='word_1_554' title='bbox 1860 3475 2062 3530; x_wconf 89' lang='lat' dir='ltr'><strong>quens,</strong></span> <span class='ocrx_word' id='word_1_555' title='bbox 2095 3460 2411 3528; x_wconf 89' lang='lat' dir='ltr'><strong>hujusmodi</strong></span> <span class='ocrx_word' id='word_1_556' title='bbox 2448 3463 2940 3531; x_wconf 85' lang='lat' dir='ltr'><strong>reprehensionem</strong></span> <span class='ocrx_word' id='word_1_557' title='bbox 2997 3480 3026 3519; x_wconf 88' lang='lat' dir='ltr'><strong>a</strong></span> <span class='ocrx_word' id='word_1_558' title='bbox 3068 3479 3126 3519; x_wconf 92' lang='lat' dir='ltr'><strong>se</strong></span> <span class='ocrx_word' id='word_1_559' title='bbox 3165 3465 3439 3534; x_wconf 78' lang='lat' dir='ltr'><strong>projicere</strong></span> 
     </span>
    </p>
   </div>
   <div class='ocr_carea' id='block_1_80' title="bbox 1859 3553 3439 3626">
    <p class='ocr_par' dir='ltr' id='par_1_80' title="bbox 1859 3553 3439 3626">
     <span class='ocr_line' id='line_1_80' title="bbox 1859 3553 3439 3626; baseline 0.003 -19"><span class='ocrx_word' id='word_1_560' title='bbox 1859 3559 2053 3616; x_wconf 87' lang='lat' dir='ltr'><strong>tentat,</strong></span> <span class='ocrx_word' id='word_1_561' title='bbox 2078 3553 2203 3607; x_wconf 87' lang='lat' dir='ltr'><strong>talis</strong></span> <span class='ocrx_word' id='word_1_562' title='bbox 2245 3555 2661 3621; x_wconf 88' lang='lat' dir='ltr'><strong>contremiscat,</strong></span> <span class='ocrx_word' id='word_1_563' title='bbox 2691 3555 2929 3622; x_wconf 86' lang='lat' dir='ltr'><strong>veritus,</strong></span> <span class='ocrx_word' id='word_1_564' title='bbox 2963 3571 3033 3610; x_wconf 90' lang='lat' dir='ltr'><strong>ne</strong></span> <span class='ocrx_word' id='word_1_565' title='bbox 3063 3555 3360 3626; x_wconf 89' lang='lat' dir='ltr'><strong>aliquando</strong></span> <span class='ocrx_word' id='word_1_566' title='bbox 3384 3565 3439 3611; x_wconf 90' lang='lat' dir='ltr'><strong>et</strong></span> 
     </span>
    </p>
   </div>
   <div class='ocr_carea' id='block_1_81' title="bbox 1860 3644 3435 3720">
    <p class='ocr_par' dir='ltr' id='par_1_81' title="bbox 1860 3644 3435 3720">
     <span class='ocr_line' id='line_1_81' title="bbox 1860 3644 3435 3720; baseline 0.004 -22"><span class='ocrx_word' id='word_1_567' title='bbox 1860 3644 1980 3715; x_wconf 89' lang='lat' dir='ltr'><strong>ipse</strong></span> <span class='ocrx_word' id='word_1_568' title='bbox 2026 3645 2080 3698; x_wconf 92' lang='lat' dir='ltr'><strong>in</strong></span> <span class='ocrx_word' id='word_1_569' title='bbox 2133 3660 2306 3702; x_wconf 88' lang='lat' dir='ltr'><strong>causa</strong></span> <span class='ocrx_word' id='word_1_570' title='bbox 2356 3646 2647 3701; x_wconf 88' lang='lat' dir='ltr'><strong>tremenda</strong></span> <span class='ocrx_word' id='word_1_571' title='bbox 2711 3650 3113 3713; x_wconf 88' lang='lat' dir='ltr'><strong>constituatur,</strong></span> <span class='ocrx_word' id='word_1_572' title='bbox 3175 3657 3435 3720; x_wconf 82' lang='lat' dir='ltr'><strong>tanquam</strong></span> 
     </span>
    </p>
   </div>
   <div class='ocr_carea' id='block_1_82' title="bbox 1856 3735 3239 3806">
    <p class='ocr_par' dir='ltr' id='par_1_82' title="bbox 1856 3735 3239 3806">
     <span class='ocr_line' id='line_1_82' title="bbox 1856 3735 3239 3806; baseline 0.004 -15"><span class='ocrx_word' id='word_1_573' title='bbox 1856 3735 2040 3806; x_wconf 84' lang='lat' dir='ltr'><strong>justas</strong></span> <span class='ocrx_word' id='word_1_574' title='bbox 2071 3738 2537 3805; x_wconf 85' lang='lat' dir='ltr'><strong>reprehensiones</strong></span> <span class='ocrx_word' id='word_1_575' title='bbox 2566 3740 2672 3795; x_wconf 90' lang='lat' dir='ltr'><strong>sibi</strong></span> <span class='ocrx_word' id='word_1_576' title='bbox 2707 3740 2912 3797; x_wconf 82' lang='lat' dir='ltr'><strong>vibices</strong></span> <span class='ocrx_word' id='word_1_577' title='bbox 2938 3744 3239 3797; x_wconf 67' lang='lat' dir='ltr'><strong>aestimans.</strong></span> 
     </span>
    </p>
   </div>
   <div class='ocr_carea' id='block_1_83' title="bbox 1926 3828 3437 3901">
    <p class='ocr_par' dir='ltr' id='par_1_83' title="bbox 1926 3828 3437 3901">
     <span class='ocr_line' id='line_1_83' title="bbox 1926 3828 3437 3901; baseline 0.001 -18"><span class='ocrx_word' id='word_1_578' title='bbox 1926 3828 2082 3884; x_wconf 76' lang='lat'><strong>58.0</strong></span> <span class='ocrx_word' id='word_1_579' title='bbox 2113 3838 2369 3899; x_wconf 85' lang='lat' dir='ltr'><strong>peccator</strong></span> <span class='ocrx_word' id='word_1_580' title='bbox 2409 3845 2534 3900; x_wconf 83' lang='lat' dir='ltr'><strong>ego,</strong></span> <span class='ocrx_word' id='word_1_581' title='bbox 2574 3840 3004 3901; x_wconf 83' lang='lat' dir='ltr'><strong>peecatoresque</strong></span> <span class='ocrx_word' id='word_1_582' title='bbox 3050 3830 3096 3886; x_wconf 88' lang='lat' dir='ltr'><strong>si</strong></span> <span class='ocrx_word' id='word_1_583' title='bbox 3132 3831 3273 3887; x_wconf 85' lang='lat' dir='ltr'><strong>forte</strong></span> <span class='ocrx_word' id='word_1_584' title='bbox 3323 3832 3437 3887; x_wconf 82' lang='lat' dir='ltr'><strong>sint</strong></span> 
     </span>
    </p>
   </div>
   <div class='ocr_carea' id='block_1_84' title="bbox 1857 3921 3437 3991">
    <p class='ocr_par' dir='ltr' id='par_1_84' title="bbox 1857 3921 3437 3991">
     <span class='ocr_line' id='line_1_84' title="bbox 1857 3921 3437 3991; baseline -0.001 -15"><span class='ocrx_word' id='word_1_585' title='bbox 1857 3921 1990 3976; x_wconf 87' lang='lat' dir='ltr'><strong>mihi</strong></span> <span class='ocrx_word' id='word_1_586' title='bbox 2034 3922 2264 3988; x_wconf 83' lang='lat' dir='ltr'><strong>similes,</strong></span> <span class='ocrx_word' id='word_1_587' title='bbox 2314 3938 2417 3978; x_wconf 87' lang='lat' dir='ltr'><strong>cur</strong></span> <span class='ocrx_word' id='word_1_588' title='bbox 2468 3922 2684 3978; x_wconf 89' lang='lat' dir='ltr'><strong>tandem</strong></span> <span class='ocrx_word' id='word_1_589' title='bbox 2738 3925 3083 3980; x_wconf 88' lang='lat' dir='ltr'><strong>conscientia</strong></span> <span class='ocrx_word' id='word_1_590' title='bbox 3122 3924 3437 3991; x_wconf 77' lang='lat' dir='ltr'><strong>cauteriati,</strong></span> 
     </span>
    </p>
   </div>
   <div class='ocr_carea' id='block_1_85' title="bbox 1854 4012 3428 4084">
    <p class='ocr_par' dir='ltr' id='par_1_85' title="bbox 1854 4012 3428 4084">
     <span class='ocr_line' id='line_1_85' title="bbox 1854 4012 3428 4084; baseline 0.003 -19"><span class='ocrx_word' id='word_1_591' title='bbox 1854 4012 1947 4082; x_wconf 87' lang='lat' dir='ltr'><strong>qui</strong></span> <span class='ocrx_word' id='word_1_592' title='bbox 1977 4028 2075 4068; x_wconf 86' lang='lat' dir='ltr'><strong>nos</strong></span> <span class='ocrx_word' id='word_1_593' title='bbox 2101 4029 2227 4070; x_wconf 89' lang='lat' dir='ltr'><strong>esse</strong></span> <span class='ocrx_word' id='word_1_594' title='bbox 2264 4022 2582 4084; x_wconf 79' lang='lat' dir='ltr'><strong>peccatores</strong></span> <span class='ocrx_word' id='word_1_595' title='bbox 2614 4014 2842 4079; x_wconf 86' lang='lat' dir='ltr'><strong>scimus,</strong></span> <span class='ocrx_word' id='word_1_596' title='bbox 2871 4017 3173 4070; x_wconf 87' lang='lat' dir='ltr'><strong>cauterium</strong></span> <span class='ocrx_word' id='word_1_597' title='bbox 3212 4031 3276 4071; x_wconf 76' lang='lat' dir='ltr'><strong>ex</strong></span> <span class='ocrx_word' id='word_1_598' title='bbox 3313 4032 3428 4070; x_wconf 79' lang='lat' dir='ltr'><strong>ser-</strong></span> 
     </span>
    </p>
   </div>
   <div class='ocr_carea' id='block_1_86' title="bbox 1855 4105 3435 4176">
    <p class='ocr_par' dir='ltr' id='par_1_86' title="bbox 1855 4105 3435 4176">
     <span class='ocr_line' id='line_1_86' title="bbox 1855 4105 3435 4176; baseline 0.001 -17"><span class='ocrx_word' id='word_1_599' title='bbox 1855 4107 2111 4162; x_wconf 85' lang='lat' dir='ltr'><strong>monibus</strong></span> <span class='ocrx_word' id='word_1_600' title='bbox 2167 4121 2311 4176; x_wconf 73' lang='lat' dir='ltr'><strong>aegre</strong></span> <span class='ocrx_word' id='word_1_601' title='bbox 2371 4106 2643 4161; x_wconf 82' lang='lat' dir='ltr'><strong>ferimus?</strong></span> <span class='ocrx_word' id='word_1_602' title='bbox 2689 4105 2882 4162; x_wconf 78' lang='lat' dir='ltr'><strong>Morbo</strong></span> <span class='ocrx_word' id='word_1_603' title='bbox 2921 4107 3236 4161; x_wconf 89' lang='lat' dir='ltr'><strong>laborantes</strong></span> <span class='ocrx_word' id='word_1_604' title='bbox 3294 4107 3435 4161; x_wconf 86' lang='lat' dir='ltr'><strong>istos</strong></span> 
     </span>
    </p>
   </div>
   <div class='ocr_carea' id='block_1_87' title="bbox 1855 4196 3439 4267">
    <p class='ocr_par' dir='ltr' id='par_1_87' title="bbox 1855 4196 3439 4267">
     <span class='ocr_line' id='line_1_87' title="bbox 1855 4196 3439 4267; baseline 0.003 -17"><span class='ocrx_word' id='word_1_605' title='bbox 1855 4196 2036 4260; x_wconf 90' lang='lat' dir='ltr'><strong>laudo,</strong></span> <span class='ocrx_word' id='word_1_606' title='bbox 2066 4196 2162 4266; x_wconf 90' lang='lat' dir='ltr'><strong>qui</strong></span> <span class='ocrx_word' id='word_1_607' title='bbox 2189 4210 2249 4251; x_wconf 86' lang='lat' dir='ltr'><strong>se</strong></span> <span class='ocrx_word' id='word_1_608' title='bbox 2280 4196 2528 4252; x_wconf 88' lang='lat' dir='ltr'><strong>sentiunt</strong></span> <span class='ocrx_word' id='word_1_609' title='bbox 2567 4207 2844 4266; x_wconf 71' lang='lat' dir='ltr'><strong>aegrotare</strong></span> <span class='ocrx_word' id='word_1_610' title='bbox 2877 4197 3439 4267; x_wconf 75' lang='lat' dir='ltr'><strong>combustionemque</strong></span> 
     </span>
    </p>
   </div>
   <div class='ocr_carea' id='block_1_88' title="bbox 1854 4288 3436 4354">
    <p class='ocr_par' dir='ltr' id='par_1_88' title="bbox 1854 4288 3436 4354">
     <span class='ocr_line' id='line_1_88' title="bbox 1854 4288 3436 4354; baseline -0.004 -9"><span class='ocrx_word' id='word_1_611' title='bbox 1854 4290 2129 4345; x_wconf 88' lang='lat' dir='ltr'><strong>sustinent</strong></span> <span class='ocrx_word' id='word_1_612' title='bbox 2152 4289 2220 4342; x_wconf 89' lang='lat' dir='ltr'><strong>ad</strong></span> <span class='ocrx_word' id='word_1_613' title='bbox 2246 4290 2565 4343; x_wconf 88' lang='lat' dir='ltr'><strong>sanitatem.</strong></span> <span class='ocrx_word' id='word_1_614' title='bbox 2593 4288 2695 4354; x_wconf 84' lang='lat' dir='ltr'><strong>Qui</strong></span> <span class='ocrx_word' id='word_1_615' title='bbox 2744 4288 3038 4344; x_wconf 88' lang='lat' dir='ltr'><strong>manifeste</strong></span> <span class='ocrx_word' id='word_1_616' title='bbox 3070 4291 3295 4344; x_wconf 86' lang='lat' dir='ltr'><strong>strabus</strong></span> <span class='ocrx_word' id='word_1_617' title='bbox 3322 4302 3436 4354; x_wconf 85' lang='lat' dir='ltr'><strong>esr,</strong></span> 
     </span>
    </p>
   </div>
   <div class='ocr_carea' id='block_1_89' title="bbox 1854 4380 3433 4449">
    <p class='ocr_par' dir='ltr' id='par_1_89' title="bbox 1854 4380 3433 4449">
     <span class='ocr_line' id='line_1_89' title="bbox 1854 4380 3433 4449; baseline 0 -15"><span class='ocrx_word' id='word_1_618' title='bbox 1854 4380 1900 4434; x_wconf 89' lang='lat' dir='ltr'><strong>si</strong></span> <span class='ocrx_word' id='word_1_619' title='bbox 1932 4381 2079 4449; x_wconf 85' lang='lat' dir='ltr'><strong>quod</strong></span> <span class='ocrx_word' id='word_1_620' title='bbox 2116 4382 2258 4435; x_wconf 90' lang='lat' dir='ltr'><strong>bene</strong></span> <span class='ocrx_word' id='word_1_621' title='bbox 2296 4381 2370 4435; x_wconf 89' lang='lat' dir='ltr'><strong>sit</strong></span> <span class='ocrx_word' id='word_1_622' title='bbox 2403 4380 2583 4436; x_wconf 91' lang='lat' dir='ltr'><strong>oculis</strong></span> <span class='ocrx_word' id='word_1_623' title='bbox 2613 4380 2823 4445; x_wconf 87' lang='lat' dir='ltr'><strong>audiat,</strong></span> <span class='ocrx_word' id='word_1_624' title='bbox 2856 4381 3077 4437; x_wconf 87' lang='lat' dir='ltr'><strong>irrideti</strong></span> <span class='ocrx_word' id='word_1_625' title='bbox 3109 4397 3170 4437; x_wconf 90' lang='lat' dir='ltr'><strong>se</strong></span> <span class='ocrx_word' id='word_1_626' title='bbox 3198 4384 3433 4449; x_wconf 76' lang='lat' dir='ltr'><strong>iudicat,</strong></span> 
     </span>
    </p>
   </div>
   <div class='ocr_carea' id='block_1_90' title="bbox 173 4463 1754 4545">
    <p class='ocr_par' dir='ltr' id='par_1_90' title="bbox 173 4463 1738 4544">
     <span class='ocr_line' id='line_1_90' title="bbox 173 4463 1738 4544; baseline 0.01 -31"><span class='ocrx_word' id='word_1_627' title='bbox 173 4463 456 4532; x_wconf 74' lang='grc' dir='ltr'>μέμφεται.</span> <span class='ocrx_word' id='word_1_628' title='bbox 515 4469 682 4522; x_wconf 73' lang='grc' dir='ltr'>Οὖτῶ</span> <span class='ocrx_word' id='word_1_629' title='bbox 730 4470 785 4522; x_wconf 80' lang='grc' dir='ltr'>δὲ</span> <span class='ocrx_word' id='word_1_630' title='bbox 819 4471 909 4523; x_wconf 73' lang='grc' dir='ltr'>καὶ</span> <span class='ocrx_word' id='word_1_631' title='bbox 934 4474 962 4524; x_wconf 84' lang='grc' dir='ltr'>ὁ</span> <span class='ocrx_word' id='word_1_632' title='bbox 1002 4471 1384 4536; x_wconf 81' lang='grc' dir='ltr'>κυλλοποδίων,</span> <span class='ocrx_word' id='word_1_633' title='bbox 1422 4474 1578 4542; x_wconf 83' lang='grc' dir='ltr'>είπερ</span> <span class='ocrx_word' id='word_1_634' title='bbox 1601 4474 1738 4544; x_wconf 76' lang='grc' dir='ltr'>ὀρθὰ</span> 
     </span>
    </p>
   </div>
   <div class='ocr_carea' id='block_1_91' title="bbox 1864 4463 3439 4545">
    <p class='ocr_par' dir='ltr' id='par_1_91' title="bbox 1864 4473 3439 4545">
     <span class='ocr_line' id='line_1_91' title="bbox 1864 4473 3439 4545; baseline 0.002 -20"><span class='ocrx_word' id='word_1_635' title='bbox 1864 4481 1897 4525; x_wconf 77' lang='lat' dir='ltr'><strong>:t</strong></span> <span class='ocrx_word' id='word_1_636' title='bbox 1940 4473 2205 4540; x_wconf 91' lang='lat' dir='ltr'><strong>eumqui</strong></span> <span class='ocrx_word' id='word_1_637' title='bbox 2265 4473 2494 4528; x_wconf 89' lang='lat' dir='ltr'><strong>laudare</strong></span> <span class='ocrx_word' id='word_1_638' title='bbox 2552 4475 2769 4528; x_wconf 86' lang='lat' dir='ltr'><strong>videtur</strong></span> <span class='ocrx_word' id='word_1_639' title='bbox 2832 4476 3037 4545; x_wconf 85' lang='lat' dir='ltr'><strong>arguit.</strong></span> <span class='ocrx_word' id='word_1_640' title='bbox 3110 4475 3203 4529; x_wconf 90' lang='lat' dir='ltr'><strong>Sic</strong></span> <span class='ocrx_word' id='word_1_641' title='bbox 3267 4491 3439 4544; x_wconf 80' lang='lat' dir='ltr'><strong>perm</strong></span> 
     </span>
    </p>
   </div>
   <div class='ocr_carea' id='block_1_92' title="bbox 171 4550 1742 4625">
    <p class='ocr_par' dir='ltr' id='par_1_92' title="bbox 171 4550 1742 4625">
     <span class='ocr_line' id='line_1_92' title="bbox 171 4550 1742 4625; baseline 0.009 -23"><span class='ocrx_word' id='word_1_642' title='bbox 171 4550 392 4619; x_wconf 73' lang='grc' dir='ltr'>βαδίζειν</span> <span class='ocrx_word' id='word_1_643' title='bbox 416 4559 659 4625; x_wconf 80' lang='grc' dir='ltr'>λέγοιτο.</span> <span class='ocrx_word' id='word_1_644' title='bbox 693 4559 765 4612; x_wconf 73' lang='grc' dir='ltr'><strong>Τὸ</strong></span> <span class='ocrx_word' id='word_1_645' title='bbox 796 4560 841 4613; x_wconf 84' lang='grc' dir='ltr'>δ’</span> <span class='ocrx_word' id='word_1_646' title='bbox 872 4561 1005 4612; x_wconf 73' lang='grc' dir='ltr'>αὐτὸ</span> <span class='ocrx_word' id='word_1_647' title='bbox 1034 4561 1128 4613; x_wconf 73' lang='grc' dir='ltr'>καὶ</span> <span class='ocrx_word' id='word_1_648' title='bbox 1173 4561 1267 4613; x_wconf 71' lang='grc' dir='ltr'>ἐπὶ</span> <span class='ocrx_word' id='word_1_649' title='bbox 1312 4562 1420 4613; x_wconf 88' lang='grc' dir='ltr'><strong>τῶν</strong></span> <span class='ocrx_word' id='word_1_650' title='bbox 1449 4562 1623 4615; x_wconf 78' lang='grc' dir='ltr'>ἄλλων</span> <span class='ocrx_word' id='word_1_651' title='bbox 1645 4581 1742 4615; x_wconf 82' lang='grc' dir='ltr'>κα-</span> 
     </span>
    </p>
   </div>
   <div class='ocr_carea' id='block_1_93' title="bbox 165 4647 1738 4723">
    <p class='ocr_par' dir='ltr' id='par_1_93' title="bbox 165 4647 1738 4723">
     <span class='ocr_line' id='line_1_93' title="bbox 165 4647 1738 4723; baseline 0.006 -26"><span class='ocrx_word' id='word_1_652' title='bbox 165 4647 225 4698; x_wconf 64' lang='grc' dir='ltr'><strong>τὰ</strong></span> <span class='ocrx_word' id='word_1_653' title='bbox 266 4650 423 4718; x_wconf 77' lang='grc' dir='ltr'>σῶμα</span> <span class='ocrx_word' id='word_1_654' title='bbox 479 4651 814 4722; x_wconf 78' lang='grc' dir='ltr'>πηρώσεων.</span> <span class='ocrx_word' id='word_1_655' title='bbox 884 4654 1074 4723; x_wconf 84' lang='grc' dir='ltr'>Ἡμεῖς</span> <span class='ocrx_word' id='word_1_656' title='bbox 1117 4652 1194 4716; x_wconf 82' lang='grc' dir='ltr'>δὲ,</span> <span class='ocrx_word' id='word_1_657' title='bbox 1251 4647 1329 4706; x_wconf 81' lang='grc' dir='ltr'>ὧν</span> <span class='ocrx_word' id='word_1_658' title='bbox 1366 4654 1581 4723; x_wconf 88' lang='grc' dir='ltr'>πρῶτος</span> <span class='ocrx_word' id='word_1_659' title='bbox 1608 4656 1738 4722; x_wconf 88' lang='grc' dir='ltr'>ἐγὼ,</span> 
     </span>
    </p>
   </div>
   <div class='ocr_carea' id='block_1_94' title="bbox 164 4737 1740 4815">
    <p class='ocr_par' dir='ltr' id='par_1_94' title="bbox 164 4737 1740 4815">
     <span class='ocr_line' id='line_1_94' title="bbox 164 4737 1740 4815; baseline 0.006 -25"><span class='ocrx_word' id='word_1_660' title='bbox 164 4737 448 4807; x_wconf 70' lang='grc' dir='ltr'>ἁμαρτίαις</span> <span class='ocrx_word' id='word_1_661' title='bbox 482 4744 847 4813; x_wconf 57' lang='grc' dir='ltr'>ἐζοφωμένοι,</span> <span class='ocrx_word' id='word_1_662' title='bbox 898 4748 991 4799; x_wconf 69' lang='grc' dir='ltr'>καὶ</span> <span class='ocrx_word' id='word_1_663' title='bbox 1048 4746 1429 4815; x_wconf 80' lang='grc' dir='ltr'>μανθάνοντες,</span> <span class='ocrx_word' id='word_1_664' title='bbox 1460 4748 1573 4815; x_wconf 82' lang='grc' dir='ltr'><strong>φῶς</strong></span> <span class='ocrx_word' id='word_1_665' title='bbox 1599 4741 1740 4800; x_wconf 82' lang='grc' dir='ltr'>εἶναι</span> 
     </span>
    </p>
   </div>
   <div class='ocr_carea' id='block_1_95' title="bbox 163 4835 1740 4908">
    <p class='ocr_par' dir='ltr' id='par_1_95' title="bbox 163 4835 1740 4908">
     <span class='ocr_line' id='line_1_95' title="bbox 163 4835 1740 4908; baseline 0.006 -25"><span class='ocrx_word' id='word_1_666' title='bbox 163 4836 247 4885; x_wconf 77' lang='grc' dir='ltr'>καὶ</span> <span class='ocrx_word' id='word_1_667' title='bbox 274 4835 507 4903; x_wconf 72' lang='grc' dir='ltr'>ἡλιῶδες</span> <span class='ocrx_word' id='word_1_668' title='bbox 543 4837 983 4908; x_wconf 82' lang='grc' dir='ltr'>ἀπαστράπτειν,</span> <span class='ocrx_word' id='word_1_669' title='bbox 1045 4838 1184 4891; x_wconf 74' lang='grc' dir='ltr'>διατι</span> <span class='ocrx_word' id='word_1_670' title='bbox 1222 4839 1285 4893; x_wconf 80' lang='grc' dir='ltr'>οὐ</span> <span class='ocrx_word' id='word_1_671' title='bbox 1343 4839 1593 4908; x_wconf 82' lang='grc' dir='ltr'>νοοῦμεν,</span> <span class='ocrx_word' id='word_1_672' title='bbox 1655 4841 1740 4893; x_wconf 83' lang='grc' dir='ltr'>ὅτι</span> 
     </span>
    </p>
   </div>
   <div class='ocr_carea' id='block_1_96' title="bbox 162 4924 1740 5000">
    <p class='ocr_par' dir='ltr' id='par_1_96' title="bbox 162 4924 1740 5000">
     <span class='ocr_line' id='line_1_96' title="bbox 162 4924 1740 5000; baseline 0.006 -25"><span class='ocrx_word' id='word_1_673' title='bbox 162 4924 476 4997; x_wconf 76' lang='grc' dir='ltr'>γελώμεθας</span> <span class='ocrx_word' id='word_1_674' title='bbox 528 4928 827 4998; x_wconf 71' lang='grc' dir='ltr'>Ἐθέλομεν</span> <span class='ocrx_word' id='word_1_675' title='bbox 855 4930 910 4983; x_wconf 78' lang='grc' dir='ltr'>δὲ</span> <span class='ocrx_word' id='word_1_676' title='bbox 941 4930 1180 5000; x_wconf 88' lang='grc' dir='ltr'>συνεχῶς</span> <span class='ocrx_word' id='word_1_677' title='bbox 1227 4930 1361 4984; x_wconf 77' lang='grc' dir='ltr'>αὐτὸ</span> <span class='ocrx_word' id='word_1_678' title='bbox 1389 4930 1608 4986; x_wconf 86' lang='grc' dir='ltr'>ἀκούειν</span> <span class='ocrx_word' id='word_1_679' title='bbox 1659 4934 1740 4995; x_wconf 79' lang='grc' dir='ltr'>εἰς</span> 
     </span>
    </p>
   </div>
   <div class='ocr_carea' id='block_1_97' title="bbox 158 5016 1741 5092">
    <p class='ocr_par' dir='ltr' id='par_1_97' title="bbox 158 5016 1741 5092">
     <span class='ocr_line' id='line_1_97' title="bbox 158 5016 1741 5092; baseline 0.008 -25"><span class='ocrx_word' id='word_1_680' title='bbox 158 5016 389 5074; x_wconf 75' lang='grc' dir='ltr'>ἔπαινον.</span> <span class='ocrx_word' id='word_1_681' title='bbox 424 5022 488 5075; x_wconf 72' lang='lat' dir='ltr'><strong>Et</strong></span> <span class='ocrx_word' id='word_1_682' title='bbox 511 5021 573 5074; x_wconf 76' lang='grc' dir='ltr'>δὲ</span> <span class='ocrx_word' id='word_1_683' title='bbox 604 5022 638 5074; x_wconf 82' lang='grc' dir='ltr'><strong><em>ὁ</em></strong></span> <span class='ocrx_word' id='word_1_684' title='bbox 675 5020 978 5091; x_wconf 70' lang='grc' dir='ltr'>παρασλὼψ</span> <span class='ocrx_word' id='word_1_685' title='bbox 1006 5024 1100 5075; x_wconf 70' lang='lat' dir='ltr'><strong>xa‘t</strong></span> <span class='ocrx_word' id='word_1_686' title='bbox 1131 5022 1326 5092; x_wconf 82' lang='grc' dir='ltr'>χωλὸς,</span> <span class='ocrx_word' id='word_1_687' title='bbox 1359 5023 1454 5076; x_wconf 76' lang='grc' dir='ltr'>καὶ</span> <span class='ocrx_word' id='word_1_688' title='bbox 1478 5024 1626 5087; x_wconf 82' lang='grc' dir='ltr'>ὅσοις</span> <span class='ocrx_word' id='word_1_689' title='bbox 1646 5023 1741 5079; x_wconf 82' lang='grc' dir='ltr'>άλ·</span> 
     </span>
    </p>
   </div>
   <div class='ocr_carea' id='block_1_98' title="bbox 161 5106 1740 5187">
    <p class='ocr_par' dir='ltr' id='par_1_98' title="bbox 161 5106 1740 5187">
     <span class='ocr_line' id='line_1_98' title="bbox 161 5106 1740 5187; baseline 0.004 -25"><span class='ocrx_word' id='word_1_690' title='bbox 161 5106 265 5171; x_wconf 80' lang='grc' dir='ltr'>λοις</span> <span class='ocrx_word' id='word_1_691' title='bbox 307 5114 340 5180; x_wconf 72' lang='grc' dir='ltr'><strong>ἡ</strong></span> <span class='ocrx_word' id='word_1_692' title='bbox 375 5114 528 5166; x_wconf 78' lang='grc' dir='ltr'>κατὰ</span> <span class='ocrx_word' id='word_1_693' title='bbox 583 5111 747 5182; x_wconf 77' lang='grc' dir='ltr'>σῶμα</span> <span class='ocrx_word' id='word_1_694' title='bbox 795 5114 1108 5185; x_wconf 82' lang='grc' dir='ltr'>ἡμάρτηται</span> <span class='ocrx_word' id='word_1_695' title='bbox 1159 5116 1379 5181; x_wconf 87' lang='grc' dir='ltr'>πλάσις,</span> <span class='ocrx_word' id='word_1_696' title='bbox 1412 5115 1583 5187; x_wconf 77' lang='grc' dir='ltr'>θυμὸν</span> <span class='ocrx_word' id='word_1_697' title='bbox 1609 5119 1740 5171; x_wconf 81' lang='grc' dir='ltr'>άνα-</span> 
     </span>
    </p>
   </div>
   <div class='ocr_carea' id='block_1_99' title="bbox 159 5200 1738 5273">
    <p class='ocr_par' dir='ltr' id='par_1_99' title="bbox 159 5200 1738 5273">
     <span class='ocr_line' id='line_1_99' title="bbox 159 5200 1738 5273; baseline 0.008 -21"><span class='ocrx_word' id='word_1_698' title='bbox 159 5200 549 5271; x_wconf 71' lang='grc' dir='ltr'>λαμϐάνουσιν,</span> <span class='ocrx_word' id='word_1_699' title='bbox 615 5207 706 5258; x_wconf 81' lang='grc' dir='ltr'>ὅτε</span> <span class='ocrx_word' id='word_1_700' title='bbox 739 5207 869 5259; x_wconf 83' lang='grc' dir='ltr'><strong>ποτέ</strong></span> <span class='ocrx_word' id='word_1_701' title='bbox 920 5207 1282 5270; x_wconf 79' lang='grc' dir='ltr'>σκώπτονται,</span> <span class='ocrx_word' id='word_1_702' title='bbox 1316 5208 1409 5263; x_wconf 81' lang='grc' dir='ltr'><strong>καί</strong></span> <span class='ocrx_word' id='word_1_703' title='bbox 1446 5226 1531 5273; x_wconf 87' lang='grc' dir='ltr'><strong>τις</strong></span> <span class='ocrx_word' id='word_1_704' title='bbox 1564 5210 1738 5264; x_wconf 81' lang='grc' dir='ltr'>υίεται</span> 
     </span>
    </p>
   </div>
   <div class='ocr_carea' id='block_1_100' title="bbox 153 5293 1740 5373">
    <p class='ocr_par' dir='ltr' id='par_1_100' title="bbox 153 5293 1740 5373">
     <span class='ocr_line' id='line_1_100' title="bbox 153 5293 1740 5373; baseline 0.008 -30"><span class='ocrx_word' id='word_1_705' title='bbox 153 5293 233 5347; x_wconf 68' lang='grc' dir='ltr'>διὰ</span> <span class='ocrx_word' id='word_1_706' title='bbox 263 5298 460 5362; x_wconf 80' lang='grc' dir='ltr'>ταῦτα,</span> <span class='ocrx_word' id='word_1_707' title='bbox 494 5299 600 5352; x_wconf 74' lang='grc' dir='ltr'>καὶ</span> <span class='ocrx_word' id='word_1_708' title='bbox 629 5299 725 5352; x_wconf 71' lang='grc' dir='ltr'>τὸν</span> <span class='ocrx_word' id='word_1_709' title='bbox 745 5300 1102 5369; x_wconf 71' lang='grc' dir='ltr'>ἐλεγχόμενον</span> <span class='ocrx_word' id='word_1_710' title='bbox 1130 5306 1222 5354; x_wconf 74' lang='grc' dir='ltr'>καὶ</span> <span class='ocrx_word' id='word_1_711' title='bbox 1245 5300 1390 5356; x_wconf 75' lang='grc' dir='ltr'>οὕτω</span> <span class='ocrx_word' id='word_1_712' title='bbox 1418 5302 1740 5373; x_wconf 87' lang='grc' dir='ltr'>χολούμενον</span> 
     </span>
    </p>
   </div>
   <div class='ocr_carea' id='block_1_101' title="bbox 150 5383 1737 5464">
    <p class='ocr_par' dir='ltr' id='par_1_101' title="bbox 150 5383 1737 5464">
     <span class='ocr_line' id='line_1_101' title="bbox 150 5383 1737 5464; baseline 0.007 -28"><span class='ocrx_word' id='word_1_713' title='bbox 150 5383 371 5454; x_wconf 69' lang='grc' dir='ltr'>δεόντως</span> <span class='ocrx_word' id='word_1_714' title='bbox 397 5392 774 5460; x_wconf 82' lang='grc' dir='ltr'>ἀγανακτεῖν,</span> <span class='ocrx_word' id='word_1_715' title='bbox 802 5392 878 5454; x_wconf 83' lang='grc' dir='ltr'><strong>ῶς</strong></span> <span class='ocrx_word' id='word_1_716' title='bbox 897 5388 983 5445; x_wconf 77' lang='grc' dir='ltr'>οἷα</span> <span class='ocrx_word' id='word_1_717' title='bbox 1030 5393 1541 5464; x_wconf 69' lang='grc' dir='ltr'>περιυϐριζόμενον,</span> <span class='ocrx_word' id='word_1_718' title='bbox 1575 5411 1737 5462; x_wconf 84' lang='grc' dir='ltr'>γινω-</span> 
     </span>
    </p>
   </div>
   <div class='ocr_carea' id='block_1_102' title="bbox 152 5477 1736 5553">
    <p class='ocr_par' dir='ltr' id='par_1_102' title="bbox 152 5477 1736 5553">
     <span class='ocr_line' id='line_1_102' title="bbox 152 5477 1736 5553; baseline 0.007 -27"><span class='ocrx_word' id='word_1_719' title='bbox 152 5477 321 5530; x_wconf 79' lang='grc' dir='ltr'>σκέτω</span> <span class='ocrx_word' id='word_1_720' title='bbox 355 5482 420 5533; x_wconf 83' lang='grc' dir='ltr'>οὐ</span> <span class='ocrx_word' id='word_1_721' title='bbox 445 5482 648 5543; x_wconf 81' lang='grc' dir='ltr'>καλῶς</span> <span class='ocrx_word' id='word_1_722' title='bbox 675 5482 902 5536; x_wconf 70' lang='grc' dir='ltr'>οἴεσθαι.</span> <span class='ocrx_word' id='word_1_723' title='bbox 933 5485 1008 5538; x_wconf 85' lang='grc' dir='ltr'><strong>Οὐ</strong></span> <span class='ocrx_word' id='word_1_724' title='bbox 1033 5487 1140 5553; x_wconf 72' lang='grc' dir='ltr'><strong>γάρ</strong></span> <span class='ocrx_word' id='word_1_725' title='bbox 1171 5485 1365 5539; x_wconf 72' lang='grc' dir='ltr'>ταύτὸν</span> <span class='ocrx_word' id='word_1_726' title='bbox 1392 5484 1736 5538; x_wconf 77' lang='grc' dir='ltr'>σκώπτεσθαι</span> 
     </span>
    </p>
   </div>
   <div class='ocr_carea' id='block_1_103' title="bbox 147 5565 1736 5644">
    <p class='ocr_par' dir='ltr' id='par_1_103' title="bbox 147 5565 1736 5644">
     <span class='ocr_line' id='line_1_103' title="bbox 147 5565 1736 5644; baseline 0.006 -27"><span class='ocrx_word' id='word_1_727' title='bbox 147 5565 234 5617; x_wconf 72' lang='grc' dir='ltr'><strong>καὶ</strong></span> <span class='ocrx_word' id='word_1_728' title='bbox 260 5567 622 5639; x_wconf 76' lang='grc' dir='ltr'>ἐλέγχεσθαι.</span> <span class='ocrx_word' id='word_1_729' title='bbox 662 5570 735 5623; x_wconf 69' lang='lat' dir='ltr'><strong>Te</strong></span> <span class='ocrx_word' id='word_1_730' title='bbox 776 5570 1002 5644; x_wconf 75' lang='grc' dir='ltr'>μὲνγὰρ</span> <span class='ocrx_word' id='word_1_731' title='bbox 1055 5573 1298 5643; x_wconf 82' lang='grc' dir='ltr'>σκῶμμα</span> <span class='ocrx_word' id='word_1_732' title='bbox 1337 5574 1521 5638; x_wconf 80' lang='grc' dir='ltr'>παίζει</span> <span class='ocrx_word' id='word_1_733' title='bbox 1548 5590 1736 5643; x_wconf 84' lang='grc' dir='ltr'>κυριο·</span> 
     </span>
    </p>
   </div>
   <div class='ocr_carea' id='block_1_104' title="bbox 146 5660 1644 5736">
    <p class='ocr_par' dir='ltr' id='par_1_104' title="bbox 146 5660 1644 5736">
     <span class='ocr_line' id='line_1_104' title="bbox 146 5660 1644 5736; baseline 0.009 -31"><span class='ocrx_word' id='word_1_734' title='bbox 146 5660 532 5730; x_wconf 76' lang='grc' dir='ltr'>Αεκτούμε-ιον,</span> <span class='ocrx_word' id='word_1_735' title='bbox 569 5664 601 5716; x_wconf 82' lang='grc' dir='ltr'>ὁ</span> <span class='ocrx_word' id='word_1_736' title='bbox 634 5661 695 5714; x_wconf 80' lang='grc' dir='ltr'>δὲ</span> <span class='ocrx_word' id='word_1_737' title='bbox 723 5663 945 5733; x_wconf 76' lang='grc' dir='ltr'>ἐλεγχος</span> <span class='ocrx_word' id='word_1_738' title='bbox 984 5665 1274 5728; x_wconf 74' lang='grc' dir='ltr'>σπουδάζει</span> <span class='ocrx_word' id='word_1_739' title='bbox 1300 5667 1396 5718; x_wconf 75' lang='grc' dir='ltr'>καὶ</span> <span class='ocrx_word' id='word_1_740' title='bbox 1420 5665 1644 5736; x_wconf 81' lang='grc' dir='ltr'>διορθοῖ.</span> 
     </span>
    </p>
   </div>
   <div class='ocr_carea' id='block_1_105' title="bbox 206 5746 1732 5831">
    <p class='ocr_par' dir='ltr' id='par_1_105' title="bbox 206 5746 1732 5831">
     <span class='ocr_line' id='line_1_105' title="bbox 206 5746 1732 5831; baseline 0.007 -27"><span class='ocrx_word' id='word_1_741' title='bbox 206 5746 299 5807; x_wconf 68' lang='grc' dir='ltr'>λιιι.</span> <span class='ocrx_word' id='word_1_742' title='bbox 330 5754 407 5808; x_wconf 82' lang='grc' dir='ltr'><strong>Οὐ</strong></span> <span class='ocrx_word' id='word_1_743' title='bbox 442 5753 640 5809; x_wconf 80' lang='grc' dir='ltr'>τοίνυν</span> <span class='ocrx_word' id='word_1_744' title='bbox 686 5752 805 5808; x_wconf 79' lang='grc' dir='ltr'>οὐδὲ</span> <span class='ocrx_word' id='word_1_745' title='bbox 850 5755 1008 5825; x_wconf 80' lang='grc' dir='ltr'>ἡμεῖς</span> <span class='ocrx_word' id='word_1_746' title='bbox 1047 5756 1444 5821; x_wconf 72' lang='grc' dir='ltr'>διδασκαλικῶς</span> <span class='ocrx_word' id='word_1_747' title='bbox 1484 5759 1732 5831; x_wconf 79' lang='grc' dir='ltr'>ἐλέγχονο</span> 
     </span>
    </p>
   </div>
   <div class='ocr_carea' id='block_1_106' title="bbox 1840 4562 3441 4629">
    <p class='ocr_par' dir='ltr' id='par_1_106' title="bbox 1840 4562 3441 4629">
     <span class='ocr_line' id='line_1_106' title="bbox 1840 4562 3441 4629; baseline 0.003 -13"><span class='ocrx_word' id='word_1_748' title='bbox 1840 4563 2004 4616; x_wconf 89' lang='lat' dir='ltr'><strong>etiam</strong></span> <span class='ocrx_word' id='word_1_749' title='bbox 2037 4562 2285 4629; x_wconf 90' lang='lat' dir='ltr'><strong>claudus,</strong></span> <span class='ocrx_word' id='word_1_750' title='bbox 2322 4564 2367 4619; x_wconf 91' lang='lat' dir='ltr'><strong>si</strong></span> <span class='ocrx_word' id='word_1_751' title='bbox 2391 4572 2536 4619; x_wconf 89' lang='lat' dir='ltr'><strong>recte</strong></span> <span class='ocrx_word' id='word_1_752' title='bbox 2555 4565 2774 4619; x_wconf 87' lang='lat' dir='ltr'><strong>dicatur</strong></span> <span class='ocrx_word' id='word_1_753' title='bbox 2805 4566 3081 4621; x_wconf 88' lang='lat' dir='ltr'><strong>incedere.</strong></span> <span class='ocrx_word' id='word_1_754' title='bbox 3119 4566 3269 4621; x_wconf 83' lang='lat' dir='ltr'><strong>Idem</strong></span> <span class='ocrx_word' id='word_1_755' title='bbox 3305 4582 3441 4621; x_wconf 71' lang='lat' dir='ltr'><strong>vero</strong></span> 
     </span>
    </p>
   </div>
   <div class='ocr_carea' id='block_1_107' title="bbox 1840 4655 3431 4727">
    <p class='ocr_par' dir='ltr' id='par_1_107' title="bbox 1840 4655 3431 4727">
     <span class='ocr_line' id='line_1_107' title="bbox 1840 4655 3431 4727; baseline 0.004 -19"><span class='ocrx_word' id='word_1_756' title='bbox 1840 4664 1920 4708; x_wconf 87' lang='lat' dir='ltr'><strong>est</strong></span> <span class='ocrx_word' id='word_1_757' title='bbox 1959 4670 2179 4725; x_wconf 85' lang='lat' dir='ltr'><strong>quoque</strong></span> <span class='ocrx_word' id='word_1_758' title='bbox 2234 4655 2303 4711; x_wconf 88' lang='lat' dir='ltr'><strong>de</strong></span> <span class='ocrx_word' id='word_1_759' title='bbox 2347 4658 2563 4712; x_wconf 56' lang='lat' dir='ltr'><strong>caeteris</strong></span> <span class='ocrx_word' id='word_1_760' title='bbox 2613 4658 2863 4727; x_wconf 81' lang='lat' dir='ltr'><strong>corporis</strong></span> <span class='ocrx_word' id='word_1_761' title='bbox 2912 4658 3245 4715; x_wconf 85' lang='lat' dir='ltr'><strong>defectibus.</strong></span> <span class='ocrx_word' id='word_1_762' title='bbox 3316 4658 3431 4715; x_wconf 79' lang='lat' dir='ltr'><strong>Nos</strong></span> 
     </span>
    </p>
   </div>
   <div class='ocr_carea' id='block_1_108' title="bbox 1842 4750 3429 4821">
    <p class='ocr_par' dir='ltr' id='par_1_108' title="bbox 1842 4750 3429 4821">
     <span class='ocr_line' id='line_1_108' title="bbox 1842 4750 3429 4821; baseline 0.004 -19"><span class='ocrx_word' id='word_1_763' title='bbox 1842 4760 2047 4815; x_wconf 90' lang='lat' dir='ltr'><strong>autem,</strong></span> <span class='ocrx_word' id='word_1_764' title='bbox 2066 4764 2297 4820; x_wconf 91' lang='lat' dir='ltr'><strong>quorum</strong></span> <span class='ocrx_word' id='word_1_765' title='bbox 2323 4765 2424 4821; x_wconf 86' lang='lat' dir='ltr'><strong>ego</strong></span> <span class='ocrx_word' id='word_1_766' title='bbox 2454 4750 2683 4821; x_wconf 83' lang='lat' dir='ltr'><strong>primus.</strong></span> <span class='ocrx_word' id='word_1_767' title='bbox 2711 4752 2951 4821; x_wconf 87' lang='lat' dir='ltr'><strong>peccatis</strong></span> <span class='ocrx_word' id='word_1_768' title='bbox 2976 4752 3259 4817; x_wconf 70' lang='lat' dir='ltr'><strong>obcaecati,</strong></span> <span class='ocrx_word' id='word_1_769' title='bbox 3299 4767 3429 4809; x_wconf 73' lang='grc' dir='ltr'><strong>ου’ιὶ</strong></span> 
     </span>
    </p>
   </div>
   <div class='ocr_carea' id='block_1_109' title="bbox 1839 4842 3438 4915">
    <p class='ocr_par' dir='ltr' id='par_1_109' title="bbox 1839 4842 3438 4915">
     <span class='ocr_line' id='line_1_109' title="bbox 1839 4842 3438 4915; baseline 0.001 -19"><span class='ocrx_word' id='word_1_770' title='bbox 1839 4843 2097 4897; x_wconf 87' lang='lat' dir='ltr'><strong>audimus</strong></span> <span class='ocrx_word' id='word_1_771' title='bbox 2128 4857 2253 4897; x_wconf 90' lang='lat' dir='ltr'><strong>esse</strong></span> <span class='ocrx_word' id='word_1_772' title='bbox 2301 4842 2481 4896; x_wconf 91' lang='lat' dir='ltr'><strong>lumen</strong></span> <span class='ocrx_word' id='word_1_773' title='bbox 2532 4850 2587 4898; x_wconf 92' lang='lat' dir='ltr'><strong>et</strong></span> <span class='ocrx_word' id='word_1_774' title='bbox 2636 4845 2783 4899; x_wconf 87' lang='lat' dir='ltr'><strong>sicut</strong></span> <span class='ocrx_word' id='word_1_775' title='bbox 2834 4846 2917 4900; x_wconf 89' lang='lat' dir='ltr'><strong>snl</strong></span> <span class='ocrx_word' id='word_1_776' title='bbox 2965 4844 3196 4915; x_wconf 82' lang='lat' dir='ltr'><strong>fulgere,</strong></span> <span class='ocrx_word' id='word_1_777' title='bbox 3263 4860 3438 4913; x_wconf 85' lang='lat' dir='ltr'><strong>quare</strong></span> 
     </span>
    </p>
   </div>
   <div class='ocr_carea' id='block_1_110' title="bbox 1842 4934 3438 5006">
    <p class='ocr_par' dir='ltr' id='par_1_110' title="bbox 1842 4934 3438 5006">
     <span class='ocr_line' id='line_1_110' title="bbox 1842 4934 3438 5006; baseline 0 -17"><span class='ocrx_word' id='word_1_778' title='bbox 1842 4949 1944 4989; x_wconf 92' lang='lat' dir='ltr'><strong>nos</strong></span> <span class='ocrx_word' id='word_1_779' title='bbox 1986 4935 2201 4990; x_wconf 90' lang='lat' dir='ltr'><strong>irrideri</strong></span> <span class='ocrx_word' id='word_1_780' title='bbox 2259 4949 2366 4990; x_wconf 88' lang='lat' dir='ltr'><strong>non</strong></span> <span class='ocrx_word' id='word_1_781' title='bbox 2414 4937 2699 5005; x_wconf 77' lang='lat' dir='ltr'><strong>putamus?</strong></span> <span class='ocrx_word' id='word_1_782' title='bbox 2748 4934 2853 4991; x_wconf 90' lang='lat' dir='ltr'><strong>Sed</strong></span> <span class='ocrx_word' id='word_1_783' title='bbox 2892 4947 3154 5006; x_wconf 77' lang='lat' dir='ltr'><strong>perpetuo</strong></span> <span class='ocrx_word' id='word_1_784' title='bbox 3247 4938 3438 4990; x_wconf 78' lang='lat' dir='ltr'><strong>lauda-</strong></span> 
     </span>
    </p>
   </div>
   <div class='ocr_carea' id='block_1_111' title="bbox 1841 5028 3433 5091">
    <p class='ocr_par' dir='ltr' id='par_1_111' title="bbox 1841 5028 3433 5091">
     <span class='ocr_line' id='line_1_111' title="bbox 1841 5028 3433 5091; baseline -0.002 -9"><span class='ocrx_word' id='word_1_785' title='bbox 1841 5028 2045 5084; x_wconf 83' lang='lat' dir='ltr'><strong>tionem</strong></span> <span class='ocrx_word' id='word_1_786' title='bbox 2068 5028 2259 5084; x_wconf 85' lang='lat' dir='ltr'><strong>audire</strong></span> <span class='ocrx_word' id='word_1_787' title='bbox 2281 5030 2556 5084; x_wconf 83' lang='lat' dir='ltr'><strong>volumus.</strong></span> <span class='ocrx_word' id='word_1_788' title='bbox 2589 5028 2646 5084; x_wconf 90' lang='lat' dir='ltr'><strong>Si</strong></span> <span class='ocrx_word' id='word_1_789' title='bbox 2673 5046 2800 5085; x_wconf 87' lang='lat' dir='ltr'><strong>vero</strong></span> <span class='ocrx_word' id='word_1_790' title='bbox 2827 5031 3047 5085; x_wconf 87' lang='lat' dir='ltr'><strong>strabus</strong></span> <span class='ocrx_word' id='word_1_791' title='bbox 3078 5040 3129 5083; x_wconf 89' lang='lat' dir='ltr'><strong>et</strong></span> <span class='ocrx_word' id='word_1_792' title='bbox 3183 5029 3433 5091; x_wconf 64' lang='lat' dir='ltr'><strong>claudus,</strong></span> 
     </span>
    </p>
   </div>
   <div class='ocr_carea' id='block_1_112' title="bbox 1840 5119 3428 5191">
    <p class='ocr_par' dir='ltr' id='par_1_112' title="bbox 1840 5119 3428 5191">
     <span class='ocr_line' id='line_1_112' title="bbox 1840 5119 3428 5191; baseline -0.006 -14"><span class='ocrx_word' id='word_1_793' title='bbox 1840 5130 1895 5177; x_wconf 89' lang='lat' dir='ltr'><strong>et</strong></span> <span class='ocrx_word' id='word_1_794' title='bbox 1933 5122 2247 5191; x_wconf 86' lang='lat' dir='ltr'><strong>quicunque</strong></span> <span class='ocrx_word' id='word_1_795' title='bbox 2280 5121 2375 5176; x_wconf 87' lang='lat' dir='ltr'><strong>tali</strong></span> <span class='ocrx_word' id='word_1_796' title='bbox 2435 5122 2684 5191; x_wconf 78' lang='lat' dir='ltr'><strong>corporis</strong></span> <span class='ocrx_word' id='word_1_797' title='bbox 2734 5121 3134 5177; x_wconf 84' lang='lat' dir='ltr'><strong>deformatione</strong></span> <span class='ocrx_word' id='word_1_798' title='bbox 3198 5119 3428 5185; x_wconf 77' lang='lat' dir='ltr'><strong>laborat,</strong></span> 
     </span>
    </p>
   </div>
   <div class='ocr_carea' id='block_1_113' title="bbox 1843 5211 3420 5278">
    <p class='ocr_par' dir='ltr' id='par_1_113' title="bbox 1843 5211 3420 5278">
     <span class='ocr_line' id='line_1_113' title="bbox 1843 5211 3420 5278; baseline -0.004 -10"><span class='ocrx_word' id='word_1_799' title='bbox 1843 5216 1924 5268; x_wconf 87' lang='lat' dir='ltr'><strong>ira</strong></span> <span class='ocrx_word' id='word_1_800' title='bbox 1959 5225 2266 5278; x_wconf 79' lang='lat' dir='ltr'><strong>moventur,</strong></span> <span class='ocrx_word' id='word_1_801' title='bbox 2293 5230 2418 5268; x_wconf 91' lang='lat' dir='ltr'><strong>cum</strong></span> <span class='ocrx_word' id='word_1_802' title='bbox 2449 5214 2855 5270; x_wconf 83' lang='lat' dir='ltr'><strong>cavillationem</strong></span> <span class='ocrx_word' id='word_1_803' title='bbox 2900 5214 3156 5274; x_wconf 88' lang='lat' dir='ltr'><strong>audiunt,</strong></span> <span class='ocrx_word' id='word_1_804' title='bbox 3205 5220 3257 5263; x_wconf 89' lang='lat' dir='ltr'><strong>et</strong></span> <span class='ocrx_word' id='word_1_805' title='bbox 3292 5211 3420 5262; x_wconf 72' lang='lat' dir='ltr'><strong>ideo</strong></span> 
     </span>
    </p>
   </div>
   <div class='ocr_carea' id='block_1_114' title="bbox 1842 5297 3423 5375">
    <p class='ocr_par' dir='ltr' id='par_1_114' title="bbox 1842 5297 3423 5375">
     <span class='ocr_line' id='line_1_114' title="bbox 1842 5297 3423 5375; baseline -0.004 -19"><span class='ocrx_word' id='word_1_806' title='bbox 1842 5306 1967 5374; x_wconf 84' lang='lat' dir='ltr'><strong>quis</strong></span> <span class='ocrx_word' id='word_1_807' title='bbox 1992 5313 2147 5375; x_wconf 91' lang='lat' dir='ltr'><strong>putat</strong></span> <span class='ocrx_word' id='word_1_808' title='bbox 2183 5319 2309 5359; x_wconf 88' lang='lat' dir='ltr'><strong>eum</strong></span> <span class='ocrx_word' id='word_1_809' title='bbox 2380 5306 2473 5373; x_wconf 88' lang='lat' dir='ltr'><strong>qui</strong></span> <span class='ocrx_word' id='word_1_810' title='bbox 2528 5304 2971 5373; x_wconf 68' lang='lat' dir='ltr'><strong>reprehenditur,</strong></span> <span class='ocrx_word' id='word_1_811' title='bbox 3019 5315 3143 5354; x_wconf 89' lang='lat' dir='ltr'><strong>cum</strong></span> <span class='ocrx_word' id='word_1_812' title='bbox 3197 5298 3277 5352; x_wconf 91' lang='lat' dir='ltr'><strong>sic</strong></span> <span class='ocrx_word' id='word_1_813' title='bbox 3311 5297 3423 5350; x_wconf 29' lang='lat' dir='ltr'><strong>iras</strong></span> 
     </span>
    </p>
   </div>
   <div class='ocr_carea' id='block_1_115' title="bbox 1851 5392 3419 5467">
    <p class='ocr_par' dir='ltr' id='par_1_115' title="bbox 1851 5392 3419 5467">
     <span class='ocr_line' id='line_1_115' title="bbox 1851 5392 3419 5467; baseline -0.008 -16"><span class='ocrx_word' id='word_1_814' title='bbox 1851 5398 2051 5457; x_wconf 80' lang='lat' dir='ltr'><strong>scitur,</strong></span> <span class='ocrx_word' id='word_1_815' title='bbox 2074 5398 2270 5452; x_wconf 86' lang='lat' dir='ltr'><strong>merito</strong></span> <span class='ocrx_word' id='word_1_816' title='bbox 2298 5396 2573 5467; x_wconf 80' lang='lat' dir='ltr'><strong>indignari</strong></span> <span class='ocrx_word' id='word_1_817' title='bbox 2598 5407 2858 5465; x_wconf 86' lang='lat' dir='ltr'><strong>tanquam</strong></span> <span class='ocrx_word' id='word_1_818' title='bbox 2881 5392 3138 5460; x_wconf 85' lang='lat' dir='ltr'><strong>injuriam</strong></span> <span class='ocrx_word' id='word_1_819' title='bbox 3167 5402 3419 5456; x_wconf 85' lang='lat' dir='ltr'><strong>passum,</strong></span> 
     </span>
    </p>
   </div>
   <div class='ocr_carea' id='block_1_116' title="bbox 1842 5478 3399 5543">
    <p class='ocr_par' dir='ltr' id='par_1_116' title="bbox 1842 5478 3399 5543">
     <span class='ocr_line' id='line_1_116' title="bbox 1842 5478 3399 5543; baseline -0.006 -2"><span class='ocrx_word' id='word_1_820' title='bbox 1842 5489 2077 5543; x_wconf 88' lang='lat' dir='ltr'><strong>multum</strong></span> <span class='ocrx_word' id='word_1_821' title='bbox 2118 5496 2287 5543; x_wconf 87' lang='lat' dir='ltr'><strong>errat.</strong></span> <span class='ocrx_word' id='word_1_822' title='bbox 2333 5487 2448 5541; x_wconf 87' lang='lat' dir='ltr'><strong>Non</strong></span> <span class='ocrx_word' id='word_1_823' title='bbox 2486 5488 2631 5541; x_wconf 88' lang='lat' dir='ltr'><strong>enim</strong></span> <span class='ocrx_word' id='word_1_824' title='bbox 2681 5489 2819 5540; x_wconf 90' lang='lat' dir='ltr'><strong>idem</strong></span> <span class='ocrx_word' id='word_1_825' title='bbox 2856 5480 3261 5537; x_wconf 76' lang='lat' dir='ltr'><strong>cavillationem</strong></span> <span class='ocrx_word' id='word_1_826' title='bbox 3290 5478 3399 5531; x_wconf 88' lang='lat' dir='ltr'><strong>sub</strong></span> 
     </span>
    </p>
   </div>
   <div class='ocr_carea' id='block_1_117' title="bbox 1840 5570 3419 5650">
    <p class='ocr_par' dir='ltr' id='par_1_117' title="bbox 1840 5570 3419 5650">
     <span class='ocr_line' id='line_1_117' title="bbox 1840 5570 3419 5650; baseline -0.008 -15"><span class='ocrx_word' id='word_1_827' title='bbox 1840 5581 1920 5636; x_wconf 84' lang='lat' dir='ltr'><strong>ire</strong></span> <span class='ocrx_word' id='word_1_828' title='bbox 1956 5589 2009 5636; x_wconf 92' lang='lat' dir='ltr'><strong>et</strong></span> <span class='ocrx_word' id='word_1_829' title='bbox 2039 5581 2359 5650; x_wconf 84' lang='lat' dir='ltr'><strong>reprehendi</strong></span> <span class='ocrx_word' id='word_1_830' title='bbox 2382 5599 2410 5635; x_wconf 70' lang='grc' dir='ltr'>σε</span> <span class='ocrx_word' id='word_1_831' title='bbox 2442 5580 2717 5633; x_wconf 76' lang='lat' dir='ltr'><strong>cavillatio</strong></span> <span class='ocrx_word' id='word_1_832' title='bbox 2766 5576 2910 5629; x_wconf 88' lang='lat' dir='ltr'><strong>enim</strong></span> <span class='ocrx_word' id='word_1_833' title='bbox 2949 5571 3169 5642; x_wconf 87' lang='lat' dir='ltr'><strong>proprie</strong></span> <span class='ocrx_word' id='word_1_834' title='bbox 3209 5584 3307 5637; x_wconf 87' lang='lat' dir='ltr'><strong>per</strong></span> <span class='ocrx_word' id='word_1_835' title='bbox 3332 5570 3419 5623; x_wconf 74' lang='lat' dir='ltr'><strong>ltr~</strong></span> 
     </span>
    </p>
   </div>
   <div class='ocr_carea' id='block_1_118' title="bbox 1840 5662 3417 5743">
    <p class='ocr_par' dir='ltr' id='par_1_118' title="bbox 1840 5662 3417 5743">
     <span class='ocr_line' id='line_1_118' title="bbox 1840 5662 3417 5743; baseline -0.006 -16"><span class='ocrx_word' id='word_1_836' title='bbox 1840 5673 1969 5727; x_wconf 88' lang='lat' dir='ltr'><strong>dttm</strong></span> <span class='ocrx_word' id='word_1_837' title='bbox 2006 5675 2139 5743; x_wconf 87' lang='lat' dir='ltr'><strong>agit,</strong></span> <span class='ocrx_word' id='word_1_838' title='bbox 2178 5671 2534 5742; x_wconf 83' lang='lat' dir='ltr'><strong>reprehensio</strong></span> <span class='ocrx_word' id='word_1_839' title='bbox 2572 5683 2698 5723; x_wconf 87' lang='lat' dir='ltr'><strong>vero</strong></span> <span class='ocrx_word' id='word_1_840' title='bbox 2736 5667 2882 5721; x_wconf 86' lang='lat' dir='ltr'><strong>serio</strong></span> <span class='ocrx_word' id='word_1_841' title='bbox 2932 5665 3045 5735; x_wconf 80' lang='lat' dir='ltr'><strong>agit</strong></span> <span class='ocrx_word' id='word_1_842' title='bbox 3078 5673 3131 5717; x_wconf 88' lang='lat' dir='ltr'><strong>et</strong></span> <span class='ocrx_word' id='word_1_843' title='bbox 3157 5662 3417 5733; x_wconf 82' lang='lat' dir='ltr'><strong>corrigit.</strong></span> 
     </span>
    </p>
   </div>
   <div class='ocr_carea' id='block_1_119' title="bbox 1910 5752 3407 5833">
    <p class='ocr_par' dir='ltr' id='par_1_119' title="bbox 1910 5752 3407 5833">
     <span class='ocr_line' id='line_1_119' title="bbox 1910 5752 3407 5833; baseline -0.005 -14"><span class='ocrx_word' id='word_1_844' title='bbox 1910 5765 1998 5819; x_wconf 75' lang='lat'><strong>59.</strong></span> <span class='ocrx_word' id='word_1_845' title='bbox 2035 5763 2331 5833; x_wconf 77' lang='lat' dir='ltr'><strong>Necigitnr</strong></span> <span class='ocrx_word' id='word_1_846' title='bbox 2354 5777 2474 5824; x_wconf 89' lang='lat' dir='ltr'><strong>nos,</strong></span> <span class='ocrx_word' id='word_1_847' title='bbox 2510 5773 2631 5813; x_wconf 90' lang='lat' dir='ltr'><strong>cum</strong></span> <span class='ocrx_word' id='word_1_848' title='bbox 2657 5755 2903 5814; x_wconf 87' lang='lat' dir='ltr'><strong>docendo</strong></span> <span class='ocrx_word' id='word_1_849' title='bbox 2948 5752 3407 5826; x_wconf 77' lang='lat' dir='ltr'><strong>reprehendimus</strong></span> 
     </span>
    </p>
   </div>
  </div>
