3982 6246
291 323 403 391 669

1197 309 1306 386 'l-‘N
1349 325 1411 385 s.
1453 325 2127 396 QUADRAGESIMAM
2157 326 2443 392 ORATIO
2503 330 2630 394 III.

3435 334 3542 399 670

293 451 460 508 (ρους⁸
495 435 586 500 οὓς
617 433 711 490 καὶ
769 433 1006 488 δυσωπῶ
1037 434 1367 506 ἐπεύχεσθαι
1404 441 1470 510 τῇ
1522 439 1674 494 πόλει
1700 438 1873 510 ταύτῃ

1991 454 2113 510 [uos
2148 441 2466 511 suppliciter
2488 445 2775 515 deprecor,
2805 451 2864 499 ut
2891 447 3161 513 exoptent‘
3175 441 3306 498 huic
3333 442 3540 500 civitati

291 529 364 582 τὰ
392 527 658 599 βελτίονα,
699 526 786 582 ἵνα
816 527 892 597 μὴ
920 525 1013 580 καὶ
1041 527 1270 582 ἐνταῦθα
1305 530 1488 583 κακῶν
1515 529 1727 601 ἀνδρῶν
1754 529 1868 581 ὀλιο

294 625 505 692 γίστων
553 624 653 676 οὐκ
701 622 780 684 είς
837 619 1038 686 ἀγαθὸν
1094 620 1441 675 ἀπολαύσωσι
1481 621 1550 676 τά
1599 622 1866 692 ἡμέτερα.

295 717 426 780 Θεὲ,
452 716 676 780 πανάγιε
705 712 950 782 βασιλεῦ,
977 713 1070 766 καὶ
1101 713 1317 782 βασιλεῦ
1342 712 1492 767 ἔνθεε
1512 730 1527 745 ’
1573 713 1869 784 ἐπιϐλέψα-

296 826 361 860 τε
395 807 479 876 ἐφ’
508 807 677 877 ἡμᾶς.
709 807 801 859 καὶ
829 806 1286 875 κατασειομένους
1326 805 1684 877 στερεώσατε,
1719 806 1803 859 ἵνα
1833 805 1867 875 ἢ

299 901 361 952 ὲν
391 901 624 970 ἀσφαλεῖ
651 899 980 970 στησώμεθα
1009 899 1454 971 προφαινόμενοι,
1486 899 1518 969 ἢ
1542 899 1678 953 ἀλλὰ
1703 916 1872 951 κατα-

300 993 564 1055 πεσόντες
597 990 894 1058 κεισόμεθα
922 993 1001 1053 είς
1047 991 1358 1061 ἀνέγερτον.
1391 992 1546 1043 Δυοῖν
1566 990 1675 1060 γὰρ
1713 989 1874 1044 θάτεο

307 1101 424 1155 ρον,
454 1084 487 1154 ἢ
518 1083 700 1146 καλῶς
729 1082 851 1153 ζῇν,
887 1083 918 1152 ἢ
954 1083 1206 1137 τεθνάναι
1237 1080 1441 1148 καλῶς,
1470 1081 1736 1151 ἐφιέμεθα
1780 1081 1874 1132 καὶ

305 1179 492 1246 ἡμεῖς,
529 1177 604 1241 ὡς
653 1176 926 1248 ἅνθρωποι
958 1177 1053 1230 καὶ
1098 1175 1366 1244 ἐμπαθεῖς
1398 1175 1496 1230 καὶ
1525 1173 1871 1244 περιπαθεῖς.

306 1270 496 1324 Ταῦτα
519 1269 710 1332 είπὼν,
750 1264 833 1331 οἷς
865 1268 966 1322 οὐκ
997 1267 1063 1321 ἂν
1092 1267 1234 1320 εἴποι
1277 1283 1361 1330 τις
1386 1265 1460 1336 μὴ
1493 1265 1590 1318 καὶ
1617 1265 1875 1318 διδασκα-

303 1365 431 1418 λίαν
458 1364 672 1432 πυκνὴν
708 1359 1179 1431 παρενεσπὰρθαι,
1203 1351 1272 1430 ἦς
1307 1358 1493 1411 ἕνεκεν
1521 1356 1876 1426 όφειλετικῶς

305 1454 540 1509 ἐνταῦθα
574 1453 1004 1524 συνηνέχθημεν,
1065 1452 1359 1524 σιγήσομαι
1386 1449 1482 1504 τοῦ
1520 1449 1736 1516 λοιποῦ,
1771 1449 1877 1511 ἕως

303 1547 376 1600 ἂν
411 1545 472 1610 ἐξ
495 1544 652 1616 ὑμῶν
677 1544 906 1615 μάθοιμι
933 1543 1339 1612 άποφαντικῶς,
1365 1544 1487 1598 ὅποι
1511 1541 1620 1595 τῶν
1654 1542 1877 1612 ἠρωτη-

307 1635 489 1707 μένων
548 1635 730 1688 τόπων
797 1633 1131 1699 κατατάξετε
1196 1635 1344 1704 ἡμᾶς
1366 1673 1384 1699 ,
1435 1635 1562 1696 τοὺς
1600 1633 1733 1695 ἴσως
1780 1632 1878 1702 μὲν

1969 529 2214 594 meliora,
2269 546 2338 586 ne
2388 532 2476 587 hic
2513 547 2730 604 quoque
2757 550 2820 588 ex
2856 533 3219 603 paucissimis
3248 535 3406 589 malis
3440 535 3543 589 ho-

1969 622 2206 678 minibus
2263 637 2352 678 res
2415 632 2620 680 nostrae
2680 625 3010 694 amigantur.
3077 625 3252 691 Deus,
3309 627 3542 682 sanctis-

1970 713 2109 768 sime
2156 729 2272 779 rcx,
2319 723 2371 769 et
2410 731 2506 770 rex
2537 717 2739 782 divine,
2774 719 2827 770 iu
2862 732 2962 771 nos
2992 717 3230 786 aspicias
3259 725 3312 771 et
3340 716 3541 771 robora

1971 819 2292 870 concussos,
2337 816 2395 860 ut
2433 807 2517 861 vel
2562 809 2617 860 in
2657 809 3074 877 tutozmanifesti
3106 808 3541 873 constemus,vcl

1971 907 2254 968 postquam
2277 900 2657 963 ceciderimus.
2683 902 2740 956 in
2771 906 2952 973 quiete
2971 904 3275 975 jaceamus.
3305 903 3382 957 Ex
3407 903 3542 957 duo-

1971 990 2076 1046 bus
2104 1007 2298 1056 unum,
2346 992 2427 1047 vel
2477 977 2703 1062 pulch're
2750 995 2950 1060 vivere,
2999 1000 3081 1051 vel
3125 997 3352 1065 pulchre
3397 993 3540 1048 mori

1973 1081 2346 1139 desideramus
2383 1093 2438 1140 et
2465 1099 2584 1147 nos,
2615 1093 2874 1154 tanquam
2931 1086 3180 1141 homines
3225 1084 3545 1141 turbidi've-

1974 1168 2367 1240 hcmenlerque
2399 1172 2682 1243 exagitati.
2716 1173 2816 1228 llis
2848 1173 3032 1240 dictis,
3067 1175 3266 1244 quibus
3300 1191 3406 1230 nou
3457 1174 3540 1229 di-

1972 1261 2116 1316 xerit
2155 1262 2356 1334 aliquis
2401 1280 2509 1319 non
2555 1267 2781 1320 densam
2839 1263 3204 1320 intermisceri
3236 1267 3564 1321 doctrinam'

1973 1363 2196 1424 propter
2224 1369 2386 1425 quam
2417 1355 2627 1411 utiliter
2654 1356 2743 1413 hic
2774 1372 2966 1413 sumus
2988 1360 3321 1429 congregati,
3349 1360 3416 1415 de
3437 1375 3546 1414 cre—

1975 1452 2092 1499 tero
2116 1460 2265 1500 nunc
2299 1447 2512 1510 tacebo,
2548 1447 2726 1504 donec
2765 1464 2833 1503 ex
2865 1450 3022 1505 vobis
3075 1458 3258 1519 aperte
3314 1449 3566 1514 diseam,.

1976 1550 2086 1606 quo
2137 1537 2545 1607 propositorum
2597 1539 2840 1594 locorum
2901 1541 3170 1597 ordinetis
3221 1555 3345 1608 nos,
3403 1541 3565 1597 forte"

1977 1627 2194 1698 quidem
2227 1629 2409 1694 utiles,
2440 1641 2502 1686 ut
2533 1631 2660 1702 quis
2687 1633 2766 1687 ait
2799 1633 3040 1703 sapiens,
3077 1631 3218 1688 forte
3249 1649 3382 1689 vero
3428 1635 3551 1688 inu-

301 1726 546 1798 χρείους,
577 1725 721 1781 καθά
738 1743 824 1789 τις
854 1725 960 1796 ἔφη
1007 1725 1192 1794 σοφὸς,
1227 1725 1358 1790 ἴσως
1382 1724 1440 1778 δὲ
1461 1722 1876 1795 ἀχρείους.Τότε

1991 1719 2124 1776 tiles.
2151 1718 2449 1792 Postquam
2485 1731 2664 1778 autem
2691 1723 3084 1789 audiverimus,
3118 1723 3429 1794 loquemur,
3463 1723 3550 1778 vel

386 1784 717 1882 ἀκούσαντες
739 1784 1103 1890 λαλήσομενή
1129 1784 1548 1888 memetva
1575 1814 1611 1885 ἢ
1657 1784 1877 1884 ἀιρειδι-

1991 1825 2168 1882 parce,
2209 1813 2296 1869 vel
2327 1813 2510 1871 minus
2539 1815 2792 1872 remisse.

303 1929 400 1964 στε
414 1929 527 1982 ρον.

382 2011 497 2075 μγ’.
526 2003 614 2074 Τῷ
634 2003 775 2068 τέως
797 2003 852 2057 δὲ
870 2003 1142 2073 ἀναφωνῶ
1172 2002 1418 2074 συνήθως
1441 2002 1571 2072 ὑμῖν
1594 1999 1881 2054 διασκευά-

306 2098 502 2163 ζεσθαι
539 2097 674 2168 πρὸς
727 2097 821 2151 τὸν
855 2096 1080 2152 ἐπιόντα
1134 2097 1230 2165 τῆς
1269 2094 1527 2166 νηστείας
1584 2093 1879 2162 άγιασμὸν,

308 2191 439 2246 καθ’
463 2191 610 2254 οἴους
646 2191 884 2261 τρόπους
933 2189 1098 2256 κόλαξ
1129 2188 1410 2258 ὑπεθέμην
1434 2187 1585 2258 ὑμίν.
1617 2187 1730 2239 Οὐκ
1773 2184 1882 2256 ἔχω

307 2285 424 2354 γάρ
466 2301 522 2337 τι
574 2283 798 2336 εκείνων
847 2281 1052 2354 φράσαι
1101 2281 1319 2336 κάλλιον
1366 2279 1398 2350 ἢ
1452 2276 1878 2348 ἀκριϐέστερον·

308 2377 532 2448 ἄρτυμα
561 2376 618 2430 δὲ
668 2375 810 2428 ἔστω
852 2375 980 2446 ὑμῖν
1020 2372 1115 2427 τοῦ
1164 2372 1457 2442 θεαρέστου
1505 2368 1882 2440 νηστεύματος

313 2466 393 2538 μὴ
427 2468 586 2532 μόνον
616 2467 650 2537 ἡ
683 2465 980 2534 ὀλιγοσιτία
1023 2464 1118 2517 καὶ
1165 2463 1226 2516 τὸ
1269 2460 1551 2532 ἐγκρατῶς
1585 2458 1880 2529 αὔταρκες,

309 2559 380 2610 τὰ
413 2558 528 2619 τοῖς
560 2555 802 2610 πλείοσιν
848 2554 1072 2625 εὐχερῆ,
1107 2552 1243 2608 ἀλλά
1294 2552 1393 2606 καὶ
1423 2551 1660 2622 μάλιστα
1685 2549 1714 2600 ὁ
1745 2549 1880 2618 πρὸς

311 2647 442 2707 τοὺς
469 2646 755 2716 δεομένους
787 2645 934 2708 ἔλεος
959 2645 987 2694 ὁ
1019 2645 1161 2698 κατά
1201 2642 1434 2712 δύναμιν
1453 2657 1467 2673 ο
1496 2641 1556 2694 ὃν
1586 2640 1694 2695 οὐδ’
1720 2640 1880 2694 αὐτὸν

312 2739 810 2811 ἀποπροσποιετται
843 2739 871 2790 ὁ
903 2737 1198 2805 πάγκοινος
1229 2734 1477 2804 ἐλεήμων
1508 2732 1660 2797 Θεὸς,
1693 2731 1794 2784 οὐκ
1823 2732 1882 2786 ὲν

311 2831 393 2904 τῷ
425 2831 605 2902 πολλῷ
651 2833 796 2901 μόνῳ
848 2830 909 2882 τὸ
963 2828 1106 2898 μέγα
1135 2828 1237 2897 τῆς
1269 2825 1642 2895 ὲλεημοσύνης
1671 2823 1886 2893 τιθέμε-

313 2941 430 2988 νος,
470 2923 606 2977 άλλά
659 2922 755 2974 καὶ
806 2920 864 2972 ἐν
893 2919 970 2988 τῷ
1000 2918 1166 2987 ὀλίγῳ
1199 2915 1279 2985 τῷ
1326 2914 1467 2966 κατὰ
1496 2912 1667 2980 ἰσχὺν.
1699 2911 1792 2964 καὶ
1824 2912 1883 2962 ὲν

314 3014 468 3086 αύτῷ
495 3014 553 3068 δὲ
585 3011 666 3083 τῷ
703 3011 982 3080 ὀλιγίστῳ,
1017 3008 1069 3060 εί
1108 3008 1198 3061 καὶ
1228 3004 1362 3059 αὐτὸ
1409 3004 1612 3070 ἱλαρῶς
1652 3001 1748 3055 καὶ
1770 3001 1884 3055 δια-

2039 1994 2146 2058 ,45.
2194 1992 2490 2065 Hucusque
2515 2011 2644 2052 vero
2697 1995 2766 2052 de
2825 2008 2975 2052 more
3001 1995 3240 2066 praedico
3277 1993 3457 2058 vobis,
3493 2004 3558 2049 ut

1983 2087 2360 2159 praeparemini
2401 2087 2469 2141 ad
2504 2088 2797 2143 instantem
2827 2087 3023 2157 jejunii
3061 2088 3550 2143 sanetilicationem

1983 2179 2089 2234 illis
2123 2179 2319 2245 modis,
2352 2179 2507 2249 queis
2534 2179 2688 2234 vobis
2735 2177 2994 2233 adulator
3024 2180 3350 2249 suppositus
3403 2193 3550 2234 sum.

1981 2269 2102 2327 Non
2133 2272 2278 2327 enim
2311 2271 2485 2326 habeo
2536 2271 2718 2326 dicere
2748 2271 3046 2342 quidquam
3089 2272 3197 2326 illis
3230 2271 3429 2325 melius
3461 2269 3549 2324 vel

1983 2362 2300 2434 perfectius.
2341 2361 2426 2416 Sit
2480 2372 2661 2416 autem
2695 2363 2852 2417 vobis
2895 2361 3089 2431 jejunii
3131 2362 3240 2416 Deo
3277 2360 3548 2431 placentis

1985 2454 2394 2510 condimentum
2434 2468 2544 2508 non
2591 2455 2772 2508 solum
2824 2452 2926 2507 cibi
2978 2453 3237 2522 parcitas,
3298 2461 3353 2508 et
3397 2453 3553 2506 firma

1987 2543 2370 2612 temperantia,
2429 2557 2550 2613 quae
2611 2543 2884 2611 plerisque
2937 2541 3118 2596 facilia
3166 2550 3318 2607 sunt,
3363 2541 3458 2597 sed
3501 2553 3556 2596 et

1985 2635 2220 2689 maxime
2275 2647 2404 2705 erga
2455 2647 2722 2704 pauperes
2781 2633 3151 2690 misericordia
3200 2633 3355 2703 juxta
3413 2633 3557 2686 vires

1984 2728 2222 2788 exercita
2253 2742 2269 2792 ;
2308 2741 2470 2797 quam
2513 2740 2614 2782 nec
2647 2727 2820 2796 ipsam
2869 2725 3090 2797 abjiciet
3118 2725 3363 2780 omnium
3395 2725 3558 2780 mise-

1987 2829 2138 2874 rat-or
2170 2819 2337 2885 Deus,
2371 2819 2465 2889 qui
2493 2834 2600 2874 non
2636 2818 2812 2874 solum
2850 2820 3002 2888 ponit
3033 2819 3087 2872 in
3129 2817 3298 2873 multo
3323 2818 3559 2871 eleemo-

1983 2926 2135 2981 syuae
2165 2909 2616 2978 magnitudinem,
2676 2908 2770 2962 sed
2821 2906 2981 2961 etiam
3019 2907 3075 2960 in
3128 2920 3304 2976 pauco
3342 2904 3555 2958 viribus

1986 3004 2372 3070 respondente,
2405 2999 2500 3055 sed
2534 3007 2589 3053 et
2628 3000 2678 3053 in
2711 2998 2830 3068 ipso
2863 2997 3219 3067 paucissimo,
3254 2995 3300 3051 si
3329 2995 3434 3049 hoc
3468 2995 3555 3064 ip-

315 3107 581 3180 κριτικῶς
609 3106 834 3159 δίδοται.
869 3104 935 3156 Ὃ
969 3103 1027 3155 δὲ
1061 3101 1118 3153 ὲν
1147 3100 1259 3162 τοῖς
1287 3097 1553 3159 τοιούτοις
1597 3095 1676 3157 είς
1707 3095 1884 3146 νόστι-

1991 3107 2108 3147 sum
2145 3091 2391 3145 hilariter
2419 3098 2468 3146 et
2500 3090 2735 3144 discrete
2772 3089 2953 3144 detur.
2985 3085 3144 3152 Quod
3174 3093 3359 3142 autem
3389 3087 3444 3141 in
3470 3085 3557 3140 his

320 3219 422 3274 μον
459 3201 594 3263 ἃλας
616 3197 912 3268 λογίζεται,
953 3195 1078 3266 μηδ’
1102 3194 1236 3248 αὐτὸ
1260 3192 1578 3246 ἐλλειπὲτω.

396 3292 504 3364 μδ’.
535 3294 692 3349 Ἐστι
721 3290 778 3345 δὲ
803 3291 978 3342 έκεῖνο
1011 3288 1044 3358 ἡ
1077 3286 1288 3356 ἀγάπη,
1333 3283 1395 3337 τὸ
1422 3282 1518 3337 καὶ
1561 3281 1886 3346 εὐπόριστον

316 3385 545 3456 ἀγαθὸν,
577 3384 732 3452 εἴπερ
787 3381 1042 3450 ἐθέλομεν
1099 3377 1422 3432 ἀναϐλέπειν
1474 3373 1572 3428 καὶ
1606 3371 1885 3443 ψηλαφᾷν,

319 3481 416 3535 καὶ
435 3477 818 3546 δυσπόριστον,
848 3474 962 3542 είγε
1003 3471 1361 3541 καταμύομεν
1391 3468 1485 3523 καὶ
1527 3465 1890 3538 διερευνώμε-

319 3569 421 3623 θα·
456 3567 583 3638 περ)⁸
620 3562 688 3638 ἧς
722 3563 947 3636 μυρίους
996 3563 1154 3624 ὅσους
1182 3560 1374 3628 λόγους
1399 3559 1642 3629 χέαντες,
1680 3555 1780 3609 οὐκ
1806 3550 1889 3608 οῖ-

320 3662 409 3724 δα,
444 3659 603 3730 είπερ
630 3658 728 3720 τὰς
770 3658 850 3718 είς
887 3655 1068 3724 φιλίαν
1099 3653 1392 3720 ἀτέγκτους
1417 3649 1600 3720 ψυχάς
1646 3647 1890 3716 ὑγράνα-

326 3769 451 3823 μεν,
484 3752 578 3805 καὶ
607 3751 686 3812 εἰς
726 3749 1007 3817 κάρπιμον
1037 3744 1402 3815 διηνοίξαμεν.
1436 3741 1654 3810 Ταύτης
1692 3738 1893 3792 ἐπιλει-

325 3846 556 3916 πούσης,
624 3843 802 3915 μάτην
870 3841 1182 3909 πονήσομεν
1242 3836 1338 3890 καὶ
1395 3835 1682 3905 εὐχόμενοι
1711 3872 1728 3897 ,
1794 3832 1892 3886 καὶ

322 3937 695 4010 νηστεύοντες.
739 3934 832 3987 καὶ
863 3929 1306 4000 γοκδυπετοῦντες,
1342 3928 1438 3981 καὶ
1459 3923 1890 3995 ἀγρυπνοῦντες,

324 4034 422 4085 καὶ
456 4031 604 4083 ἔλεον
635 4024 1088 4097 προϐεϐλημένοι,
1147 4022 1242 4075 καὶ
1281 4020 1493 4090 δάκρυα
1527 4017 1852 4088 προχέοντες
1872 4029 1888 4046 ο

323 4126 384 4178 οὐ
425 4124 535 4193 γὰρ
574 4120 641 4174 ἂν
669 4119 753 4189 εἴη
784 4117 872 4170 τδν
905 4113 1061 4178 Θεὸν,
1116 4112 1215 4184 τὴν
1252 4111 1626 4177 αύτοαγάπην,
1666 4105 1896 4176 προσδέ-

328 4212 521 4280 ξασθαί
573 4229 625 4266 τι
658 4213 720 4264 ὲκ
751 4209 862 4262 τῶν
893 4207 992 4278 τὴν
1043 4204 1268 4274 ἀγάπην
1316 4201 1764 4268 ἑξουθενούντων,
1798 4198 1896 4250 καὶ

325 4307 467 4360 οὓτω
497 4300 1014 4370 κατανωτιζομένων
1048 4299 1142 4352 καὶ
1163 4298 1262 4368 τὴν
1289 4295 1350 4360 ἐξ
1377 4294 1588 4348 ἐκείνου
1619 4289 1892 4362 βοήθειαν.

327 4397 564 4468 Πονηροὶ
593 4396 640 4448 οί
679 4396 753 4465 μὴ
785 4391 1109 4460 ἀγαπῶντες
1129 4404 1142 4420 ·
1184 4387 1454 4458 πονηροὺς
1477 4385 1534 4438 δὲ
1565 4387 1594 4438 ὁ
1631 4384 1807 4453 φίλιος
1831 4383 1894 4435 ού

1990 3184 2122 3240 utile
2155 3182 2236 3237 sal
2265 3189 2575 3251 reputatur,
2608 3193 2711 3234 nec
2747 3180 2926 3248 ipsum
2962 3177 3128 3232 desit.
3549 3216 3556 3223 .

2057 3275 2149 3330 44.
2187 3273 2282 3330 Est
2313 3279 2496 3327 autem
2533 3271 2679 3326 istud
2710 3269 2976 3334 Charitas,
3013 3269 3215 3338 adepta
3267 3267 3424 3322 facile
3456 3267 3558 3322 bo-

1987 3381 2142 3432 num,
2172 3363 2469 3419 dummodo
2510 3361 2741 3418 velimus
2795 3375 3015 3416 sursum
3059 3358 3306 3427 aspicere
3331 3365 3560 3426 etqua-

1989 3473 2133 3523 rere,
2184 3454 2400 3511 dillicile
2452 3468 2583 3509 vero
2624 3453 2849 3508 inventu
2898 3452 2944 3506 si
2990 3449 3314 3506 claudamus
3364 3450 3574 3505 oculos

1988 3560 2041 3607 et
2072 3550 2433 3621 inquiramus,
2467 3548 2533 3602 de
2564 3561 2670 3616 qua
2699 3559 2822 3602 cum
2855 3544 3003 3600 mille
3033 3557 3314 3600 sermones
3343 3541 3570 3596 inlude-

1991 3646 2190 3709 rimus,
2244 3641 2429 3698 nescio
2466 3657 2535 3696 an
2569 3639 2753 3698 aridas
2810 3637 2876 3692 ad
2945 3637 3292 3692 dilectionem
3345 3634 3572 3689 animas-

1992 3732 2474 3798 madefecerimus,
2494 3739 2551 3785 et
2567 3730 2634 3788 ad
2661 3727 3134 3784 fructiﬁcationem
3161 3725 3561 3796 aperuerimus.

1991 3828 2097 3883 Ista
2121 3823 2507 3898 praetermissa,
2540 3821 2736 3880 frustra
2761 3818 3133 3878 laborabimus
3161 3823 3383 3872 orantes
3409 3823 3464 3870 et
3481 3814 3579 3884 Ῑοι

1989 3916 2272 3986 junantes,
2307 3919 2365 3968 et
2421 3910 2862 3983 genuﬂectentes,
2889 3917 2944 3973 et
2970 3907 3282 3976 vigilantes,
3317 3913 3371 3960 et
3399 3905 3568 3960 mise-

1995 4007 2292 4064 ricordiam
2327 4011 2671 4068 exercentes,
2697 4011 2753 4055 et
2783 4002 3053 4071 lacrymas
3085 3997 3380 4054 fundentes
3416 4014 3428 4050 :
3465 3996 3578 4050 im-

1997 4098 2256 4168 possibile
2309 4096 2453 4150 enim
2485 4101 2586 4162 est,
2621 4091 2767 4162 quod
2809 4091 2972 4154 Deus,
3016 4089 3136 4158 ipsa
3182 4087 3444 4151 aliaritas,
3473 4085 3572 4138 ali-

1997 4191 2124 4259 quid
2156 4188 2394 4258 accipiat
2443 4201 2512 4241 ex
2542 4185 2628 4240 his
2661 4185 2753 4253 qui
2783 4181 3106 4237 charitatem
3162 4176 3582 4248 parvipendunt.

1998 4289 2054 4336 et
2105 4280 2186 4336 sic
2211 4276 2474 4331 auxilium
2509 4274 2701 4338 exillo
2738 4275 3118 4326 contemnunt.
3154 4265 3281 4320 Mali
3317 4265 3579 4334 suntqui.

2001 4387 2110 4428 non
2168 4370 2370 4424 habent
2415 4365 2773 4427 charitatem;
2833 4360 3008 4414 malos
3047 4364 3229 4428 autem
3289 4361 3580 4426 protector

327 4447 636 4562 προσίεται.
670 4447 878 4539 ’ἶΑδικοι
900 4484 949 4536 οί
989 4483 1063 4552 μὴ
1089 4447 1450 4548 ἀγαπῶντεςο
1487 4447 1696 4538 ἀδίκοις
1714 4475 1772 4528 δὲ
1799 4475 1886 4528 οὐκ

2001 4462 2314 4520 dilectionis
2344 4459 2577 4527 benigne
2626 4471 2734 4510 non
2769 4451 3138 4525 prosequitur.
3188 4447 3386 4518 lnjusti
3438 4455 3576 4502 sunt

2328 4557 2340 4562 _
2461 4551 2470 4560 -
2521 4547 2533 4562 ο
2610 4547 2669 4562 ,ογ
2725 4553 2892 4562 _,,.___
2932 4557 3033 4562 _-_.
3071 4539 3332 4562 :II-...-....2s
3369 4536 3443 4562 -..Ι
3481 4535 3532 4562 2..

328 4583 629 4651 ἐπιλάμπει
662 4581 691 4631 ὁ
745 4577 846 4645 τῆς
883 4571 1227 4641 δικαιοσύνης
1276 4570 1446 4640 ἥλιος.
1499 4567 1662 4621 Οὐδὲν
1694 4565 1902 4633 ἀγαθὸν

331 4673 484 4744 παρά
535 4671 650 4734 τοῖς
683 4667 757 4738 μὴ
791 4665 1117 4736 ἀγαπῶσιν·
1152 4665 1180 4716 ὁ
1208 4663 1264 4716 δὲ
1298 4662 1431 4724 Θεὸς
1467 4659 1690 4729 ἀγαθῶν
1725 4657 1900 4713 ἀπάν-

328 4780 438 4816 των
461 4762 650 4822 αἴτιος.
681 4756 952 4812 Κοινωνία
974 4755 1065 4810 οὖν
1085 4755 1312 4822 οὐδεμία
1339 4755 1451 4816 τοῖς
1479 4751 1740 4813 τοιούτοις
1765 4747 1904 4818 πρὸς

329 4854 420 4909 τὸν
449 4851 602 4905 Θεόν.
638 4847 971 4920 Βοηθητικὸν
1003 4849 1036 4917 ἠ
1066 4846 1278 4914 ἀγάπη,
1337 4843 1638 4911 ἐπικουρεῖ,
1681 4857 1904 4910 συμμα-

331 4947 438 5018 χεῖ,
484 4943 701 5012 θερμῶς
756 4940 1072 5007 ύπερπονεί.
1139 4937 1390 4989 Πονεῖται
1431 4933 1704 5003 ὁλοψύχως
1765 4931 1902 5002 ὑπὲρ

331 5037 443 5092 τῶν
464 5035 866 5103 ἀγαπωμένων,
897 5032 990 5083 καὶ
1020 5031 1118 5098 τὴν
1148 5029 1326 5099 ψυχὴν
1347 5025 1510 5079 αὑτοῦ
1531 5024 1743 5092 τίθησιν
1765 5023 1903 5091 ὑπὲρ

335 5130 513 5184 αὐτῶν
531 5145 544 5158 ·
580 5127 760 5180 πάντα
784 5123 1005 5193 πάσχει,
1036 5121 1216 5176 πάντα
1241 5122 1402 5185 ποιεῖ,
1428 5119 1613 5172 ςττάντα
1643 5113 1904 5184 ὑπομένει

334 5224 364 5276 ὁ
391 5220 646 5290 ἀγαπῶν.

413 5398 518 5470 με’.
547 5398 611 5452 Τί
636 5397 701 5452 ἂν
725 5395 957 5466 ὠφελοίη
981 5393 1111 5459 ζῶν,
1152 5393 1184 5464 ἦ
1214 5391 1297 5455 τίς
1318 5389 1480 5445 αὐτοῦ
1511 5389 1666 5460 χρεία
1692 5389 1750 5440 ἐν
1777 5387 1904 5458 βίῳς

349 5493 546 5562 Ὁρᾶτε
578 5487 713 5561 πρὸς
733 5487 794 5542 τὸ
830 5487 926 5541 καὶ
953 5485 1168 5556 πρῶτον
1199 5485 1293 5537 καὶ
1345 5482 1504 5552 μόνον
1529 5480 1621 5534 καὶ
1653 5479 1906 5548 μέγιστον

344 5589 400 5639 ὲν
426 5587 538 5646 τοῖς
574 5582 700 5652 ἄρτι
727 5571 1223 5651 παράδειγμα,’τδν
1245 5574 1644 5643 αὐτοκράτορα,
1683 5573 1737 5633 ὃς
1771 5573 1906 5640 ἁγα-

346 5676 464 5730 πῶν
488 5675 578 5728 τὸν
605 5673 829 5741 κόσμον,
865 5664 953 5724 οἷα
974 5669 1068 5721 καὶ
1105 5668 1184 5730 εἰς
1213 5666 1330 5720 θεὸν
1361 5665 1510 5733 αὐτῷ
1545 5663 1908 5732 ἐπικεκλημέ-

348 5782 436 5831 νος
469 5765 608 5837 μετὰ
643 5763 737 5818 τὸν
792 5759 1207 5831 ὑπερουράνιον,
1255 5757 1442 5811 οὐσίαν
1491 5754 1678 5823 ὥσπερ
1734 5754 1906 5822 ἑαυτῷ

2003 4570 2111 4611 non
2159 4557 2436 4607 amantes:
2461 4547 2681 4616 iniustis
2717 4553 2898 4599 autem
2930 4557 3040 4596 non
3071 4539 3346 4602 illucescit,
3367 4536 3447 4592 sol
3474 4535 3575 4606 ju-

2003 4647 2185 4703 stitiae.
2232 4641 2380 4696 Nihil
2409 4640 2538 4696 boni
2598 4637 2748 4692 venit
2785 4651 2816 4690 a
2844 4649 2956 4689 non
3005 4631 3334 4687 habentibus
3383 4629 3572 4692 chari-

2003 4747 2171 4792 tatem
2204 4754 2219 4790 :
2252 4735 2394 4790 Deus
2422 4740 2603 4786 autem
2636 4728 2878 4784 omnium
2911 4725 3181 4782 bonorum
3224 4730 3310 4778 est
3354 4733 3580 4776 auctor.

2004 4829 2162 4884 Nulla
2208 4828 2370 4898 igitur
2405 4824 2605 4879 talibus
2633 4820 2700 4874 ad
2742 4820 2912 4874 Deum
2943 4826 3026 4874 est
3056 4814 3424 4885 participatio.
3454 4814 3571 4868 Au.

2007 4921 2249 4977 xiliatrix
2278 4927 2364 4973 est
2395 4917 2656 4977 charitas,
2691 4912 2988 4974 succurrit,
3024 4908 3078 4962 in
3115 4924 3294 4979 pugna
3324 4907 3583 4976 adjuvat,

2007 5015 2274 5070 ferventer
2323 5008 2649 5066 collaborat.
2681 5003 2762 5059 Ex
2811 5005 2994 5058 animo
3044 5002 3301 5071 fatigatur
3353 5007 3576 5067 propter

2006 5107 2240 5162 dilectos
2266 5111 2319 5158 ct
2342 5103 2578 5157 animam
2622 5113 2776 5153 suam
2833 5111 2932 5166 pro
2991 5094 3124 5163 ipsis
3163 5090 3352 5160 ponit:
3391 5086 3580 5140 ouinia

2008 5179 2219 5259 sull‘ert,
2266 5194 2448 5248 omnia
2476 5191 2626 5256 facit,
2659 5188 2842 5243 omnia
2885 5169 3127 5258 sustinet
3181 5182 3299 5250 qui
3327 5176 3576 5233 charita—

2010 5300 2115 5344 tem
2152 5287 2333 5340 habet.

2084 5381 2173 5435 45.
2209 5378 2350 5446 Quid
2398 5377 2586 5430 vivens
2619 5371 2924 5442 prodesset,
2953 5365 3035 5420 vel
3067 5363 3211 5432 quod
3247 5358 3394 5414 illius
3423 5364 3573 5410 esset

2014 5476 2066 5529 in
2102 5474 2210 5526 vita
2245 5465 2640 5526 commodum?
2668 5458 2957 5516 Intuemini
2994 5455 3229 5526 primum
3284 5459 3338 5505 et
3391 5448 3571 5506 solum

2009 5575 2063 5621 ct
2097 5565 2389 5618 maximum
2422 5559 2634 5612 illorum
2670 5554 2762 5622 qui
2793 5562 2938 5603 nunc
2976 5553 3103 5602 sunt
3128 5542 3427 5620 exemplar,
3467 5539 3574 5594 Do-

2011 5656 2218 5711 minuzu
2255 5651 2706 5718 omnipotentem,
2736 5641 2834 5710 qui
2882 5638 3109 5708 diligens
3137 5632 3428 5698 mundum,
3453 5641 3574 5685 lan-

2013 5763 2171 5820 quam
2224 5747 2338 5816 ipso
2393 5742 2523 5797 deus
2558 5725 2681 5806 post
2748 5731 3193 5802 supercoelestctu
3246 5727 3572 5798 deputatus,
