3884 6244
387 288 488 353 τοι

1088 288 1508 351 EUSTATHII
1551 288 2310 353 TIIESSALONICENSIS
2349 292 2454 352 ME
2472 290 2914 353 I‘ROPOLITJE

3528 290 3639 354 67?.

383 401 543 473 quasi
577 400 943 459 substantiam
970 403 1074 459 sibi
1109 420 1208 474 pro
1242 406 1401 461 nobis
1437 405 1650 460 labores
1678 404 1950 473 assignat,

2063 407 2180 469 τοὺς
2219 407 2357 476 ὑπὲρ
2392 407 2549 474 ἡμῶν
2581 408 2773 470 πόνους
2804 407 3063 474 ὁρίζεται,
3114 404 3208 458 καὶ
3251 406 3331 469 είς
3368 405 3529 459 τοῦτο
3558 424 3649 472 γε-

386 504 442 551 et
481 495 547 550 ad
576 497 677 552 boc
703 512 762 553 se
792 496 1004 566 judicat
1036 507 1242 561 natum,
1307 506 1366 552 ut
1407 514 1505 567 pro
1542 498 1745 552 mundo
1800 499 1952 550 labo-

389 597 473 643 ret
512 596 567 644 et
593 587 807 644 labores
841 587 944 642 sibi
993 604 1098 643 non
1157 589 1439 644 obstacula
1486 590 1689 643 faciant
1744 605 1838 659 per
1869 590 1951 643 vi-

389 688 524 745 tam,
563 695 740 751 neque
771 680 881 745 die,
911 696 1084 748 neque
1106 690 1285 747 nocte,
1312 696 1487 751 neque
1520 682 1734 752 hyeme,
1771 681 1947 750 ipsum

389 773 550 829 etiam
597 774 882 829 humorem
940 775 990 827 in
1043 775 1305 829 membris
1361 776 1691 830 animalibus
1745 790 1948 844 conge-

388 863 552 931 laute,
587 879 762 935 neque
791 873 980 922 aestate
1011 877 1239 933 urente;
1279 869 1351 922 ita
1400 878 1458 922 ut
1495 867 1716 923 ditiicile
1764 870 1835 923 sit
1871 871 1952 925 ri-

388 958 693 1012 dereillum
760 959 829 1014 de
874 961 1185 1016 actionibus
1245 977 1343 1031 pro
1376 962 1534 1017 nobis
1590 960 1749 1016 factis
1782 964 1949 1016 otium

388 1056 661 1117 agentem,
709 1064 817 1104 non
876 1052 1001 1107 dico
1067 1052 1132 1106 ad
1185 1053 1599 1121 quiescendum,
1633 1054 1727 1108 sed
1784 1054 1949 1108 etiam

391 1140 459 1194 nd
514 1140 794 1209 paululum
849 1143 1253 1211 respirandum.
1315 1144 1455 1198 Ecce
1483 1146 1627 1198 enim
1660 1145 1820 1198 modo
1852 1159 1952 1200 nos

391 1232 582 1301 byems
624 1233 939 1288 includebat
969 1234 1023 1289 in
1051 1234 1241 1290 domos
1293 1245 1550 1303 tanquam
1593 1236 1646 1289 iu
1697 1236 1957 1290 latibulo-

389 1338 512 1376 rum
573 1338 828 1378 recessus
881 1324 1185 1394 impellens,
1225 1334 1280 1380 ct
1338 1326 1757 1395 unusquisque,
1806 1328 1956 1380 velut

394 1417 498 1467 sub
529 1413 758 1467 Tartaro
806 1422 1035 1481 stantes,
1064 1416 1226 1486 gelidi
1272 1417 1622 1488 degebamus,
1649 1429 1703 1472 et
1736 1428 1956 1487 torpore

395 1505 733 1559 vexabantur
757 1520 771 1570 ;
798 1521 899 1561 nos
930 1508 1091 1563 etiam
1139 1509 1351 1580 pigebat
1385 1513 1650 1567 inclinare
1699 1522 1861 1581 caput
1887 1512 1955 1567 ad

392 1606 599 1656 aerem,
649 1603 708 1648 ut
739 1597 811 1648 ita
847 1597 1047 1662 dicant,
1102 1600 1484 1665 domesticum,
1543 1603 1636 1672 qui
1702 1602 1958 1657 circumit

393 1687 577 1755 atria;
611 1696 665 1742 et
720 1698 836 1745 arte
875 1690 1301 1749 conficiebamus
1363 1710 1577 1750 animus
1624 1695 1820 1764 pedum
1871 1696 1955 1748 iu-

2059 496 2349 564 γεννῆσθαι
2375 497 2569 566 κρίνει,
2598 497 2659 550 τὸ
2691 497 2832 564 ὑπὲρ
2858 495 2950 548 τοῦ
2973 497 3180 563 κόσμου
3212 496 3518 557 πονεῖσθαι,
3549 497 3645 549 καὶ

2059 593 2182 651 τοὺς
2233 590 2434 654 κόπους
2487 589 2636 659 αὐτῷ
2689 591 2762 658 μὴ
2802 588 3167 654 ἐγκόπτεσθαι
3216 587 3306 640 διὰ
3363 588 3502 656 βίου,
3566 589 3646 659 μὴ

2059 682 2292 752 ἡμέρας,
2354 684 2428 753 μὴ
2483 682 2696 747 νυκτὸς,
2737 681 2810 751 μὴ
2861 680 3149 750 χειμῶνος,
3178 681 3492 748 πηγνύντος
3547 681 3649 733 καὶ

2061 771 2230 840 αὐτὴν
2256 771 2531 840 ὑγρότητα
2578 770 2679 841 τὴν
2726 773 2783 822 ὲν
2816 770 3005 838 μέλεσι
3052 771 3298 834 ζωῖκοϊς,
3336 772 3410 839 μὴ
3448 769 3649 840 θέρους

2060 862 2382 931 φλέγοντος·
2430 863 2506 926 ὡς
2556 862 2719 934 ἔργον
2770 859 2911 914 εἶναι
2977 862 3184 916 ἰδέσθαι
3216 862 3385 916 αὑτὸν
3440 863 3647 934 σχολὴν

2060 957 2310 1027 πράξεων
2338 956 2445 1010 τῶν
2473 957 2613 1026 ὑπὲρ
2651 956 2810 1028 ἡμῶν
2839 957 3062 1024 ἄγοντα,
3101 956 3176 1027 μὴ
3202 958 3284 1010 ὅτι
3311 974 3375 1025 γε
3406 959 3484 1020 ὡς
3510 960 3646 1011 ἀνα-

2060 1048 2393 1111 παύσασθαι,
2416 1064 2419 1069 '
2445 1048 2581 1101 ἀλλὰ
2615 1048 2811 1120 μικροῦ
2847 1049 2984 1118 μηδὲ
3016 1050 3095 1109 εἰς
3128 1049 3320 1103 ἄνετον
3359 1049 3646 1103 ἀναπνεῦο

2062 1156 2169 1194 σαι.
2214 1139 2343 1193 Ἰδοὺ
2368 1140 2477 1209 γὰρ
2509 1141 2604 1194 καὶ
2648 1140 2742 1193 νῦν
2768 1143 2919 1209 ἡμᾶς
2954 1142 3111 1210 μὲνοό
3152 1141 3367 1211 χειμὼν
3392 1141 3642 1197 ὲνὲκλειε

2061 1232 2358 1301 Μραὸύων
2386 1232 2461 1295 ὠς
2492 1233 2572 1296 εἰς
2613 1233 2837 1303 φωλεῶν
2890 1234 3208 1297 καταδύσεις
3240 1234 3368 1297 τοὺς
3398 1237 3457 1288 ὲν
3502 1238 3641 1306 ἡμῖν

2061 1324 2351 1389 οἱκίσκους,
2399 1327 2493 1378 καὶ
2538 1325 2771 1389 ἕκαστος
2825 1326 2900 1387 ὡς
2937 1321 3027 1378 οἷα
3062 1326 3155 1379 καὶ
3215 1326 3320 1379 ὑπὸ
3356 1330 3641 1397 ταρτάρου

2062 1414 2235 1476 ὄντες,
2273 1416 2497 1484 κρυεροὶ
2532 1415 2812 1485 διήγομεν,
2870 1417 2968 1468 καὶ
3020 1415 3233 1486 νάρκην
3280 1417 3603 1486 ἐπάσχομεν
3628 1433 3641 1446 ο

2063 1509 2157 1559 καὶ
2191 1501 2259 1576 ἦν
2289 1507 2421 1576 ἡμῖν
2477 1507 2652 1571 ὄκνος,
2712 1508 2809 1560 xui
2848 1506 3187 1575 προκύπτειν
3216 1508 3297 1569 είς
3351 1507 3515 1575 ἀέρα,
3550 1508 3644 1560 τὸν

2062 1598 2138 1659 ὡς
2162 1599 2335 1650 εἰπεῖν
2382 1598 2730 1663 κατοικίδιον,
2782 1598 2840 1659 ὃς
2874 1600 2968 1650 καὶ
3008 1599 3367 1669 περικέχυται
3412 1597 3517 1659 τὰς
3541 1599 3643 1650 αὐ-

2063 1690 2160 1753 λάς
2185 1707 2199 1723 ⁸
2224 1689 2319 1743 καὶ
2357 1689 2699 1760 ὲτεχνώμεθα
2746 1690 2922 1743 ποδῶν
2953 1689 3113 1760 ἱλαρὰ
3168 1690 3643 1760 προκαλύμματα,

393 1779 637 1846 volnera,
671 1781 1057 1851 cnemidcsque
1095 1784 1429 1851 luxuriosas,
1482 1795 1537 1841 et
1581 1789 1814 1843 vestitus
1845 1786 1955 1846 vel-

2063 1783 2153 1837 καὶ
2215 1759 2482 1852 κνημῖδας
2536 1781 2852 1852 τρυφώσαις,
2911 1786 3004 1834 καὶ
3047 1759 3374 1852 ἀμπεχόνας
3416 1782 3645 1850 μαλλοῖς

394 1870 598 1926 leribus
655 1881 902 1929 onustos.
962 1874 1115 1929 Multi
1170 1892 1300 1932 vero
1347 1879 1553 1936 dulcem
1608 1885 1955 1941 euutriebant

391 1960 595 2028 ignem,
670 1978 764 2030 per
812 1977 973 2032 quem
1034 1966 1103 2020 ab
1150 1966 1388 2024 humano
1430 1986 1658 2040 corpore
1705 1976 1953 2045 hyemale

392 2049 562 2121 frigus
595 2052 916 2120 ejicicbatur
955 2072 970 2120 ;
999 2057 1215 2113 mollior
1236 2069 1417 2115 autem
1442 2061 1508 2115 ad
1540 2064 1674 2118 tales
1703 2064 1955 2122 ferendas

380 2148 798 2216 impressiones,
834 2149 889 2204 in
917 2151 1090 2206 balnei
1140 2153 1322 2207 calore
1369 2156 1704 2211 consistebat
1733 2156 1800 2211 ad
1854 2157 1953 2211 fri-

388 2254 491 2305 gus
517 2239 762 2294 exterius
788 2240 1185 2296 circumdatum
1217 2245 1413 2314 aequali
1449 2246 1496 2300 vi
1526 2247 1949 2303 devincendum.

389 2331 451 2382 Et
483 2330 680 2385 talibus
721 2330 942 2401 quidem
976 2334 1281 2390 rationibus
1313 2339 1458 2392 aeris
1489 2339 1836 2393 severitatem
1868 2354 1956 2394 re-

323 2426 329 2433 ’
388 2422 745 2490 pellebamns.
810 2424 1128 2480 Dominator
1187 2438 1393 2493 autem,
1447 2439 1701 2486 assuetus
1754 2432 1865 2501 jam
1921 2447 1950 2486 a

391 2528 584 2584 magno
632 2524 685 2569 et
714 2529 746 2569 a
782 2531 951 2584 parvo
1007 2526 1129 2586 post
1170 2519 1450 2576 infantiles
1492 2520 1693 2578 fascias
1756 2524 1953 2580 talibus

391 2604 671 2658 horrorem
720 2607 1182 2675 imprimentibus,
1240 2618 1317 2676 et,
1359 2612 1521 2667 veluti
1573 2614 1697 2685 quis
1746 2615 1954 2671 urbane

388 2695 616 2760 diceret,
646 2696 967 2765 jamdudum
1004 2699 1156 2755 frons
1192 2700 1307 2770 ipse
1333 2710 1478 2759 totus
1506 2719 1628 2761 esse
1677 2706 1859 2763 sciens
1900 2708 1953 2762 in

394 2787 476 2843 bis
502 2803 623 2856 qua:
653 2798 908 2858 spectant
938 2791 1004 2846 ad
1035 2803 1381 2849 constantem
1414 2796 1860 2854 exercitationem
1887 2799 1953 2853 ad

395 2879 745 2947 perferendas
781 2882 913 2936 tales
937 2884 1080 2937 aeris
1111 2884 1364 2951 injurias,
1387 2886 1606 2955 quando
1633 2891 1956 2945 constantia:

396 2979 611 3039 tempus
641 2973 879 3038 advenit,
918 2974 1055 3029 nibil
1100 2977 1471 3033 circumdatus
1528 2989 1620 3034 ant
1663 2983 1957 3051 praemuni-

395 3076 504 3127 tns,
559 3072 755 3133 praeter
807 3074 999 3121 aestum
1046 3075 1113 3122 ad
1159 3069 1440 3139 quodlibet
1494 3088 1634 3142 opus
1681 3091 1778 3143 pro
1819 3075 1952 3141 Deo,
1980 3094 2025 3157 ο

392 3157 677 3228 zclumque
711 3176 819 3229 quo
850 3160 1093 3217 fervebat
1143 3164 1208 3218 ad
1253 3166 1424 3229 illum,
1494 3171 1629 3223 adeo
1656 3180 1712 3222 ut
1770 3171 1960 3225 incen-

394 3247 613 3303 deretur
640 3249 693 3303 in
732 3249 1059 3320 injustitiam
1095 3253 1447 3310 inimicorum
1502 3258 1622 3326 ejus
1654 3274 1668 3324 ;
1722 3274 1820 3329 pro
1854 3262 1959 3315 mi-

395 3339 506 3393 bilo
535 3348 796 3410 reputans
825 3343 1004 3400 minas
1019 3351 1076 3399 et
1107 3345 1318 3415 plagas,
1364 3348 1553 3417 quales
1585 3349 1651 3403 ad
1682 3366 1954 3405 summum

391 3431 687 3487 extollebat
747 3434 957 3505 bycms,
1009 3437 1396 3494 ardentissime
1440 3445 1611 3496 currit
1644 3458 1660 3508 ;
1693 3451 1747 3496 et
1799 3444 1960 3500 irruit

395 3523 609 3578 medius
635 3524 780 3579 inter
818 3526 1071 3583 inimicos
1132 3530 1386 3585 alienatae
1423 3533 1624 3588 mentis
1676 3542 1729 3589 et
1768 3536 1960 3591 alienae

319 3681 325 3689 _
399 3616 599 3686 linguai
648 3632 1017 3689 prospereque
1063 3624 1310 3690 procedit
1374 3626 1440 3679 ad
1499 3629 1956 3685 extraordinaria.

397 3721 629 3773 quorum
663 3709 822 3762 modo
871 3725 968 3779 per
1015 3714 1304 3767 ecclesiam
1365 3716 1684 3785 legebantur
1728 3734 1963 3787 evange-

395 3801 491 3863 lia,
518 3801 828 3870 exemplum
855 3810 911 3856 et
943 3803 1059 3872 ipsa
1098 3805 1390 3862 'cbaritatis
1451 3810 1649 3866 exinde
1690 3812 1965 3879 proﬂuen-

396 3892 509 3956 tis;
556 3906 656 3960 per
706 3906 828 3961 quae
852 3908 953 3948 nos
1014 3894 1180 3948 etiam
1218 3897 1535 3966 bujusmodi
1597 3900 1958 3956 festivitatum

397 3984 693 4055 participes
740 3987 970 4041 assumit
1019 3987 1110 4043 ille
1164 3989 1255 4059 qui
1288 4006 1396 4044 non
1448 3994 1624 4046 solum
1688 3995 1743 4048 in
1779 3995 1959 4065 fugam

396 4088 718 4148 perpetuam
755 4080 1009 4136 inimicos
1044 4083 1206 4137 vertit
1232 4084 1565 4155 etquidquid
1601 4088 1652 4140 in
1683 4088 1817 4158 ipsis
1841 4106 1961 4144 cer-

400 4169 591 4223 tamini
621 4169 925 4240 proprium,
955 4173 1168 4239 evertit,
1220 4172 1315 4229 sed
1355 4177 1519 4229 etiam
1570 4176 1810 4246 ipsorum
1851 4190 1962 4234 ter-

394 4276 513 4315 ram
541 4262 938 4319 habitatoribus
971 4263 1244 4319 desertam
1279 4265 1431 4332 fecit,
1463 4268 1693 4337 illosque
1727 4270 1963 4340 subjecit

395 4354 552 4410 nobis
573 4358 624 4408 in
659 4357 999 4422 servitutem,
1019 4373 1125 4425 qua
1154 4358 1256 4428 ipsi
1287 4376 1410 4415 vere
1442 4361 1588 4432 digni
1623 4372 1748 4418 sunt
1778 4373 1830 4419 et
1862 4379 1964 4419 no-

397 4462 520 4501 tnen
561 4447 625 4501 ad
644 4446 694 4502 id
723 4449 921 4503 ferunt.

469 4629 556 4684 ιδ.
590 4628 749 4685 Tales
778 4631 949 4699 igitur
1013 4632 1209 4701 regalis
1245 4648 1371 4703 erga
1405 4649 1504 4690 nos
1537 4637 1800 4704 charitas,
1840 4638 1965 4695 talis

399 4730 624 4793 propter
664 4739 767 4778 nos
798 4734 851 4778 et
888 4725 1101 4779 similes
1153 4726 1312 4781 nobis
1371 4729 1520 4783 zelus
1569 4731 1963 4785 dominatorem

401 4816 530 4870 urit.
571 4816 661 4870 Sic
694 4817 783 4873 ille
817 4818 1168 4876 sermonibus
1202 4822 1405 4877 docens
1440 4823 1668 4891 Optima,
1725 4838 1964 4893 quorum

400 4915 672 4977 caputest
708 4909 970 4977 cbaritas,
1008 4912 1312 4970 doctrinam
1367 4925 1423 4969 et
1472 4916 1734 4984 operibus
1780 4916 1966 4970 consi-

398 5010 547 5070 gnat,
580 5002 821 5070 seipsum
856 5003 908 5056 in
941 5005 1197 5061 omnibus
1225 5007 1448 5063 virtutis
1486 5007 1736 5078 prmbcns
1769 5008 1965 5062 arche-

400 5100 605 5162 typum.
648 5091 802 5148 lllum
843 5105 897 5148 ct
928 5096 1036 5160 hic,
1085 5108 1351 5167 quantum
1398 5100 1658 5168 possibile
1681 5108 1786 5165 est,
1835 5102 1963 5156 imi-

398 5194 598 5252 temur,
630 5189 890 5259 quoniam
922 5191 1009 5243 ille
1045 5191 1221 5261 imago
1252 5194 1431 5246 cuncti
1481 5193 1609 5247 boni
1676 5192 1963 5264 ﬁguratus,

403 5280 702 5334 maximum
742 5281 1092 5337 Salvatorem
1164 5293 1415 5337 nostrum
1484 5284 1537 5338 in
1607 5285 1961 5341 imitationem

403 5372 772 5441 imaginaliter
816 5388 1151 5443 proponens,
1184 5385 1240 5428 et
1291 5377 1585 5443 gratuitam
1639 5376 1785 5431 illius
1817 5393 1966 5430 mor-

400 5474 504 5515 tem
537 5474 761 5532 propter
820 5482 921 5520 nos
965 5468 1018 5522 in
1057 5477 1293 5521 mentem
1342 5468 1679 5536 exprimens,
1721 5471 1961 5540 seipsum

400 5563 626 5621 propter
658 5570 760 5610 nos
813 5558 972 5610 morti
1005 5558 1192 5613 tradit.
1229 5557 1353 5613 Ideo
1408 5574 1634 5629 prorsus
1682 5561 1962 5631 gauderet,

400 5642 623 5699 discens
686 5655 740 5702 et
803 5662 904 5703 nos
940 5650 993 5703 in
1034 5650 1181 5706 bono
1235 5651 1550 5722 diligentes,
1597 5654 1855 5722 quoniam
1910 5662 1966 5708 et

402 5732 662 5798 magister
696 5745 750 5792 et
798 5739 976 5797 omnis
1024 5741 1149 5797 boni
1178 5760 1382 5814 gnarus
1454 5747 1748 5805 monarcha
1807 5746 1967 5804 nobis

840 5899 869 5908 κ

2058 1874 2389 1947 βεϐριθυίας.
2413 1873 2603 1926 Πολλοὶ⁸
2624 1873 2679 1926 δέ
2708 1891 2853 1936 τινες
2877 1874 2968 1927 καὶ
2988 1873 3099 1941 πῦρ
3127 1873 3369 1942 μαλακὸν
3397 1889 3646 1942 περιειρ-

2055 1965 2305 2034 γάζοντο,
2333 1964 2399 2018 δι’
2424 1959 2484 2019 οὗ
2518 1965 2765 2032 σώματος
2794 1963 3136 2033 ἀνθρωπίνου
3155 1963 3329 2032 ψῦχος
3354 1964 3642 2032 χειμέριον

2056 2057 2438 2127 ὲκπορίζεταιο
2480 2058 2506 2106 ὁ
2533 2057 2587 2110 δὲ
2635 2055 3047 2126 μαλακώτερος,
3086 2055 3396 2127 προσϐολὰς
3452 2056 3642 2125 φέρειν

2054 2147 2332 2213 τοιαύτας,
2362 2150 2457 2203 καὶ
2500 2148 2806 2219 λουτρῶνος
2841 2151 3051 2218 ἐγίνετο
3083 2150 3148 2204 ἂν
3176 2149 3477 2202 ἀντίπαλον
3505 2149 3645 2217 πρὸς

2056 2240 2117 2293 τὸ
2149 2240 2316 2311 δριμὺ
2354 2239 2449 2293 τοῦ
2499 2240 2605 2306 ἔξω
2653 2241 3024 2310 περιέχοντος.
3082 2242 3193 2293 Καὶ
3238 2239 3517 2302 τοιαύταις
3546 2240 3645 2309 μὲν

2055 2335 2215 2402 ἡμεῖς
2244 2332 2488 2402 μεθόδοις
2522 2333 2581 2386 τὸ
2612 2333 2706 2385 τοῦ
2758 2333 2919 2402 ἀέρος
2962 2331 3173 2387 λυποῦν
3192 2332 3641 2401 ἀπεκρουόμεθα.

2067 2423 2130 2480 Ὀ
2159 2425 2214 2478 δὲ
2245 2425 2626 2494 αὐτοκράτωρ,
2656 2424 2784 2487 ὲθέις
2823 2425 2923 2496 ἤδη
2967 2425 3029 2478 ἐκ
3062 2423 3276 2493 μακροῦ
3313 2427 3408 2476 καὶ
3441 2421 3641 2491 μικροῦ

2062 2496 2198 2585 μετὰ
2235 2516 2303 2567 τὰ
2351 2516 2587 2585 βρεφικὰ
2641 2516 2933 2584 σπάργανα
2972 2516 3078 2568 τῶν
3132 2515 3278 2568 οὕτω
3325 2517 3641 2584 φρικαλέων

2058 2611 2495 2680 καταστημάτων
2542 2610 2852 2679 γενόμενος,
2910 2610 3045 2672 καὶ,
3082 2610 3108 2662 ὃ
3163 2610 3227 2678 δή
3270 2626 3356 2672 τις
3404 2609 3640 2670 ἀστείως

2057 2701 2186 2770 ἔφη.
2220 2702 2385 2754 πάλαι
2425 2701 2556 2755 ποτὲ
2581 2701 2833 2770 μέτωπον
2871 2702 3034 2763 αὐτὸς
3064 2702 3184 2764 ὅλος
3209 2698 3348 2753 εἶναι
3380 2700 3637 2767 διαγνοὺς

2056 2792 2124 2845 τά
2156 2809 2218 2860 γε
2253 2794 2332 2855 εἰς
2371 2792 2707 2862 καρτερικὴν
2742 2792 3050 2862 γυμνασίαν
3079 2792 3173 2844 τοῦ
3212 2792 3512 2860 ὑπομένειν
3541 2794 3635 2860 ρᾳ-

2057 2884 2337 2955 διουργέας
2387 2884 2566 2954 ἀέριον
2594 2882 2875 2948 τοιαύτας,
2910 2885 2998 2937 ὅτε
3048 2885 3380 2952 φερέπονίας
3426 2887 3636 2949 καιρ”κς,

2060 2974 2524 3045 περιϐεϐλημένος
2571 2975 2602 3045 ἢ
2665 2975 3107 3046 προϐεϐλημένος
3157 2974 3307 3028 οὐδὲν
3365 2974 3635 3041 περιττὸν,

2057 3069 2172 3121 ἀλλ’
2199 3068 2231 3137 ἤ
2277 3072 2376 3135 τὴν
2410 3069 2513 3137 πρὸ
2546 3070 2745 3132 παντὸς
2777 3068 2939 3138 ἔργου
2978 3069 3114 3138 μετὰ
3146 3068 3275 3120 Θεὸν
3312 3066 3629 3134 θαλπωρὴτ,

2058 3161 2152 3214 καὶ
2181 3159 2241 3212 τὸ
2270 3160 2753 3229 διαθερμαίνεσθαι
2788 3160 2868 3223 είς
2901 3160 2993 3213 τὸν
3031 3160 3174 3228 ὑπὲρ
3215 3162 3426 3212 ἐκείνου
3474 3161 3631 3227 ζῆλον

2059 3251 2150 3304 καὶ
2183 3251 2257 3314 ὡς
2295 3248 2383 3303 οἷα
2423 3251 2821 3322 πυρφορεῐσθαι
2859 3250 3032 3323 ταύτῃ
3077 3251 3214 3319 πρὸς
3236 3252 3517 3320 ἑκδίκησιν
3542 3253 3635 3319 τὴν

2059 3342 2201 3395 κατὰ
2225 3343 2331 3394 τῶν
2358 3342 2569 3394 ἐκείνου
2612 3342 2843 3413 ἐχθρῶν,
2880 3342 3008 3409 παρ’
3047 3341 3200 3395 οὐδὲν
3254 3342 3485 3410 θέμενος
3540 3343 3635 3404 τὰς

2060 3434 2157 3486 καὶ
2187 3433 2416 3496 ἀπειλὰς
2449 3435 2545 3486 καὶ
2574 3433 2732 3503 βολὰς
2756 3474 2769 3496 ,
2815 3434 3009 3497 ὁποίας
3040 3435 3067 3486 ὁ
3098 3433 3306 3503 χειμὼν
3340 3436 3424 3495 εἰς
3469 3436 3635 3504 ἀκρον

2061 3524 2421 3595 ὲξησκὴσατο,
2446 3525 2694 3595 ἐκτρέχει
2716 3527 2857 3579 κατὰ
2887 3525 3125 3596 σπουδήν
3147 3542 3159 3556 ·
3192 3527 3285 3579 καὶ
3312 3526 3431 3596 ἅμα
3458 3529 3631 3595 ἐμπη-

2059 3618 2125 3688 δᾷ
2151 3621 2262 3681 τοῖς
2293 3618 2584 3688 ἀλλόφροσι
2613 3619 2707 3671 καὶ
2756 3617 3157 3687 ἀλλογλώσσοις
3196 3620 3498 3689 πολεμίοις,
3540 3619 3633 3672 καὶ

2061 3709 2343 3764 εύοδοῦται
2401 3711 2479 3773 είς
2521 3710 2591 3764 τὰ
2643 3710 2891 3776 ἐξαίσιαο
2945 3704 3023 3764 ὧν
3081 3710 3310 3782 ἔναγχος
3348 3712 3633 3781 εὐαγγέλια

2063 3802 2150 3855 ἐπ’
2176 3801 2472 3874 ἐκκλησίας
2522 3801 2969 3870 ἀνεγινώσκοντο,
3008 3803 3206 3873 δεῖγμα
3237 3804 3336 3857 καὶ
3366 3805 3504 3857 αὐτὰ
3535 3805 3630 3871 τῆς

2063 3895 2272 3949 ἐκεῖθεν
2321 3896 2560 3965 ἀγάπης,
2624 3894 2691 3948 δι’
2747 3889 2822 3949 ὧν
2876 3897 3170 3958 κοινωνοὺς
3207 3897 3358 3966 ἡμᾶς
3387 3897 3481 3950 καὶ
3523 3896 3630 3949 τῶν

2061 3989 2321 4042 τοιούτων
2370 3989 2729 4058 χαρμοσύνων
2758 3987 3241 4058 προσλαμϐάνεται
3299 3991 3328 4041 ὀ
3357 3989 3433 4059 μὴ
3479 3990 3630 4059 μόνον

2063 4082 2142 4143 είς
2177 4078 2353 4152 φυγὴν
2382 4079 2831 4148 ἀμετάστρεπτον
2857 4080 2982 4142 τοὺς
3011 4079 3241 4148 ἐχθροὺς
3275 4080 3482 4143 κλίνας,
3533 4081 3622 4133 καὶ

2064 4169 2449 4241 καταστρέψας
2498 4171 2647 4223 τὸέν
2677 4170 2857 4233 αὐτοῖς
2918 4170 3182 4240 μάχιμον,
3233 4170 3369 4224 ἀλλὰ
3422 4174 3508 4225 καὶ
3534 4170 3625 4240 τὴν

2065 4264 2185 4319 κατ’
2211 4263 2409 4324 αὐτοὺς
2441 4262 2548 4331 γῆν
2578 4264 2677 4332 ὲρη
2689 4262 2878 4331 μώσας
2907 4261 3016 4314 τῶν
3043 4263 3373 4332 οἰκητόρων,
3400 4265 3487 4316 καὶ
3519 4262 3624 4331 χώ-

2071 4374 2169 4425 ρας
2207 4353 2530 4416 πολυτενοῦς
2560 4354 2937 4422 αἰχμαλωσίας
2970 4352 3295 4419 ἀπαγαγὼν,
3331 4357 3424 4407 καὶ
3471 4357 3623 4421 ἐγκι-

1989 4426 2044 4485 D
2069 4451 2342 4519 ταστὴσας
2370 4449 2483 4510 τοῖς
2511 4446 2632 4499 καθ’
2663 4448 2809 4516 ἡμᾶς
2851 4446 2927 4508 εἰς
2960 4445 3229 4512 δουλείαν,
3260 4441 3327 4519 ἧς
3361 4449 3505 4499 αὐτοὶ
3530 4464 3619 4497 κα-

2068 4539 2243 4605 τάξιοι
2275 4541 2370 4591 καὶ
2405 4538 2708 4606 ἐπώνυμοι.

2143 4638 2262 4702 μς’.
2297 4632 2555 4684 Τοιοῦτον
2585 4633 2617 4700 ἠ
2658 4630 2911 4701 βασιλικὴ
2946 4632 3075 4700 περὶ
3102 4633 3252 4701 ἡμᾶς
3284 4633 3492 4700 ἀγάπη,
3518 4647 3623 4683 τοι·

2067 4725 2225 4787 οὗτος
2260 4725 2400 4795 ὑπὲρ
2431 4725 2591 4793 ἡμῶν
2623 4724 2720 4776 καὶ
2750 4723 2859 4776 τῶν
2888 4723 3012 4775 καθ’
3048 4724 3197 4793 ἡμᾶς
3233 4725 3444 4777 ἐκκαίει
3474 4724 3619 4789 ζῆλος

2068 4820 2160 4871 τδν
2191 4818 2609 4886 αὐτοκράτορα·
2647 4817 2820 4878 οὕτως
2851 4816 3060 4878 ἐκεῖνος
3099 4817 3196 4869 καὶ
3226 4817 3411 4885 λόγοις
3442 4814 3615 4867 διδάσ-

2069 4928 2182 4965 κων
2209 4912 2277 4965 τὰ
2312 4912 2590 4979 βέλτιστα,
2619 4902 2694 4962 ὧν
2716 4909 3016 4977 κεφάλαιον
3051 4910 3084 4979 ἡ
3117 4909 3333 4978 ἀγάπη,
3367 4912 3619 4974 ἐπισφρα-

2069 5004 2213 5073 γίζει
2255 5003 2354 5072 τὴν
2401 5002 2769 5055 διδασκαλίανκ
2807 5001 2902 5054 καὶ
2949 5001 3155 5070 ἔργοις,
3194 5000 3494 5071 ἀρχέτυπον
3538 4994 3616 5062 ἐφ’

2070 5097 2277 5150 ἅπασιν
2309 5097 2513 5165 ἀρετῆς
2553 5094 2748 5149 ἑαυτὸν
2798 5093 3099 5163 προῖστῶν.
3138 5092 3347 5144 Τοῦτον
3389 5084 3620 5161 μιμηταὶ⁵

2073 5190 2212 5261 μεθα
2263 5188 2568 5250 κάνταῦθα,
2607 5189 2732 5241 ὅσον
2780 5186 3034 5254 δύναμις,
3089 5185 3215 5236 ἐπεὶ
3282 5186 3376 5236 καὶ
3430 5182 3617 5236 ἐκεῖνος
3692 5250 3699 5257 ι

2071 5287 2375 5353 ἐκμαγεῖον
2425 5282 2630 5343 παντὸς
2659 5279 2872 5348 ἀγαθοῦ
2913 5278 3217 5342 τυπωθεὶς,
3255 5278 3349 5329 τὸν
3383 5274 3613 5345 μέγιστον

2069 5377 2298 5445 Σωτῆρα
2318 5376 2475 5446 ἡμῶν
2494 5374 2575 5434 εἰς
2600 5374 2835 5444 μίμησιν
2852 5369 3135 5432 είκονικῶς
3153 5366 3608 5437 προστησάμενος.

2070 5470 2166 5522 κα)⁸
2226 5468 2318 5520 τὸν
2384 5468 2596 5519 ἐκείνου
2667 5465 2876 5535 δωρεὰν
2953 5463 3093 5530 ὑπὲρ
3148 5458 3310 5528 ἡμῶν
3391 5457 3608 5508 θάνατον

2071 5567 2150 5626 είς
2176 5563 2300 5615 νοῦν
2336 5560 2698 5629 τυπούμενος,
2751 5557 3011 5626 θνήσκειν
3056 5552 3248 5604 ἑαυτὸν
3288 5548 3424 5615 ὑπὲρ
3472 5547 3612 5611 ἡμων

2072 5656 2386 5726 προτίθησι.
2429 5653 2519 5705 Διὸ
2557 5652 2654 5706 καὶ
2707 5651 2892 5721 χαίροι
2942 5646 3009 5700 ἂν
3047 5646 3287 5703 πάντως,
3351 5636 3613 5709 μανθάνων

2082 5752 2136 5804 αἱ
2177 5750 2322 5819 ἡμᾶς
2359 5744 2740 5815 ἀγαπητικοῦς
2773 5744 2831 5797 ἐν
2876 5740 3047 5811 καλῷ,
3080 5735 3203 5789 ἐπεὶ
3237 5735 3331 5787 καὶ
3379 5728 3615 5784 estm-
