3982 6246
280 326 394 390 6'53

1218 329 1303 390 ΙΝ
1345 329 1406 392 S.
1450 331 2118 403 QUADRAGESIMAM
2147 338 2434 402 ORATIO
2475 339 2588 403 Ῑὶῐ.

3429 352 3538 416 ιιι

282 440 371 499 lo,
419 440 553 510 ἡμῖν
584 438 676 491 καὶ
706 439 907 503 παντὸς
930 440 1423 512 ὲπιστημονάρχης
1450 442 1656 511 ἀγαθοῦ
1678 444 1857 499 θεόθεν

1966 450 2292 518 proponitur
2339 467 2365 503 τι
2401 451 2527 506 Deo.
2585 444 2829 522 Magistri
2857 452 2995 511 νει-ο
3044 448 3151 512 i't'tm
3188 444 3379 516 nimii
3410 478 3536 531 pro-

280 532 684 602 ezpoﬁﬁm-cat.
727 532 1066 586 Διδασκάλου
1097 533 1153 588 δὲ
1188 533 1424 600 ἀφθόνου
1460 535 1594 588 ἴδιον
1629 537 1858 608 χαίρειν,

279 617 365 684 οἷς
392 622 780 692 εὐδοκιμοῦσιν
799 625 848 675 οἰ
873 623 1276 694 διδασκόμενοι.
1308 625 1640 680 Τούναντξον
1664 630 1854 697 μέντοι

284 715 534 769 θλίϐοιτο
568 714 660 778 ἂν,
714 715 876 788 εἴπερ
931 716 1094 779 αὐτὸς
1147 717 1246 789 μὲν
1283 718 1586 771 κινδυνεύει
1612 720 1680 772 δι’
1716 722 1863 791 ἡμᾶς

278 810 357 864 τὰ
381 812 437 872 ἐς
466 809 724 878 πόλεμον,
757 803 800 876 ᾧ
820 810 912 868 καὶ
946 809 1169 863 θάνατοι
1200 809 1675 881 παρομαρτοῦσιν,
1704 813 1862 881 ἡμεῖς

282 902 344 954 δὲ
402 904 524 954 κατ’
561 903 812 973 ἀλλήλων
849 901 1204 972 ἀνιστώμεθα
1240 904 1498 972 μάχιμοι,
1535 905 1630 957 καὶ
1689 904 1863 968 οὕτως

283 997 371 1058 εἰς
409 996 565 1049 οὐδὲν
599 995 717 1048 δέον
746 996 1087 1066 βροτολοιγοὶ
1114 997 1551 1065 άπεκόαίνομεν.

366 1087 479 1157 μζ’.
520 1087 921 1158 Ἐνθυμὼμεθα
942 1089 1079 1159 πρὸς
1103 1088 1317 1153 τούτοις
1341 1090 1515 1144 καὶτὸ
1537 1090 1862 1161 κατάντημα

284 1181 384 1236 τοῦ
413 1181 784 1251 προκειμένου
822 1181 1191 1251 νηστευτικοῦ
1228 1182 1469 1247 σταδίου,
1525 1183 1625 1254 τὴν
1658 1202 1862 1253 κοσμο-

290 1273 566 1342 σωτήριον
600 1271 928 1342 πασχάλιον,
958 1271 1059 1344 τὴν
1091 1274 1363 1344 κυριακὴν
1402 1273 1732 1340 ἀνάστασιν,
1764 1277 1861 1347 τὴν

291 1366 390 1418 καὶ
422 1365 597 1427 ἄλλως
645 1366 744 1434 μὲν
780 1365 1147 1432 ἐξανάστασιν
1201 1367 1485 1438 ἡμετέραν
1519 1368 1583 1420 ὲκ
1639 1384 1864 1437 παραπο

290 1458 564 1526 τωμάτων
594 1456 809 1509 πολλῶν
841 1458 935 1510 καὶ
960 1458 1068 1511 τῶν
1098 1459 1198 1528 τῆς
1241 1458 1427 1528 κοινῆς
1459 1459 1515 1512 δὲ
1552 1461 1646 1512 καὶ
1676 1459 1862 1511 τελευ-

290 1553 452 1613 ταίας
475 1551 569 1604 καὶ
602 1554 841 1621 φρικτῆς
876 1549 1182 1625 προοιμίων
1239 1552 1664 1621 ἐπισφράγισμα
1695 1553 1863 1619 ἐκφα-

287 1646 575 1699 νέστατον.
630 1643 1093 1711 Ἀνασκάλλωμεν
1139 1646 1204 1712 τῇ
1237 1644 1449 1713 διανοίᾳ
1476 1644 1577 1713 τὴν
1603 1644 1863 1698 εὐκταίαν

288 1735 500 1806 ταύτην
560 1735 935 1806 κυριώνυμον,
970 1735 1093 1788 καθ’
1146 1736 1213 1807 ἢν
1255 1734 1455 1799 σκοπὸς
1482 1738 1616 1808 ἡμῖν
1646 1737 1862 1805 καίριος

1967 541 2144 611 prium
2193 551 2274 597 est
2324 542 2388 596 iis
2415 545 2674 613 gaudere,
2727 547 2926 615 quibus
2992 549 3249 618 discipuli
3316 552 3540 606 clariﬁ-

1964 648 2180 690 cantur.
2213 634 2505 692 Coutrarie
2554 655 2722 707 porro
2756 639 2941 696 forsan
2974 642 3332 712 aﬂligeretur,
3366 645 3537 714 siqui-

1964 729 2085 783 dem
2123 728 2211 782 ille
2273 744 2370 797 pro
2431 732 2589 784 nobis
2636 734 2868 788 incurrit
2937 735 3178 804 pericula
3242 736 3392 804 belli,
3447 739 3534 792 cui

1965 830 2169 875 mortes
2197 823 2547 900 comitantur,
2573 824 2698 877 dum
2724 842 2822 879 nos
2853 828 2905 880 in
2932 828 3162 884 invicem
3198 830 3535 899 insurgimus

1966 920 2296 983 pugnantes,
2327 924 2377 969 et
2403 913 2609 985 absque
2637 932 2803 972 causa
2832 918 3117 977 homicida:
3147 923 3454 979 evadimus.

2033 1090 2124 1145 47.
2168 1091 2558 1164 Recogitemus
2609 1098 2842 1167 insuper
2882 1104 3140 1170 propositi
3175 1105 3534 1174 jejunatiOnis

1965 1182 2126 1237 stadii
2158 1186 2473 1253 terminum,
2503 1188 2745 1245 salutare
2768 1189 2893 1245 dico
2920 1191 3153 1259 Pascha,
3190 1197 3531 1254 Dominicam

1965 1277 2447 1341 rrsurrectionem,
2517 1289 2765 1334 nostram
2819 1283 3044 1338 aliunde
3076 1289 3533 1343 resurrectionem

1965 1379 2029 1419 ex
2060 1366 2246 1421 multis
2291 1367 2553 1437 lapsibus,
2590 1373 2683 1425 sed
2715 1380 2769 1426 et
2801 1377 3191 1443 prommiorum
3228 1383 3535 1435 communis

1967 1455 2276 1526 tiltiuiteqne
2350 1475 2415 1514 ac
2480 1461 2773 1519 horrenda:
2858 1464 2963 1521 diei
3022 1468 3534 1526 manifestissimum

1964 1547 2225 1615 sigillum.
2289 1549 2656 1620 lnspectemus
2724 1558 3060 1627 cogitatione
3114 1561 3534 1617 desiderabilem

1967 1638 2105 1693 hanc
2160 1639 2371 1696 Domini
2425 1646 2591 1713 diem,
2650 1662 2756 1717 qua
2825 1652 2987 1707 nobis
3056 1662 3141 1709 est
3192 1664 3536 1724 Opportuuus

1969 1732 2091 1787 linis
2137 1735 2405 1800 intentus.
2439 1737 2617 1808 ipsum
2677 1742 2826 1796 hunc
2882 1758 3062 1814 regem
3094 1748 3535 1815 potentissimum

286 1826 458 1880 αὐτὸν
489 1828 698 1881 ἐκεῖνον
733 1827 826 1881 τὸν
876 1827 1232 1898 παμσασιλέα
1286 1829 1520 1899 Σωτῆρα
1587 1830 1857 1884 ἐνοικίσα-

1969 1842 2033 1879 ac
2068 1825 2403 1883 Salvatorem
2457 1831 2509 1885 in
2557 1843 2792 1889 mentem
2825 1835 3173 1907 hospitaliter
3202 1840 3532 1910 accipiendi,

284 1920 419 1972 σθαι
446 1919 500 1981 ἐς
521 1917 715 1989 ψυχὴν,
745 1917 1273 1990 προκαθηραμένους
1292 1918 1517 1989 δηλαδὴ,
1548 1920 1640 1973 καὶ
1667 1937 1866 1989 συρφε-

282 2013 385 2066 τοῦ
419 2012 625 2077 παντὸς
656 2017 748 2067 τὸν
786 2012 931 2066 κατὰ
956 2012 1082 2066 νοῦν
1117 2013 1176 2065 ὲν
1217 2012 1472 2077 ἑκάστοις
1496 2007 1648 2067 οἷκον
1682 2011 1864 2085 σαρὼο

287 2122 520 2169 σαντας.

364 2205 479 2269 μη’.
509 2198 1012 2271 Προσλογισώμεθα
1056 2199 1151 2253 καλ⁵
1180 2198 1354 2262 ἄλλως
1385 2199 1510 2269 μὲν,
1558 2198 1586 2251 ὅ
1617 2197 1711 2253 καὶ
1741 2198 1860 2254 ἑτέ·

290 2291 432 2361 ρωθι
470 2290 702 2362 ἔφαμεν,
736 2291 856 2355 πῶς
882 2293 948 2346 ἂν
979 2295 1037 2345 ἐν
1064 2294 1198 2363 ἡμῖν
1252 2292 1481 2363 χωρήσῃ
1515 2291 1542 2344 ὁ
1603 2289 1861 2360 μέγιστος

286 2383 501 2452 ἄρχων,
527 2386 555 2436 ό
585 2384 972 2455 παμϐασιλεὺς
1007 2384 1167 2448 Θεὸς,
1222 2385 1405 2445 αὐτοῖς
1469 2382 1695 2445 ὀπαδοῖς
1747 2385 1860 2444 τοῖς

286 2474 424 2543 περὶ
478 2475 665 2541 αὑτὸν,
721 2475 818 2529 ἐὰν
864 2474 1008 2528 οὕτω
1066 2475 1314 2545 γέμωσιν
1362 2474 1519 2545 ὑμῶν
1568 2474 1625 2528 αἱ
1686 2473 1858 2527 οἰκίαι

283 2565 510 2632 φαύλων
547 2565 882 2635 περιουσιῶν
942 2566 1039 2620 καὶ
1077 2564 1312 2631 σκευῶν,
1352 2566 1428 2630 ὡς
1480 2569 1557 2639 μὴ
1608 2570 1857 2624 δεδόσθαι

280 2659 502 2726 οἴκησιν
550 2655 722 2729 αὐτῷ.
753 2657 1012 2711 Μάλιστα
1045 2657 1100 2710 δὲ
1129 2660 1751 2732 προσεπιλογισὼμεθα,
1782 2663 1858 2726 ὡς

281 2754 335 2804 εἰ
369 2751 467 2804 καὶ
526 2753 708 2805 πᾶσαν
741 2749 875 2821 ὓλην
924 2750 1120 2820 ἑτέραν
1148 2752 1535 2823 ἁπαγάγωμεν
1569 2758 1662 2808 τοῦ
1716 2756 1857 2810 κατὰ

282 2845 471 2915 ψυχὴν
506 2844 683 2909 οἴκου,
711 2843 1179 2915 φιλοκαλήσαντες
1205 2846 1434 2910 ἑαυτοὺς
1456 2849 1853 2918 ἀπειροκάλως,

283 2940 379 2989 καὶ
412 2938 491 3000 εἰς
535 2936 891 3007 ἀῤῥυπάρους
927 2938 1024 2990 καὶ
1055 2936 1380 3008 καθαρείους
1413 2942 1853 3010 καταστήσομεν,

283 3028 343 3078 ἓν
379 3026 437 3079 δὲ
470 3027 564 3078 καὶ
591 3026 751 3095 μόνον
781 3025 1097 3096 ἐνδομύχως
1129 3026 1428 3098 ὑφεδρεῦον
1469 3029 1732 3097 ἐάσομεν,
1755 3029 1854 3100 τὴν

281 3118 384 3186 τῆς
416 3117 632 3177 δικαίας
658 3120 752 3170 καὶ
782 3118 951 3189 όρθῆς
980 3119 1075 3172 καὶ
1103 3118 1574 3189 ἅπραγματεύτου
1604 3123 1701 3175 καὶ
1734 3125 1855 3175 άκι-

1967 1932 2099 1972 sane
2149 1925 2274 1988 post
2302 1923 2759 1990 praeparationem
2822 1935 2876 1981 et
2909 1929 2975 1984 ab
3012 1930 3159 1983 omni
3194 1931 3355 1986 sorde
3420 1932 3533 2002 spi-

1965 2008 2142 2065 ritalis
2187 2010 2243 2064 in
2285 2026 2616 2084 unoquoque
2674 2015 2870 2074 donius
2924 2020 3382 2090 puriﬁcationem.

2034 2195 2125 2252 48.
2158 2196 2581 2257 Consideremus
2630 2211 2828 2272 praeter
2889 2204 3028 2269 ιιωο,
3068 2204 3214 2275 quod
3268 2206 3406 2261 alias
3447 2206 3533 2260 di-

1962 2286 2164 2355 ximus,
2224 2291 2501 2360 quomodo
2567 2292 2746 2349 locum
2807 2296 2861 2349 in
2912 2296 3076 2352 nobis
3145 2299 3347 2353 habere
3404 2312 3534 2367 pos-

1961 2379 2034 2434 sit
2079 2383 2351 2439 maximus
2401 2385 2531 2451 dux,
2576 2388 2997 2455 potentissimus
3030 2404 3125 2446 rex
3196 2388 3359 2458 Deus,
3406 2405 3532 2444 cum

1963 2474 2130 2529 sociis
2170 2476 2304 2542 suis,
2353 2477 2399 2530 si
2442 2477 2639 2533 domus
2696 2487 2893 2535 vestrae
2951 2482 3156 2537 vilibus
3208 2484 3533 2539 substantiis

1961 2574 2017 2619 et
2074 2568 2298 2623 vasibus
2329 2569 2463 2622 adeo
2489 2569 2824 2640 repleantur,
2880 2581 2938 2626 ut
2979 2574 3083 2643 ipsi
3128 2589 3235 2629 non
3266 2576 3534 2630 conceda-

1963 2664 2051 2710 tur
2079 2658 2369 2713 habitatio.
2396 2657 2708 2716 Przesertim
2748 2676 2928 2717 autem
2966 2666 3318 2722 attendamus
3343 2668 3485 2723 istud
3516 2685 3530 2722 :

1960 2749 2007 2803 si
2056 2758 2306 2804 cunctam
2369 2750 2584 2821 quidem
2634 2762 2950 2810 extraneam
3011 2760 3300 2813 materiam
3354 2777 3385 2814 e
3427 2762 3536 2831 spi-

1958 2841 2104 2896 ritali
2160 2844 2322 2897 domo
2371 2842 2737 2913 abjecerimus
2793 2862 2899 2916 qua
2952 2850 3323 2919 nosmetipsos
3380 2852 3538 2906 inho-

1958 2946 2114 2989 neSte
2166 2951 2654 3002 exornaverainus,
2730 2954 2943 3008 nosque
3012 2956 3179 3010 pllI‘OS
3213 2952 3268 2997 Cl
3337 2960 3536 3014 expur-

1959 3034 2115 3096 gatos
2143 3027 2623 3094 constituerimus,
2661 3044 2830 3083 unum
2883 3039 3064 3086 autem
3100 3034 3276 3090 solum
3307 3037 3535 3092 interius

1959 3119 2370 3187 permiserimus
2426 3121 2616 3185 sedile,
2663 3122 3028 3179 adversariam
3056 3125 3239 3196 justaa,
3271 3138 3325 3182 et
3351 3140 3532 3196 rectm,

282 3211 488 3279 ὗδήὶου
528 3210 750 3280 ἀγάπης
777 3210 1076 3264 ἀντίπαλον
1120 3209 1346 3280 ἔχθραν,
1378 3211 1498 3274 πῶς
1526 3212 1592 3267 ἂν
1622 3212 1721 3284 τὴν
1760 3214 1857 3267 αὑ-

1966 3207 2361 3287 iucuriosaeque
2406 3226 2472 3267 ac
2536 3213 2767 3268 sincerae
2816 3214 3127 3281 charltatis,
3165 3217 3533 3283 inimicitiam,

278 3305 597 3373 τοαγάπην,
661 3304 756 3356 τὸν
812 3301 1043 3373 Κύριον,
1123 3301 1601 3373 είσοικισὼμεθα;
1665 3301 1849 3376 Οἶμαι,

280 3399 384 3451 οὐκ
415 3398 501 3452 ἄν.

357 3490 468 3560 μθ’.
509 3490 891 3560 Ἐξελάσωμεν
941 3490 1036 3546 οὖν
1092 3494 1287 3563 πρῶτα
1316 3494 1408 3547 τὸν
1456 3491 1552 3546 τοῦ
1611 3490 1854 3545 τοιούτου

283 3580 553 3649 βασιλέως
588 3580 780 3651 ἐχθρὸν
813 3580 908 3650 ἀφ’
943 3580 1121 3649 ἡμῶν,
1171 3582 1231 3634 τὸ
1259 3581 1546 3650 ἀλόγιστον
1573 3580 1719 3649 λέγω
1769 3583 1857 3651 μῖ-

284 3690 397 3736 σ;ς,
444 3674 570 3741 πρὸς
597 3673 653 3725 δέ
685 3689 750 3741 γε
777 3675 870 3727 καὶ
901 3674 1000 3744 τὴν
1047 3673 1215 3727 αὑτοῦ
1279 3675 1568 3744 στρατιὰν,
1601 3675 1699 3734 τὰς
1733 3674 1854 3727 tm-

285 3767 508 3830 ϐουλὰς,
546 3770 644 3831 τὰς
674 3767 951 3831 διαϐολὰς,
987 3767 1047 3821 τὸ
1076 3766 1161 3837 ἐφ’
1192 3761 1274 3828 οἷς
1327 3767 1387 3819 οὐ
1422 3768 1626 3839 πρέπει
1661 3766 1856 3838 κρυψί-

284 3877 432 3922 νουν,
468 3860 529 3912 τδ
556 3858 794 3927 ἀγκύλον
820 3856 973 3930 ἦθος,
1029 3859 1128 3923 τὰς
1182 3858 1575 3923 πολυελίκτους
1606 3859 1853 3929 καμπὰς,

284 3954 345 4006 τὸ
402 3953 792 4020 κακόγλωσσον
815 3952 1034 4023 ψεῦδος,
1067 3954 1128 4007 τδ
1159 3953 1255 4006 ἐπὶ
1283 3952 1437 4025 φιλίᾳ
1471 3952 1853 4023 ὑποκριτικὸν,

282 4047 383 4109 τὰς
438 4045 754 4109 λεοντώδεις
810 4047 1091 4118 ἁρπαγὰς,
1139 4047 1241 4108 τὰς
1288 4045 1547 4108 ἀετώδεις
1587 4045 1855 4112 κλαγγὰς,

285 4141 372 4211 ἐφ’
406 4137 486 4204 οἷς
519 4142 613 4195 καὶ
640 4141 960 4211 ἀδικοῦμεν,
984 4139 1047 4194 τὸ
1077 4141 1224 4194 κατὰ
1257 4139 1364 4193 τῶν
1381 4138 1657 4192 ταπεινῶν
1704 4136 1859 4191 ἁδελ-

285 4233 401 4303 φῶν
425 4232 520 4285 καὶ
562 4232 715 4285 δεινὰ
745 4232 979 4303 βροντᾷν
1025 4232 1120 4285 καὶ
1160 4232 1385 4301 ὄλεθρον
1415 4229 1852 4300 κεραυνοϐολεῑν,

282 4328 350 4380 τὰ
380 4325 517 4380 ἄλλα
555 4327 755 4390 πάντα,
807 4324 877 4378 δι’
906 4318 982 4379 ὧν
1037 4323 1484 4396 στρατολογεῖται
1519 4325 1675 4393 μῖσος
1708 4321 1858 4375 ἀντι·

283 4420 459 4473 παλον
492 4420 684 4489 ἀγάπῃ
718 4421 782 4489 τῇ
840 4418 981 4471 κατὰ
1015 4416 1173 4472 Θεόν.
1210 4415 1416 4469 Τούτου
1471 4415 1565 4468 τοῦ
1624 4414 1857 4467 πολυκε-

284 4514 456 4582 φάλου
482 4511 718 4582 βλάϐους
746 4510 1126 4582 ἐξαιρεθέντος
1154 4508 1248 4578 ἀφ’
1279 4507 1456 4579 ἡμῶν,
1488 4506 1633 4561 ἅπαν
1656 4506 1857 4576 ὠφέλι-

287 4625 384 4677 μον
415 4604 917 4659 ἀντεισελεύσεται.
948 4602 1131 4671 Νέφος
1164 4602 1285 4655 ἐστὶ
1322 4600 1383 4653 τὸ
1433 4600 1635 4668 φαῦλον
1667 4603 1848 4669 μῖσος,

285 4694 655 4766 ἐπιπροσθοῦν
707 4694 788 4764 τῷ
844 4693 944 4763 τῆς
998 4691 1351 4761 δικαιοσύνης
1402 4691 1556 4761 ἡλίῳ,
1618 4689 1716 4742 καὶ
1778 4687 1855 4759 μὴ

284 4792 450 4856 ἀφιὲν
484 4789 655 4843 αὑτὸν
679 4787 1015 4859 ἐπιλάμπειν
1043 4788 1198 4858 ἡμῖν.
1234 4786 1525 4852 Ἐκνεφίας
1556 4784 1694 4850 ἐστὶ,
1724 4783 1860 4852 μᾶλ-

284 4887 373 4939 λον
400 4884 500 4953 μὲν
514 4880 606 4935 οὖν
623 4878 817 4950 Τυφὼν
839 4879 1171 4949 βιαιότατος,
1193 4876 1456 4949 βυσσόθεν
1469 4877 1571 4929 ἀνα
1579 4874 1859 4945 μοχλεύων

282 4980 382 5045 τὴν
414 4972 514 5027 τοῦ
566 4972 688 5026 καθ’
723 4974 871 5043 ἡμᾶς
904 4972 1022 5042 βίου
1078 4971 1377 5036 θάλασσαν,
1430 4971 1526 5023 καὶ
1559 4968 1657 5040 τὴν
1715 4968 1857 5020 κατὰ

284 5068 418 5120 Θεὸν
455 5065 696 5135 γαλήνην
721 5065 814 5117 καὶ
843 5061 1126 5133 εἰρηναίαν
1148 5061 1429 5132 διαγωγὴν
1460 5062 1556 5113 καὶ
1587 5058 1857 5129 ήσυχαίαν

286 5162 625 5216 κατάστασιν
652 5158 881 5226 ἀπάγων
909 5158 966 5223 ἐξ
998 5155 1174 5227 ἡμῶν.
1200 5154 1680 5225 ’1’ραχύτηςὲστίν,
1713 5152 1858 5206 ἅπαν

286 5252 587 5324 ἀχρειοῦσα
619 5252 760 5303 λεῖον
804 5250 899 5303 καὶ
923 5249 1100 5312 εύθὲς,
1132 5248 1199 5301 δι’
1230 5242 1291 5301 οὗ
1322 5249 1453 5317 πρὸς
1488 5246 1620 5298 Θεὸν
1646 5244 1859 5298 εὐοδού-

290 5348 450 5418 μεθα.
488 5344 691 5414 ιᾴίρκτή
746 5344 861 5395 ἐστι
897 5341 1128 5408 ζοφερὰ,
1166 5341 1593 5403 κατακλείοντα,
1639 5339 1713 5399 ὼς
1755 5338 1857 5389 οὐκ

286 5439 351 5492 ἂν
378 5437 601 5501 εὖξαιτό
636 5452 741 5496 τις,
768 5436 863 5486 καὶ
895 5434 956 5483 οὐ
990 5433 1148 5501 μόνον
1183 5430 1588 5500 ἁποφραγνῦσα
1620 5429 1713 5479 καὶ
1745 5444 1855 5479 κω-

287 5531 491 5582 λύουσα
542 5526 688 5597 βιοῦν
722 5527 1103 5592 ἀνθρωπίνως,
1141 5521 1236 5583 οὒς
1264 5521 1329 5574 ἂν
1375 5521 1520 5573 ἔνδον
1566 5519 1853 5584 ἁπολ;.6οι,

290 5624 428 5676 ἄλλα
462 5623 556 5674 καὶ
589 5619 769 5687 φωτὸς
810 5613 1219 5685 ἁποστεροῦσα,
1254 5612 1349 5674 οὓς
1378 5612 1721 5683 ἐναπείργει.

362 5722 425 5770 ν’.
464 5715 507 5768 Τ
514 5714 529 5765 ί
560 5712 731 5767 πολλὰ
760 5710 942 5775 λέγειν
970 5710 1048 5769 εἰς
1082 5704 1396 5777 παραϐολὴν
1428 5705 1804 5776 αἰνιγματώδη
1838 5723 1854 5773 ;

292 5811 557 5882 Δαίμονος
590 5804 752 5875 ἔργον
787 5802 846 5856 τὸ
874 5800 1228 5857 ἁκκνὸνιστον
1296 5799 1473 5869 μῖσος,
1520 5793 1691 5852 simas
1723 5799 1855 5868 ἀφε-

1884 4563 1932 4621 ῐ)

1958 3304 2236 3371 quomodo
2267 3303 2591 3359 charitatem
2634 3305 2830 3373 ipsam,
2878 3307 3188 3374 Dominum,
3241 3313 3295 3366 in
3351 3314 3535 3381 hospi-

1958 3394 2092 3447 tium
2128 3396 2376 3465 recipere
2403 3397 2749 3465 poterimus?
2777 3397 2917 3453 Puto
2959 3400 3073 3453 iieri
3113 3418 3220 3456 nou
3261 3418 3442 3472 posse.

2029 3486 2118 3541 49.
2143 3486 2488 3557 ΕκρεΙΙοιηυε
2518 3491 2685 3560 igitur
2713 3489 2948 3559 primum
2975 3507 3001 3543 a
3032 3493 3190 3548 nobis
3217 3494 3532 3563 linjusnindi

1958 3579 2106 3648 regis
2132 3579 2444 3642 inimicum,
2483 3579 2669 3633 odium
2697 3580 2820 3634 dico
2857 3580 3196 3647 irrationale,
3229 3584 3536 3656 deindeque

1957 3671 2131 3742 ipsius
2181 3674 2504 3738 exeriitum,
2559 3674 2813 3740 insidias,
2872 3676 3203 3741 calumnias.
3248 3680 3303 3734 in
3346 3683 3531 3744 re:.us,

1958 3766 2160 3835 quibus
2201 3780 2306 3819 non
2343 3766 2518 3830 decet,
2550 3766 3075 3833 dissimulationem,
3104 3778 3409 3826 tortuosani
3449 3773 3535 3826 in-

1957 3853 2161 3918 dolem,
2215 3853 2514 3908 multiﬁdos
2562 3855 2739 3922 sinus,
2806 3871 2992 3926 prava:
3040 3859 3241 3930 linguae
3311 3862 3538 3916 menda-

1958 3943 2125 4010 cium,
2169 3946 2227 3999 iu
2280 3946 2521 4000 amicitia
2566 3946 2997 4014 simulationem,
3034 3950 3281 4006 leoninos
3321 3963 3533 4022 raptus,

1959 4038 2236 4106 aquilinos
2296 4037 2563 4095 clamores
2625 4041 2678 4093 iu
2728 4055 2825 4096 eos
2883 4042 3085 4111 quibus
3138 4043 3394 4112 injuriain
3451 4046 3537 4100 fa-

1960 4128 2159 4195 cimus,
2190 4129 2257 4182 ad
2292 4131 2407 4184 liam
2456 4140 2647 4185 contra
2695 4131 2930 4188 humiles
2987 4133 3186 4189 fratres
3249 4137 3533 4191 tremenda

1960 4219 2198 4274 tonitrua
2227 4220 2502 4276 lethaliter
2525 4222 2899 4290 fulminantis,
2932 4237 3129 4279 caetera
3159 4239 3379 4291 cuncta,
3413 4230 3537 4292 qui-

1957 4311 2061 4368 bus
2115 4313 2331 4382 agmina
2364 4314 2644 4382 componit
2700 4314 2887 4368 odium
2948 4315 3208 4370 cliaritati
3267 4335 3387 4386 qua:
3450 4336 3537 4374 sc-

1960 4404 2198 4458 cundum
2250 4403 2415 4458 Deum
2448 4414 2531 4459 est
2569 4405 2968 4461 adversarium.
3022 4407 3134 4461 lloe
3180 4411 3324 4462 enim
3358 4412 3537 4464 multi-

1960 4499 2114 4568 cipiti
2169 4499 2368 4552 damno
2429 4514 2458 4551 a
2507 4499 2664 4555 nobis
2735 4501 2939 4564 ablato,
2975 4502 3255 4571 quodlibet
3293 4518 3537 4558 commo—

1960 4592 2086 4644 dum
2140 4592 2418 4645 succedet.
2462 4591 2647 4647 Nubes
2700 4602 2787 4648 est
2835 4608 3065 4664 pravum
3140 4595 3352 4659 ouium,
3408 4608 3537 4653 ante

1959 4683 2132 4735 solem
2181 4681 2411 4750 iustitia)
2454 4683 2649 4752 posita,
2701 4699 2811 4737 non
2859 4686 3049 4738 sitiens
3099 4686 3279 4755 ipsum
3310 4686 3537 4740 iilueere

1960 4778 2140 4832 nobis.
2164 4776 2407 4831 Procella
2427 4789 2532 4841 est.
2557 4788 2649 4832 aut
2688 4789 2746 4832 ut
2775 4781 2972 4836 melius
2991 4781 3172 4836 dicam
3205 4784 3539 4839 violentissi-

1959 4888 2082 4926 mus
2098 4872 2324 4943 typlinn,
2346 4873 2471 4926 vita:
2499 4882 2698 4928 nostra:
2722 4889 2870 4928 mare
2897 4873 3142 4931 funditus
3159 4891 3534 4941 commovens,

1958 4973 2013 5018 et
2039 4964 2277 5017 divinam
2316 4964 2761 5032 tranquillitatem
2796 4968 3194 5037 paciﬁcumque
3224 4970 3533 5034 transitum,

1960 5072 2023 5109 ac
2075 5072 2327 5110 securam
2388 5057 2679 5111 stationem
2724 5075 2753 5111 a
2799 5061 2957 5113 nobis
3008 5076 3319 5117 removens.
3366 5067 3539 5131 Aspe-

1960 5149 2096 5201 ritas
2146 5157 2251 5213 est,
2279 5148 2569 5216 quodlibet
2615 5150 2905 5203 destruens
2943 5148 3167 5219 planum
3207 5166 3271 5203 ac
3303 5161 3534 5213 rectum,

1958 5256 2065 5310 qua
2097 5242 2164 5294 ad
2214 5242 2379 5295 Deum
2445 5241 2679 5297 feliciter
2736 5243 3147 5312 progredimur.
3198 5242 3399 5295 Car-cer
3450 5251 3536 5293 cst

1959 5340 2313 5399 tenebrosus,
2369 5334 2654 5397 claudens,
2709 5344 2768 5388 ut
2815 5350 2976 5387 nemo
3041 5333 3266 5404 gloriari
3326 5339 3536 5400 posset,
3588 5366 3593 5370 ι

1960 5439 2014 5480 ct
2056 5442 2165 5481 non
2195 5431 2372 5480 solum
2406 5427 2784 5481 inici-eludens
2814 5436 2867 5480 et
2922 5442 3030 5478 nun
3080 5429 3269 5479 sincns
3295 5424 3536 5476 humane

1962 5523 2165 5584 vivere,
2215 5537 2351 5590 quos
2422 5523 2567 5574 intro
2623 5520 2905 5588 suscepit,
2978 5518 3076 5572 sed
3134 5517 3295 5570 etiam
3333 5515 3536 5569 orbatis

1960 5613 2185 5674 lumine.
2244 5629 2382 5678 quos
2406 5612 2656 5665 includit.

2030 5704 2118 5759 50.
2147 5704 2285 5770 Quid
2311 5705 2480 5757 mul:a
2506 5704 2681 5756 dicam
2707 5703 2758 5756 in
2778 5701 3037 5771 parabola
3065 5712 3119 5758 et
3140 5702 3195 5757 in
3216 5696 3535 5769 aenigmate?

1964 5796 2234 5853 Dwtiionis
2269 5806 2350 5852 est
2385 5810 2520 5865 opus
2551 5794 2796 5864 iniquum
2826 5794 3035 5866 odium,
3069 5810 3101 5853 a
3140 5809 3248 5868 quo
3304 5804 3536 5865 prorsus
