3982 6246
364 380 479 444 1333

1156 368 1580 434 EUSTATIIil
1613 365 1903 428 TlIESSA
1918 365 2060 426 Ι,οΧ
2079 365 2379 424 lCENSlS
2420 361 2983 423 METllOPOlJTE

3525 358 3628 426 (5ίᾶ

364 508 542 553 autern
606 493 691 549 illa
727 490 1090 562 apostolorum
1164 497 1597 555 ca‘terorumqne
1654 482 1962 536 nuntiorum

2086 478 2138 539 ἷις
2174 477 2470 547 βλέπεσθαι
2520 480 2631 539 τοῖς
2675 478 2910 546 ἐχθροῖς,
2946 477 3036 528 καὶ
3082 476 3285 545 φρίκην
3329 478 3509 541 αὐτοῖς
3539 481 3611 547 ὲιι

364 591 557 659 spiritu
595 589 777 643 divino
811 584 1120 637 inﬂatornm
1176 588 1471 650 praecepta,
1520 575 1718 644 quibus
1750 572 1950 626 auditis

368 681 459 735 ι)ρί
495 682 698 735 milites
734 675 959 732 animali
1016 674 1291 728 dannones
1340 670 1516 726 adorti
1569 668 1789 727 feriunt,
1821 678 1949 732 pro-

366 773 610 842 pellunt,
687 769 987 826 istiusmodi
1055 768 1223 822 armis
1293 764 1542 819 cominus
1613 776 1676 816 ac
1742 757 1955 812 eminus

366 876 605 921 utentes.

2061 569 2240 620 ποιεῖν
2266 583 2282 599 ο
2314 567 2769 638 προσεπιγράψαι
2819 567 2876 620 δὲ
2907 570 3000 621 καὶ
3050 566 3171 623 θεῖα
3221 570 3642 637 προστάγματα,

2060 653 2135 713 ὧν
2160 658 2569 729 ἐξακουομένων
2593 661 2641 712 οἱ
2665 659 2973 713 ἀποστάται
2998 660 3159 713 κακοὶ
3184 659 3363 713 δοῦλοι
3389 659 3644 728 δαίμονες

2061 751 2484 822 δραπετεύουσι.
2517 752 2599 806 Τά
2649 752 2705 804 δέ
2750 754 2890 806 εἰσιν
2934 754 2992 805 al
3027 752 3135 806 τῶν
3187 751 3509 822 ἀποστόλων
3553 755 3647 804 καὶ

2066 821 2175 898 τῶν
2207 845 2386 909 ἄλλως
2412 844 2468 898 δὲ
2500 846 2764 915 κηρύκων
2796 848 2861 901 ὲκ
2883 845 3036 907 θείας
3069 845 3358 905 ἐπιπνοίας
3387 821 3644 896 διδασκα-

366 964 499 1029 λῐαι,
531 958 607 1018 ὧν
631 961 1014 1033 ἐξηχουμένων
1039 955 1402 1030 θαῤῥύνονται
1431 954 1479 1007 οί
1510 951 1606 1005 τοῦ
1629 948 1765 1002 Θεοῦ
1795 946 2038 1005 ὁπλῖται,
2063 943 2156 996 καὶ
2187 944 2301 1007 τοῖς
2361 943 2660 1014 δαιμονίοις
2719 942 3108 1013 ὲπεμπηδῶσι,
3169 942 3266 995 καὶ
3324 942 3645 1014 πλήττουσι,

368 1063 463 1116 καὶ
496 1062 775 1131 ῥίπτουσι,
806 1056 1081 1128 χρώμενοι
1104 1059 1214 1117 τοῖς
1245 1051 1410 1106 αὑτοῦ
1434 1051 1494 1103 οὐ
1524 1049 1685 1119 μόνον
1711 1044 1954 1099 ἀσπίδων
1988 1038 2165 1108 δίκην,
2200 1040 2335 1093 ἀλλά
2370 1042 2463 1093 καὶ
2494 1041 2661 1093 ὅπλου
2689 1041 2909 1102 παντός.

446 1130 533 1207 ιθ.
577 1151 636 1205 Si
668 1151 836 1222 igitur
862 1150 977 1202 htec
1018 1147 1093 1202 ita
1118 1162 1176 1201 se
1213 1146 1415 1198 habent
1450 1142 1530 1210 (ut
1555 1152 1680 1192 vere
1713 1130 1958 1199 habent),

374 1250 534 1303 \‘0hiS
578 1246 668 1301 Dei
724 1242 992 1297 militibus
1046 1248 1236 1293 auctor
1290 1251 1409 1289 sum
1445 1242 1500 1284 ut
1527 1247 1592 1286 ex
1630 1230 1733 1282 isto
1763 1237 1962 1278 arma-

375 1336 672 1396 tnentario,
754 1329 1053 1398 Seripturis
1110 1326 1282 1381 s.-cris
1342 1325 1487 1385 dico,
1561 1334 1620 1371 ea
1696 1311 1961 1383 promatis

379 1441 531 1478 arma
576 1438 694 1493 quae
718 1418 1045 1486 cognitionis
1079 1416 1445 1469 instrumenta
1478 1416 1627 1467 sunt,
1667 1403 1865 1471 quibus
1897 1399 1964 1454 ad

375 1523 612 1571 vestram
651 1506 1049 1563 institutionem
1096 1503 1177 1558 nsi
1209 1502 1361 1562 estis,
1412 1510 1465 1551 et
1512 1511 1739 1563 quorum
1772 1506 1873 1559 ope
1899 1503 1965 1543 ex

376 1606 628 1659 hostibus
656 1601 938 1657 hominum
975 1597 1228 1652 osoribus
1256 1609 1401 1660 smpe
1438 1589 1638 1658 saepius
1685 1584 1966 1641 victoriam

374 1696 725 1767 reportastis.
755 1692 859 1747 Sed
891 1690 1001 1759 jam
1069 1687 1202 1741 satis
1253 1687 1355 1740 hac
1403 1685 1469 1737 de
1520 1698 1580 1737 re
1616 1681 1821 1734 dicmm
1860 1684 1964 1730 est.

377 1788 565 1842 Sacra:
620 1786 764 1838 enim
805 1781 1015 1851 pagina:
1070 1793 1166 1831 vos
1225 1776 1533 1829 edocehunt
1566 1781 1617 1825 et
1678 1767 1964 1825 certamini

381 1880 664 1941 favebunt,
698 1888 805 1942 quo
846 1871 1079 1926 stadium
1113 1866 1364 1938 spiritale
1395 1865 1633 1919 victores
1683 1878 1967 1932 percurre-

381 1986 475 2028 IIS.

453 2152 539 2206 li.
583 2147 677 2205 Sic
714 2147 881 2218 igitur
937 2158 1005 2199 an
1070 2155 1295 2212 magnos
1346 2138 1472 2195 belii
1539 2139 1706 2194 duces
1752 2137 1967 2204 ablego,

379 2258 610 2314 quorum
642 2238 835 2293 militia
863 2234 1169 2305 spiritualis
1196 2241 1251 2286 et
1287 2233 1362 2286 rei
1395 2230 1606 2303 bellica:
1627 2244 1838 2284 summa
1872 2241 1967 2296 pe-

379 2337 531 2400 ritia,
559 2344 793 2403 quorum
832 2328 975 2383 tubm
1015 2340 1200 2379 muros
1250 2323 1572 2394 projicittnt,
1635 2337 1774 2392 quos
1815 2320 1969 2374 mali-

382 2429 608 2502 gnitatis
630 2422 916 2482 architecti
948 2436 1046 2493 per
1072 2434 1171 2474 nos
1201 2425 1618 2480 exstruxerunt,
1643 2425 1971 2482 cooperante

385 2520 608 2575 malitiae
639 2517 867 2572 doctore
893 2523 1071 2566 autem
1098 2512 1149 2563 in
1181 2507 1412 2563 nihilum
1436 2507 1783 2573 redegerunt.
1818 2503 1971 2567 Quod

384 2611 432 2667 si
487 2610 684 2664 borum
746 2603 984 2673 inopiam
1019 2617 1124 2655 non
1159 2599 1395 2661 habetis,
1455 2606 1696 2649 attamen
1744 2595 1794 2648 in
1830 2610 1967 2663 prm-

387 2706 532 2763 seuti
563 2717 747 2757 rerum
776 2696 1098 2753 discrimine
1126 2694 1287 2747 aliam
1320 2692 1590 2758 capessite
1611 2694 1964 2741 armaturam.

387 2802 471 2859 Ad
493 2814 592 2853 nos
606 2791 850 2851 accedite
869 2799 926 2844 ut
942 2800 1218 2842 armorum
1235 2782 1447 2846 labros,
1466 2781 1560 2851 qui
1574 2781 1770 2850 quibus
1786 2779 1851 2833 ad
1872 2778 1975 2831 hoc

382 2905 672 2952 certamen
716 2898 859 2956 opus
890 2880 1125 2944 habetis,
1177 2877 1329 2933 vobis
1362 2874 1755 2944 impertienius.
1803 2872 1972 2941 Equi-

393 2989 517 3045 dem
550 2980 686 3036 nihil
716 2975 1004 3037 recusabo,
1045 2973 1153 3027 imo
1183 2978 1449 3040 quantum
1500 2982 1742 3038 possum,
1777 2963 1828 3018 id
1855 2979 1974 3017 nio-

393 3083 535 3138 nebo
594 3092 668 3131 ne
715 3073 784 3127 ad
846 3077 1147 3140 apparatus
1202 3063 1465 3134 pristinos
1521 3074 1618 3114 vos
1650 3056 1969 3128 accingatis.

392 3176 501 3233 Ubi
529 3171 675 3227 enim
722 3165 1032 3221 linothorax
1064 3160 1313 3231 clypeum
1345 3155 1522 3210 induit
1557 3162 1611 3208 et
1645 3152 1809 3223 gladii
1853 3150 1978 3204 hor—

2136 1134 2188 1180 ι’.
2220 1130 2281 1181 El
2312 1129 2493 1182 τοίνυν
2520 1128 2673 1182 ταῦθ’
2700 1129 2876 1192 οὕτως
2926 1128 3039 1198 ἔχει
3086 1131 3325 1191 (πάντως
3367 1128 3422 1181 δὲ
3454 1131 3555 1182 οὐκ
3584 1129 3647 1181 ἂν

2062 1219 2284 1290 ἄλλως),
2336 1221 2694 1290 ἐπιτέλλομαι
2723 1223 2853 1291 ὑμῖν
2901 1225 3016 1283 τοῖς
3049 1223 3142 1275 τοῦ
3180 1222 3316 1275 Θεοῦ
3363 1222 3642 1285 ὁπλίταις,

2063 1312 2143 1376 εἰς
2174 1312 2235 1365 τὸ
2260 1312 2503 1365 τοιοῦτον
2533 1310 2838 1379 θωρακείον
2872 1310 3129 1381 δραμεῖν,
3158 1311 3253 1363 καὶ
3282 1311 3647 1378 ἀναλέξασθαι

2065 1407 2135 1461 τὰ
2186 1406 2477 1477 πρόσφορα
2533 1406 2673 1459 ὅπλα
2720 1408 2790 1459 τά
2840 1406 2907 1458 ὲκ
2951 1405 3061 1458 τῶν
3090 1405 3252 1458 θείων
3304 1406 3559 1475 Γραφῶν,
3595 1405 3647 1456 οἳ

2071 1499 2394 1568 πρόκεινται
2424 1498 2504 1561 εἰς
2539 1500 2871 1564 ἀνάγνωσιν,
2905 1498 2970 1560 ἃς
3003 1501 3178 1568 ἔχετε,
3215 1491 3290 1551 ὧν
3313 1498 3646 1568 πεπείρασθε

2067 1591 2153 1654 είς
2181 1591 2515 1660 ἐπιστήμην,
2548 1585 2635 1653 αἷς
2676 1590 2943 1653 πολλάκις
2985 1589 3373 1660 περιεγένεσθε
3421 1591 3533 1643 τῶν
3564 1609 3648 1658 μι-

2072 1681 2413 1751 σανθρώπων
2441 1683 2762 1753 ἀντιμάχων
2785 1699 2800 1712 ⁶
2833 1685 2930 1735 καὶ
2964 1681 3140 1745 οὕτως
3183 1683 3419 1752 ἐμαυτὸν
3471 1684 3645 1735 ἀπαλ-

2069 1774 2249 1827 λάττω
2281 1774 2377 1827 τοῦ
2404 1774 2574 1827 πλείω
2604 1774 2808 1843 λέγειν.
2851 1774 3028 1828 Αὖταὶ
3054 1775 3163 1843 γὰρ
3198 1775 3255 1827 αἱ
3288 1774 3430 1827 θεῖαι
3457 1774 3647 1827 συλλα-

2071 1866 2167 1918 ϐαὶ
2199 1865 2504 1930 διδάξουσιν
2530 1866 2695 1933 ὑμᾶς,
2719 1865 2818 1918 καὶ
2842 1865 3207 1933 συλλήψονται
3230 1867 3431 1929 παντὸς
3461 1866 3644 1934 ἔργου,

1999 1942 2038 1996 Β
2069 1959 2138 2012 δι’
2170 1952 2231 2011 οῦ
2269 1957 2691 2012 κατευθυνεῖσθε
2724 1962 2805 2021 εἰς
2837 1959 2898 2012 τὸ
2934 1958 3363 2029 προτεθειμένον
3402 1975 3646 2026 πνευμα-

2072 2052 2223 2104 τικὸν
2256 2048 2488 2103 στάδιον.

2147 2148 2237 2198 ια’.
2278 2142 2551 2195 Καὶοῦτω
2584 2141 2684 2209 μὲν
2716 2141 2828 2211 ἐγὼ
2857 2141 3061 2211 πέμπω
3099 2142 3240 2209 ὑμᾶς
3274 2143 3357 2205 εἰς
3398 2142 3530 2205 τοὺς
3566 2160 3656 2211 με-

2073 2240 2274 2308 γάλους
2308 2239 2720 2310 πολεμάρχους,
2750 2232 2824 2291 ὧν
2854 2238 2921 2290 τὰ
2966 2235 3107 2288 κατά
3149 2235 3371 2302 πνεῦμα
3397 2235 3652 2299 τακτικὰ,

2073 2328 2147 2386 ὧν
2174 2334 2230 2385 αἱ
2273 2332 2418 2385 θεῖαι
2464 2332 2829 2401 στρατηγικαὶ
2872 2329 3110 2399 μέθοδοι,
3140 2322 3215 2382 ὧν
3260 2330 3317 2380 αί
3353 2329 3654 2396 σάλπιγγες

2073 2425 2229 2494 τείχη
2255 2424 2749 2494 καταρριπτοῦσιν,
2783 2422 2928 2490 άπερ
2957 2422 3005 2473 οἱ
3027 2421 3124 2488 τῆς
3152 2422 3351 2485 κακίας
3379 2422 3656 2491 οἰκοδόμοι

2072 2517 2140 2571 δι’
2167 2518 2323 2586 ἡμῶν
2348 2516 2829 2587 ἐπλινθοποίησαν,
2856 2508 2929 2568 ὧν
2956 2517 3010 2567 αἱ
3037 2514 3313 2577 ἑλεπόλεις
3352 2515 3471 2583 ἃμα
3496 2515 3658 2584 προῦ-

2075 2609 2347 2678 φάνησαν,
2380 2612 2474 2662 καὶ
2510 2608 2774 2677 πύργους,
2813 2605 2904 2669 οὓς
2936 2608 2963 2660 6
3003 2607 3265 2676 σοφιστὴς
3312 2608 3412 2676 τῆς
3458 2608 3658 2666 κακίας

2076 2703 2396 2773 ἀνέστησεν,
2447 2704 2530 2765 εἰς
2592 2701 2719 2772 χοῦν
2766 2698 3087 2753 ὲλέπτυναν.
3129 2700 3258 2752 Ὅτε
3307 2699 3365 2751 δὲ
3414 2699 3525 2750 τῶν
3563 2696 3659 2767 μὲν

2074 2795 2335 2849 τοιούτων
2369 2793 2660 2865 αὐτάρκως
2710 2794 2887 2862 ἔχετε,
2921 2793 3008 2845 διὰ
3037 2793 3095 2845 δὲ
3127 2790 3190 2844 τὸ
3236 2791 3536 2861 πρόχειρον
3566 2792 3659 2842 καὶ

2077 2890 2405 2959 εὐπόριστον
2437 2887 2561 2941 κατ’
2604 2887 2743 2940 ἰδίαν
2769 2886 2911 2940 αὐτά
2945 2886 3188 2954 θέμενοι,
3217 2883 3531 2955 λιχνεύεσθε
3565 2882 3660 2936 καὶ

2076 2985 2156 3043 εἰς
2188 2982 2427 3051 ἑτεροῖον
2456 2979 2742 3048 ὁπλισμὸν,
2780 2982 2876 3031 καὶ
2923 2977 2998 3038 ὡς
3031 2977 3127 3030 ἐπὶ
3157 2977 3483 3039 ὁπλοποιοὺς
3513 2977 3660 3046 ἡμᾶς

2079 3073 2243 3144 ἥκετε
2273 3071 2686 3140 χορηγησοντάς
2712 3087 2765 3121 τι
2795 3067 2931 3138 πρὸς
2958 3067 3140 3138 μάχην
3169 3066 3266 3137 τὴν
3288 3067 3414 3136 ἄρτι
3448 3083 3664 3135 προκει-

2083 3165 2254 3233 μένην
2278 3163 2583 3231 ἐπιτήδειον
2605 3177 2618 3189 ο
2650 3159 2903 3214 ἐπιδώσω
2933 3160 3033 3230 μὲν
3063 3160 3121 3224 ἐξ
3145 3158 3412 3226 ἀνάγκης,
3445 3175 3664 3229 προφω-

391 3268 547 3328 reudi
580 3266 700 3321 loco
733 3264 940 3316 framea
975 3273 1035 3313 se
1076 3253 1337 3316 accinxit,
1366 3261 1512 3307 certe
1544 3265 1570 3304 a
1605 3248 1976 3311 cataphracus

2086 3258 2319 3325 νήσομαι
2349 3253 2429 3315 δὲ,
2469 3254 2545 3322 μὴ
2567 3252 2634 3306 ἂν
2665 3253 2809 3322 ἔχειν
2838 3254 2984 3322 ἡμᾶς
3011 3251 3237 3307 τοιαῦτα
3270 3251 3660 3307 σκευάσασθαι.

394 3366 636 3418 immane
685 3365 954 3426 quantum
998 3350 1300 3404 distabunt.
1337 3346 1508 3410 Quam
1558 3341 1723 3411 igitur
1757 3355 1856 3410 ego
1888 3355 1978 3393 ar-

395 3461 970 3515 maturamnuncupo,
1015 3457 1114 3514 pro
1168 3441 1270 3496 tela
1326 3454 1543 3494 aranea
1590 3437 1881 3491 habebitur
1914 3435 1982 3490 ab

398 3550 466 3604 iis
496 3548 587 3618 qui
616 3556 766 3597 arua
817 3553 1007 3593 severa
1049 3542 1104 3589 et
1143 3531 1428 3587 securitati
1482 3528 1839 3583 inservientia
1887 3541 1980 3581 co-

397 3641 553 3713 gnita
580 3637 805 3692 habent.
843 3630 912 3685 Et
943 3642 1073 3685 ecce
1106 3640 1205 3696 ego
1233 3624 1352 3693 ipse
1397 3623 1463 3675 ad
1497 3636 1730 3692 pugnam
1762 3635 1856 3673 vos
1887 3634 1981 3673 ex-

401 3740 595 3792 hortor
648 3729 741 3801 qui
795 3740 911 3781 rem
965 3721 1256 3776 militarem
1316 3716 1560 3771 inliditus
1613 3713 1797 3779 didici,
1852 3713 1982 3767 licet

400 3841 569 3885 senex
594 3822 777 3894 quoad
811 3815 1058 3885 corporis
1086 3813 1349 3882 vigerent,
1406 3818 1461 3863 et
1495 3807 1698 3877 ingenii
1749 3806 1822 3876 (si
1854 3806 1984 3874 quid

404 3921 648 3990 alioquin
698 3919 753 3972 in
785 3925 876 3967 me
907 3907 1033 3979 fuit)
1089 3917 1319 3960 acumen
1348 3900 1713 3972 perdiderim;
1747 3899 1798 3954 id
1839 3907 1989 3954 certe

404 4030 602 4073 moneo
626 4021 687 4068 ut
720 4008 862 4079 quod
888 4016 1054 4061 omne
1100 3996 1300 4054 bellum
1362 3992 1655 4057 antecedit,
1700 3993 1766 4047 ad
1799 4006 1988 4062 preces

405 4112 484 4166 rei
512 4117 783 4177 congruas
815 4091 1124 4154 fundendas
1154 4087 1491 4159 procedatis.

2083 3350 2244 3401 ὁποῖα
2275 3348 2341 3399 τὰ
2376 3345 2602 3411 παλαιὰ,
2639 3345 2907 3415 οὖμενουν
2958 3345 3080 3399 οὐδὲ
3128 3345 3297 3413 ἐγγὺς
3333 3345 3561 3398 ἐκείνων
3588 3345 3662 3406 εἰς

2083 3438 2261 3491 οὐδέν.
2294 3438 2357 3489 El
2388 3437 2497 3506 γὰρ
2529 3439 2556 3488 ὁ
2585 3437 2728 3491 κατά
2776 3437 2997 3506 πνεῦμα
3034 3435 3357 3505 λινοθώραξ,
3404 3436 3501 3487 καὶ
3541 3435 3569 3487 6
3601 3436 3664 3486 ἐκ

2083 3530 2264 3598 λόγων
2292 3528 2495 3582 ἀσπίδα
2521 3528 2902 3598 περιθέμενος,
2937 3529 3032 3580 καὶ
3060 3528 3182 3581 ἀντὶ
3214 3527 3401 3596 ξίφους
3432 3527 3663 3597 βριαροῦ

2084 3622 2288 3690 ἀγεννῆ
2341 3620 2701 3690 παραξιφίδα,
2735 3621 2832 3673 καὶ
2862 3622 2977 3673 ὅσοι
3004 3620 3235 3674 τοιοῦτοι
3262 3649 3335 3660 -—
3363 3619 3481 3673 ἀλλ’
3510 3620 3664 3674 αὐτοὶ

2084 3715 2195 3769 τῶν
2236 3714 2642 3783 καταφράκτων
2670 3712 2906 3767 ὁπλιτῶν
2931 3715 3068 3767 πολύ
3100 3731 3154 3766 τι
3184 3710 3566 3783 διενηνόχασιν
3589 3728 3603 3742 ·
3628 3715 3661 3781 ἡ

2087 3808 2198 3878 ἄρα
2235 3807 2294 3872 ἐξ
2325 3806 2461 3875 ἐμοῦ
2496 3805 2709 3866 ὅπλισις
2741 3805 3019 3875 λογισθείη
3056 3805 3122 3858 ἂν
3164 3806 3412 3875 ἀράχνης
3444 3805 3668 3858 ὲπένδυυ

2093 3920 2175 3965 σις
2206 3904 2319 3963 τοῖς
2351 3900 2527 3961 ἄλλως
2563 3899 2758 3952 εἰδόσιν
2807 3898 3126 3962 ὁπλίζεσθαι
3167 3898 3305 3967 πρὸς
3355 3897 3666 3967 ἀκρίϐειαν,

2088 3996 2185 4050 καὶ
2229 3993 2628 4061 στεγανοῦσθαι
2652 3995 2732 4057 είς
2766 3994 3090 4067 ἐχυρότητα.
3124 3994 3233 4048 Καὶ
3259 3994 3411 4065 ὅμως
3440 3994 3550 4046 ἰδοὺ
3582 3995 3667 4046 καὶ

2090 4088 2253 4152 αὐτὸς
2288 4085 2536 4157 ὲξαρτύω
2568 4086 2712 4154 ὑμᾶς
2743 4085 2822 4149 είς
2855 4086 3056 4155 μάχην,
3084 4084 3159 4148 ὡς
3193 4088 3286 4137 καὶ
3319 4085 3549 4154 μεθόδου
3570 4087 3670 4136 ’καὶ

400 4175 687 4274 δυνάμεως
744 4194 842 4248 καὶ
901 4185 1167 4260 χορηγίας
1198 4182 1393 4250 ἔλαχον
1449 4178 1596 4250 ἔχειν
1617 4218 1633 4243 ,
1693 4180 1984 4252 ἄνθρωπος
2022 4185 2204 4257 γέρων
2236 4182 2387 4250 ἀκμῇ
2420 4182 2487 4250 τῇ
2510 4181 2649 4231 κατὰ
2685 4179 2864 4249 σῶμα,
2892 4180 2988 4229 καὶ
3015 4176 3112 4246 τὴν
3140 4177 3282 4230 κατὰ
3340 4177 3538 4244 λόγους
3603 4175 3677 4245 (εί

403 4269 553 4357 ποτέ-
575 4312 665 4367 μοι
712 4289 808 4346 καὶ
836 4282 1000 4359 ἦσαν)
1052 4275 1552 4338 συναπολωλεκώς·
1589 4275 1685 4329 καὶ
1741 4275 1985 4347 πρῶτον,
2017 4279 2045 4333 ὃ
2119 4279 2182 4349 δὴ
2239 4274 2441 4337 παντὸς
2471 4272 2712 4343 πολέμου
2761 4271 3077 4343 προτρέχει,
3136 4269 3277 4323 ποιῶ
3330 4271 3427 4324 καὶ
3489 4270 3673 4336 αὐτὸς,

404 4390 571 4462 εὐχὴν
630 4377 984 4452 προγράψας,
1041 4373 1196 4428 ὁποία
1263 4371 1511 4424 τοιούτου
1576 4372 1984 4442 προκατάρχειν
2026 4371 2187 4445 ἔργου
2221 4369 2389 4438 φιλεῖ.

479 4487 570 4542 12.
612 4484 682 4538 At
713 4482 815 4536 hoc
873 4474 1094 4545 quidem
1143 4471 1265 4525 loco
1312 4478 1393 4524 est
1447 4467 1590 4537 quod
1644 4482 1836 4523 omnes
1876 4483 1985 4522 mc-

409 4593 629 4638 tuamus
658 4590 750 4641 ne,
785 4572 876 4626 tibi
916 4570 1058 4623 Deus
1087 4568 1139 4619 in
1175 4579 1508 4635 quocunque
1541 4578 1569 4616 a
1621 4564 1778 4617 nobis
1824 4560 1988 4632 perﬁ—
2032 4578 2035 4579 ν

2167 4468 2255 4537 ιβ’.
2295 4464 2588 4535 Γινοίμεοα
2635 4464 2843 4525 πάντες
2872 4458 3109 4513 ἐνταῦθα
3161 4459 3349 4531 φόϐου,
3382 4459 3482 4523 ὡς,
3519 4461 3568 4513 εί
3601 4462 3673 4531 μὴ

2096 4562 2124 4613 6
2157 4560 2289 4623 Θεὸς
2322 4560 2455 4629 ἡμῖν
2484 4557 2724 4618 ἅπαντος
2754 4554 2917 4625 ἔργου
2954 4553 3243 4605 σπουδαίου
3281 4552 3674 4623 συνεφάψεται,

415 4671 609 4730 eieudo
632 4679 798 4737 opere
837 4678 896 4717 se
927 4658 1201 4721 subducit,
1255 4669 1420 4725 Opera
1473 4663 1658 4709 nostra
1708 4656 1862 4708 irrita
1897 4656 1978 4708 εὶι,

2095 4654 2197 4706 οὐκ
2230 4651 2349 4704 ἔστι
2380 4647 2702 4718 κατορθοῦν.
2738 4645 3175 4699 Σπουδαιότατον
3203 4643 3258 4695 δὲ
3302 4644 3384 4697 ὅτι
3420 4643 3677 4712 μάλιστα,

418 4764 591 4820 Nobis
640 4770 818 4813 autem
868 4761 1149 4809 certamen
1184 4748 1331 4818 quod
1358 4747 1515 4802 nobis
1546 4746 1810 4800 incumbit
1837 4760 1993 4800 sere.

419 4859 695 4915 rissimum
731 4854 945 4914 lleoquc
979 4845 1083 4914 ipsi
1123 4841 1521 4913 gratissimum,
1571 4838 1835 4909 jejunium
1892 4849 1996 4904 est,

419 4960 639 5021 propter
691 4941 834 5014 quod
893 4952 1084 4992 ninnes
1143 4949 1302 4989 terrae
1364 4932 1679 4988 sacerdotes
1765 4929 1996 5000 hujusce

417 5019 869 5100 considerationis
916 5028 1183 5085 rationem
1250 5026 1388 5079 inire
1442 5024 1658 5077 debent.
1702 5019 1996 5075 Precetnut‘

421 5138 586 5206 igitur
630 5142 688 5183 ut
724 5130 778 5183 in
813 5126 899 5180 his
956 5118 1355 5178 rertaminiius
1399 5130 1644 5170 summus
1697 5116 1996 5182 palnarnm

419 5226 743 5282 distributor
773 5233 803 5273 e
853 5227 1005 5288 parte
1038 5223 1217 5266 nostra
1251 5219 1391 5274 stet;
1426 5207 1515 5275 qui
1549 5206 1766 5275 quidem
1821 5206 1995 5269 nobis,

421 5320 511 5373 ubi
536 5321 673 5371 bene
705 5311 1114 5366 (eitaver‘amns,
1145 5304 1393 5357 meritam
1431 5299 1731 5352 mercedem
1772 5315 1875 5351 non
1916 5315 2001 5352 re-

422 5409 666 5471 futabit;
733 5403 824 5458 ubi
869 5412 1055 5464 autem
1114 5394 1260 5449 fatali
1294 5395 1528 5460 quodam
1580 5406 1710 5444 casu
1748 5406 1774 5443 a
1810 5406 2005 5460 propn-

2106 4743 2230 4797 ἐπεὶ
2257 4743 2350 4794 καὶ
2379 4739 2816 4809 θεοφιλέστατον,
2844 4735 2905 4788 τδ
2935 4734 3061 4804 ἀρτι
3097 4733 3461 4804 προκείμενον
3483 4734 3680 4801 ἀγώνι-

2106 4852 2242 4906 σμα,
2278 4836 2311 4904 ἡ
2353 4853 2371 4885 ι
2409 4833 2659 4902 νηστεία,
2693 4849 2710 4882 ι
2749 4829 2817 4882 δι’
2850 4828 2917 4897 ἢν
2947 4830 2973 4880 6
3007 4825 3202 4896 παρὼν
3228 4824 3387 4892 λόγος
3413 4825 3541 4896 ἄρτι
3568 4843 3682 4878 και-

2110 4928 2205 5001 ροῦ
2235 4931 2345 4990 τοῖς
2372 4925 2692 4995 ἁπανταχοῦ
2722 4923 2821 4992 γῆς
2849 4919 3170 4993 ἀρχιερεῦσι
3199 4919 3555 4972 καθέσταται.
3585 4918 3686 4986 06-
3740 4900 3754 4912 ’

2108 5020 2239 5074 κοῦν
2272 5016 2591 5089 εὐχοίμεθα,
2629 5016 2766 5085 πρδς
2793 5013 2952 5084 ἡμῶν
2982 5006 3124 5063 εἶναι
3154 5011 3244 5062 τὸν
3276 5012 3332 5062 ὲν
3364 5012 3481 5073 τοῖς
3514 5009 3686 5061 τοιοῦ-

2107 5128 2221 5174 τοις
2252 5111 2461 5178 ἀγῶσιν
2496 5105 2954 5176 ὑπερκαθήμενον
2985 5100 3209 5171 ῦψιστον
3262 5097 3569 5171 βραϐευτήν
3589 5117 3600 5129 ·
3629 5098 3685 5159 ὃς

2109 5202 2289 5262 καλῶς
2322 5201 2419 5270 μὲν
2454 5200 2588 5269 ἡμῖν
2618 5195 2977 5248 ἁεθλεὺσασιν
3001 5194 3059 5246 οὐ
3096 5192 3356 5261 φειδωλὸς
3397 5190 3555 5242 ἔσται
3580 5190 3687 5241 τῶν

2109 5294 2382 5358 ἐπάθλων,
2421 5288 2664 5359 ἀτεχνῶς
2718 5288 2772 5339 δὲ
2809 5284 3186 5338 διεκπεσοῦσιν
3230 5282 3356 5334 οὔτε
3411 5279 3687 5351 προσηνὴς

2106 5377 2380 5456 φανεῖται,
2413 5384 2508 5435 καὶ⁵
2537 5381 2646 5432 τῶν
2670 5377 2941 5450 βραϐείων
2964 5375 3357 5444 ἀποστερήσει,
3388 5374 3485 5425 καὶ
3513 5371 3686 5432 ἄλλως

423 5505 531 5561 sito
557 5498 949 5560 exciderimus,
983 5488 1226 5544 victoriae
1255 5484 1572 5539 muneribus
1618 5499 1715 5537 nos
1761 5501 1865 5535 non
1894 5484 1973 5552 pri

2102 5480 2202 5532 οὐκ
2234 5477 2470 5546 ἐντίμως
2500 5472 2802 5527 ἀπώσεται.
2837 5471 2913 5522 Οὐ
2940 5467 3118 5538 μάτην
3155 5466 3211 5518 δέ
3245 5482 3338 5533 μοι
3370 5465 3432 5517 τὸ
3472 5481 3492 5514 ι
3527 5466 3686 5531 ἀτεχ-

424 5596 575 5650 vabit
605 5603 700 5648 aut
760 5604 887 5646 cum
942 5586 1212 5641 dedecore
1246 5581 1352 5633 labi
1394 5579 1552 5633 sinet.
1596 5577 1713 5630 Non
1768 5577 2002 5631 inaniter

424 5697 603 5738 autem
631 5680 791 5753 fatali
820 5677 1048 5750 quodam
1081 5690 1209 5729 casu
1251 5669 1575 5725 addiderim.
1607 5668 1724 5722 Non
1757 5670 1901 5721 enim
1934 5669 2001 5719 de

420 5774 671 5842 corporis
716 5768 980 5827 exercitio
1022 5777 1116 5822 aut
1139 5767 1322 5821 carnis
1372 5763 1608 5832 pondere
1649 5763 1824 5828 agitur
1895 5777 1997 5828 qua

423 5866 669 5924 theoricc
723 5869 997 5920 certantes
1030 5858 1463 5923 circumdantur,
1528 5855 1727 5925 quippe
1792 5853 1882 5923 qui
1944 5865 1995 5909 et

2103 5573 2210 5633 νῶς
2250 5589 2267 5622 ι
2304 5567 2536 5622 ἐνταῦθα
2572 5566 2939 5618 ὲπιλέλεκται.
2978 5561 3051 5614 Οὐ
3090 5559 3200 5628 γὰρ
3238 5557 3570 5627 σωμασκίας
3602 5557 3687 5607 ὲν·-

2109 5664 2286 5717 ταῦτια
2320 5662 2477 5732 χρεία
2506 5660 2601 5712 καὶ
2646 5657 2866 5726 στοιϐἧς
2913 5655 3184 5725 κρεάτων,
3215 5654 3280 5723 ἣν
3326 5652 3376 5704 οἱ
3411 5647 3685 5721 θεωρικῶς

2108 5756 2400 5817 ἀθλοῦντες
2438 5753 2800 5821 περίκεινται,
2838 5745 3058 5816 σαρκῶν
3102 5743 3260 5797 αὐτοὶ
3288 5742 3444 5804 ὅντες
3476 5740 3682 5809 ἄνδρες,

2106 5849 2200 5904 καί
2247 5865 2349 5903 που
2411 5846 2507 5901 καὶ
2560 5841 2827 5914 βαρύτητι
2881 5840 3136 5910 σώματος
3187 5834 3683 5907 καταρριπτοῦντες
