3982 6246
446 353 555 420 685

1388 356 1466 416 ΙΝ
1509 357 1567 415 S.
1606 355 2265 426 QUADiiAGESlMAM
2306 357 2590 420 ORATIO
2629 359 2705 418 IV

3559 365 3665 429 δίε

448 470 539 523 τὸν
584 466 907 522 ἀντίπαλον
947 467 1082 521 ἀλλὰ
1120 469 1313 539 τέχιης
1359 471 1526 540 εὐμεο
1559 471 1676 529 δου,
1709 487 2008 538 πνευματι-

2118 471 2213 539 ipsi
2253 475 2463 527 carnosi
2506 485 2632 529 sunt
2700 474 2967 539 homines,
3001 484 3077 537 οι,
3108 476 3349 544 corporis
3389 477 3528 533 mole
3559 497 3666 534 non

446 562 560 623 κῶς
589 563 955 631 ρυθμιζούσης
992 564 1084 615 καὶ
1118 565 1417 634 ἐναγούσης
1438 565 1520 626 είς
1547 566 1608 617 τὸ
1639 565 1908 627 εὐσθενὲς,
1939 564 2001 617 δι’

442 646 511 722 ἦς
532 651 611 714 ὼς
638 652 705 705 τὰ
734 653 904 706 πολλὰ
938 654 1031 706 καὶ
1085 654 1317 723 ἀπονητὶ
1350 655 1514 728 τέχνῃ
1564 655 1658 707 καὶ
1697 654 1858 724 σοφίᾳ
1882 654 2008 723 θείᾳ

445 742 597 794 κάτω
632 742 887 811 βάλλουσι
929 746 1020 795 τὸν
1056 745 1177 796 καθ’
1208 744 1362 815 ἡμῶν
1399 746 1699 813 φρονοῖντα
1735 747 2007 814 μετέωρα,

444 834 536 886 τὸν
564 837 658 887 καὶ
691 835 831 888 πάνυ
859 836 960 904 μὲν
986 835 1233 907 βριαρὴν,
1268 841 1361 890 καὶ
1393 837 1565 898 ἄλλως
1596 838 1652 890 δὲ
1679 837 2008 903 ἁδρανέστα-

444 944 536 981 τον
563 943 577 957 ·
608 929 667 980 τὸ
698 929 818 996 μὲν,
858 931 909 981 εἰ
940 930 1494 1001 καταρρᾳθυμοῦντες
1520 931 1890 1001 χαυνούμεθα.
1919 930 2008 983 ὅτε

445 1018 543 1071 καὶ
584 1018 879 1088 πίπτομεν,
913 1020 974 1071 τὸ
1005 1021 1087 1086 δὲ,
1129 1023 1290 1088 εἰπερ
1337 1023 1704 1092 ἐγρηγορότες
1737 1023 1882 1092 ἡμᾶς
1916 1024 2011 1075 αὑ-

444 1107 571 1173 τοὺς
624 1108 852 1172 ἕκαστος
883 1112 961 1172 είς
997 1110 1195 1180 θάρσος
1228 1113 1575 1183 ἐκπυροῦμεν
1629 1114 1889 1183 μάχιμον,
1920 1116 2008 1167 ὅτε

446 1201 540 1253 καὶ
580 1203 846 1272 ῥίπτυμεν
873 1202 965 1256 τὸν
994 1203 1204 1273 ἐχθρόν.
1231 1204 1440 1274 Τέχνην
1473 1205 1529 1256 δὲ
1561 1206 1816 1273 τοιαύτην
1844 1206 2011 1275 ἁθληο

444 1290 605 1362 τικὴν
638 1292 976 1361 διδαχθῆναι,
1010 1293 1235 1360 οὐδεμία
1269 1293 1427 1362 χρεία
1461 1292 1616 1364 ἡμῶν
1647 1294 1841 1348 οὐδενί.
1872 1294 2012 1345 Παν-

444 1401 534 1446 τες
564 1384 671 1452 γὰρ
711 1385 806 1436 καὶ
835 1384 1194 1452 δεδιδάγμεθα
1227 1385 1448 1449 ἱκανῶς,
1486 1386 1578 1438 καὶ
1625 1387 2009 1456 πεπειράμεθα

444 1474 735 1546 ἑντριϐῶς,
765 1476 860 1530 καὶ
888 1476 1109 1545 οἴδαμεν
1140 1476 1407 1547 ἀκριεῶς,
1445 1478 1542 1531 καὶ
1572 1477 1846 1546 δυνάμεθα
1876 1478 2011 1531 ἕκα-

446 1583 571 1629 στος
601 1566 863 1637 ἀλείπτης
905 1563 1065 1635 εἶναι,
1130 1574 1432 1641 στρατηγδς
1464 1571 1781 1637 αὐτόνομος,
1814 1569 2013 1638 κυϐερ-

443 1658 616 1729 νήτης
641 1660 1104 1730 αὐτοπρόδλητος,
1138 1662 1457 1725 διδάσκαλος
1492 1661 1788 1729 αὐτοφυὴς,
1816 1660 2010 1730 δδηγὸς

443 1749 540 1820 ἀφ’
567 1748 775 1813 ἑστίας,
806 1751 1123 1822 αὐτομαθὴς
1153 1752 1449 1823 ἑρμηνεύς.

519 1841 611 1909 ιγ’.
658 1841 814 1894 Ἐπεὶ
862 1842 919 1895 δὲ
949 1843 1167 1913 ὁσιότης
1219 1840 1728 1912 παρηκολούθησεν,
1776 1840 2011 1912 ἑκάστης
2046 1835 2085 1889 Β

443 1933 694 2003 μεγάλης
751 1934 1051 2002 νηστείας,
1124 1933 1269 1986 καθὰ
1330 1935 1422 1987 καὶ
1478 1932 1677 1994 παντὸς
1735 1931 1967 2003 πολέμου
1995 1973 2008 1997 ,

445 2025 806 2096 προηγεῖσθαι
840 2025 1062 2088 σύναξιν
1098 2026 1192 2080 καὶ
1230 2023 1579 2077 διδασκαλίαν
1625 2023 1724 2094 τὴν
1756 2024 1843 2075 ἐπ’
1872 2024 2008 2093 αὑτῇ

447 2118 705 2187 (πολέμου
738 2118 847 2187 γάρ
878 2134 931 2170 τι
963 2117 1182 2179 πάντως
1215 2112 1375 2178 εἶδος,
1407 2116 1502 2169 καὶ
1534 2114 1699 2169 αὑτοῦ
1729 2131 2014 2184 σκοπιμω-

442 2210 627 2275 τάτου,
655 2211 751 2264 καὶ
773 2211 834 2264 τὸ
860 2211 956 2264 νῦν
979 2211 1110 2280 ἡμῖν
1132 2209 1496 2279 προκείμενον
1522 2207 1844 2279 σπούδασμα
1875 2209 2013 2278 μετὰ

443 2301 540 2355 τοῦ
569 2302 816 2373 ἀρχηγοῦ
849 2301 956 2354 τῶν
995 2299 1291 2354 σκοτεινῶν
1320 2299 1572 2369 τάξεων),
1604 2300 1699 2353 καὶ
1735 2300 2014 2370 ἄθροισμα

444 2394 606 2447 τοῦτο
633 2394 777 2466 ἱερὸν
811 2392 1098 2460 συνελέγη,
1131 2391 1225 2445 καὶ
1256 2391 1356 2443 οὐκ
1401 2384 1516 2443 ἔστι
1555 2390 1632 2462 μὴ
1667 2389 2012 2444 καθοσιώσα-

447 2487 574 2540 σθαι
613 2486 673 2539 τὸ
717 2487 949 2557 πρέπον,
988 2485 1066 2546 είς
1093 2484 1217 2537 ὅσον
1253 2482 1440 2552 ίσχύς’
1484 2480 1847 2550 μεθοδεύομεν
1886 2482 2013 2550 ὑμῖν

444 2577 757 2646 ἀναγκαίως
804 2576 910 2649 πρὸ
941 2576 1161 2629 πάντων
1211 2573 1408 2638 ἄλλων,
1450 2573 1523 2636 ὡς
1554 2574 1583 2625 ὁ
1612 2572 1709 2633 τῆς
1754 2571 2013 2624 διδασκα-

447 2669 570 2734 λίας
590 2670 714 2740 ὅρος
746 2666 1056 2730 κανονίζειν
1088 2665 1363 2736 βούλεται,
1395 2667 1474 2726 είς
1500 2663 1624 2716 νοῦν
1656 2662 1923 2716 λαϐέσθαι
1947 2662 2014 2715 τὰ

444 2758 541 2812 τοῦ
577 2757 781 2812 σκοποῦ
801 2758 900 2828 τῆς
925 2758 1200 2827 νηστείας,
1230 2759 1309 2819 εἰς
1331 2758 1398 2826 ἢν
1424 2756 1525 2827 ἤδη
1548 2754 2013 2826 προδιὸαζόμεθα.

447 2849 654 2904 Τούτου
684 2850 793 2921 γὰρ
820 2850 1129 2921 εὑρημένου
1174 2851 1470 2922 (πρόοπτος
1515 2850 1572 2902 δὲ
1609 2851 1828 2913 πάντως
1855 2851 1887 2919 ή
1916 2849 2015 2902 αῦ-

446 2942 543 2996 τοῦ
577 2942 741 3013 θύρα,
772 2942 871 2996 καὶ
902 2943 1006 3013 χρὴ
1045 2938 1235 3012 μακρᾶ
1283 2942 1665 3011 ίσχνηλατεῖν),
1698 2940 1821 2994 οὗτε
1854 2942 2016 3010 ἡμεῖς

449 3033 913 3103 πολυλογήσομεν,
945 3031 1068 3085 οὔτε
1096 3034 1254 3102 ὑμεῖς
1290 3032 1613 3105 πονήσεσθε,
1646 3032 1761 3084 ἀλλ’
1792 3033 1856 3084 ὲκ
1884 3048 2018 3101 προ-

448 3126 636 3198 χείρου
668 3125 932 3197 δράξεσθε
961 3123 1056 3178 τοῦ
1089 3124 1427 3193 ποθουμένου
1452 3140 1467 3155 ·
1511 3122 1708 3176 ταύτὸν
1739 3119 1786 3175 δ’
1813 3122 2012 3187 εἰπεῖν,

449 3218 513 3269 τὸ
539 3217 681 3270 θεῖον
707 3215 999 3281 ὲξανύσετε
1027 3214 1260 3285 θέλημα,
1294 3215 1352 3268 τὸ
1377 3215 1434 3268 δὲ
1466 3214 1792 3284 σεμνότατον
1827 3214 2013 3281 φάναι,

451 3306 602 3377 αὐτῷ
635 3305 754 3377 Θεῷ
783 3290 1090 3374 ἔγγίσεσθε,
1122 3306 1214 3357 καὶ
1240 3303 1398 3366 ἄλλος
1430 3303 1592 3357 ἄλλου
1625 3301 2015 3373 προτρέχοντες

451 3402 511 3454 ἰν
543 3397 620 3471 τῷ
652 3400 749 3472 τῆς
782 3401 1052 3468 παντίμου
1083 3396 1427 3459 ἀναστάσεως
1476 3395 1675 3469 καιρῷ,
1705 3392 2016 3458 ὲντεύξεσθε

452 3489 623 3561 αὐτῷ,
650 3489 744 3545 καὶ
771 3490 1219 3559 προσφωνήσετε,
1263 3488 1357 3539 καὶ
1381 3487 1441 3539 τὸ
1479 3504 1499 3538 ι
1526 3485 1761 3557 Χαίρετε
1794 3503 1814 3536 ›
1848 3483 2016 3537 ἀκού-

454 3581 636 3650 σεσθε,
693 3584 790 3639 καὶ
822 3583 922 3635 ὅσα
955 3580 1090 3635 ἄλλα
1148 3580 1435 3650 πρόσφορα
1488 3581 1553 3651 τῇ
1584 3579 1680 3632 τοῦ
1736 3577 1870 3631 Θεοῦ
1923 3579 2018 3630 καὶ

454 3675 747 3729 ἀναστάσει
777 3675 870 3727 καὶ
909 3673 1073 3744 λαλιᾷ
1103 3675 1167 3743 τῇ
1207 3672 1345 3742 πρὸς
1385 3671 1510 3732 τοὺς
1555 3668 1884 3737 ἀγαπῶντας
1918 3669 1984 3722 αὐ
2006 3696 2020 3709 -

455 3766 568 3830 τὸν,
600 3767 696 3818 καὶ
723 3767 819 3836 τὴν
852 3763 1019 3818 αὐτοῦ
1055 3761 1358 3833 μαθητείαν
1388 3760 1701 3829 φιλοῦντας,
1730 3760 1823 3813 καὶ
1857 3758 2019 3830 ποθη-

457 3858 547 3910 τὸν
579 3854 961 3925 ἡγησαμένους
997 3853 1059 3907 τὸ
1089 3852 1383 3906 κολλᾶσθαι
1407 3850 1577 3920 αὐτῷ.

529 3945 611 4001 ιδ’.
644 3946 850 4009 Σκοπὸς
879 3946 944 4017 δὴ
984 3945 1263 4016 νηστείας,
1298 3946 1376 4007 είς
1407 3943 1476 4013 ἢν
1515 3945 1677 4013 ἡμεῖς
1709 3942 1833 4013 ἄρτι
1863 3944 2018 3996 στελ-

456 4039 683 4108 λόμεθα,
717 4039 815 4109 οὐχ
840 4032 951 4090 οἷον
977 4035 1410 4106 ὲπιτηδευὸμεθα
1456 4035 1506 4088 oi
1541 4034 1751 4098 πολλοὶ,
1783 4035 2021 4104 κημοῦν-

455 4146 546 4191 τες
577 4129 648 4182 τὰ
675 4128 849 4199 χείλη,
874 4126 950 4192 ὡς
979 4126 1044 4182 ἂν
1072 4127 1148 4196 μὴ
1171 4128 1233 4180 τὸ
1261 4127 1466 4198 πλῆρες
1489 4126 1584 4179 τοῦ
1611 4128 1860 4196 ταμιείου
1882 4129 2018 4196 ταχὺ

457 4225 681 4293 γένηται
717 4221 1002 4285 ὑπόκενον,
1041 4219 1176 4289 μηδὲ
1219 4219 1288 4272 τὰ
1327 4221 1603 4287 ἀναγκαῖα
1649 4220 1845 4291 μύλαις
1879 4221 2022 4274 ὀδόν-

457 4329 566 4367 των
598 4311 896 4383 ἀλήθεσθαι
928 4296 1401 4380 παραϐάλλωνταί,
1431 4311 1630 4380 μήπως
1655 4310 1817 4374 αὐτὸς
1842 4313 1870 4364 ὁ
1904 4310 2020 4380 βίος

458 4404 749 4458 ὲλαττοῖτο.
786 4402 912 4464 Τοῖς
945 4401 1053 4471 γὰρ
1109 4399 1254 4454 οὕτω
1307 4401 1667 4471 τεχνωμένοις
1715 4400 2017 4472 νηστεύειν,

2056 3208 2085 3234 μ

2111 563 2375 631 impediti,
2418 567 2784 621 adversarium
2843 568 2991 622 humi
3047 569 3377 637 projiciunt;
3429 573 3522 624 sed
3579 587 3669 627 ats

2113 656 2279 722 proba
2327 657 2619 723 requiritur
2654 675 2776 726 quae
2808 660 3043 727 ipsomm
3110 662 3363 728 personis
3399 660 3565 719 det-ns
3606 679 3670 716 ac

2111 745 2277 798 robur
2338 748 2594 816 impertit,
2628 765 2852 816 quorum
2899 753 3053 804 venia
3109 752 3226 805 sine
3269 752 3472 817 labore,
3500 755 3547 806 vi
3578 769 3671 807 at:—

2112 850 2219 893 tem
2258 848 2310 892 rt
2336 841 2598 908 sapientia
2627 843 2803 896 divina
2836 843 3036 898 suil'nlti
3082 859 3205 898 eum
3244 845 3388 898 bnmi
3420 856 3673 899 sternunt

2110 930 2200 999 qui
2230 942 2472 983 nostram
2516 932 2746 998 cladem,
2782 933 2909 987 licet
2961 935 3164 987 robusti
3194 936 3352 988 simul
3389 947 3441 988 et
3467 937 3667 1005 ignavi.

2112 1021 2464 1086 meditantur,
2518 1037 2612 1077 seu
2665 1024 2733 1076 ob
2776 1025 3154 1094 negligentiam
3189 1034 3551 1082 tumescentes
3582 1041 3672 1080 ca-

2109 1110 2416 1176 dimus,seu
2444 1112 2530 1164 ubi
2558 1127 2694 1167 novo
2725 1128 2845 1167 eum
2876 1114 3054 1182 vigore
3077 1129 3174 1169 nos
3213 1115 3443 1170 invicem
3474 1116 3538 1169 ad
3570 1133 3668 1185 pn-

2106 1204 2378 1270 gnaudutu
2443 1205 2793 1258 exhortamur
2855 1207 2907 1258 in
2965 1206 3263 1261 adversarii
3342 1208 3665 1275 perniciem.

2111 1294 2260 1348 Hauc
2298 1306 2479 1350 autem
2513 1307 2685 1351 artem
2734 1312 2892 1351 nemo
2922 1311 3161 1351 nosmnn
3193 1314 3324 1366 opus
3352 1301 3511 1355 habet
3543 1301 3672 1355 edo-

2110 1385 2244 1439 ceri.
2278 1385 2478 1440 Omnes
2513 1388 2655 1440 cnim
2692 1389 2824 1443 satis
2855 1405 2914 1441 ea
2945 1389 2999 1441 in
3042 1403 3101 1440 re
3140 1387 3388 1443 instructi
3431 1391 3671 1455 experti-

2109 1491 2213 1546 que
2243 1495 2448 1544 sumus,
2478 1490 2531 1535 et
2559 1481 2787 1550 quisque
2828 1489 3073 1534 nostrum
3100 1482 3180 1533 sui
3237 1482 3404 1549 ipsius
3457 1493 3670 1549 unctor,

2110 1570 2214 1623 dux
2237 1571 2318 1625 sui
2350 1571 2508 1639 juris,
2537 1575 2885 1642 gubernator,
2913 1585 3233 1644 prtect-ptor,
3265 1576 3460 1629 ductor
3489 1579 3673 1629 dome-

2109 1662 2300 1729 sucus,
2332 1663 2598 1734 interpres
2626 1666 2850 1721 idoneus
2876 1679 2997 1721 esse
3019 1676 3215 1735 potest.

2188 1839 2274 1893 l5.
2312 1839 2417 1894 Sed
2468 1855 2592 1895 cum
2639 1842 2831 1910 cuique
2857 1858 3052 1911 magno
3077 1842 3284 1913 jejunio
3317 1843 3673 1898 sanctimonia

2115 1936 2356 1995 inhaeret,
2407 1939 2460 1987 et
2525 1943 2585 1985 ιιι
2641 1934 2694 1987 in
2748 1935 2895 1989 onmi
2952 1935 3091 1988 bello
3148 1935 3360 1997 accidit,
3408 1937 3678 1989 conciuet

2112 2027 2356 2083 doctrina
2396 2028 2667 2081 antecedit
2696 2026 2845 2096 (belli
2887 2041 3137 2097 namque,
3178 2037 3233 2083 et
3260 2029 3475 2096 quidem
3506 2031 3571 2080 ad
3609 2029 3677 2081 li-

2113 2134 2237 2173 nem
2261 2119 2493 2188 aliquem
2528 2119 2854 2186 perducendi
2898 2119 3130 2186 specicm
3175 2121 3375 2187 praebet
3402 2130 3672 2174 certamen

2112 2215 2255 2280 quod
2306 2225 2408 2265 nos
2435 2222 2660 2279 occupat
2692 2226 2812 2264 cum
2847 2213 2980 2264 duce
3022 2212 3328 2266 cohortium
3377 2212 3676 2268 tenebrico-

2114 2304 2342 2371 sarum),
2379 2312 2430 2357 et
2467 2304 2581 2357 haec
2612 2317 2765 2357 saera
2798 2302 3024 2370 phalanx
3059 2311 3247 2356 coacta
3281 2311 3364 2357 est
3396 2305 3461 2356 ad
3489 2319 3673 2357 neces-

2115 2396 2312 2449 sariam
2342 2394 2843 2456 consecrationem;
2869 2409 3039 2462 quare
3073 2409 3342 2448 summum
3372 2394 3420 2449 ei
3447 2396 3522 2449 rei
3563 2404 3677 2448 stu-

2115 2486 2261 2540 dium
2310 2486 2691 2553 impendimus,
2723 2492 2781 2537 nt
2812 2484 3079 2539 doetriure
3126 2501 3297 2539 canon
3353 2486 3675 2555 prmscribit,

2113 2589 2168 2631 et
2197 2578 2264 2631 de
2288 2576 2481 2645 jejunii
2517 2576 2660 2644 quod
2707 2576 3016 2644 peragiutus
3066 2574 3262 2628 ultimo
3306 2574 3408 2628 line
3447 2576 3678 2629 medita-

2114 2685 2257 2725 mur.
2304 2668 2416 2722 llac
2467 2667 2611 2722 enim
2663 2677 2869 2734 reperta
2899 2666 2974 2736 (et
3008 2666 3182 2720 facilis
3219 2667 3434 2733 quidem
3462 2666 3530 2723 ad
3558 2680 3675 2720 eam

2114 2763 2293 2817 aditus
2337 2762 2463 2826 est),
2525 2774 2630 2812 nou
2682 2758 2864 2812 multis
2928 2758 3079 2812 nobis
3122 2756 3322 2821 verbis,
3375 2766 3462 2810 aut
3527 2759 3677 2812 vobis

2118 2856 2368 2910 diuturno
2431 2854 2616 2907 labore
2673 2867 2811 2921 Opus
2854 2852 2993 2916 erit,
3038 2856 3133 2905 sed
3183 2853 3437 2908 desiderii
3494 2855 3675 2908 statim

2117 2954 2392 3011 compotes
2419 2945 2643 3005 erimus,
2681 2950 2771 2995 aut
2805 2952 2857 2995 ιιι
2888 2943 3009 2995 aliis
3039 2934 3220 2997 verbis
3254 2944 3454 3007 dicam,
3486 2946 3678 3000 volun-

2118 3046 2282 3090 tatem
2313 3035 2543 3088 divinam
2588 3034 2819 3097 iacietis,
2862 3034 2970 3088 imo
2996 3034 3106 3087 Deo
3147 3035 3269 3104 ipsi,
3307 3046 3363 3088 ut
3406 3050 3515 3089 rem
3542 3038 3682 3091 Sola-

2117 3126 2315 3181 mniter
2338 3125 2537 3190 dicam,
2591 3125 3115 3195 appropinquabitis,
3171 3129 3296 3179 dum
3326 3127 3413 3180 alii
3451 3128 3588 3182 alios
3621 3128 3674 3180 in

2119 3214 2447 3271 veneranda:
2471 3213 2890 3268 resurrectionis
2928 3223 3201 3270 momento
3230 3231 3388 3270 cursu
3415 3232 3675 3285 superare

2117 3306 2472 3362 eontendetis.
2519 3304 2749 3360 Obviam
2777 3314 2954 3359 autem
3006 3320 3126 3359 eum
3180 3306 3468 3369 habebitis,
3506 3308 3675 3362 inter-

2117 3398 2389 3470 pellabitis
2418 3406 2475 3453 et
2499 3412 2565 3452 ex
2598 3397 2715 3467 ejus
2735 3410 2830 3451 ore
2865 3414 2885 3447 ι
2919 3396 3132 3451 Salvete
3165 3415 3183 3448 ι
3222 3407 3276 3451 et
3315 3411 3542 3454 cnnc‘as
3579 3416 3678 3455 vo-

2118 3501 2211 3542 ees
2241 3484 2474 3540 audietis
2529 3500 2651 3554 quae
2701 3485 3113 3540 resurrectionis
3167 3487 3677 3558 prmdicatiouisque

2119 3587 2366 3646 respectu
2408 3579 2472 3634 iis
2504 3579 2593 3647 qui
2642 3594 2764 3632 eum
2811 3579 3041 3649 diligunt
3090 3579 3316 3649 ejusque
3378 3583 3673 3638 docttlnam

2118 3681 2454 3731 reverentur,
2510 3678 2563 3723 et
2616 3683 2741 3721 cum
2795 3668 2915 3737 ipso
2973 3671 3227 3725 unionem
3262 3672 3674 3727 desiderabilem

2120 3759 2344 3814 credunt
2384 3760 2633 3828 prolieute
2658 3770 2805 3815 sunt.

2192 3940 2278 3994 M.
2319 3937 2513 4010 Jejuuii
2541 3953 2723 4007 porro,
2755 3938 2893 4005 quod
2927 3953 3067 3992 nunc
3092 3939 3433 4004 inchoamus,
3487 3957 3673 4013 propo-

2120 4034 2281 4089 situm
2319 4048 2422 4087 non
2455 4032 2507 4086 in
2549 4045 2614 4085 eo
2644 4031 2917 4093 consistit,
2949 4038 3026 4091 ut,
3062 4031 3126 4083 ad
3166 4032 3465 4097 exemplum
3494 4034 3679 4086 mtdti-

2126 4124 2523 4186 tndinis,‘labia
2560 4136 2929 4176 coerceamus.
2976 4136 3039 4176 ex
3081 4136 3189 4190 quo
3246 4124 3304 4175 ﬁt
3337 4135 3392 4176 ut
3420 4123 3677 4179 frumenti

2122 4214 2448 4269 abundantia
2498 4214 2604 4267 cito
2658 4212 2714 4265 in
2774 4213 3001 4265 nihilum
3029 4212 3209 4276 abeat,
3244 4225 3495 4282 nequeut
3532 4217 3682 4269 cibos

2121 4307 2370 4361 dentibus
2393 4306 2457 4356 ad
2479 4304 2639 4357 vitam
2675 4303 3080 4357 sustentandam
3095 4304 3372 4358 molamus.
3399 4304 3497 4371 Qui
3534 4307 3678 4360 enim

2122 4399 2224 4454 hac
2258 4398 2463 4450 ratione
2513 4394 2776 4463 jejunium
2827 4403 3103 4453 exercent,
3159 4410 3270 4449 rem
3323 4411 3420 4466 pro
3469 4401 3684 4469 negotio

458 4493 698 4564 ἐμπορία
731 4491 790 4545 τὸ
820 4492 1073 4563 πρᾶγμα,
1099 4491 1193 4544 καί
1221 4506 1302 4553 τις
1338 4489 1754 4560 κερδαλεότητος
1777 4490 2012 4562 εὕρεσις.

2125 4491 2301 4559 aliquo
2334 4494 2638 4557 quaestuoso
2703 4488 2921 4542 habent.
2972 4487 3131 4542 Tales
3182 4489 3395 4556 quidem
3434 4491 3560 4544 hom
3587 4507 3686 4545 nes

459 4584 570 4639 Καὶ
600 4584 815 4652 ὑγίειαν
863 4582 984 4654 μὲν,
1014 4584 1064 4636 εί
1117 4580 1260 4634 οὕτω
1299 4580 1477 4650 τύχοι,
1527 4581 1939 4650 περιποιοῦνται
1969 4583 2023 4635 oi

460 4674 713 4735 τοιοῦτοι,
740 4675 835 4729 καὶ
862 4674 984 4727 οὐδὲ
1012 4672 1138 4736 τοὺς
1167 4672 1386 4734 ὀδόντας
1429 4670 1677 4741 τρίϐουσι
1699 4688 1713 4703 ·
1748 4670 1942 4741 μεστὸς
1967 4673 2025 4725 δι

459 4768 643 4828 αὐτοῖς
670 4764 745 4825 ὡς
771 4765 865 4818 ἐπὶ
901 4763 1035 4817 πολὺ
1062 4763 1156 4815 καὶ
1195 4764 1223 4816 ὁ
1251 4761 1356 4826 ἔξω
1399 4761 1670 4832 κώρυκος,
1703 4757 1786 4826 οἷς
1826 4764 1917 4816 τὸν
1943 4765 2023 4814 οἱ-

460 4863 607 4913 κεῖον
645 4860 740 4913 καλ⁵
771 4857 1052 4929 σύμφυτον
1097 4855 1329 4912 θύλακον
1369 4855 1611 4926 λαγαρὸν
1642 4857 2024 4925 φυλάττουσιν.

472 4948 667 5021 Ἀρετὴ
693 4949 749 5002 δὲ
788 4951 847 5002 ἐν
875 4950 1057 5011 αὐτοῖς
1089 4947 1339 5017 οὐδεμία.
1370 4944 1578 5000 Οὔκουν
1622 4949 1757 5017 ἡμῖν
1785 4947 1909 5018 ἄρτι
1938 4964 2029 5013 νη-

462 5041 643 5104 στείας
698 5038 957 5110 τοιαύτης
991 5040 1277 5110 κήρυγμα,
1332 5036 1433 5111 τῆς
1491 5038 1585 5090 καὶ
1638 5039 1881 5107 πονηρᾶς
1935 5038 2028 5090 καὶ

464 5131 792 5205 ίσχνοποιοῦ,
819 5133 899 5194 είς
923 5131 1074 5184 οὐδὲν
1100 5129 1221 5183 δέον
1242 5144 1258 5159 ·
1290 5129 1745 5201 παραγγέλλομεν
1769 5128 1825 5183 δὲ
1855 5128 2028 5190 ἄλλως

460 5227 720 5293 νηστείαν
748 5224 848 5296 τὴν
882 5224 1020 5294 μετὰ
1043 5208 1139 5276 καὶ
1167 5224 1376 5293 τροφῆς
1406 5222 1500 5275 καὶ
1530 5221 1738 5291 τρυφῆς
1770 5222 1862 5274 καὶ
1892 5219 2030 5289 πλη-

465 5317 692 5384 σμονῆς.
726 5314 787 5366 τὸ
830 5313 1173 5369 καινότατον.
1210 5310 1594 5382 Προκαλοῦμαι
1628 5311 1736 5379 γὰρ
1766 5309 1930 5379 ὑμᾶς,
1961 5308 2027 5362 δι’

465 5405 595 5477 ὅλης
624 5406 722 5476 τῆς
750 5406 1017 5476 νηστίμου
1046 5408 1142 5461 καὶ
1170 5405 1371 5457 ἐσθίειν
1401 5406 1493 5457 καὶ
1524 5405 1701 5456 πίνειν
1735 5402 1830 5454 καὶ
1859 5400 2029 5453 πλείω

466 5499 574 5552 τῶν
610 5499 911 5569 προτέρων,
942 5497 991 5550 εί
1019 5497 1265 5561 δυνατὸν,
1293 5496 1383 5547 καὶ
1420 5496 1616 5565 μέχρις
1651 5492 1815 5546 αὑτοῦ
1843 5493 2024 5562 κόρου·

469 5593 723 5647 σπεύδειν
779 5594 835 5645 δὲ
875 5592 969 5645 καὶ
1030 5571 1403 5661 θησαυρίζειν,
1456 5590 1572 5657 εἴγε
1631 5586 1882 5651 δύνασθε,
1944 5587 2032 5640 ἵνα

468 5680 613 5735 οὓτω
648 5681 813 5751 μηδέν
845 5699 898 5734 τι
930 5681 1322 5751 καινοπραγεῖν
1353 5678 1618 5749 οἰώμεθα,
1653 5677 1763 5729 είτε
1808 5675 1942 5745 πρὸς
1970 5676 2031 5729 τὸ

473 5772 759 5843 νηστεύειν
809 5773 935 5843 ἄρτι
981 5771 1338 5842 ἁπονεύομεν,
1390 5769 1463 5832 ὡς
1512 5770 1573 5823 τὸ
1630 5764 2031 5837 δοῦλον’σῶμα

2124 4581 2375 4653 sanitatis
2408 4594 2593 4635 curam
2624 4588 2841 4648 gerunt,
2881 4588 2936 4633 et
2967 4580 3220 4634 dentibus
3243 4590 3504 4649 parcunt;
3539 4580 3683 4636 folii-

2124 4671 2279 4728 cuius
2306 4681 2483 4727 autem
2514 4681 2738 4725 externe
2769 4672 2835 4725 iis
2871 4671 3063 4737 plenus
3113 4680 3220 4732 est,
3249 4672 3377 4726 dum
3434 4682 3609 4728 utrem
3654 4691 3684 4728 a

2126 4774 2315 4819 natura
2362 4762 2547 4817 datum
2599 4763 2813 4816 inanem
2844 4772 3077 4830 gestant.
3106 4760 3169 4815 Hi
3197 4763 3381 4831 igitur,
3415 4774 3473 4819 ut
3504 4767 3682 4826 vides.

2126 4856 2193 4909 de
2227 4856 2427 4908 virtute
2462 4854 2682 4920 gloriari
2720 4868 2824 4906 non
2893 4866 3141 4918 possunt.
3169 4855 3347 4919 Quare
3371 4857 3526 4910 nobis
3555 4871 3690 4925 quo-

2127 4961 2232 5016 que
2257 4945 2520 5015 ejusmodi
2561 4943 2755 5013 jejunii
2810 4945 3176 4998 ostentatione
3223 4960 3332 4999 non
3388 4963 3523 5015 opus
3576 4959 3684 5000 est.

2127 5040 2270 5107 quod
2303 5053 2408 5091 non
2442 5037 2542 5091 nisi
2575 5034 2824 5102 corporis
2871 5037 3169 5088 macerieur
3216 5037 3408 5105 gignit,
3443 5048 3532 5088 aut
3565 5052 3684 5089 cum

2124 5125 2750 5196 ciborutn‘abundantia
2813 5136 2864 5179 et
2928 5124 3138 5179 luxurie
3192 5125 3537 5193 eonjunctnm
3581 5136 3685 5177 est.

2128 5216 2413 5271 Enimvero
2448 5231 2544 5271 vos
2571 5215 2827 5269 exhortor
2853 5227 2907 5268 ut
2944 5215 3132 5284 jejttnii
3193 5223 3435 5281 tempore.
3474 5215 3541 5266 ab
3591 5230 3685 5267 esu

2128 5319 2288 5374 atque
2330 5316 2457 5375 potu
2507 5307 2587 5361 vel
2634 5307 2697 5358 ad
2734 5306 3038 5359 satietatem
3070 5317 3239 5370 usque
3272 5303 3495 5354 minime
3520 5305 3687 5356 absti—

2130 5399 2320 5453 neatis.
2379 5399 2767 5451 Tltt'saur'tzate
2801 5411 2949 5459 vero,
2991 5397 3038 5450 si
3089 5395 3344 5462 potestis;
3406 5392 3485 5446 sic
3540 5396 3684 5447 enim

2132 5489 2263 5541 nihil
2299 5490 2420 5541 novi
2460 5488 2636 5543 facere
2686 5486 3019 5549 videbimini,
3053 5493 3107 5537 et
3139 5497 3295 5536 uenio
3339 5484 3525 5549 inique
3573 5484 3683 5536 ltesi

2131 5578 2374 5646 corporis
2400 5594 2492 5631 vos
2523 5578 2783 5631 atsuSabit.
2823 5576 2956 5628 Cum
3003 5586 3182 5627 autem
3214 5574 3314 5626 ltnc
3345 5575 3514 5642 ipsum
3549 5590 3688 5642 prae-

2131 5680 2348 5740 eeptum
2400 5670 2794 5723 incentmndnnt
2856 5666 3071 5735 aliquod
3137 5681 3320 5720 secum
3376 5664 3518 5719 ferat
3574 5669 3690 5735 (qui

2139 5764 2289 5816 enim
2320 5761 2429 5815 edit
2461 5769 2549 5814 aut
2583 5759 2714 5812 bibit
2740 5742 2843 5813 sibi
2878 5758 2975 5827 ipsi
3003 5756 3262 5811 molestus
3291 5758 3685 5826 quodammodo
