3884 6244
246 372 348 434 687'

950 363 1370 430 EUSTATIIII
1409 356 1817 422 THESSALO]

1923 357 2170 418 IENSIS
2199 357 2766 419 ΜΕΤιιΟΡυιιΤίΕ

3363 352 3471 416 688

245 485 372 552 est),
416 482 663 550 equidem
702 481 877 535 omnis
929 479 1188 534 molesdae
1229 476 1497 529 evitanda:
1528 471 1680 525 vobis
1709 485 1802 521 au-

1923 471 2242 523 ιακοποιεῖν.
2286 469 2440 522 Ἐπεὶ
2484 469 2540 521 δὲ
2569 475 2663 520 καὶ
2695 468 2727 536 ὴ
2758 465 2984 532 τοιαύτη
3027 464 3266 534 ἐπιταγὴ
3317 465 3482 518 πόνον

243 587 362 628 etor
397 573 612 628 fuerim.

317 842 399 896 15.
443 840 517 893 lta
563 853 690 892 vero
719 852 778 892 se
827 853 909 892 res
965 836 1146 892 habet.
1188 837 1242 888 lu
1278 835 1399 888 vita:
1453 834 1708 889 solatium
1743 848 1806 888 ac

246 935 663 988 allevamentum
709 929 961 986 animalia
1008 943 1173 997 Opera
1204 927 1468 998 gestantia
1529 935 1581 980 et
1629 925 1806 979 homi-

247 1039 373 1076 num
405 1037 573 1092 genus
602 1023 946 1082 invenerunt,
969 1033 1198 1089 quorum
1229 1017 1332 1070 alia
1363 1031 1581 1072 servum
1614 1031 1802 1086 pecus,

245 1116 336 1169 alii
377 1115 624 1169 mercede
664 1114 912 1167 conducti
939 1127 1101 1180 opera
1138 1119 1356 1173 navant,
1385 1109 1454 1162 ita
1485 1117 1541 1161 ut
1575 1107 1807 1162 dominis

245 1210 356 1262 otio
391 1210 555 1261 vitam
591 1207 890 1272 transigere
928 1220 1078 1258 suam
1117 1204 1300 1258 liceat.
1336 1202 1524 1258 Simile
1555 1201 1680 1270 quid
1706 1216 1807 1270 ego

247 1314 460 1369 quoque
499 1314 595 1352 vos
633 1307 689 1351 ut
724 1295 937 1351 faciatis
983 1309 1194 1358 moneo,
1250 1295 1495 1348 homines
1543 1305 1805 1361 pauperes

244 1403 408 1458 atque
434 1404 636 1460 egenos
671 1389 738 1442 ad
761 1387 1026 1458 ejusmodi
1055 1387 1275 1441 servitia
1310 1387 1679 1447 conducendo,
1712 1383 1804 1452 qui

248 1483 433 1535 utilem
489 1480 645 1534 vobis
679 1494 900 1548 operam
939 1485 1236 1548 praestent;
1292 1476 1386 1530 Dei
1439 1488 1629 1531 servos
1661 1475 1804 1538 dico,

247 1574 338 1641 qui
375 1572 464 1626 vili
499 1572 743 1628 mercede
772 1579 990 1638 accepta
1025 1569 1176 1624 duris
1203 1569 1562 1638 accinguntur
1606 1567 1808 1621 labori-

247 1665 366 1719 bus.
397 1661 461 1717 Hi
494 1677 724 1732 namque
768 1661 858 1716 Dei
904 1661 1190 1730 imaginem
1239 1675 1349 1726 prae
1395 1674 1454 1713 se
1512 1656 1689 1712 ferunt
1712 1673 1806 1712 eos

1917 561 2028 630 ἔχει
2066 561 2279 630 (μοχθεῖ
2305 562 2414 630 γὰρ
2449 560 2476 614 ό
2512 560 2603 612 καὶ
2633 558 2830 611 ἐσθίων
2864 557 2960 610 καὶ
2988 559 3153 610 πίνων
3187 556 3361 609 πολλά
3386 560 3484 609 καὶ

1917 654 2438 724 χρηματιζόμενος),
2493 651 2768 722 μεθοδεύω
2821 652 2949 719 ὑμῖν
2998 651 3235 703 ἐνταῦθα
3267 653 3363 704 καὶ
3423 652 3483 703 τὸ

1919 764 1938 796 ι
1984 747 2302 800 ἀκοπίατον.
2341 763 2360 796 ι

1990 834 2070 890 ιε’.
2103 839 2174 889 Τὸ
2206 837 2252 889 δ’
2279 837 2427 888 ἔστιν
2453 836 2574 906 ἔχον
2603 835 2800 898 οὕτως.
2847 835 3252 903 Ἐπινενόηνται
3281 835 3394 895 τοῖς
3425 835 3482 885 ἐν

1919 929 2018 999 βίῳ
2065 929 2341 1001 ἀχθοφόρα
2375 929 2490 993 ζῶα
2535 929 2699 982 λοιπά
2751 927 2845 980 καὶ
2871 929 3140 995 πρόσωπα
3180 925 3258 990 δδ,
3286 927 3353 979 τὰ
3385 927 3482 994 μὲν

1916 1023 2158 1087 δουλικὰ,
2188 1025 2253 1076 τὰ
2286 1023 2340 1076 δὲ
2372 1023 2564 1091 μισθοῦ
2599 1020 2922 1092 μοχθοῦντα,
2952 1021 3019 1072 δι’
3048 1013 3124 1072 ὧν
3151 1020 3200 1070 oi
3226 1018 3482 1072 δέσποται

1919 1115 2032 1185 βίον
2080 1116 2360 1184 τρίϐουσιν
2406 1116 2626 1169 ἄπονον.
2664 1112 2918 1165 Τοιοῦτον
2951 1111 3014 1180 δή
3061 1131 3112 1164 τι
3162 1111 3319 1177 κάγὼ
3353 1113 3482 1181 ὑμῖν

1917 1213 2097 1260 ποιεῖν
2125 1207 2476 1275 ὑποτίθεμαι.
2510 1207 2582 1259 Τὸ
2611 1207 2665 1258 δέ
2707 1206 2824 1257 ἐστι
2863 1201 3240 1273 μισθώσασθαι
3269 1205 3483 1264 ἑαυτοῖς

1917 1301 2041 1362 τοὺς
2079 1301 2316 1368 πένητας
2366 1299 2459 1350 καὶ
2511 1298 2761 1366 πτωχοὺς
2793 1299 2874 1359 εἰς
2921 1297 2982 1348 τὸ
3029 1295 3271 1348 τοιοῦτον
3297 1295 3480 1364 ἔργον,

1915 1392 2041 1453 τοὺς
2097 1387 2534 1458 ἀχθοφοροῦντας
2586 1388 2655 1440 τὲ
2706 1388 2837 1455 ἡμῖν
2892 1386 3160 1455 σωτήρια,
3209 1386 3336 1448 τοὺς
3390 1385 3483 1438 τοῦ

1911 1483 2046 1537 Θεοῦ
2075 1483 2329 1553 ἐργάτας,
2358 1482 2482 1544 τοὺς
2517 1481 2860 1551 βραχυτάτου
2897 1479 3189 1547 μισθαρίου
3215 1479 3484 1546 διαπρατ-

1911 1575 2174 1644 τομένους
2206 1573 2274 1626 τὰ
2305 1572 2398 1626 τοῦ
2429 1573 2630 1634 παντὸς
2670 1573 2816 1637 ἀξια,
2853 1571 2982 1633 τοὺς
3031 1568 3310 1640 προσώπῳ
3345 1569 3482 1624 Θεοῦ

1912 1665 2370 1736 ἐπιταινομένους
2417 1668 2571 1733 ἡμῖν,
2613 1658 2688 1716 ὧν
2713 1664 2772 1716 τὸ
2801 1662 2966 1715 καλὺν
2999 1659 3297 1714 οἰκειοῦται
3326 1660 3480 1723 Θεὸς,

249 1751 604 1820 protegentis,
670 1760 726 1804 et
759 1765 923 1804 onera
957 1761 1172 1818 portare
1203 1748 1531 1812 didicerunt,
1575 1757 1630 1801 et
1663 1749 1814 1816 quic-

1923 1763 2036 1822 τοὺς
2069 1759 2482 1827 δεδιδαγμένους
2531 1755 2706 1825 αἴρειν
2751 1755 2984 1822 φόρτους
3028 1753 3327 1816 τοιούτους,
3362 1753 3488 1816 τοὺς

247 1857 352 1898 tem
385 1851 627 1905 sumunt,
665 1843 793 1896 dum
827 1857 924 1894 nos
970 1842 1096 1910 ipsi,
1141 1841 1404 1894 oneribus
1443 1840 1674 1903 curvati,
1717 1854 1811 1894 eos

249 1937 480 1991 adimus.
517 1933 614 1988 llis
675 1945 857 1988 nostra
918 1933 1330 2000 impertiamus;
1384 1931 1466 1985 his
1500 1931 1550 1984 id
1575 1946 1682 2001 quo
1712 1945 1811 1986 nos

245 2028 749 2098 superabundamns
816 2026 1087 2092 miluitatis
1138 2026 1350 2079 ratione
1385 2023 1568 2079 habita
1607 2026 1808 2095 largia-

247 2134 386 2173 mur.
442 2117 656 2172 Etcnim
718 2118 768 2172 id
835 2132 929 2186 pro
972 2128 1122 2170 certo
1161 2117 1425 2180 habeatis,
1462 2119 1678 2186 quando
1714 2118 1814 2172 IIOS

247 2210 579 2265 vestimentis
607 2210 961 2271 induerimus,
993 2209 1046 2262 id
1075 2208 1318 2262 futurum
1346 2223 1470 2263 esse
1497 2218 1553 2262 ut
1584 2225 1682 2264 nec
1711 2210 1810 2278 ipsi

247 2301 550 2355 molestiam
605 2300 823 2368 frigoris
878 2299 1159 2354 obeamus.
1199 2301 1306 2354 Deo
1337 2299 1479 2353 enim
1521 2301 1682 2355 dante
1715 2318 1814 2356 nos

247 2393 589 2454 calescimus,
627 2387 893 2459 siquidem
945 2389 1197 2443 malitiosi
1222 2391 1288 2443 ad
1316 2389 1493 2458 ignem
1551 2397 1812 2443 a-ternunt

248 2483 500 2538 destinati
538 2481 713 2551 ignem
751 2495 1080 2535 consumens
1111 2481 1382 2544 accendit,
1417 2481 1608 2550 probis
1632 2492 1812 2536 autem

248 2577 481 2631 calorem
522 2582 768 2629 amanter
797 2573 1058 2642 impertit,
1084 2572 1196 2626 sole
1244 2572 1477 2640 justiti»
1514 2584 1812 2626 annuente.

251 2670 385 2722 Dum
420 2667 563 2721 enim
623 2666 698 2719 illi
741 2666 894 2720 cibos
922 2678 952 2718 a
983 2663 1140 2718 nobis
1189 2664 1401 2718 oblatos
1465 2661 1815 2729 manducant,

250 2775 348 2814 nos
390 2759 490 2826 ipsi
535 2758 794 2812 satiamur
835 2770 946 2809 non
987 2763 1215 2818 tantum,
1252 2755 1394 2821 quod
1417 2753 1572 2808 nobis
1603 2769 1817 2824 quoque

249 2859 316 2907 de
345 2852 464 2907 solo
497 2864 633 2920 paue
678 2849 860 2903 virere
905 2846 986 2902 fas
1026 2847 1117 2913 sit,
1149 2847 1242 2901 sed
1279 2848 1404 2915 quia
1437 2861 1682 2902 summus
1715 2848 1816 2902 ali-

253 2954 556 3000 mentorum
583 2945 734 2996 dator
775 2940 936 2994 rebus
975 2955 1200 3010 quarum
1247 2941 1472 3008 penuria
1499 2941 1814 3009 premimur,

252 3034 712 3106 impersrrutahile
731 3033 884 3088 offert
903 3032 1356 3101 supplementum,
1381 3033 1517 3086 sieut
1553 3034 1604 3086 in
1624 3048 1816 3100 parcos

1913 1852 2311 1912 ἀναπαύοντας,
2343 1850 2500 1916 εἴπερ
2531 1847 2834 1907 κοπιῶντες
2878 1846 3038 1914 ἡμεῖς
3070 1843 3166 1896 καὶ
3213 1859 3480 1912 πεφορτι-

1916 1947 2105 2016 σμένοι
2141 1942 2530 2014 προσέλθωμεν
2573 1940 2774 2001 αὐτοῖς.
2819 1938 3045 1998 Τούτοις
3091 1935 3383 2004 ἀναθῶμεν
3417 1934 3484 1986 τὰ

1913 2042 2183 2111 ἡμέτερα,
2218 2037 2430 2099 τούτοις
2456 2033 2840 2103 ἐπιτρέψωμεν
2875 2031 2984 2084 τῶν
3012 2031 3068 2082 ἐν
3110 2031 3242 2100 ἡμῖν
3300 2043 3486 2098 περιτ-

1914 2134 2046 2196 τῶν,
2081 2134 2180 2184 ὅσα
2215 2127 2600 2198 διακρινοῦμεν
2633 2124 2928 2194 ὀρθότητος
2967 2123 3128 2192 λόγῳ.
3173 2121 3346 2190 Ἀμὴν
3378 2120 3486 2189 γὰρ

1915 2225 2058 2291 λέγω
2088 2225 2240 2292 ὑμῖν,
2281 2197 2487 2273 τούτων
2520 2217 2880 2283 ἐνδυομένων,
2920 2217 3084 2284 ἡμεῖς
3112 2209 3236 2266 οὔτε
3281 2228 3484 2282 φορτη-
3525 2197 3528 2202 ’

1916 2311 2118 2384 γοῦμεν
2153 2316 2214 2366 ὲκ
2249 2311 2530 2382 περιττοῦ,
2557 2309 2650 2362 καὶ
2679 2310 2800 2361 οὐδὲ
2833 2306 3112 2378 ριγοῦμεν.
3143 2307 3352 2360 Θάλπει
3376 2308 3485 2374 γὰρ

1917 2411 2064 2478 ἡμᾶς
2091 2409 2117 2458 ὁ
2153 2405 2303 2468 Θεὸς,
2338 2407 2446 2466 τοῖς
2497 2404 2595 2474 μὲν
2631 2402 2727 2455 τοῦ
2763 2401 3002 2471 πονηροῦ
3034 2401 3143 2471 πῦρ
3192 2401 3483 2454 καταναλί-

1919 2517 2048 2553 σκον
2069 2499 2458 2567 ἐξαπτόμενος,
2488 2491 2570 2558 οἷς
2593 2496 2686 2548 καὶ
2707 2494 2766 2546 τὸ
2791 2495 3007 2548 αἰώνιον
3030 2493 3316 2560 ἐπιϐρέμει
3351 2490 3481 2559 πῦρ,

1917 2595 2028 2654 τοῖς
2053 2592 2106 2643 δὲ
2136 2592 2359 2658 ἀγαθοῖς
2395 2587 2658 2658 θαλπωρὴ
2708 2587 3032 2657 αὐτόχρημα
3079 2585 3152 2638 ὢν
3178 2602 3193 2616 ο
3226 2586 3348 2638 ἐπεὶ
3388 2585 3482 2636 καὶ

1918 2683 2264 2751 δικαιοσύνης
2296 2680 2724 2750 πεφιλοσόφηται
2769 2681 2941 2748 ἥλιος.
2987 2677 3245 2730 Ἑκεῖνων
3277 2675 3481 2728 ἐσθιόν-

1917 2793 2026 2828 των
2060 2776 2126 2828 τᾶ
2163 2775 2230 2828 δι’
2265 2773 2423 2845 ἡμῶν
2458 2772 2860 2844 χορηγούμενα,
2897 2772 3057 2838 ἡμεῖς
3089 2766 3480 2836 κορεννύμεθα,

1919 2870 1979 2922 ού
2017 2869 2196 2938 μόνον,
2233 2869 2423 2920 καθότι
2455 2867 2575 2917 οὐδὲ
2610 2867 2755 2935 ἡμᾶς
2795 2864 2887 2915 ἐπὶ
2912 2863 3061 2933 ἄρτῳ
3095 2861 3240 2930 μόνῳ
3271 2859 3370 2926 ζῇν
3400 2858 3481 2910 ἑλ·

1921 2962 2100 3026 πίζειν
2137 2961 2358 3030 πρέπει,
2395 2957 2531 3011 ἀλλὰ
2559 2960 2653 3010 καὶ
2693 2959 2773 3010 ὅτι
2808 2951 3126 3024 παραδόξως
3154 2956 3180 3006 ὁ
3230 2953 3481 3020 μέγιστος

1923 3053 2200 3121 ozena-5:7};
2255 3052 2562 3121 ἀναπληροῖ
2597 3051 2656 3102 τι
2703 3048 2901 3106 ἐνδέον,
2957 3046 3030 3108 ῶς
3075 3045 3176 3098 οὐκ
3229 3044 3294 3097 ἂν
3327 3045 3482 3111 ἡμεῖς

252 3128 445 3181 famem
468 3127 717 3180 caninam
739 3125 958 3188 emittit,
979 3138 1084 3191 qua
1111 3122 1466 3194 Erysichthon
1489 3137 1582 3180 aut
1610 3125 1817 3194 llarpo-

1926 3144 2228 3212 μάθοιμεν·
2272 3140 2460 3208 ῶσπερ
2499 3136 2562 3193 αὖ
2601 3138 2758 3190 πᾶλιν
2797 3136 3098 3205 ἀποκληροῖ
3128 3135 3241 3196 τοῖς
3272 3135 3481 3200 ἀμεττι⁴

250 3228 427 3271 crates
453 3227 543 3270 aut
573 3216 710 3271 alius
761 3214 901 3269 forte
927 3222 1016 3268 aut
1045 3216 1292 3278 scleucis,
1322 3229 1442 3284 qua:
1469 3217 1582 3272 avis
1611 3231 1691 3272 est
1724 3233 1814 3272 vo-

255 3309 532 3363 racissima
557 3307 888 3362 laboraverit
907 3323 921 3372 ;
943 3307 1137 3375 quibus
1159 3309 1410 3362 oumibus
1429 3310 1471 3362 is
1493 3324 1812 3378 comparau-

251 3408 349 3457 dus
376 3413 457 3456 est
505 3401 596 3471 qui
653 3400 800 3456 solus
833 3403 898 3453 ad
943 3402 1248 3455 satietatem
1277 3416 1444 3468 usque
1473 3401 1608 3470 gulae
1641 3402 1814 3454 indul-

261 3505 370 3564 get.
403 3494 628 3560 Quando
677 3495 840 3562 igitur
883 3493 1076 3547 fratres
1134 3492 1288 3562 egeni
1323 3494 1570 3547 sitientes
1601 3493 1812 3562 bibunt,

253 3600 352 3638 nos
391 3585 536 3637 sitim
561 3583 826 3651 pellimus,
863 3583 1021 3649 idque
1051 3598 1160 3637 non
1188 3584 1357 3638 solum
1393 3585 1567 3653 quoad
1597 3601 1816 3656 corpus,

254 3677 342 3728 ubi
373 3676 512 3728 Dens
545 3675 769 3742 copioso
804 3689 903 3727 nos
940 3675 1169 3728 hutnore
1204 3686 1413 3729 saturat
1444 3686 1497 3731 et
1523 3679 1715 3743 reﬁcit,
1749 3681 1818 3733 ita

259 3774 314 3817 ut
347 3778 525 3832 neque
572 3764 738 3817 nimio
785 3764 916 3817 solis
969 3764 1166 3818 ardore
1207 3766 1690 3834 incommodemur,
1727 3779 1820 3824 aut

256 3859 306 3908 in
343 3856 590 3909 morbum
649 3854 999 3910 sudoriticum
1035 3855 1359 3921 incidamus,
1410 3869 1504 3912 aut
1545 3861 1692 3914 inani
1733 3878 1824 3915 su-

255 3952 384 4001 dore
413 3947 699 4001 humorem
757 3947 1033 3999 internum
1065 3945 1370 4015 ejiciamtts,
1398 3951 1468 4004 ita
1502 3961 1561 4005 ut
1596 3963 1822 4008 externo

257 4039 459 4093 intinxti
496 4037 650 4105 quasi
683 4037 926 4091 antidoto
956 4051 1089 4106 opus
1114 4038 1440 4106 habeamus;
1491 4041 1598 4096 into
1663 4057 1822 4098 econ-

259 4146 360 4196 tra,
393 4142 448 4184 ut
482 4129 687 4184 famosa
736 4130 929 4183 tnnlier
967 4128 1332 4194 Samaritana,
1370 4133 1605 4188 animam
1643 4137 1825 4191 divino

257 4227 415 4278 latice
443 4225 727 4278 inroratam
755 4224 1096 4292 experiemur
1143 4223 1261 4277 sine
1294 4238 1401 4293 quo
1436 4225 1515 4280 vel
1553 4227 1589 4282 ii
1632 4229 1824 4286 sitiunt

254 4320 343 4386 qui
386 4317 554 4370 maris
578 4315 710 4369 vada
748 4317 913 4368 ramis
950 4315 1260 4383 trajiciunt.

1921 3235 2090 3294 δότοις
2127 3234 2221 3299 τὴν
2251 3230 2560 3298 βούπειναν,
2596 3228 2661 3298 ῆι
2696 3225 3032 3298 Ἐρυσίχθων
3057 3242 3140 3286 τις
3163 3224 3365 3291 νοσοίη,
3391 3221 3486 3274 καὶ

1934 3325 2266 3392 Ἀρποκρᾶς,
2298 3322 2330 3392 ἢ
2372 3321 2529 3382 ἄλλος
2580 3338 2660 3381 τις
2693 3319 2777 3386 ἐφ’
2823 3318 3032 3387 ὁμοίοις
3065 3315 3479 3386 θρυλλούμενος,

1925 3417 2019 3470 καὶ
2056 3416 2300 3477 σελευκὶς
2331 3414 2385 3465 δὲ
2417 3413 2476 3465 τὸ
2508 3413 2565 3464 ἐν
2589 3413 2815 3481 πτηνοῖς
2850 3409 3177 3479 βορώτατον,
3206 3403 3286 3468 οἷς
3312 3425 3483 3477 παρα-

1923 3509 2144 3578 ϐλητέος
2185 3509 2210 3559 ὁ
2238 3507 2316 3568 εἰς
2350 3504 2510 3575 κόρον
2545 3501 2891 3574 μονοφαγῶν.
2927 3501 3047 3552 Ἔτι
3091 3499 3201 3552 τῶν
3235 3502 3482 3568 πενήτων

1917 3601 2166 3671 ἀδελφῶν
2194 3598 2617 3670 ἐμφορουμένων
2651 3604 2879 3660 πόσεως,
2934 3594 3091 3663 δίψης
3127 3594 3324 3664 ἔχομεν
3353 3593 3481 3652 ἄκος

1919 3695 2103 3764 ἡμεῖς,
2137 3691 2232 3742 καὶ
2264 3691 2422 3742 τοῦτο
2453 3687 2512 3740 ού
2543 3685 2702 3756 μόνον
2733 3685 2875 3736 κατά
2900 3685 3079 3752 σῶμα,
3106 3679 3192 3734 οἷα
3221 3679 3317 3734 τοῦ
3349 3678 3482 3732 θεοῦ

1922 3783 2177 3852 πολυειδῆ
2231 3783 2433 3852 βροχὴν
2465 3779 2868 3849 ὑπεριστῶντος
2923 3775 3102 3846 ἡμῶν,
3136 3775 3230 3827 καὶ
3273 3771 3482 3841 ἀναψύ-

1920 3894 2125 3947 χοντος,
2157 3872 2236 3936 οἷς
2267 3872 2391 3925 οὕτε
2424 3871 2663 3924 καύσωνι
2700 3866 3144 3937 πυρακτούμεθα,
3171 3864 3325 3916 νόσου
3356 3877 3486 3932 προ-

1921 3966 2260 4036 καλουμένης
2303 3961 2490 4033 ῥανιδα
2541 3959 2912 4030 δροσίζουσαν,
2947 3955 3068 4008 οὔτε
3126 3955 3396 4024 ἱδροῦντες
3427 3951 3482 4003 ὲν

1921 4063 2118 4124 κενοῖς,
2151 4055 2246 4110 καὶ
2270 4054 2328 4106 τὸ
2354 4055 2410 4104 ἐν
2437 4052 2566 4121 ἡμῖν
2593 4049 2763 4111 οῦτως
2789 4047 2955 4115 ύγρδν
2983 4046 3385 4113 ἐξατμίζοντες,
3411 4042 3481 4104 ὠς

1922 4148 2138 4203 δέεσθαι
2177 4145 2274 4214 τῆς
2327 4141 2525 4207 ἔξωθεν
2558 4139 2941 4206 ἀντεπιρῤοῆς,
2986 4136 3071 4205 ἐφ’
3101 4130 3144 4203 ᾧ
3175 4135 3310 4203 πρὸς
3360 4134 3484 4186 ἀναο

1924 4242 2208 4309 πλήρωσιν
2257 4231 2589 4300 τέγγεσθαι·
2640 4229 2775 4281 ἀλλὰ
2821 4232 2910 4278 καὶ
2960 4227 3162 4294 ἑτέρως
3208 4224 3350 4278 κατᾶ
3388 4224 3485 4292 τὴν

1928 4327 2254 4398 περίκλυτον
2293 4322 2647 4390 Σαμαρεῖτιν,
2685 4319 2760 4380 ῶς
2803 4319 2866 4370 Ξιν
2912 4317 3058 4386 dux-ir;
3086 4315 3173 4367 διὰ
3219 4314 3316 4366 τοῦ
3351 4310 3482 4366 κατά

252 4409 384 4460 θεὸν
418 4407 710 4478 ἁλλομένου
752 4409 941 4469 ὓδατος
992 4407 1365 4475 θεραπεύοιτο,
1400 4405 1460 4462 οῦ
1511 4415 1826 4487 στερόμενοι
1863 4423 2090 4493 διψῶσιν
2142 4419 2190 4471 οἱ
2275 4417 2373 4485 τὴν
2423 4411 2675 4482 ἁλμυρὰν
2714 4410 2807 4464 τοῦ
2858 4410 2975 4480 βίου
3054 4410 3344 4475 τέμνοντες
3390 4407 3482 4458 05.-

254 4500 316 4551 λα
326 4518 476 4554 σσαν.

328 4595 416 4648 16.
452 4593 719 4660 Quocirca
761 4595 805 4647 si
845 4611 1105 4664 pauperes
1156 4598 1437 4665 vestimus,
1469 4611 1522 4656 et
1570 4603 1726 4661 famis
1762 4624 1822 4662 ac
1853 4613 1898 4669 Ι)

258 4687 375 4740 sitis
394 4687 848 4755 pellendaaansam
876 4688 1199 4756 przebemus,
1223 4705 1558 4760 nequaquam
1589 4700 1746 4752 rebus
1765 4700 1833 4753 ad

259 4780 457 4833 \ictum
499 4780 821 4834 necessariis
861 4795 957 4834 nos
989 4781 1090 4848 ipsi
1143 4783 1439 4849 privauzus,
1495 4796 1550 4838 ut
1581 4790 1828 4844 sensibus

259 4885 321 4922 ac.
345 4871 590 4924 oratione
618 4868 748 4925 falsa
779 4873 919 4939 rapti
949 4882 1262 4936 autumant;
1298 4875 1402 4928 imo
1436 4877 1630 4930 bonum
1655 4881 1827 4934 omni-

261 4960 454 5014 farinm
485 4960 536 5013 in
571 4974 666 5015 nos
698 4963 823 5015 inde
877 4964 1163 5030 redundat,
1200 4965 1326 5033 quin
1384 4965 1517 5019 alios
1569 4967 1826 5034 priraudo

260 5065 358 5104 nos
387 5052 487 5119 ipsi
519 5052 894 5118 abundemus;
940 5069 1034 5123 per
1091 5065 1334 5107 mutuum
1386 5055 1530 5107 enim
1579 5059 1819 5110 canalem

261 5152 476 5211 utrique
513 5145 804 5198 eorundem
853 5147 1260 5200 cennnodorum
1307 5143 1588 5198 affluentia
1621 5148 1823 5216 gaude-

262 5248 399 5285 mus.
432 5235 524 5289 Sic
560 5238 721 5304 igitur
756 5253 852 5291 nos
879 5240 1094 5306 quidem
1131 5237 1310 5290 cibum
1351 5252 1412 5290 ac
1448 5249 1630 5305 potum
1669 5239 1830 5292 resti-

261 5335 573 5394 tnentaque,
610 5327 662 5380 id
712 5337 794 5382 (st
835 5346 918 5382 res
964 5331 1112 5398 parvi
1175 5328 1458 5383 faciendas
1534 5331 1637 5383 ill-s
1689 5346 1824 5398 prae-

263 5420 501 5479 temus;
543 5420 632 5487 qui
693 5435 752 5473 ea
813 5438 932 5490 quae
992 5422 1144 5476 nobis
1200 5421 1415 5484 debent,
1478 5435 1597 5474 cum
1649 5423 1828 5474 multi-

260 5505 391 5571 ιιιίοί
442 5509 593 5562 nobis
627 5526 788 5564 usura
818 5513 1068 5575 reddunt,
1102 5513 1206 5565 Deo
1241 5514 1606 5580 omnipotente
1634 5517 1820 5565 arrhas

262 5615 360 5665 pro
406 5600 505 5668 ipsi
555 5603 845 5668 praebente,
893 5605 981 5670 qui
1027 5603 1348 5656 beneficium
1427 5605 1477 5654 in
1533 5617 1820 5670 pauperem

262 5705 360 5756 per
392 5691 818 5744 miscricordlam
855 5695 1108 5746 collatum
1136 5695 1554 5763 :equipouderat.
1593 5693 1704 5746 Ilnc
1737 5711 1822 5745 ae-

263 5778 405 5835 eed'.t
441 5782 579 5848 quod
627 5784 820 5851 quibus
860 5785 1178 5839 beneficium
1220 5787 1402 5840 (latum
1449 5787 1564 5851 luit,
1619 5787 1817 5839 datoris

1999 4605 2092 4670 ις’.
2126 4603 2231 4656 Καὶ
2265 4600 2406 4653 οὕτω
2449 4601 2548 4669 μὲν
2577 4599 2684 4648 τῶν
2717 4596 2963 4664 πενήτων
3009 4591 3480 4662 ἀμφιεννυμένων,

1930 4700 2024 4751 καὶ
2064 4697 2129 4747 τὰ
2165 4697 2218 4755 ἐς
2269 4693 2475 4761 τροφὴν
2525 4689 2790 4756 ἑκατέραν
2832 4684 3228 4755 προσιεμένων,
3288 4676 3368 4743 οἷς
3414 4681 3486 4731 δί-

1930 4790 2094 4849 καίως
2131 4785 2459 4855 πονούμενοι
2492 4783 2902 4851 μεταδιδόαμεν,
2929 4779 3030 4830 οὐκ
3055 4774 3388 4844 ἐλαττοῦμεν
3419 4772 3484 4826 τὲ

1926 4884 1982 4943 ἐς
2017 4880 2181 4948 ζωὴν,
2234 4879 2304 4938 ὡς
2341 4879 2449 4937 τοῖς
2490 4874 2702 4935 πολλοῖς
2756 4873 3028 4938 φαίνεται,
3071 4866 3484 4936 ἀποσκοπουμὲ-

1927 4985 2037 5030 νοις
2070 4969 2203 5035 προς
2231 4987 2250 5017 ι
2270 4965 2484 5034 ἵσθησιν
2512 4964 2725 5031 ἄλογον.
2771 4962 2935 5014 Ἀλλὰ
2960 4961 3020 5012 τὺ
3049 4959 3369 5012 και·.ότατον
3388 4974 3400 4987 ·
3426 4954 3483 5008 τὺ

1927 5057 2139 5110 ἐκεῖθεν
2185 5056 2386 5124 ἀγαθῦν
2430 5056 2890 5126 μεταρρυῖσκεται
2935 5053 3015 5115 εἷς
3045 5053 3212 5122 ἡμᾶς,
3246 5051 3308 5103 οὺ
3353 5048 3482 5117 πρδς

1926 5149 2199 5220 ἀνάῤῥουν
2257 5150 2634 5216 ἀνακάμπτον,
2680 5147 2752 5208 ὼς
2797 5146 3295 5213 ἀντιπεριστάσεως
3347 5143 3482 5208 λόγῳ

1926 5241 2168 5300 ἐκείνους
2204 5240 2301 5307 μὲν
2332 5239 2612 5303 ἐκκενοῦν,
2649 5241 2790 5307 ἡμᾶς
2823 5234 2878 5289 δὲ
2913 5237 3213 5306 ὲμπιττὶᾷν,
3240 5233 3371 5286 ἀλλά
3394 5234 3483 5285 καὶ

1925 5333 2153 5391 ἐκείνοις
2183 5330 2249 5382 δι’
2278 5331 2436 5399 ἡμῶν
2469 5331 2561 5381 καὶ
2599 5333 2730 5398 ημῖν
2761 5325 2914 5390 αὖθις
2948 5328 3014 5380 δι’
3044 5331 3270 5380 ἐκείνων
3297 5329 3481 5392 ἐποχεο

1927 5422 2236 5488 τευόμενον,
2267 5421 2359 5473 καὶ
2389 5422 2742 5492 ἁντεπιρῤέον
2773 5425 2829 5473 τι
2851 5421 3144 5489 χρήσιμον.
3181 5421 3289 5471 Καὶ
3312 5417 3476 5477 οὕτως

1927 5512 2334 5573 ἀνταποδόσεως
2364 5511 2506 5579 λόγῳ
2538 5515 2697 5581 ἡμεῖς
2739 5513 2835 5581 μὲν
2871 5513 2966 5564 καὶ
3003 5512 3349 5580 ψωμίζομεν,
3388 5512 3476 5560 καὶ

1929 5604 2241 5672 ποτίζομεν,
2273 5605 2368 5655 καὶ
2399 5604 2773 5672 ἁμφιέννυμεν
2802 5605 3040 5664 ἐκείνους
3073 5603 3166 5654 καὶ
3199 5603 3356 5667 ὀλίγα
3388 5599 3474 5649 καὶ

1929 5696 2156 5766 βραχέος
2181 5696 2344 5762 λόγου
2373 5695 2494 5757 ἄξια
2525 5697 2613 5746 καὶ
2642 5697 2698 5746 ἐν
2727 5698 3013 5764 σωματικῇ
3051 5692 3350 5761 βραχύτητι
3384 5706 3472 5739 κα-

1929 5788 2249 5856 θορώμενοι·
2305 5787 2507 5838 emi/1'.
2543 5786 2596 5839 δὲ
2634 5788 2763 5855 ἡμῖν
2811 5785 3164 5840 ἀλλάττονται
3219 5783 3336 5852 μὲν,
3388 5777 3475 5830 xz".
