3884 6244
296 314 399 379 σπι

999 318 1416 380 EUSTATHlI
1453 313 2203 377 THESSALONICENSIS
2239 308 2799 371 METROPULITB

3418 301 3520 365 σοι

298 428 541 483 essentia
568 442 666 482 sua
699 429 770 484 ab
795 444 859 484 eo
888 430 1401 499 comprebemlatur.
1432 426 1496 479 Et
1544 427 1674 496 quid
1728 438 1858 479 sane

1963 419 2213 492 πράξεως
2243 421 2340 490 τῆς
2366 420 2495 489 περὶ
2527 419 2641 489 βίον
2666 418 2747 481 ei;
2770 416 3001 488 θεωρίαν
3034 416 3134 486 τὴν
3162 415 3332 478 ὄντως
3365 431 3522 485 μετα·

296 519 438 570 aliml
535 520 694 570 homo
786 519 1022 584 prudens
1073 527 1129 572 et
1191 518 1279 585 qui
1311 517 1378 569 ad
1441 516 1659 570 meliora
1741 527 1863 568 sese

298 611 530 678 accingit
565 608 747 673 faciet,
781 609 881 665 nisi
910 618 967 663 ut
1000 624 1029 664 a
1063 609 1183 664 vita:
1229 609 1458 662 tmnultu
1506 608 1764 662 liberatus
1810 615 1863 659 rt

299 716 487 769 parum
521 717 718 755 curans
748 700 942 762 futilia,
981 702 1118 754 bona
1146 716 1304 768 opera
1336 700 1579 765 perficiat
1613 711 1667 752 et
1699 701 1860 752 rebus

301 789 542 849 honestis
605 805 741 857 quas
796 791 1108 855 cognoverit
1165 790 1402 841 studeat?
1452 789 1588 842 Idem
1643 801 1860 857 quoque

299 894 403 931 non
454 890 753 932 Slaamrum
788 894 958 943 more,
983 879 1188 948 juncris
1219 882 1464 934 manibus
1493 878 1859 940 niamlucabit,

299 980 391 1024 aut
421 969 723 1037 ili-junctis,
760 971 1011 1024 inertiam
1039 986 1159 1039 quae
1187 971 1442 1024 animalia
1488 971 1642 1024 bruta
1682 968 1856 1031 detct,

295 1060 606 1114 simulando
662 1061 936 1115 hominem
986 1077 1042 1114 su:
1103 1062 1414 1123 memietur;
1481 1060 1589 1114 imo
1645 1059 1858 1112 ratione

293 1152 441 1203 salva
523 1150 725 1203 talibus
794 1151 1084 1204 clientibus
1172 1149 1352 1202 babita
1410 1149 1692 1218 (fratribus
1762 1164 1859 1201 au-

296 1253 400 1295 tem
454 1245 731 1295 conservis
784 1243 1107 1310 pauperibus
1142 1240 1382 1311 inquam)
1415 1239 1680 1295 sacriﬁcia
1720 1256 1856 1308 pra:-

291 1335 477 1389 stabit.
543 1335 622 1386 Illi
682 1335 827 1386 enim
888 1343 1080 1402 sponte
1131 1344 1354 1387 current
1405 1344 1459 1386 et
1524 1333 1724 1394 vivent,
1764 1347 1859 1398 op-

292 1428 419 1479 tima
441 1440 673 1495 qumque
708 1426 760 1480 in
794 1439 915 1479 eum
955 1424 1275 1491 conferent;
1331 1424 1444 1493 ipse
1471 1434 1649 1477 autem
1696 1423 1856 1475 rebus

289 1531 347 1570 se
394 1517 733 1582 dignioribus
765 1516 999 1568 studebit
1052 1525 1236 1583 utpote
1269 1516 1428 1567 homo
1464 1524 1716 1582 spei-talin
1749 1511 1856 1565 vir-

289 1607 424 1660 tutis
485 1615 540 1660 et
575 1606 667 1674 qui
704 1609 864 1658 rebus
908 1606 1178 1659 indecoris
1233 1619 1456 1672 operam
1517 1618 1718 1658 navare
1759 1603 1826 1656 de

290 1697 561 1763 dignatur.
627 1696 907 1750 Artiﬁcum
998 1696 1134 1747 idem
1220 1695 1442 1750 boum-is
1505 1694 1849 1763 cupidorum.

1968 514 2267 582 τιθέμενος,
2290 511 2358 565 δι’
2378 505 2445 581 ἧς
2483 510 2557 574 ώς
2591 511 2683 563 καὶ
2708 509 2767 562 τὸ
2796 508 2885 561 τοῦ
2929 508 3192 578 ὀνόματος
3222 508 3420 576 ἔτυμον
3436 506 3522 576 δη-

1967 605 2068 668 λοῖ,
2102 604 2232 666 Θεὸς
2263 603 2456 672 ὁρᾶται
2509 601 3078 669 καταλαμϐανόμενος.
3114 600 3178 651 Τί
3207 599 3314 669 γὰρ
3341 598 3406 652 ἂν
3435 598 3523 652 καὶ

1966 693 2164 759 ποιήσῃ
2190 688 2312 742 ἄλλο
2341 689 2624 758 ἄνθρωπος
2660 688 2905 757 ἔμφρων,
2936 687 3188 751 καθάπαξ
3210 687 3402 740 ἐαυτὸν
3428 703 3524 739 παι-

1968 780 2466 850 ρασκευασάμενος,
2495 780 2600 844 ἔξω
2625 780 2881 849 βιωτικῆς
2911 776 3049 832 εἶναι
3082 779 3309 849 τύρϐης,
3336 780 3434 831 καὶ
3456 776 3521 845 μὴ

1964 872 2244 925 πονεῖσθαι
2275 875 2401 942 περὶ
2431 873 2498 924 τά
2556 873 2785 942 βραχέος
2838 873 2962 939 ἀξια
3001 872 3185 939 λόγου,
3221 871 3254 941 ἢ
3313 872 3522 931 πάντως

1962 964 2249 1033 γενήσεται
2293 964 2454 1017 ἄλλου
2496 964 2658 1032 ἔργου
2697 963 3027 1032 κρείττονος,
3090 965 3184 1015 καὶ
3214 962 3523 1032 περινοήσε-

1961 1073 2052 1109 ται
2082 1056 2141 1109 τὸ
2194 1055 2410 1110 κάλλιον
2438 1055 2812 1121 ἐπιλέξασθαι;
2851 1055 2957 1107 Καὶ
3000 1055 3060 1108 οὐ
3110 1051 3426 1121 συναγαγὼν
3455 1051 3522 1104 τὼ

1962 1150 2113 1218 χεῖρε
2142 1147 2468 1214 καθεδεῖται,
2504 1149 2579 1211 ὡς
2602 1144 2711 1201 οἷον
2745 1147 2985 1217 ἄγαλμα,
3018 1147 3051 1218 ή
3083 1145 3521 1215 ἀνακλινάμενος,

1961 1241 2158 1311 ἀργίαν
2191 1241 2404 1309 ἀλόγοις
2453 1242 2770 1312 πρέπουσαν
2796 1241 3151 1312 ἀναλήψεται,
3188 1240 3282 1292 καὶ
3316 1237 3407 1289 τον
3437 1236 3522 1290 ἄν·

1961 1330 2180 1401 θρωπον
2230 1331 2382 1386 οὕτω
2445 1332 2739 1403 ψεύσεται·
2773 1332 2909 1387 ἀλλά
2941 1331 3083 1385 κατά
3130 1329 3293 1398 λόγου
3336 1324 3522 1397 είρμοῦ

1960 1424 2174 1478 ἐοικότα
2202 1426 2521 1496 ἐπιτρόποις
2550 1425 2996 1496 τοιούτοις(τοῖ)ς
3023 1424 3286 1493 ἀδελφοὺς
3316 1422 3373 1475 δὲ
3403 1423 3524 1473 κάν-

1958 1515 2132 1570 ταῦθα
2187 1518 2282 1570 καὶ
2313 1516 2633 1579 συνδούλους
2665 1516 2904 1587 πένητας
2934 1516 3115 1586 λέγω)
3145 1518 3212 1568 τά
3251 1514 3374 1566 καθ’
3412 1513 3526 1565 ἐαυ-

1957 1606 2048 1660 τδν
2088 1606 2327 1673 ἀναθεὶς,
2366 1608 2418 1661 οἳ
2452 1609 2543 1661 καὶ
2567 1609 2722 1662 αὐτοὶ
2759 1608 3042 1678 ἐρψονται,
3074 1606 3169 1661 καὶ
3199 1605 3523 1667 ἐνδύσονται,

1959 1700 2053 1752 καὶ
2080 1697 2223 1752 οὕτω
2253 1700 2499 1770 ζήσουσι,
2527 1702 2623 1753 καὶ
2663 1700 2813 1771 αύτῷ
2842 1698 2898 1752 δέ
2924 1700 2991 1753 τὰ
3020 1698 3254 1768 κρείττω
3279 1697 3526 1766 πορίσονο

289 1787 401 1841 imo
459 1787 829 1857 operariorum
863 1787 1163 1855 vulgarium
1222 1787 1526 1855 exemplum
1581 1794 1858 1853 sequetur,

1966 1806 2070 1854 ται,
2115 1790 2276 1853 αὐτὸς
2320 1790 2450 1844 ἄλλο
2484 1809 2537 1843 τι
2596 1793 3024 1861 μεταχειριεῖται
3094 1788 3525 1859 προσφυέστερον

287 1879 378 1947 qui
433 1893 496 1933 ex
545 1879 796 1933 artiﬁciis
844 1878 1112 1934 fm‘tunam
1168 1888 1222 1932 et
1275 1891 1464 1932 nomen
1502 1876 1704 1945 adepti,
1739 1890 1854 1929 ma-

289 1985 456 2024 nuum
507 1982 672 2038 opera
722 1984 781 2022 se
830 1969 1111 2032 ditarunt,
1139 1980 1329 2036 postea
1388 1983 1517 2021 vero
1568 1967 1707 2020 altos
1745 1966 1856 2035 spi-

288 2062 429 2116 l'll‘ls
462 2068 809 2128 sumpserunt
838 2069 893 2117 et
947 2069 1064 2114 arte
1115 2059 1198 2113 cui
1248 2057 1467 2113 divitias
1501 2072 1626 2111 snas
1659 2055 1856 2110 debent

289 2160 345 2214 in
408 2169 719 2229 contemptu
770 2159 1000 2220 habita,
1077 2174 1253 2212 rerum
1298 2157 1683 2224 arquisitarum
1743 2156 1859 2222 jac-

291 2261 411 2304 tura
463 2253 605 2305 facta
662 2250 1015 2304 nihilominus
1061 2250 1226 2304 solem
1279 2249 1449 2317 ipsum
1480 2257 1855 2318 :tSpCl‘llatllltl‘,

292 2350 455 2409 atque
528 2342 889 2394 instrumenta
939 2342 1094 2408 prius
1145 2342 1405 2393 Salutaiia
1480 2344 1530 2392 iu
1607 2338 1754 2391 fuluo
1807 2349 1859 2391 et

290 2432 469 2495 clavo,
520 2434 700 2500 potius
749 2447 877 2486 vero
931 2434 979 2485 in
1021 2433 1249 2502 caligine
1305 2431 1659 2498 suspendunt.
1720 2428 1854 2483 bum

295 2533 473 2577 autem
526 2524 714 2576 limum
762 2538 917 2578 suum
973 2538 1076 2576 ttOu
1124 2524 1380 2591 simplici,
1426 2521 1519 2576 sed
1571 2537 1739 2575 aureo
1771 2536 1857 2572 co-

293 2616 408 2668 lore
473 2614 683 2684 tingunt
736 2624 790 2667 et
851 2614 1008 2683 διιρίιί
1064 2613 1520 2681 pulchritudinem
1581 2614 1855 2669 cceli-slem

296 2705 510 2766 indunt,
544 2721 661 2772 quae
703 2717 885 2760 autem
925 2720 1086 2775 supra
1117 2721 1235 2757 eam
1282 2704 1550 2758 exsistunt
1578 2706 1682 2760 alio
1730 2721 1863 2775 quo-

295 2797 416 2846 dam
453 2794 613 2849 modo
654 2799 944 2859 e‘xornanl,
972 2795 1256 2861 antiquum
1300 2794 1566 2848 artificem
1621 2794 1870 2864 abiurant

295 2892 353 2939 et
387 2883 590 2952 regium
628 2900 832 2939 morem
892 2887 1311 2954 amplectuntur.
1353 2885 1481 2939 Dum
1523 2887 1663 2939 enim
1703 2887 1866 2940 vitam

297 2973 573 3039 puriorem
610 2977 759 3043 sequi
815 2976 1129 3036 inStitnunt,
1178 2989 1332 3043 reges
1381 2989 1505 3030 esse
1555 2985 1861 3044 cmpernnt.

1958 1877 2155 1947 ἐαυτῷ,
2186 1878 2261 1943 ὡς
2294 1880 2393 1951 ἤδη
2422 1879 2618 1951 ἐνδόξῳ
2646 1883 2740 1935 καὶ
2768 1881 2988 1952 μεγάλῳ
3031 1878 3303 1949 ἀνθρώπῳ
3326 1880 3421 1933 καὶ
3457 1878 3526 1948 μὴ

1956 1970 2219 2037 πρέποντι
2274 1976 2553 2035 ταπεινοῖς
2585 1971 2930 2041 ἐντρίϐεσθαι
2966 1971 3277 2042 πράγμασι.
3313 1971 3420 2023 Καὶ
3448 1987 3527 2039 μι-

1959 2065 2191 2133 μήσεται
2250 2062 2570 2133 φιλοτίμους
2628 2063 2900 2134 τεχνίτας,
2953 2059 3027 2117 ὦν
3072 2064 3169 2116 καὶ
3231 2060 3527 2130 βαναύσους

1962 2155 2109 2211 ἔστιν
2137 2152 2230 2220 οὒς
2264 2156 2361 2210 ῐδοι
2417 2173 2497 2216 τις
2541 2155 2626 2220 ἂν,
2662 2156 2709 2208 οἳ
2750 2158 2814 2208 ἐκ
2864 2156 2972 2207 τῶν
2999 2154 3140 2208 κατά
3187 2154 3383 2222 τέχνην
3442 2151 3526 2219 ἐρ-

1963 2263 2075 2314 γων
2113 2248 2270 2301 ἱκανά
2301 2263 2677 2316 πορισαμενοι,
2705 2247 2801 2299 καὶ
2841 2246 2915 2309 ώς
2946 2240 3058 2299 οἷον
3108 2243 3524 2314 ἐλλαμφθέντες,

1962 2333 2041 2402 οἷς
2077 2338 2551 2409 χρηματισάμενοι
2579 2337 2825 2391 πλοῦτον
2865 2338 3032 2391 πολὺν
3070 2336 3405 2407 περιέθεντο,
3438 2334 3526 2387 τοῦ

1967 2429 2154 2482 λοιποῦ
2189 2430 2524 2501 ὑπέρφρονες
2558 2431 2906 2484 ἀναϐαίνουσι
2938 2430 3154 2500 καὶτῆς
3185 2428 3527 2498 θρεψαμένης

1964 2520 2314 2576 πλουτοποιοῦ
2348 2523 2541 2593 τέχνης
2577 2522 2651 2584 ὥς
2700 2538 2843 2585 τινος
2876 2521 3095 2593 ἀχρείου
3143 2518 3527 2590 καταχρεμψά-

1969 2626 2138 2680 μενοι,
2170 2612 2288 2678 καὶ,
2319 2612 2727 2681 ἐξαθερίσαντες
2758 2612 2846 2666 τὸν
2875 2612 3082 2665 ἐκεῖθεν
3115 2611 3208 2665 καὶ
3232 2611 3404 2663 εἰσέτι
3435 2625 3525 2662 πο-

1967 2704 2179 2774 ρισμὸν,
2252 2706 2365 2772 καὶ,
2419 2705 2447 2758 ὃ
2476 2705 2541 2776 δὴ
2572 2705 2809 2774 λέγεται,
2834 2705 2923 2760 τὸν
2992 2705 3142 2774 ἥλιον
3203 2703 3528 2775 περιφρονή-

1969 2811 2181 2859 σαντες,
2217 2796 2356 2868 ὑπὲρ
2406 2797 2612 2853 καπνοῦ
2664 2799 2761 2869 μὲν
2803 2799 2837 2870 ἢ
2894 2799 3193 2863 πασσάλου,
3253 2798 3323 2852 τὰ
3364 2796 3529 2849 πλείω

1965 2886 2023 2940 δὲ
2095 2890 2190 2941 καὶ
2276 2887 2382 2941 ὑπὸ
2453 2889 2628 2959 σκότῳ
2707 2889 2775 2942 τὰ
2838 2890 3030 2961 πρώην
3076 2888 3207 2958 φίλα
3289 2886 3528 2942 τιθέασιν

1966 2978 2213 3050 ὄργανα·
2264 2982 2619 3046 ἐσκευακότες
2671 2982 2728 3037 δὲ
2769 2983 2861 3037 τὸν
2928 2985 3048 3037 κατ’
3099 2982 3299 3045 αὐτοὺς
3360 2978 3528 3049 πηλὸν

296 3067 375 3126 είς
437 3066 736 3137 ἐπίχρωσιν
791 3069 887 3139 οὑχ
949 3066 1135 3128 ἁπλῶς
1196 3066 1536 3136 λάμπουσαν,
1573 3067 1704 3120 ἀλλά
1753 3070 1847 3121 καὶ
1886 3069 2201 3141 ἐπίχρυσον,
2276 3074 2372 3125 καὶ
2432 3073 2532 3144 τήν
2583 3075 2683 3144 μὲν
2759 3074 2998 3144 κεφαλὴν
3049 3075 3125 3139 ὡς
3164 3075 3243 3137 είς
3298 3069 3528 3145 οὐρανοῦ

296 3159 492 3221 κάλλος
548 3158 945 3221 εὐθετίσαντες,
1008 3157 1075 3210 τὰ
1130 3157 1185 3210 δὲ
1251 3156 1339 3210 ὑπ’
1389 3157 1558 3226 αὐτὴν
1613 3157 1797 3226 ἕτερον
1861 3158 2057 3228 τρόπον
2100 3161 2535 3232 ἐξωραῖςαντες,
2591 3162 2683 3216 τὸν
2733 3162 2833 3233 μὲν
2898 3161 3069 3217 πάλαι
3126 3162 3379 3233 τεχνίτην
3447 3160 3529 3226 ἐξ·-

293 3259 578 3327 όμνννται,
613 3258 697 3320 είς
727 3257 784 3310 δὲ
811 3257 880 3311 τὰ
906 3255 1145 3327 βασίλεια
1181 3255 1593 3324 παραδύσαντες
1632 3254 1889 3319 ἑαυτούς’
1930 3257 1985 3309 οἵ
2051 3274 2113 3325 γε
2174 3259 2590 3330 καθαρειότερον
2655 3258 2899 3329 ἑλόμενοι
2974 3256 3093 3329 ζῇν,
3125 3258 3174 3311 oi
3218 3256 3406 3310 πολλοὶ
3439 3255 3529 3310 καὶ

296 3349 564 3419 βασιλικοὶ
589 3347 943 3402 ἀποϐαίνουσι
959 3386 972 3401 .

363 3444 451 3498 20.
510 3443 651 3498 Cum
703 3443 867 3513 igitur
911 3445 1001 3511 qui
1055 3444 1311 3514 religiose
1364 3444 1572 3513 jejunat
1623 3443 1854 3498 aliorum

2032 3440 2101 3494 κ’.
2151 3442 2258 3494 Καὶ
2304 3439 2446 3494 οὕτω
2479 3439 2614 3513 πρὸς
2648 3441 2878 3512 μίμησιν
2907 3443 2936 3494 ό
2966 3439 3186 3511 ὑψίνους
3232 3439 3531 3510 νηστευτὴς

295 3536 598 3605 exemplum
637 3535 882 3603 sequitur
931 3549 985 3588 et
1036 3536 1238 3589 nullam
1308 3551 1484 3590 rerum
1560 3537 1856 3602 vulgarium

296 3641 481 3680 curam
534 3641 745 3695 gerere,
785 3640 943 3679 unam
972 3641 1098 3680 vero
1128 3643 1358 3696 eamque
1389 3629 1714 3697 praecipuam
1748 3644 1860 3681 am-

298 3717 484 3786 plecti,
509 3732 671 3785 qnam
696 3732 936 3771 summus
987 3718 1127 3772 Deus
1167 3727 1333 3785 amat,
1373 3722 1514 3788 apud
1552 3735 1612 3775 se
1646 3722 1856 3783 statuit,

302 3809 446 3861 idem
496 3820 834 3874 qmeeunque
894 3807 961 3860 ad
1023 3809 1144 3861 vitae
1207 3811 1548 3864 severitatem
1614 3819 1861 3880 Spectant

300 3897 593 3964 abiurabit,
642 3898 707 3951 iis
771 3898 904 3953 solis
949 3902 1195 3965 studens,
1244 3916 1471 3968 quorum
1528 3902 1859 3971 operationis

300 3987 569 4045 tueneﬁcio
619 3990 815 4045 bonam
866 4004 1027 4059 quam
1079 3990 1240 4061 elegit
1293 4001 1499 4061 partem
1547 4009 1652 4047 non
1702 3993 1860 4048 amit-

300 4091 394 4135 tet.
424 4079 567 4135 Fieri
596 4081 742 4135 enim
775 4096 880 4135 non
921 4091 1097 4150 potest
1127 4094 1185 4136 ut
1231 4083 1414 4150 homo,
1461 4100 1558 4139 nec
1596 4085 1683 4140 ubi
1715 4101 1861 4140 sum-

300 4188 444 4226 mum
504 4173 720 4227 virtutis
782 4172 1061 4244 fastigium
1105 4176 1368 4245 attigerit,
1421 4176 1508 4230 bis
1556 4179 1853 4245 praesertim

296 4266 651 4335 teiiiporibus,
723 4265 849 4320 vita;
907 4267 1187 4321 turbarum
1253 4268 1444 4324 saltem
1515 4269 1860 4340 aliquatenus

300 4359 570 4428 particeps
611 4372 733 4412 esse
785 4357 1013 4411 desinat.
1068 4358 1297 4415 Prorsus
1344 4361 1534 4425 enim,
1584 4371 1642 4416 ut
1701 4361 1862 4417 facile

301 4447 450 4501 cerni
500 4455 708 4516 potest,
756 4445 924 4516 glebae
979 4447 1339 4514 adbaaremus,
1411 4466 1517 4506 rion
1585 4451 1859 4520 rcptilium

302 4541 674 4593 tantummodo
720 4540 789 4593 ad
834 4539 1005 4594 instar
1050 4551 1326 4607 repentes,
1360 4557 1532 4611 neque
1582 4546 1864 4599 subterra-

302 4628 385 4684 nei
421 4638 476 4682 et
518 4630 645 4685 caeci
672 4632 748 4684 uti
784 4630 946 4700 talpae
976 4632 1221 4687 tellurem
1249 4634 1540 4701 fodientes;
1573 4639 1667 4691 sed
1697 4639 1860 4692 etiam

300 4733 467 4788 super
510 4728 651 4775 terra
678 4721 858 4776 vivere
885 4733 939 4778 et
982 4726 1145 4782 rectis
1193 4728 1424 4794 pedibus
1455 4728 1724 4785 incedere
1774 4743 1863 4783 re-

1961 3534 2150 3588 ἐαυτὸν
2179 3531 2473 3597 ἀποξέσας,
2502 3534 2597 3588 καὶ
2658 3532 2911 3600 καθάπαξ
2967 3532 3219 3602 κυρώσας
3248 3533 3378 3601 παρ’
3409 3533 3531 3584 sau-

1960 3626 2059 3693 τῷ,
2093 3626 2165 3695 μὴ
2188 3625 2478 3696 τυρϐάζειν
2506 3624 2634 3697 περὶ
2665 3624 2867 3689 πολλὰς
2899 3625 2992 3679 καὶ
3021 3625 3250 3694 χυδαίας
3280 3620 3529 3694 πράξεις,

1960 3718 2096 3771 ἀλλά
2132 3718 2267 3787 μιᾶς
2302 3715 2440 3771 εἶναι
2465 3717 2562 3785 τῆς
2621 3716 2943 3787 κορυφαίας,
2971 3718 3064 3771 καὶ
3093 3716 3160 3786 ἣν
3202 3716 3231 3768 ὁ
3258 3714 3532 3783 παμϐασι-

1961 3807 2085 3870 λείις
2140 3807 2287 3875 φιλεῖ
2342 3806 2495 3871 Θεὸς,
2527 3806 2675 3859 ἆπαν
2717 3805 2815 3875 μὲν
2865 3804 2993 3859 ἄλλο
3020 3801 3217 3872 σεμνὸν
3270 3801 3530 3872 βιώσιμον

1962 3898 2299 3965 ἀπομόσεται
2334 3897 2474 3949 κατὰ
2498 3913 2561 3960 γε
2590 3896 2646 3948 τὸ
2687 3896 2981 3966 ἐγχωροῦν,
3018 3893 3310 3963 ἐπιλέγδην
3339 3890 3532 3962 κρίνας

1960 3986 2180 4040 ἐκείνων
2211 3985 2348 4040 εἶναι
2384 3987 2476 4040 καὶ
2509 3989 2688 4056 μόνον,
2720 3981 2794 4040 ὧν
2832 3984 3235 4055 ἐνεργουμένων
3261 3985 3383 4037 οὐδὲ
3431 3982 3531 4051 τῆς

1961 4078 2169 4147 ἀγαθῆς
2202 4078 2415 4148 μερίδος
2459 4078 2749 4148 ἀφαίρεσιν
2800 4080 3044 4130 πείσεται
3069 4092 3083 4105 ο
3113 4076 3194 4129 ὅτι
3220 4075 3356 4145 μηδέ
3385 4075 3531 4127 ἐστιν

1962 4167 2254 4238 ἀνθρώπῳ,
2281 4167 2393 4220 οὐδ’
2424 4169 2579 4238 εἴπερ
2611 4170 2688 4231 είς
2718 4166 2885 4239 ἄκρον
2943 4167 3143 4236 ἀρετῆς
3175 4166 3527 4236 ὕπερελάσει,

1963 4260 2055 4313 καὶ
2091 4258 2325 4328 μάλιστα
2377 4259 2434 4313 ἐν
2458 4259 2571 4320 τοῖς
2591 4259 2738 4326 ἄρτι,
2770 4257 2843 4328 μὴ
2868 4257 2963 4310 καὶ
2997 4256 3114 4326 βίου
3160 4252 3525 4326 τυρϐαστικοῢ

1964 4349 2210 4423 μετέχειν
2254 4347 2640 4419 ἐφοποσονοῢν.
2672 4349 2817 4402 Πάνυ
2839 4348 2968 4416 γὰρ,
3000 4347 3076 4409 ὡς
3139 4344 3433 4416 βλέπομεν,
3461 4346 3525 4414 τῇ

1960 4444 2028 4508 γῇ
2063 4440 2542 4511 προστετήκαμεν,
2595 4439 2694 4510 οὐχ
2740 4438 3001 4510 ἓρποντες
3055 4439 3217 4509 μόνον
3275 4439 3364 4491 διὰ
3419 4436 3528 4490 τῶν

1962 4533 2148 4604 αὐτῆς,
2182 4531 2318 4586 ἀλλὰ
2363 4533 2432 4584 τά
2462 4530 2633 4583 πολλά
2677 4531 2771 4583 καὶ
2807 4529 3168 4598 ὶλυσπώμενοι
3190 4544 3206 4559 ο
3238 4531 3446 4598 μήποτε
3469 4527 3528 4580 δὲ

1961 4622 2055 4676 καὶ
2087 4622 2358 4688 ὑπόγαιοι,
2391 4619 2698 4680 ἀκολούθως
2726 4620 2779 4671 δὲ
2806 4623 2900 4673 καὶ
2950 4616 3166 4686 τυφλοὶ,
3202 4621 3345 4672 κατά
3400 4619 3525 4679 τοὺς

1966 4712 2314 4775 ἀσπάλακας,
2344 4710 2409 4763 τὰ
2438 4710 2575 4764 κατὰ
2599 4713 2698 4779 γῆς
2724 4709 3003 4778 ὀχλοῦντες
3054 4708 3149 4762 καὶ
3194 4709 3528 4778 ὑπορύσσον-

297 4818 580 4875 cusantes,
632 4825 700 4866 ne
750 4811 854 4882 ipsi
897 4814 1114 4883 quidem
1188 4816 1296 4870 arti
1351 4819 1648 4872 valedicere
1710 4827 1857 4872 sata-

1969 4819 2080 4866 τες,
2108 4803 2201 4857 καὶ
2252 4802 2326 4872 μὴ
2358 4803 2440 4855 ὅτι
2472 4818 2534 4870 γε
2571 4801 2851 4871 ὑπέργειοι
2906 4799 2982 4872 μὴ
3010 4800 3332 4864 σπεύδοντες
3365 4799 3523 4864 εἶναι,

299 4900 495 4968 ximus,
530 4900 686 4969 cujus
730 4916 833 4972 ope
861 4919 948 4959 res
982 4905 1217 4961 nefarias
1269 4922 1565 4976 operantur
1589 4917 1642 4964 et
1700 4908 1862 4965 rebus

302 4993 592 5049 mundanis
635 4993 888 5052 caelestes
922 4996 1329 5067 posthabemus.

373 5259 465 5313 2i.
489 5260 754 5327 Quocirca
777 5260 893 5330 qui,
925 5271 982 5315 ut
1011 5274 1172 5329 supra
1201 5259 1404 5315 dictum
1439 5269 1543 5327 est,
1577 5261 1863 5318 imitatoris

305 5358 486 5416 partes
524 5352 891 5421 amplectitur,
923 5360 977 5407 et
1020 5350 1153 5405 facit
1179 5359 1236 5405 ut
1268 5351 1303 5404 ii
1350 5351 1442 5419 qui
1496 5354 1694 5408 artium
1746 5355 1862 5411 loco

303 5437 482 5503 regios
520 5454 701 5494 mores
748 5449 1029 5495 sectantur
1058 5449 1114 5495 et
1157 5455 1253 5508 pro
1288 5440 1501 5510 regibus
1549 5441 1730 5496 haberi
1772 5457 1863 5511 ge-

305 5526 493 5590 s'innt,
522 5532 646 5597 quia
673 5532 1045 5586 auctoritatem
1060 5532 1258 5602 regiam
1284 5531 1508 5587 artiﬁcis
1523 5533 1709 5588 humili
1733 5550 1861 5589 con—

308 5616 496 5669 ditioni
533 5620 848 5687 pra-ferunt,
882 5629 958 5685 ut,
986 5623 1127 5690 quod
1169 5624 1361 5676 mirum
1396 5638 1499 5677 non
1546 5634 1652 5689 est.
1678 5626 1729 5680 in
1767 5625 1858 5681 Dei

306 5707 577 5771 manibus,
613 5710 738 5763 dum
780 5712 928 5778 vivit,
965 5713 1088 5779 erit,
1139 5729 1244 5781 quo
1286 5717 1337 5770 iu
1388 5725 1526 5772 statu
1566 5727 1618 5773 et
1652 5716 1861 5774 deside-

1973 4891 2220 4947 ἀλλὰκαὶ
2243 4893 2303 4945 τὸ
2325 4894 2405 4957 εἰς
2455 4890 2614 4963 ὀρθὸν
2675 4890 2911 4962 βαδίζειν
2956 4891 3400 4960 ἁπαναινόμενοι,
3434 4890 3526 4943 καὶ

1970 4984 2067 5053 τῆς
2119 4983 2383 5054 συνήθους
2443 4983 2639 5053 τέχνης
2699 4983 2798 5036 οὐκ
2849 4981 3124 5045 ἐθέλοντες
3177 4981 3522 5050 ἀφίστασθαι,

1973 5076 2093 5130 καθ’
2120 5077 2186 5145 ἣν
2210 5074 2527 5145 τεχνώμεθα
2564 5076 2633 5129 τὰ
2660 5073 2736 5144 μὴ
2773 5076 3066 5146 πρέποντα,
3095 5073 3396 5145 τιμώμενοι
3423 5073 3524 5145 πρὸ

1970 5169 2078 5222 τῶν
2108 5167 2398 5222 ἀνωτάτων
2430 5167 2497 5221 τὰ
2532 5167 2717 5235 γήϊνα.

2075 5260 2181 5312 κα’.
2217 5259 2364 5321 Τέως
2394 5258 2438 5310 δ’
2470 5257 2560 5311 οὒν
2584 5260 2632 5323 ὁ,
2660 5258 2735 5321 ώς
2764 5255 3195 5328 προεκτέθειται,
3236 5259 3516 5328 μιμεῖσθαι

1971 5351 2302 5421 προθέμενος
2354 5352 2479 5414 τοὺς
2504 5352 2612 5404 ἀπὸ
2635 5353 2836 5424 τεχνῶν
2854 5356 2932 5416 είς
2952 5353 3023 5406 τὰ
3055 5350 3305 5422 βασίλεια
3351 5372 3439 5423 πει⁴
3463 5372 3515 5407 α-

1968 5445 2292 5509 κύπτοντας,
2322 5443 2416 5496 καὶ
2464 5441 2878 5512 προελομένους,
2910 5443 3134 5511 βασιλέα
3182 5444 3373 5513 κύριον
3400 5446 3513 5498 ἐπι-

1968 5536 2295 5606 γράφεσθαι,
2333 5536 2425 5589 καὶ
2459 5535 2521 5588 τὸ
2569 5535 2805 5590 τοιοῦτον
2836 5534 2966 5604 ὕψος
3007 5535 3372 5607 προθεμένους
3413 5537 3509 5602 τῆς

1964 5631 2214 5701 τεχνικῆς
2252 5628 2635 5696 ὑποπτώσεως,
2675 5628 2823 5696 ἔσται
2852 5627 2946 5682 καὶ
2982 5629 3166 5693 αὐτὸς,
3196 5630 3246 5681 εἰ
3276 5630 3367 5682 καὶ
3418 5634 3505 5681 τοῦ

1970 5721 2083 5789 βίου
2133 5721 2269 5790 ιπῶς
2307 5721 2410 5791 γὰρ
2452 5720 2572 5791 οὒ;)
2626 5723 2653 5775 ὁ
2692 5720 2770 5774 ἔτι
2825 5720 2881 5773 ἐν
2913 5720 3011 5790 βίῃ
3067 5720 3200 5777 ἀλλὰ
3230 5722 3285 5776 τὸ
3333 5721 3501 5774 πλεῖον
