3884 6244
293 270 387 332 6313

1222 269 1301 330 IN
1341 270 1401 337 S.
1436 273 2095 347 QUADRAGEST‘MAM
2134 273 2417 341 ORATIO
2456 273 2550 333 IV.

3393 274 3503 339 θοι

290 397 372 430 του
397 375 773 446 παμϐασιλέως
801 378 934 433 Θεοῦ
960 397 972 412 ·
1010 380 1102 434 καὶ
1130 382 1372 452 ποθήσας
1401 385 1629 449 ἐκεῖνον,
1652 385 1714 437 τὸ
1740 385 1837 453 μὲν

1955 385 2022 435 “iu
2063 385 2274 439 virtutis
2299 386 2540 458 sublime
2574 387 2888 438 exercitium
2928 396 2979 439 et
3013 382 3174 440 altum
3208 386 3499 457 ‘lasiigium

293 466 409 518 κατ’
457 465 658 536 ἀρετὴν
720 468 1031 538 μετάρσιον,
1074 471 1168 524 καὶ
1214 471 1273 525 τὸ
1324 470 1495 534 οὕτως
1555 473 1837 540 ἐγγυτάτω

293 554 415 625 πρός
453 554 645 624 ἐκείνῳ
674 557 760 610 διά
785 557 1016 628 θεωρίας
1059 557 1196 613 εἶναι
1224 563 1329 622 ἀεὶ,
1353 564 1548 630 ἀφήσει
1574 565 1681 624 τοῖς
1704 562 1835 631 ἁλη-

293 645 391 706 θώς
416 644 752 715 Ναζιραίοις,
784 647 843 700 ὃν
873 649 1129 714 ἐτάξαντο
1163 653 1256 703 ἐπὶ
1277 652 1527 720 ἀγγέλων
1582 656 1642 706 τὸ
1694 653 1838 706 οὕτω

292 735 528 789 πέτεσθαι
561 738 761 807 ὑψηλὰ,
786 739 876 807 ὑφ’
896 734 969 794 ὧν
991 743 1234 810 ἀγγέλων
1281 745 1374 795 καὶ
1426 745 1621 797 ἐκεῖνοι
1657 745 1835 815 αἴρον-

289 848 369 882 ται
402 831 533 900 ὑψοῦ
562 834 640 891 εἰς
667 832 821 885 θεόν.
870 834 976 887 Καὶ
995 835 1044 886 oi
1079 835 1252 888 λοιποὶ
1278 838 1331 890 δὲ
1356 837 1452 906 τῆς
1481 839 1582 906 γῆς
1616 838 1712 907 μὲν
1750 841 1839 891 ἄν-

287 924 497 993 θρωποι,
518 921 653 974 Θεοῦ
679 924 734 976 δὲ
759 925 833 992 μὴ
881 927 1351 994 ὲκλανθανόμενοι,
1386 929 1589 995 ὁμοίως
1634 948 1832 998 μεταρ-

287 1014 535 1076 σιοῦνται,
575 1015 655 1078 είς
680 1015 801 1067 ὅσον
833 1016 1043 1079 ἔξεστιν
1069 1033 1081 1046 ·
1114 1019 1274 1073 αὐτὸς
1299 1020 1353 1073 δὲ
1408 1020 1582 1082 ἄλλως
1618 1021 1838 1088 ὲνευθη-

285 1109 427 1175 νήσει
459 1107 535 1174 τῷ
566 1107 791 1175 τοιούτῳ
836 1109 1009 1179 καλῷ,
1045 1110 1153 1180 γῆν
1184 1111 1283 1180 μὲν
1336 1112 1566 1181 τρίϐων,
1614 1113 1710 1165 καὶ
1741 1113 1839 1181 γῆς

285 1199 411 1266 ἔργα
449 1198 641 1261 ποιῶν,
687 1200 783 1251 οὐκ
821 1200 1111 1270 ἐφάρματα
1160 1202 1366 1271 μέντοι,
1399 1204 1493 1255 καὶ
1534 1197 1623 1256 οἷα
1679 1221 1841 1272 μετα-

282 1291 440 1341 ποιεῖν
464 1290 626 1342 αὑτὸν
648 1322 701 1331 —
724 1291 891 1345 δεινὸν
917 1294 1035 1362 μὲν,
1054 1295 1101 1345 εί
1124 1295 1216 1347 καὶ
1241 1295 1318 1355 εἰς
1366 1294 1688 1362 αὐτόχρημα
1716 1297 1838 1361 γῆν,

286 1382 483 1449 μήποτε
535 1380 590 1431 δὲ
624 1384 717 1435 καὶ
744 1384 821 1445 εἰς
866 1385 1163 1451 ὁμοιότητα
1198 1383 1472 1452 δαίμονος.
1526 1384 1742 1437 Ἀνύσει
1784 1385 1840 1438 δὲ

282 1474 338 1522 τὸ
363 1475 432 1543 μὴ
461 1476 798 1544 ἐφάρματον,
825 1474 1103 1544 καθαίρων
1151 1476 1250 1544 τὴν
1285 1478 1339 1527 ὲν
1363 1475 1513 1543 αὐτῷ
1544 1477 1646 1544 γῆν
1702 1478 1842 1531 ἀπά-

282 1582 375 1627 σης
422 1567 779 1634 φαυλότητος,
851 1566 944 1618 καὶ
998 1566 1257 1635 τοιαύτην
1298 1568 1695 1631 ἀποκαθιστῶν,
1725 1569 1841 1621 οἵαν

280 1654 428 1719 ἀξίαν
456 1652 599 1709 εἶναι
629 1656 746 1724 Θεῴ
790 1658 1144 1726 κηπεύεσθαι.
1174 1659 1235 1711 τὸ
1263 1658 1316 1711 δὲ
1343 1659 1599 1728 μέγιστον
1645 1663 1836 1721 εἰπεῖν,

278 1747 554 1815 ἀξιοῦσθαι
581 1749 660 1810 είς
686 1750 872 1817 χεῖρας
925 1748 1057 1800 Θεοῦ
1107 1749 1340 1814 κεῖσθαι,
1381 1751 1472 1803 καὶ
1508 1753 1588 1814 είς
1632 1753 1840 1821 ἄνθρω-

284 1856 376 1889 πον
404 1837 774 1891 πλάττεσθαι·
813 1838 986 1890 εἰπεῖν
1027 1839 1082 1891 δὲ
1108 1839 1283 1903 άλλως
1330 1841 1408 1902 είς
1481 1840 1540 1893 τὸ
1585 1842 1844 1908 σαφέστεο

281 1928 574 1999 ρον,εἴπερ
600 1929 790 1980 ἑαυτὸν
846 1928 1075 1992 ἕκαστος
1105 1929 1550 1999 ἀποκαθαίρομεν
1590 1931 1696 1983 τῶν
1747 1934 1845 1984 ὅσα

279 2022 372 2071 οὐκ
398 2019 544 2072 ἔστιν
592 2020 792 2083 εἰπεῖν,
828 2020 909 2072 ὅτι
975 2020 1320 2075 συντελοῦσιν
1385 2022 1464 2084 είς
1508 2020 1689 2089 φύσιν,
1723 2023 1845 2075 οὔτε

284 2110 388 2177 μὴν
416 2128 478 2163 συ
514 2112 706 2164 ιστῶσι
745 2111 844 2181 τὴν
878 2111 1078 2165 πλάσιν
1107 2114 1197 2165 καὶ
1224 2113 1323 2182 τὴν
1355 2113 1701 2184 ἀνθρωπίνην
1724 2115 1843 2169 σύν-

286 2200 510 2271 θεσιν,ἢ
559 2201 971 2271 ἀπαρτίζουσιν,
1007 2204 1040 2273 ἢ
1074 2201 1489 2271 περισὼζουσιν.

383 2290 487 2358 κβ¹.
525 2286 658 2345 υῖόν
693 2310 744 2345 τι
778 2292 941 2362 λέγω
971 2293 1189 2348 Δέδοταί
1221 2311 1323 2355 σοι,
1367 2288 1411 2347 ὦ
1434 2292 1606 2360 οὗτος,
1648 2295 1845 2366 ὀφθαλ-

281 2379 391 2449 μῶν
420 2380 675 2448 συζυγία.
700 2382 870 2435 Βλέπε
899 2379 993 2435 οὖν
1044 2383 1336 2445 ἀκωλύτως
1365 2400 1377 2413 °
1403 2382 1537 2436 ἀλλὰ
1566 2383 1639 2453 μὴ
1672 2386 1849 2454 παρά-

282 2469 466 2534 ὕλεπε,
498 2470 570 2523 τὰ
602 2470 771 2523 πολλὰ
803 2471 858 2524 δὲ
894 2474 985 2525 καὶ
1013 2472 1259 2542 κάμμυε.
1293 2474 1361 2526 Ἢ
1400 2473 1508 2542 γὰρ
1537 2475 1598 2526 οὐ
1634 2491 1848 2544 παραγ·

276 2557 487 2624 τέλλειν
512 2560 670 2613 δοκεῖ
721 2561 880 2614 τοῦτο
930 2562 1024 2614 καὶ
1068 2565 1100 2631 ἡ
1129 2563 1288 2630 φύσις
1338 2566 1498 2634 αὐτὴ,
1549 2567 1849 2631 ἐπιτάξασα

275 2650 384 2712 τοῖς
416 2651 712 2722 βλεφάροις
769 2652 1119 2708 καταϐαίνειν
1184 2672 1243 2708 τε
1283 2657 1376 2709 καὶ
1415 2657 1725 2710 ἀναϐαίνειν
1761 2676 1850 2712 συ·-

275 2742 470 2810 χνά,οὐ
503 2743 691 2812 μόνον,
734 2742 822 2797 ἵνα
864 2727 1036 2808 οὕτως
1067 2749 1100 2814 ἡ
1132 2745 1434 2813 λεπτοτάτη
1487 2748 1719 2819 ὲπιπολὴ
1753 2751 1852 2817 τῆς

273 2848 331 2883 τε
360 2832 527 2903 κόρης
560 2834 658 2886 καὶ
688 2835 786 2904 τῆς
822 2836 982 2905 πέριξ
1004 2835 1185 2907 χώρας
1207 2838 1539 2909 τεγγομὲνη,
1565 2840 1701 2911 μένῃ
1726 2841 1854 2908 agr,-

277 2942 489 2991 ραντος,
562 2927 662 2980 καὶ
716 2929 790 2996 μὴ
860 2928 1152 2997 βλάπτοιτο
1200 2929 1233 2998 ἠ
1292 2929 1412 2996 ὄψις
1451 2931 1850 3001 στεγανουμένη

1946 472 2241 539 desperans
2265 491 2386 529 vere
2412 475 2705 529 Nazarenis
2740 481 3018 531 concedet.
3056 478 3186 531 Eum
3226 479 3370 532 enim
3405 494 3502 530 nu-

1946 565 2043 631 gvli
2070 564 2121 617 iu
2150 565 2378 619 sublime
2404 568 2613 622 volandi
2643 568 2953 623 facultatem
2981 572 3310 624 edocuerunt
3330 569 3500 623 viatu-

1945 669 2050 720 que
2107 656 2171 707 ad
2225 655 2386 709 Detun
2428 658 2602 724 ipsum
2633 661 2809 712 volatu
2862 661 3208 729 perveniendi
3260 662 3307 714 ei
3349 675 3499 714 mon-

1945 753 2205 798 strarunt.
2246 746 2348 800 Sed
2381 750 2559 801 caueri
2590 765 2807 819 quoque
2846 752 3103 806 mortales
3132 754 3221 820 qui
3262 751 3355 805 Dei
3387 764 3499 804 me-

1947 850 2124 890 mores
2155 849 2209 890 ct
2231 839 2464 894 cultores
2503 842 2777 905 exstitere,
2803 843 2916 909 pari
2955 845 3112 896 modo
3139 858 3353 896 sursum
3402 844 3503 896 tol-

1946 926 2145 993 lentur,
2183 928 2236 981 in
2272 938 2527 996 quantum
2573 931 2688 992 (ieri
2722 935 3211 1003 poterit.Alioquiu
3254 934 3393 989 idem
3426 936 3478 990 l‘e

1945 1018 2032 1070 1ευὶ
2072 1033 2169 1074 suo
2191 1028 2334 1072 statu
2375 1021 2605 1085 fruetur,
2648 1031 2846 1077 terram
2894 1026 3112 1091 quidem
3162 1026 3423 1079 calcando
3451 1038 3502 1077 et

1948 1109 2225 1162 terrestria
2253 1122 2414 1178 opera
2463 1113 2788 1179 peragenda,
2818 1112 3020 1167 nullius
3072 1126 3251 1167 tamen
3293 1117 3500 1182 peccati

1947 1213 2091 1262 reus,
2120 1209 2212 1253 aut
2246 1200 2626 1254 restauratioui
2665 1201 2933 1257 obnoxius
2957 1206 3254 1258 secundum
3288 1221 3373 1259 res
3408 1206 3504 1259 hu-

1948 1304 2156 1354 manas,
2173 1291 2369 1344 nedum
2393 1291 2459 1344 ad
2483 1291 2887 1347 similitudinem
2907 1293 2998 1348 Dei
3021 1306 3328 1360 provectus.
3355 1294 3499 1349 Bona

1947 1389 2122 1434 autem
2154 1397 2316 1450 opera
2353 1382 2617 1448 perficiet,
2665 1386 2924 1439 mundum
2968 1385 3071 1440 sibi
3099 1387 3406 1455 ,ingcuitum
3437 1388 3504 1439 ab

1946 1472 2089 1525 omni
2135 1472 2487 1539 perversitate
2535 1488 2771 1543 purgans
2805 1486 2859 1529 et
2891 1475 3054 1529 talem
3092 1479 3426 1532 constituens
3450 1488 3506 1530 ut

1948 1564 2144 1631 dignus
2180 1564 2334 1618 ﬁeret
2365 1566 2454 1632 qui
2488 1566 2539 1618 iu
2567 1564 2657 1618 Dei
2698 1567 2856 1619 horto
2889 1566 3226 1634 plautaretur
3249 1578 3304 1623 et
3329 1569 3380 1621 iu
3414 1570 3504 1622 Dei

1950 1654 2192 1707 manibus
2246 1655 2508 1722 repositus
2558 1671 2685 1709 vere
2716 1657 2875 1710 homo
2920 1658 3097 1710 ﬁeret.
3145 1656 3302 1723 Quod
3350 1660 3509 1711 nobis

1947 1744 2171 1810 contigit
2195 1744 2262 1809 si,
2287 1754 2555 1814 quotquot
2584 1760 2797 1809 sumus,
2829 1748 2990 1802 rebus
3023 1746 3272 1804 nefandis
3303 1749 3508 1802 valedi—

1947 1833 2140 1898 cimus;
2168 1848 2288 1902 quae
2317 1835 2439 1902 quia
2473 1846 2676 1888 natura:
2704 1845 3088 1891 consentanea:
3139 1847 3281 1901 sunt,
3336 1838 3508 1893 homi-

1948 1927 2106 1979 nibus
2136 1926 2237 1980 rite
2265 1928 2598 1990 excolendis,
2622 1928 2972 1997 perﬁciendis
2994 1943 3060 1984 ac
3108 1929 3390 1984 servandis
3426 1930 3509 1982 iu-

1949 2017 2213 2073 serviunt.

2018 2277 2108 2331 22.
2142 2276 2378 2347 Exempli
2409 2278 2604 2348 gratia,
2627 2279 2806 2334 datum
2837 2279 2957 2347 tibi,
3002 2281 3182 2348 sodes,
3209 2291 3294 2337 est
3330 2283 3509 2338 oculo.

1953 2389 2069 2428 rum
2099 2390 2216 2444 par.
2249 2374 2342 2430 llis
2379 2386 2531 2431 utere
2562 2377 2683 2431 sine
2721 2376 3019 2443 obstaculo,
3048 2391 3148 2432 nec
3172 2388 3350 2437 tamen
3377 2379 3510 2434 obli-

1953 2480 2059 2535 qua
2089 2479 2260 2531 tuere,
2309 2481 2453 2534 saepe
2486 2474 2667 2520 autem
2722 2465 2914 2521 claude
2950 2481 3066 2521 eos.
3126 2467 3337 2525 Natura
3367 2471 3507 2523 enim

1953 2556 2071 2626 ipsa
2104 2557 2205 2610 hoc
2237 2556 2419 2611 facere
2454 2556 2728 2625 palpebris
2772 2557 3073 2626 praescrihit
3097 2567 3155 2612 ut
3188 2575 3400 2613 sursum
3452 2577 3514 2615 ac

1952 2647 2204 2703 deorsum
2238 2656 2577 2712 moveantur,
2619 2665 2727 2702 non
2757 2657 2960 2703 tantum
2992 2660 3057 2704 ut
3078 2651 3288 2719 pupillae
3317 2668 3507 2722 super-

1958 2738 2103 2794 ﬁcies
2152 2739 2510 2794 subtilissima
2559 2739 2865 2795 humcfacta
2922 2742 3183 2808 siccetur,
3225 2755 3281 2799 et
3340 2754 3399 2799 ut
3449 2763 3515 2799 IMP.

1958 2828 2135 2884 vultus
2173 2830 2335 2884 nimis
2384 2829 2645 2886 astrictus
2693 2832 2946 2888 imdatur.
2996 2835 3103 2889 Sed
3130 2845 3188 2890 et
3218 2836 3286 2890 ob
3317 2846 3514 2907 myste-

1957 2919 2095 2973 riqu
2142 2920 2501 2990 symbolicum
2533 2923 2723 2978 oculus
2774 2940 2879 2979 non
2935 2925 3093 2980 debet
3146 2939 3334 2995 aperto
3384 2930 3515 2983 orbe

275 3019 666 3089 κραυρότερον·
717 3018 849 3073 ἀλλά
899 3020 994 3074 καὶ¹
1042 3022 1119 3084 είς
1177 3022 1473 3091 μυστήριον
1535 3021 1846 3090 συμϐολικὸν

1958 3012 2130 3078 hiare,
2159 3022 2215 3066 ut
2242 3012 2326 3065 leo
2345 3021 2440 3067 aut
2472 3012 2627 3080 lepus
2659 3014 2834 3069 aliave
2863 3017 3115 3073 animalia
3160 3020 3386 3085 facitml,
3418 3025 3511 3076 sed

270 3107 362 3162 τοῦ
385 3111 590 3180 χρῆναι
616 3111 709 3163 τὸν
737 3110 1012 3180 ὀφθαλμὸν
1044 3111 1118 3182 μὴ
1150 3113 1231 3163 ἀεὶ
1260 3112 1575 3181 χασμᾶσθαι
1609 3114 1848 3183 ἀνεῳγό-

271 3217 358 3264 τα,
393 3202 539 3254 καθὰ
570 3200 785 3266 λέοντος
838 3204 933 3255 καὶ
967 3201 1180 3273 λαγῳοῦ
1221 3202 1558 3273 περιᾴδεται,
1586 3206 1679 3273 καὶ
1706 3203 1759 3256 εί
1775 3224 1853 3259 τι-

269 3307 358 3352 νος
411 3290 582 3345 ἄλλου
649 3291 891 3344 τοιούτου
936 3292 1008 3345 ’τὸ
1063 3292 1250 3355 ἀτενὲς
1299 3296 1686 3363 κατηγορεῖται
1752 3297 1850 3364 τῆς

266 3378 465 3447 ὅψεως·
486 3380 632 3435 ἀλλά
652 3398 781 3434 ποτε
805 3383 898 3435 καὶ
923 3383 1114 3452 ἐκοντῇ
1136 3384 1320 3453 τρόπῳ
1346 3385 1851 3453 κατασφαλίζεσθαι

268 3470 444 3541 πύλης
471 3472 663 3542 δίκην,
702 3472 775 3542 μή
838 3490 920 3535 τις
972 3472 1209 3542 κλέπτης
1250 3473 1506 3543 λογισμὸς
1562 3477 1854 3542 παρεισδὺς

265 3559 740 3634 λῃστρικώτερον,
788 3565 886 3634 οὐχ
948 3565 1227 3636 ὐποκλὲψῃ
1295 3565 1499 3629 ἁπλῶς,
1556 3566 1691 3621 ἀλλὰ
1763 3569 1854 3620 καλ⁵

268 3654 592 3727 ἀφαρπάσῃ
634 3654 729 3708 τὸν
771 3655 952 3708 θεόθεν
981 3657 1078 3724 τῆς
1118 3656 1293 3726 ψυχῆς
1323 3655 1597 3728 θησαυρόν
1624 3673 1637 3687 ·
1670 3656 1728 3720 ὃς
1761 3658 1855 3711 καὶ

261 3741 351 3795 διὰ
375 3743 551 3815 θύρας
572 3743 780 3814 ταύτης
803 3745 1160 3808 είσοδιάζεται
1192 3745 1611 3816 πληθυνόμενος,
1638 3747 1724 3799 ὅτε
1754 3765 1855 3800 σω-

265 3834 485 3902 φρόνως
520 3837 576 3890 οἱ
607 3834 703 3888 τοῦ
733 3836 875 3890 κατὰ
920 3836 1077 3905 σῶμα
1108 3837 1259 3890 οἴκου
1300 3838 1550 3890 δεσπόται
1574 3838 1852 3908 διάγομεν·

258 3917 321 3977 οὗ
345 3928 373 3978 ὁ
407 3925 549 3990 Θεὸς
598 3925 886 3997 οἰκοδόμος
935 3928 1390 3999 πεφιλοσόφηται;
1416 3932 1526 3982 Καὶ
1555 3930 1701 3982 ἔστιν
1723 3932 1855 4002 ὁρᾷν

262 4015 366 4086 μὲν
395 4014 580 4087 ἡμᾶς,
621 4016 702 4078 ὡς
734 4019 760 4070 ὁ
791 4017 921 4080 Θεὸς
951 4018 1223 4089 ἐπιθυμεῖ,
1246 4020 1482 4091 ὁπηνίκα
1518 4020 1633 4073 λεῖα
1658 4020 1855 4089 βλέπο-

262 4124 384 4175 μεν,
417 4108 632 4161 ταύτὸν
661 4107 709 4160 δ’
739 4109 933 4173 είπεϊν,
971 4110 1103 4179 πρὸς
1135 4109 1421 4177 εὐθύτητα,
1459 4113 1522 4181 ἣν
1562 4115 1660 4164 οὐκ
1699 4112 1856 4181 ἔχου·

262 4213 346 4249 σιν
374 4200 451 4264 οι,
488 4199 644 4253 καθά
674 4214 757 4260 τις
780 4197 845 4251 ἂν
873 4199 1111 4270 δριμέως
1157 4201 1323 4267 εἴποι,
1383 4201 1710 4270 στράϐωνες.
1748 4203 1855 4256 Εὑ-

256 4289 471 4359 θύτητα
507 4292 569 4343 δέ
608 4308 790 4360 φαμεν
811 4292 907 4363 τὴν
956 4294 1049 4344 ἐπὶ
1080 4295 1279 4354 παντὸς
1311 4292 1405 4345 τοῦ
1436 4296 1577 4347 κατὰ
1636 4293 1854 4364 πνεῦμα

1953 3103 2097 3160 sicut
2145 3116 2298 3167 porta
2321 3103 2597 3167 concludi,
2637 3121 2706 3160 ne
2737 3107 2996 3176 cogitatio
3048 3111 3188 3162 male
3219 3112 3321 3165 (ida
3355 3112 3515 3167 latro-

1951 3209 2082 3248 num
2122 3208 2269 3248 more
2293 3192 2504 3248 intrans
2548 3195 2786 3250 divinum
2817 3197 3010 3255 anima:
3060 3201 3370 3256 thesaurum
3407 3205 3519 3257 sul;-

1950 3286 2158 3341 furetur
2184 3305 2200 3353 ;
2232 3287 2323 3357 qui
2351 3288 2568 3357 quidem
2601 3288 2943 3343 abundanter
2997 3291 3318 3360 ingreditur,
3345 3309 3516 3361 quau-

1952 3376 2020 3431 do
2049 3378 2261 3432 domum
2289 3418 2304 3443 ,
2333 3392 2528 3446 corpus
2564 3388 2805 3432 nostrum
2837 3379 2989 3446 dico,
3031 3381 3329 3449 prudenter
3361 3383 3514 3438 inco-

1951 3466 2137 3532 limus,
2165 3467 2319 3534 cujus
2350 3468 2646 3523 aedilieatbr
2674 3469 2814 3523 Deus
2839 3485 2869 3523 a
2910 3471 3245 3540 philosophis
3279 3473 3518 3528 celebra-

1954 3567 2061 3612 tur.
2098 3559 2298 3612 Sumus
2355 3569 2534 3616 autem
2596 3561 2775 3628 tales,
2823 3563 3013 3631 quales
3064 3578 3164 3617 nos
3210 3565 3323 3618 vult
3359 3565 3517 3631 Deus,

1952 3649 2169 3718 quando
2222 3660 2429 3705 rectmu
2476 3652 2650 3706 oculis
2705 3652 2955 3707 obtutum
3014 3654 3434 3720 demandamus,
3465 3657 3515 3710 id

1953 3741 2097 3810 quod
2150 3740 2329 3797 facere
2357 3742 2524 3799 luscis
2559 3746 2700 3799 haud
2727 3755 2811 3799 est
2855 3746 3089 3801 licitum.
3134 3747 3297 3802 Istam
3335 3754 3516 3802 autem

1955 3830 2099 3886 oculi
2132 3831 2513 3887 rectitudinem
2566 3832 2919 3905 intelligimus
2950 3837 3266 3899 continuum
3298 3854 3519 3906 proces-

1956 3937 2076 3978 sum
2104 3924 2399 3992 corporisa
2435 3924 2628 3994 spiritu
2666 3927 2896 3995 directi;
2956 3943 3169 3997 semper
3230 3930 3377 3983 euiut
3404 3945 3521 3985 scu-

1955 4029 2081 4085 pum
2107 4014 2252 4080 visit,
2284 4016 2427 4083 quod
2461 4016 2643 4071 facere
2675 4032 2780 4072 non
2817 4029 2998 4087 potest
3027 4020 3239 4085 oculus,
3286 4034 3391 4074 non
3427 4036 3521 4088 pes

1955 4090 2045 4171 qui
2076 4120 2238 4159 omne
2269 4107 2390 4160 tulit
2432 4118 2688 4175 punctum
2725 4108 2817 4162 ubi
2869 4109 3180 4164 rectitutlini
3208 4109 3404 4163 divina:
3442 4111 3519 4162 iu-

1954 4195 2114 4258 sistit,
2146 4212 2318 4264 neque
2346 4212 2459 4260 cor,
2481 4200 2621 4264 quod
2642 4197 2801 4262 Deus,
2837 4199 3141 4253 secundum
3159 4199 3515 4263 Psalmistatu,

1955 4285 2170 4354 dirigit;
2206 4288 2437 4340 maxime
2467 4298 2645 4341 autem
2696 4302 2876 4352 mens,
2912 4292 3154 4343 omnium
3194 4292 3519 4346 horumtun-

254 4356 563 4451 νοουμένου
611 4356 924 4451 σωματικοῦ
955 4384 1145 4452 μορίου
1199 4382 1580 4452 άρῤέμὸαστον
1631 4356 1846 4452 πρόοδον

1961 4377 2225 4442 deratrix,
2265 4383 2318 4427 et
2344 4391 2464 4444 quae
2492 4391 2613 4429 eum
2647 4377 2737 4443 qui
2768 4380 2908 4446 sapit
2936 4380 3222 4455 gubernat,
3251 4381 3517 4451 siquidem

253 4472 347 4522 καὶ
404 4469 687 4533 ίθυτενῶς
722 4469 1039 4535 τοξεύουσαν
1078 4471 1217 4523 κατὰ
1286 4470 1508 4523 σκοποῦ.
1546 4471 1736 4524 ὁποίαν
1792 4470 1854 4523 οὐ

1964 4468 2186 4521 minime
2221 4468 2367 4521 lusca
2399 4476 2491 4521 aut
2530 4476 2678 4521 torva
2712 4479 2818 4523 est.

255 4566 424 4636 μόνον
486 4567 780 4637 ὀφθαλμὸς
833 4568 976 4637 ἔχειν
1015 4570 1347 4631 ἁπαιτεῖται,
1410 4567 1530 4619 οὐδὲ
1595 4565 1750 4633 ποῦς,
1794 4566 1850 4628 ὃς
1889 4566 2188 4619 ἐπαινεῖται
2215 4563 2509 4631 ,ἱστάμενος
2538 4565 2594 4615 ἐν
2638 4566 2705 4633 τῇ
2740 4563 2879 4618 κατά
2905 4564 3035 4618 Θεὸν
3093 4565 3367 4639 εὐθύτητι,
3427 4569 3524 4622 ού-

247 4660 309 4714 δὲ
332 4662 572 4733 καρδία,
645 4663 712 4732 ἢν
747 4663 858 4723 τοῖς
887 4662 1099 4731 ἔχουσιν
1148 4661 1406 4731 ἀγαθύνει
1436 4662 1464 4713 ό
1499 4662 1722 4731 Κύριος,
1785 4661 1925 4714 κατὰ
1960 4659 2049 4712 τὸν
2090 4658 2247 4727 ίερῶς
2285 4658 2574 4727 ψάλλοντα,
2604 4660 2742 4714 ἀλλὰ
2771 4661 2876 4733 πρὸ
2897 4661 3114 4716 πάντων
3164 4665 3257 4718 καὶ
3281 4666 3374 4717 ἐπὶ
3411 4669 3529 4721 πᾶ-

250 4755 390 4805 me
416 4756 541 4817 τοῖς
581 4753 847 4816 τοιούτοις
878 4756 1183 4808 ἐπιστατῶν
1209 4753 1330 4815 νοῦς
1362 4754 1455 4806 καί⁴
1496 4752 1928 4824 προϐαλλόμειος
1964 4754 2056 4805 τὸν
2098 4751 2424 4824 εὐθύφρονα,
2490 4754 2548 4818 ὃς
2577 4754 2702 4807 οὔτε
2764 4754 3108 4827 παραϐλέπει
3187 4757 3490 4827 στραϐἰζων
3512 4818 3527 4842 ν

243 4843 310 4899 οὐ
353 4845 471 4916 μὴν
524 4843 651 4897 οὐδ’
679 4844 835 4899 ἄλλον
860 4846 978 4900 τινὰ
1034 4847 1251 4916 τρόπον,
1285 4845 1404 4899 καθ’
1444 4846 1501 4897 ὃν
1524 4846 1737 4914 λέγοιτο
1789 4845 1855 4898 ἂν
1897 4843 2217 4916 παραϐλώψ.

324 4934 441 5005 καί.
480 4935 621 5007 Χρὴ
650 4932 761 5004 γάρ
800 4951 921 4988 τινα
962 4936 1119 4988 ἵλεων
1151 4936 1344 5006 ἐνορᾷν
1379 4934 1513 5005 μετά
1547 4934 1846 5003 διακρίσεως

2042 4933 2132 4986 23.
2165 4932 2390 5002 Oportet
2418 4934 2559 4987 enim
2594 4936 2884 4990 discrimen
2929 4952 3088 5006 agerc
3120 4937 3434 4996 benevolum
3464 4944 3520 4996 in

244 5030 430 5095 θείας,
466 5032 576 5084 καὶ
636 5028 758 5098 ἅμα.
782 5029 842 5080 τὸ
889 5029 1206 5099 πολυσχιδὲς
1252 5028 1620 5098 παραϐλέπειν
1652 5029 1843 5079 ἀπεῖνα

1967 5023 2053 5078 his
2073 5024 2255 5088 rebus,
2288 5039 2487 5093 easque
2509 5028 2665 5081 oculo
2693 5029 2942 5083 irretorto
2970 5033 3340 5097 contemplari.
3373 5033 3521 5098 Quod

243 5121 347 5174 τοῦ
423 5121 591 5174 οὓτω
663 5118 978 5186 βλέποντος.
1030 5120 1091 5171 Et
1142 5119 1198 5172 δὲ
1259 5119 1355 5173 καί
1393 5136 1499 5171 τινι
1554 5124 1845 5188 πρόκειντα

1967 5115 2013 5168 si
2038 5115 2196 5170 homo
2224 5117 2480 5171 cordatus
2499 5119 2548 5170 iu
2568 5133 2653 5172 res
2677 5127 2860 5187 turpes
2879 5121 3152 5185 inciderit,
3170 5123 3354 5176 oculos
3372 5138 3523 5176 νει-ο-

246 5210 458 5279 ὀρατά,
494 5205 590 5272 οἷς
629 5208 1099 5279 προόεσλημένοις
1142 5211 1202 5262 οὐ
1237 5211 1388 5278 θέμις
1431 5209 1724 5279 ἐμϐλέπειν
1780 5207 1846 5260 rb

1969 5205 2142 5259 cunde
2177 5216 2403 5273 avertet,
2451 5223 2517 5262 ne
2547 5223 2669 5263 cum
2698 5211 2871 5265 oculis
2903 5221 3070 5264 totum
3096 5213 3368 5264 hominem
3404 5228 3525 5279 per--

1973 5295 2063 5349 dat
2093 5295 2360 5363 funditus,
2424 5313 2677 5367 rumpens
2741 5300 2977 5363 vincula,
3036 5298 3231 5367 quibus
3293 5300 3401 5354 Deo
3427 5305 3526 5354 atl-

1977 5383 2167 5451 haaret,
2217 5387 2287 5441 ita
2334 5394 2392 5441 ut
2447 5390 2501 5441 in
2556 5397 2816 5441 tartarum
2864 5400 3101 5455 praeceps
3159 5386 3336 5442 cadat.
3389 5388 3528 5444 Tum

1971 5478 2113 5530 enim
2146 5493 2176 5530 e
2205 5479 2446 5534 caecitate
2472 5481 2537 5532 ad
2574 5480 2745 5532 visum
2772 5478 2927 5541 redit,
2963 5484 3016 5531 et
3045 5477 3332 5543 Scriptura)
3362 5496 3532 5535 sacra.

1976 5587 2082 5626 non
2115 5569 2342 5623 incurrit
2385 5568 2704 5637 vituperium
2736 5581 2905 5619 caicos
2948 5567 3074 5620 olim
3122 5582 3243 5621 cum
3297 5569 3531 5624 ludibrio

1988 5662 2449 5734 t‘eprehendentis.
2495 5660 2675 5728 xEruo
2718 5658 2915 5713 etcuim
2962 5661 3117 5712 oculo
3173 5676 3257 5712 res
3291 5672 3531 5716 contem-

252 5304 558 5375 σώφρονα,
594 5306 627 5357 ὁ
678 5303 735 5357 δὲ
782 5304 1081 5369 τηνικαῦτα
1121 5305 1486 5358 κατακύπτων
1540 5303 1867 5374 ἀποστρέψει

247 5399 351 5468 τὴν
382 5400 629 5468 ὅρασιν,
660 5396 736 5464 μὴ
774 5396 865 5447 καὶ
894 5394 1227 5464 δραξάμενον
1248 5398 1309 5447 τὸ
1335 5394 1557 5447 ὀπτικδν
1579 5392 1694 5464 ἅμα
1726 5392 1865 5445 καθ-

247 5491 470 5559 ιλκύσῃ
511 5488 621 5540 τὸν
658 5484 780 5537 ὅλον
843 5484 1148 5555 ἄνθρωπον,
1183 5487 1283 5538 ὅσα
1311 5485 1402 5538 καί
1428 5501 1484 5536 τι
1521 5484 1749 5554 σχοινίον
1791 5482 1870 5550 βί-

248 5597 398 5641 αιον.
440 5583 517 5633 ἐκ
552 5575 661 5629 τοῦ
688 5577 825 5629 κατὰ
865 5578 994 5629 Θεὸν
1027 5576 1211 5646 ὕψους,
1242 5576 1335 5629 καὶ
1366 5577 1675 5647 ὑποϐιόάσῃ
1736 5575 1873 5644 πρὸς

249 5672 558 5735 ἀπωλείας
596 5667 893 5739 τάρταρον
934 5670 1051 5721 τότε
1103 5670 1165 5737 δὴ
1203 5670 1505 5738 κατέμυσεν
1553 5669 1578 5719 ὁ
1620 5667 1881 5729 τοισλῦτος,
