3982 6246
482 290 596 356 699

1204 289 1628 351 EUSTATIIII
1667 286 2433 349 TIIESSAIQNICENSIS
2465 286 3028 350 METROPOLITE

3642 293 3755 357 ’7οθ

480 416 624 474 ccat,
678 406 821 462 sicut
876 404 1175 477 splritualis
1232 405 1398 461 ardor
1446 415 1750 475 opportune
1810 405 2062 459 lucescit.

2178 421 2262 471 μοι
2298 405 2354 465 ἐς
2384 405 2484 471 τὴν
2511 404 2887 467 διδασκαλίαν,
2918 407 2992 470 ὡς
3026 408 3057 476 ἡ
3090 407 3229 460 κατᾶ
3258 408 3441 480 φυλὴν
3470 412 3754 480 θερμότης

480 501 636 567 Quod
660 511 840 556 autem
861 503 925 554 de
950 500 1171 555 civitate
1199 510 1381 555 nostra
1429 500 1697 569 spirituali
1731 501 2059 554 mentionem

479 589 611 652 feci,
668 606 828 658 quam
889 600 1081 643 natura
1146 590 1438 656 ordinavit,
1499 592 1642 645 Deus
1701 589 2062 646 consolidavit

480 696 603 736 cum
638 681 691 734 in
743 681 928 748 linem,
967 692 1023 735 ut
1054 682 1237 736 omnia
1269 684 1473 751 optime
1515 683 1969 736 administrentur
1999 697 2060 734 ac

479 775 875 842 gubernentur,
910 774 961 828 id
984 775 1186 828 dictum
1215 775 1371 829 velim
1406 775 1550 842 quod
1588 774 1769 827 omnia
1806 789 2062 843 prospere

481 866 771 918 succedent
804 874 859 919 et
895 866 1099 936 optimc
1122 868 1417 922 constituta
1456 877 1637 922 erunt.
1662 868 1890 933 Quando
1918 867 2061 919 enim

478 958 673 1011 oculus
724 970 882 1012 recto
950 960 1152 1013 intuitu
1209 969 1404 1029 praeest
1461 970 1519 1013 ut
1577 961 1748 1019 decet.
1807 959 2059 1029 tangendi

478 1066 695 1118 quoque
748 1067 942 1106 sensus
979 1052 1080 1106 rite
1124 1052 1565 1121 ohtemperabit;
1604 1053 1649 1107 si
1683 1052 1931 1124 gustandi
1963 1052 2061 1106 de-

479 1142 608 1199 inde
650 1146 1071 1199 in~trumcntum
1117 1146 1253 1200 bene
1277 1145 1489 1215 jndicat
1519 1156 1573 1200 et
1604 1162 1700 1201 nos
1737 1148 1896 1201 docet
1924 1160 2046 1215 quo-

478 1237 642 1290 modo
690 1246 961 1306 imgnenta
1017 1238 1445 1294 administranda
1502 1248 1652 1302 sunt,
1701 1249 1894 1308 gustus
1947 1240 2063 1306 ipse

481 1343 710 1382 munere
737 1344 836 1384 suo
873 1329 974 1384 rite
1008 1330 1285 1397 ittngetur.
1319 1330 1525 1386 Sensus
1557 1331 1831 1385 auditivns
1859 1329 1973 1395 ubi,
2004 1338 2062 1383 ut

481 1417 658 1481 decet,
689 1434 790 1474 nos
822 1421 967 1475 ducit
1010 1421 1066 1477 in
1104 1422 1265 1477 rebus
1315 1423 1395 1478 sui
1432 1422 1668 1492 generis,
1710 1422 1763 1476 ld
1810 1421 1975 1477 el'llcit
2004 1429 2063 1475 ut

482 1519 660 1565 tactus
692 1511 873 1568 minus
903 1523 1069 1579 erret,
1098 1525 1291 1569 contra
1316 1515 1458 1584 quod
1487 1514 1650 1586 judex
1679 1514 1978 1583 praesertim
2005 1514 2059 1569 in

482 1617 708 1658 munere
742 1605 992 1660 obeundo
1025 1620 1085 1661 se
1122 1607 1295 1674 ipsum
1324 1592 1622 1662 custodiet.
1664 1605 1859 1661 Gnstui
1899 1619 2061 1673 porro

480 1694 536 1749 in
580 1695 646 1750 iis
674 1712 799 1765 qua:
841 1697 907 1760 ad
945 1712 1069 1752 eum
1103 1707 1352 1767 spectant
1379 1707 1545 1753 certae
1579 1698 1780 1769 regula:
1813 1697 2061 1767 praascri-

2171 493 2425 559 ἐξέζεσεν
2465 496 2566 548 οὐκ
2596 495 2702 559 ἔξω
2758 495 2973 564 καιροῦ.
3014 498 3078 548 Ὃ
3131 497 3188 550 δὲ
3230 497 3438 565 ἔλεγον,
3477 518 3496 551 ι
3537 501 3639 568 τῆς
3694 503 3752 554 ὲν

2165 586 2301 654 ἡμῖν
2364 587 2738 657 ἀκροπόλεως,
2781 607 2798 638 ι
2838 588 2906 658 ἣν
2962 589 3126 657 φύσις
3183 590 3285 658 μὲν
3339 591 3749 662 ἐπιτεταγμένη

2163 677 2582 749 ᾠκοδομήσατο,
2607 679 2635 731 6
2655 682 2787 743 Θεὸς
2810 681 2865 733 δὲ
2892 680 3185 751 συμπήξας
3208 681 3567 751 ἐστερέωσεν,
3596 684 3752 753 ἐχού-

2166 788 2268 837 σης
2296 771 2356 824 εὖ
2384 772 2494 825 τῶν
2526 774 2638 826 ἄνω
2669 773 3076 843 ἐφισταμένων,
3109 774 3449 845 στρατηγίας
3480 776 3631 837 τινὸς
3658 777 3753 828 καὶ

2162 862 2488 932 ταξιαρχίας
2523 863 2698 934 δίκην,
2747 864 2845 916 καὶ
2886 865 2953 917 τὰ
2984 864 3148 917 λοιπὰ
3187 863 3246 917 εὖ
3294 865 3749 935 καθεστήξονται.

2178 955 2494 1025 Ὀφθαλμοῦ
2530 955 2638 1024 γὰρ
2684 956 2822 1027 ὀρθὰ
2874 956 3169 1025 βλέποντος
3209 958 3302 1009 καὶ
3332 958 3749 1021 ἐπιτάσσοντος,

2162 1040 2236 1099 ὧν
2269 1046 2540 1101 ἅπτεσθαι
2584 1048 2703 1101 δέον
2737 1049 2877 1114 ἐστὶ,
2906 1048 3282 1102 ὑπακούσεται
3334 1050 3552 1112 πάντως
3583 1050 3682 1103 καὶ
3716 1051 3749 1119 ἡ

2162 1139 2293 1208 ἁφή.
2344 1139 2703 1209 Ὀσςρρήσεως
2734 1139 3203 1210 γνωματευούσης
3232 1140 3432 1211 ὀρθῶς,
3463 1141 3619 1204 ὅπως
3644 1142 3751 1210 χρὴ

2162 1229 2623 1302 διοικονομείσθαι
2672 1235 2775 1302 τὴν
2831 1233 3052 1303 ἐπαφὴν
3100 1233 3195 1285 τοῦ
3255 1234 3589 1304 μυροῦσθαι,
3648 1236 3753 1289 οὐκ

2163 1323 2279 1377 ἔσθ’
2312 1324 2461 1386 ὅπως
2499 1325 2960 1395 ἁμαρτηθήσεται
3000 1327 3031 1393 ἡ
3069 1325 3333 1393 ἀνάλογος
3378 1326 3519 1396 ἁφή.
3551 1327 3749 1397 Ἔκριο

2162 1432 2256 1470 νεν
2306 1417 2339 1486 ἡ
2389 1416 2696 1487 ἀκουστικὴ
2754 1417 2892 1487 πρὸς
2947 1417 3241 1487 ὀρθότητα,
3297 1417 3461 1470 τίνων
3517 1416 3749 1480 δεόντως

2164 1508 2387 1569 ἁπτέον.
2419 1508 2514 1562 καὶ
2547 1508 2664 1571 πῶς
2692 1507 2756 1562 ἂν
2780 1511 2813 1578 ἠ
2849 1508 2962 1578 ἁφὴ
2984 1510 3303 1580 τυραννήσῃ
3328 1508 3471 1561 κατὰ
3494 1507 3597 1578 τῆς
3624 1509 3749 1579 κρί-

2165 1616 2327 1665 σεως,
2362 1595 2431 1673 ἧς
2456 1600 2633 1664 οὐδεὶς
2675 1600 2875 1670 ὲφέτης
2924 1601 3338 1672 ύπερκὰθηται.
3379 1602 3750 1654 Πεπαίδευτιιι

2161 1692 2196 1761 ἡ
2223 1691 2414 1761 γεῦσις
2447 1692 2717 1747 ἅπτεσθαι
2739 1693 2850 1747 τῶν
2878 1695 3000 1748 κατ’
3032 1694 3255 1767 ἐντολήν
3274 1710 3288 1725 ⁸
3313 1695 3430 1765 (καὶ
3462 1694 3593 1747 ποία
3615 1694 3747 1765 θρα-

478 1795 587 1856 ριαι
617 1799 762 1851 sunt,
791 1803 929 1857 quas
973 1791 1236 1845 audacter
1273 1791 1626 1862 praetergredi
1656 1790 1740 1846 fas
1787 1805 1891 1845 non
1939 1801 2058 1856 est;

2178 1784 2337 1854 δύτης
2371 1785 2509 1857 αὐτῇ
2564 1786 2950 1855 ἐγγενήσεται,
2997 1787 3489 1858 κατεπιχειρῆσαι,
3526 1787 3625 1841 καὶ
3655 1787 3759 1853 τὴν

476 1887 530 1936 et
567 1893 694 1934 ecce
729 1880 816 1936 hic
838 1897 1054 1951 quoque
1101 1884 1206 1938 ima
1249 1899 1370 1938 cum
1397 1883 1626 1939 smmnis
1663 1883 1981 1949 miscentur,
2009 1892 2064 1938 et

479 1986 620 2040 opus
669 1973 759 2027 Dei
811 1977 1047 2031 maxime
1073 1978 1371 2047 egregium,
1405 1978 1566 2031 homo
1596 1977 1825 2044 integer,
1848 1977 2063 2047 jejuna-

481 2072 568 2118 tor
591 2066 830 2133 prudens
868 2082 995 2121 cum
1042 2068 1226 2123 divino
1261 2069 1522 2138 psalterio
1551 2069 1792 2124 concinuit
1827 2079 1883 2124 et
1912 2069 2065 2123 auri-

483 2154 586 2212 bus
614 2159 895 2228 mentique
926 2160 1053 2214 dum
1080 2159 1149 2215 ab
1180 2161 1389 2217 artiﬁce
1416 2161 1664 2230 pulsatur
1698 2161 1992 2217 satisfacit.

548 2421 640 2478 50.
681 2422 805 2478 llaec
824 2439 948 2478 cum
967 2439 1054 2491 eo,
1073 2440 1181 2496 quo
1199 2425 1436 2483 diximus
1461 2429 1623 2483 modo
1646 2428 1899 2484 instituta
1933 2432 2064 2496 sint,

481 2532 775 2572 numerum
809 2533 873 2572 ac
905 2518 1223 2588 rhythmum
1258 2519 1308 2573 in
1334 2520 1494 2575 rebus
1525 2536 1644 2590 qua:
1669 2522 1733 2577 ad
1763 2523 2065 2578 doctrinam

479 2618 731 2676 spectant
751 2624 960 2679 ponere
1011 2611 1303 2677 debemus;
1339 2611 1417 2668 sic
1468 2616 1613 2668 enim
1665 2629 1819 2669 sacra
1874 2615 2067 2670 concio

480 2715 590 2754 non
626 2700 846 2755 habebit
888 2701 955 2756 de
978 2715 1088 2771 quo
1150 2711 1431 2772 gravetur.
1507 2702 1807 2771 Diligenter
1880 2718 2063 2759 autem

480 2792 552 2847 ab
585 2790 742 2847 initio
789 2806 962 2861 usque
992 2796 1059 2848 ad
1125 2793 1286 2848 linem
1356 2794 1694 2850 observanda
1776 2805 1903 2850 sunt
1949 2811 2068 2866 qua:

479 2883 697 2939 divinus
720 2899 897 2940 canon
932 2884 1000 2941 iis
1038 2885 1131 2956 qui
1155 2885 1425 2957 jejunium
1459 2896 1717 2943 exercent
1740 2889 2065 2958 praescribit.

481 2975 615 3042 Qua:
646 2978 865 3046 quidem
897 2977 1246 3035 observantia
1300 2979 1367 3034 ad
1408 2979 1664 3035 virtutem
1721 2991 1850 3037 ante
1882 2981 2067 3037 omnia

481 3077 713 3138 spectat,
746 3070 948 3124 nedqu
981 3070 1145 3127 rebus
1175 3070 1421 3128 futilibus
1450 3071 1683 3127 studeat.
1723 3071 1912 3129 Omnis
1972 3086 2070 3127 au-

484 3167 592 3213 tem
634 3158 807 3214 virtus
837 3161 981 3217 circa
1019 3161 1255 3217 medium
1297 3162 1549 3228 vertitur,
1604 3177 1764 3232 quant
1803 3164 1888 3218 vir
1925 3163 2069 3234 sapi-

484 3264 606 3316 ens,
635 3252 789 3320 cujus
819 3253 1003 3309 studia
1028 3255 1176 3310 circa
1211 3269 1393 3310 mores
1443 3265 1750 3323 versantur,
1777 3257 1945 3325 probe
1969 3271 2067 3313 no-

485 3342 564 3396 vit
610 3352 665 3398 et
700 3346 878 3415 ntagni
910 3344 1061 3402 facit.
1112 3345 1183 3401 Et
1234 3346 1361 3402 huic
1405 3345 1622 3416 quidem
1677 3361 1776 3404 nos
1804 3348 2069 3404 maximo-

484 3449 615 3504 pere
645 3437 867 3493 studere
916 3438 1198 3505 debemus,
1233 3439 1280 3493 si
1331 3437 1550 3494 virtutis
1589 3453 1755 3509 opera
1812 3453 2069 3498 exercere

488 3523 650 3578 nobis
712 3525 867 3580 cordi
919 3535 1023 3582 est.
1086 3526 1213 3583 Haec
1272 3528 1418 3582 enim
1497 3528 1846 3600 pulchritudo
1887 3531 2068 3588 varias

487 3628 732 3672 assumet
762 3617 992 3685 formas,
1034 3622 1124 3675 ubi
1175 3622 1316 3677 Deus
1345 3622 1657 3679 hominibus
1714 3640 1773 3681 se
1803 3625 2068 3680 mediato-

490 3721 605 3760 rem
635 3709 946 3773 prebuerit.
992 3712 1299 3769 Divinitatis
1335 3715 1518 3785 Igitur,
1571 3716 1789 3781 fratres,
1849 3724 1905 3771 et
1957 3731 2071 3772 me-

489 3801 710 3855 dietatis
745 3804 1006 3858 rationem
1044 3807 1360 3873 habeamus,
1387 3810 1541 3879 cujus
1568 3811 1723 3865 venia
1743 3819 1798 3865 et
1831 3809 2069 3866 visibilis

491 3900 547 3946 et
581 3890 875 3947 invisibilia
923 3896 1222 3953 cernimus.
1267 3898 1398 3953 Dein
1430 3901 1518 3955 ubi
1551 3901 1801 3956 examine
1836 3901 1978 3955 facto
2014 3900 2069 3955 in

491 3983 785 4040 mmiietate
843 3987 1017 4042 idcam
1071 3990 1448 4047 rationabilem
1510 3994 1789 4047 videamus
1826 3994 2072 4048 conside-

2165 1876 2331 1948 ὀρθὴν
2366 1876 2694 1950 διαστρέψαι
2748 1879 3035 1933 παίδευσιν
3062 1879 3104 1949 ;)
3142 1882 3238 1934 καὶ
3285 1879 3419 1940 ἰδοὺ,
3464 1879 3751 1932 κάνταῦθα

2164 1970 2234 2024 τὰ
2264 1970 2416 2023 κάτω
2442 1971 2543 2041 τῆς
2576 1971 2690 2026 ἂνω
2724 1972 3018 2042 συνῆπται,
3049 1975 3146 2025 καὶ
3185 1972 3247 2026 τὺ
3275 1970 3371 2024 τοῦ
3403 1971 3542 2025 Θεοῦ
3571 1973 3749 2041 ἐμμε-

2164 2060 2259 2124 λὲς
2287 2059 2539 2130 ὄργανον,
2571 2062 2598 2114 ό
2624 2060 2789 2124 καλὸς
2821 2060 3130 2133 ἄνθρωπος,
3169 2062 3197 2114 6
3251 2061 3416 2130 σοφδς
3448 2061 3751 2130 νηστευτὴς

2167 2153 2246 2215 εἰς
2279 2151 2607 2222 συμφωνίαν
2630 2153 2917 2224 ψαλτηρίῳ
2946 2153 3078 2224 θείῳ
3105 2152 3424 2223 πρέπουσαν
3448 2154 3755 2224 ἥρμοσται,

2169 2243 2384 2314 χορδεῖν
2414 2244 2573 2296 ὁποῖα
2608 2244 2911 2314 συγκροτού
2922 2261 3082 2315 μενον
3106 2244 3184 2314 τῷ
3217 2244 3527 2314 πενταδικῷ
3554 2244 3665 2297 τῶν
3691 2261 3750 2297 τε

2171 2336 2633 2407 προφαινομένων
2672 2338 3002 2406 αἰσθήσεων,
3040 2337 3135 2390 καὶ
3164 2339 3288 2391 ὅσαι
3321 2343 3463 2391 κατὰ
3493 2337 3646 2392 νοῦν.

2241 2427 2304 2482 λ’.
2335 2427 2556 2481 Τούτων
2607 2428 2671 2499 δὴ
2722 2427 2865 2482 οὕτω
2907 2429 3388 2499 διεσκευασμένων
3431 2430 3569 2498 ἡμῖν
3617 2428 3747 2481 ἁκο-

2169 2517 2377 2579 λούθως
2410 2513 2491 2581 οἷς
2520 2520 3092 2590 προανεφωνὴσαμεν,
3145 2519 3478 2591 ῥυθμιστέον
3516 2520 3614 2573 καὶ
3655 2519 3747 2574 ἆλ-

2171 2610 2280 2674 λως
2306 2611 2366 2665 τὸ
2395 2611 2799 2676 διδασκαλικὸν,
2833 2612 2909 2675 ὡς
2942 2612 3043 2666 οὐκ
3067 2611 3134 2666 ἂν
3162 2608 3317 2682 οἴμαι
3351 2612 3672 2683 βαρυνεῖται
3692 2612 3750 2665 τὺ

2169 2704 2297 2758 καθ’
2328 2706 2479 2776 ἡμᾶς
2531 2704 2676 2775 ἱερὸν
2722 2705 3005 2775 όμακόῖον.
3059 2704 3335 2758 Σπουδαὶα
3389 2706 3747 2776 πραγματεία

2172 2798 2462 2867 πρόκειται
2487 2798 2620 2867 ἡμῖν
2651 2797 2760 2850 ἀπὸ
2785 2795 2886 2865 τῆς
2916 2795 3041 2865 ἄρτι
3076 2796 3172 2849 καὶ
3203 2795 3309 2858 ἓως
3340 2795 3641 2867 τέρματος,
3671 2797 3749 2857 ei;

2171 2887 2311 2957 ὅπερ
2340 2889 2367 2940 6
2399 2886 2544 2949 θεῖος
2575 2885 2759 2940 κανὼν
2805 2887 2902 2949 τὰς
2937 2886 3244 2956 νηστιμους
3297 2886 3484 2956 ὥρισε.
3518 2904 3538 2937 ι
3573 2887 3749 2939 Σπου-

2171 2979 2330 3034 δαὶαν
2374 2997 2393 3031 ι
2442 2978 2501 3032 δέ
2532 2996 2715 3048 φαμεν
2741 2977 2842 3048 τὴν
2882 2976 3005 3032 κατ’
3034 2979 3259 3048 ἀρετὴν,
3288 2978 3348 3031 οὐ
3396 2977 3503 3048 μὴν
3533 2978 3633 3047 τὴν
3660 2977 3759 3030 ἄλο

2171 3070 2281 3132 λως
2335 3069 2722 3123 κενόσπουδον.
2762 3069 2957 3138 Ἀρετὴ
2990 3067 3047 3120 δὲ
3073 3070 3227 3122 πᾶσα
3273 3070 3369 3122 καὶ
3402 3069 3536 3139 περὶ
3587 3069 3753 3138 μεσό-

2173 3180 2312 3233 τητα
2343 3161 2662 3232 ἠσχόληται,
2692 3159 2760 3231 ἢν
2799 3159 2827 3211 ὁ
2860 3158 3052 3229 ἡθικὸς
3089 3158 3354 3230 ἀκριϐοῦν
3397 3157 3507 3212 οἶδε
3549 3160 3711 3227 σοφός
3735 3172 3759 3191 ο

2176 3256 2274 3308 καὶ
2300 3253 2430 3306 αὐτὸ
2469 3252 2524 3305 δὲ
2570 3251 2729 3305 τοῦτο
2764 3251 3002 3321 μεσότης
3042 3251 3137 3304 καὶ
3185 3252 3302 3305 ἐστι
3336 3250 3432 3305 καὶ
3481 3251 3753 3321 ὀνομάζε-

2174 3365 2286 3401 ται.
2318 3345 2541 3415 Ταύτης
2564 3343 2659 3397 οὖν
2695 3345 2791 3398 καὶ
2828 3345 2960 3415 ἡμῖν
3003 3344 3332 3414 στοχαστέον
3377 3345 3453 3407 ὼς
3492 3343 3752 3413 μάλιστα,

2178 3441 2295 3510 εἴγε
2335 3438 2666 3511 βουλοίμεθα
2713 3438 2782 3492 τὰ
2840 3438 2978 3506 πρὸς
3038 3438 3241 3508 ἀρετὴν
3295 3437 3754 3508 διαπράττεσθαι.

2180 3535 2294 3588 Καὶ
2325 3533 2479 3586 ἔσται
2527 3524 2627 3603 μὲν
2657 3533 2791 3601 ἡμῖν
2832 3531 2926 3584 καὶ
2967 3530 3142 3594 ἄλλως
3173 3530 3234 3584 τό
3278 3532 3442 3585 καλὸν
3471 3531 3631 3583 τοῦτο
3662 3549 3758 3583 πο-

2178 3626 2470 3697 λύτροπον,
2506 3623 2602 3677 τοῦ
2654 3623 2778 3692 Θεῷ
2833 3624 2930 3677 καὶ
2960 3623 3272 3694 ἀνθρώποις
3329 3624 3755 3693 μεσιτεύσαντος

2185 3720 2355 3789 μέσου
2378 3716 2673 3788 γινομένου
2700 3714 2977 3769 κάνταῦθα
3008 3715 3077 3768 τὰ
3109 3715 3186 3776 εἰς
3227 3716 3396 3785 ἡμᾶς.
3430 3712 3758 3785 Εύπορηθὴ-

2185 3830 2340 3865 σεται
2366 3810 2422 3863 δὲ
2456 3814 2572 3875 καὶ,
2606 3808 2681 3871 ὼς
2710 3809 2737 3861 ὁ
2766 3807 2923 3875 λόγος
2954 3806 3117 3870 εὐθὺς
3151 3804 3598 3861 ὑποτυπώσεται.
3626 3808 3754 3858 Στο-

2180 3903 2481 3975 χασώμεθα
2502 3904 2599 3970 τῆς
2623 3901 2898 3971 θεότητος,
2930 3900 3249 3970 μεσότητος,
3282 3893 3325 3951 ὧ
3362 3900 3601 3966 ἀδελφοὶ,
3636 3899 3758 3950 καθ’

2179 3996 2247 4065 ἣν
2280 3997 2338 4046 ἐν
2365 3994 2498 4064 ἡμῖν
2523 3993 2583 4046 τό
2610 4010 2666 4045 τε
2691 3992 2888 4062 ὁρατὸν
2913 3990 3252 4062 τεθεώρηται
3282 3991 3376 4042 καὶ
3403 3990 3468 4041 τὸ
3498 3991 3755 4059 ἀόρατον

491 4087 676 4132 rantes
711 4079 855 4146 quod
897 4080 930 4133 ii
960 4081 1052 4151 qui
1087 4083 1319 4137 medium
1350 4084 1494 4154 quod
1524 4086 1645 4152 plus
1679 4100 1838 4154 quam
1879 4087 2066 4140 huma-

2182 4089 2277 4139 καὶ
2310 4085 2645 4155 σκεψάμενοι
2685 4083 3108 4154 ὲπινοησὼμεθα
3139 4083 3439 4152 μεσότητος
3485 4081 3632 4134 ἰδέαν
3673 4082 3758 4135 ἕλ-

492 4183 619 4221 num
638 4179 741 4234 est,
766 4172 1068 4239 transgredi
1093 4175 1312 4241 audent,
1339 4175 1478 4245 jam,
1501 4185 1705 4229 mutata
1734 4176 1933 4239 indole,
1965 4192 2071 4231 non

492 4256 763 4325 homines,
801 4264 896 4317 sed
933 4265 1108 4333 angeli
1151 4280 1214 4319 ac
1244 4265 1503 4320 cmlicolae
1535 4276 1850 4321 evaserunt.
1882 4268 2072 4322 Plures

491 4348 748 4421 deinceps
765 4353 914 4408 fuere
938 4355 1031 4424 qui
1056 4358 1327 4425 hominem
1346 4373 1531 4428 coquo
1554 4373 1651 4427 par
1671 4374 1773 4413 non
1797 4371 1937 4426 erat,
1953 4371 2076 4429 per-

2183 4179 2366 4245 ).ογον,
2395 4178 2492 4229 καὶ
2533 4176 2935 4245 ἱστορήσωμεν,
2969 4173 3044 4236 ὡς
3078 4174 3127 4225 οἱ
3166 4173 3264 4242 μὲν
3314 4173 3424 4224 τῶν
3454 4171 3581 4223 καθ’
3610 4173 3759 4241 ἡμᾶς

2186 4253 2601 4339 ὑπεραναδῆναι
2628 4267 2688 4320 τὸ
2734 4267 2855 4320 κατ’
2901 4267 3188 4334 ἄνθρωπον
3244 4266 3409 4336 μέσον
3453 4265 3759 4333 φιλονεική-

2188 4378 2403 4427 σαντες,
2429 4360 2744 4427 ἐϐιάσαντο,
2778 4359 2852 4429 μὴ
2883 4357 3070 4420 ἁπλῶς
3098 4356 3377 4428 ἄνθρωποι
3408 4359 3615 4426 μεῖναι,
3648 4357 3759 4410 ἀλλ’

492 4443 785 4506 duxerunt,
812 4445 882 4497 ita
900 4454 956 4499 ut
980 4456 1119 4501 terra
1141 4463 1260 4503 esse
1286 4449 1579 4516 noluerint,
1603 4451 1710 4505 imo
1728 4451 1779 4505 in
1812 4460 2066 4506 tartarum

2184 4452 2441 4523 ἄντικρυς
2476 4451 2768 4518 νοωθῆναι,
2803 4451 2895 4502 καὶ
2926 4450 3005 4513 εἰς
3037 4449 3169 4518 ὕψος
3199 4448 3558 4518 ἁναθλιϐἧναι
3593 4450 3760 4517 ἀγγε-

492 4548 555 4588 se
587 4535 1069 4604 pracipitavermt.
1112 4539 1204 4595 Sic
1238 4541 1405 4611 igitur
1462 4559 1520 4598 re
1579 4558 1839 4613 perpensa
1872 4545 2074 4599 medie-

2182 4544 2352 4608 λικὸν,
2407 4546 2501 4596 καὶ
2541 4541 2797 4611 γενέσθαι
2837 4542 3102 4613 οὐράνιοι.
3141 4540 3369 4603 Πλειους
3411 4540 3467 4593 δέ
3519 4556 3583 4604 γε
3616 4539 3761 4593 ἄλλοι

497 4634 661 4680 tatem
698 4626 753 4680 in
791 4627 940 4684 hisce
978 4633 1140 4687 rebus
1169 4635 1556 4705 arrnplectamut
1582 4653 1606 4703 -;
1667 4646 1723 4691 et
1767 4637 1912 4706 quod
1978 4636 2066 4691 alit

2180 4636 2496 4704 κατήγαγον
2527 4636 2619 4687 τὸν
2650 4633 2967 4704 ἄνθρωπον,
3012 4634 3091 4695 εἰς
3126 4633 3262 4702 ὅπερ
3306 4631 3407 4683 οὐκ
3442 4632 3634 4700 ἐχρῆν,
3670 4632 3762 4684 καὶ

497 4720 565 4770 ad
595 4720 886 4776 Volandum
918 4725 1129 4791 praediti
1166 4742 1271 4781 non
1307 4743 1494 4782 smnus
1544 4727 1744 4798 quibus
1797 4729 1850 4783 in
1914 4728 2066 4784 subli-

2182 4727 2284 4782 ούκ
2315 4725 2613 4798 ἠγάπησαν
2647 4725 2752 4778 κᾶν
2787 4723 2918 4794 γοῦν
2958 4719 3099 4776 εἶναι
3134 4724 3227 4792 γῆ,
3263 4722 3381 4776 ἀλλ’
3417 4722 3761 4775 ὑπεϐίόασαν

498 4824 641 4862 mem
669 4825 849 4867 acrem
879 4813 994 4870 tolli
1060 4817 1357 4886 valeamus,
1426 4828 1715 4875 terrestres
1770 4820 2066 4876 animante:

2185 4820 2416 4883 ἑαυτοὺς
2447 4818 2522 4881 ὡς
2554 4818 2636 4881 εἰς
2693 4817 2991 4888 τάρταρον.
3037 4816 3148 4870 Καὶ
3195 4812 3339 4868 οὕτω
3375 4811 3759 4885 θεωρήσαντες

497 4915 624 4958 esse
652 4913 988 4975 satagamus,
1028 4908 1173 4964 sicut
1214 4910 1329 4980 ipsa
1359 4921 1555 4964 natura
1602 4909 1869 4980 praecipit.

2185 4913 2350 4984 ἡμεῖς
2380 4910 2677 4982 γενώμεθα
2702 4910 2795 4964 τοῦ
2829 4910 2888 4964 ὲν
2927 4909 3141 4972 τούτοις
3177 4910 3349 4979 μέσου
3376 4925 3391 4940 ⁸
3423 4910 3522 4961 καὶ
3557 4910 3643 4962 ὅτι
3690 4907 3763 4978 μὴ

2188 5005 2366 5074 πτερὰ
2405 5003 2604 5075 ἔχομεν
2635 5001 2816 5072 φύειν,
2844 5000 2914 5054 δι’
2968 4994 3043 5054 ὧν
3099 4999 3215 5054 ἄνω
3259 4998 3624 5069 κουφίζεσθαι
3676 5003 3763 5053 δυ-

2188 5095 2493 5168 νησόμεθα,
2528 5094 2859 5164 σπεύδοιμεν
2909 5091 3044 5146 ἀλλὰ
3073 5091 3205 5162 γοῦν
3248 5087 3393 5145 εἶναι.
3441 5093 3624 5161 γήϊνοι
3675 5092 3765 5146 καὶ

2193 5187 2368 5252 ζωῖκὰ
2399 5187 2641 5255 φρονεῖν,
2667 5184 2742 5247 ὡς
2764 5185 2798 5255 ὴ
2827 5182 2927 5253 τῆς
2950 5182 3165 5253 φύσεως
3198 5181 3433 5254 ὀρθότης
3463 5183 3764 5247 κανονίζειν

2198 5280 2541 5351 προτίθεται.

2267 5372 2371 5426 λα’.
2399 5370 2538 5433 Βοῦς
2571 5370 2632 5422 ού
2663 5367 2947 5439 ψεύδεται,
2985 5367 3123 5437 ὅπερ
3162 5366 3331 5433 ἐστὶν,
3363 5366 3487 5421 οῦδὲ
3537 5370 3649 5429 τοῖς
3676 5365 3765 5418 τοῦ

2199 5467 2369 5519 ῐππου
2402 5463 2593 5535 ἤθεσιν
2619 5461 2901 5515 ἐπιϐάλλει
2921 5476 2936 5492 ο
2963 5460 3152 5523 ἵππος,
3185 5458 3302 5511 ἀλλ’
3328 5459 3453 5512 οὐδὲ
3484 5459 3644 5522 αὐτὸς
3671 5474 3769 5510 πα-

2205 5556 2435 5626 ρανομεῖ
2464 5555 2532 5607 τὰ
2560 5553 2647 5623 ἐφ’
2677 5547 2758 5615 οἷς
2791 5551 3093 5622 παρῆκται.
3128 5549 3413 5619 Πρόϐατον
3464 5550 3619 5619 μένει
3648 5546 3767 5613 εὔη-

2204 5649 2294 5711 θες
2326 5645 2414 5700 διὰ
2445 5645 2584 5715 βίου.
2613 5645 2721 5698 Τὸν
2776 5638 2908 5712 αἶγα
2949 5643 3135 5712 βόσκει
3183 5642 3244 5695 τὸ
3276 5642 3403 5695 κατ’
3436 5642 3601 5696 αὐτὸν
3634 5640 3765 5700 ἔθος.

2206 5740 2325 5793 Τῶν
2357 5739 2532 5794 ἄλλων
2568 5738 2799 5793 ἕκαστον
2839 5737 2937 5790 οὐκ
2964 5737 3076 5789 ἔσθ’
3108 5737 3253 5797 ὅπως
3284 5735 3342 5786 τὸ
3376 5735 3608 5803 φυσικὸν
3634 5731 3761 5798 θέμις

579 5377 673 5434 '51.
703 5375 807 5432 Bos
836 5385 1088 5432 naturam
1120 5386 1273 5429 snam
1323 5388 1427 5429 non
1492 5383 1655 5444 negat
1702 5375 1954 5443 equinam
2014 5377 2090 5431 si-

513 5473 792 5538 mulando,
827 5487 926 5528 nec
960 5468 1311 5525 destinationi
1353 5481 1464 5522 sure
1522 5470 1799 5522 contraria
1835 5468 1985 5521 facit.
2022 5467 2093 5524 0-

512 5563 596 5617 vis
622 5562 867 5617 eamdem
902 5575 1116 5629 semper
1154 5557 1623 5612 mansuetudinem
1657 5566 1968 5621 monstrat;
2005 5573 2094 5611 ca-

514 5665 618 5720 pra
648 5661 707 5705 ut
736 5650 1015 5705 consuevit
1064 5651 1322 5721 pascitur,
1384 5660 1437 5704 et
1471 5651 1551 5704 sic
1595 5658 1788 5704 caetera
1844 5649 2094 5704 animalia

517 5738 755 5797 indolem
792 5743 1117 5812 peculiarem
1150 5753 1385 5802 servant.
1445 5741 1625 5808 Quare
1678 5758 1775 5799 nos
1835 5743 1932 5808 ipsi
1967 5755 2098 5809 quo-
