  <div class='ocr_page' id='page_1' title='image "/cluster/home/n/w/nwhite01/storage/ocr_20150623/135/mdp.39015029921197/358.png"; bbox 0 0 3884 6244; ppageno 0'>
   <div class='ocr_carea' id='block_1_1' title="bbox 118 325 219 392">
    <p class='ocr_par' dir='ltr' id='par_1_1' title="bbox 118 325 219 392">
     <span class='ocr_line' id='line_1_1' title="bbox 118 325 219 392; baseline -0.01 0"><span class='ocrx_word' id='word_1_1' title='bbox 118 325 219 392; x_wconf 71' lang='grc' dir='ltr'>τοι</span> 
     </span>
    </p>
   </div>
   <div class='ocr_carea' id='block_1_2' title="bbox 1083 336 2422 434">
    <p class='ocr_par' dir='ltr' id='par_1_2' title="bbox 1083 336 2422 434">
     <span class='ocr_line' id='line_1_2' title="bbox 1083 336 2422 434; baseline 0.023 -31"><span class='ocrx_word' id='word_1_2' title='bbox 1083 340 1166 405; x_wconf 81' lang='grc' dir='ltr'><strong>ΙΝ</strong></span> <span class='ocrx_word' id='word_1_3' title='bbox 1200 344 1257 409; x_wconf 89' lang='lat' dir='ltr'><strong>S.</strong></span> <span class='ocrx_word' id='word_1_4' title='bbox 1280 336 1959 420; x_wconf 32' lang='lat' dir='ltr'><strong>“QUADRAGESIMAM</strong></span> <span class='ocrx_word' id='word_1_5' title='bbox 1996 362 2278 429; x_wconf 80' lang='lat' dir='ltr'>ORATIO</span> <span class='ocrx_word' id='word_1_6' title='bbox 2325 368 2422 434; x_wconf 81' lang='grc' dir='ltr'>ιν.</span> 
     </span>
    </p>
   </div>
   <div class='ocr_carea' id='block_1_3' title="bbox 3266 389 3376 456">
    <p class='ocr_par' dir='ltr' id='par_1_3' title="bbox 3266 389 3376 456">
     <span class='ocr_line' id='line_1_3' title="bbox 3266 389 3376 456; baseline 0.064 -7"><span class='ocrx_word' id='word_1_7' title='bbox 3266 389 3376 456; x_wconf 75' lang='lat'><strong>702</strong></span> 
     </span>
    </p>
   </div>
   <div class='ocr_carea' id='block_1_4' title="bbox 119 442 1685 559">
    <p class='ocr_par' dir='ltr' id='par_1_4' title="bbox 119 442 1685 559">
     <span class='ocr_line' id='line_1_4' title="bbox 119 442 1685 559; baseline 0.008 -60"><span class='ocrx_word' id='word_1_8' title='bbox 119 444 485 517; x_wconf 80' lang='grc' dir='ltr'>παρατίθησι.</span> <span class='ocrx_word' id='word_1_9' title='bbox 526 447 805 520; x_wconf 72' lang='grc' dir='ltr'>Μενοιμεν</span> <span class='ocrx_word' id='word_1_10' title='bbox 831 446 925 506; x_wconf 76' lang='grc' dir='ltr'><strong>οὖν</strong></span> <span class='ocrx_word' id='word_1_11' title='bbox 956 454 1050 507; x_wconf 80' lang='grc' dir='ltr'><strong>καὶ</strong></span> <span class='ocrx_word' id='word_1_12' title='bbox 1083 442 1578 559; x_wconf 50' lang='grc' dir='ltr'>ἡμεῖςίᾰκνιῖρωποι,</span> <span class='ocrx_word' id='word_1_13' title='bbox 1611 468 1685 521; x_wconf 70' lang='grc' dir='ltr'><strong>αι.</strong></span> 
     </span>
    </p>
   </div>
   <div class='ocr_carea' id='block_1_5' title="bbox 1793 442 3374 559">
    <p class='ocr_par' dir='ltr' id='par_1_5' title="bbox 1797 476 3374 559">
     <span class='ocr_line' id='line_1_5' title="bbox 1797 476 3374 559; baseline 0.023 -36"><span class='ocrx_word' id='word_1_14' title='bbox 1797 487 1903 542; x_wconf 90' lang='lat' dir='ltr'><strong>que</strong></span> <span class='ocrx_word' id='word_1_15' title='bbox 1998 476 2244 534; x_wconf 86' lang='lat' dir='ltr'><strong>homines</strong></span> <span class='ocrx_word' id='word_1_16' title='bbox 2275 499 2372 538; x_wconf 92' lang='lat' dir='ltr'><strong>nos</strong></span> <span class='ocrx_word' id='word_1_17' title='bbox 2444 487 2784 555; x_wconf 62' lang='lat' dir='ltr'><strong>praebeamus</strong></span> <span class='ocrx_word' id='word_1_18' title='bbox 2855 500 2910 547; x_wconf 86' lang='lat' dir='ltr'><strong>et</strong></span> <span class='ocrx_word' id='word_1_19' title='bbox 2991 496 3374 559; x_wconf 75' lang='lat' dir='ltr'><strong>erubescamus</strong></span> 
     </span>
    </p>
   </div>
   <div class='ocr_carea' id='block_1_6' title="bbox 118 524 1695 625">
    <p class='ocr_par' dir='ltr' id='par_1_6' title="bbox 118 524 1695 625">
     <span class='ocr_line' id='line_1_6' title="bbox 118 524 1695 625; baseline 0.015 -36"><span class='ocrx_word' id='word_1_20' title='bbox 118 536 476 608; x_wconf 80' lang='grc' dir='ltr'>σχυνόμενοι,</span> <span class='ocrx_word' id='word_1_21' title='bbox 508 538 605 593; x_wconf 72' lang='grc' dir='ltr'><strong>ἐὰν</strong></span> <span class='ocrx_word' id='word_1_22' title='bbox 631 540 720 594; x_wconf 68' lang='grc' dir='ltr'><strong>ἐπ’</strong></span> <span class='ocrx_word' id='word_1_23' title='bbox 745 539 927 605; x_wconf 74' lang='grc' dir='ltr'>ἄλλοις</span> <span class='ocrx_word' id='word_1_24' title='bbox 951 544 1013 596; x_wconf 75' lang='grc' dir='ltr'>οὐ</span> <span class='ocrx_word' id='word_1_25' title='bbox 1040 524 1455 623; x_wconf 58' lang='grc' dir='ltr'>παρηγώμενοι</span> <span class='ocrx_word' id='word_1_26' title='bbox 1483 524 1695 625; x_wconf 75' lang='grc' dir='ltr'>ἁπλῶς,</span> 
     </span>
    </p>
   </div>
   <div class='ocr_carea' id='block_1_7' title="bbox 116 627 1697 721">
    <p class='ocr_par' dir='ltr' id='par_1_7' title="bbox 116 627 1697 721">
     <span class='ocr_line' id='line_1_7' title="bbox 116 627 1697 721; baseline 0.015 -41"><span class='ocrx_word' id='word_1_27' title='bbox 116 627 258 681; x_wconf 78' lang='grc' dir='ltr'><strong>ἀλλά</strong></span> <span class='ocrx_word' id='word_1_28' title='bbox 294 630 442 699; x_wconf 78' lang='grc' dir='ltr'>χειρὶ</span> <span class='ocrx_word' id='word_1_29' title='bbox 479 631 617 685; x_wconf 80' lang='grc' dir='ltr'>Θεοῦ</span> <span class='ocrx_word' id='word_1_30' title='bbox 649 632 1050 703; x_wconf 79' lang='grc' dir='ltr'>πεπλασμένοι,</span> <span class='ocrx_word' id='word_1_31' title='bbox 1083 636 1458 715; x_wconf 65' lang='grc' dir='ltr'>τὺν“τεχνίτην</span> <span class='ocrx_word' id='word_1_32' title='bbox 1501 649 1697 721; x_wconf 79' lang='grc' dir='ltr'>αἰσχύ-</span> 
     </span>
    </p>
   </div>
   <div class='ocr_carea' id='block_1_8' title="bbox 120 720 1699 810">
    <p class='ocr_par' dir='ltr' id='par_1_8' title="bbox 120 720 1699 810">
     <span class='ocr_line' id='line_1_8' title="bbox 120 720 1699 810; baseline 0.015 -40"><span class='ocrx_word' id='word_1_33' title='bbox 120 734 325 786; x_wconf 82' lang='grc' dir='ltr'>νωμεν.</span> <span class='ocrx_word' id='word_1_34' title='bbox 374 720 720 791; x_wconf 79' lang='grc' dir='ltr'>Ἐτὰχθημεν</span> <span class='ocrx_word' id='word_1_35' title='bbox 753 725 874 777; x_wconf 86' lang='grc' dir='ltr'>κατ’</span> <span class='ocrx_word' id='word_1_36' title='bbox 924 728 1112 782; x_wconf 81' lang='grc' dir='ltr'>είκόνα</span> <span class='ocrx_word' id='word_1_37' title='bbox 1136 728 1274 785; x_wconf 81' lang='grc' dir='ltr'>Θεοῦ</span> <span class='ocrx_word' id='word_1_38' title='bbox 1294 750 1309 766; x_wconf 75' lang='grc' dir='ltr'><strong>ο</strong></span> <span class='ocrx_word' id='word_1_39' title='bbox 1355 736 1491 807; x_wconf 78' lang='grc' dir='ltr'>μηδὲ</span> <span class='ocrx_word' id='word_1_40' title='bbox 1523 757 1699 810; x_wconf 79' lang='grc' dir='ltr'>παρα-</span> 
     </span>
    </p>
   </div>
   <div class='ocr_carea' id='block_1_9' title="bbox 120 809 1699 901">
    <p class='ocr_par' dir='ltr' id='par_1_9' title="bbox 120 809 1699 901">
     <span class='ocr_line' id='line_1_9' title="bbox 120 809 1699 901; baseline 0.017 -42"><span class='ocrx_word' id='word_1_41' title='bbox 120 809 494 901; x_wconf 58' lang='grc' dir='ltr'>χαράττοιμεν</span> <span class='ocrx_word' id='word_1_42' title='bbox 526 814 587 866; x_wconf 82' lang='grc' dir='ltr'><strong>τὸ</strong></span> <span class='ocrx_word' id='word_1_43' title='bbox 617 813 761 869; x_wconf 81' lang='grc' dir='ltr'>θεῖον</span> <span class='ocrx_word' id='word_1_44' title='bbox 796 818 1105 888; x_wconf 76' lang='grc' dir='ltr'>είκόνισμα.</span> <span class='ocrx_word' id='word_1_45' title='bbox 1138 823 1403 890; x_wconf 78' lang='grc' dir='ltr'>Τεθέντες</span> <span class='ocrx_word' id='word_1_46' title='bbox 1433 830 1491 881; x_wconf 82' lang='grc' dir='ltr'>ὲν</span> <span class='ocrx_word' id='word_1_47' title='bbox 1519 809 1699 901; x_wconf 87' lang='grc' dir='ltr'>παρα-</span> 
     </span>
    </p>
   </div>
   <div class='ocr_carea' id='block_1_10' title="bbox 116 894 1694 989">
    <p class='ocr_par' dir='ltr' id='par_1_10' title="bbox 116 894 1694 989">
     <span class='ocr_line' id='line_1_10' title="bbox 116 894 1694 989; baseline 0.017 -40"><span class='ocrx_word' id='word_1_48' title='bbox 116 896 305 969; x_wconf 75' lang='grc' dir='ltr'>δείσῳ,</span> <span class='ocrx_word' id='word_1_49' title='bbox 326 894 450 989; x_wconf 6' lang='grc' dir='ltr'>,εἶτα</span> <span class='ocrx_word' id='word_1_50' title='bbox 475 903 918 971; x_wconf 77' lang='grc' dir='ltr'>ἐκπεπτωκότες,</span> <span class='ocrx_word' id='word_1_51' title='bbox 945 908 1389 986; x_wconf 76' lang='grc' dir='ltr'>βιαζοίμεθατὴν</span> <span class='ocrx_word' id='word_1_52' title='bbox 1409 894 1694 989; x_wconf 75' lang='grc' dir='ltr'>ἐπάνοδον,</span> 
     </span>
    </p>
   </div>
   <div class='ocr_carea' id='block_1_11' title="bbox 120 988 1695 1080">
    <p class='ocr_par' dir='ltr' id='par_1_11' title="bbox 120 988 1695 1080">
     <span class='ocr_line' id='line_1_11' title="bbox 120 988 1695 1080; baseline 0.018 -42"><span class='ocrx_word' id='word_1_53' title='bbox 120 988 215 1039; x_wconf 83' lang='grc' dir='ltr'><strong>καί</strong></span> <span class='ocrx_word' id='word_1_54' title='bbox 271 988 351 1058; x_wconf 79' lang='grc' dir='ltr'>μὴ</span> <span class='ocrx_word' id='word_1_55' title='bbox 403 990 823 1063; x_wconf 82' lang='grc' dir='ltr'>φιλοτιμὼμεθα</span> <span class='ocrx_word' id='word_1_56' title='bbox 876 997 968 1050; x_wconf 74' lang='grc' dir='ltr'>τὸν</span> <span class='ocrx_word' id='word_1_57' title='bbox 1024 1000 1308 1057; x_wconf 77' lang='grc' dir='ltr'>ἐπιπλεῖον</span> <span class='ocrx_word' id='word_1_58' title='bbox 1360 1008 1695 1080; x_wconf 80' lang='grc' dir='ltr'>ἀφορισμόν.</span> 
     </span>
    </p>
   </div>
   <div class='ocr_carea' id='block_1_12' title="bbox 131 1079 1699 1161">
    <p class='ocr_par' dir='ltr' id='par_1_12' title="bbox 131 1079 1699 1161">
     <span class='ocr_line' id='line_1_12' title="bbox 131 1079 1699 1161; baseline 0.017 -30"><span class='ocrx_word' id='word_1_59' title='bbox 131 1079 595 1152; x_wconf 82' lang='grc' dir='ltr'>Ἐντρεποίμεθα,</span> <span class='ocrx_word' id='word_1_60' title='bbox 628 1088 678 1139; x_wconf 84' lang='grc' dir='ltr'><strong>εί</strong></span> <span class='ocrx_word' id='word_1_61' title='bbox 708 1087 883 1142; x_wconf 79' lang='grc' dir='ltr'>τᾶλλα</span> <span class='ocrx_word' id='word_1_62' title='bbox 932 1091 1033 1161; x_wconf 77' lang='grc' dir='ltr'>μὲν</span> <span class='ocrx_word' id='word_1_63' title='bbox 1063 1091 1179 1156; x_wconf 78' lang='grc' dir='ltr'>ζῶα</span> <span class='ocrx_word' id='word_1_64' title='bbox 1207 1097 1269 1149; x_wconf 88' lang='grc' dir='ltr'>οὐ</span> <span class='ocrx_word' id='word_1_65' title='bbox 1320 1079 1699 1158; x_wconf 14' lang='grc' dir='ltr'>θέλουσινίάν-</span> 
     </span>
    </p>
   </div>
   <div class='ocr_carea' id='block_1_13' title="bbox 118 1172 1699 1268">
    <p class='ocr_par' dir='ltr' id='par_1_13' title="bbox 118 1172 1699 1268">
     <span class='ocr_line' id='line_1_13' title="bbox 118 1172 1699 1268; baseline 0.017 -44"><span class='ocrx_word' id='word_1_66' title='bbox 118 1172 522 1242; x_wconf 77' lang='grc' dir='ltr'>θρωπίζεσθαι,</span> <span class='ocrx_word' id='word_1_67' title='bbox 544 1178 706 1247; x_wconf 81' lang='grc' dir='ltr'><strong>ἡμεῖς</strong></span> <span class='ocrx_word' id='word_1_68' title='bbox 728 1179 785 1234; x_wconf 72' lang='grc' dir='ltr'>δὲ</span> <span class='ocrx_word' id='word_1_69' title='bbox 817 1182 1204 1255; x_wconf 83' lang='grc' dir='ltr'>ἀλογιζόμεθα,</span> <span class='ocrx_word' id='word_1_70' title='bbox 1229 1191 1320 1244; x_wconf 62' lang='grc' dir='ltr'><strong>καὶ¹</strong></span> <span class='ocrx_word' id='word_1_71' title='bbox 1343 1191 1402 1245; x_wconf 65' lang='lat' dir='ltr'><strong>ab</strong></span> <span class='ocrx_word' id='word_1_72' title='bbox 1420 1195 1523 1264; x_wconf 85' lang='grc' dir='ltr'><strong>τῆς</strong></span> <span class='ocrx_word' id='word_1_73' title='bbox 1548 1212 1699 1268; x_wconf 87' lang='grc' dir='ltr'>παρ-</span> 
     </span>
    </p>
   </div>
   <div class='ocr_carea' id='block_1_14' title="bbox 116 1265 1696 1357">
    <p class='ocr_par' dir='ltr' id='par_1_14' title="bbox 116 1265 1696 1357">
     <span class='ocr_line' id='line_1_14' title="bbox 116 1265 1696 1357; baseline 0.019 -44"><span class='ocrx_word' id='word_1_74' title='bbox 116 1265 348 1357; x_wconf 80' lang='grc' dir='ltr'>αγωγῆς</span> <span class='ocrx_word' id='word_1_75' title='bbox 395 1267 733 1339; x_wconf 79' lang='grc' dir='ltr'>ἀχρειοῦμεν</span> <span class='ocrx_word' id='word_1_76' title='bbox 789 1274 994 1345; x_wconf 87' lang='grc' dir='ltr'>τίμιον.</span> <span class='ocrx_word' id='word_1_77' title='bbox 1051 1279 1292 1351; x_wconf 82' lang='grc' dir='ltr'>Ἐχομεν</span> <span class='ocrx_word' id='word_1_78' title='bbox 1340 1265 1696 1357; x_wconf 68' lang='grc' dir='ltr'>παμϐασιλέα</span> 
     </span>
    </p>
   </div>
   <div class='ocr_carea' id='block_1_15' title="bbox 115 1355 1694 1442">
    <p class='ocr_par' dir='ltr' id='par_1_15' title="bbox 115 1355 1694 1442">
     <span class='ocr_line' id='line_1_15' title="bbox 115 1355 1694 1442; baseline 0.018 -35"><span class='ocrx_word' id='word_1_79' title='bbox 115 1355 252 1409; x_wconf 75' lang='grc' dir='ltr'>Θεόν</span> <span class='ocrx_word' id='word_1_80' title='bbox 272 1372 291 1389; x_wconf 77' lang='grc' dir='ltr'><strong><em>ο</em></strong></span> <span class='ocrx_word' id='word_1_81' title='bbox 324 1359 550 1429; x_wconf 70' lang='grc' dir='ltr'>οἴδαμεν</span> <span class='ocrx_word' id='word_1_82' title='bbox 575 1361 668 1417; x_wconf 79' lang='grc' dir='ltr'><strong>τὸν</strong></span> <span class='ocrx_word' id='word_1_83' title='bbox 695 1363 757 1428; x_wconf 73' lang='grc' dir='ltr'><strong>ἐξ</strong></span> <span class='ocrx_word' id='word_1_84' title='bbox 814 1367 1026 1423; x_wconf 78' lang='grc' dir='ltr'>ἐκείνου</span> <span class='ocrx_word' id='word_1_85' title='bbox 1054 1372 1394 1442; x_wconf 80' lang='grc' dir='ltr'><strong>ἀποστάντα,</strong></span> <span class='ocrx_word' id='word_1_86' title='bbox 1427 1355 1529 1432; x_wconf 19' lang='grc' dir='ltr'>ντδν</span> <span class='ocrx_word' id='word_1_87' title='bbox 1565 1382 1694 1435; x_wconf 85' lang='grc' dir='ltr'>ἀντ·-</span> 
     </span>
    </p>
   </div>
   <div class='ocr_carea' id='block_1_16' title="bbox 113 1447 1699 1539">
    <p class='ocr_par' dir='ltr' id='par_1_16' title="bbox 113 1447 1699 1539">
     <span class='ocr_line' id='line_1_16' title="bbox 113 1447 1699 1539; baseline 0.019 -41"><span class='ocrx_word' id='word_1_88' title='bbox 113 1447 319 1517; x_wconf 84' lang='grc' dir='ltr'>ἀρτην,</span> <span class='ocrx_word' id='word_1_89' title='bbox 364 1450 460 1503; x_wconf 77' lang='grc' dir='ltr'><strong>τὸν</strong></span> <span class='ocrx_word' id='word_1_90' title='bbox 506 1453 807 1524; x_wconf 81' lang='grc' dir='ltr'><strong>ἀλιτήριον.</strong></span> <span class='ocrx_word' id='word_1_91' title='bbox 844 1460 936 1530; x_wconf 82' lang='grc' dir='ltr'><strong>Μὴ</strong></span> <span class='ocrx_word' id='word_1_92' title='bbox 963 1457 1059 1515; x_wconf 83' lang='grc' dir='ltr'><strong>οὖν</strong></span> <span class='ocrx_word' id='word_1_93' title='bbox 1088 1464 1439 1539; x_wconf 81' lang='grc' dir='ltr'>ἀνταίρωμεν</span> <span class='ocrx_word' id='word_1_94' title='bbox 1481 1473 1574 1526; x_wconf 72' lang='grc' dir='ltr'>καὶ</span> <span class='ocrx_word' id='word_1_95' title='bbox 1600 1474 1699 1527; x_wconf 82' lang='grc' dir='ltr'><strong>αὒ-</strong></span> 
     </span>
    </p>
   </div>
   <div class='ocr_carea' id='block_1_17' title="bbox 111 1542 1697 1632">
    <p class='ocr_par' dir='ltr' id='par_1_17' title="bbox 111 1542 1697 1632">
     <span class='ocr_line' id='line_1_17' title="bbox 111 1542 1697 1632; baseline 0.017 -41"><span class='ocrx_word' id='word_1_96' title='bbox 111 1543 222 1606; x_wconf 78' lang='grc' dir='ltr'>τοὶ,</span> <span class='ocrx_word' id='word_1_97' title='bbox 256 1542 398 1596; x_wconf 72' lang='grc' dir='ltr'><strong>ἀλλά</strong></span> <span class='ocrx_word' id='word_1_98' title='bbox 426 1544 522 1597; x_wconf 81' lang='grc' dir='ltr'>τοῦ</span> <span class='ocrx_word' id='word_1_99' title='bbox 559 1546 826 1615; x_wconf 79' lang='grc' dir='ltr'>βασιλέως</span> <span class='ocrx_word' id='word_1_100' title='bbox 855 1555 1165 1624; x_wconf 82' lang='grc' dir='ltr'>γινοίμεθα.</span> <span class='ocrx_word' id='word_1_101' title='bbox 1196 1558 1287 1630; x_wconf 81' lang='grc' dir='ltr'><strong>Μὴ</strong></span> <span class='ocrx_word' id='word_1_102' title='bbox 1310 1564 1697 1632; x_wconf 76' lang='grc' dir='ltr'>στρατολογοί-</span> 
     </span>
    </p>
   </div>
   <div class='ocr_carea' id='block_1_18' title="bbox 116 1633 1698 1719">
    <p class='ocr_par' dir='ltr' id='par_1_18' title="bbox 116 1633 1698 1719">
     <span class='ocr_line' id='line_1_18' title="bbox 116 1633 1698 1719; baseline 0.015 -34"><span class='ocrx_word' id='word_1_103' title='bbox 116 1633 263 1703; x_wconf 82' lang='grc' dir='ltr'>μεθα</span> <span class='ocrx_word' id='word_1_104' title='bbox 296 1635 376 1705; x_wconf 83' lang='grc' dir='ltr'>τῷ</span> <span class='ocrx_word' id='word_1_105' title='bbox 406 1637 737 1712; x_wconf 82' lang='grc' dir='ltr'>κληρονόμῳ</span> <span class='ocrx_word' id='word_1_106' title='bbox 763 1644 857 1697; x_wconf 84' lang='grc' dir='ltr'>τοῦ</span> <span class='ocrx_word' id='word_1_107' title='bbox 898 1647 1200 1719; x_wconf 82' lang='grc' dir='ltr'>ταρτάρου,</span> <span class='ocrx_word' id='word_1_108' title='bbox 1233 1652 1351 1705; x_wconf 84' lang='grc' dir='ltr'>ἀλλ’</span> <span class='ocrx_word' id='word_1_109' title='bbox 1394 1655 1698 1709; x_wconf 74' lang='grc' dir='ltr'>ἐπακολου-</span> 
     </span>
    </p>
   </div>
   <div class='ocr_carea' id='block_1_19' title="bbox 1804 564 3375 657">
    <p class='ocr_par' dir='ltr' id='par_1_19' title="bbox 1804 564 3375 657">
     <span class='ocr_line' id='line_1_19' title="bbox 1804 564 3375 657; baseline 0.018 -38"><span class='ocrx_word' id='word_1_110' title='bbox 1804 564 2101 624; x_wconf 87' lang='lat' dir='ltr'><strong>inhumana</strong></span> <span class='ocrx_word' id='word_1_111' title='bbox 2128 571 2307 628; x_wconf 76' lang='lat' dir='ltr'><strong>facere</strong></span> <span class='ocrx_word' id='word_1_112' title='bbox 2346 586 2398 629; x_wconf 89' lang='lat' dir='ltr'><strong>et</strong></span> <span class='ocrx_word' id='word_1_113' title='bbox 2427 580 2688 635; x_wconf 82' lang='lat' dir='ltr'><strong>artiﬁcem</strong></span> <span class='ocrx_word' id='word_1_114' title='bbox 2741 582 2908 639; x_wconf 87' lang='lat' dir='ltr'><strong>Deum</strong></span> <span class='ocrx_word' id='word_1_115' title='bbox 2943 588 3095 657; x_wconf 85' lang='lat' dir='ltr'><strong>cujus</strong></span> <span class='ocrx_word' id='word_1_116' title='bbox 3122 599 3187 644; x_wconf 87' lang='lat' dir='ltr'><strong>ad</strong></span> <span class='ocrx_word' id='word_1_117' title='bbox 3234 593 3375 647; x_wconf 35' lang='lat' dir='ltr'><strong>ima;</strong></span> 
     </span>
    </p>
   </div>
   <div class='ocr_carea' id='block_1_20' title="bbox 1801 655 3371 753">
    <p class='ocr_par' dir='ltr' id='par_1_20' title="bbox 1801 655 3371 753">
     <span class='ocr_line' id='line_1_20' title="bbox 1801 655 3371 753; baseline 0.02 -47"><span class='ocrx_word' id='word_1_118' title='bbox 1801 655 1979 722; x_wconf 77' lang='lat' dir='ltr'><strong>ginem</strong></span> <span class='ocrx_word' id='word_1_119' title='bbox 2013 658 2139 713; x_wconf 78' lang='lat' dir='ltr'><strong>facti</strong></span> <span class='ocrx_word' id='word_1_120' title='bbox 2173 679 2379 730; x_wconf 91' lang='lat' dir='ltr'><strong>sumus,</strong></span> <span class='ocrx_word' id='word_1_121' title='bbox 2428 682 2496 721; x_wconf 90' lang='lat' dir='ltr'><strong>ne</strong></span> <span class='ocrx_word' id='word_1_122' title='bbox 2541 671 2897 729; x_wconf 75' lang='lat' dir='ltr'><strong>oli‘emlzunus.</strong></span> <span class='ocrx_word' id='word_1_123' title='bbox 2932 655 3019 731; x_wconf 26' lang='lat' dir='ltr'><strong>Adv</strong></span> <span class='ocrx_word' id='word_1_124' title='bbox 3051 679 3139 734; x_wconf 90' lang='lat' dir='ltr'><strong>Dei</strong></span> <span class='ocrx_word' id='word_1_125' title='bbox 3179 681 3371 753; x_wconf 78' lang='lat' dir='ltr'><strong>imagi—</strong></span> 
     </span>
    </p>
   </div>
   <div class='ocr_carea' id='block_1_21' title="bbox 1800 748 3371 833">
    <p class='ocr_par' dir='ltr' id='par_1_21' title="bbox 1800 748 3371 833">
     <span class='ocr_line' id='line_1_21' title="bbox 1800 748 3371 833; baseline 0.018 -35"><span class='ocrx_word' id='word_1_126' title='bbox 1800 748 1977 817; x_wconf 82' lang='lat' dir='ltr'><strong>ginem</strong></span> <span class='ocrx_word' id='word_1_127' title='bbox 2014 752 2156 804; x_wconf 89' lang='lat' dir='ltr'><strong>enim</strong></span> <span class='ocrx_word' id='word_1_128' title='bbox 2188 753 2458 824; x_wconf 86' lang='lat' dir='ltr'><strong>plasmati,</strong></span> <span class='ocrx_word' id='word_1_129' title='bbox 2513 759 2654 815; x_wconf 88' lang='lat' dir='ltr'><strong>hanc</strong></span> <span class='ocrx_word' id='word_1_130' title='bbox 2699 764 2988 833; x_wconf 80' lang='lat' dir='ltr'><strong>imaginem</strong></span> <span class='ocrx_word' id='word_1_131' title='bbox 3032 768 3174 825; x_wconf 88' lang='lat' dir='ltr'><strong>haud</strong></span> <span class='ocrx_word' id='word_1_132' title='bbox 3230 748 3371 827; x_wconf 50' lang='lat' dir='ltr'><strong>{ante</strong></span> 
     </span>
    </p>
   </div>
   <div class='ocr_carea' id='block_1_22' title="bbox 1802 840 3370 930">
    <p class='ocr_par' dir='ltr' id='par_1_22' title="bbox 1802 840 3370 930">
     <span class='ocr_line' id='line_1_22' title="bbox 1802 840 3370 930; baseline 0.016 -37"><span class='ocrx_word' id='word_1_133' title='bbox 1802 840 2170 909; x_wconf 71' lang='lat' dir='ltr'><strong>deturpemus.</strong></span> <span class='ocrx_word' id='word_1_134' title='bbox 2208 844 2264 900; x_wconf 86' lang='lat' dir='ltr'><strong>lu</strong></span> <span class='ocrx_word' id='word_1_135' title='bbox 2316 852 2569 916; x_wconf 76' lang='lat' dir='ltr'><strong>paradiso</strong></span> <span class='ocrx_word' id='word_1_136' title='bbox 2608 855 2765 922; x_wconf 78' lang='lat' dir='ltr'><strong>positi</strong></span> <span class='ocrx_word' id='word_1_137' title='bbox 2833 873 2862 911; x_wconf 92' lang='lat' dir='ltr'><strong>a</strong></span> <span class='ocrx_word' id='word_1_138' title='bbox 2901 861 3190 930; x_wconf 88' lang='lat' dir='ltr'><strong>principio,</strong></span> <span class='ocrx_word' id='word_1_139' title='bbox 3247 864 3370 918; x_wconf 85' lang='lat' dir='ltr'><strong>inde</strong></span> 
     </span>
    </p>
   </div>
   <div class='ocr_carea' id='block_1_23' title="bbox 1801 931 3367 1009">
    <p class='ocr_par' dir='ltr' id='par_1_23' title="bbox 1801 931 3367 1009">
     <span class='ocr_line' id='line_1_23' title="bbox 1801 931 3367 1009; baseline 0.017 -26"><span class='ocrx_word' id='word_1_140' title='bbox 1801 931 1958 1000; x_wconf 79' lang='lat' dir='ltr'><strong>ejecti</strong></span> <span class='ocrx_word' id='word_1_141' title='bbox 2015 952 2240 1005; x_wconf 86' lang='lat' dir='ltr'><strong>sumus;</strong></span> <span class='ocrx_word' id='word_1_142' title='bbox 2295 941 2387 995; x_wconf 83' lang='lat' dir='ltr'><strong>sed</strong></span> <span class='ocrx_word' id='word_1_143' title='bbox 2430 943 2601 997; x_wconf 84' lang='lat' dir='ltr'><strong>nihilo</strong></span> <span class='ocrx_word' id='word_1_144' title='bbox 2654 946 2833 1001; x_wconf 72' lang='lat' dir='ltr'><strong>SCt&#39;illS</strong></span> <span class='ocrx_word' id='word_1_145' title='bbox 2884 962 2941 1002; x_wconf 90' lang='lat' dir='ltr'><strong>ut</strong></span> <span class='ocrx_word' id='word_1_146' title='bbox 2997 966 3063 1006; x_wconf 81' lang='lat' dir='ltr'><strong>eo</strong></span> <span class='ocrx_word' id='word_1_147' title='bbox 3125 965 3367 1009; x_wconf 86' lang='lat' dir='ltr'><strong>reverta-</strong></span> 
     </span>
    </p>
   </div>
   <div class='ocr_carea' id='block_1_24' title="bbox 1803 1036 3368 1113">
    <p class='ocr_par' dir='ltr' id='par_1_24' title="bbox 1803 1036 3368 1113">
     <span class='ocr_line' id='line_1_24' title="bbox 1803 1036 3368 1113; baseline 0.016 -37"><span class='ocrx_word' id='word_1_148' title='bbox 1803 1041 1925 1078; x_wconf 85' lang='lat' dir='ltr'><strong>mur</strong></span> <span class='ocrx_word' id='word_1_149' title='bbox 1956 1042 2168 1084; x_wconf 84' lang='lat' dir='ltr'><strong>omncm</strong></span> <span class='ocrx_word' id='word_1_150' title='bbox 2204 1048 2423 1101; x_wconf 80' lang='lat' dir='ltr'><strong>operam</strong></span> <span class='ocrx_word' id='word_1_151' title='bbox 2471 1036 2683 1098; x_wconf 87' lang='lat' dir='ltr'><strong>demus.</strong></span> <span class='ocrx_word' id='word_1_152' title='bbox 2758 1056 2899 1111; x_wconf 65' lang='lat' dir='ltr'><strong>aegre</strong></span> <span class='ocrx_word' id='word_1_153' title='bbox 2932 1043 3075 1100; x_wconf 85' lang='lat' dir='ltr'><strong>hanc</strong></span> <span class='ocrx_word' id='word_1_154' title='bbox 3104 1049 3368 1113; x_wconf 80' lang='lat' dir='ltr'><strong>separati-</strong></span> 
     </span>
    </p>
   </div>
   <div class='ocr_carea' id='block_1_25' title="bbox 1799 1119 3362 1195">
    <p class='ocr_par' dir='ltr' id='par_1_25' title="bbox 1799 1119 3362 1195">
     <span class='ocr_line' id='line_1_25' title="bbox 1799 1119 3362 1195; baseline 0.015 -26"><span class='ocrx_word' id='word_1_155' title='bbox 1799 1129 1953 1171; x_wconf 83' lang='lat' dir='ltr'><strong>Onem</strong></span> <span class='ocrx_word' id='word_1_156' title='bbox 1991 1119 2246 1180; x_wconf 78' lang='lat' dir='ltr'><strong>ferentes.</strong></span> <span class='ocrx_word' id='word_1_157' title='bbox 2294 1122 2361 1178; x_wconf 91' lang='lat' dir='ltr'><strong>Ut</strong></span> <span class='ocrx_word' id='word_1_158' title='bbox 2395 1138 2590 1182; x_wconf 62' lang='lat' dir='ltr'><strong>caetera</strong></span> <span class='ocrx_word' id='word_1_159' title='bbox 2631 1131 2852 1195; x_wconf 88' lang='lat' dir='ltr'><strong>qttidcm</strong></span> <span class='ocrx_word' id='word_1_160' title='bbox 2902 1133 3178 1189; x_wconf 82' lang='lat' dir='ltr'><strong>hominum</strong></span> <span class='ocrx_word' id='word_1_161' title='bbox 3220 1134 3362 1193; x_wconf 80' lang='grc' dir='ltr'><strong>Ιίηέ-</strong></span> 
     </span>
    </p>
   </div>
   <div class='ocr_carea' id='block_1_26' title="bbox 1798 1212 3365 1295">
    <p class='ocr_par' dir='ltr' id='par_1_26' title="bbox 1798 1212 3365 1295">
     <span class='ocr_line' id='line_1_26' title="bbox 1798 1212 3365 1295; baseline 0.015 -34"><span class='ocrx_word' id='word_1_162' title='bbox 1798 1222 2009 1264; x_wconf 84' lang='lat' dir='ltr'><strong>amenta</strong></span> <span class='ocrx_word' id='word_1_163' title='bbox 2060 1212 2281 1267; x_wconf 76' lang='lat' dir='ltr'><strong>induere</strong></span> <span class='ocrx_word' id='word_1_164' title='bbox 2318 1230 2568 1273; x_wconf 85' lang='lat' dir='ltr'><strong>recusant</strong></span> <span class='ocrx_word' id='word_1_165' title='bbox 2597 1238 2611 1285; x_wconf 87' lang='lat'><strong>;</strong></span> <span class='ocrx_word' id='word_1_166' title='bbox 2646 1239 2743 1275; x_wconf 83' lang='lat' dir='ltr'><strong>nos</strong></span> <span class='ocrx_word' id='word_1_167' title='bbox 2776 1223 3064 1279; x_wconf 80' lang='lat' dir='ltr'><strong>humanam</strong></span> <span class='ocrx_word' id='word_1_168' title='bbox 3092 1240 3365 1295; x_wconf 88' lang='lat' dir='ltr'><strong>naturam,</strong></span> 
     </span>
    </p>
   </div>
   <div class='ocr_carea' id='block_1_27' title="bbox 1797 1301 3370 1383">
    <p class='ocr_par' dir='ltr' id='par_1_27' title="bbox 1797 1301 3370 1383">
     <span class='ocr_line' id='line_1_27' title="bbox 1797 1301 3370 1383; baseline 0.017 -35"><span class='ocrx_word' id='word_1_169' title='bbox 1797 1311 1903 1367; x_wconf 87' lang='lat' dir='ltr'><strong>qua</strong></span> <span class='ocrx_word' id='word_1_170' title='bbox 1944 1301 2111 1353; x_wconf 87' lang='lat' dir='ltr'><strong>induti</strong></span> <span class='ocrx_word' id='word_1_171' title='bbox 2146 1318 2355 1367; x_wconf 85' lang='lat' dir='ltr'><strong>sumus.</strong></span> <span class='ocrx_word' id='word_1_172' title='bbox 2394 1308 2446 1360; x_wconf 90' lang='lat' dir='ltr'><strong>in</strong></span> <span class='ocrx_word' id='word_1_173' title='bbox 2521 1309 2743 1365; x_wconf 87' lang='lat' dir='ltr'><strong>honoris</strong></span> <span class='ocrx_word' id='word_1_174' title='bbox 2800 1315 2916 1368; x_wconf 90' lang='lat' dir='ltr'><strong>loco</strong></span> <span class='ocrx_word' id='word_1_175' title='bbox 2959 1331 3241 1383; x_wconf 83' lang='lat' dir='ltr'><strong>ponamus.</strong></span> <span class='ocrx_word' id='word_1_176' title='bbox 3268 1316 3370 1374; x_wconf 86' lang='lat' dir='ltr'><strong>Ha-</strong></span> 
     </span>
    </p>
   </div>
   <div class='ocr_carea' id='block_1_28' title="bbox 1797 1388 3368 1477">
    <p class='ocr_par' dir='ltr' id='par_1_28' title="bbox 1797 1388 3368 1477">
     <span class='ocr_line' id='line_1_28' title="bbox 1797 1388 3368 1477; baseline 0.012 -33"><span class='ocrx_word' id='word_1_177' title='bbox 1797 1388 1986 1447; x_wconf 81' lang='lat' dir='ltr'><strong>bemus</strong></span> <span class='ocrx_word' id='word_1_178' title='bbox 2012 1392 2181 1447; x_wconf 86' lang='lat' dir='ltr'><strong>Deum</strong></span> <span class='ocrx_word' id='word_1_179' title='bbox 2216 1399 2455 1451; x_wconf 85' lang='lat' dir='ltr'><strong>omnium</strong></span> <span class='ocrx_word' id='word_1_180' title='bbox 2500 1402 2892 1458; x_wconf 76' lang='lat' dir='ltr'><strong>moderatorem</strong></span> <span class='ocrx_word' id='word_1_181' title='bbox 2920 1422 2936 1472; x_wconf 90' lang='lat'><strong>;</strong></span> <span class='ocrx_word' id='word_1_182' title='bbox 2969 1421 3092 1460; x_wconf 87' lang='lat' dir='ltr'><strong>eum</strong></span> <span class='ocrx_word' id='word_1_183' title='bbox 3152 1410 3242 1477; x_wconf 85' lang='lat' dir='ltr'><strong>qui</strong></span> <span class='ocrx_word' id='word_1_184' title='bbox 3276 1410 3368 1462; x_wconf 86' lang='lat' dir='ltr'><strong>dc-</strong></span> 
     </span>
    </p>
   </div>
   <div class='ocr_carea' id='block_1_29' title="bbox 1797 1475 3371 1567">
    <p class='ocr_par' dir='ltr' id='par_1_29' title="bbox 1797 1475 3371 1567">
     <span class='ocr_line' id='line_1_29' title="bbox 1797 1475 3371 1567; baseline 0.015 -37"><span class='ocrx_word' id='word_1_185' title='bbox 1797 1475 1950 1543; x_wconf 83' lang='lat' dir='ltr'><strong>fecit,</strong></span> <span class='ocrx_word' id='word_1_186' title='bbox 2027 1485 2298 1539; x_wconf 85' lang='lat' dir='ltr'><strong>diabolum</strong></span> <span class='ocrx_word' id='word_1_187' title='bbox 2354 1488 2499 1554; x_wconf 88' lang='lat' dir='ltr'><strong>dico,</strong></span> <span class='ocrx_word' id='word_1_188' title='bbox 2537 1494 2808 1548; x_wconf 77' lang='lat' dir='ltr'><strong>novimus.</strong></span> <span class='ocrx_word' id='word_1_189' title='bbox 2885 1494 2966 1551; x_wconf 85' lang='lat' dir='ltr'><strong>Ne</strong></span> <span class='ocrx_word' id='word_1_190' title='bbox 3042 1475 3204 1567; x_wconf 78' lang='lat' dir='ltr'><strong>igitur</strong></span> <span class='ocrx_word' id='word_1_191' title='bbox 3271 1515 3371 1554; x_wconf 79' lang='lat' dir='ltr'><strong>nos</strong></span> 
     </span>
    </p>
   </div>
   <div class='ocr_carea' id='block_1_30' title="bbox 1797 1576 3367 1656">
    <p class='ocr_par' dir='ltr' id='par_1_30' title="bbox 1797 1576 3367 1656">
     <span class='ocr_line' id='line_1_30' title="bbox 1797 1576 3367 1656; baseline 0.015 -33"><span class='ocrx_word' id='word_1_192' title='bbox 1797 1587 2014 1640; x_wconf 90' lang='lat' dir='ltr'><strong>quoque</strong></span> <span class='ocrx_word' id='word_1_193' title='bbox 2053 1576 2406 1645; x_wconf 79' lang='lat' dir='ltr'><strong>obsistamus,</strong></span> <span class='ocrx_word' id='word_1_194' title='bbox 2438 1583 2531 1637; x_wconf 87' lang='lat' dir='ltr'><strong>sed</strong></span> <span class='ocrx_word' id='word_1_195' title='bbox 2574 1584 2626 1636; x_wconf 88' lang='lat' dir='ltr'><strong>in</strong></span> <span class='ocrx_word' id='word_1_196' title='bbox 2680 1584 2772 1639; x_wconf 88' lang='lat' dir='ltr'><strong>Dei</strong></span> <span class='ocrx_word' id='word_1_197' title='bbox 2848 1588 3097 1656; x_wconf 83' lang='lat' dir='ltr'><strong>partibus</strong></span> <span class='ocrx_word' id='word_1_198' title='bbox 3141 1601 3367 1646; x_wconf 87' lang='lat' dir='ltr'><strong>stemus.</strong></span> 
     </span>
    </p>
   </div>
   <div class='ocr_carea' id='block_1_31' title="bbox 1795 1663 3371 1751">
    <p class='ocr_par' dir='ltr' id='par_1_31' title="bbox 1795 1663 3371 1751">
     <span class='ocr_line' id='line_1_31' title="bbox 1795 1663 3371 1751; baseline 0.012 -33"><span class='ocrx_word' id='word_1_199' title='bbox 1795 1663 2144 1724; x_wconf 82' lang='lat' dir='ltr'><strong>Neatartari</strong></span> <span class='ocrx_word' id='word_1_200' title='bbox 2210 1673 2420 1728; x_wconf 83' lang='lat' dir='ltr'><strong>haerede</strong></span> <span class='ocrx_word' id='word_1_201' title='bbox 2458 1686 2687 1744; x_wconf 76' lang='lat' dir='ltr'><strong>stemus,</strong></span> <span class='ocrx_word' id='word_1_202' title='bbox 2744 1680 2839 1732; x_wconf 80' lang='lat' dir='ltr'><strong>Sed</strong></span> <span class='ocrx_word' id='word_1_203' title='bbox 2894 1695 3019 1734; x_wconf 88' lang='lat' dir='ltr'><strong>eum</strong></span> <span class='ocrx_word' id='word_1_204' title='bbox 3074 1698 3371 1751; x_wconf 86' lang='lat' dir='ltr'><strong>sequamur</strong></span> 
     </span>
    </p>
   </div>
   <div class='ocr_carea' id='block_1_32' title="bbox 113 1724 1685 1829">
    <p class='ocr_par' dir='ltr' id='par_1_32' title="bbox 113 1724 1685 1816">
     <span class='ocr_line' id='line_1_32' title="bbox 113 1724 1685 1816; baseline 0.016 -40"><span class='ocrx_word' id='word_1_205' title='bbox 113 1724 350 1796; x_wconf 72' lang='grc' dir='ltr'>θοίημεν</span> <span class='ocrx_word' id='word_1_206' title='bbox 371 1728 453 1798; x_wconf 80' lang='grc' dir='ltr'>τῷ</span> <span class='ocrx_word' id='word_1_207' title='bbox 480 1730 560 1793; x_wconf 82' lang='grc' dir='ltr'><strong>είς</strong></span> <span class='ocrx_word' id='word_1_208' title='bbox 586 1733 811 1802; x_wconf 74' lang='grc' dir='ltr'>οὐρανὸν</span> <span class='ocrx_word' id='word_1_209' title='bbox 838 1737 987 1806; x_wconf 82' lang='grc' dir='ltr'>ἡμᾶς</span> <span class='ocrx_word' id='word_1_210' title='bbox 1008 1740 1288 1809; x_wconf 81' lang='grc' dir='ltr'>ἀνάγοντι.</span> <span class='ocrx_word' id='word_1_211' title='bbox 1329 1744 1685 1816; x_wconf 68' lang='grc' dir='ltr'>Ἐνθυμητέοι</span> 
     </span>
    </p>
   </div>
   <div class='ocr_carea' id='block_1_33' title="bbox 1793 1724 3372 1829">
    <p class='ocr_par' dir='ltr' id='par_1_33' title="bbox 1799 1724 3372 1829">
     <span class='ocr_line' id='line_1_33' title="bbox 2210 1724 3362 1751; baseline 0.01 -25"><span class='ocrx_word' id='word_1_212' title='bbox 2210 1724 2416 1728; x_wconf 45' lang='grc' dir='ltr'><strong>πη---</strong></span> <span class='ocrx_word' id='word_1_213' title='bbox 2458 1724 2687 1744; x_wconf 61' lang='grc' dir='ltr'><strong>------.-η,</strong></span> <span class='ocrx_word' id='word_1_214' title='bbox 2744 1724 2838 1732; x_wconf 61' lang='grc' dir='ltr'><strong>--η</strong></span> <span class='ocrx_word' id='word_1_215' title='bbox 2896 1724 3019 1734; x_wconf 63' lang='grc' dir='ltr'><strong>η...</strong></span> <span class='ocrx_word' id='word_1_216' title='bbox 3074 1724 3362 1751; x_wconf 61' lang='grc' dir='ltr'><strong>...,ι,..........</strong></span> 
     </span>
     <span class='ocr_line' id='line_1_34' title="bbox 1799 1757 3372 1829; baseline 0.012 -19"><span class='ocrx_word' id='word_1_217' title='bbox 1799 1757 1888 1825; x_wconf 88' lang='lat' dir='ltr'><strong>qui</strong></span> <span class='ocrx_word' id='word_1_218' title='bbox 1935 1759 1985 1814; x_wconf 93' lang='lat' dir='ltr'><strong>in</strong></span> <span class='ocrx_word' id='word_1_219' title='bbox 2032 1761 2225 1817; x_wconf 80' lang='lat' dir='ltr'><strong>coelum</strong></span> <span class='ocrx_word' id='word_1_220' title='bbox 2257 1780 2356 1820; x_wconf 90' lang='lat' dir='ltr'><strong>nos</strong></span> <span class='ocrx_word' id='word_1_221' title='bbox 2404 1769 2677 1824; x_wconf 72' lang='lat' dir='ltr'><strong>conducit.</strong></span> <span class='ocrx_word' id='word_1_222' title='bbox 2725 1768 2929 1825; x_wconf 87' lang='lat' dir='ltr'><strong>Locum</strong></span> <span class='ocrx_word' id='word_1_223' title='bbox 2984 1773 3257 1829; x_wconf 75' lang='lat' dir='ltr'><strong>felicitatis</strong></span> <span class='ocrx_word' id='word_1_224' title='bbox 3290 1776 3372 1828; x_wconf 89' lang='lat' dir='ltr'><strong>in-</strong></span> 
     </span>
    </p>
   </div>
   <div class='ocr_carea' id='block_1_34' title="bbox 111 1816 1685 1933">
    <p class='ocr_par' dir='ltr' id='par_1_34' title="bbox 111 1816 1685 1933">
     <span class='ocr_line' id='line_1_35' title="bbox 111 1816 1685 1905; baseline 0.016 -37"><span class='ocrx_word' id='word_1_225' title='bbox 111 1816 175 1868; x_wconf 77' lang='grc' dir='ltr'>τὺ</span> <span class='ocrx_word' id='word_1_226' title='bbox 201 1818 414 1887; x_wconf 89' lang='grc' dir='ltr'>χωρίον</span> <span class='ocrx_word' id='word_1_227' title='bbox 442 1822 543 1888; x_wconf 86' lang='grc' dir='ltr'>τῆς</span> <span class='ocrx_word' id='word_1_228' title='bbox 573 1826 875 1895; x_wconf 84' lang='grc' dir='ltr'>νοουμένης</span> <span class='ocrx_word' id='word_1_229' title='bbox 908 1831 1144 1900; x_wconf 72' lang='grc' dir='ltr'>τρυφῆς,</span> <span class='ocrx_word' id='word_1_230' title='bbox 1186 1835 1468 1905; x_wconf 74' lang='grc' dir='ltr'>ἐννοητέον</span> <span class='ocrx_word' id='word_1_231' title='bbox 1496 1839 1554 1890; x_wconf 84' lang='grc' dir='ltr'><strong>τὸ</strong></span> <span class='ocrx_word' id='word_1_232' title='bbox 1581 1837 1685 1893; x_wconf 86' lang='grc' dir='ltr'><strong>τῶν</strong></span> 
     </span>
     <span class='ocr_line' id='line_1_36' title="bbox 113 1907 1658 1933; baseline 0 0"><span class='ocrx_word' id='word_1_233' title='bbox 113 1907 657 1933; x_wconf 32' lang='grc' dir='ltr'><strong>..-ημηηηθην</strong></span> <span class='ocrx_word' id='word_1_234' title='bbox 707 1918 726 1933; x_wconf 84' lang='grc'><strong>.</strong></span> <span class='ocrx_word' id='word_1_235' title='bbox 783 1920 794 1932; x_wconf 90' lang='grc'><em>.</em></span> <span class='ocrx_word' id='word_1_236' title='bbox 876 1918 890 1933; x_wconf 90' lang='grc'><em>.</em></span> <span class='ocrx_word' id='word_1_237' title='bbox 1061 1921 1073 1933; x_wconf 97' lang='grc'>.</span> <span class='ocrx_word' id='word_1_238' title='bbox 1196 1925 1221 1933; x_wconf 72' lang='grc'><strong>-</strong></span> <span class='ocrx_word' id='word_1_239' title='bbox 1400 1927 1423 1933; x_wconf 86' lang='lat'>_</span> <span class='ocrx_word' id='word_1_240' title='bbox 1560 1930 1569 1933; x_wconf 86' lang='lat'><strong><em>_</em></strong></span> <span class='ocrx_word' id='word_1_241' title='bbox 1644 1929 1658 1933; x_wconf 80' lang='lat'><strong>-</strong></span> 
     </span>
    </p>
   </div>
   <div class='ocr_carea' id='block_1_35' title="bbox 1793 1816 3368 1933">
    <p class='ocr_par' dir='ltr' id='par_1_35' title="bbox 1800 1847 3368 1933">
     <span class='ocr_line' id='line_1_37' title="bbox 1800 1847 3368 1933; baseline 0.012 -31"><span class='ocrx_word' id='word_1_242' title='bbox 1800 1847 2134 1917; x_wconf 77' lang='lat' dir='ltr'><strong>tellectualis,</strong></span> <span class='ocrx_word' id='word_1_243' title='bbox 2174 1854 2345 1909; x_wconf 88' lang='lat' dir='ltr'><strong>locum</strong></span> <span class='ocrx_word' id='word_1_244' title='bbox 2382 1860 2680 1927; x_wconf 78' lang='lat' dir='ltr'><strong>punitionis</strong></span> <span class='ocrx_word' id='word_1_245' title='bbox 2725 1863 2793 1915; x_wconf 92' lang='lat' dir='ltr'><strong>ob</strong></span> <span class='ocrx_word' id='word_1_246' title='bbox 2856 1862 3043 1917; x_wconf 88' lang='lat' dir='ltr'><strong>oculos</strong></span> <span class='ocrx_word' id='word_1_247' title='bbox 3072 1879 3368 1933; x_wconf 86' lang='lat' dir='ltr'><strong>ponamus;</strong></span> 
     </span>
    </p>
   </div>
   <div class='ocr_carea' id='block_1_36' title="bbox 113 1907 1697 1998">
    <p class='ocr_par' dir='ltr' id='par_1_36' title="bbox 113 1907 1697 1998">
     <span class='ocr_line' id='line_1_38' title="bbox 113 1907 1697 1998; baseline 0.015 -39"><span class='ocrx_word' id='word_1_248' title='bbox 113 1907 399 1964; x_wconf 75' lang='grc' dir='ltr'><strong>κολάσεων</strong></span> <span class='ocrx_word' id='word_1_249' title='bbox 418 1927 433 1941; x_wconf 83' lang='grc'><em>’</em></span> <span class='ocrx_word' id='word_1_250' title='bbox 461 1912 622 1966; x_wconf 74' lang='grc' dir='ltr'>τοῦτο</span> <span class='ocrx_word' id='word_1_251' title='bbox 642 1918 757 1980; x_wconf 88' lang='grc' dir='ltr'>τοῖς</span> <span class='ocrx_word' id='word_1_252' title='bbox 780 1920 835 1970; x_wconf 82' lang='grc' dir='ltr'>ἐν</span> <span class='ocrx_word' id='word_1_253' title='bbox 865 1918 1161 1991; x_wconf 76' lang='grc' dir='ltr'><strong>ἁμαρτίαις</strong></span> <span class='ocrx_word' id='word_1_254' title='bbox 1191 1925 1525 1994; x_wconf 81' lang='grc' dir='ltr'>δαιμονῶσιν</span> <span class='ocrx_word' id='word_1_255' title='bbox 1546 1929 1697 1998; x_wconf 82' lang='grc' dir='ltr'><strong>ἀφώ-</strong></span> 
     </span>
    </p>
   </div>
   <div class='ocr_carea' id='block_1_37' title="bbox 113 2004 1693 2085">
    <p class='ocr_par' dir='ltr' id='par_1_37' title="bbox 113 2004 1693 2085">
     <span class='ocr_line' id='line_1_39' title="bbox 113 2004 1693 2085; baseline 0.013 -32"><span class='ocrx_word' id='word_1_256' title='bbox 113 2016 324 2071; x_wconf 82' lang='grc' dir='ltr'>ρισται,</span> <span class='ocrx_word' id='word_1_257' title='bbox 359 2004 540 2057; x_wconf 74' lang='grc' dir='ltr'>ἐκεῖνο</span> <span class='ocrx_word' id='word_1_258' title='bbox 585 2009 703 2071; x_wconf 83' lang='grc' dir='ltr'>τοῖς</span> <span class='ocrx_word' id='word_1_259' title='bbox 735 2008 959 2080; x_wconf 79' lang='grc' dir='ltr'><strong>ἀρεταῖς</strong></span> <span class='ocrx_word' id='word_1_260' title='bbox 1003 2014 1345 2085; x_wconf 78' lang='grc' dir='ltr'>ἑντρυφῶσιν</span> <span class='ocrx_word' id='word_1_261' title='bbox 1380 2018 1693 2076; x_wconf 83' lang='grc' dir='ltr'>ἀπόκειται.</span> 
     </span>
    </p>
   </div>
   <div class='ocr_carea' id='block_1_38' title="bbox 112 2094 1694 2179">
    <p class='ocr_par' dir='ltr' id='par_1_38' title="bbox 112 2094 1694 2179">
     <span class='ocr_line' id='line_1_40' title="bbox 112 2094 1694 2179; baseline 0.012 -33"><span class='ocrx_word' id='word_1_262' title='bbox 112 2094 358 2165; x_wconf 79' lang='grc' dir='ltr'>Πότερον</span> <span class='ocrx_word' id='word_1_263' title='bbox 398 2095 644 2163; x_wconf 83' lang='grc' dir='ltr'>κάλλιον,</span> <span class='ocrx_word' id='word_1_264' title='bbox 692 2099 751 2166; x_wconf 72' lang='grc' dir='ltr'><strong>ἐξ</strong></span> <span class='ocrx_word' id='word_1_265' title='bbox 799 2101 1035 2170; x_wconf 77' lang='grc' dir='ltr'>οὐρανοῦ</span> <span class='ocrx_word' id='word_1_266' title='bbox 1083 2108 1291 2173; x_wconf 77' lang='grc' dir='ltr'>πεσεῖν,</span> <span class='ocrx_word' id='word_1_267' title='bbox 1341 2108 1374 2178; x_wconf 76' lang='grc' dir='ltr'>ἢ</span> <span class='ocrx_word' id='word_1_268' title='bbox 1423 2110 1694 2179; x_wconf 78' lang='grc' dir='ltr'>ἀναϐῆναι</span> 
     </span>
    </p>
   </div>
   <div class='ocr_carea' id='block_1_39' title="bbox 110 2185 1693 2270">
    <p class='ocr_par' dir='ltr' id='par_1_39' title="bbox 110 2185 1693 2270">
     <span class='ocr_line' id='line_1_41' title="bbox 110 2185 1693 2270; baseline 0.011 -33"><span class='ocrx_word' id='word_1_269' title='bbox 110 2185 254 2254; x_wconf 72' lang='grc' dir='ltr'>πρὸς</span> <span class='ocrx_word' id='word_1_270' title='bbox 280 2187 552 2256; x_wconf 74' lang='grc' dir='ltr'>οὐρανόνς</span> <span class='ocrx_word' id='word_1_271' title='bbox 606 2188 782 2243; x_wconf 79' lang='grc' dir='ltr'>Τοῦτο</span> <span class='ocrx_word' id='word_1_272' title='bbox 830 2192 924 2246; x_wconf 84' lang='grc' dir='ltr'>τοῦ</span> <span class='ocrx_word' id='word_1_273' title='bbox 956 2195 1258 2267; x_wconf 78' lang='grc' dir='ltr'>ἑωσφόρον,</span> <span class='ocrx_word' id='word_1_274' title='bbox 1309 2201 1485 2253; x_wconf 81' lang='grc' dir='ltr'>ἐκεῖνο</span> <span class='ocrx_word' id='word_1_275' title='bbox 1515 2202 1693 2270; x_wconf 84' lang='grc' dir='ltr'>ἡμῶν,</span> 
     </span>
    </p>
   </div>
   <div class='ocr_carea' id='block_1_40' title="bbox 108 2277 1693 2364">
    <p class='ocr_par' dir='ltr' id='par_1_40' title="bbox 108 2277 1693 2364">
     <span class='ocr_line' id='line_1_42' title="bbox 108 2277 1693 2364; baseline 0.009 -34"><span class='ocrx_word' id='word_1_276' title='bbox 108 2278 271 2348; x_wconf 78' lang='grc' dir='ltr'>ειπερ</span> <span class='ocrx_word' id='word_1_277' title='bbox 304 2277 599 2348; x_wconf 68' lang='grc' dir='ltr'>ἐθέλομεν.</span> <span class='ocrx_word' id='word_1_278' title='bbox 631 2282 1039 2356; x_wconf 82' lang='grc' dir='ltr'>Εὐκολὼτερον,</span> <span class='ocrx_word' id='word_1_279' title='bbox 1072 2287 1209 2342; x_wconf 72' lang='grc' dir='ltr'>Θεοῦ</span> <span class='ocrx_word' id='word_1_280' title='bbox 1241 2290 1519 2358; x_wconf 81' lang='grc' dir='ltr'>γενέσθαι,</span> <span class='ocrx_word' id='word_1_281' title='bbox 1547 2293 1693 2364; x_wconf 74' lang='grc' dir='ltr'>ἥπερ</span> 
     </span>
    </p>
   </div>
   <div class='ocr_carea' id='block_1_41' title="bbox 113 2370 1689 2455">
    <p class='ocr_par' dir='ltr' id='par_1_41' title="bbox 113 2370 1689 2455">
     <span class='ocr_line' id='line_1_43' title="bbox 113 2370 1689 2455; baseline 0.011 -33"><span class='ocrx_word' id='word_1_282' title='bbox 113 2370 341 2442; x_wconf 77' lang='grc' dir='ltr'>μακρὰν</span> <span class='ocrx_word' id='word_1_283' title='bbox 390 2372 852 2445; x_wconf 80' lang='grc' dir='ltr'>ἀποπλανηθῆναι</span> <span class='ocrx_word' id='word_1_284' title='bbox 884 2377 984 2447; x_wconf 82' lang='grc' dir='ltr'>τῆς</span> <span class='ocrx_word' id='word_1_285' title='bbox 1030 2379 1247 2433; x_wconf 67' lang='grc' dir='ltr'>ἐκείνου</span> <span class='ocrx_word' id='word_1_286' title='bbox 1294 2384 1689 2455; x_wconf 79' lang='grc' dir='ltr'>χρηστότητος.</span> 
     </span>
    </p>
   </div>
   <div class='ocr_carea' id='block_1_42' title="bbox 108 2460 1687 2541">
    <p class='ocr_par' dir='ltr' id='par_1_42' title="bbox 108 2460 1687 2541">
     <span class='ocr_line' id='line_1_44' title="bbox 108 2460 1687 2541; baseline 0.01 -24"><span class='ocrx_word' id='word_1_287' title='bbox 108 2460 470 2535; x_wconf 70' lang='grc' dir='ltr'>Πακρύνεται</span> <span class='ocrx_word' id='word_1_288' title='bbox 499 2466 598 2534; x_wconf 70' lang='grc' dir='ltr'>μιν</span> <span class='ocrx_word' id='word_1_289' title='bbox 628 2466 737 2538; x_wconf 87' lang='grc' dir='ltr'>γάρ</span> <span class='ocrx_word' id='word_1_290' title='bbox 764 2484 848 2532; x_wconf 88' lang='grc' dir='ltr'><strong>τις</strong></span> <span class='ocrx_word' id='word_1_291' title='bbox 875 2469 1013 2523; x_wconf 79' lang='grc' dir='ltr'>Θεοῦ</span> <span class='ocrx_word' id='word_1_292' title='bbox 1043 2473 1141 2541; x_wconf 68' lang='grc' dir='ltr'>όψέ</span> <span class='ocrx_word' id='word_1_293' title='bbox 1171 2491 1302 2529; x_wconf 86' lang='grc' dir='ltr'>ποτε</span> <span class='ocrx_word' id='word_1_294' title='bbox 1332 2475 1422 2530; x_wconf 81' lang='grc' dir='ltr'><strong>διὰ</strong></span> <span class='ocrx_word' id='word_1_295' title='bbox 1448 2478 1510 2530; x_wconf 79' lang='grc' dir='ltr'><strong>τὸ</strong></span> <span class='ocrx_word' id='word_1_296' title='bbox 1540 2479 1687 2532; x_wconf 82' lang='grc' dir='ltr'>ὲκεί-</span> 
     </span>
    </p>
   </div>
   <div class='ocr_carea' id='block_1_43' title="bbox 107 2555 1687 2642">
    <p class='ocr_par' dir='ltr' id='par_1_43' title="bbox 107 2555 1687 2642">
     <span class='ocr_line' id='line_1_45' title="bbox 107 2555 1687 2642; baseline 0.011 -34"><span class='ocrx_word' id='word_1_297' title='bbox 107 2571 205 2609; x_wconf 86' lang='grc' dir='ltr'><strong>νου</strong></span> <span class='ocrx_word' id='word_1_298' title='bbox 236 2555 649 2628; x_wconf 79' lang='grc' dir='ltr'>φιλάνθρωπον,</span> <span class='ocrx_word' id='word_1_299' title='bbox 689 2558 896 2627; x_wconf 78' lang='grc' dir='ltr'><strong>ἐγγίζει</strong></span> <span class='ocrx_word' id='word_1_300' title='bbox 924 2562 981 2616; x_wconf 82' lang='grc' dir='ltr'>δὲ</span> <span class='ocrx_word' id='word_1_301' title='bbox 1007 2563 1093 2619; x_wconf 81' lang='grc' dir='ltr'><strong>διὰ</strong></span> <span class='ocrx_word' id='word_1_302' title='bbox 1121 2566 1183 2619; x_wconf 85' lang='grc' dir='ltr'>τὸ</span> <span class='ocrx_word' id='word_1_303' title='bbox 1211 2568 1312 2636; x_wconf 82' lang='grc' dir='ltr'>τῆς</span> <span class='ocrx_word' id='word_1_304' title='bbox 1344 2570 1687 2642; x_wconf 84' lang='grc' dir='ltr'>ἀγαθότητος</span> 
     </span>
    </p>
   </div>
   <div class='ocr_carea' id='block_1_44' title="bbox 107 2646 1688 2734">
    <p class='ocr_par' dir='ltr' id='par_1_44' title="bbox 107 2646 1688 2734">
     <span class='ocr_line' id='line_1_46' title="bbox 107 2646 1688 2734; baseline 0.011 -35"><span class='ocrx_word' id='word_1_305' title='bbox 107 2646 281 2701; x_wconf 80' lang='grc' dir='ltr'>αὑτοῦ</span> <span class='ocrx_word' id='word_1_306' title='bbox 302 2648 561 2716; x_wconf 70' lang='grc' dir='ltr'>ὲφολκόν.</span> <span class='ocrx_word' id='word_1_307' title='bbox 590 2649 679 2719; x_wconf 84' lang='grc' dir='ltr'>Τῷ</span> <span class='ocrx_word' id='word_1_308' title='bbox 703 2650 916 2721; x_wconf 85' lang='grc' dir='ltr'>δαίμονι</span> <span class='ocrx_word' id='word_1_309' title='bbox 941 2653 999 2708; x_wconf 80' lang='grc' dir='ltr'>δὲ</span> <span class='ocrx_word' id='word_1_310' title='bbox 1023 2653 1137 2725; x_wconf 76' lang='grc' dir='ltr'>ἅμα</span> <span class='ocrx_word' id='word_1_311' title='bbox 1162 2657 1489 2729; x_wconf 85' lang='grc' dir='ltr'>διανοήματι</span> <span class='ocrx_word' id='word_1_312' title='bbox 1520 2677 1688 2734; x_wconf 86' lang='grc' dir='ltr'>προσ-</span> 
     </span>
    </p>
   </div>
   <div class='ocr_carea' id='block_1_45' title="bbox 107 2739 1683 2817">
    <p class='ocr_par' dir='ltr' id='par_1_45' title="bbox 107 2739 1683 2817">
     <span class='ocr_line' id='line_1_47' title="bbox 107 2739 1683 2817; baseline 0.01 -25"><span class='ocrx_word' id='word_1_313' title='bbox 107 2739 322 2810; x_wconf 78' lang='grc' dir='ltr'>ελήφθη</span> <span class='ocrx_word' id='word_1_314' title='bbox 361 2756 471 2804; x_wconf 86' lang='grc' dir='ltr'>τις,</span> <span class='ocrx_word' id='word_1_315' title='bbox 507 2740 977 2810; x_wconf 67' lang='grc' dir='ltr'>ἐγκαταλιπόντος</span> <span class='ocrx_word' id='word_1_316' title='bbox 1006 2746 1216 2800; x_wconf 77' lang='grc' dir='ltr'>ἐκεῖνον</span> <span class='ocrx_word' id='word_1_317' title='bbox 1259 2749 1356 2803; x_wconf 82' lang='grc' dir='ltr'>τοῦ</span> <span class='ocrx_word' id='word_1_318' title='bbox 1397 2751 1555 2817; x_wconf 81' lang='grc' dir='ltr'>Θεοῦ,</span> <span class='ocrx_word' id='word_1_319' title='bbox 1593 2753 1683 2807; x_wconf 82' lang='grc' dir='ltr'><strong>ὅτε</strong></span> 
     </span>
    </p>
   </div>
   <div class='ocr_carea' id='block_1_46' title="bbox 108 2833 1682 2914">
    <p class='ocr_par' dir='ltr' id='par_1_46' title="bbox 108 2833 1682 2914">
     <span class='ocr_line' id='line_1_48' title="bbox 108 2833 1682 2914; baseline 0.011 -32"><span class='ocrx_word' id='word_1_320' title='bbox 108 2833 250 2900; x_wconf 76' lang='grc' dir='ltr'>μήτε</span> <span class='ocrx_word' id='word_1_321' title='bbox 287 2834 602 2905; x_wconf 80' lang='grc' dir='ltr'>πόππυσμα</span> <span class='ocrx_word' id='word_1_322' title='bbox 634 2833 866 2906; x_wconf 77' lang='grc' dir='ltr'>καθιστᾷ</span> <span class='ocrx_word' id='word_1_323' title='bbox 898 2837 991 2891; x_wconf 76' lang='grc' dir='ltr'><strong>τὸν</strong></span> <span class='ocrx_word' id='word_1_324' title='bbox 1022 2839 1255 2910; x_wconf 83' lang='grc' dir='ltr'>στρῆνον</span> <span class='ocrx_word' id='word_1_325' title='bbox 1320 2843 1417 2912; x_wconf 80' lang='grc' dir='ltr'>τῆς</span> <span class='ocrx_word' id='word_1_326' title='bbox 1454 2845 1682 2914; x_wconf 83' lang='grc' dir='ltr'>σαρκὸς,</span> 
     </span>
    </p>
   </div>
   <div class='ocr_carea' id='block_1_47' title="bbox 108 2920 1684 3008">
    <p class='ocr_par' dir='ltr' id='par_1_47' title="bbox 108 2920 1684 3008">
     <span class='ocr_line' id='line_1_49' title="bbox 108 2920 1684 3008; baseline 0.01 -35"><span class='ocrx_word' id='word_1_327' title='bbox 108 2920 253 2991; x_wconf 75' lang='grc' dir='ltr'>μήτε</span> <span class='ocrx_word' id='word_1_328' title='bbox 283 2922 469 2993; x_wconf 78' lang='grc' dir='ltr'>κημὸς</span> <span class='ocrx_word' id='word_1_329' title='bbox 495 2924 654 2994; x_wconf 77' lang='grc' dir='ltr'>ἄγχει</span> <span class='ocrx_word' id='word_1_330' title='bbox 687 2925 783 2979; x_wconf 75' lang='grc' dir='ltr'><strong>καὶ</strong></span> <span class='ocrx_word' id='word_1_331' title='bbox 816 2926 1031 2995; x_wconf 81' lang='grc' dir='ltr'>χαλινδς</span> <span class='ocrx_word' id='word_1_332' title='bbox 1064 2931 1157 2985; x_wconf 78' lang='grc' dir='ltr'><strong>τὸν</strong></span> <span class='ocrx_word' id='word_1_333' title='bbox 1206 2932 1370 2987; x_wconf 79' lang='grc' dir='ltr'>αὐτοῦ</span> <span class='ocrx_word' id='word_1_334' title='bbox 1415 2936 1684 3008; x_wconf 88' lang='grc' dir='ltr'>ἀποσκιρ-</span> 
     </span>
    </p>
   </div>
   <div class='ocr_carea' id='block_1_48' title="bbox 105 3013 311 3071">
    <p class='ocr_par' dir='ltr' id='par_1_48' title="bbox 105 3013 311 3071">
     <span class='ocr_line' id='line_1_50' title="bbox 105 3013 311 3071; baseline 0.019 -4"><span class='ocrx_word' id='word_1_335' title='bbox 105 3013 311 3071; x_wconf 81' lang='grc' dir='ltr'>τῶντα.</span> 
     </span>
    </p>
   </div>
   <div class='ocr_carea' id='block_1_49' title="bbox 174 3106 1683 3184">
    <p class='ocr_par' dir='ltr' id='par_1_49' title="bbox 174 3106 1683 3184">
     <span class='ocr_line' id='line_1_51' title="bbox 174 3106 1683 3184; baseline 0.01 -25"><span class='ocrx_word' id='word_1_336' title='bbox 174 3106 281 3177; x_wconf 82' lang='grc' dir='ltr'><strong>λβ¹.</strong></span> <span class='ocrx_word' id='word_1_337' title='bbox 315 3110 444 3162; x_wconf 83' lang='grc' dir='ltr'><strong>Ἐτι</strong></span> <span class='ocrx_word' id='word_1_338' title='bbox 477 3109 884 3166; x_wconf 81' lang='grc' dir='ltr'>ἀναπεταννύει</span> <span class='ocrx_word' id='word_1_339' title='bbox 912 3111 1048 3178; x_wconf 81' lang='grc' dir='ltr'>Θεὸς</span> <span class='ocrx_word' id='word_1_340' title='bbox 1076 3112 1345 3184; x_wconf 71' lang='grc' dir='ltr'>ἀγκάλας,</span> <span class='ocrx_word' id='word_1_341' title='bbox 1385 3119 1481 3172; x_wconf 73' lang='grc' dir='ltr'>καὶ</span> <span class='ocrx_word' id='word_1_342' title='bbox 1507 3119 1683 3174; x_wconf 78' lang='grc' dir='ltr'>εἰσδέ-</span> 
     </span>
    </p>
   </div>
   <div class='ocr_carea' id='block_1_50' title="bbox 100 3200 1684 3283">
    <p class='ocr_par' dir='ltr' id='par_1_50' title="bbox 100 3200 1684 3283">
     <span class='ocr_line' id='line_1_52' title="bbox 100 3200 1684 3283; baseline 0.009 -31"><span class='ocrx_word' id='word_1_343' title='bbox 100 3215 262 3270; x_wconf 76' lang='grc' dir='ltr'>χεται</span> <span class='ocrx_word' id='word_1_344' title='bbox 315 3200 425 3256; x_wconf 70' lang='grc' dir='ltr'>ὅσα</span> <span class='ocrx_word' id='word_1_345' title='bbox 456 3201 557 3254; x_wconf 61' lang='grc' dir='ltr'><strong>καὶ⁵</strong></span> <span class='ocrx_word' id='word_1_346' title='bbox 596 3202 653 3255; x_wconf 85' lang='grc' dir='ltr'>ὲν</span> <span class='ocrx_word' id='word_1_347' title='bbox 691 3202 917 3274; x_wconf 81' lang='grc' dir='ltr'>λιμένι·</span> <span class='ocrx_word' id='word_1_348' title='bbox 969 3206 1178 3276; x_wconf 83' lang='grc' dir='ltr'>ἀνοίγει</span> <span class='ocrx_word' id='word_1_349' title='bbox 1208 3208 1285 3272; x_wconf 83' lang='grc' dir='ltr'>ὡς</span> <span class='ocrx_word' id='word_1_350' title='bbox 1342 3211 1424 3275; x_wconf 75' lang='grc' dir='ltr'><strong>εἰς</strong></span> <span class='ocrx_word' id='word_1_351' title='bbox 1471 3213 1684 3283; x_wconf 85' lang='grc' dir='ltr'>φίλημα</span> 
     </span>
    </p>
   </div>
   <div class='ocr_carea' id='block_1_51' title="bbox 97 3293 1684 3376">
    <p class='ocr_par' dir='ltr' id='par_1_51' title="bbox 97 3293 1684 3376">
     <span class='ocr_line' id='line_1_53' title="bbox 97 3293 1684 3376; baseline 0.008 -29"><span class='ocrx_word' id='word_1_352' title='bbox 97 3296 127 3347; x_wconf 85' lang='grc' dir='ltr'><strong>ὁ</strong></span> <span class='ocrx_word' id='word_1_353' title='bbox 155 3293 396 3362; x_wconf 79' lang='grc' dir='ltr'>δαίμων,</span> <span class='ocrx_word' id='word_1_354' title='bbox 430 3293 528 3348; x_wconf 78' lang='grc' dir='ltr'>καὶ</span> <span class='ocrx_word' id='word_1_355' title='bbox 559 3294 1009 3368; x_wconf 75' lang='grc' dir='ltr'>καταϐροχθίζει,</span> <span class='ocrx_word' id='word_1_356' title='bbox 1060 3300 1159 3370; x_wconf 81' lang='grc' dir='ltr'><strong>οὐχ</strong></span> <span class='ocrx_word' id='word_1_357' title='bbox 1192 3300 1292 3354; x_wconf 85' lang='grc' dir='ltr'>ὅσα</span> <span class='ocrx_word' id='word_1_358' title='bbox 1323 3304 1419 3356; x_wconf 74' lang='grc' dir='ltr'>καὶ</span> <span class='ocrx_word' id='word_1_359' title='bbox 1463 3305 1684 3376; x_wconf 82' lang='grc' dir='ltr'>δράκων</span> 
     </span>
    </p>
   </div>
   <div class='ocr_carea' id='block_1_52' title="bbox 96 3382 1682 3460">
    <p class='ocr_par' dir='ltr' id='par_1_52' title="bbox 96 3382 1682 3460">
     <span class='ocr_line' id='line_1_54' title="bbox 96 3382 1682 3460; baseline 0.009 -26"><span class='ocrx_word' id='word_1_360' title='bbox 96 3383 131 3452; x_wconf 77' lang='grc' dir='ltr'>ἢ</span> <span class='ocrx_word' id='word_1_361' title='bbox 164 3383 327 3446; x_wconf 71' lang='grc' dir='ltr'>λέων,</span> <span class='ocrx_word' id='word_1_362' title='bbox 356 3382 484 3436; x_wconf 77' lang='grc' dir='ltr'>οὐδὲ</span> <span class='ocrx_word' id='word_1_363' title='bbox 512 3383 618 3454; x_wconf 73' lang='grc' dir='ltr'>μὴν</span> <span class='ocrx_word' id='word_1_364' title='bbox 642 3387 786 3441; x_wconf 84' lang='grc' dir='ltr'>καθὰ</span> <span class='ocrx_word' id='word_1_365' title='bbox 812 3404 896 3452; x_wconf 84' lang='grc' dir='ltr'><strong>τις</strong></span> <span class='ocrx_word' id='word_1_366' title='bbox 939 3389 1226 3460; x_wconf 74' lang='grc' dir='ltr'>χάρυϐδις,</span> <span class='ocrx_word' id='word_1_367' title='bbox 1254 3391 1376 3446; x_wconf 81' lang='grc' dir='ltr'>ἀλλ’</span> <span class='ocrx_word' id='word_1_368' title='bbox 1405 3394 1480 3457; x_wconf 84' lang='grc' dir='ltr'>ὡς</span> <span class='ocrx_word' id='word_1_369' title='bbox 1509 3387 1682 3459; x_wconf 82' lang='grc' dir='ltr'>αὐτὸς</span> 
     </span>
    </p>
   </div>
   <div class='ocr_carea' id='block_1_53' title="bbox 1797 1938 3368 2022">
    <p class='ocr_par' dir='ltr' id='par_1_53' title="bbox 1797 1938 3368 2022">
     <span class='ocr_line' id='line_1_55' title="bbox 1797 1938 3368 2022; baseline 0.012 -31"><span class='ocrx_word' id='word_1_370' title='bbox 1797 1938 1886 1993; x_wconf 91' lang='lat' dir='ltr'><strong>ille</strong></span> <span class='ocrx_word' id='word_1_371' title='bbox 1917 1941 2130 2009; x_wconf 80' lang='lat' dir='ltr'><strong>quidem</strong></span> <span class='ocrx_word' id='word_1_372' title='bbox 2168 1947 2352 2013; x_wconf 85' lang='lat' dir='ltr'><strong>probis</strong></span> <span class='ocrx_word' id='word_1_373' title='bbox 2404 1950 2709 2005; x_wconf 77' lang='lat' dir='ltr'><strong>[torninibus</strong></span> <span class='ocrx_word' id='word_1_374' title='bbox 2763 1953 3076 2021; x_wconf 86' lang='lat' dir='ltr'><strong>propositus</strong></span> <span class='ocrx_word' id='word_1_375' title='bbox 3124 1963 3247 2022; x_wconf 80' lang='lat' dir='ltr'><strong>est;</strong></span> <span class='ocrx_word' id='word_1_376' title='bbox 3280 1956 3368 2010; x_wconf 89' lang='lat' dir='ltr'><strong>hic</strong></span> 
     </span>
    </p>
   </div>
   <div class='ocr_carea' id='block_1_54' title="bbox 1797 2040 3364 2111">
    <p class='ocr_par' dir='ltr' id='par_1_54' title="bbox 1797 2040 3364 2111">
     <span class='ocr_line' id='line_1_56' title="bbox 1797 2040 3364 2111; baseline 0.011 -28"><span class='ocrx_word' id='word_1_377' title='bbox 1797 2045 2108 2098; x_wconf 78' lang='lat' dir='ltr'><strong>peccatores</strong></span> <span class='ocrx_word' id='word_1_378' title='bbox 2143 2049 2343 2092; x_wconf 85' lang='lat' dir='ltr'><strong>manet.</strong></span> <span class='ocrx_word' id='word_1_379' title='bbox 2404 2040 2541 2106; x_wconf 87' lang='lat' dir='ltr'><strong>Quid</strong></span> <span class='ocrx_word' id='word_1_380' title='bbox 2573 2043 2745 2098; x_wconf 84' lang='lat' dir='ltr'><strong>satius</strong></span> <span class='ocrx_word' id='word_1_381' title='bbox 2774 2053 2880 2109; x_wconf 89' lang='lat' dir='ltr'><strong>est,</strong></span> <span class='ocrx_word' id='word_1_382' title='bbox 2930 2061 2961 2099; x_wconf 88' lang='lat' dir='ltr'><strong>e</strong></span> <span class='ocrx_word' id='word_1_383' title='bbox 2991 2047 3129 2102; x_wconf 85' lang='lat' dir='ltr'><strong>coelo</strong></span> <span class='ocrx_word' id='word_1_384' title='bbox 3163 2047 3364 2111; x_wconf 80' lang='lat' dir='ltr'><strong>delabi,</strong></span> 
     </span>
    </p>
   </div>
   <div class='ocr_carea' id='block_1_55' title="bbox 1795 2124 3367 2192">
    <p class='ocr_par' dir='ltr' id='par_1_55' title="bbox 1795 2124 3367 2192">
     <span class='ocr_line' id='line_1_57' title="bbox 1795 2124 3367 2192; baseline 0.011 -18"><span class='ocrx_word' id='word_1_385' title='bbox 1795 2136 1884 2175; x_wconf 90' lang='lat' dir='ltr'><strong>aut</strong></span> <span class='ocrx_word' id='word_1_386' title='bbox 1915 2124 1967 2178; x_wconf 90' lang='lat' dir='ltr'><strong>in</strong></span> <span class='ocrx_word' id='word_1_387' title='bbox 2001 2128 2196 2182; x_wconf 61' lang='lat' dir='ltr'><strong>malum</strong></span> <span class='ocrx_word' id='word_1_388' title='bbox 2232 2132 2570 2189; x_wconf 82' lang='lat' dir='ltr'><strong>ascendere?</strong></span> <span class='ocrx_word' id='word_1_389' title='bbox 2604 2133 2840 2192; x_wconf 84' lang='lat' dir='ltr'><strong>Facilius</strong></span> <span class='ocrx_word' id='word_1_390' title='bbox 2869 2148 2950 2191; x_wconf 80' lang='lat' dir='ltr'><strong>est</strong></span> <span class='ocrx_word' id='word_1_391' title='bbox 2980 2154 3010 2192; x_wconf 89' lang='lat' dir='ltr'><strong>a</strong></span> <span class='ocrx_word' id='word_1_392' title='bbox 3068 2137 3174 2192; x_wconf 86' lang='lat' dir='ltr'><strong>Deo</strong></span> <span class='ocrx_word' id='word_1_393' title='bbox 3220 2149 3367 2192; x_wconf 83' lang='lat' dir='ltr'><strong>stare</strong></span> 
     </span>
    </p>
   </div>
   <div class='ocr_carea' id='block_1_56' title="bbox 1794 2217 3368 2294">
    <p class='ocr_par' dir='ltr' id='par_1_56' title="bbox 1794 2217 3368 2294">
     <span class='ocr_line' id='line_1_58' title="bbox 1794 2217 3368 2294; baseline 0.011 -28"><span class='ocrx_word' id='word_1_394' title='bbox 1794 2229 1954 2283; x_wconf 89' lang='lat' dir='ltr'><strong>quam</strong></span> <span class='ocrx_word' id='word_1_395' title='bbox 1988 2218 2054 2271; x_wconf 91' lang='lat' dir='ltr'><strong>ab</strong></span> <span class='ocrx_word' id='word_1_396' title='bbox 2085 2217 2199 2288; x_wconf 80' lang='lat' dir='ltr'><strong>ejus</strong></span> <span class='ocrx_word' id='word_1_397' title='bbox 2227 2223 2513 2276; x_wconf 84' lang='lat' dir='ltr'><strong>sam-titate</strong></span> <span class='ocrx_word' id='word_1_398' title='bbox 2554 2225 2805 2281; x_wconf 82' lang='lat' dir='ltr'><strong>deiicere.</strong></span> <span class='ocrx_word' id='word_1_399' title='bbox 2872 2228 3013 2283; x_wconf 80' lang='lat' dir='ltr'><strong>Deus</strong></span> <span class='ocrx_word' id='word_1_400' title='bbox 3064 2229 3207 2283; x_wconf 87' lang='lat' dir='ltr'><strong>enim</strong></span> <span class='ocrx_word' id='word_1_401' title='bbox 3273 2245 3368 2294; x_wconf 83' lang='lat' dir='ltr'><strong>per</strong></span> 
     </span>
    </p>
   </div>
   <div class='ocr_carea' id='block_1_57' title="bbox 1794 2306 3366 2389">
    <p class='ocr_par' dir='ltr' id='par_1_57' title="bbox 1794 2306 3366 2389">
     <span class='ocr_line' id='line_1_59' title="bbox 1794 2306 3366 2389; baseline 0.011 -32"><span class='ocrx_word' id='word_1_402' title='bbox 1794 2306 2113 2363; x_wconf 64' lang='lat' dir='ltr'><strong>(ueritatem</strong></span> <span class='ocrx_word' id='word_1_403' title='bbox 2190 2329 2345 2367; x_wconf 90' lang='lat' dir='ltr'><strong>suam</strong></span> <span class='ocrx_word' id='word_1_404' title='bbox 2426 2315 2629 2373; x_wconf 87' lang='lat' dir='ltr'><strong>homini</strong></span> <span class='ocrx_word' id='word_1_405' title='bbox 2691 2320 3107 2389; x_wconf 84' lang='lat' dir='ltr'><strong>prosperitatem</strong></span> <span class='ocrx_word' id='word_1_406' title='bbox 3174 2322 3366 2376; x_wconf 90' lang='lat' dir='ltr'><strong>tribuit</strong></span> 
     </span>
    </p>
   </div>
   <div class='ocr_carea' id='block_1_58' title="bbox 1792 2398 3363 2480">
    <p class='ocr_par' dir='ltr' id='par_1_58' title="bbox 1792 2398 3363 2480">
     <span class='ocr_line' id='line_1_60' title="bbox 1792 2398 3363 2480; baseline 0.011 -32"><span class='ocrx_word' id='word_1_407' title='bbox 1792 2405 1842 2446; x_wconf 84' lang='lat' dir='ltr'><strong>et</strong></span> <span class='ocrx_word' id='word_1_408' title='bbox 1872 2398 1952 2450; x_wconf 89' lang='lat' dir='ltr'><strong>sui</strong></span> <span class='ocrx_word' id='word_1_409' title='bbox 1986 2401 2215 2455; x_wconf 76' lang='lat' dir='ltr'><strong>similem</strong></span> <span class='ocrx_word' id='word_1_410' title='bbox 2247 2419 2368 2457; x_wconf 88' lang='lat' dir='ltr'><strong>eum</strong></span> <span class='ocrx_word' id='word_1_411' title='bbox 2410 2404 2558 2472; x_wconf 80' lang='lat' dir='ltr'><strong>facit,</strong></span> <span class='ocrx_word' id='word_1_412' title='bbox 2617 2410 2744 2463; x_wconf 84' lang='lat' dir='ltr'><strong>dum</strong></span> <span class='ocrx_word' id='word_1_413' title='bbox 2793 2411 3019 2464; x_wconf 77' lang='lat' dir='ltr'><strong>dzemoui</strong></span> <span class='ocrx_word' id='word_1_414' title='bbox 3095 2410 3363 2480; x_wconf 74' lang='lat' dir='ltr'><strong>quispiam</strong></span> 
     </span>
    </p>
   </div>
   <div class='ocr_carea' id='block_1_59' title="bbox 1793 2487 3365 2571">
    <p class='ocr_par' dir='ltr' id='par_1_59' title="bbox 1793 2487 3365 2571">
     <span class='ocr_line' id='line_1_61' title="bbox 1793 2487 3365 2571; baseline 0.011 -32"><span class='ocrx_word' id='word_1_415' title='bbox 1793 2487 2191 2559; x_wconf 50' lang='lat' dir='ltr'><strong>adluvregquia</strong></span> <span class='ocrx_word' id='word_1_416' title='bbox 2230 2494 2368 2549; x_wconf 86' lang='lat' dir='ltr'><strong>Deus</strong></span> <span class='ocrx_word' id='word_1_417' title='bbox 2422 2498 2592 2566; x_wconf 85' lang='lat' dir='ltr'><strong>ipsum</strong></span> <span class='ocrx_word' id='word_1_418' title='bbox 2642 2500 2879 2570; x_wconf 83' lang='lat' dir='ltr'><strong>reliquit,</strong></span> <span class='ocrx_word' id='word_1_419' title='bbox 2917 2501 3135 2571; x_wconf 85' lang='lat' dir='ltr'><strong>quando</strong></span> <span class='ocrx_word' id='word_1_420' title='bbox 3190 2513 3365 2570; x_wconf 83' lang='lat' dir='ltr'><strong>ncqtte</strong></span> 
     </span>
    </p>
   </div>
   <div class='ocr_carea' id='block_1_60' title="bbox 1790 2578 3366 2660">
    <p class='ocr_par' dir='ltr' id='par_1_60' title="bbox 1790 2578 3366 2660">
     <span class='ocr_line' id='line_1_62' title="bbox 1790 2578 3366 2660; baseline 0.012 -33"><span class='ocrx_word' id='word_1_421' title='bbox 1790 2578 2029 2635; x_wconf 80' lang='lat' dir='ltr'><strong>sihilatio</strong></span> <span class='ocrx_word' id='word_1_422' title='bbox 2063 2585 2242 2636; x_wconf 81' lang='lat' dir='ltr'><strong>carnis</strong></span> <span class='ocrx_word' id='word_1_423' title='bbox 2278 2586 2556 2640; x_wconf 77' lang='lat' dir='ltr'><strong>libidinem</strong></span> <span class='ocrx_word' id='word_1_424' title='bbox 2593 2590 2759 2655; x_wconf 86' lang='lat' dir='ltr'><strong>sistit,</strong></span> <span class='ocrx_word' id='word_1_425' title='bbox 2811 2605 2984 2660; x_wconf 86' lang='lat' dir='ltr'><strong>neque</strong></span> <span class='ocrx_word' id='word_1_426' title='bbox 3036 2590 3248 2645; x_wconf 78' lang='lat' dir='ltr'><strong>frenum</strong></span> <span class='ocrx_word' id='word_1_427' title='bbox 3278 2602 3366 2646; x_wconf 83' lang='lat' dir='ltr'><strong>re-</strong></span> 
     </span>
    </p>
   </div>
   <div class='ocr_carea' id='block_1_61' title="bbox 1791 2670 2520 2742">
    <p class='ocr_par' dir='ltr' id='par_1_61' title="bbox 1791 2670 2520 2742">
     <span class='ocr_line' id='line_1_63' title="bbox 1791 2670 2520 2742; baseline 0.012 -19"><span class='ocrx_word' id='word_1_428' title='bbox 1791 2670 2160 2726; x_wconf 67' lang='lat' dir='ltr'><strong>(ail‘iil&#39;iilllClll</strong></span> <span class='ocrx_word' id='word_1_429' title='bbox 2216 2677 2520 2742; x_wconf 81' lang='lat' dir='ltr'><strong>perdomat.</strong></span> 
     </span>
    </p>
   </div>
   <div class='ocr_carea' id='block_1_62' title="bbox 1855 3123 3357 3198">
    <p class='ocr_par' dir='ltr' id='par_1_62' title="bbox 1855 3123 3357 3198">
     <span class='ocr_line' id='line_1_64' title="bbox 1855 3123 3357 3198; baseline 0.002 -17"><span class='ocrx_word' id='word_1_430' title='bbox 1855 3126 1944 3181; x_wconf 60' lang='grc' dir='ltr'><strong>δί.</strong></span> <span class='ocrx_word' id='word_1_431' title='bbox 1973 3123 2092 3182; x_wconf 81' lang='lat' dir='ltr'><strong>Huc</strong></span> <span class='ocrx_word' id='word_1_432' title='bbox 2123 3126 2331 3182; x_wconf 87' lang='lat' dir='ltr'><strong>accedit</strong></span> <span class='ocrx_word' id='word_1_433' title='bbox 2362 3128 2503 3198; x_wconf 90' lang='lat' dir='ltr'><strong>quod</strong></span> <span class='ocrx_word' id='word_1_434' title='bbox 2536 3128 2676 3183; x_wconf 80' lang='lat' dir='ltr'><strong>Deus</strong></span> <span class='ocrx_word' id='word_1_435' title='bbox 2714 3127 2932 3183; x_wconf 86' lang='lat' dir='ltr'><strong>brachia</strong></span> <span class='ocrx_word' id='word_1_436' title='bbox 2963 3128 3231 3184; x_wconf 81' lang='lat' dir='ltr'><strong>tendendo</strong></span> <span class='ocrx_word' id='word_1_437' title='bbox 3258 3144 3357 3184; x_wconf 87' lang='lat' dir='ltr'><strong>nos</strong></span> 
     </span>
    </p>
   </div>
   <div class='ocr_carea' id='block_1_63' title="bbox 1787 3219 3357 3292">
    <p class='ocr_par' dir='ltr' id='par_1_63' title="bbox 1787 3219 3357 3292">
     <span class='ocr_line' id='line_1_65' title="bbox 1787 3219 3357 3292; baseline 0.002 -18"><span class='ocrx_word' id='word_1_438' title='bbox 1787 3219 1927 3275; x_wconf 88' lang='lat' dir='ltr'><strong>sicut</strong></span> <span class='ocrx_word' id='word_1_439' title='bbox 1962 3222 2103 3276; x_wconf 82' lang='lat' dir='ltr'><strong>intra</strong></span> <span class='ocrx_word' id='word_1_440' title='bbox 2163 3231 2377 3291; x_wconf 86' lang='lat' dir='ltr'><strong>portum</strong></span> <span class='ocrx_word' id='word_1_441' title='bbox 2427 3222 2639 3286; x_wconf 80' lang='lat' dir='ltr'><strong>recipit.</strong></span> <span class='ocrx_word' id='word_1_442' title='bbox 2694 3221 2911 3277; x_wconf 77' lang='lat' dir='ltr'><strong>Daemon</strong></span> <span class='ocrx_word' id='word_1_443' title='bbox 2972 3237 3035 3277; x_wconf 89' lang='lat' dir='ltr'><strong>os</strong></span> <span class='ocrx_word' id='word_1_444' title='bbox 3085 3224 3239 3292; x_wconf 86' lang='lat' dir='ltr'><strong>quasi</strong></span> <span class='ocrx_word' id='word_1_445' title='bbox 3290 3225 3357 3277; x_wconf 88' lang='lat' dir='ltr'><strong>ad</strong></span> 
     </span>
    </p>
   </div>
   <div class='ocr_carea' id='block_1_64' title="bbox 1787 3309 3356 3381">
    <p class='ocr_par' dir='ltr' id='par_1_64' title="bbox 1787 3309 3356 3381">
     <span class='ocr_line' id='line_1_66' title="bbox 1787 3309 3356 3381; baseline 0.001 -16"><span class='ocrx_word' id='word_1_446' title='bbox 1787 3309 2104 3365; x_wconf 79' lang='lat' dir='ltr'><strong>basiandum</strong></span> <span class='ocrx_word' id='word_1_447' title='bbox 2151 3311 2323 3381; x_wconf 88' lang='lat' dir='ltr'><strong>aperit</strong></span> <span class='ocrx_word' id='word_1_448' title='bbox 2355 3322 2409 3366; x_wconf 91' lang='lat' dir='ltr'><strong>et</strong></span> <span class='ocrx_word' id='word_1_449' title='bbox 2434 3313 2677 3374; x_wconf 82' lang='lat' dir='ltr'><strong>devorat,</strong></span> <span class='ocrx_word' id='word_1_450' title='bbox 2710 3329 2813 3366; x_wconf 90' lang='lat' dir='ltr'><strong>non</strong></span> <span class='ocrx_word' id='word_1_451' title='bbox 2838 3325 2888 3365; x_wconf 83' lang='grc' dir='ltr'><strong>ιιι</strong></span> <span class='ocrx_word' id='word_1_452' title='bbox 2921 3312 3088 3367; x_wconf 81' lang='lat' dir='ltr'><strong>draco</strong></span> <span class='ocrx_word' id='word_1_453' title='bbox 3128 3324 3218 3366; x_wconf 91' lang='lat' dir='ltr'><strong>aut</strong></span> <span class='ocrx_word' id='word_1_454' title='bbox 3244 3313 3356 3377; x_wconf 77' lang='lat' dir='ltr'><strong>leo,</strong></span> 
     </span>
    </p>
   </div>
   <div class='ocr_carea' id='block_1_65' title="bbox 1785 3401 3357 3473">
    <p class='ocr_par' dir='ltr' id='par_1_65' title="bbox 1785 3401 3357 3473">
     <span class='ocr_line' id='line_1_67' title="bbox 1785 3401 3357 3473; baseline 0.003 -18"><span class='ocrx_word' id='word_1_455' title='bbox 1785 3413 1875 3455; x_wconf 87' lang='lat' dir='ltr'><strong>aut</strong></span> <span class='ocrx_word' id='word_1_456' title='bbox 1928 3401 2231 3470; x_wconf 80' lang='lat' dir='ltr'><strong>charybdis.</strong></span> <span class='ocrx_word' id='word_1_457' title='bbox 2257 3403 2350 3458; x_wconf 88' lang='lat' dir='ltr'><strong>sed</strong></span> <span class='ocrx_word' id='word_1_458' title='bbox 2380 3404 2519 3458; x_wconf 80' lang='lat' dir='ltr'><strong>sicut</strong></span> <span class='ocrx_word' id='word_1_459' title='bbox 2544 3413 2797 3458; x_wconf 89' lang='lat' dir='ltr'><strong>tartarus.</strong></span> <span class='ocrx_word' id='word_1_460' title='bbox 2829 3405 2969 3457; x_wconf 76' lang='lat' dir='ltr'><strong>Deus</strong></span> <span class='ocrx_word' id='word_1_461' title='bbox 3024 3404 3265 3473; x_wconf 83' lang='lat' dir='ltr'><strong>loquitur</strong></span> <span class='ocrx_word' id='word_1_462' title='bbox 3302 3415 3357 3459; x_wconf 87' lang='lat' dir='ltr'><strong>et</strong></span> 
     </span>
    </p>
   </div>
   <div class='ocr_carea' id='block_1_66' title="bbox 93 3471 1685 3565">
    <p class='ocr_par' dir='ltr' id='par_1_66' title="bbox 93 3471 1682 3552">
     <span class='ocr_line' id='line_1_68' title="bbox 93 3471 1682 3552; baseline 0.008 -28"><span class='ocrx_word' id='word_1_463' title='bbox 93 3471 402 3542; x_wconf 73' lang='grc' dir='ltr'>τάρταρος.</span> <span class='ocrx_word' id='word_1_464' title='bbox 447 3471 620 3525; x_wconf 80' lang='grc' dir='ltr'>Δαλεῖ</span> <span class='ocrx_word' id='word_1_465' title='bbox 664 3475 694 3527; x_wconf 80' lang='grc' dir='ltr'><strong>ό</strong></span> <span class='ocrx_word' id='word_1_466' title='bbox 737 3474 868 3537; x_wconf 75' lang='grc' dir='ltr'>Θεὸς</span> <span class='ocrx_word' id='word_1_467' title='bbox 899 3477 994 3530; x_wconf 76' lang='grc' dir='ltr'>καὶ</span> <span class='ocrx_word' id='word_1_468' title='bbox 1045 3481 1227 3530; x_wconf 85' lang='grc' dir='ltr'>ποιεῖ·</span> <span class='ocrx_word' id='word_1_469' title='bbox 1282 3481 1623 3552; x_wconf 82' lang='grc' dir='ltr'>ὑπισχνεῖται</span> <span class='ocrx_word' id='word_1_470' title='bbox 1653 3485 1682 3537; x_wconf 79' lang='grc' dir='ltr'><strong>ό</strong></span> 
     </span>
    </p>
   </div>
   <div class='ocr_carea' id='block_1_67' title="bbox 1793 3471 3354 3565">
    <p class='ocr_par' dir='ltr' id='par_1_67' title="bbox 1793 3485 3354 3565">
     <span class='ocr_line' id='line_1_69' title="bbox 1793 3485 3354 3565; baseline 0 -16"><span class='ocrx_word' id='word_1_471' title='bbox 1793 3505 2071 3565; x_wconf 80' lang='lat' dir='ltr'><strong>operatur;</strong></span> <span class='ocrx_word' id='word_1_472' title='bbox 2104 3485 2443 3549; x_wconf 88' lang='lat' dir='ltr'><strong>adversarius</strong></span> <span class='ocrx_word' id='word_1_473' title='bbox 2504 3495 2767 3565; x_wconf 86' lang='lat' dir='ltr'><strong>promittit</strong></span> <span class='ocrx_word' id='word_1_474' title='bbox 2816 3504 2868 3549; x_wconf 88' lang='lat' dir='ltr'><strong>et</strong></span> <span class='ocrx_word' id='word_1_475' title='bbox 2932 3495 3215 3564; x_wconf 69' lang='lat' dir='ltr'><strong>promissis</strong></span> <span class='ocrx_word' id='word_1_476' title='bbox 3249 3506 3354 3549; x_wconf 88' lang='lat' dir='ltr'><strong>non</strong></span> 
     </span>
    </p>
   </div>
   <div class='ocr_carea' id='block_1_68' title="bbox 88 3564 1678 3643">
    <p class='ocr_par' dir='ltr' id='par_1_68' title="bbox 88 3564 1678 3643">
     <span class='ocr_line' id='line_1_70' title="bbox 88 3564 1678 3643; baseline 0.006 -25"><span class='ocrx_word' id='word_1_477' title='bbox 88 3564 485 3633; x_wconf 72' lang='grc' dir='ltr'>ἀντικείμενος</span> <span class='ocrx_word' id='word_1_478' title='bbox 513 3567 608 3618; x_wconf 72' lang='grc' dir='ltr'>καὶ</span> <span class='ocrx_word' id='word_1_479' title='bbox 629 3567 925 3637; x_wconf 89' lang='grc' dir='ltr'>ἀπρακτεῖ.</span> <span class='ocrx_word' id='word_1_480' title='bbox 968 3570 1254 3641; x_wconf 81' lang='grc' dir='ltr'>Ἀληθεύει</span> <span class='ocrx_word' id='word_1_481' title='bbox 1281 3575 1308 3627; x_wconf 74' lang='grc' dir='ltr'><strong>ὁ</strong></span> <span class='ocrx_word' id='word_1_482' title='bbox 1330 3575 1641 3643; x_wconf 84' lang='grc' dir='ltr'>αὑτάγαθος</span> <span class='ocrx_word' id='word_1_483' title='bbox 1661 3592 1678 3609; x_wconf 77' lang='grc' dir='ltr'><strong><em>ο</em></strong></span> 
     </span>
    </p>
   </div>
   <div class='ocr_carea' id='block_1_69' title="bbox 95 3655 1682 3735">
    <p class='ocr_par' dir='ltr' id='par_1_69' title="bbox 95 3655 1682 3735">
     <span class='ocr_line' id='line_1_71' title="bbox 95 3655 1682 3735; baseline 0.008 -27"><span class='ocrx_word' id='word_1_484' title='bbox 95 3656 369 3722; x_wconf 55' lang='lat' dir='ltr'><strong>(fama:</strong></span> <span class='ocrx_word' id='word_1_485' title='bbox 430 3655 461 3709; x_wconf 84' lang='grc' dir='ltr'><strong>ό</strong></span> <span class='ocrx_word' id='word_1_486' title='bbox 513 3657 842 3720; x_wconf 77' lang='grc' dir='ltr'>αὕτόκακος.</span> <span class='ocrx_word' id='word_1_487' title='bbox 892 3661 1275 3733; x_wconf 86' lang='grc' dir='ltr'>Ἐκνικησάτω</span> <span class='ocrx_word' id='word_1_488' title='bbox 1325 3667 1382 3719; x_wconf 82' lang='grc' dir='ltr'>ὲν</span> <span class='ocrx_word' id='word_1_489' title='bbox 1440 3668 1573 3735; x_wconf 82' lang='grc' dir='ltr'>ἡμῖν</span> <span class='ocrx_word' id='word_1_490' title='bbox 1620 3667 1682 3720; x_wconf 85' lang='grc' dir='ltr'><strong>τὸ</strong></span> 
     </span>
    </p>
   </div>
   <div class='ocr_carea' id='block_1_70' title="bbox 93 3746 1682 3826">
    <p class='ocr_par' dir='ltr' id='par_1_70' title="bbox 93 3746 1682 3826">
     <span class='ocr_line' id='line_1_72' title="bbox 93 3746 1682 3826; baseline 0.007 -27"><span class='ocrx_word' id='word_1_491' title='bbox 93 3746 381 3818; x_wconf 80' lang='grc' dir='ltr'>θειότερον</span> <span class='ocrx_word' id='word_1_492' title='bbox 410 3748 445 3818; x_wconf 78' lang='grc' dir='ltr'>ἡ</span> <span class='ocrx_word' id='word_1_493' title='bbox 483 3747 653 3819; x_wconf 76' lang='grc' dir='ltr'>ψυχὴ,</span> <span class='ocrx_word' id='word_1_494' title='bbox 684 3750 781 3803; x_wconf 75' lang='grc' dir='ltr'>καὶ</span> <span class='ocrx_word' id='word_1_495' title='bbox 810 3751 885 3821; x_wconf 79' lang='grc' dir='ltr'><strong>μὴ</strong></span> <span class='ocrx_word' id='word_1_496' title='bbox 913 3753 976 3805; x_wconf 84' lang='grc' dir='ltr'><strong>τὸ</strong></span> <span class='ocrx_word' id='word_1_497' title='bbox 1003 3756 1186 3824; x_wconf 89' lang='grc' dir='ltr'>χεῖρον</span> <span class='ocrx_word' id='word_1_498' title='bbox 1217 3756 1249 3825; x_wconf 77' lang='grc' dir='ltr'><strong>ἡ</strong></span> <span class='ocrx_word' id='word_1_499' title='bbox 1286 3755 1381 3825; x_wconf 84' lang='grc' dir='ltr'><strong>γῆ.</strong></span> <span class='ocrx_word' id='word_1_500' title='bbox 1425 3756 1682 3826; x_wconf 77' lang='grc' dir='ltr'>Ἀφῶμεν</span> 
     </span>
    </p>
   </div>
   <div class='ocr_carea' id='block_1_71' title="bbox 93 3838 1679 3916">
    <p class='ocr_par' dir='ltr' id='par_1_71' title="bbox 93 3838 1679 3916">
     <span class='ocr_line' id='line_1_73' title="bbox 93 3838 1679 3916; baseline 0.004 -22"><span class='ocrx_word' id='word_1_501' title='bbox 93 3839 158 3894; x_wconf 69' lang='grc' dir='ltr'><strong>τὸ</strong></span> <span class='ocrx_word' id='word_1_502' title='bbox 193 3840 384 3910; x_wconf 81' lang='grc' dir='ltr'>σῶμα,</span> <span class='ocrx_word' id='word_1_503' title='bbox 438 3838 738 3909; x_wconf 78' lang='grc' dir='ltr'>γενώμεθα</span> <span class='ocrx_word' id='word_1_504' title='bbox 772 3842 874 3912; x_wconf 79' lang='grc' dir='ltr'><strong>τῆς</strong></span> <span class='ocrx_word' id='word_1_505' title='bbox 927 3842 1127 3912; x_wconf 75' lang='grc' dir='ltr'>ψυχῆς.</span> <span class='ocrx_word' id='word_1_506' title='bbox 1167 3846 1230 3899; x_wconf 83' lang='lat' dir='ltr'><strong>Ei</strong></span> <span class='ocrx_word' id='word_1_507' title='bbox 1260 3846 1317 3899; x_wconf 77' lang='grc' dir='ltr'>δὲ</span> <span class='ocrx_word' id='word_1_508' title='bbox 1372 3847 1447 3916; x_wconf 80' lang='grc' dir='ltr'>μὴ</span> <span class='ocrx_word' id='word_1_509' title='bbox 1497 3847 1679 3910; x_wconf 80' lang='grc' dir='ltr'>τοῦτο,</span> 
     </span>
    </p>
   </div>
   <div class='ocr_carea' id='block_1_72' title="bbox 92 3929 1679 4009">
    <p class='ocr_par' dir='ltr' id='par_1_72' title="bbox 92 3929 1679 4009">
     <span class='ocr_line' id='line_1_74' title="bbox 92 3929 1679 4009; baseline 0.01 -29"><span class='ocrx_word' id='word_1_510' title='bbox 92 3929 507 4000; x_wconf 70' lang='grc' dir='ltr'>ἀκολουθητέον</span> <span class='ocrx_word' id='word_1_511' title='bbox 554 3930 689 3998; x_wconf 83' lang='grc' dir='ltr'>γοῦν</span> <span class='ocrx_word' id='word_1_512' title='bbox 734 3930 834 4003; x_wconf 78' lang='grc' dir='ltr'><strong>τὴν</strong></span> <span class='ocrx_word' id='word_1_513' title='bbox 868 3932 1051 4002; x_wconf 83' lang='grc' dir='ltr'>σάρκα</span> <span class='ocrx_word' id='word_1_514' title='bbox 1094 3938 1162 4006; x_wconf 78' lang='grc' dir='ltr'>τῇ</span> <span class='ocrx_word' id='word_1_515' title='bbox 1215 3938 1470 4005; x_wconf 79' lang='grc' dir='ltr'>ζωογόνῳ</span> <span class='ocrx_word' id='word_1_516' title='bbox 1507 3937 1679 4009; x_wconf 83' lang='grc' dir='ltr'>ψυχῇ,</span> 
     </span>
    </p>
   </div>
   <div class='ocr_carea' id='block_1_73' title="bbox 93 4021 1680 4097">
    <p class='ocr_par' dir='ltr' id='par_1_73' title="bbox 93 4021 1680 4097">
     <span class='ocr_line' id='line_1_75' title="bbox 93 4021 1680 4097; baseline 0.004 -21"><span class='ocrx_word' id='word_1_517' title='bbox 93 4023 194 4076; x_wconf 76' lang='grc' dir='ltr'>καὶ</span> <span class='ocrx_word' id='word_1_518' title='bbox 222 4021 303 4093; x_wconf 78' lang='grc' dir='ltr'>μὴ</span> <span class='ocrx_word' id='word_1_519' title='bbox 336 4021 602 4090; x_wconf 73' lang='grc' dir='ltr'>ἔμπαλιν.</span> <span class='ocrx_word' id='word_1_520' title='bbox 649 4022 716 4075; x_wconf 89' lang='grc' dir='ltr'>Τί</span> <span class='ocrx_word' id='word_1_521' title='bbox 744 4022 835 4075; x_wconf 79' lang='grc' dir='ltr'><strong>τὸν</strong></span> <span class='ocrx_word' id='word_1_522' title='bbox 869 4023 1042 4095; x_wconf 84' lang='grc' dir='ltr'>πηλὸν</span> <span class='ocrx_word' id='word_1_523' title='bbox 1096 4027 1456 4097; x_wconf 85' lang='grc' dir='ltr'>περιέπομεν,</span> <span class='ocrx_word' id='word_1_524' title='bbox 1491 4028 1680 4096; x_wconf 77' lang='grc' dir='ltr'>ἀφιέν-</span> 
     </span>
    </p>
   </div>
   <div class='ocr_carea' id='block_1_74' title="bbox 90 4110 1681 4189">
    <p class='ocr_par' dir='ltr' id='par_1_74' title="bbox 90 4110 1681 4189">
     <span class='ocr_line' id='line_1_76' title="bbox 90 4110 1681 4189; baseline 0.005 -24"><span class='ocrx_word' id='word_1_525' title='bbox 90 4114 337 4184; x_wconf 51' lang='lat' dir='ltr'><strong>“(sint</strong></span> <span class='ocrx_word' id='word_1_526' title='bbox 391 4111 538 4166; x_wconf 83' lang='grc' dir='ltr'><strong>κατά</strong></span> <span class='ocrx_word' id='word_1_527' title='bbox 575 4112 796 4183; x_wconf 81' lang='grc' dir='ltr'>πνεῦμα</span> <span class='ocrx_word' id='word_1_528' title='bbox 825 4112 999 4178; x_wconf 81' lang='grc' dir='ltr'>ζέσιν,</span> <span class='ocrx_word' id='word_1_529' title='bbox 1099 4118 1429 4188; x_wconf 73' lang='grc' dir='ltr'>συνέχεται;</span> <span class='ocrx_word' id='word_1_530' title='bbox 1475 4120 1541 4172; x_wconf 89' lang='grc' dir='ltr'>Τί</span> <span class='ocrx_word' id='word_1_531' title='bbox 1586 4120 1681 4173; x_wconf 79' lang='grc' dir='ltr'><strong>τὸν</strong></span> 
     </span>
    </p>
   </div>
   <div class='ocr_carea' id='block_1_75' title="bbox 92 4204 1684 4281">
    <p class='ocr_par' dir='ltr' id='par_1_75' title="bbox 92 4204 1684 4281">
     <span class='ocr_line' id='line_1_77' title="bbox 92 4204 1684 4281; baseline 0.003 -23"><span class='ocrx_word' id='word_1_532' title='bbox 92 4205 231 4277; x_wconf 79' lang='grc' dir='ltr'>χοῦν</span> <span class='ocrx_word' id='word_1_533' title='bbox 259 4204 595 4274; x_wconf 71' lang='grc' dir='ltr'>στέργομεν,</span> <span class='ocrx_word' id='word_1_534' title='bbox 637 4204 698 4269; x_wconf 85' lang='grc' dir='ltr'>ὃς</span> <span class='ocrx_word' id='word_1_535' title='bbox 740 4205 945 4275; x_wconf 83' lang='grc' dir='ltr'>ἀνέμου</span> <span class='ocrx_word' id='word_1_536' title='bbox 978 4207 1212 4281; x_wconf 76' lang='grc' dir='ltr'>βραχείᾳ</span> <span class='ocrx_word' id='word_1_537' title='bbox 1244 4213 1376 4281; x_wconf 73' lang='grc' dir='ltr'>ῥιπῇ</span> <span class='ocrx_word' id='word_1_538' title='bbox 1430 4210 1684 4274; x_wconf 77' lang='grc' dir='ltr'>σκεδάζε-</span> 
     </span>
    </p>
   </div>
   <div class='ocr_carea' id='block_1_76' title="bbox 91 4297 1680 4371">
    <p class='ocr_par' dir='ltr' id='par_1_76' title="bbox 91 4297 1680 4371">
     <span class='ocr_line' id='line_1_78' title="bbox 91 4297 1680 4371; baseline 0.003 -19"><span class='ocrx_word' id='word_1_539' title='bbox 91 4316 186 4354; x_wconf 81' lang='grc' dir='ltr'><strong>ται</strong></span> <span class='ocrx_word' id='word_1_540' title='bbox 215 4315 231 4367; x_wconf 88' lang='lat'><strong>;</strong></span> <span class='ocrx_word' id='word_1_541' title='bbox 264 4298 335 4352; x_wconf 90' lang='grc' dir='ltr'><strong>Τί</strong></span> <span class='ocrx_word' id='word_1_542' title='bbox 368 4314 506 4350; x_wconf 80' lang='grc' dir='ltr'>ποτε</span> <span class='ocrx_word' id='word_1_543' title='bbox 558 4297 874 4368; x_wconf 67' lang='grc' dir='ltr'>ἀμλοῦμεν</span> <span class='ocrx_word' id='word_1_544' title='bbox 908 4299 1192 4371; x_wconf 78' lang='grc' dir='ltr'>ἄνθρωποι</span> <span class='ocrx_word' id='word_1_545' title='bbox 1224 4302 1359 4356; x_wconf 81' lang='grc' dir='ltr'>Θεοῦ</span> <span class='ocrx_word' id='word_1_546' title='bbox 1405 4299 1544 4355; x_wconf 78' lang='grc' dir='ltr'>εἶναι</span> <span class='ocrx_word' id='word_1_547' title='bbox 1585 4304 1680 4356; x_wconf 78' lang='grc' dir='ltr'>καὶ</span> 
     </span>
    </p>
   </div>
   <div class='ocr_carea' id='block_1_77' title="bbox 90 4388 1679 4462">
    <p class='ocr_par' dir='ltr' id='par_1_77' title="bbox 90 4388 1679 4462">
     <span class='ocr_line' id='line_1_79' title="bbox 90 4388 1679 4462; baseline -0.001 -15"><span class='ocrx_word' id='word_1_548' title='bbox 90 4391 298 4462; x_wconf 66' lang='grc' dir='ltr'>ἄνδρες</span> <span class='ocrx_word' id='word_1_549' title='bbox 327 4388 672 4459; x_wconf 64' lang='grc' dir='ltr'>ἐπιθυμιῶν,</span> <span class='ocrx_word' id='word_1_550' title='bbox 706 4391 891 4445; x_wconf 80' lang='grc' dir='ltr'>ὁποῖαι</span> <span class='ocrx_word' id='word_1_551' title='bbox 916 4392 1010 4445; x_wconf 79' lang='grc' dir='ltr'><strong>τὸν</strong></span> <span class='ocrx_word' id='word_1_552' title='bbox 1047 4392 1223 4462; x_wconf 80' lang='grc' dir='ltr'>μέγαν</span> <span class='ocrx_word' id='word_1_553' title='bbox 1253 4393 1449 4462; x_wconf 76' lang='grc' dir='ltr'>Δανιὴλ</span> <span class='ocrx_word' id='word_1_554' title='bbox 1483 4394 1679 4458; x_wconf 70' lang='grc' dir='ltr'>ἐξεπύ-</span> 
     </span>
    </p>
   </div>
   <div class='ocr_carea' id='block_1_78' title="bbox 1786 3584 3358 3654">
    <p class='ocr_par' dir='ltr' id='par_1_78' title="bbox 1786 3584 3358 3654">
     <span class='ocr_line' id='line_1_80' title="bbox 1786 3584 3358 3654; baseline -0.001 -14"><span class='ocrx_word' id='word_1_555' title='bbox 1786 3594 1913 3641; x_wconf 88' lang='lat' dir='ltr'><strong>stat.</strong></span> <span class='ocrx_word' id='word_1_556' title='bbox 1951 3585 2051 3651; x_wconf 87' lang='lat' dir='ltr'><strong>Qui</strong></span> <span class='ocrx_word' id='word_1_557' title='bbox 2088 3596 2278 3638; x_wconf 88' lang='lat' dir='ltr'><strong>natura</strong></span> <span class='ocrx_word' id='word_1_558' title='bbox 2333 3584 2515 3640; x_wconf 84' lang='lat' dir='ltr'><strong>bonus</strong></span> <span class='ocrx_word' id='word_1_559' title='bbox 2554 3594 2655 3651; x_wconf 84' lang='lat' dir='ltr'><strong>est,</strong></span> <span class='ocrx_word' id='word_1_560' title='bbox 2710 3586 2989 3639; x_wconf 80' lang='lat' dir='ltr'><strong>veritatem</strong></span> <span class='ocrx_word' id='word_1_561' title='bbox 3043 3586 3219 3651; x_wconf 89' lang='lat' dir='ltr'><strong>colit;</strong></span> <span class='ocrx_word' id='word_1_562' title='bbox 3263 3584 3358 3654; x_wconf 87' lang='lat' dir='ltr'><strong>qui</strong></span> 
     </span>
    </p>
   </div>
   <div class='ocr_carea' id='block_1_79' title="bbox 1790 3674 3360 3746">
    <p class='ocr_par' dir='ltr' id='par_1_79' title="bbox 1790 3674 3360 3746">
     <span class='ocr_line' id='line_1_81' title="bbox 1790 3674 3360 3746; baseline 0 -15"><span class='ocrx_word' id='word_1_563' title='bbox 1790 3676 2089 3746; x_wconf 80' lang='lat' dir='ltr'><strong>improbus,</strong></span> <span class='ocrx_word' id='word_1_564' title='bbox 2145 3676 2467 3730; x_wconf 87' lang='lat' dir='ltr'><strong>hariolatur.</strong></span> <span class='ocrx_word' id='word_1_565' title='bbox 2544 3674 2738 3730; x_wconf 83' lang='lat' dir='ltr'><strong>Vincat</strong></span> <span class='ocrx_word' id='word_1_566' title='bbox 2792 3676 2848 3730; x_wconf 93' lang='lat' dir='ltr'><strong>in</strong></span> <span class='ocrx_word' id='word_1_567' title='bbox 2901 3677 3055 3730; x_wconf 87' lang='lat' dir='ltr'><strong>nobis</strong></span> <span class='ocrx_word' id='word_1_568' title='bbox 3143 3677 3360 3731; x_wconf 88' lang='lat' dir='ltr'><strong>animus</strong></span> 
     </span>
    </p>
   </div>
   <div class='ocr_carea' id='block_1_80' title="bbox 1784 3769 3358 3839">
    <p class='ocr_par' dir='ltr' id='par_1_80' title="bbox 1784 3769 3358 3839">
     <span class='ocr_line' id='line_1_82' title="bbox 1784 3769 3358 3839; baseline -0.001 -16"><span class='ocrx_word' id='word_1_569' title='bbox 1784 3772 1874 3839; x_wconf 89' lang='lat' dir='ltr'><strong>qui</strong></span> <span class='ocrx_word' id='word_1_570' title='bbox 1921 3769 2116 3825; x_wconf 78' lang='lat' dir='ltr'><strong>divina:</strong></span> <span class='ocrx_word' id='word_1_571' title='bbox 2159 3778 2243 3823; x_wconf 85' lang='lat' dir='ltr'><strong>est</strong></span> <span class='ocrx_word' id='word_1_572' title='bbox 2283 3769 2532 3837; x_wconf 78' lang='lat' dir='ltr'><strong>originis,</strong></span> <span class='ocrx_word' id='word_1_573' title='bbox 2579 3785 2678 3823; x_wconf 87' lang='lat' dir='ltr'><strong>nec</strong></span> <span class='ocrx_word' id='word_1_574' title='bbox 2714 3786 2846 3825; x_wconf 77' lang='lat' dir='ltr'><strong>vero</strong></span> <span class='ocrx_word' id='word_1_575' title='bbox 2897 3781 3062 3834; x_wconf 81' lang='lat' dir='ltr'><strong>terra,</strong></span> <span class='ocrx_word' id='word_1_576' title='bbox 3112 3782 3232 3837; x_wconf 72' lang='lat' dir='ltr'><strong>qua:</strong></span> <span class='ocrx_word' id='word_1_577' title='bbox 3290 3771 3358 3823; x_wconf 88' lang='lat' dir='ltr'><strong>ad</strong></span> 
     </span>
    </p>
   </div>
   <div class='ocr_carea' id='block_1_81' title="bbox 1785 3855 3357 3928">
    <p class='ocr_par' dir='ltr' id='par_1_81' title="bbox 1785 3855 3357 3928">
     <span class='ocr_line' id='line_1_83' title="bbox 1785 3855 3357 3928; baseline 0 -19"><span class='ocrx_word' id='word_1_578' title='bbox 1785 3855 1890 3909; x_wconf 90' lang='lat' dir='ltr'><strong>ima</strong></span> <span class='ocrx_word' id='word_1_579' title='bbox 1937 3857 2127 3912; x_wconf 87' lang='lat' dir='ltr'><strong>tendit.</strong></span> <span class='ocrx_word' id='word_1_580' title='bbox 2214 3855 2434 3912; x_wconf 87' lang='lat' dir='ltr'><strong>Omisso</strong></span> <span class='ocrx_word' id='word_1_581' title='bbox 2475 3873 2703 3927; x_wconf 87' lang='lat' dir='ltr'><strong>corpore</strong></span> <span class='ocrx_word' id='word_1_582' title='bbox 2773 3858 2935 3912; x_wconf 90' lang='lat' dir='ltr'><strong>animi</strong></span> <span class='ocrx_word' id='word_1_583' title='bbox 2992 3867 3172 3928; x_wconf 82' lang='lat' dir='ltr'><strong>partes</strong></span> <span class='ocrx_word' id='word_1_584' title='bbox 3239 3874 3357 3911; x_wconf 88' lang='lat' dir='ltr'><strong>am-</strong></span> 
     </span>
    </p>
   </div>
   <div class='ocr_carea' id='block_1_82' title="bbox 1783 3950 3361 4019">
    <p class='ocr_par' dir='ltr' id='par_1_82' title="bbox 1783 3950 3361 4019">
     <span class='ocr_line' id='line_1_84' title="bbox 1783 3950 3361 4019; baseline 0.001 -16"><span class='ocrx_word' id='word_1_585' title='bbox 1783 3950 2100 4019; x_wconf 86' lang='lat' dir='ltr'><strong>plectamur.</strong></span> <span class='ocrx_word' id='word_1_586' title='bbox 2130 3950 2224 4003; x_wconf 88' lang='lat' dir='ltr'><strong>Sin</strong></span> <span class='ocrx_word' id='word_1_587' title='bbox 2256 3951 2455 4013; x_wconf 87' lang='lat' dir='ltr'><strong>minus.</strong></span> <span class='ocrx_word' id='word_1_588' title='bbox 2496 3967 2622 4005; x_wconf 84' lang='lat' dir='ltr'><strong>caro</strong></span> <span class='ocrx_word' id='word_1_589' title='bbox 2654 3953 2850 4007; x_wconf 74' lang='lat' dir='ltr'><strong>animae</strong></span> <span class='ocrx_word' id='word_1_590' title='bbox 2879 3954 3104 4008; x_wconf 76' lang='lat' dir='ltr'><strong>vivitica:</strong></span> <span class='ocrx_word' id='word_1_591' title='bbox 3131 3954 3361 4007; x_wconf 82' lang='lat' dir='ltr'><strong>subruit-</strong></span> 
     </span>
    </p>
   </div>
   <div class='ocr_carea' id='block_1_83' title="bbox 1784 4040 3357 4111">
    <p class='ocr_par' dir='ltr' id='par_1_83' title="bbox 1784 4040 3357 4111">
     <span class='ocr_line' id='line_1_85' title="bbox 1784 4040 3357 4111; baseline 0.002 -17"><span class='ocrx_word' id='word_1_592' title='bbox 1784 4049 1945 4106; x_wconf 89' lang='lat' dir='ltr'><strong>tetur,</strong></span> <span class='ocrx_word' id='word_1_593' title='bbox 1978 4056 2074 4095; x_wconf 87' lang='lat' dir='ltr'><strong>nec</strong></span> <span class='ocrx_word' id='word_1_594' title='bbox 2118 4040 2234 4095; x_wconf 76' lang='lat' dir='ltr'><strong>\‘ice</strong></span> <span class='ocrx_word' id='word_1_595' title='bbox 2267 4057 2444 4095; x_wconf 83' lang='lat' dir='ltr'><strong>versa.</strong></span> <span class='ocrx_word' id='word_1_596' title='bbox 2498 4041 2635 4108; x_wconf 84' lang='lat' dir='ltr'><strong>Quid</strong></span> <span class='ocrx_word' id='word_1_597' title='bbox 2692 4045 2876 4097; x_wconf 84' lang='lat' dir='ltr'><strong>liumm</strong></span> <span class='ocrx_word' id='word_1_598' title='bbox 2929 4046 3233 4111; x_wconf 83' lang='lat' dir='ltr'><strong>sequimur.</strong></span> <span class='ocrx_word' id='word_1_599' title='bbox 3264 4058 3357 4097; x_wconf 86' lang='lat' dir='ltr'><strong>ca-</strong></span> 
     </span>
    </p>
   </div>
   <div class='ocr_carea' id='block_1_84' title="bbox 1784 4133 3359 4203">
    <p class='ocr_par' dir='ltr' id='par_1_84' title="bbox 1784 4133 3359 4203">
     <span class='ocr_line' id='line_1_86' title="bbox 1784 4133 3359 4203; baseline 0.001 -17"><span class='ocrx_word' id='word_1_600' title='bbox 1784 4133 1955 4188; x_wconf 87' lang='lat' dir='ltr'><strong>lorem</strong></span> <span class='ocrx_word' id='word_1_601' title='bbox 2027 4135 2368 4203; x_wconf 76' lang='lat' dir='ltr'><strong>Spiritualem</strong></span> <span class='ocrx_word' id='word_1_602' title='bbox 2422 4150 2529 4203; x_wconf 90' lang='lat' dir='ltr'><strong>quo</strong></span> <span class='ocrx_word' id='word_1_603' title='bbox 2598 4133 2908 4188; x_wconf 81' lang='lat' dir='ltr'><strong>continetur</strong></span> <span class='ocrx_word' id='word_1_604' title='bbox 2983 4134 3359 4203; x_wconf 72' lang='lat' dir='ltr'><strong>negligentes?</strong></span> 
     </span>
    </p>
   </div>
   <div class='ocr_carea' id='block_1_85' title="bbox 1783 4225 3360 4293">
    <p class='ocr_par' dir='ltr' id='par_1_85' title="bbox 1783 4225 3360 4293">
     <span class='ocr_line' id='line_1_87' title="bbox 1783 4225 3360 4293; baseline 0.001 -18"><span class='ocrx_word' id='word_1_605' title='bbox 1783 4225 1921 4291; x_wconf 88' lang='lat' dir='ltr'><strong>Quid</strong></span> <span class='ocrx_word' id='word_1_606' title='bbox 1956 4225 2237 4279; x_wconf 85' lang='lat' dir='ltr'><strong>colluviem</strong></span> <span class='ocrx_word' id='word_1_607' title='bbox 2278 4226 2567 4287; x_wconf 88' lang='lat' dir='ltr'><strong>ambimus,</strong></span> <span class='ocrx_word' id='word_1_608' title='bbox 2592 4241 2713 4293; x_wconf 75' lang='lat' dir='ltr'><strong>qua:</strong></span> <span class='ocrx_word' id='word_1_609' title='bbox 2749 4225 2850 4278; x_wconf 86' lang='lat' dir='ltr'><strong>levi</strong></span> <span class='ocrx_word' id='word_1_610' title='bbox 2888 4237 3049 4278; x_wconf 81' lang='lat' dir='ltr'><strong>vento</strong></span> <span class='ocrx_word' id='word_1_611' title='bbox 3075 4225 3360 4278; x_wconf 82' lang='lat' dir='ltr'><strong>diruitur?</strong></span> 
     </span>
    </p>
   </div>
   <div class='ocr_carea' id='block_1_86' title="bbox 1783 4313 3358 4369">
    <p class='ocr_par' dir='ltr' id='par_1_86' title="bbox 1783 4313 3358 4369">
     <span class='ocr_line' id='line_1_88' title="bbox 1783 4313 3358 4369; baseline -0.001 -1"><span class='ocrx_word' id='word_1_612' title='bbox 1783 4315 1895 4368; x_wconf 76' lang='lat' dir='ltr'><strong>Cur</strong></span> <span class='ocrx_word' id='word_1_613' title='bbox 1925 4331 2027 4368; x_wconf 91' lang='lat' dir='ltr'><strong>non</strong></span> <span class='ocrx_word' id='word_1_614' title='bbox 2062 4316 2307 4368; x_wconf 73' lang='lat' dir='ltr'><strong>hortniues</strong></span> <span class='ocrx_word' id='word_1_615' title='bbox 2355 4313 2445 4367; x_wconf 85' lang='lat' dir='ltr'><strong>Dei</strong></span> <span class='ocrx_word' id='word_1_616' title='bbox 2497 4324 2550 4368; x_wconf 89' lang='lat' dir='ltr'><strong>et</strong></span> <span class='ocrx_word' id='word_1_617' title='bbox 2597 4314 2992 4368; x_wconf 79' lang='lat' dir='ltr'><strong>desideriorum</strong></span> <span class='ocrx_word' id='word_1_618' title='bbox 3058 4331 3180 4369; x_wconf 73' lang='lat' dir='ltr'><strong>esse</strong></span> <span class='ocrx_word' id='word_1_619' title='bbox 3230 4316 3358 4367; x_wconf 88' lang='lat' dir='ltr'><strong>uiti—</strong></span> 
     </span>
    </p>
   </div>
   <div class='ocr_carea' id='block_1_87' title="bbox 1788 4404 3359 4476">
    <p class='ocr_par' dir='ltr' id='par_1_87' title="bbox 1788 4404 3359 4476">
     <span class='ocr_line' id='line_1_89' title="bbox 1788 4404 3359 4476; baseline -0.002 -17"><span class='ocrx_word' id='word_1_620' title='bbox 1788 4422 1925 4468; x_wconf 85' lang='lat' dir='ltr'><strong>tuur,</strong></span> <span class='ocrx_word' id='word_1_621' title='bbox 1964 4415 2020 4458; x_wconf 89' lang='lat' dir='ltr'><strong>ut</strong></span> <span class='ocrx_word' id='word_1_622' title='bbox 2067 4421 2294 4476; x_wconf 80' lang='lat' dir='ltr'><strong>magnus</strong></span> <span class='ocrx_word' id='word_1_623' title='bbox 2368 4404 2594 4458; x_wconf 79' lang='lat' dir='ltr'><strong>Daniel?</strong></span> <span class='ocrx_word' id='word_1_624' title='bbox 2645 4405 2754 4459; x_wconf 86' lang='lat' dir='ltr'><strong>Cur</strong></span> <span class='ocrx_word' id='word_1_625' title='bbox 2825 4406 3131 4459; x_wconf 85' lang='lat' dir='ltr'><strong>divitiarum</strong></span> <span class='ocrx_word' id='word_1_626' title='bbox 3183 4416 3359 4460; x_wconf 86' lang='lat' dir='ltr'><strong>secta-</strong></span> 
     </span>
    </p>
   </div>
   <div class='ocr_carea' id='block_1_88' title="bbox 92 4478 1685 4566">
    <p class='ocr_par' dir='ltr' id='par_1_88' title="bbox 92 4478 1678 4555">
     <span class='ocr_line' id='line_1_90' title="bbox 92 4478 1678 4555; baseline -0.001 -17"><span class='ocrx_word' id='word_1_627' title='bbox 92 4499 265 4554; x_wconf 76' lang='lat' dir='ltr'><strong>pouv;</strong></span> <span class='ocrx_word' id='word_1_628' title='bbox 294 4481 570 4552; x_wconf 83' lang='grc' dir='ltr'>γινόμεθα</span> <span class='ocrx_word' id='word_1_629' title='bbox 596 4481 652 4535; x_wconf 85' lang='grc' dir='ltr'>δὲ</span> <span class='ocrx_word' id='word_1_630' title='bbox 678 4481 907 4536; x_wconf 84' lang='grc' dir='ltr'>πλούτου</span> <span class='ocrx_word' id='word_1_631' title='bbox 932 4485 1148 4554; x_wconf 76' lang='grc' dir='ltr'>ἄνδρες,</span> <span class='ocrx_word' id='word_1_632' title='bbox 1176 4478 1260 4549; x_wconf 70' lang='grc' dir='ltr'>οἷς</span> <span class='ocrx_word' id='word_1_633' title='bbox 1284 4484 1352 4537; x_wconf 88' lang='grc' dir='ltr'><strong>τά</strong></span> <span class='ocrx_word' id='word_1_634' title='bbox 1379 4486 1553 4555; x_wconf 85' lang='grc' dir='ltr'>χείρω</span> <span class='ocrx_word' id='word_1_635' title='bbox 1580 4486 1678 4553; x_wconf 78' lang='grc' dir='ltr'><strong>ἐμ-</strong></span> 
     </span>
    </p>
   </div>
   <div class='ocr_carea' id='block_1_89' title="bbox 1793 4478 3356 4566">
    <p class='ocr_par' dir='ltr' id='par_1_89' title="bbox 1793 4496 3356 4566">
     <span class='ocr_line' id='line_1_91' title="bbox 1793 4496 3356 4566; baseline 0.001 -17"><span class='ocrx_word' id='word_1_636' title='bbox 1793 4505 1929 4550; x_wconf 84' lang='lat' dir='ltr'><strong>lores</strong></span> <span class='ocrx_word' id='word_1_637' title='bbox 1996 4510 2181 4549; x_wconf 86' lang='lat' dir='ltr'><strong>sumus</strong></span> <span class='ocrx_word' id='word_1_638' title='bbox 2233 4511 2352 4562; x_wconf 66' lang='lat' dir='ltr'><strong>qua:</strong></span> <span class='ocrx_word' id='word_1_639' title='bbox 2428 4512 2523 4548; x_wconf 85' lang='lat' dir='ltr'><strong>nos</strong></span> <span class='ocrx_word' id='word_1_640' title='bbox 2607 4496 2964 4561; x_wconf 80' lang='lat' dir='ltr'><strong>deteriorant,</strong></span> <span class='ocrx_word' id='word_1_641' title='bbox 3032 4514 3153 4566; x_wconf 84' lang='lat' dir='ltr'><strong>que</strong></span> <span class='ocrx_word' id='word_1_642' title='bbox 3254 4514 3356 4552; x_wconf 86' lang='lat' dir='ltr'><strong>nos</strong></span> 
     </span>
    </p>
   </div>
   <div class='ocr_carea' id='block_1_90' title="bbox 92 4573 1678 4648">
    <p class='ocr_par' dir='ltr' id='par_1_90' title="bbox 92 4573 1678 4648">
     <span class='ocr_line' id='line_1_92' title="bbox 92 4573 1678 4648; baseline 0 -19"><span class='ocrx_word' id='word_1_643' title='bbox 92 4574 480 4648; x_wconf 77' lang='grc' dir='ltr'>πορευόμεθα,</span> <span class='ocrx_word' id='word_1_644' title='bbox 534 4573 632 4628; x_wconf 74' lang='grc' dir='ltr'><strong>καὶ</strong></span> <span class='ocrx_word' id='word_1_645' title='bbox 685 4574 877 4646; x_wconf 81' lang='grc' dir='ltr'>ἄνδρες</span> <span class='ocrx_word' id='word_1_646' title='bbox 937 4577 1207 4647; x_wconf 80' lang='grc' dir='ltr'>αίμάτων,</span> <span class='ocrx_word' id='word_1_647' title='bbox 1269 4573 1351 4640; x_wconf 76' lang='grc' dir='ltr'>οἷς</span> <span class='ocrx_word' id='word_1_648' title='bbox 1417 4577 1678 4647; x_wconf 77' lang='grc' dir='ltr'>ἀλλήλους</span> 
     </span>
    </p>
   </div>
   <div class='ocr_carea' id='block_1_91' title="bbox 88 4666 1679 4740">
    <p class='ocr_par' dir='ltr' id='par_1_91' title="bbox 88 4666 1679 4740">
     <span class='ocr_line' id='line_1_93' title="bbox 88 4666 1679 4740; baseline 0 -18"><span class='ocrx_word' id='word_1_649' title='bbox 88 4667 463 4740; x_wconf 70' lang='grc' dir='ltr'>λῃστιῦομεν,</span> <span class='ocrx_word' id='word_1_650' title='bbox 525 4666 621 4720; x_wconf 78' lang='grc' dir='ltr'>καὶ</span> <span class='ocrx_word' id='word_1_651' title='bbox 669 4668 774 4738; x_wconf 80' lang='grc' dir='ltr'>γῆς</span> <span class='ocrx_word' id='word_1_652' title='bbox 822 4667 1046 4735; x_wconf 75' lang='grc' dir='ltr'>Ενδοεοι,</span> <span class='ocrx_word' id='word_1_653' title='bbox 1114 4668 1437 4739; x_wconf 84' lang='grc' dir='ltr'>προσθήκης</span> <span class='ocrx_word' id='word_1_654' title='bbox 1492 4668 1679 4722; x_wconf 85' lang='grc' dir='ltr'>κακῶν</span> 
     </span>
    </p>
   </div>
   <div class='ocr_carea' id='block_1_92' title="bbox 88 4764 276 4831">
    <p class='ocr_par' dir='ltr' id='par_1_92' title="bbox 88 4764 276 4831">
     <span class='ocr_line' id='line_1_94' title="bbox 88 4764 276 4831; baseline -0.005 0"><span class='ocrx_word' id='word_1_655' title='bbox 88 4764 239 4831; x_wconf 70' lang='grc' dir='ltr'>ἄξιοι</span> <span class='ocrx_word' id='word_1_656' title='bbox 257 4780 276 4830; x_wconf 77' lang='grc' dir='ltr'>ς</span> 
     </span>
    </p>
   </div>
   <div class='ocr_carea' id='block_1_93' title="bbox 160 4850 1674 4928">
    <p class='ocr_par' dir='ltr' id='par_1_93' title="bbox 160 4850 1674 4928">
     <span class='ocr_line' id='line_1_95' title="bbox 160 4850 1674 4928; baseline -0.002 -17"><span class='ocrx_word' id='word_1_657' title='bbox 160 4854 269 4928; x_wconf 61' lang='grc' dir='ltr'>λγν.</span> <span class='ocrx_word' id='word_1_658' title='bbox 307 4856 497 4926; x_wconf 82' lang='grc' dir='ltr'>Ὤμοι,</span> <span class='ocrx_word' id='word_1_659' title='bbox 523 4855 606 4908; x_wconf 80' lang='grc' dir='ltr'>ὅτι</span> <span class='ocrx_word' id='word_1_660' title='bbox 631 4853 723 4908; x_wconf 80' lang='grc' dir='ltr'>τὸν</span> <span class='ocrx_word' id='word_1_661' title='bbox 744 4854 840 4908; x_wconf 80' lang='grc' dir='ltr'><strong>τοῦ</strong></span> <span class='ocrx_word' id='word_1_662' title='bbox 865 4854 1003 4908; x_wconf 88' lang='grc' dir='ltr'><strong>Θεοῦ</strong></span> <span class='ocrx_word' id='word_1_663' title='bbox 1019 4850 1170 4908; x_wconf 79' lang='grc' dir='ltr'>οἷκον</span> <span class='ocrx_word' id='word_1_664' title='bbox 1200 4855 1346 4924; x_wconf 78' lang='grc' dir='ltr'>ἡμᾶς</span> <span class='ocrx_word' id='word_1_665' title='bbox 1363 4855 1440 4918; x_wconf 84' lang='grc' dir='ltr'>εἰς</span> <span class='ocrx_word' id='word_1_666' title='bbox 1466 4853 1674 4927; x_wconf 83' lang='grc' dir='ltr'>λῃστῶν</span> 
     </span>
    </p>
   </div>
   <div class='ocr_carea' id='block_1_94' title="bbox 86 4944 1675 5017">
    <p class='ocr_par' dir='ltr' id='par_1_94' title="bbox 86 4944 1675 5017">
     <span class='ocr_line' id='line_1_96' title="bbox 86 4944 1675 5017; baseline -0.003 -14"><span class='ocrx_word' id='word_1_667' title='bbox 86 4947 481 5016; x_wconf 74' lang='grc' dir='ltr'>ὕπανοίγομεν</span> <span class='ocrx_word' id='word_1_668' title='bbox 513 4945 808 5017; x_wconf 79' lang='grc' dir='ltr'>σπήλαιον,</span> <span class='ocrx_word' id='word_1_669' title='bbox 842 4944 971 4999; x_wconf 76' lang='grc' dir='ltr'>ἔνθα</span> <span class='ocrx_word' id='word_1_670' title='bbox 1009 4944 1128 4999; x_wconf 84' lang='grc' dir='ltr'>δέον</span> <span class='ocrx_word' id='word_1_671' title='bbox 1154 4944 1235 5011; x_wconf 75' lang='grc' dir='ltr'>ὃν,</span> <span class='ocrx_word' id='word_1_672' title='bbox 1267 4945 1402 4999; x_wconf 74' lang='grc' dir='ltr'>Θεὸν</span> <span class='ocrx_word' id='word_1_673' title='bbox 1442 4947 1675 4999; x_wconf 74' lang='grc' dir='ltr'>ἐνοικεῖν</span> 
     </span>
    </p>
   </div>
   <div class='ocr_carea' id='block_1_95' title="bbox 84 5037 1681 5112">
    <p class='ocr_par' dir='ltr' id='par_1_95' title="bbox 84 5037 1681 5112">
     <span class='ocr_line' id='line_1_97' title="bbox 84 5037 1681 5112; baseline -0.003 -17"><span class='ocrx_word' id='word_1_674' title='bbox 84 5042 191 5095; x_wconf 73' lang='grc' dir='ltr'>καὶ</span> <span class='ocrx_word' id='word_1_675' title='bbox 224 5040 661 5112; x_wconf 70' lang='grc' dir='ltr'>ιμπεριπατεῖν,</span> <span class='ocrx_word' id='word_1_676' title='bbox 691 5037 810 5090; x_wconf 80' lang='grc' dir='ltr'>ἀλλ’</span> <span class='ocrx_word' id='word_1_677' title='bbox 839 5037 1003 5101; x_wconf 79' lang='grc' dir='ltr'>αὐτὸς</span> <span class='ocrx_word' id='word_1_678' title='bbox 1047 5039 1129 5102; x_wconf 88' lang='grc' dir='ltr'><strong>είς</strong></span> <span class='ocrx_word' id='word_1_679' title='bbox 1161 5040 1455 5110; x_wconf 82' lang='grc' dir='ltr'>μωμητοὺς</span> <span class='ocrx_word' id='word_1_680' title='bbox 1484 5039 1681 5110; x_wconf 82' lang='grc' dir='ltr'>βολεῶ-</span> 
     </span>
    </p>
   </div>
   <div class='ocr_carea' id='block_1_96' title="bbox 88 5122 1678 5202">
    <p class='ocr_par' dir='ltr' id='par_1_96' title="bbox 88 5122 1678 5202">
     <span class='ocr_line' id='line_1_98' title="bbox 88 5122 1678 5202; baseline -0.001 -16"><span class='ocrx_word' id='word_1_681' title='bbox 88 5150 195 5194; x_wconf 81' lang='grc' dir='ltr'><strong>νας</strong></span> <span class='ocrx_word' id='word_1_682' title='bbox 228 5131 646 5202; x_wconf 76' lang='grc' dir='ltr'>μεταποιεῖται,</span> <span class='ocrx_word' id='word_1_683' title='bbox 680 5122 758 5183; x_wconf 80' lang='grc' dir='ltr'>ὧν</span> <span class='ocrx_word' id='word_1_684' title='bbox 787 5127 903 5193; x_wconf 78' lang='grc' dir='ltr'>ὄζει</span> <span class='ocrx_word' id='word_1_685' title='bbox 933 5128 1212 5200; x_wconf 83' lang='grc' dir='ltr'>φαυλότης</span> <span class='ocrx_word' id='word_1_686' title='bbox 1258 5133 1323 5200; x_wconf 81' lang='grc' dir='ltr'>τῇ</span> <span class='ocrx_word' id='word_1_687' title='bbox 1373 5129 1518 5184; x_wconf 85' lang='grc' dir='ltr'><strong>κατά</strong></span> <span class='ocrx_word' id='word_1_688' title='bbox 1546 5130 1678 5185; x_wconf 81' lang='grc' dir='ltr'>Θεὸν</span> 
     </span>
    </p>
   </div>
   <div class='ocr_carea' id='block_1_97' title="bbox 87 5219 1678 5293">
    <p class='ocr_par' dir='ltr' id='par_1_97' title="bbox 87 5219 1678 5293">
     <span class='ocr_line' id='line_1_99' title="bbox 87 5219 1678 5293; baseline -0.003 -13"><span class='ocrx_word' id='word_1_689' title='bbox 87 5224 384 5286; x_wconf 75' lang='grc' dir='ltr'>ἁντίθετος</span> <span class='ocrx_word' id='word_1_690' title='bbox 417 5220 640 5293; x_wconf 78' lang='grc' dir='ltr'>εὐωδίᾳ.</span> <span class='ocrx_word' id='word_1_691' title='bbox 674 5220 744 5273; x_wconf 80' lang='lat' dir='ltr'><strong>Ol’</strong></span> <span class='ocrx_word' id='word_1_692' title='bbox 766 5236 879 5290; x_wconf 87' lang='grc' dir='ltr'>μοι,</span> <span class='ocrx_word' id='word_1_693' title='bbox 905 5221 991 5273; x_wconf 78' lang='grc' dir='ltr'>ὅτι</span> <span class='ocrx_word' id='word_1_694' title='bbox 1021 5219 1081 5273; x_wconf 81' lang='grc' dir='ltr'>τὸ</span> <span class='ocrx_word' id='word_1_695' title='bbox 1104 5219 1440 5289; x_wconf 82' lang='grc' dir='ltr'>τιμιώτατον</span> <span class='ocrx_word' id='word_1_696' title='bbox 1465 5221 1524 5274; x_wconf 79' lang='grc' dir='ltr'>ὲν</span> <span class='ocrx_word' id='word_1_697' title='bbox 1547 5221 1678 5292; x_wconf 79' lang='grc' dir='ltr'>ἡμῖν</span> 
     </span>
    </p>
   </div>
   <div class='ocr_carea' id='block_1_98' title="bbox 88 5310 1678 5385">
    <p class='ocr_par' dir='ltr' id='par_1_98' title="bbox 88 5310 1678 5385">
     <span class='ocr_line' id='line_1_100' title="bbox 88 5310 1678 5385; baseline -0.004 -14"><span class='ocrx_word' id='word_1_698' title='bbox 88 5315 512 5385; x_wconf 75' lang='grc' dir='ltr'>γλωσσόκομον,</span> <span class='ocrx_word' id='word_1_699' title='bbox 543 5312 609 5365; x_wconf 79' lang='grc' dir='ltr'>τὸ</span> <span class='ocrx_word' id='word_1_700' title='bbox 655 5310 822 5365; x_wconf 82' lang='grc' dir='ltr'>καλὸν</span> <span class='ocrx_word' id='word_1_701' title='bbox 847 5311 1049 5380; x_wconf 85' lang='grc' dir='ltr'>στόμα,</span> <span class='ocrx_word' id='word_1_702' title='bbox 1086 5310 1149 5362; x_wconf 80' lang='grc' dir='ltr'><strong>οὐ</strong></span> <span class='ocrx_word' id='word_1_703' title='bbox 1197 5311 1459 5380; x_wconf 83' lang='grc' dir='ltr'>χρυσέαις</span> <span class='ocrx_word' id='word_1_704' title='bbox 1498 5328 1678 5380; x_wconf 87' lang='grc' dir='ltr'>παρα-</span> 
     </span>
    </p>
   </div>
   <div class='ocr_carea' id='block_1_99' title="bbox 89 5399 1676 5476">
    <p class='ocr_par' dir='ltr' id='par_1_99' title="bbox 89 5399 1676 5476">
     <span class='ocr_line' id='line_1_101' title="bbox 89 5399 1676 5476; baseline -0.004 -14"><span class='ocrx_word' id='word_1_705' title='bbox 89 5408 311 5474; x_wconf 69' lang='grc' dir='ltr'>ϐύεται,</span> <span class='ocrx_word' id='word_1_706' title='bbox 347 5407 444 5476; x_wconf 82' lang='grc' dir='ltr'><strong>ἀφ’</strong></span> <span class='ocrx_word' id='word_1_707' title='bbox 475 5399 553 5461; x_wconf 79' lang='grc' dir='ltr'>ὧν</span> <span class='ocrx_word' id='word_1_708' title='bbox 581 5403 793 5474; x_wconf 85' lang='grc' dir='ltr'>χρύσεα</span> <span class='ocrx_word' id='word_1_709' title='bbox 823 5403 1216 5472; x_wconf 79' lang='grc' dir='ltr'>παραδέδονται</span> <span class='ocrx_word' id='word_1_710' title='bbox 1252 5403 1518 5471; x_wconf 86' lang='grc' dir='ltr'>στόματα,</span> <span class='ocrx_word' id='word_1_711' title='bbox 1541 5402 1676 5456; x_wconf 80' lang='grc' dir='ltr'><strong>ἀλλά</strong></span> 
     </span>
    </p>
   </div>
   <div class='ocr_carea' id='block_1_100' title="bbox 88 5488 1680 5570">
    <p class='ocr_par' dir='ltr' id='par_1_100' title="bbox 88 5488 1680 5570">
     <span class='ocr_line' id='line_1_102' title="bbox 88 5488 1680 5570; baseline -0.007 -15"><span class='ocrx_word' id='word_1_712' title='bbox 88 5500 376 5570; x_wconf 72' lang='grc' dir='ltr'>κισδὴλοις</span> <span class='ocrx_word' id='word_1_713' title='bbox 405 5496 691 5567; x_wconf 84' lang='grc' dir='ltr'>γλώσσαις</span> <span class='ocrx_word' id='word_1_714' title='bbox 723 5494 820 5547; x_wconf 77' lang='grc' dir='ltr'><strong>καὶ</strong></span> <span class='ocrx_word' id='word_1_715' title='bbox 855 5494 1207 5564; x_wconf 79' lang='grc' dir='ltr'>ὑποχάλκοις,</span> <span class='ocrx_word' id='word_1_716' title='bbox 1255 5492 1324 5545; x_wconf 85' lang='grc' dir='ltr'>δι’</span> <span class='ocrx_word' id='word_1_717' title='bbox 1353 5488 1428 5547; x_wconf 81' lang='grc' dir='ltr'>ὢν</span> <span class='ocrx_word' id='word_1_718' title='bbox 1455 5491 1680 5562; x_wconf 83' lang='grc' dir='ltr'><strong>ὲξηχοῦ-</strong></span> 
     </span>
    </p>
   </div>
   <div class='ocr_carea' id='block_1_101' title="bbox 94 5584 1674 5661">
    <p class='ocr_par' dir='ltr' id='par_1_101' title="bbox 94 5584 1674 5661">
     <span class='ocr_line' id='line_1_103' title="bbox 94 5584 1674 5661; baseline -0.006 -16"><span class='ocrx_word' id='word_1_719' title='bbox 94 5607 206 5659; x_wconf 73' lang='grc' dir='ltr'><strong>μεν</strong></span> <span class='ocrx_word' id='word_1_720' title='bbox 247 5592 324 5655; x_wconf 81' lang='grc' dir='ltr'><strong>ὡς</strong></span> <span class='ocrx_word' id='word_1_721' title='bbox 359 5588 647 5661; x_wconf 76' lang='grc' dir='ltr'>κύμϐαλα,</span> <span class='ocrx_word' id='word_1_722' title='bbox 698 5584 1135 5655; x_wconf 76' lang='grc' dir='ltr'>δυσφημοῦντες,</span> <span class='ocrx_word' id='word_1_723' title='bbox 1188 5584 1674 5649; x_wconf 60' lang='grc' dir='ltr'>συκοέαντοῦντες,</span> 
     </span>
    </p>
   </div>
   <div class='ocr_carea' id='block_1_102' title="bbox 92 5675 1676 5753">
    <p class='ocr_par' dir='ltr' id='par_1_102' title="bbox 92 5675 1676 5753">
     <span class='ocr_line' id='line_1_104' title="bbox 92 5675 1676 5753; baseline -0.004 -19"><span class='ocrx_word' id='word_1_724' title='bbox 92 5684 150 5734; x_wconf 83' lang='grc' dir='ltr'><strong>εί</strong></span> <span class='ocrx_word' id='word_1_725' title='bbox 176 5683 337 5753; x_wconf 76' lang='grc' dir='ltr'>μηδὲν</span> <span class='ocrx_word' id='word_1_726' title='bbox 357 5682 512 5745; x_wconf 73' lang='grc' dir='ltr'>ἄλλο,</span> <span class='ocrx_word' id='word_1_727' title='bbox 545 5681 746 5749; x_wconf 83' lang='grc' dir='ltr'>ἀργοῖς</span> <span class='ocrx_word' id='word_1_728' title='bbox 773 5677 954 5744; x_wconf 83' lang='grc' dir='ltr'>λόγοις</span> <span class='ocrx_word' id='word_1_729' title='bbox 979 5675 1475 5745; x_wconf 71' lang='grc' dir='ltr'>ὲναδολεσχοῦντες,</span> <span class='ocrx_word' id='word_1_730' title='bbox 1505 5675 1676 5728; x_wconf 73' lang='grc' dir='ltr'>τᾶλλα</span> 
     </span>
    </p>
   </div>
   <div class='ocr_carea' id='block_1_103' title="bbox 94 5765 1675 5844">
    <p class='ocr_par' dir='ltr' id='par_1_103' title="bbox 94 5765 1675 5844">
     <span class='ocr_line' id='line_1_105' title="bbox 94 5765 1675 5844; baseline -0.005 -16"><span class='ocrx_word' id='word_1_731' title='bbox 94 5776 395 5844; x_wconf 61' lang='grc' dir='ltr'>ποιοῦντες,</span> <span class='ocrx_word' id='word_1_732' title='bbox 433 5768 511 5830; x_wconf 82' lang='grc' dir='ltr'>ὧν</span> <span class='ocrx_word' id='word_1_733' title='bbox 576 5773 771 5826; x_wconf 77' lang='grc' dir='ltr'>ἕνεκεν</span> <span class='ocrx_word' id='word_1_734' title='bbox 809 5770 974 5822; x_wconf 79' lang='grc' dir='ltr'>καλὸν</span> <span class='ocrx_word' id='word_1_735' title='bbox 1005 5765 1095 5838; x_wconf 83' lang='grc' dir='ltr'>ἦν,</span> <span class='ocrx_word' id='word_1_736' title='bbox 1148 5771 1197 5821; x_wconf 82' lang='grc' dir='ltr'><strong>εί</strong></span> <span class='ocrx_word' id='word_1_737' title='bbox 1239 5768 1374 5838; x_wconf 64' lang='grc' dir='ltr'>μηδὲ</span> <span class='ocrx_word' id='word_1_738' title='bbox 1426 5768 1675 5834; x_wconf 79' lang='grc' dir='ltr'>γλώσσας</span> 
     </span>
    </p>
   </div>
   <div class='ocr_carea' id='block_1_104' title="bbox 1784 4585 3357 4653">
    <p class='ocr_par' dir='ltr' id='par_1_104' title="bbox 1784 4585 3357 4653">
     <span class='ocr_line' id='line_1_106' title="bbox 1784 4585 3357 4653; baseline 0.002 -13"><span class='ocrx_word' id='word_1_739' title='bbox 1784 4588 2103 4653; x_wconf 80' lang='lat' dir='ltr'><strong>sanguinem</strong></span> <span class='ocrx_word' id='word_1_740' title='bbox 2149 4585 2396 4639; x_wconf 84' lang='lat' dir='ltr'><strong>sitientes</strong></span> <span class='ocrx_word' id='word_1_741' title='bbox 2446 4585 2677 4640; x_wconf 73' lang='lat' dir='ltr'><strong>reddunt</strong></span> <span class='ocrx_word' id='word_1_742' title='bbox 2728 4596 2783 4642; x_wconf 90' lang='lat' dir='ltr'><strong>et</strong></span> <span class='ocrx_word' id='word_1_743' title='bbox 2836 4587 3082 4643; x_wconf 76' lang='lat' dir='ltr'><strong>latrones</strong></span> <span class='ocrx_word' id='word_1_744' title='bbox 3135 4600 3188 4644; x_wconf 86' lang='lat' dir='ltr'><strong>et</strong></span> <span class='ocrx_word' id='word_1_745' title='bbox 3237 4605 3357 4644; x_wconf 89' lang='lat' dir='ltr'><strong>om-</strong></span> 
     </span>
    </p>
   </div>
   <div class='ocr_carea' id='block_1_105' title="bbox 1786 4675 2397 4745">
    <p class='ocr_par' dir='ltr' id='par_1_105' title="bbox 1786 4675 2397 4745">
     <span class='ocr_line' id='line_1_107' title="bbox 1786 4675 2397 4745; baseline -0.002 -15"><span class='ocrx_word' id='word_1_746' title='bbox 1786 4677 1945 4731; x_wconf 93' lang='lat' dir='ltr'><strong>nibus</strong></span> <span class='ocrx_word' id='word_1_747' title='bbox 1975 4675 2139 4730; x_wconf 78' lang='lat' dir='ltr'><strong>malis</strong></span> <span class='ocrx_word' id='word_1_748' title='bbox 2164 4676 2397 4745; x_wconf 79' lang='lat' dir='ltr'><strong>dignos?</strong></span> 
     </span>
    </p>
   </div>
   <div class='ocr_carea' id='block_1_106' title="bbox 1856 4856 3360 4927">
    <p class='ocr_par' dir='ltr' id='par_1_106' title="bbox 1856 4856 3360 4927">
     <span class='ocr_line' id='line_1_108' title="bbox 1856 4856 3360 4927; baseline -0.002 -14"><span class='ocrx_word' id='word_1_749' title='bbox 1856 4859 1948 4927; x_wconf 75' lang='lat'><strong>53.</strong></span> <span class='ocrx_word' id='word_1_750' title='bbox 1981 4858 2069 4911; x_wconf 69' lang='lat' dir='ltr'><strong>Vre</strong></span> <span class='ocrx_word' id='word_1_751' title='bbox 2096 4857 2276 4922; x_wconf 75' lang='lat' dir='ltr'><strong>llOiiiS,</strong></span> <span class='ocrx_word' id='word_1_752' title='bbox 2313 4859 2438 4926; x_wconf 87' lang='lat' dir='ltr'><strong>quia</strong></span> <span class='ocrx_word' id='word_1_753' title='bbox 2479 4857 2571 4912; x_wconf 87' lang='lat' dir='ltr'><strong>Dei</strong></span> <span class='ocrx_word' id='word_1_754' title='bbox 2630 4857 2851 4911; x_wconf 87' lang='lat' dir='ltr'><strong>domum</strong></span> <span class='ocrx_word' id='word_1_755' title='bbox 2904 4856 3175 4911; x_wconf 87' lang='lat' dir='ltr'><strong>latronum</strong></span> <span class='ocrx_word' id='word_1_756' title='bbox 3236 4868 3360 4923; x_wconf 85' lang='lat' dir='ltr'><strong>spe-</strong></span> 
     </span>
    </p>
   </div>
   <div class='ocr_carea' id='block_1_107' title="bbox 1785 4946 3356 5012">
    <p class='ocr_par' dir='ltr' id='par_1_107' title="bbox 1785 4946 3356 5012">
     <span class='ocr_line' id='line_1_109' title="bbox 1785 4946 3356 5012; baseline -0.001 -9"><span class='ocrx_word' id='word_1_757' title='bbox 1785 4947 2000 5005; x_wconf 88' lang='lat' dir='ltr'><strong>luncam</strong></span> <span class='ocrx_word' id='word_1_758' title='bbox 2043 4946 2300 5012; x_wconf 76' lang='lat' dir='ltr'><strong>facimus,</strong></span> <span class='ocrx_word' id='word_1_759' title='bbox 2349 4948 2436 5002; x_wconf 82' lang='lat' dir='ltr'><strong>ubi</strong></span> <span class='ocrx_word' id='word_1_760' title='bbox 2470 4948 2613 5003; x_wconf 85' lang='lat' dir='ltr'><strong>Deus</strong></span> <span class='ocrx_word' id='word_1_761' title='bbox 2650 4948 2901 5003; x_wconf 84' lang='lat' dir='ltr'><strong>habitare</strong></span> <span class='ocrx_word' id='word_1_762' title='bbox 2926 4956 2981 5002; x_wconf 93' lang='lat' dir='ltr'><strong>et</strong></span> <span class='ocrx_word' id='word_1_763' title='bbox 3012 4946 3356 5001; x_wconf 84' lang='lat' dir='ltr'><strong>inambulare</strong></span> 
     </span>
    </p>
   </div>
   <div class='ocr_carea' id='block_1_108' title="bbox 1785 5034 3355 5106">
    <p class='ocr_par' dir='ltr' id='par_1_108' title="bbox 1785 5034 3355 5106">
     <span class='ocr_line' id='line_1_110' title="bbox 1785 5034 3355 5106; baseline -0.004 -12"><span class='ocrx_word' id='word_1_764' title='bbox 1785 5039 2028 5102; x_wconf 86' lang='lat' dir='ltr'><strong>deberet,</strong></span> <span class='ocrx_word' id='word_1_765' title='bbox 2061 5053 2158 5106; x_wconf 89' lang='lat' dir='ltr'><strong>pro</strong></span> <span class='ocrx_word' id='word_1_766' title='bbox 2194 5052 2299 5104; x_wconf 85' lang='lat' dir='ltr'><strong>quo</strong></span> <span class='ocrx_word' id='word_1_767' title='bbox 2331 5038 2382 5090; x_wconf 88' lang='lat' dir='ltr'><strong>in</strong></span> <span class='ocrx_word' id='word_1_768' title='bbox 2443 5047 2602 5105; x_wconf 86' lang='lat' dir='ltr'><strong>turpe</strong></span> <span class='ocrx_word' id='word_1_769' title='bbox 2660 5049 2874 5092; x_wconf 88' lang='lat' dir='ltr'><strong>stercus</strong></span> <span class='ocrx_word' id='word_1_770' title='bbox 2927 5046 3172 5091; x_wconf 83' lang='lat' dir='ltr'><strong>mutatur</strong></span> <span class='ocrx_word' id='word_1_771' title='bbox 3210 5034 3355 5089; x_wconf 90' lang='lat' dir='ltr'><strong>malo</strong></span> 
     </span>
    </p>
   </div>
   <div class='ocr_carea' id='block_1_109' title="bbox 1783 5127 3351 5201">
    <p class='ocr_par' dir='ltr' id='par_1_109' title="bbox 1783 5127 3351 5201">
     <span class='ocr_line' id='line_1_111' title="bbox 1783 5127 3351 5201; baseline -0.005 -14"><span class='ocrx_word' id='word_1_772' title='bbox 1783 5136 1949 5187; x_wconf 85' lang='lat' dir='ltr'><strong>odore</strong></span> <span class='ocrx_word' id='word_1_773' title='bbox 1979 5131 2219 5201; x_wconf 90' lang='lat' dir='ltr'><strong>plenum.</strong></span> <span class='ocrx_word' id='word_1_774' title='bbox 2258 5128 2349 5185; x_wconf 69' lang='lat' dir='ltr'><strong>Va:</strong></span> <span class='ocrx_word' id='word_1_775' title='bbox 2393 5131 2573 5193; x_wconf 88' lang='lat' dir='ltr'><strong>nobis,</strong></span> <span class='ocrx_word' id='word_1_776' title='bbox 2630 5131 2759 5200; x_wconf 88' lang='lat' dir='ltr'><strong>quia</strong></span> <span class='ocrx_word' id='word_1_777' title='bbox 2826 5129 3246 5199; x_wconf 86' lang='lat' dir='ltr'><strong>pulcherrimum</strong></span> <span class='ocrx_word' id='word_1_778' title='bbox 3295 5127 3351 5180; x_wconf 83' lang='lat' dir='ltr'><strong>in</strong></span> 
     </span>
    </p>
   </div>
   <div class='ocr_carea' id='block_1_110' title="bbox 1784 5216 3351 5292">
    <p class='ocr_par' dir='ltr' id='par_1_110' title="bbox 1784 5216 3351 5292">
     <span class='ocr_line' id='line_1_112' title="bbox 1784 5216 3351 5292; baseline -0.006 -14"><span class='ocrx_word' id='word_1_779' title='bbox 1784 5225 1941 5279; x_wconf 88' lang='lat' dir='ltr'><strong>nobis</strong></span> <span class='ocrx_word' id='word_1_780' title='bbox 1984 5224 2418 5287; x_wconf 81' lang='lat' dir='ltr'><strong>instrumentum,</strong></span> <span class='ocrx_word' id='word_1_781' title='bbox 2450 5222 2653 5292; x_wconf 80' lang='lat' dir='ltr'><strong>lingua,</strong></span> <span class='ocrx_word' id='word_1_782' title='bbox 2717 5237 2825 5275; x_wconf 88' lang='lat' dir='ltr'><strong>non</strong></span> <span class='ocrx_word' id='word_1_783' title='bbox 2858 5220 3040 5274; x_wconf 86' lang='lat' dir='ltr'><strong>aureis</strong></span> <span class='ocrx_word' id='word_1_784' title='bbox 3067 5219 3159 5273; x_wconf 81' lang='lat' dir='ltr'><strong>sed</strong></span> <span class='ocrx_word' id='word_1_785' title='bbox 3193 5216 3351 5269; x_wconf 84' lang='lat' dir='ltr'><strong>adul-</strong></span> 
     </span>
    </p>
   </div>
   <div class='ocr_carea' id='block_1_111' title="bbox 1785 5306 3350 5380">
    <p class='ocr_par' dir='ltr' id='par_1_111' title="bbox 1785 5306 3350 5380">
     <span class='ocr_line' id='line_1_113' title="bbox 1785 5306 3350 5380; baseline -0.007 -10"><span class='ocrx_word' id='word_1_786' title='bbox 1785 5314 1980 5371; x_wconf 85' lang='lat' dir='ltr'><strong>terinis</strong></span> <span class='ocrx_word' id='word_1_787' title='bbox 2006 5323 2059 5368; x_wconf 86' lang='lat' dir='ltr'><strong>et</strong></span> <span class='ocrx_word' id='word_1_788' title='bbox 2091 5313 2247 5368; x_wconf 73' lang='lat' dir='ltr'><strong>aereis</strong></span> <span class='ocrx_word' id='word_1_789' title='bbox 2287 5313 2513 5368; x_wconf 86' lang='lat' dir='ltr'><strong>vocibus</strong></span> <span class='ocrx_word' id='word_1_790' title='bbox 2561 5313 2809 5377; x_wconf 83' lang='lat' dir='ltr'><strong>inservit,</strong></span> <span class='ocrx_word' id='word_1_791' title='bbox 2874 5325 2983 5380; x_wconf 90' lang='lat' dir='ltr'><strong>quo</strong></span> <span class='ocrx_word' id='word_1_792' title='bbox 3018 5309 3077 5361; x_wconf 83' lang='lat' dir='ltr'><strong>ﬁt</strong></span> <span class='ocrx_word' id='word_1_793' title='bbox 3108 5315 3167 5361; x_wconf 89' lang='lat' dir='ltr'><strong>ut</strong></span> <span class='ocrx_word' id='word_1_794' title='bbox 3207 5306 3350 5359; x_wconf 85' lang='lat' dir='ltr'><strong>sicut</strong></span> 
     </span>
    </p>
   </div>
   <div class='ocr_carea' id='block_1_112' title="bbox 1783 5392 3347 5467">
    <p class='ocr_par' dir='ltr' id='par_1_112' title="bbox 1783 5392 3347 5467">
     <span class='ocr_line' id='line_1_114' title="bbox 1783 5392 3347 5467; baseline -0.011 -6"><span class='ocrx_word' id='word_1_795' title='bbox 1783 5405 2203 5461; x_wconf 87' lang='lat' dir='ltr'><strong>tintinnabulum</strong></span> <span class='ocrx_word' id='word_1_796' title='bbox 2241 5402 2652 5467; x_wconf 85' lang='lat' dir='ltr'><strong>maledicamus,</strong></span> <span class='ocrx_word' id='word_1_797' title='bbox 2700 5398 3078 5456; x_wconf 84' lang='lat' dir='ltr'><strong>denuntiemus</strong></span> <span class='ocrx_word' id='word_1_798' title='bbox 3113 5404 3203 5448; x_wconf 86' lang='lat' dir='ltr'><strong>aut</strong></span> <span class='ocrx_word' id='word_1_799' title='bbox 3234 5392 3347 5446; x_wconf 76' lang='lat' dir='ltr'><strong>sal-</strong></span> 
     </span>
    </p>
   </div>
   <div class='ocr_carea' id='block_1_113' title="bbox 1787 5483 3349 5565">
    <p class='ocr_par' dir='ltr' id='par_1_113' title="bbox 1787 5483 3349 5565">
     <span class='ocr_line' id='line_1_115' title="bbox 1787 5483 3349 5565; baseline -0.01 -14"><span class='ocrx_word' id='word_1_800' title='bbox 1787 5505 1894 5551; x_wconf 90' lang='lat' dir='ltr'><strong>tem</strong></span> <span class='ocrx_word' id='word_1_801' title='bbox 1955 5495 2130 5549; x_wconf 81' lang='lat' dir='ltr'><strong>futilia</strong></span> <span class='ocrx_word' id='word_1_802' title='bbox 2158 5494 2518 5565; x_wconf 82' lang='lat' dir='ltr'><strong>proferamus,</strong></span> <span class='ocrx_word' id='word_1_803' title='bbox 2568 5505 2679 5545; x_wconf 90' lang='lat' dir='ltr'><strong>uno</strong></span> <span class='ocrx_word' id='word_1_804' title='bbox 2731 5489 2916 5552; x_wconf 84' lang='lat' dir='ltr'><strong>verbo,</strong></span> <span class='ocrx_word' id='word_1_805' title='bbox 2976 5499 3039 5539; x_wconf 77' lang='lat' dir='ltr'><strong>ea</strong></span> <span class='ocrx_word' id='word_1_806' title='bbox 3086 5483 3349 5538; x_wconf 77' lang='lat' dir='ltr'><strong>faciamus</strong></span> 
     </span>
    </p>
   </div>
   <div class='ocr_carea' id='block_1_114' title="bbox 1784 5570 3350 5673">
    <p class='ocr_par' dir='ltr' id='par_1_114' title="bbox 1784 5570 3350 5673">
     <span class='ocr_line' id='line_1_116' title="bbox 1784 5570 3350 5673; baseline -0.013 -33"><span class='ocrx_word' id='word_1_807' title='bbox 1784 5595 2006 5656; x_wconf 83' lang='lat' dir='ltr'><strong>propter</strong></span> <span class='ocrx_word' id='word_1_808' title='bbox 2035 5600 2159 5654; x_wconf 70' lang='lat' dir='ltr'><strong>qum</strong></span> <span class='ocrx_word' id='word_1_809' title='bbox 2184 5585 2377 5638; x_wconf 85' lang='lat' dir='ltr'><strong>melius</strong></span> <span class='ocrx_word' id='word_1_810' title='bbox 2401 5583 2580 5650; x_wconf 84' lang='lat' dir='ltr'><strong>lingua</strong></span> <span class='ocrx_word' id='word_1_811' title='bbox 2610 5579 2829 5633; x_wconf 86' lang='lat' dir='ltr'><strong>omnino</strong></span> <span class='ocrx_word' id='word_1_812' title='bbox 2857 5586 3196 5673; x_wconf 61' lang='lat' dir='ltr'><strong>careremus:</strong></span> <span class='ocrx_word' id='word_1_813' title='bbox 3237 5570 3350 5673; x_wconf 57' lang='lat' dir='ltr'><strong>Cur:</strong></span> 
     </span>
    </p>
   </div>
   <div class='ocr_carea' id='block_1_115' title="bbox 1785 5661 3344 5744">
    <p class='ocr_par' dir='ltr' id='par_1_115' title="bbox 1785 5661 3344 5744">
     <span class='ocr_line' id='line_1_117' title="bbox 1785 5661 3344 5744; baseline -0.009 -15"><span class='ocrx_word' id='word_1_814' title='bbox 1785 5675 1997 5744; x_wconf 78' lang='lat' dir='ltr'><strong>linguas</strong></span> <span class='ocrx_word' id='word_1_815' title='bbox 2033 5675 2220 5728; x_wconf 86' lang='lat' dir='ltr'><strong>inanes</strong></span> <span class='ocrx_word' id='word_1_816' title='bbox 2256 5672 2529 5727; x_wconf 87' lang='lat' dir='ltr'><strong>reddimus</strong></span> <span class='ocrx_word' id='word_1_817' title='bbox 2549 5678 2602 5721; x_wconf 88' lang='lat' dir='ltr'><strong>ct</strong></span> <span class='ocrx_word' id='word_1_818' title='bbox 2629 5681 2696 5721; x_wconf 84' lang='lat' dir='ltr'><strong>ea</strong></span> <span class='ocrx_word' id='word_1_819' title='bbox 2757 5664 2984 5718; x_wconf 78' lang='lat' dir='ltr'><strong>colimus</strong></span> <span class='ocrx_word' id='word_1_820' title='bbox 3013 5678 3135 5733; x_wconf 70' lang='lat' dir='ltr'><strong>qua:</strong></span> <span class='ocrx_word' id='word_1_821' title='bbox 3161 5661 3344 5715; x_wconf 82' lang='lat' dir='ltr'><strong>domui</strong></span> 
     </span>
    </p>
   </div>
   <div class='ocr_carea' id='block_1_116' title="bbox 1789 5751 3344 5834">
    <p class='ocr_par' dir='ltr' id='par_1_116' title="bbox 1789 5751 3344 5834">
     <span class='ocr_line' id='line_1_118' title="bbox 1789 5751 3344 5834; baseline -0.009 -14"><span class='ocrx_word' id='word_1_822' title='bbox 1789 5776 1985 5822; x_wconf 75' lang='lat' dir='ltr'><strong>nostra:</strong></span> <span class='ocrx_word' id='word_1_823' title='bbox 2034 5765 2374 5834; x_wconf 85' lang='lat' dir='ltr'><strong>splendorem</strong></span> <span class='ocrx_word' id='word_1_824' title='bbox 2433 5760 2667 5812; x_wconf 84' lang='lat' dir='ltr'><strong>tribucre</strong></span> <span class='ocrx_word' id='word_1_825' title='bbox 2697 5756 2943 5826; x_wconf 86' lang='lat' dir='ltr'><strong>queant?</strong></span> <span class='ocrx_word' id='word_1_826' title='bbox 2989 5756 3094 5809; x_wconf 72' lang='lat' dir='ltr'><strong>Sed</strong></span> <span class='ocrx_word' id='word_1_827' title='bbox 3150 5751 3344 5806; x_wconf 88' lang='lat' dir='ltr'><strong>talibus</strong></span> 
     </span>
    </p>
   </div>
  </div>
