3982 6246
121 307 232 373 705

1037 311 1118 371 IN
1158 311 1198 369 S
1267 309 1933 382 QUADRAGESIMAM
1968 308 2251 372 ORATIO
2292 315 2388 376 ιν.

3271 315 3380 382 706

119 425 186 474 ob
196 437 279 474 τω
306 437 374 474 κν
385 423 634 490 ριακαῖς.
662 417 876 472 Οὐκοῦν
904 421 998 474 καὶ
1013 423 1040 473 ὀ
1056 420 1260 492 ταύτης
1273 423 1556 492 παρήκοος
1572 422 1711 491 λόγῳ

1819 420 1962 473 citur
2002 430 2058 475 et
2093 423 2271 475 eidem
2310 424 2519 492 judicio
2565 425 2862 498 subjicitur
2890 425 2979 482 cui
3016 426 3060 482 is
3091 424 3184 498 qui
3224 440 3382 482 sacra

123 511 340 582 Κυρίου
358 512 521 564 ἑὸυσε
543 513 644 581 τὴν
663 510 803 582 ἀκοὴ
815 529 856 573 δ,
881 511 975 564 καὶ
1001 512 1386 582 ἠεύαγγελικὴ
1415 514 1594 583 ψῆφος
1616 513 1710 566 καὶ

121 606 247 658 κατ’
274 603 444 658 αὑτοῦ
476 603 765 674 κυροῦται,
800 603 898 656 καὶ
931 606 1011 667 εἰς
1038 600 1158 658 ῐσον
1186 605 1406 675 ἔρχεται
1441 605 1710 675 κατακρί-

118 714 269 759 σεως
305 696 403 748 καὶ
436 696 622 760 αὐτὸς,
657 694 850 759 ὁποίας
881 695 976 749 καὶ
999 695 1028 748 ὀ
1054 694 1164 748 τῶν
1187 696 1510 764 ἁγιωτάτων
1542 697 1708 765 εὐαγ-

120 787 331 856 γελίων
362 787 784 855 ἀνεπίστροφος.

196 886 297 933 λε’.
332 881 440 933 Καὶ
479 881 554 950 μή
603 895 694 948 μοι
729 880 1209 934 ἀντικαθιστάσθω
1249 899 1334 946 τις
1388 881 1707 954 ἀγερωχῶν,

121 972 222 1024 καὶ
253 970 676 1042 βρενθυόμενος,
705 970 800 1024 καὶ
831 971 1104 1036 ἀπαξιῶν,
1133 973 1191 1039 ἐξ
1223 973 1458 1026 εὐτελῶν
1490 973 1709 1044 προσώ-

122 1081 248 1116 πων
286 1062 512 1116 ἀκούειν
558 1062 717 1130 λόγον
753 1063 963 1121 δέοντα.
1009 1065 1183 1132 Λόγος
1217 1066 1327 1134 γὰρ
1375 1066 1524 1128 ἄπας
1564 1065 1710 1129 θεῖος

124 1155 538 1224 προερχόμενος
557 1154 906 1224 ἀνθρωπίνου
935 1157 1205 1224 στόματος
1225 1157 1422 1224 ἡγίασε
1441 1158 1504 1209 τὸ
1534 1157 1708 1226 στόμα

123 1251 334 1312 ἐκεῖνο,
363 1247 488 1301 ὅθεν
524 1247 618 1298 καὶ
663 1246 738 1310 ὡς
773 1249 836 1300 ἐκ
873 1247 1150 1318 θειοτέρου
1203 1249 1470 1318 ἐμπνοίας
1501 1249 1709 1321 προϊὼν

123 1337 280 1404 ἅγιός
313 1337 454 1402 ἐστι,
490 1337 584 1390 καὶ
615 1338 706 1392 τὸν
733 1337 895 1407 ἀέρα,
919 1339 986 1390 δι’
1018 1335 1078 1392 οὗ
1108 1340 1336 1408 ὀχεῖται,
1366 1341 1550 1412 τίμιον
1573 1344 1708 1395 ἀπο-

122 1430 300 1490 τελεῖ,
335 1427 480 1482 οὕτω
515 1429 572 1482 δὲ
606 1430 701 1482 καὶ
734 1429 834 1501 τὴν
883 1431 1075 1500 ἀκοὴν,
1108 1431 1178 1483 δι’
1207 1427 1273 1502 ἧς
1307 1433 1365 1494 ἐς
1395 1434 1575 1504 ψυχὴν
1611 1451 1706 1486 πο-

126 1521 376 1590 ρεύεται.
415 1521 474 1574 Ei
499 1520 680 1574 τοίνυν
707 1523 801 1575 καὶ
824 1525 855 1594 ἡ
888 1523 1034 1594 ψυχὴ
1061 1526 1454 1581 ἀναπετάσασα
1484 1529 1700 1600 ἑαυτὴν,

121 1611 216 1664 τὸν
247 1611 495 1664 τοιοῦτον
528 1611 674 1665 θετον
702 1611 860 1680 λόγον
888 1614 1265 1682 είσοικίσεται,
1295 1617 1392 1670 καὶ
1423 1618 1517 1689 ὅλη
1545 1620 1704 1690 γένηο

121 1717 215 1752 ται
252 1698 449 1764 αὑτοῦ,
475 1699 738 1770 ἡγίασται
766 1718 780 1734 ·
815 1701 890 1772 μὴ
913 1701 1056 1757 οὕτω
1077 1703 1135 1756 δὲ
1162 1705 1544 1777 διατεθειμένη
1577 1725 1707 1761 σκο-

123 1791 301 1844 πείτω
321 1793 418 1845 καὶ
437 1791 800 1857 εὐλαϐείσθω,
828 1793 904 1864 μὴ
923 1795 1134 1863 ὲναγῶς
1151 1796 1499 1852 διατέθειται.
1525 1801 1705 1854 Καλὸν

123 1883 347 1954 κρατὴρ
388 1883 618 1954 χρύσεος
648 1884 1127 1956 ὲκκλησιαστικδς,
1167 1891 1224 1941 ἐν
1247 1883 1294 1957 ᾧ
1321 1891 1380 1943 τὸ
1429 1891 1704 1963 πάντιμον

124 1974 410 2043 κερναται.
441 1975 503 2028 Εἰ
527 1975 585 2028 δὲ
614 1975 710 2029 καὶ
739 1977 798 2028 ὲν
823 1976 1018 2048 ὑελίνῳ
1044 1979 1480 2052 μυστηριασθείη
1505 1983 1572 2036 τὰ
1601 2002 1704 2037 σω-

124 2063 373 2134 τήρια,ῆ
405 2062 484 2134 τῷ
519 2063 626 2116 ἀπὸ
655 2063 839 2127 ξύλου,
869 2065 979 2118 εἴτε
1015 2068 1306 2138 ὀστράκου,
1335 2066 1444 2139 ἆρά
1474 2088 1537 2138 γε
1569 2074 1704 2125 ἀπο-

126 2157 412 2226 πέμψεταί
468 2173 554 2219 τις
587 2156 914 2227 Χριστιανὸς
947 2157 1014 2211 τὰ
1063 2157 1316 2214 θειότατα
1343 2179 1358 2228 ;
1403 2162 1626 2231 Μηδεὶς,
1658 2158 1704 2216 ὦ

129 2247 330 2318 Κύριε,
369 2246 612 2310 τοιοῦτος
665 2250 990 2318 ἀναφανείη.
1035 2250 1190 2303 Οὕτω
1229 2252 1362 2318 γοῦν
1403 2256 1493 2307 καὶ
1530 2256 1704 2325 στόμα

128 2339 475 2408 σχεδιασθὲν,
503 2338 578 2402 ὡς
605 2342 682 2403 εἰς
721 2340 868 2409 ἱερὸν
899 2340 1127 2409 βιϐλίον,
1170 2344 1264 2395 καὶ
1293 2342 1486 2412 λόγους
1527 2346 1702 2410 θείους

126 2432 400 2500 πρόσιτον,
451 2429 663 2484 πείθειν
695 2432 762 2485 ἂν
817 2433 926 2502 ἔχοι
975 2434 1106 2496 τοὺς
1158 2434 1477 2506 ὲχέφρονας,
1521 2438 1707 2491 ὁποῖον

129 2522 196 2574 ἂν
223 2522 323 2574 καὶ
377 2523 462 2591 εἴη
505 2523 683 2574 ἐκεῖνο
727 2521 790 2574 τὸ
845 2524 1042 2593 στόμα.
1081 2525 1150 2576 Ἦ
1179 2524 1297 2588 ὄνος
1334 2526 1432 2596 μὲν
1478 2527 1706 2599 Βαλαὰμ

129 2613 693 2683 γλωττηματισθεῖσα
717 2617 838 2668 κατ’
867 2616 1175 2686 ἄνθρωπον,
1209 2618 1549 2690 ἐπιστροφὴν
1581 2620 1706 2692 ἔσχε

129 2705 232 2775 τὴν
257 2706 318 2770 ἐξ
349 2706 704 2776 ἀκροάσεω;;
730 2707 1018 2776 ἄνθρωπος
1047 2705 1104 2760 δὲ
1134 2707 1392 2781 λαλήσας,
1421 2710 1496 2774 ὡς
1512 2713 1703 2782 ἐχρῆν,

129 2802 215 2860 εἰς
249 2799 372 2850 ὀνου
407 2799 603 2870 μοίραν
650 2801 1082 2866 (ﬂuctivagam;
1116 2802 1274 2870 Ὄφις
1309 2804 1708 2872 παρακουέσθω

131 2891 335 2954 λαλῶν,
371 2891 472 2943 ὅσα
505 2894 618 2955 τοῖς
661 2892 824 2961 Ἐδὲμ
860 2891 1170 2957 ἀποικίζειν
1202 2893 1418 2962 ἔχουσιν
1443 2911 1458 2925 ο
1490 2897 1708 2966 ἄνθρω-

134 3000 241 3044 πος
269 2983 348 3046 δὲ,
377 2982 526 3045 ὅστις
555 2983 622 3035 ἂν
657 2985 750 3037 καὶ
794 2985 902 3053 εἴη,
935 2983 1216 3038 ἁκουέσθω
1266 2984 1443 3039 λαλῶν
1472 2987 1540 3041 τὰ
1565 2989 1706 3040 οἰκί-

131 3073 302 3135 ζοντα
327 3074 407 3135 εἰς
439 3071 794 3143 παράδεισον.

206 3164 318 3228 λς’.
358 3161 566 3234 Διαιρῶ
610 3166 702 3218 τὸν
733 3165 1021 3236 ἄνθρωπον
1057 3165 1168 3219 ἰδοὺ
1211 3169 1290 3230 εἰς
1333 3168 1586 3233 πολλοὺς,
1613 3169 1709 3222 καὶ

133 3255 370 3309 λαλείτω
389 3256 618 3318 ἕκαστος
644 3253 711 3308 τὰ
743 3257 835 3309 τοῦ
857 3256 1016 3323 Θεοῦ,
1044 3257 1137 3309 καὶ
1167 3258 1540 3330 ὀβουλόμενος
1573 3279 1710 3331 παρ-

133 3347 411 3408 ακουέτω,
463 3345 551 3398 ἵνα
585 3344 678 3399 καὶ
701 3345 868 3398 αὑτοῦ
894 3345 1186 3420 παρακούῃ
1215 3351 1242 3400 ὁ
1264 3348 1414 3411 Θ.ός.
1449 3350 1558 3401 Καὶ
1586 3352 1711 3412 τοὺς

139 3438 243 3507 μὲν
284 3438 465 3508 ἱεροὺς
510 3433 758 3499 ἅπαντας
813 3437 920 3508 ἰδίᾳ
966 3437 1189 3507 τίθεμαι
1238 3440 1356 3492 κατ’
1392 3437 1708 3510 ὲξαίρετονυ

134 3528 365 3596 γίνομαι
399 3529 456 3580 δὲ
505 3527 602 3596 τῆς
629 3527 822 3596 λοιπῆς
856 3527 1216 3594 ἐπελεύσεως,
1261 3531 1366 3583 τῶν
1401 3533 1712 3584 ταπεινοτέιι

136 3635 250 3688 ρων
278 3617 611 3687 ἀρξάμενος.
645 3617 898 3671 Θλίὸεται
921 3616 1129 3681 δοῦλος,
1160 3622 1192 3688 ἡ
1222 3623 1522 3691 κατωτέρω
1546 3621 1708 3692 τύχη,

135 3711 235 3764 καὶ
263 3711 298 3779 ἡ
332 3709 510 3777 θλίψις
546 3707 648 3762 οὐκ
694 3705 948 3778 εὔφορος,
994 3712 1088 3763 καὶ
1131 3713 1407 3780 ἁναφωνεί
1455 3713 1524 3767 τὰ
1575 3714 1714 3782 πρὸς

137 3803 310 3865 ἔλεον,
347 3803 710 3871 παραμιγνὺς
739 3804 834 3856 καὶ
860 3801 996 3854 Θεοῦ
1019 3802 1187 3872 ὄνομα
1215 3819 1231 3834 ⁸
1262 3804 1346 3867 τίς
1372 3805 1435 3876 δὴ
1459 3802 1552 3858 οὖν
1579 3805 1714 3858 ἐπά-

139 3909 303 3964 ρατος
333 3893 531 3955 οὕτως,
577 3893 654 3954 ὡς
691 3892 764 3962 μὴ
813 3891 949 3962 πρὸς
989 3892 1184 3962 ἐκείνῳ
1214 3892 1311 3963 τὴν
1349 3896 1521 3964 ἀκοὴν
1546 3894 1709 3964 ἔχειν,

138 3987 235 4039 καὶ
257 3986 472 4048 ἑλεείν;
525 3983 784 4046 Πιέζεταί
827 3999 911 4045 τις
949 3985 1260 4054 χειρομάχα
1311 3985 1476 4054 ψυχὴ,
1518 3988 1598 4041 ὅτι
1626 4003 1716 4040 κο-

139 4076 363 4128 λούεται
392 4075 589 4143 μισθοῦ
615 4077 644 4127 ὁ
665 4075 972 4146 ἄνθρωπος,
996 4077 1088 4128 καὶ
1114 4075 1481 4145 προϐάλλεται
1497 4078 1714 4149 οἰκτρὸν

143 4168 239 4219 τὸν
273 4167 501 4228 ἱκέσιον,
537 4168 719 4234 ζητῶν
753 4165 990 4220 ἀκοῦσαι
1011 4167 1086 4230 ὼς
1110 4186 1128 4218 ι
1152 4167 1305 4233 Ἰδοὺ,
1338 4170 1545 4240 ἑταῖρε,
1573 4170 1714 4239 ἔχεις

139 4258 202 4309 τὸ
227 4257 356 4309 σόν·
401 4275 420 4307 ι
460 4256 644 4317 ἄθλιος
687 4252 780 4309 οὗν
806 4259 834 4309 ὁ
871 4256 1038 4326 βύσας
1084 4256 1183 4327 τὴν
1223 4258 1391 4326 ἀκοὴν
1443 4259 1571 4329 θείῳ
1615 4261 1717 4330 ῥή-

146 4364 301 4416 ματι.
337 4345 478 4398 Θεοῦ
526 4346 634 4416 γὰρ
691 4346 868 4414 λόγος,
917 4349 1013 4400 καὶ
1047 4345 1108 4400 τὸ
1165 4349 1238 4416 μὴ
1274 4349 1582 4401 ἀδικεῖσθαι
1624 4351 1718 4403 τὸν

1813 512 2102 582 Evangelia
2139 515 2490 583 dedignatur.

1892 862 1985 916 35.
2025 861 2102 916 Ne
2131 871 2314 915 autem
2349 861 2619 930 superbus
2649 863 2848 933 aliquis
2888 875 2940 918 et
2979 867 3256 935 gloriosus
3281 869 3385 923 de.

1811 955 2101 1024 dignanter
2135 951 2267 1005 mihi
2296 951 2650 1020 respondeat,
2680 955 2776 1022 qui
2812 969 2920 1009 non
2966 957 3072 1010 nisi
3105 973 3227 1012 cum
3256 961 3384 1013 vili-

1812 1052 1914 1104 bus
1959 1047 2274 1104 conversari
2322 1046 2524 1116 dignus
2588 1053 2694 1102 est.
2752 1047 2926 1102 Omne
2978 1053 3124 1104 enim
3170 1053 3384 1107 dictum

1809 1137 2054 1191 divinqu
2082 1135 2228 1204 quod
2269 1151 2336 1189 ex
2377 1150 2473 1188 ore
2509 1137 2748 1188 humano
2781 1137 3004 1202 prodiit,
3044 1139 3096 1193 id
3129 1156 3192 1194 os
3222 1157 3382 1196 sanc-

1809 1227 2078 1291 tificavit;
2107 1242 2279 1295 quare
2310 1228 2499 1289 etiam,
2529 1237 2589 1279 ut
2617 1243 2678 1279 ex
2719 1228 2920 1293 spiritu
2955 1229 3214 1284 diviniuri
3256 1247 3386 1300 pro-

1807 1320 1986 1383 diens,
2010 1328 2262 1373 sanctum
2290 1326 2396 1382 est,
2415 1326 2469 1371 et
2495 1332 2674 1372 aerem
2703 1333 2864 1387 quem
2891 1322 3084 1375 transit
3114 1337 3388 1377 veneran-

1808 1409 1936 1464 dutu
1969 1411 2183 1473 reddit;
2217 1408 2411 1463 eodem
2437 1411 2600 1463 modo
2631 1420 2686 1462 et
2717 1425 2884 1464 aures
2916 1426 3011 1478 per
3041 1427 3176 1479 quas
3213 1415 3382 1467 vitam

1808 1500 2155 1569 adipiscitur.
2179 1500 2234 1554 Si
2273 1501 2438 1570 igitur
2468 1501 2650 1553 anima
2685 1500 2738 1554 in
2767 1500 2935 1555 altum
2966 1504 3184 1557 sublata
3219 1505 3385 1558 talem

1807 1605 2117 1647 sermonem
2172 1592 2424 1647 divinum
2485 1593 2792 1657 inhabitat,
2847 1593 2933 1648 sui
2999 1596 3160 1664 plena
3232 1595 3384 1651 facta

1807 1686 2148 1741 sanctificata
2177 1695 2261 1739 est
2285 1702 2301 1752 ;
2333 1685 2480 1754 quod
2499 1685 2548 1739 si
2574 1700 2682 1738 non
2713 1686 2820 1739 isto
2847 1686 3010 1740 modo
3034 1687 3384 1744 ceuformata

1807 1785 1914 1844 est,
1957 1777 2123 1831 habet
2144 1791 2278 1831 sane
2306 1779 2450 1846 quod
2499 1785 2708 1830 metuat
2739 1793 2806 1832 ne
2834 1779 2976 1831 inter
3012 1793 3101 1832 res
3130 1793 3384 1833 exsecra-

1810 1869 1948 1923 biies
1983 1878 2244 1939 ponatur.
2296 1869 2402 1922 Res
2443 1870 2673 1940 pulchra
2715 1871 2861 1923 calix
2899 1883 3136 1932 aureus,
3182 1873 3234 1924 in
3274 1885 3386 1940 quo

1811 1960 2074 2017 sacerdos
2124 1965 2431 2031 pretiosum
2483 1963 2809 2032 sanguinem
2845 1962 3064 2017 miscet.
3105 1963 3161 2018 Si
3200 1975 3382 2018 alllﬂl‘l

1812 2053 2130 2125 mysterium
2163 2056 2403 2108 salutare
2446 2055 2501 2110 in
2545 2070 2674 2110 vase
2707 2056 2900 2120 vitreo,
2936 2064 3030 2109 aut
3061 2057 3261 2126 ligneo,
3287 2065 3386 2112 aut

1813 2147 2117 2216 argillaceo
2170 2157 2546 2216 perageretur,
2577 2163 2705 2201 num
2731 2156 2814 2201 est
2832 2147 3180 2203 Christianus
3215 2150 3385 2203 sacri-

1814 2239 1997 2294 ficium
2048 2241 2178 2295 illud
2237 2241 2573 2310 repudians?
2626 2240 2704 2295 Ne
2766 2259 2931 2309 unus,
2973 2243 3219 2306 Domine,
3268 2243 3386 2296 inec

1811 2329 1998 2386 faciat.
2033 2333 2124 2389 Sic
2151 2334 2315 2388 etiam
2349 2347 2410 2388 os
2440 2336 2845 2390 contumelians
2891 2337 3064 2392 libros
3092 2345 3146 2390 et
3171 2350 3384 2390 sermo-

1813 2437 1912 2476 nes
1937 2422 2179 2486 divinos,
2211 2436 2320 2477 non
2359 2424 2522 2478 facile
2545 2427 2891 2482 nobilitatem
2917 2441 3072 2480 suam
3100 2427 3380 2496 probabit.

1811 2512 1951 2566 Num
2001 2514 2239 2570 Balaami
2289 2517 2443 2570 asina
2484 2532 2614 2570 voce
2649 2519 2880 2572 Itamana
2929 2519 3154 2588 praedita
3192 2534 3256 2573 ex
3287 2534 3386 2572 au-

1811 2607 1927 2662 ditu
1959 2608 2225 2676 loquelam
2255 2617 2506 2662 mutuata
2529 2609 2644 2662 est?
2671 2609 2842 2662 Homo
2865 2621 3048 2664 autem
3071 2609 3165 2678 qui
3193 2609 3382 2664 debito

1778 2702 2066 2753 sermone
2109 2714 2243 2754 usus
2293 2709 2402 2763 est,
2444 2700 2772 2754 animalisne
2815 2701 2961 2755 bruti
3005 2715 3230 2754 munere
3261 2701 3389 2754 fun-

1812 2791 2006 2858 getur?
2063 2790 2301 2860 Serpens
2363 2793 2593 2861 loquens
2645 2791 2956 2846 audiendus
3009 2806 3120 2846 non
3173 2801 3258 2846 est
3315 2792 3387 2845 ab

1812 2882 2092 2937 exsulibus
2127 2885 2324 2950 iidem;
2367 2884 2532 2938 homo
2573 2892 2793 2948 autem,
2833 2885 3092 2954 quisquis
3139 2885 3244 2950 sit,
3286 2897 3389 2937 au-

1813 2975 2019 3042 diatur,
2052 2976 2274 3045 quando
2307 2976 2375 3029 de
2405 2975 2563 3029 novis
2603 2976 2853 3029 Paradisi
2883 2977 3079 3031 incolis
3116 2976 3382 3047 loquitur.

1882 3155 1972 3210 '56.
2011 3153 2298 3209 Hominem
2326 3154 2380 3207 in
2417 3154 2604 3222 plures
2631 3153 2841 3216 divido,
2873 3169 3110 3224 quorum
3141 3157 3382 3226 quisque

1811 3261 1898 3302 res
1919 3247 2133 3300 divinas
2155 3246 2443 3313 lolluatur;
2464 3243 2556 3313 qui
2579 3244 2774 3298 audire
2795 3259 2903 3298 non
2924 3246 3058 3311 vult,
3083 3259 3149 3301 ne
3169 3249 3380 3314 audito,

1813 3348 1870 3392 ut
1911 3339 2053 3393 Deus
2083 3351 2303 3406 quoque
2333 3350 2457 3390 eum
2510 3350 2618 3390 non
2662 3337 2947 3390 exaudiat.
2981 3335 3146 3394 Viros
3185 3353 3380 3393 sacros

1811 3443 2001 3484 omnes
2037 3430 2090 3482 in
2126 3429 2246 3482 loco
2279 3427 2539 3495 peculiari
2571 3434 2781 3492 statuo,
2819 3427 2888 3481 ad
2927 3427 3152 3483 viliores
3181 3431 3385 3484 transi-

1813 3531 1989 3574 turus.
2027 3518 2230 3573 Servus
2270 3519 2470 3588 aliquis
2519 3518 2818 3572 tribulatur
2849 3528 2904 3572 et
2931 3521 3077 3575 inter
3109 3528 3380 3575 tormenta

1814 3613 2091 3666 hominum
2161 3611 2368 3679 Deique
2430 3612 2604 3680 ipsius
2658 3611 3086 3667 misericordiam
3141 3613 3377 3668 Invocat.

1812 3703 1943 3770 Quis
1971 3703 2105 3758 adeo
2125 3701 2298 3757 durus
2327 3709 2412 3757 est
2443 3709 2502 3756 ut
2538 3703 2802 3757 miserum
2828 3717 2937 3758 non
2969 3703 3182 3770 audiat,
3215 3705 3382 3760 mise-

1815 3795 2106 3850 ricordiam
2140 3793 2415 3864 deneget?
2463 3792 2765 3849 Laboriosa
2808 3796 2994 3849 anima
3025 3796 3082 3850 in
3109 3797 3386 3866 angustiis

1811 3896 1898 3942 est
1946 3887 2093 3957 quod
2143 3885 2307 3941 homo
2357 3886 2609 3940 mercede
2661 3885 2967 3941 frustratur
3008 3895 3064 3942 et
3113 3888 3382 3943 miserum

1813 3979 2112 4048 supplicem
2146 3979 2348 4047 rejicit,
2388 3987 2448 4032 ut
2477 3978 2527 4033 ei
2563 3979 2782 4034 dicatur
2814 3996 2829 4034 :
2861 3979 2962 4043 En,
3003 3982 3200 4044 amice,
3233 3997 3379 4036 mer-

1813 4074 1998 4128 cedem
2046 4073 2226 4126 tuam!
2283 4071 2448 4126 Miser
2491 4071 2659 4141 igitur
2709 4073 2801 4139 qui
2850 4073 3020 4126 verbo
3061 4071 3160 4127 Dei
3217 4087 3382 4128 aures

1814 4164 2057 4218 obturat.
2093 4162 2184 4215 Dei
2217 4162 2362 4216 enim
2388 4169 2474 4216 est
2500 4163 2725 4216 verbum
2762 4161 3062 4228 prohibens
3096 4175 3168 4215 ne
3197 4162 3245 4215 ei
3285 4161 3381 4229 qui

1817 4269 1916 4309 sua
1963 4254 2164 4308 alienat
2201 4253 2456 4320 injuriatn
2489 4252 2817 4307 inferamus.
2850 4252 2998 4304 Puer
3035 4252 3380 4314 verberatur,

1816 4343 1908 4398 sed
1946 4343 2073 4397 inde
2105 4343 2466 4409 emendatur;
2504 4345 2648 4398 ictus
2677 4357 2874 4412 graves
2907 4357 3017 4396 non
3051 4353 3201 4405 sunt,
3231 4354 3286 4397 et
3318 4358 3382 4396 os

142 4437 425 4506 ἀπέχοντα
454 4437 514 4488 τὸ
558 4437 775 4490 ἑαυτοῦ.
834 4437 1108 4489 Τύπτεται
1145 4440 1294 4500 παῖς,
1339 4437 1442 4489 εἴτ’
1487 4433 1581 4491 οὖν
1612 4456 1711 4490 σω-

1819 4440 1935 4507 ejus
1971 4437 2063 4490 Dei
2108 4435 2432 4488 recordatur
2464 4442 2518 4490 et
2540 4438 2750 4490 veniam
2786 4438 3124 4505 exposmlat,
3163 4437 3382 4490 Stultus
3418 4469 3425 4482 .‹

143 4525 491 4595 φρονεζεται,
525 4527 620 4578 καὶ
663 4527 869 4597 πληγαὶ
907 4528 968 4578 οὐ
1018 4526 1141 4578 κατ’
1187 4525 1496 4596 ἄνθρωπον,
1533 4528 1626 4581 καὶ
1655 4527 1716 4579 τὸ

143 4618 323 4687 στόμα
377 4618 590 4670 ἐκείνου
631 4617 790 4687 γέμει
837 4617 972 4670 Θεοῦ
1025 4619 1267 4688 μνήμης,
1301 4618 1392 4670 καὶ
1430 4619 1715 4688 παρακληο

140 4709 294 4761 τεύιι
326 4708 469 4777 πρὸς
513 4708 734 4760 ἄνεσιν·
769 4710 949 4777 μωρὸς
987 4710 1078 4761 οὑν
1121 4708 1462 4772 διδάσκαλος,
1489 4708 1547 4771 ὃς
1593 4709 1718 4762 παί-

141 4800 332 4852 δευσιν
386 4802 624 4867 εἰσάγων
661 4799 780 4851 οὐδὲ
832 4799 1027 4852 πολλοῦ
1071 4801 1201 4863 ἴσως
1256 4801 1434 4864 ἀξίαν,
1481 4801 1718 4866 ἁπάγειν

142 4891 322 4945 ἐθέλει
355 4891 695 4961 τιμιωτάτην
731 4891 933 4961 ψυχήν.
965 4893 1219 4960 Στέρεται
1250 4892 1357 4945 τῶν
1385 4894 1599 4946 οἰκείων
1624 4894 1718 4962 ὀρ.

143 4982 315 5052 φανός
340 4999 447 5046 τις,
477 4982 570 5034 καὶ
597 4983 686 5035 τὸν
713 4985 810 5052 τῆς
839 4983 1106 5053 ὀρφανίας
1141 4984 1453 5052 προστάτην
1486 4985 1721 5050 ὲκφωνεῖ

143 5077 282 5144 πρὶς
319 5073 611 5142 ἱκετηρίαν
637 5074 924 5126 θεόκλυτον
951 5089 965 5104 ·
1002 5075 1206 5141 φαῦλος
1237 5074 1329 5127 οῦν
1357 5075 1471 5137 υἱὸς
1500 5077 1528 5127 ὁ
1563 5075 1720 5128 ἁδελ-

141 5165 246 5232 φοῦ
274 5165 530 5218 τοιούτου
564 5165 870 5235 ὑπερορῶν,
901 5164 982 5230 ὃς,
1014 5167 1062 5216 ει
1097 5166 1192 5216 καὶ
1224 5165 1432 5233 πατρὸς
1458 5166 1550 5219 τοῦ
1580 5167 1720 5220 κατὰ

141 5259 248 5329 γῆν
289 5255 587 5326 στερηθεὶς
640 5258 1028 5325 ἁπεσκοτὼθη,
1065 5255 1203 5310 ἀλλὰ
1246 5256 1340 5309 τοῦ
1387 5257 1496 5309 τῶν
1527 5259 1721 5325 φώτων

140 5353 241 5406 καὶ
268 5351 384 5404 τῶν
414 5348 674 5419 ὀρφανῶν
711 5349 923 5418 Πατρὸς
955 5349 1056 5401 οὐκ
1082 5349 1458 5402 ἐκπέπτωκεν.
1505 5349 1722 5402 Ἠλικία

141 5442 468 5512 γεροντικὴ.
511 5441 608 5492 καὶ
657 5441 776 5493 οὐδὲ
809 5442 1000 5508 γένους
1036 5436 1094 5492 εὖ
1124 5440 1346 5510 ἔχουσα,
1403 5441 1500 5509 ήδη
1545 5440 1599 5493 δὲ
1628 5440 1722 5493 καὶ

141 5534 218 5605 τῷ
248 5533 460 5585 πλείηνι
487 5532 622 5601 πρὺς
653 5531 730 5600 τῷ
761 5532 898 5603 ’ᾊδῃ
926 5527 1081 5594 οὖσα,
1112 5531 1202 5583 καί
1234 5548 1287 5582 τι
1317 5533 1621 5600 «domum,
1647 5527 1722 5585 ὧν

143 5626 241 5677 οὐκ
279 5625 436 5676 ἔστιν
488 5622 807 5691 ἀνέχεσθαι,
863 5623 1036 5687 λαλεῖ,
1069 5623 1164 5674 καὶ
1203 5622 1292 5673 τὸν
1334 5623 1586 5697 παλαιὸν
1614 5623 1722 5676 τῶν

147 5720 376 5791 ἡμερῶν
417 5717 516 5769 ἐπὶ
560 5714 824 5782 στόματος
857 5713 1032 5782 φέρει,
1081 5711 1171 5766 καὶ
1209 5713 1275 5766 δι’
1309 5713 1514 5774 ἐκείνου
1558 5714 1723 5780 μέσον

1819 4531 1983 4600 igitur
2033 4535 2118 4580 est
2165 4525 2428 4594 magister
2462 4525 2556 4593 qui
2605 4525 2958 4595 disciplinam
3005 4529 3168 4580 vilem
3199 4529 3384 4580 intro-

1817 4618 2087 4672 ducturus
2153 4616 2390 4667 animam
2454 4611 2752 4682 pretiosam
2814 4613 2868 4663 in
2932 4611 3192 4665 exsiliunt
3247 4618 3382 4686 agit.

1817 4709 2110 4778 Orphanus
2157 4706 2361 4774 aliquis
2408 4703 2650 4759 fortunis
2700 4700 2977 4772 privatus,
3027 4710 3264 4756 tutorem
3315 4705 3382 4756 ad

1821 4799 2282 4869 supplicationem
2333 4795 2442 4850 Deo
2498 4793 2833 4849 offerendam
2891 4803 3108 4847 evocat.
3177 4789 3412 4846 Pravus

1819 4895 1985 4964 igitur
2017 4891 2164 4945 ﬁlius
2197 4889 2360 4943 talem
2391 4888 2614 4941 fratrem
2641 4901 2706 4940 ex
2739 4885 2918 4940 oculis
2953 4883 3224 4953 abjiciens
3265 4885 3387 4953 qui,

1820 4986 1923 5041 etsi
1963 4993 2114 5054 patre
2184 4981 2432 5036 terrestri
2485 4979 2730 5050 privatus
2781 4979 2878 5044 sit,
2929 4977 3150 5032 Patrem
3205 4985 3390 5032 tamen

1823 5077 2094 5133 luminum
2128 5081 2181 5128 et
2211 5075 2588 5142 orpltanorum
2625 5070 2767 5124 haud
2798 5068 3002 5125 amisit.
3048 5067 3206 5123 IEtas
3254 5082 3383 5137 pro-

1823 5178 1999 5233 vecta,
2029 5166 2242 5219 viribus
2265 5163 2572 5225 debilitata,
2591 5161 2820 5231 jamque
2843 5174 3012 5230 prope
3041 5159 3106 5212 ad
3131 5167 3386 5218 mortem,

1825 5272 1922 5328 per
1979 5254 2346 5310 intolerabilia
2402 5253 2543 5307 mala
2583 5251 2827 5320 loquitur
2859 5258 2914 5304 et
2949 5249 3247 5314 Antiquum
3279 5243 3394 5297 die-

1826 5363 1947 5404 rum
1992 5348 2046 5400 in
2083 5359 2178 5401 ore
2214 5345 2375 5415 gerit,
2408 5353 2464 5397 et
2491 5359 2590 5413 per
2617 5359 2740 5397 eum
2775 5338 3210 5395 misericordiam
3258 5348 3388 5404 pro-

1826 5429 2023 5495 vocare
2052 5446 2246 5493 tentat.
2291 5436 2363 5491 Os
2383 5436 2638 5490 dentibus
2681 5443 2905 5488 exutum
2950 5427 3148 5484 divinis
3170 5423 3388 5496 hymnis

1828 5536 2069 5582 resonat.
2095 5527 2263 5596 Igitur
2289 5526 2379 5596 qui
2408 5527 2650 5579 animum
2682 5537 2791 5577 non
2816 5519 3070 5583 attendit,
3090 5530 3192 5571 nec
3218 5513 3386 5568 Deum

1830 5621 2008 5683 timet,
2048 5634 2148 5674 nec
2185 5627 2436 5680 mortem,
2470 5631 2569 5669 nec
2609 5621 2946 5668 senectutem
2987 5611 3147 5665 enixe
3179 5613 3384 5676 sperat.

1832 5711 1890 5766 Si
1921 5711 2066 5768 enim
2100 5721 2224 5777 Spes
2258 5705 2554 5763 senectutis
2579 5705 2624 5758 ei
2665 5701 2937 5773 fulgeret,
2976 5712 3186 5755 morum
3236 5691 3388 5750 situ!b
