3884 6244
557 324 661 389 707

1293 320 1711 383 EUSTATlIlI
1752 317 2515 383 THESSAIDNICENSIS
2552 319 3115 381 METBOPOLITJE
3676 324 3759 387 τως

550 435 725 490 litudo
760 434 991 488 aliorum
1024 448 1149 488 eum
1174 434 1443 487 alliceret.
1483 434 1608 486 Mihi
1638 442 1822 486 autem
1855 431 1946 500 qui
1980 430 2104 483 tatis

2228 426 2360 480 ἱλεον
2389 429 2559 482 ὲθέλει
2595 431 2944 500 ἐφέλκεσθαι,
2985 434 3213 488 ὀδόντων
3247 436 3347 504 μὲν
3376 436 3519 504 τάχα
3551 452 3652 490 που
3680 440 3758 491 ἐκ·

554 536 641 580 est
676 526 889 580 videtur
930 527 1223 579 auditurus
1268 525 1397 578 illud
1431 543 1549 582 esse
1588 545 1600 579 :
1638 526 1695 580 in
1742 540 1917 578 annos
1973 522 2114 576 haud

554 616 741 679 venit,
803 615 1069 683 siquidem
1120 625 1446 684 prteritatura
1509 625 1684 669 morte
1731 627 1951 683 ereptus
2009 621 2115 667 est.

553 703 903 773 Supponatnr
950 704 1152 772 aliquis
1203 704 1388 758 ebrius
1427 706 1552 774 qui,
1591 720 1712 759 cum
1767 703 2116 759 fundamenta

553 793 751 846 domus
777 793 898 859 ejus
932 795 1194 849 subversa
1227 805 1374 870 sunt,
1405 796 1631 865 pedibus
1667 804 1816 849 stare
1844 810 1947 848 non
1980 796 2121 848 valet

553 885 624 938 ob
671 884 989 947 cerebrum,
1037 886 1201 954 pedes
1231 898 1284 942 et
1324 895 1510 954 caput,
1545 902 1666 956 qua:
1713 888 1852 940 male
1892 886 2118 941 habent.

552 974 850 1031 Anferatur
878 991 944 1030 ex
977 991 1072 1030 ore
1121 976 1384 1044 quidquid
1422 977 1708 1042 odiosum;
1742 977 1926 1046 lingua
1984 991 2119 1045 pur-

566 1076 728 1137 getur
759 1067 1017 1123 sordibus
1051 1067 1289 1136 polluta;
1332 1066 1684 1137 duplicentur
1717 1067 1772 1120 in
1799 1067 1974 1122 oculis
1999 1080 2120 1135 quae

553 1168 857 1213 cernuntur
908 1168 961 1212 et
986 1160 1067 1217 sic
1121 1160 1263 1212 male
1319 1160 1682 1215 retineantur.
1736 1158 1888 1214 Mens
1941 1167 2118 1211 autem

553 1247 862 1317 hujnsmodi
908 1250 1006 1302 viri
1059 1264 1192 1304 sana
1241 1251 1334 1313 sit,
1368 1259 1423 1305 et
1453 1250 1633 1319 lingua
1688 1250 1997 1304 errabunda
2034 1262 2121 1302 res

554 1340 769 1395 debitas
798 1340 945 1393 tenui
999 1336 1131 1395 voce
1163 1340 1391 1404 effutiat,
1429 1351 1486 1396 ut
1526 1346 1727 1396 stultos
1760 1342 1937 1396 facere
1973 1343 2123 1396 vide-

555 1444 697 1484 mus.
732 1431 835 1495 Qui
880 1432 1049 1501 igitur
1106 1433 1247 1501 quod
1298 1434 1450 1486 audit
1492 1433 1643 1502 parvi
1698 1431 1853 1497 facit,
1904 1433 2122 1502 quando

552 1521 884 1589 resipiscere
936 1523 1103 1592 ccepit
1158 1537 1260 1576 nec
1315 1525 1476 1591 plane
1535 1523 1720 1578 ebrius
1776 1530 1905 1588 est,
1967 1523 2121 1578 valde

552 1612 816 1679 superbit.

2223 521 2626 590 κεκρουσμὲνη,
2651 524 3054 590 ὲμπιπλῶσα⁶δὲ
3069 527 3129 578 τὸ
3151 527 3331 595 στόμα
3353 526 3761 596 θεοκλυτήσεωςο

2222 609 2250 659 ὁ
2284 609 2465 663 τοίνυν
2499 612 2572 681 μὴ
2619 612 2788 677 ἀξιῶν
2816 615 2953 682 πρὸς
2982 616 3118 686 αὐτῇ
3170 617 3262 670 τὸν
3292 617 3421 671 νοῦν
3470 618 3640 686 ἔχειν,
3662 620 3764 671 οὔτε

2224 699 2359 754 Θεὸν
2390 700 2724 768 εὐλαϐεῖται,
2757 707 2852 757 καὶ
2898 706 3020 758 οὐδὲ
3066 707 3360 777 καραδοκεῖ
3400 708 3653 773 θάνατον,
3685 712 3765 777 μή·

2226 808 2357 845 ποτε
2396 793 2453 846 δὲ
2479 795 2603 848 οὐδὲ
2638 796 2836 865 γῆρας.
2876 798 2942 850 Εἰ
2969 798 3077 867 γὰρ
3129 798 3284 862 ἐλπὶς
3332 799 3502 852 αὐτὸν
3535 799 3766 851 ὁπέσαινε

2224 883 2648 954 γηραλεότητος,
2682 887 2859 954 ἐφίλει
2890 888 2959 941 ἂν
2998 888 3059 940 τὸ
3105 889 3459 958 ὁμοιοπαθὲς.
3502 888 3612 942 Καὶ
3637 885 3767 958 οἶμαι

2224 975 2477 1029 ἀκούσειν
2524 978 2637 1046 ἔχοι
2680 979 2843 1032 ποθὲν
2889 981 2986 1033 καὶ
3027 983 3055 1034 ὁ
3088 982 3333 1045 τοιοῦτος
3376 982 3439 1034 τὸ
3474 999 3494 1033 ι
3541 980 3617 1051 μὴ
3646 980 3769 1050 ῶρας

2224 1067 2416 1132 ἵκοιτο,
2461 1087 2481 1120 ι
2513 1068 2628 1122 ἀλλ’
2671 1070 3021 1141 ἐκθερισθείη
3065 1073 3336 1141 πρὸωρος.
3393 1072 3768 1126 Ύποτεθείσθω

2226 1176 2311 1223 τις
2346 1161 2443 1214 καὶ
2478 1161 2715 1232 μεθύων,
2742 1163 2871 1226 τοὺς
2903 1162 3190 1232 θεμελίους
3217 1164 3312 1218 τοῦ
3342 1164 3488 1219 κατὰ
3517 1165 3674 1233 σῶμα
3700 1182 3770 1216 σε·

2229 1247 2558 1319 σαλευμένος
2589 1249 2765 1314 οἴκου,
2796 1252 2895 1305 καὶ
2922 1254 3024 1306 οὐκ
3049 1253 3191 1324 ἔχων
3217 1257 3297 1317 εἰς
3325 1254 3490 1323 ὀρθὸν
3519 1255 3769 1318 ἵστασθαι,

2223 1343 2286 1395 τδ
2337 1344 2588 1414 ύπερῳον
2635 1347 3133 1416 κατασεσεισμένος
3180 1348 3399 1417 (ἐκεῖνοι
3455 1348 3560 1415 μὲν
3613 1350 3767 1409 πόδες.

2226 1434 2385 1487 τοῦτο
2415 1434 2473 1489 δὲ
2503 1438 2740 1507 κεφαλή)
2765 1451 2781 1468 °
2807 1437 3170 1506 ἀποφερέσθω
3213 1439 3309 1492 τοῦ
3362 1441 3632 1509 στόματος
3659 1439 3769 1491 πολὺ

2224 1527 2286 1579 τδ
2314 1527 2496 1595 ἀηδὲς,
2531 1529 2932 1600 παραφερέσθω
2963 1532 2996 1600 ή
3023 1529 3244 1597 γλῶσσα
3271 1531 3493 1599 φαύλως
3524 1532 3769 1600 ὲγκολυμ·

2157 1612 2194 1666 Β
2229 1616 2398 1671 ὄοῦσα
2432 1620 2695 1684 τοιούτοις
2743 1621 3004 1691 ῥεύμασι,
3029 1621 3416 1684 δυαζὲσθωσαν
3449 1625 3566 1685 τοῖς
3599 1623 3773 1689 esset.

555 1706 674 1773 μοῖς
722 1704 791 1757 τὰ
819 1706 1093 1775 ὁρώμενα,
1141 1706 1237 1759 καὶ
1289 1705 1432 1760 οὕτω
1477 1705 2053 1777 παραϐλεπέσθωσαν·
2103 1708 2131 1760 ὁ
2159 1709 2280 1772 νοῦς
2311 1712 2369 1765 δὲ
2401 1714 2552 1781 ὅμως
2596 1715 2676 1785 τῷ
2726 1718 2959 1785 τοιούτῳ
2990 1715 3274 1787 ἐρῤὡσθω,
3312 1717 3406 1770 καὶ
3447 1716 3767 1770 ὑπολαλείτω

552 1800 984 1869 παρακόπτονσα
1012 1805 1045 1873 ή
1068 1801 1292 1869 γλῶσσα
1327 1804 1396 1855 τὰ
1447 1801 1655 1864 δέοντα,
1707 1800 1922 1862 ὁποίους
1956 1799 2185 1866 πολλοὺς
2220 1804 2495 1869 τοιούτους
2547 1807 2874 1876 τεθεάμεθα.
2922 1808 2978 1860 '0
3010 1808 3143 1875 γοῦν
3175 1807 3471 1872 ὲξουθενῶν
3504 1809 3573 1861 τδ
3598 1810 3769 1862 ἀκουό-

555 1908 739 1960 μενον,
773 1892 915 1944 ὀκνῶ
938 1895 1133 1960 εἰπεῖν,
1164 1896 1323 1966 εἰπερ
1351 1896 1656 1965 ἐγρήγορεν
1690 1895 1770 1958 εἰς
1796 1894 2079 1962 νηφάλιον,
2115 1896 2209 1948 καὶ
2238 1897 2314 1968 μὴ
2348 1899 2538 1967 μεθύει
2570 1899 2706 1952 πολὺ
2730 1898 2789 1953 τὸ
2814 1898 3117 1969 ἀγέρωχον.

629 1984 718 2036 57.
761 1983 867 2038 Sed
914 2000 1011 2040 cur
1063 1988 1278 2056 longius
1309 1988 1361 2040 in
1388 1988 1580 2055 emptis
1616 1987 1750 2041 meis
1790 1985 2118 2055 procedam?

554 2075 801 2129 Curvnon
837 2076 1015 2130 verbis
1044 2077 1181 2131 meis
1214 2076 1374 2131 finem
1413 2077 1729 2146 imponam?
1763 2076 1818 2130 Si
1855 2078 1997 2129 enim
2036 2085 2114 2128 ta-

556 2165 699 2219 libus
733 2179 896 2219 aures
924 2176 1051 2220 sunt
1086 2165 1408 2234 prwbcndae,
1463 2168 1740 2236 quomodo
1787 2181 1892 2219 non
1936 2165 1984 2219 ei
2023 2165 2117 2234 qui

555 2271 745 2311 omnes
774 2256 1036 2324 superat?
1067 2254 1156 2311 Sic
1186 2266 1365 2311 autent
1397 2258 1604 2312 scimus
1636 2257 1882 2310 muniunt
1913 2265 2077 2326 caput
2103 2296 2119 2321 ,

559 2344 729 2399 Deum
783 2347 1027 2417 inquam,
1088 2348 1284 2413 recoli;
1332 2348 1376 2403 si
1432 2348 1687 2403 sensibus
1721 2349 1923 2402 nostris
1956 2350 2118 2403 finem

560 2436 887 2492 laudabilem
927 2437 1356 2507 praescribimus,
1406 2454 1630 2509 scopum
1669 2451 1816 2507 puta,
1859 2440 1924 2493 ad
1960 2454 2121 2509 quem

555 2544 750 2584 omnes
775 2530 867 2598 qui
896 2530 1191 2584 secundum
1226 2528 1392 2583 Deum
1419 2532 1631 2593 vivunt,
1665 2531 1867 2586 visunt.
1890 2532 2008 2586 Non
2036 2543 2119 2586 est

558 2621 646 2675 hic
666 2620 820 2675 locus
843 2621 1118 2674 hominem
1143 2621 1442 2676 secundum
1472 2621 1698 2691 papulos
1723 2622 2117 2693 distinguendi,

556 2724 728 2779 quare
763 2717 970 2764 tantum
998 2709 1064 2764 de
1099 2719 1299 2765 nostra:
1342 2713 1519 2767 aetatis
1565 2713 1784 2767 homine
1836 2729 2016 2783 graeco
2053 2728 2119 2767 ac

558 2799 802 2854 barbaro
851 2799 1182 2855 mentionem
1216 2798 1434 2854 faciam.
1472 2799 1679 2870 Lingua
1711 2811 1893 2854 autem
1945 2813 2119 2870 graeca

563 2889 877 2957 loquentem
911 2887 1125 2953 audire,
1154 2887 1333 2958 eique,
1359 2888 1450 2943 ubi
1482 2903 1710 2944 necesse
1737 2899 1840 2954 est,
1870 2890 2116 2953 obedire,

554 2992 718 3033 nemo
765 2977 1058 3033 recusabit.
1109 2977 1227 3048 Ipse
1271 2977 1541 3033 barbarus
1580 2992 1667 3034 res
1731 2977 1971 3034 referens
2010 2993 2117 3033 non

555 3068 920 3136 refutandus,
988 3070 1058 3124 ab
1122 3069 1347 3123 arbitris
1416 3071 1622 3125 nostris
1691 3069 2115 3124 condemnatur.

2291 1988 2391 2054 λζ’.
2429 1991 2539 2044 Ποῦ
2570 1991 2626 2046 δὲ
2654 1992 3000 2061 προχωρήσω
3033 1991 3129 2045 τοῦ
3161 1990 3353 2044 λοιποῦ
3385 1992 3469 2055 είς
3498 1994 3775 2056 πλέοντοῖς

2224 2081 2289 2133 ὲκ
2314 2080 2425 2134 τῶν
2456 2082 2754 2136 ἐλαττόνων
2798 2084 3214 2152 ἐπιχειρήμασι,
3244 2082 3338 2134 καὶ
3386 2083 3464 2153 μὴ
3517 2101 3775 2154 συγκεφα-

2223 2170 2535 2243 λαιώσομαι
2561 2173 2653 2228 τὸν
2683 2173 2875 2242 λόγον;
2908 2173 3005 2237 ὡς,
3047 2173 3162 2241 εἴγε
3187 2171 3453 2236 τοιούτοις
3483 2178 3777 2244 προσώποις

2221 2262 2405 2316 δοτέον
2446 2263 2544 2326 τὰς
2576 2262 2769 2326 ἀκοὰς,
2802 2263 2881 2333 τῷ
2909 2264 3076 2319 παντὶ
3108 2265 3271 2317 πλέον
3302 2266 3418 2327 τοῖς
3458 2265 3522 2319 ἐν
3555 2268 3773 2339 ὑπεροχῇ

2224 2353 2434 2408 τούτων
2457 2355 2551 2409 καὶ
2585 2356 2911 2426 κρείττοσιν.
2939 2354 3126 2419 Οῦτως
3151 2356 3379 2426 οἴδαμεν
3403 2359 3671 2427 τιμᾶσθαι
3693 2361 3776 2430 τὴν

2227 2446 2496 2516 μεγίστην
2531 2446 2688 2517 ἡμῶν
2732 2448 2997 2519 κεφαλὴν,
3021 2448 3115 2501 τὸν
3155 2449 3309 2515 Θεὸν,
3347 2451 3397 2503 εί
3433 2451 3539 2513 τὰς
3569 2453 3628 2504 ἐν
3658 2454 3775 2521 ἡμῖν

2226 2537 2509 2608 αἰσθήσεις
2534 2539 3025 2610 διοικονομούμεθα
3054 2540 3190 2610 πρὸς
3211 2541 3466 2609 ἐνάρετον
3498 2543 3670 2606 τέλος,
3697 2545 3777 2596 καὶ

2225 2631 2361 2701 πρὸς
2390 2629 2450 2683 ὃν
2481 2632 2684 2685 σκοπὸν
2727 2630 2945 2686 οἱκατὰ
2994 2630 3126 2684 Θεὸν
3162 2631 3409 2701 βιοῦντες
3450 2634 3775 2700 τοξάζοντσι.

2238 2720 2576 2789 ’Υφέλκομαι
2603 2720 2680 2791 τῷ
2712 2720 2855 2790 λόγῳ
2887 2720 3085 2775 διελεῖν
3113 2721 3238 2774 κατ’
3278 2722 3435 2785 ἔθνος
3464 2724 3559 2776 τὸν
3590 2724 3778 2795 ἀνθρω-

2225 2829 2348 2876 πον,
2405 2813 2499 2867 καὶ
2539 2811 2791 2882 άφορίζω
2840 2811 3100 2883 παχυλῶς
3145 2813 3225 2875 εἷς
3253 2830 3314 2866 τε
3354 2814 3447 2868 τὸν
3496 2815 3621 2869 καθ’
3649 2818 3777 2885 ἡμᾶς

2225 2904 2468 2976 Ἕλληνα
2494 2904 2591 2958 καὶ
2615 2905 2695 2968 εἰς
2725 2902 3023 2975 βάρϐαρον.
3057 2904 3168 2956 Καὶ
3203 2903 3457 2974 γλώσσης
3494 2906 3599 2975 μὲν
3639 2906 3778 2975 ἑλλη-

2224 2997 2479 3068 νιζούσης
2498 2997 2723 3051 ἀκούειν
2745 2998 2837 3049 καὶ
2857 2995 3173 3061 ὑπακούειν,
3197 2995 3326 3050 ἔνθα
3355 2995 3478 3049 δέον
3504 2997 3673 3060 ἐστὶν,
3694 2998 3779 3051 οὐκ

2222 3087 2290 3142 ἂν
2320 3089 2630 3158 άποφάσκοι
2660 3104 2769 3152 τις’
2803 3090 2831 3141 ὁ
2857 3087 2914 3140 δὲ
2940 3085 3234 3156 βάρϐαρος,
3259 3087 3440 3141 λαλῶν
3474 3087 3575 3141 καὶ
3598 3089 3773 3150 αὐτὸς.

555 3159 764 3215 Videas
801 3160 944 3214 enim
985 3173 1045 3215 se
1082 3175 1113 3215 a
1148 3159 1305 3214 nobis
1343 3174 1453 3213 non
1494 3158 1725 3229 intelligi
1762 3159 1995 3214 barbare
2032 3159 2117 3213 lo-

2228 3174 2323 3228 ὁσα
2372 3151 2472 3228 οὐκ
2501 3175 2566 3227 ἂν
2611 3174 2719 3227 δέοι
2769 3151 3339 3244 παρακούεσθαι,νκαὶ
3398 3177 3474 3247 μή
3519 3178 3772 3245 εὑρίσκων

556 3261 840 3324 quentem,
869 3267 899 3306 a
925 3266 1182 3307 sermone
1208 3249 1387 3320 patrio
1412 3248 1645 3315 destitit,
1675 3248 1904 3319 digitum
1930 3265 2122 3305 versus

554 3342 754 3399 cmlum
780 3343 1036 3406 tendens,
1065 3340 1173 3397 Deo
1198 3332 1408 3396 cmlesti
1439 3355 1542 3394 nos
1562 3340 1929 3404 commendat,
1964 3350 2019 3396 et
2043 3341 2124 3395 sic

555 3431 886 3502 theologiam
921 3439 1145 3488 exercet
1180 3431 1459 3487 innuendo
1506 3430 1855 3487 Altissimum
1887 3446 2017 3487 suas
2041 3433 2123 3502 ip-

557 3525 676 3579 sius
704 3538 894 3594 preces
929 3522 1212 3577 exaudire.
1266 3522 1321 3577 Si
1373 3523 1540 3592 igitur
1566 3522 1878 3590 obedimus,
1906 3522 2121 3577 miseri-

557 3615 805 3672 cordiam
838 3614 1078 3669 divinam
1131 3628 1555 3684 recuperamus;
1592 3613 1637 3667 si
1678 3629 1784 3668 non
1833 3614 2120 3684 obtempe-

562 3721 768 3771 raiuus,
803 3705 858 3760 in
895 3706 1211 3760 barathrum
1238 3704 1495 3776 perniciei
1536 3704 1805 3760 cedimus.

635 4094 728 4151 58.
770 4091 829 4149 Si
858 4091 982 4162 quis
1025 4092 1130 4147 hoc
1180 4091 1301 4147 loco
1349 4105 1587 4162 querens
1626 4088 1936 4159 interpellat
1974 4088 2123 4158 quod

563 4199 744 4241 sermo
795 4184 973 4254 ipsum
1016 4190 1072 4238 et
1108 4180 1356 4236 Graecum
1404 4180 1810 4248 barbarumque
1847 4177 1915 4231 ad
1944 4179 2121 4248 justas

560 4276 980 4331 lamentationes
1031 4272 1233 4342 adegit,
1281 4287 1376 4341 per
1420 4285 1509 4325 me
1553 4280 1835 4340 queratur,
1871 4269 2003 4323 illud
2062 4269 2120 4324 in

566 4366 888 4421 memoriam
916 4378 1181 4419 revocans
1206 4363 1371 4433 quod,
1397 4363 1539 4418 sicut
1560 4363 1839 4427 conservi,
1860 4360 1935 4414 ita
1957 4361 2120 4416 etiam

2222 3266 2582 3336 ἐπιστροφὴν,
2614 3266 2942 3334 κατάκρισιν
2973 3266 3194 3335 ἐμποιεῖ
3222 3267 3316 3319 καὶ
3342 3268 3507 3330 αὐτὸς
3538 3268 3689 3337 παρὰ
3710 3267 3775 3336 τῷ

2223 3357 2419 3421 κοινῶς
2448 3357 2727 3411 διαιτῶντι
2757 3359 2871 3419 τοῖς
2902 3356 3027 3411 καθ’
3059 3357 3229 3427 ἡμᾶς.
3260 3356 3434 3420 Εἰδὼς
3466 3357 3595 3425 γὰρ,
3621 3360 3699 3411 ὅτι
3722 3357 3774 3408 οὗ

2226 3450 2502 3520 ξυνίεμεν,
2537 3442 2611 3506 ὧν
2639 3449 2974 3520 βατταρίζει,
3003 3448 3095 3501 καὶ⁵
3121 3449 3395 3516 ἀπογνοὺς
3412 3448 3517 3517 τῆς
3546 3449 3775 3507 πλείονος

2228 3541 2706 3611 βαρϐαροφωνίας,
2763 3539 3038 3593 ἀνατείνει
3083 3537 3343 3593 δάκτυλον
3373 3537 3450 3601 ὡς
3502 3541 3587 3601 είς
3635 3538 3775 3591 αὐτὸν

2223 3634 2476 3703 οὐρανὸν,
2517 3635 2614 3688 καὶ
2641 3633 2956 3701 ἀνατίθησιν
2984 3632 3130 3701 ἡμᾶς
3156 3629 3235 3698 τῷ
3266 3629 3512 3700 οὐρανίῳ
3534 3629 3672 3699 Θεῷ,
3698 3632 3774 3681 καὶ

2220 3725 2363 3781 οὕτω
2394 3726 2658 3792 θεολογεῖ,
2694 3726 2929 3794 ἐπήκοον
2958 3724 3057 3792 τῆς
3090 3721 3255 3777 αὐτοῦ
3295 3721 3452 3791 λιτῆς
3485 3723 3771 3789 αἰνιττόμε-

2223 3832 2313 3879 νος
2343 3813 2483 3869 εῐναι
2502 3815 2595 3869 τὸν
2616 3814 2904 3884 ’Υψιστον.
2930 3813 3042 3866 Καὶ
3074 3812 3107 3883 ἢ
3138 3811 3467 3881 πειθόμεθα,
3499 3812 3598 3866 καὶ
3624 3811 3770 3865 κατόν

2221 3925 2391 3979 γομεν
2413 3905 2507 3960 τοῦ
2528 3905 2719 3959 λοιποῦ
2748 3906 2840 3958 τὸν
2863 3904 3068 3959 ἄνωθεν
3089 3903 3268 3955 ἔλεον·
3301 3902 3336 3972 ἢ
3362 3902 3765 3972 δυσπειθοῦμεν,

2223 3999 2320 4053 καὶ
2350 3996 2706 4068 καταγόμεθα
2728 4000 2808 4060 είς
2850 3995 3102 4065 βάθιστον
3135 3994 3397 4057 ὄλεθρον.Ι

2293 4089 2396 4159 λη’.
2436 4091 2496 4143 Ei
2529 4089 2587 4143 δέ
2618 4104 2700 4150 τις
2730 4086 2963 4140 ἐνταῦθα
2988 4085 3391 4156 ὐποκρούσεται
3419 4087 3768 4156 μεμφόμενος.

2225 4181 2310 4235 ὅτι
2342 4179 2535 4233 ἑαυτὸν
2563 4179 2773 4248 ἢγαγεν
2803 4176 2832 4229 ὁ
2856 4175 3011 4244 λόγος
3040 4174 3281 4243 Ἐλληνά
3308 4191 3367 4226 τε
3395 4177 3495 4228 καὶ
3527 4173 3771 4244 βάρϐαρον

2226 4272 2298 4324 τά
2321 4287 2385 4338 γε
2419 4271 2501 4333 είς
2524 4269 2584 4322 τὸ
2617 4266 2942 4321 ποτνιᾶσθαι
2977 4263 3224 4327 δικαίως,
3250 4263 3416 4317 αὐτὸν
3458 4266 3559 4332 μὲν
3583 4262 3772 4329 ςάᾳήσω

2228 4359 2510 4429 τηνάλλως
2539 4357 2746 4421 λαλεῖν,
2779 4351 3065 4409 ὑποόαλὼν
3110 4350 3413 4420 ἐνθύμησιν
3442 4350 3541 4404 τοῦ
3569 4350 3773 4408 πάντας,

559 4471 900 4524 congeneres
929 4471 1122 4511 sumus
1174 4455 1243 4509 ab
1301 4469 1408 4508 uno
1455 4462 1625 4522 patre,
1685 4452 1741 4506 id
1798 4461 1884 4508 est
1929 4467 1960 4505 a
2011 4450 2119 4508 Deo

2230 4452 2420 4519 ὥσπερ
2461 4447 2805 4519 ὁμοδούλους,
2851 4443 2993 4498 οὕτω
3040 4442 3136 4495 καὶ
3172 4442 3461 4510 ὁμογενεῖς
3494 4438 3662 4493 εἶναι’
3707 4438 3778 4542 ὅτι

561 4561 833 4615 creatore,
854 4556 910 4603 et
941 4548 1010 4602 ab
1036 4563 1145 4601 una
1180 4558 1374 4610 matre,
1400 4555 1548 4599 terra
1572 4545 1816 4614 inquam,
1845 4545 2117 4614 prognati.

562 4637 655 4692 Sic
685 4638 906 4707 quidem
942 4637 1344 4707 oppositionem
1374 4634 1495 4704 ejus
1525 4633 1828 4697 admittam,
1863 4631 1914 4685 id
1950 4646 2118 4685 unum

559 4744 792 4784 monens
819 4728 967 4798 quod
996 4728 1143 4781 circa
1178 4727 1349 4780 multa
1383 4724 1487 4778 alia
1514 4723 1668 4777 multi
1703 4737 1894 4776 sumus
1929 4721 1983 4774 in
2015 4721 2125 4775 dis-

563 4820 816 4887 serendo,
855 4819 1052 4874 dubias
1089 4816 1421 4888 quaestiones
1458 4812 1836 4886 proponendo,
1873 4813 1928 4865 in
1955 4811 2124 4866 Deum

564 4913 740 4982 ipsum
792 4911 1131 4980 inquirentes
1174 4924 1270 4964 cur
1302 4908 1357 4961 id
1396 4920 1498 4962 nec
1528 4920 1659 4961 vero
1706 4904 1842 4958 illud
1889 4904 2121 4968 fecerit;

561 5004 663 5059 etsi
695 5004 810 5072 ipse
845 5017 952 5057 non
999 5001 1228 5056 irrideat
1273 4998 1505 5067 maligne
1537 4997 1615 5050 uti
1642 4997 1696 5050 in
1732 4995 1920 5048 multis
1961 4994 2083 5048 aliis
2105 5031 2125 5060 ,

563 5094 660 5152 sed
707 5097 979 5150 miserans
1045 5100 1258 5147 nosmet
1313 5090 1427 5159 qui.
1465 5088 1613 5143 circa
1670 5101 1808 5140 vana
1867 5084 2124 5156 profundi

564 5204 773 5246 smnus.
813 5187 889 5241 De
922 5187 1006 5241 his
1047 5198 1209 5252 quam
1250 5179 1575 5236 brevissime
1609 5193 1833 5249 possum
1869 5177 2124 5242 monebo,

568 5293 634 5332 ne
682 5286 872 5330 contra
932 5276 1099 5327 Deum
1154 5273 1425 5326 luctemus
1477 5278 1554 5333 et,
1590 5269 1763 5322 Deum
1800 5268 2123 5332 correcturi,

564 5370 907 5439 legislatures
953 5380 1054 5420 nos
1088 5378 1210 5417 esse
1238 5376 1654 5432 praesumamus,
1690 5370 1764 5425 et,
1811 5374 1920 5428 quo
1952 5358 2124 5424 lubet,

570 5463 870 5526 trahentes,
907 5472 937 5512 e
979 5455 1153 5511 servis
1193 5452 1400 5510 domini
1437 5451 1566 5510 facti
1604 5453 1657 5509 in
1699 5444 2123 5507 dominationem

568 5554 740 5623 ipsum
776 5550 1143 5605 dominemur.

2228 4542 2328 4595 καὶ
2353 4539 2557 4607 πατρὸς
2591 4538 2729 4602 ἑνὸς,
2758 4535 2853 4589 τοῦ
2894 4535 3218 4602 ποιήσαντος
3258 4530 3420 4593 Θεοῦ,
3460 4531 3555 4584 καὶ
3596 4525 3777 4599 μητρὸς

2232 4631 2363 4701 μιᾶς
2393 4629 2518 4696 γῆς.
2553 4625 2647 4696 ἀφ’
2678 4620 2744 4696 ἧς
2788 4622 3174 4692 πεπλάσμεθα.
3226 4622 3339 4673 Καὶ
3385 4620 3534 4674 οὕτω
3586 4619 3681 4689 μὲν
3707 4619 3780 4668 ὲν-

2223 4722 2408 4793 τρέψω
2447 4719 2612 4773 αὐτὸν
2671 4717 2769 4787 τῆς
2824 4715 3175 4776 ἁντιλαλιᾶς,
3235 4712 3542 4781 ὑπομνήσω
3596 4709 3671 4773 δὲ,
3716 4706 3780 4767 ὡς

2224 4813 2430 4882 ὁμοίως
2470 4811 2566 4865 καὶ
2599 4809 2691 4862 ἐπὶ
2747 4807 2921 4861 ἄλλων
2978 4803 3193 4857 πολλῶν
3248 4801 3417 4870 ἐσμεν
3478 4799 3652 4863 λάλοι,
3699 4797 3781 4849 καὶ

2228 4902 2466 4971 ἀπορίας
2491 4897 2704 4969 ψυχρὰς
2741 4891 3180 4965 προϐαλλόμεθα,
3218 4891 3313 4943 καὶ
3347 4886 3782 4958 λογοπραγοῦμεν

2226 4992 2385 5055 Θεὸν,
2414 4992 2509 5044 καὶ
2530 4986 2847 5059 ἐρωτῶμεν,
2881 4986 2967 5037 διὰ
2995 4984 3049 5036 τί
3070 4981 3228 5035 τοῦτο
3264 4980 3362 5032 καὶ
3392 4980 3473 5046 μὴ
3509 4980 3683 5031 ἐκεῖνο
3704 4991 3783 5025 πει

2228 5084 2493 5152 ποίηκεν;
2529 5082 2577 5134 εἰ
2620 5079 2715 5132 καὶ
2744 5076 2904 5140 αὐτὸς
2939 5074 3193 5143 ἀνέχεται
3236 5072 3338 5123 οὐκ
3382 5069 3645 5138 ἐκγελῶν,
3676 5065 3781 5118 οὐδὲ

2233 5172 2585 5244 μυκτηρίξων
2619 5169 2729 5240 (ἐπ’
2761 5167 2941 5229 ἄλλοις
2971 5165 3080 5235 γὰρ
3113 5161 3286 5216 ταῦτά
3318 5162 3435 5231 γε),
3473 5161 3609 5215 ἀλλὰ
3632 5155 3779 5211 ὲὶεῶν

2228 5270 2373 5337 ἡμᾶς
2408 5271 2534 5327 τοὺς
2565 5264 2621 5316 ὲν
2648 5264 2821 5324 κενοῖς
2849 5255 3183 5328 γλαφυρούς.
3232 5255 3348 5324 Ἐφ’
3381 5250 3465 5317 οἷς
3508 5255 3688 5306 ἐκεῖνα
3729 5248 3776 5297 ὲν

2231 5359 2556 5430 βραχυτάτῳ
2589 5356 2716 5425 ἡμῖν
2747 5350 3094 5419 ὑποτίθεμαι,
3127 5346 3213 5399 ἵνα
3263 5346 3338 5415 μὴ
3374 5346 3475 5399 καὶ
3521 5338 3778 5412 θεομαχῶ-

2232 5468 2354 5522 μεν,
2403 5449 2705 5517 πάσχοντες
2760 5441 2931 5505 οὕτω,
2987 5441 3082 5493 καὶ
3119 5438 3209 5490 τὸν
3266 5436 3405 5490 Θεὸν
3453 5431 3775 5508 διορθοῦσθαι

2231 5540 2590 5612 πειρώμενοι,
2633 5529 3087 5604 θεσμοθετοῦντες
3119 5523 3231 5582 οἷον
3260 5526 3441 5596 αὐτῷ,
3482 5530 3577 5581 καὶ
3605 5522 3778 5579 italis?-

2233 5651 2446 5697 κοντες,
2480 5633 2603 5686 ὅποι
2639 5625 2970 5699 βουλόμεθα,
3006 5622 3100 5676 καὶ
3151 5620 3276 5675 ἀντὶ
3312 5620 3522 5675 δούλων
3550 5617 3779 5675 δεσπόται

2232 5728 2538 5798 γενόμενοι,
2576 5723 2668 5779 καὶ
2699 5717 3088 5793 τυραννοῦντες
3128 5713 3229 5785 τήν
3268 5714 3592 5788 κυριότητα.
