3982 6246
429 325 532 392 711

1167 322 1592 384 EUSTATHII
1632 317 1997 379 THESSAU

2099 315 2383 374 iCENSlS
2425 315 2476 374 Μ
2491 313 2984 375 ΕἸἪΟΡΟΙΛΤίΕ

3551 316 3656 380 112

434 456 540 506 ne,
583 439 632 495 sl
669 437 892 510 quando
933 451 1028 495 eos
1057 435 1313 506 colligere
1340 434 1520 503 cupis,
1554 434 1740 488 omnia
1771 445 1820 486 te
1847 430 1988 486 ell‘u-

2099 428 2251 497 βλέπε
2262 428 2406 493 σθαι,
2419 429 2513 480 καὶ
2527 427 2593 480 τά
2616 427 2787 493 φύλλα
2805 427 2998 496 τέθηλε
3019 427 3106 480 διὰ
3122 428 3213 480 τ⁷.ν
3233 427 3444 497 καρπὸν
3462 429 3658 486 ταῦτα.

438 533 630 600 giant,
663 532 791 600 quia
838 539 1050 597 tempus
1103 543 1208 581 non
1257 537 1337 581 est
1362 536 1762 594 opportunum,
1793 525 1897 578 Sed
1935 522 1986 575 id

433 639 654 693 quoque
688 621 833 686 vide,
867 635 933 674 ne
955 620 1194 674 carduos
1223 617 1276 671 in
1308 619 1476 672 ramis
1505 617 1784 671 sterilibus
1812 622 1908 668 aut
1936 614 1991 667 in

436 710 590 764 rubis
623 719 676 764 et
723 710 855 780 piris
896 707 1244 763 silvestribus
1286 705 1558 776 producas
1589 704 1682 776 (ob
1719 705 1818 760 hoc
1845 704 1991 757 enim

434 801 673 854 fructum
703 800 921 869 quidem
961 798 1093 863 fers,
1118 799 1210 853 sed
1245 812 1351 851 nou
1384 797 1624 852 debitum
1651 805 1703 851 et
1735 809 1991 850 manuum

433 891 735 946 contractui
793 888 1196 959 resistentem).
1253 886 1453 941 Annon
1507 886 1652 940 Deus
1710 884 1989 940 hominem

433 995 659 1049 parvum
709 981 840 1036 facit
883 989 938 1034 et
983 979 1252 1035 deminuit
1297 979 1388 1047 qui
1424 977 1491 1031 ad
1524 977 1736 1032 fructus
1786 976 1994 1046 produ-

435 1072 644 1126 cendos
687 1081 853 1126 natus
892 1086 998 1124 non
1030 1079 1142 1135 est,
1187 1077 1282 1124 aut
1326 1069 1565 1124 fructum
1601 1069 1821 1138 quidem
1855 1067 1992 1132 fert,

434 1174 531 1216 eos
558 1171 741 1215 autem
773 1163 863 1229 qui
892 1161 1010 1216 illos
1035 1170 1255 1230 tangere
1285 1161 1476 1214 volunt
1506 1159 1795 1229 pungendo
1816 1157 1996 1213 laedit?

435 1252 635 1308 Preces
686 1252 850 1307 funde
897 1253 961 1307 ad
1002 1252 1192 1312 Deum,
1240 1263 1293 1306 et
1321 1267 1479 1320 spera
1517 1253 1570 1306 in
1607 1267 1731 1306 eum
1756 1291 1770 1315 ,
1801 1261 1855 1304 et
1883 1253 1996 1320 ipse

436 1345 618 1400 faciet.
673 1343 839 1414 Imple
900 1345 1020 1412 ejus
1065 1345 1441 1407 voluntatem,
1505 1352 1559 1397 et
1617 1344 1712 1398 tibi
1769 1343 1992 1398 favebit.

431 1433 610 1488 lrrora
633 1433 838 1489 labiutn
867 1433 1070 1490 siccum
1104 1436 1194 1489 siti
1227 1433 1479 1504 flagrans,
1512 1444 1566 1489 et
1593 1434 1740 1504 pluet
1768 1434 1858 1488 tibi
1885 1449 1997 1492 coe-

437 1525 570 1581 litus
602 1539 800 1580 manna
826 1524 1107 1594 spirituale
1130 1524 1478 1581 etseosibile.
1507 1525 1586 1577 An
1615 1525 1759 1578 nosti
1791 1525 1996 1597 virgam

432 1613 698 1668 virentem
723 1621 777 1667 et
800 1613 917 1667 solo
947 1611 1039 1667 Dei
1076 1628 1356 1666 servorum
1386 1613 1550 1666 verbo
1575 1615 1992 1682 germinantem,

434 1709 722 1756 sexcentos
762 1718 793 1756 e
833 1711 1008 1756 morte
1038 1703 1406 1757 excitanti-tn?
1435 1702 1509 1758 Te
1540 1711 1720 1757 autem
1754 1705 1993 1773 plantam

2098 522 2224 572 Ὅτε
2239 520 2293 571 δέ
2308 522 2467 583 cvi-ch;
2482 521 2691 592 ἀπέλθῃ
2706 567 2708 570 ,
2735 523 2855 572 τότε
2874 523 2969 574 καὶ
2982 521 3049 571 τὰ
3066 521 3240 588 φύλλα
3262 521 3425 591 ἔραζε
3444 525 3661 588 πίπτει,

2095 615 2188 666 καὶ
2202 613 2270 664 τὰ
2287 613 2447 692 λοιπὰ
2461 612 2517 664 δὲ
2535 611 2625 664 τοῦ
2651 613 2870 680 δένδρου
2889 611 2989 679 τὴν
3012 612 3283 680 προτέραν
3305 612 3456 682 ὤραν
3473 614 3661 668 οὐκέτι

2095 701 2228 771 ἔχει.
2263 701 2617 754 Παλιννοστεῖ
2646 702 2754 772 γὰρ
2783 702 2846 754 τὸ
2875 701 3144 768 ζωογόνον
3181 705 3258 766 εἰς
3291 705 3388 767 τὰς
3419 708 3664 776 μητέρας

2094 794 2316 860 ἐκείνων
2341 793 2518 862 ῥίζας,
2545 793 2639 847 καὶ
2667 793 2977 864 ὑφεδρεύει,
3008 795 3101 847 καὶ
3130 793 3446 864 ὑποσμύχον
3479 797 3664 860 ζωπυ-

2097 888 2269 955 ρείτσι
2301 888 2380 944 εἰς
2408 887 2529 956 ἔαρ,
2576 887 2667 940 ὅτε
2704 885 2865 940 πάλιν
2907 886 2984 949 ὡς
3015 886 3084 939 δι’
3116 885 3460 957 ὑπαγωγὲων
3496 889 3662 944 τινῶν

2097 978 2482 1047 ἐκθλιϐόμενον
2505 978 2794 1048 ἀνατρέχει
2819 978 2912 1030 καὶ
2931 980 3097 1048 γεννᾷ
3115 979 3178 1033 τὰ
3198 980 3431 1048 πέρυσιν
3453 981 3656 1047 ἀγαθά.

2097 1069 2246 1136 Ὅρα
2270 1067 2417 1136 γοῦν,
2449 1069 2665 1137 μήποτε
2697 1070 2787 1121 καὶ
2815 1067 2878 1118 σὺ
2907 1069 3134 1137 τοιούτῳ
3160 1068 3306 1135 λόγῳ
3337 1069 3665 1122 ὐποπέπτω-

2096 1177 2219 1222 κας,
2274 1160 2369 1214 καὶ
2413 1161 2543 1230 ἢού
2594 1159 2874 1229 σύμφορόν
2906 1177 2990 1213 σοι
3038 1159 3218 1213 λαλεῖν
3271 1159 3427 1228 ὓλην,
3481 1161 3542 1225 ἐξ
3597 1158 3664 1233 ἧς

2097 1249 2248 1302 ἔσται
2313 1250 2520 1319 βλάστη
2567 1250 2662 1304 καὶ
2698 1250 2906 1318 καρπὸς
2939 1247 3089 1312 ἄξιος
3141 1249 3300 1314 λόγου
3357 1254 3452 1305 καὶ
3488 1250 3666 1317 φύλλα

2097 1343 2194 1393 καὶ
2223 1341 2388 1412 λοιπὴ
2439 1343 2589 1394 πᾶσα
2623 1341 2822 1410 εὐφυΐα
2872 1339 3111 1410 χρηστοῦ
3146 1341 3388 1411 δένδρου,
3441 1340 3476 1410 ἢ
3525 1340 3663 1394 ἁ)λά

2097 1435 2211 1493 καὶ.
2248 1434 2432 1486 εἴποτε
2464 1433 2658 1503 λάϐῃς,
2695 1431 2811 1484 ἀλλ’
2844 1431 3003 1494 αὖθις
3034 1433 3445 1503 ἀπορρυήσεταί
3477 1449 3561 1485 σοι
3592 1434 3664 1485 τὶ

2095 1524 2353 1593 δεδομένα
2383 1525 2470 1578 διὰ
2495 1524 2554 1577 τὸ
2586 1524 2661 1594 μὴ
2696 1523 2931 1594 καίριον.
2967 1524 3170 1577 Σκόπει
3201 1525 3260 1578 δὲ
3299 1528 3411 1584 καὶ.
3448 1525 3661 1595 μήποτε

2097 1617 2478 1684 ἀκανθοφορῇς
2507 1613 2648 1666 κατά
2679 1611 2776 1670 τὰς
2810 1613 3050 1681 ράμνους
3087 1614 3202 1681 (καὶ
3239 1611 3328 1664 διὰ
3356 1611 3514 1665 τοῦτο
3541 1612 3665 1665 οὐδὲ

2097 1705 2511 1775 καρποφορεῖς),
2543 1706 2574 1776 ἢ
2609 1706 2752 1759 κατά
2778 1707 2904 1768 τοὺς
2931 1705 3126 1775 βάτους
3150 1705 3245 1759 καὶ
3275 1708 3403 1766 τοὺς
3434 1704 3664 1773 ἀγρίους

433 1790 703 1844 madidam
725 1830 740 1857 ,
784 1806 930 1846 nunc
963 1793 1148 1860 pravis
1175 1793 1568 1861 cupiditatibus
1599 1802 1952 1864 aegrotantem
1976 1833 1993 1862 ,

2099 1773 2301 1859 ditibus
2328 1797 2443 1869 (καὶ
2464 1797 2530 1850 δι’
2562 1773 2691 1850 αύτό
2721 1797 2906 1864 φέρεις
2932 1773 3043 1864 μὲν
3073 1795 3310 1864 καρπὸν,
3343 1795 3663 1865 περιφέρεις

431 1900 551 1954 quac
577 1899 609 1938 e
633 1884 892 1952 paradiso
925 1884 1105 1950 venit,
1146 1885 1412 1950 educare,
1460 1885 1758 1940 iusertione
1801 1885 1998 1955 ampli-

423 1967 595 2033 ﬁcare
615 1988 669 2033 et
693 1976 983 2032 fecundam
1007 1977 1235 2033 reddere
1258 1991 1364 2032 non
1391 1977 1574 2034 vales?
1609 1979 1803 2033 Desine
1829 1993 1859 2032 a
1886 1978 1996 2033 Deo

429 2082 658 2142 petere,
717 2080 772 2128 et
833 2072 949 2142 ipse
999 2080 1196 2141 sponte
1253 2072 1346 2127 tibi
1401 2073 1569 2127 dabit.
1628 2071 1744 2126 Non
1804 2090 1832 2126 ιι
1890 2072 1999 2128 Deo

431 2165 630 2234 petiisti
671 2172 727 2217 ut
775 2164 829 2218 in
881 2164 1076 2218 matris
1124 2171 1231 2218 tua:
1281 2174 1438 2217 utero
1488 2165 1896 2233 coneipereris,
1947 2172 2001 2218 et

431 2264 614 2310 tamen
649 2255 738 2310 illa
774 2263 828 2310 te
861 2256 1138 2324 concepit.
1175 2254 1249 2308 Ex
1288 2264 1441 2309 utero
1468 2257 1520 2310 in
1549 2256 1722 2310 lucem
1757 2255 1998 2324 prodire,

432 2346 654 2410 nutriri,
695 2346 1020 2414 procedere,
1064 2347 1156 2403 ubi
1188 2363 1332 2402 nunc
1367 2358 1501 2412 stas,
1537 2363 1644 2400 non
1679 2357 1782 2402 tuae
1813 2348 2001 2401 volun-

434 2437 562 2490 tatis
585 2434 708 2499 fuit,
731 2443 968 2490 attamen
996 2435 1112 2488 lucc
1137 2436 1340 2494 omnia,
1367 2445 1417 2490 te
1441 2437 1632 2500 invito,
1655 2437 2000 2491 acciderunt.

435 2525 602 2592 Igitur
643 2534 840 2579 extera
887 2541 1104 2595 quoque
1143 2525 1242 2580 tibi
1281 2527 1576 2591 dabuntur,
1604 2527 1898 2580 dummodo
1937 2541 2000 2581 ea

435 2618 635 2682 facias,
686 2626 811 2684 post
857 2633 979 2686 quin
1013 2627 1205 2672 caetera
1252 2617 1519 2673 addentur
1548 2626 1600 2672 et
1631 2627 1692 2671 ut
1727 2618 1779 2671 in
1808 2618 2002 2672 funda-

435 2715 616 2759 mento
666 2708 823 2760 tlrmo
865 2709 1230 2762 stabilicntur.
1265 2709 1402 2775 Quid
1447 2709 1676 2763 Domino
1714 2710 1980 2763 reddituri

441 2794 614 2848 simus
646 2795 944 2860 nescimus,
983 2806 1225 2851 attamen
1261 2798 1408 2850 dedit
1441 2798 1620 2863 nobis,
1652 2813 1888 2868 quorqu
1914 2807 2000 2853 est

448 2885 497 2937 ci
539 2894 761 2954 accepta
793 2886 1016 2940 referre.
1052 2887 1193 2952 Quid
1237 2888 1400 2957 igitur
1433 2897 1611 2957 petere
1644 2891 1728 2942 vis
1759 2904 1789 2942 a
1819 2889 1998 2943 credi-

438 2977 592 3030 tore?
623 2979 884 3032 Dominus
917 2981 1218 3033 mercedem
1245 2981 1342 3034 tibi
1374 2981 1523 3036 dedit
1555 2995 1734 3045 servo,
1769 2982 1857 3036 cui
1888 2995 1998 3036 non

436 3068 694 3135 debebat,
728 3071 838 3122 noli
878 3071 1040 3140 igitur
1066 3071 1434 3141 impudentem
1475 3081 1528 3127 te
1561 3087 1750 3141 gerere
1789 3081 1844 3125 et
1874 3087 1996 3140 pre-

436 3159 594 3213 cibus
621 3161 729 3214 tuis
764 3160 1016 3230 fatigare,
1048 3177 1117 3215 ne
1153 3178 1220 3216 ex
1251 3165 1318 3216 iis
1348 3177 1468 3231 quae
1499 3164 1748 3232 possides
1777 3164 1996 3219 excidas

435 3259 489 3303 et
517 3251 660 3304 servi
715 3252 925 3304 inutilis
974 3262 1176 3308 sortem
1219 3252 1493 3323 obtingas.
1539 3252 1701 3309 Pater
1756 3254 2000 3311 literedes

445 3339 788 3410 designavit;
818 3356 922 3396 non
951 3342 1113 3412 igitur
1141 3345 1196 3397 in
1225 3358 1289 3397 ea
1323 3355 1404 3398 est
1444 3346 1796 3410 necessitate,
1836 3359 1998 3415 quam

436 3441 491 3485 tu
516 3435 566 3487 ei
598 3433 894 3489 attribuere
925 3437 1028 3488 vis.
1055 3433 1284 3504 Magnus
1313 3435 1442 3488 olim
1468 3437 1712 3504 possedit
1741 3436 1875 3504 Job;
1905 3437 2000 3492 sed

433 3524 615 3577 omnia
651 3523 908 3592 perdidit,
937 3524 1044 3578 imo
1075 3539 1136 3580 se
1165 3527 1338 3592 ipsum
1369 3526 1576 3580 amisit.
1607 3525 1820 3580 liflloxit
1851 3527 1996 3581 enim

438 3613 492 3662 in
547 3615 752 3664 saniem
803 3613 1113 3674 resolutus,
1157 3627 1258 3667 nec
1288 3623 1468 3669 tamen
1511 3616 1676 3670 Deum
1713 3619 1998 3672 accusavit

435 3701 862 3765 inconsiderate,
912 3715 1018 3756 nou
1063 3702 1131 3755 de
1178 3704 1492 3772 repetundis
1543 3707 1854 3773 postulavit,
1901 3722 1998 3762 nec

434 3793 574 3845 dixit
611 3807 671 3847 se
721 3793 928 3861 aliquid
970 3793 1257 3858 amisisse,
1294 3796 1388 3850 sed
1428 3797 1484 3850 in
1525 3796 1633 3851 Deo
1675 3797 1992 3852 facultatem

436 3885 598 3938 dandi
628 3894 683 3938 et
711 3886 982 3954 eripiendi
1018 3887 1260 3955 agnovit.
1301 3887 1470 3957 Igitur
1499 3889 1570 3944 ob
1603 3891 1992 3957 gratitudinem

436 3994 544 4032 non
606 3979 866 4046 majorem
921 3979 1231 4034 felicitatem
1290 3980 1580 4035 affectavit.
1644 3982 1758 4051 Ego
1814 3990 1996 4036 autem

436 4079 622 4124 metuo
656 4087 721 4125 ne
760 4070 904 4126 Deus
931 4071 1186 4140 precibus
1221 4071 1330 4126 tuis
1358 4071 1622 4140 fatigatus
1654 4073 1749 4126 tibi
1783 4073 1872 4126 det
1903 4079 1996 4126 aut

445 4163 625 4230 potius
663 4164 916 4217 restituat
957 4163 1098 4230 quod
1147 4163 1240 4215 tibi
1290 4164 1650 4230 expetendqu
1701 4180 1809 4218 non
1855 4177 1993 4220 erat.

435 4255 574 4308 Cum
611 4254 754 4307 enim
791 4251 900 4306 Deo
937 4253 1131 4308 dedisti
1165 4253 1308 4321 quod
1337 4269 1435 4323 par
1468 4268 1577 4308 non
1601 4262 1741 4320 erat,
1777 4266 1829 4308 tu
1861 4271 1998 4326 quo-

433 4361 540 4413 que
583 4345 836 4412 redipisci
883 4346 1048 4397 debes
1087 4360 1208 4412 qum.
1243 4345 1506 4400 nolueris.
1548 4344 1652 4400 Job
1700 4347 1839 4402 inter
1879 4349 1996 4402 dira

442 4443 715 4489 tormenta
744 4433 853 4487 Deo
875 4450 980 4487 nou
1019 4434 1322 4503 incongrua
1355 4436 1524 4501 dixit,
1557 4445 1614 4490 tu
1648 4447 1854 4501 autem,
1887 4453 1993 4491 non
2031 4476 2073 4527 υ

436 4524 636 4578 similia
666 4540 885 4592 passus,
919 4539 1042 4577 eum
1071 4524 1430 4592 blaSphemas.
1466 4526 1635 4593 Igitur
1670 4527 1737 4580 ab
1763 4541 1826 4579 eo
1852 4529 1995 4582 reci-

437 4617 551 4683 pies
592 4616 736 4686 quod
783 4617 876 4670 tibi
923 4625 1134 4684 gratum
1185 4617 1412 4672 minime
1451 4619 1579 4686 erit,
1621 4618 1728 4673 nisi
1759 4620 2000 4675 cbaritas

438 4707 623 4760 divina
659 4709 800 4761 maia
845 4724 877 4762 a
926 4718 980 4763 te
1026 4710 1224 4767 aufert.
1262 4711 1317 4766 Si
1348 4721 1531 4767 autem
1568 4713 1640 4768 ob
1679 4713 2000 4770 vexationes

438 4814 750 4854 murmuras
784 4813 836 4854 et
879 4805 1152 4871 quereris,
1185 4814 1234 4859 te
1263 4805 1546 4874 interrogo
1577 4821 1591 4857 :
1627 4803 1702 4858 De
1724 4819 1833 4870 quo
1861 4820 1998 4874 que-

435 4892 574 4943 reris
627 4893 873 4948 amisso?
924 4895 1066 4950 Sane
1109 4897 1259 4950 dices
1309 4897 1457 4950 nulla
1493 4907 1546 4950 te
1584 4913 1642 4950 re
1671 4911 1830 4966 egere
1877 4911 2000 4965 qua:

441 4981 680 5038 nominis
711 4995 918 5039 naturae
962 4989 1239 5041 convenit.
1268 4986 1464 5042 Omnia
1501 4987 1596 5041 tibi
1631 4987 1772 5042 bona
1801 4998 1998 5056 pragsto

436 5085 589 5130 sunt.
632 5073 984 5130 Metuendutn
1021 5079 1116 5130 tibi
1152 5094 1259 5132 non
1289 5087 1373 5131 est
1405 5094 1470 5131 ne
1502 5078 1554 5130 in
1585 5080 1831 5132 morbum
1863 5079 1999 5133 inci-

431 5168 552 5222 das.
581 5166 776 5222 Omnia
811 5183 975 5237 opera
1007 5169 1244 5221 humana
1297 5167 1558 5235 perlicere
1598 5169 1741 5238 potis
1774 5185 1834 5224 es
1871 5169 1998 5223 inde

431 5274 459 5309 a
493 5260 662 5325 prima
705 5269 863 5314 aetate
913 5275 1033 5328 quae
1083 5259 1233 5312 humi
1289 5259 1426 5325 repit
1465 5268 1514 5312 et
1543 5260 1628 5313 vix
1660 5270 1851 5328 sponte
1881 5276 1998 5314 mo-

433 5361 611 5406 vetur.
641 5352 778 5407 Ecce
811 5363 864 5406 te
891 5352 1146 5405 vestitum
1189 5358 1242 5402 et
1275 5365 1439 5418 super
1478 5352 1752 5406 columnis
1784 5351 1957 5408 firmis
1978 5391 1994 5414 .

435 5446 664 5514 pedibus
721 5446 888 5510 dico,
959 5442 1319 5498 constitutum
1379 5443 1738 5499 incedentem.
1805 5444 1997 5498 Omnia

442 5551 634 5604 porro,
676 5537 880 5606 quibus
908 5534 1112 5589 homini
1145 5535 1210 5587 ad
1242 5535 1599 5588 incedendum
1625 5543 1680 5588 et
1703 5535 1838 5590 alias
1867 5551 1998 5605 ope-

454 5628 698 5682 rationes
733 5643 872 5696 Opus
911 5637 1018 5691 est,
1054 5627 1243 5690 babes,
1279 5629 1392 5681 sive
1422 5626 1608 5688 hunc,
1645 5626 1758 5680 sive
1795 5628 1997 5681 animal

441 5716 672 5784 simplex
707 5719 970 5786 spcrtcris
992 5757 1008 5785 ,
1039 5719 1191 5773 dives
1225 5733 1302 5772 es.
1330 5718 1470 5783 Quid
1508 5717 1669 5786 igitur
1701 5715 1984 5772 Demimm

2095 1888 2141 1940 δ’
2175 1891 2405 1954 ἐκεῖνον,
2439 1891 2620 1942 ὁποῖον
2651 1889 2758 1958 χρὴ
2796 1887 3246 1958 τελεσφορεῖσθαι
3293 1886 3449 1957 φυτῷ
3495 1886 3665 1938 ἀκαν-

2097 1980 2218 2043 θαις
2278 1981 2590 2051 φρίσσοντι,
2661 1981 2754 2034 καὶ
2808 1980 2907 2044 τάς
2969 1979 3426 2048 προσαπτομένας
3465 1981 3661 2048 χεῖρας

2095 2069 2437 2139 ἀμύσσοντι).
2476 2070 2545 2121 Ἦ
2574 2068 2683 2137 γὰρ
2726 2067 2788 2121 οὐ
2832 2067 3120 2134 σμικρύνει
3159 2067 3290 2130 Θεὸς
3329 2069 3424 2121 καὶ
3453 2069 3665 2136 ἁχρειοῐ

2097 2160 2409 2230 ἄνθρωπον,
2444 2159 2556 2229 ὂςῆ
2586 2162 2990 2230 καρποτροφείν
3024 2161 3087 2212 ού
3118 2159 3384 2227 πέφυκεν,
3409 2159 3443 2228 ἢ
3473 2160 3665 2232 τρέφει

2102 2251 2202 2321 μὲν
2245 2251 2485 2316 καρπὸν,
2522 2251 2799 2319 κεντρὶζει
2849 2251 2906 2302 δέ
2947 2251 3073 2313 τοὺς
3104 2251 3519 2320 προσάπτεσθαι
3569 2256 3666 2306 καὶ

2096 2345 2394 2413 δρέπεσθαι
2451 2343 2740 2408 θέλοντας;
2800 2340 2965 2408 Εῦξαι
2995 2343 3073 2413 τῷ
3113 2343 3254 2412 Θεῷ,
3286 2345 3360 2408 ὼς
3405 2346 3501 2398 καὶ
3529 2346 3666 2397 ἀπ-ι-

2098 2435 2281 2487 δοῦναι
2310 2434 2458 2504 α’ύτῷ
2491 2437 2589 2498 τὰς
2615 2435 2801 2503 εὐχὰς,
2835 2436 2931 2487 καὶ
2957 2434 3176 2487 ἐλπισον
3204 2435 3290 2486 ἐπ’
3313 2436 3544 2498 ἐκεῖνον,
3570 2437 3665 2488 καὶ

2100 2524 2260 2583 αὐτὸς
2313 2527 2553 2591 ποιήσει.
2610 2523 3036 2593 Πληροφόρησον
3083 2527 3182 2592 τὴν
3227 2525 3540 2594 μετάδοσιν,
3572 2527 3666 2579 καὶ

2099 2615 2358 2668 ἐπιδώσει
2389 2633 2492 2670 σοι.
2535 2617 2795 2686 Δρόσισον
2821 2617 3000 2684 γεῖλος
3033 2617 3230 2682 ἐνδεὲς,
3263 2619 3665 2688 ὑποκαιόμενυν

2100 2706 2268 2776 δίψει,
2322 2710 2415 2762 καὶ
2446 2706 2725 2777 ἐπιὸρέξει
2781 2723 2862 2760 σοι
2899 2707 3104 2760 ἄνωθεν
3137 2709 3206 2762 τὰ
3253 2709 3516 2778 ζωογόνα,
3568 2713 3664 2763 aut

2101 2800 2232 2852 αὐτὸ
2261 2800 2317 2850 δὲ
2353 2801 2549 2868 μάννα,
2607 2802 2666 2853 τὸ
2713 2803 2808 2854 καὶ
2838 2800 3127 2869 νοούμενον
3176 2803 3270 2855 καὶ
3312 2802 3660 2871 φαινόμενον.

2102 2890 2172 2943 Ἢ
2219 2889 2413 2960 ῥάϐδον
2469 2891 2568 2959 μὲν
2621 2889 2767 2954 οἶδας
2821 2891 3229 2961 βλαστήσασαν,
3282 2895 3376 2947 καὶ
3414 2896 3560 2960 φυτά
3607 2894 3664 2946 δὲ

2105 2978 2278 3046 μυρία
2309 2981 2374 3030 ὲκ
2403 2977 2721 3048 νεκρὼσεως
2752 2980 3169 3048 ἀναθηλήσαντα
3198 2981 3340 3052 λόγῳ
3381 2985 3476 3037 καὶ
3517 2984 3664 3054 μόνῳ

2103 3069 2212 3122 τῶν
2241 3070 2336 3122 τοῦ
2367 3069 2500 3122 Θεοῦ
2531 3071 2907 3141 θεραπόντων;
2939 3073 3103 3126 αὐτὸν
3141 3074 3198 3126 δέ
3244 3091 3327 3138 σε,
3357 3075 3418 3128 τὸ
3444 3075 3524 3128 ἔτι
3554 3078 3662 3128 ἐνι-

2106 3176 2244 3230 κμον
2282 3162 2465 3230 φυτὸν,
2518 3162 2579 3214 τὸ
2631 3163 2726 3216 νῦν
2771 3163 2871 3231 μὲν
2920 3166 3264 3236 ἠγριωμένον
3317 3167 3566 3233 πάθεσιν,
3601 3171 3662 3221 ἐκ

2103 3251 2432 3321 παραδείσου
2464 3253 2522 3305 δὲ
2559 3254 2821 3307 ἀνέκαθεν
2856 3257 3116 3323 πεφυκὸς,
3151 3259 3251 3309 οὐκ
3283 3259 3397 3328 ἔχει
3429 3261 3662 3330 μοσχεῦ-

2102 3359 2211 3408 σαι,
2268 3346 2360 3398 καὶ
2408 3343 2482 3406 ὡς
2533 3340 2646 3397 οἷον
2698 3347 2764 3398 δι’
2803 3350 3110 3416 ἐπεμϐολῆς
3167 3353 3536 3422 μεταποιῆσαι
3583 3358 3664 3412 εἰς

2102 3434 2281 3502 πάντη
2315 3435 2542 3504 ἥμερον,
2585 3438 2683 3491 καὶ
2735 3439 3166 3494 καταπλουτίσαι
3215 3443 3296 3504 εἰς
3344 3443 3662 3513 ἔγκαρπον,

2106 3524 2277 3591 Ἄφες
2324 3527 2578 3578 ἀπαιτεῖν
2621 3528 2712 3581 τὸν
2753 3529 2906 3592 Θεὸν,
2963 3531 3058 3583 καὶ
3092 3531 3253 3594 αὐτὸς
3285 3533 3446 3586 δώσει
3497 3535 3660 3591 ὲκὼιι.

2101 3615 2215 3667 Οὐκ
2267 3613 2538 3686 ἐζήτησας
2588 3616 2678 3668 τὸν
2728 3618 2892 3684 Θεὸν,
2949 3622 3007 3672 ἐν
3061 3621 3237 3691 κοιλίᾳ
3289 3621 3662 3692 συλληφθῆναι

2105 3706 2347 3776 μητρόςο
2384 3709 2477 3760 καὶ
2525 3709 2708 3778 ἐκείνη
2763 3710 3024 3764 συνέλαΰέ
3073 3728 3154 3765 σε.
3204 3714 3317 3765 Οὐκ
3345 3713 3661 3781 ἠνάγκαστς

2100 3799 2386 3866 προελθεῖν
2437 3799 2670 3868 μήτρας,
2721 3803 2812 3854 καὶ
2839 3803 2956 3868 φῶς
2989 3803 3140 3867 ἰδεῖν,
3173 3806 3265 3858 καὶ
3297 3808 3661 3877 ἐκτραφῆναι,

2101 3889 2196 3939 καὶ
2233 3888 2524 3956 προϐῆναι,
2561 3892 2684 3943 ὅποι
2721 3893 2815 3943 νῦν
2839 3893 3110 3962 ἕστηκας·
3148 3897 3242 3948 καὶ
3271 3896 3444 3950 ταῦτα
3483 3899 3660 3953 πάντα

2102 3981 2295 4047 γέγονέ
2354 3998 2435 4033 σοι
2486 3981 2859 4053 ἀπραγμόνως
2907 3986 3135 4042 ἐκεῖθεν.
3170 3989 3360 4042 Ἔσται
3399 3989 3529 4056 γοῦν
3583 4009 3661 4043 σοι

2100 4071 2302 4137 ὁμοίως
2350 4074 2443 4126 καὶ
2471 4074 2540 4127 τὰ
2588 4074 2807 4144 ἐφεξῆς,
2853 4077 2901 4127 εἰ
2935 4079 3094 4146 μόνον
3131 4079 3316 4134 ἐκεῖνα
3360 4085 3558 4146 ποιεῖς,
3588 4077 3662 4136 ὧν

2103 4165 2408 4231 γινομένων
2445 4165 2535 4216 καὶ
2558 4166 2626 4217 τὰ
2657 4166 2790 4218 ἄλλα
2824 4170 3171 4237 προτίθενται
3201 4173 3294 4224 καὶ
3333 4172 3660 4242 όροφοῦνται

2099 4253 2172 4314 ὡς
2231 4255 2324 4306 ἐπὶ
2381 4255 2616 4326 θεμελίῳ
2680 4259 2910 4328 στερρῷ.
2965 4258 3028 4311 Τί
3083 4263 3536 4333 ἀνταποδτῦσομεν
3587 4265 3662 4333 τῷ

2099 4344 2367 4414 Δεσπότῃ,
2398 4347 2492 4398 καὶ
2529 4347 2870 4418 ἀποροῦμεν,
2905 4351 2999 4401 καὶ
3029 4351 3416 4422 μεθοδεύομεν,
3459 4358 3535 4418 ὡς
3571 4355 3658 4410 οἷα

2099 4435 2302 4504 δηλαδὴ
2334 4438 2500 4498 δόντι,
2553 4441 2645 4489 καὶ
2686 4441 2858 4502 οὕτως
2889 4441 3298 4513 ἐποφειλομένῳ
3328 4447 3389 4498 τὸ
3438 4448 3658 4516 ἀντιση-

2101 4526 2265 4591 κοῦν;
2298 4527 2361 4579 Τί
2391 4529 2522 4596 γοῦν
2557 4532 2810 4584 ἀπαιτεῖν
2834 4533 3035 4596 ἐθέλεις
3063 4537 3152 4586 τὸν
3180 4535 3656 4606 χρεωττούμενονς

2116 4619 2368 4672 ’Λπέδοτό
2394 4639 2472 4674 σοι
2503 4621 2592 4672 τὸν
2630 4622 2820 4690 μισθὸν
2857 4626 2884 4675 ό
2915 4626 3210 4695 Δεσπότης,
3243 4629 3336 4680 καὶ
3377 4630 3547 4680 ταῦτα
3586 4629 3659 4697 μὴ

2099 4709 2328 4778 ὀφείλων
2361 4713 2586 4779 μισθοὺς
2633 4714 2711 4783 τῷ
2744 4714 2931 4784 δούλῳ,
2963 4717 3130 4783 ’Λιρες
3160 4717 3252 4770 οῦν
3283 4719 3658 4772 ἀναιδεύεσθσι

2100 4807 2193 4855 καὶ
2224 4803 2668 4874 προσεπιζητεῖν,
2700 4807 2774 4876 μὴ
2803 4809 2896 4859 καὶ
2927 4802 3000 4862 ὧν
3023 4809 3164 4879 ἔχεις
3188 4811 3451 4879 ἐκπέσης,
3477 4813 3570 4866 καὶ
3593 4815 3659 4866 τὰ

2099 4891 2192 4944 τοῦ
2242 4893 2462 4963 ὸχρείου
2501 4895 2687 4948 δούλου
2723 4899 3149 4968 καθυποσταίης.
3201 4902 3657 4973 Ἐκληροδότησεν

2101 4987 2128 5037 ό
2155 4988 2346 5054 Πατήρ
2368 5002 2380 5015 ·
2416 4988 2602 5040 οὐκέτι
2624 4987 2754 5055 γοῦν
2772 4988 3016 5057 ἀνάγκην
3040 4993 3148 5060 ἔχοι
3171 4996 3450 5065 τοιαύτην,
3472 4997 3660 5050 ὁποίαν

2101 5093 2184 5129 σοι
2213 5079 2439 5143 ἐπάγειν
2475 5079 2703 5141 ἐθέλεις.
2743 5076 2865 5150 Εῐχέ
2896 5099 3028 5134 ποτε
3060 5083 3087 5133 ό
3123 5085 3296 5151 μέγας
3349 5086 3507 5138 ἰώϐο
3545 5085 3658 5140 ἀλλ’

2099 5169 2322 5233 ἐξέπεσε
2356 5171 2595 5234 πάντων,
2623 5165 2696 5223 ὧν
2728 5168 2860 5240 εἶχε,
2893 5176 2986 5225 καὶ
3013 5175 3192 5228 οὐκέτ’
3215 5171 3360 5245 εἶχεν
3389 5179 3511 5230 οὐδὲ
3538 5181 3661 5232 sau-

2097 5260 2208 5312 τόν.
2254 5261 2512 5329 Ἀπέρῤεε
2565 5263 2692 5332 γὰρ,
2727 5263 2807 5323 εἰς
2861 5264 3064 5332 ἰχῶρας
3110 5266 3512 5335 ἀναλυόμενος·
3547 5268 3662 5322 ἀλλ’

2098 5351 2199 5402 οὐκ
2224 5350 2530 5416 ὲλογίστευε
2556 5350 2646 5402 τὸν
2685 5350 2840 5414 Θεὸν,
2872 5354 2970 5404 οὐκ
3011 5355 3513 5426 ἐπολυπραγμόνει,
3565 5360 3662 5410 οὐκ

2099 5441 2303 5508 ἐζήτει,
2335 5441 2453 5493 οὐδὲ
2484 5442 2588 5510 μὴν
2617 5442 2824 5509 ἔλεγεν,
2856 5445 3254 5502 ἀπολωλεκέναι
3280 5465 3364 5501 τι·
3399 5449 3537 5503 ἀλλὰ
3571 5454 3661 5501 τον

2099 5534 2304 5603 Κύριον
2332 5535 2425 5587 md.
2469 5535 2650 5587 δοῦναι
2696 5535 2788 5587 καὶ
2820 5535 3110 5596 ἀφελέσθαι
3144 5540 3493 5606 ἀπεφαίνετο.
3523 5543 3661 5593 (ηκ-

2096 5627 2191 5678 οῦν
2239 5627 2556 5694 ἀνέκαμψεν
2612 5628 2690 5688 εἰς
2724 5627 2784 5678 τὸ
2820 5628 2952 5679 πολὺ
2993 5632 3238 5696 κρεῖττον
3271 5633 3362 5683 καὶ
3407 5629 3660 5699 εῠδαιμον

2103 5717 2191 5771 διὰ
2251 5719 2311 5769 τὴ
2369 5718 2712 5786 εὐχάριστον.
2763 5717 2902 5786 Ἐγὼ
2938 5718 2993 5772 δὲ
3041 5721 3131 5772 καὶ
3174 5721 3530 5794 εὐλαϐοῦμαι,
3563 5730 3664 5792 μή·
