3982 6246
484 333 590 397 ’719

1150 325 1565 388 EUSTATHH
1607 326 2373 392 THESSALONICENSIS
2415 331 2985 392 METROPOLIT/E
3625 327 3738 394 ’ἷΞο

473 450 824 512 decumanas,
859 456 1000 514 quas
1034 439 1248 495 fortiter
1273 439 1632 508 gubernando
1664 456 1692 493 τι
1724 456 1862 497 nave
1887 442 2053 512 depu-

2169 442 2220 514 ﬁ;
2259 448 2355 517 τὴν
2390 445 2580 500 Οεὸοεν
2626 447 2951 515 ἐπικουρίαν
3000 440 3456 512 ἐφελκυσόμεθας
3511 442 3624 496 Καὶ
3671 445 3736 495 οὐ

471 541 566 608 iit;
601 545 928 594 mementote
962 538 1370 605 tempestatum,
1400 549 1557 602 quas,
1591 533 1700 587 Deo
1730 533 2048 597 auxiliante,

473 627 797 701 dissipavit;
836 627 1133 684 bestiarum
1192 626 1430 679 ferarum
1469 640 1588 694 quae
1639 639 1738 678 nos
1782 637 2054 692 aggressa:

475 731 622 786 sunt,
653 733 899 790 quasque
949 718 1057 772 Deo
1093 718 1294 772 iterum
1345 732 1503 786 Opem
1555 715 1786 780 ferente,
1821 714 2051 783 fugavit.

477 815 829 870 Contidamus
859 811 1024 881 igitur
1053 809 1306 865 eumdem
1334 808 1502 862 Deum
1533 808 1708 863 undas
1733 818 1786 864 et
1821 818 2054 876 tempes-

479 917 618 964 tates
646 921 768 977 quze
802 917 958 958 terra:
988 903 1336 956 Rotnazorum
1386 900 1672 954 imminent
1714 899 2052 968 placaturum

475 1016 599 1056 csse
643 1009 696 1057 et
753 999 1054 1052 bestiarum
1101 993 1433 1048 borrenlum
1475 992 1812 1062 rugientium
1860 991 2055 1048 dentes

474 1091 702 1145 obtusos
737 1097 790 1144 et
845 1089 1114 1141 innocuos
1151 1083 1518 1146 redditurmn,
1562 1082 1708 1138 unde
1753 1096 1887 1151 pace
1930 1097 2056 1152 pro-

477 1179 644 1234 funda
674 1177 941 1232 fruemur.
972 1173 1092 1228 Non
1118 1173 1307 1227 dubito
1341 1171 1456 1226 fore
1482 1173 1701 1241 aliquos
1737 1172 1832 1241 qui
1866 1173 2054 1228 memi-

476 1273 657 1328 nerint
686 1270 904 1340 quoties
939 1268 1292 1337 imperatoris
1334 1264 1525 1319 Iaudes
1561 1263 2051 1334 pronuntiaverim.

476 1365 602 1419 Fuit
632 1373 816 1418 autem
857 1362 1003 1428 talis,
1031 1361 1161 1430 quia
1200 1359 1343 1414 Deus
1375 1359 1767 1427 imperatorem
1802 1365 2056 1412 nostrum

476 1459 582 1514 sub
607 1458 845 1527 imagine
873 1452 1165 1509 certatoris
1206 1448 1468 1504 indefessi
1500 1458 1555 1504 et
1585 1463 1801 1519 semper
1834 1447 2058 1504 victoris

477 1559 876 1622 repraesentare
903 1546 1098 1609 voluit,
1131 1553 1190 1600 ut
1218 1541 1442 1614 gloriari
1475 1548 1662 1611 posset
1691 1555 1749 1596 se
1775 1556 1899 1597 esse
1929 1555 2060 1611 ope-

477 1641 681 1694 rarium
735 1638 829 1692 Dei
883 1639 936 1691 in
979 1636 1180 1691 sudore
1216 1633 1417 1688 frontis
1460 1648 1653 1703 panem
1707 1633 1923 1688 caelitus
1957 1634 2060 1687 im-

476 1735 734 1803 pertitum
772 1730 1056 1789 edentem.
1107 1725 1222 1784 lloc
1292 1739 1437 1780 nunc
1485 1739 1704 1796 quoque
1750 1739 1854 1781 nos
1914 1725 2056 1779 bona

475 1842 571 1893 spe
618 1824 838 1893 impleat
870 1829 1188 1890 reputantes
1221 1833 1344 1873 eum
1383 1817 1477 1888 qui
1519 1831 1736 1887 semper
1768 1817 1910 1875 idem
1944 1827 2051 1884 est,

476 1917 586 1971 Deo
620 1917 836 1970 volente
863 1929 971 1968 non
1009 1920 1279 1966 mutatum
1314 1911 1406 1966 iri.

2156 535 2300 601 λέγω
2337 538 2662 605 φερεπονείν
2695 535 2815 588 κατ’
2848 536 3060 587 ἐκεῖνον
3091 536 3187 588 καὶ
3233 533 3400 601 ἡμᾶς.
3450 531 3593 585 Οὔτε
3625 533 3735 602 γὰρ

2157 626 2443 679 ὑπόκειταί
2491 644 2542 680 τι
2593 628 2783 695 ὅμοιον
2808 643 2822 658 ’
2856 623 3004 688 οὔτε,
3044 626 3203 695 είπερ
3244 625 3610 696 ὑποκείμενον
3643 621 3733 696 ἦν,

2157 719 2391 788 ἔσχομεν
2444 720 2511 772 ἂν
2553 719 2755 787 ὁμοίως
2812 719 2944 771 αὐτό
2999 718 3516 788 μεταχειρίσασθαι.
3575 719 3734 771 Ἀλλὰ

2158 810 2434 880 παραινῶ,
2474 810 2548 881 μὴ
2576 811 2861 873 παντελῶς
2885 809 2981 864 τοῦ
3013 811 3181 879 φόϐου
3215 810 3468 878 γίνεσθαι
3495 813 3598 864 καὶ
3637 814 3737 881 τῆς

2157 901 2548 970 ἀπογνώσεως.
2578 903 2884 971 Λογίσασοε
2912 905 2980 956 τὰ
3008 902 3226 972 μεγάλα
3271 902 3530 972 κύματα,
3561 903 3735 956 ὁπόσα
3803 922 3809 950 ;

2157 994 2551 1064 κορυφωθέντα
2576 995 2698 1050 κατ’
2721 995 2891 1049 αὐτοῦ
2931 994 3322 1064 ἀπεκρούσατο
3362 995 3626 1058 οἰακίζων
3651 996 3738 1048 δε·
3809 991 3817 1009 ¹

2158 1087 2308 1152 ξιῶς,
2331 1087 2536 1152 ὁπόσας
2559 1087 2788 1152 Θυὲλλας
2803 1088 3040 1155 διέλυσε,
3070 1087 3209 1142 Θεοῦ
3249 1089 3614 1152 σκεδάζοντος
3641 1091 3738 1142 καὶ

2157 1181 2486 1249 ἀπάγοντος·
2529 1181 2757 1243 ὁποίους
2781 1185 2872 1236 καὶ
2895 1181 3055 1246 ὅσους
3080 1181 3256 1252 θῆρας
3278 1181 3534 1236 καθεῖλεν
3556 1183 3741 1250 ἐμπη-

2155 1270 2362 1335 δῶντας
2393 1272 2546 1340 ἡμῖν,
2583 1272 2719 1324 Θεοῦ
2757 1271 3373 1343 ωνεπιλὰμδανομένου
3416 1271 3728 1327 κὶνταῦθα.

2159 1363 2470 1434 Θαῤῥητέον
2496 1363 2608 1430 οῦν,
2626 1363 2701 1428 ὡς
2719 1366 2746 1417 ὁ
2769 1364 2931 1428 αὐτὸς
2950 1364 3083 1426 Θεὸς
3107 1366 3203 1418 καὶ
3223 1364 3291 1418 τὰ
3311 1363 3406 1417 νῦν
3424 1363 3548 1417 καθ’
3570 1364 3734 1434 ἡμῶν

2160 1454 2548 1526 κορυφούμενα
2575 1455 2795 1524 κύματα
2812 1457 3023 1519 καὶτὰς
3049 1456 3290 1524 αίγίδας,
3313 1457 3438 1510 ὅσαι
3457 1457 3737 1527 ὑπερκρὲ-

2164 1565 2365 1620 μανται
2393 1548 2496 1618 τῆς
2533 1547 2850 1620 Ῥωμαῖκῆς
2873 1551 2998 1620 γῆς,
3017 1553 3260 1616 καὶτοὺς
3279 1552 3630 1623 ὠρυομένους
3655 1552 3738 1613 είς

2161 1641 2362 1713 φρίκην
2382 1641 2574 1712 θῆρας,
2596 1641 2662 1696 τὰ
2687 1642 2785 1712 μὲν
2807 1645 3136 1698 ταπεινώσει
3155 1645 3261 1708 ἕως
3281 1649 3372 1697 καὶ
3388 1645 3446 1706 ἐς
3469 1641 3740 1713 γαλήνην.

2159 1735 2258 1797 τὰς
2280 1733 2338 1786 δὲ
2361 1734 2648 1808 ἀπαγαγεῖ
2673 1734 2964 1800 σκεδάσας,
2988 1735 3098 1790 τῶν
3114 1736 3172 1790 δὲ
3191 1736 3290 1800 τὰς
3317 1735 3495 1806 μύλας
3517 1735 3740 1802 συντρί-

2159 1828 2250 1896 ψει
2280 1831 2374 1883 καὶ
2397 1829 2570 1895 οὕτως
2590 1831 2874 1903 εἰρηναίαν
2905 1831 3243 1886 κατάστασιν
3266 1829 3731 1901 πρυτανεύσεται.

2159 1921 2486 1994 Μέμνηνταί
2515 1943 2681 1989 τινες,
2705 1922 2883 1996 οἶμαι,
2908 1926 3018 1979 τῶν
3047 1926 3352 1997 ἡμετέρων,
3374 1927 3524 1988 ὅπως
3545 1924 3747 1978 πολλάο

473 2030 561 2076 κις
601 2013 658 2074 ἐς
706 2008 892 2079 κοινὴν
922 2008 1092 2078 ἀκοὴν
1157 2009 1248 2060 τὸν
1301 2006 1404 2074 τῆς
1459 2005 1738 2074 βασιλείας
1801 2006 2099 2078 ἒξελάλησα
2152 2018 2495 2089 χαρακτῆρα.
2536 2015 2646 2072 Ἦν
2694 2019 2751 2074 δὲ
2793 2022 3026 2086 ἐκεῖνος,
3060 2021 3143 2074 ὅτι
3191 2019 3336 2073 ἔοικε
3377 2018 3746 2076 τυπώσασθει

473 2112 502 2162 ὁ
529 2108 658 2169 Θεὸς
689 2107 781 2159 τὸν
803 2105 1070 2176 ἡμέτερον
1127 2103 1504 2172 αὐτοκράτορα
1551 2100 1727 2156 διόλου
1777 2104 1873 2158 καὶ
1921 2105 2219 2182 ἀεθπευτὴν
2271 2109 2414 2167 εἶναι
2475 2115 2786 2185 ἀκάμαντα,
2841 2119 2934 2171 καὶ
2977 2118 3132 2188 νικᾷν
3160 2116 3248 2171 διὰ
3278 2117 3523 2182 πάντων,
3557 2116 3634 2178 ὡς
3672 2115 3742 2167 ἂν

473 2201 577 2274 ἔχῃ
603 2197 968 2268 σεμνύνεσθαι
995 2197 1089 2249 καὶ
1111 2193 1297 2258 αὐτὸς,
1321 2194 1559 2266 ἐργάτης
1589 2189 1730 2251 εἶναι
1781 2197 1942 2264 Θεοῦ,
1975 2201 2070 2254 καὶ
2107 2203 2290 2274 ἱδρῶτι
2353 2205 2648 2276 προσώπου
2694 2207 2774 2280 τῷ
2821 2209 2962 2280 ὑπὲρ
2987 2208 3082 2263 τοῦ
3122 2209 3269 2262 θείου
3294 2209 3492 2279 λάχους
3520 2207 3616 2261 τδν
3644 2208 3744 2260 αὑο

473 2296 567 2346 τοῦ
597 2294 761 2362 ἄρτον
794 2289 1018 2344 ἐσθίειν.
1059 2289 1232 2342 Τοῦτο
1263 2289 1355 2342 καὶ
1399 2287 1496 2342 νῦν
1539 2289 1688 2360 ἡμᾶς
1724 2291 1804 2355 εἰς
1851 2291 2065 2359 ἀγαθάς
2135 2295 2358 2363 ἐλπίδας
2400 2299 2806 2371 προϐισαζέτω,
2856 2301 3264 2372 λογιζομένους,
3325 2301 3402 2366 ὡς
3443 2304 3472 2355 ό
3508 2303 3746 2356 πάντοτε

473 2384 714 2444 τοιοῦτος
742 2383 841 2436 οὐκ
876 2381 942 2435 ἂν
975 2381 1032 2432 ἐν
1056 2381 1170 2443 τοῖς
1197 2380 1323 2450 ἄρτι
1351 2379 1561 2444 ἀλλοῖος
1592 2382 1864 2450 φανεῖται,
1893 2380 2030 2436 Θεοῦ
2070 2381 2332 2451 θέλοντος.

550 2476 640 2528 Π.
685 2473 1144 2541 Contemplamini
1174 2485 1340 2542 porro
1365 2471 1650 2526 historiam
1683 2472 1857 2538 illam,
1893 2488 2059 2544 quam

482 2565 736 2631 exposui,
761 2563 1026 2631 temporis
1060 2562 1430 2632 antiquissimi
1463 2564 1798 2618 mentionem
1825 2563 2059 2631 faciens,

484 2671 594 2724 quo
623 2655 886 2710 l-lereules
914 2654 1309 2709 celeberrimus
1342 2664 1505 2708 natus
1535 2662 1644 2720 est,
1682 2663 1738 2710 et
1765 2655 1911 2726 quod
1938 2671 2062 2712 cer-

487 2748 786 2802 tantiuibus
843 2760 910 2800 ac
969 2745 1210 2801 victoriis
1264 2746 1580 2812 illustravit,
1636 2748 1842 2818 quippe
1888 2747 1984 2820 qui
2030 2763 2062 2804 ο

489 2840 638 2893 nullo
673 2838 973 2892 certamine
1012 2837 1270 2893 inchoato
1319 2837 1546 2892 interior
1590 2840 1868 2905 excessit;
1918 2850 1971 2893 et
2013 2839 2059 2895 si

487 2933 708 2999 quando
743 2929 954 2999 lapides
982 2944 1044 2983 ac
1077 2929 1181 2983 tela
1222 2944 1346 2982 eum
1393 2943 1650 2998 aggressa
1698 2938 1847 2994 sunt,
1875 2930 2060 2984 statim

489 3025 625 3077 alios
654 3024 865 3091 peregit
901 3021 1139 3080 labores.
1172 3035 1311 3091 quos
1339 3021 1420 3075 vir
1461 3020 1640 3075 audax
1677 3027 1825 3074 amat
1854 3029 1909 3075 et
1943 3021 2066 3089 qui-

2236 2480 2347 2552 pC'.
2402 2484 2940 2556 Προσεπιλογίσασθε
2987 2486 3082 2540 καὶ
3117 2485 3360 2555 ἱστορίαν
3393 2486 3635 2557 ἐκείνην,
3675 2488 3748 2555 ἣν

2169 2573 2576 2647 ἀναλεξάμενος
2601 2577 2944 2648 ἐξετιθέμην,
2985 2577 3395 2647 ἀφηγούμενος,
3427 2579 3503 2642 ὡς
3539 2579 3746 2648 ἤνεγκε

2168 2664 2272 2736 μὲν
2293 2665 2486 2738 χρόνος
2512 2667 2892 2738 πρεσσύτατος
2920 2668 3205 2739 Ἠρακλῆν
3235 2669 3466 2733 ἐκεῖνον,
3491 2662 3554 2722 οὗ
3583 2669 3746 2738 λόγος

2165 2756 2334 2822 πολύς
2360 2774 2375 2790 ο
2407 2759 2724 2832 ἐφήρμοστο
2751 2759 2809 2813 δὲ
2832 2759 3004 2829 αὐτῷ,
3038 2759 3138 2812 εἴτ’
3166 2759 3260 2812 οῦν
3289 2762 3571 2824 ἀπέκειτο,
3612 2779 3746 2814 συν-

2163 2852 2306 2922 εχῶς
2349 2853 2449 2923 μὲν
2477 2852 2755 2908 ἀεθλεύειν
2802 2852 2870 2905 τὰ
2909 2850 3204 2922 βαρύτατα,
3257 2852 3497 2920 συνεχῶς
3539 2853 3595 2906 δὲ
3646 2856 3747 2909 καὶ

2163 2947 2286 3007 ταῖς
2313 2947 2492 3009 νίκαις
2517 2945 2915 3016 ἐλλάμπεσθαι.
2953 2944 3166 2998 Οὐκοῦν
3201 2944 3440 3014 οὐδαμοῦ
3473 2947 3534 3000 ἐν
3559 2947 3743 2999 οὐδενὶ

2166 3035 2318 3105 ἆθλῳ
2347 3036 2602 3107 δεύτερος
2648 3037 2962 3102 ἐξέπιπτεν.
3012 3037 3076 3090 Εἰ
3105 3036 3162 3089 δέ
3199 3053 3304 3088 που
3340 3036 3436 3090 καὶ
3471 3035 3615 3090 λίθοι
3647 3037 3747 3090 καὶ

489 3121 590 3167 bus
638 3131 915 3185 nunquam
964 3115 1271 3170 succumbit
1301 3115 1392 3184 qui
1431 3115 1674 3168 omnium
1709 3115 1916 3184 primus
1942 3127 2059 3168 esse

2169 3126 2334 3181 λοιπὰ
2361 3127 2491 3198 βέλη
2527 3128 3019 3198 κατεπετάσθησαν
3053 3127 3219 3182 αὐτοῦ
3254 3127 3392 3198 πρὸς
3426 3128 3616 3197 ἄλγος,
3648 3132 3746 3182 καὶ

488 3207 672 3276 gestit.
710 3207 845 3260 'l‘um
881 3205 1234 3276 imperatoris
1265 3205 1512 3270 virtutes,
1549 3205 1900 3274 comparandi
1935 3219 2062 3273 gra-

486 3292 584 3359 tia,
615 3294 668 3346 in
698 3294 936 3347 medimn
973 3294 1201 3362 protuli,
1234 3295 1455 3364 praemia
1497 3295 1888 3350 certaminibus
1917 3295 2063 3350 adte-
2102 3335 2105 3338 ι

483 3402 682 3456 quans.
752 3385 1107 3442 l‘roverbium
1176 3403 1396 3458 quoque
1454 3387 1508 3442 in
1573 3387 1717 3440 illam
1778 3387 2061 3440 historiam

486 3478 677 3532 induxi
729 3479 919 3534 dicens
973 3479 1123 3549 quod
1174 3495 1454 3549 nunquam
1513 3481 1812 3550 imperator
1868 3487 2064 3548 quarta

491 3572 696 3624 mensis
723 3578 886 3624 natus
913 3578 1018 3626 est.
1064 3570 1200 3625 Nam
1233 3572 1491 3626 Hercules
1529 3571 1618 3626 ille
1645 3581 1841 3641 quarto
1876 3587 2063 3626 mense

486 3658 544 3714 in
575 3659 748 3714 lucem
777 3661 956 3715 editus
985 3662 1174 3716 multis
1197 3661 1590 3718 certaminibus
1620 3660 1866 3716 interfuit
1891 3662 2050 3716 invic-

491 3759 604 3814 tus,
635 3759 689 3805 et
741 3750 1030 3820 proverbio
1074 3751 1252 3806 locum
1302 3751 1454 3806 dedit
1482 3767 1593 3822 quo
1645 3754 1783 3808 tales
1812 3750 2064 3805 homines

489 3853 684 3912 quarto
707 3858 892 3898 mense
919 3844 1031 3898 nati
1062 3841 1470 3897 admirantibus
1494 3857 1553 3896 se
1587 3842 1844 3914 loquendi
1873 3857 2063 3897 ansam

485 3933 748 4004 praebent.
786 3934 1006 3988 Utinam
1040 3947 1187 3989 nunc
1233 3947 1452 4002 quoque
1501 3933 1804 4003 imperator
1833 3933 2066 4002 inspire-

485 4038 575 4085 tur
623 4029 690 4082 ad
723 4042 914 4097 pacem
966 4027 1252 4098 pristinam
1303 4027 1467 4083 nobis
1513 4024 1937 4082 conciliandam.
1970 4023 2064 4078 Sic

483 4135 670 4189 preces
714 4131 768 4174 et
803 4120 963 4174 tidem
1016 4127 1261 4175 nostram
1307 4117 1623 4173 exauditum
1671 4116 1738 4172 iri
1779 4114 2055 4172 certitudo

485 4212 710 4265 nimiam
773 4211 1057 4268 tristitiam
1131 4211 1451 4268 terminabit
1499 4211 1769 4281 nobisque
1820 4210 2064 4265 solamen

481 4299 690 4358 afferet.

555 4887 644 4942 48.
686 4887 882 4941 Preces
919 4894 1100 4942 autem
1154 4887 1420 4943 faciamus
1457 4903 1563 4942 non
1602 4903 1699 4958 pro
1737 4893 1931 4954 tet-tua,
1964 4903 2062 4942 nec

483 4981 805 5044 oscitanter,
853 4992 1048 5034 manus
1077 4993 1294 5033 sursum
1344 4978 1630 5031 tendentes
1661 4989 1714 5030 et
1749 4976 2057 5030 vociferan-

483 5081 588 5135 tes,
637 5071 902 5140 temporis
956 5071 1255 5140 opportuni
1287 5069 1501 5123 ratione
1549 5083 1658 5122 non
1711 5067 1916 5131 habita,
1948 5083 2059 5137 quo

481 5177 672 5232 preces
709 5162 774 5216 ad
819 5160 988 5216 Deum
1039 5163 1223 5216 missae
1270 5161 1516 5213 animum
1549 5161 1754 5213 laxant.
1800 5160 2058 5224 Quaenam

483 5264 662 5310 autem
696 5255 811 5309 haec
833 5263 1076 5324 tempora
1106 5251 1218 5306 sint
1257 5250 1449 5306 melius
1483 5266 1646 5320 quam
1674 5267 1868 5306 nomen
1899 5266 2057 5305 suum

481 5348 716 5417 quisque
759 5346 979 5399 aliunde
1013 5344 1158 5399 scire
1197 5349 1400 5410 potest.
1441 5341 1624 5407 Quare
1673 5356 1844 5412 pauca
1879 5343 2059 5411 aliqua

479 5439 698 5505 addam,
727 5438 1055 5507 colloquium
1089 5442 1336 5488 nostrum
1361 5435 1775 5489 terminaturus.
1888 5462 1897 5470 -

549 5621 638 5674 49.
681 5617 912 5685 Quando
943 5614 1007 5668 ad
1039 5627 1231 5686 preces
1263 5627 1361 5667 nos
1390 5612 1747 5680 accingimus,
1785 5612 1854 5664 ita
1886 5611 2061 5678 dispo-

481 5709 573 5765 siti
605 5723 724 5764 esse
762 5707 1020 5763 debemus
1053 5705 1210 5776 quasi
1239 5720 1423 5759 eorum
1459 5705 1696 5758 maximo
1736 5704 2060 5773 imperatore

487 5815 586 5858 nos
609 5802 803 5858 sistere
823 5798 1150 5862 debeamus;
1181 5803 1233 5850 et
1259 5796 1300 5851 si
1319 5799 1455 5853 tales
1477 5811 1575 5854 nos
1601 5797 1922 5866 praebemus,
1951 5810 2057 5850 non

2168 3219 2365 3282 πόνους
2423 3218 2696 3288 ἐτεροίους
2750 3218 2944 3290 ἔσχεν,
2996 3219 3216 3282 ὁποίους
3265 3220 3414 3288 φιλεῖ
3453 3221 3688 3290 πάσχειν
3717 3223 3750 3273 δ

2165 3310 2278 3370 τοῖς
2305 3309 2602 3379 ἐργώδεσιν
2624 3309 2913 3380 ἐγχειρῶν,
2957 3310 3072 3363 ἀλλ’
3115 3311 3216 3364 οὐκ
3257 3311 3582 3376 ὰνὲπιπτεν,
3616 3310 3749 3364 οὔτε

2169 3399 2276 3469 μὴν
2305 3399 2665 3466 κατέπιπτεν,
2713 3399 3128 3470 ἐλαττούμενος,
3159 3401 3255 3453 καὶ
3283 3400 3378 3453 τοῦ
3421 3401 3566 3455 κατὰ
3604 3402 3750 3456 πάν-

2165 3506 2275 3542 των
2304 3489 2608 3559 πρωτεύειν
2641 3489 2989 3561 στερόμενος.
3032 3491 3148 3545 Καὶ
3175 3491 3350 3544 ταῦτα
3382 3492 3560 3560 λέγων
3596 3510 3747 3564 παρ-

2166 3580 2304 3651 ῆγον
2333 3581 2391 3644 ἐς
2435 3581 2735 3650 ὁμοιότητα
2781 3581 2879 3652 τὴν
2917 3582 3386 3654 αὐτοκρατορικὴν
3434 3584 3745 3652 ἐνέργειαν.

2166 3675 2280 3736 τοῖς
2316 3672 2537 3744 μόχθοις
2569 3673 2790 3744 μετρῶν
2817 3673 2911 3726 καὶ
2937 3674 3004 3726 τὰ
3035 3672 3268 3728 ἔπαθλα.
3299 3675 3659 3743 Προσεπῆγον
3685 3676 3750 3728 δὲ

2165 3768 2238 3835 τῇ
2269 3764 2482 3835 ἱστορίᾳ
2523 3765 2620 3818 καὶ
2667 3765 2987 3836 παροιμίαν,
3037 3764 3392 3834 άπορητικῶς
3440 3765 3619 3834 λέγων
3648 3768 3750 3818 τό·

2171 3876 2191 3910 ι
2232 3858 2442 3929 μήποτε
2471 3858 2567 3912 καὶ
2598 3856 2956 3928 αὐτοκράτωρ
2991 3859 3050 3910 ἐν
3091 3858 3304 3928 τετράδι
3355 3858 3674 3928 γεγένηται.
3723 3876 3743 3908 ι

2168 3949 2280 4004 Καὶ
2309 3951 2417 4020 γάρ
2449 3967 2532 4003 τοι
2565 3950 2660 4002 καὶ
2709 3949 2984 4021 Ἡρακλῆς
3015 3950 3224 4012 ἐκεῖνος
3254 3949 3336 4012 είς
3367 3950 3582 4016 γένεσιν
3615 3967 3757 4016 προ-

2168 4042 2359 4112 αχθεὶς
2381 4042 2512 4113 περί
2538 4059 2659 4096 τινα
2684 4043 2956 4112 τετάρτην
2992 4043 3185 4114 μηνὸς,
3226 4041 3322 4094 καὶ
3354 4041 3536 4105 ἄθλοις
3563 4043 3755 4113 ἐντρι-

2167 4136 2401 4206 ϐόμενος
2427 4135 2548 4205 μὲν,
2580 4135 2643 4188 ού
2677 4132 2978 4205 νικώμενος
3021 4135 3100 4197 δὲ,
3146 4135 3451 4204 παροιμίαν
3489 4135 3750 4206 ἐξέφηνε,

2167 4228 2289 4282 καθ’
2319 4229 2386 4298 ἢν
2419 4229 2468 4280 ot
2501 4227 2737 4280 τοιοῦτοι
2770 4227 3052 4296 ἄνθρωποι
3095 4247 3114 4280 ι
3164 4227 3222 4280 ἐν
3251 4227 3472 4298 τετράδι
3517 4228 3757 4295 γεγενῆ-

2166 4320 2292 4373 σθαι
2326 4339 2347 4372 ι
2388 4321 2547 4389 λόγον
2568 4319 2932 4374 ὑποϐάλλουσι
2960 4322 3074 4382 τοῖς
3116 4320 3184 4374 τὰ
3230 4319 3354 4372 κατ’
3379 4320 3582 4382 αὐτοὺς
3613 4321 3756 4373 θαυ-

2171 4416 2461 4482 μάζουσιν.
2501 4414 2812 4484 Εύχοίρεθα
2841 4413 2956 4478 οὖν,
2995 4412 3420 4483 συγκροτεῖσθαι
3473 4417 3570 4468 καὶ
3622 4414 3756 4483 ἄρτι

2167 4509 2257 4560 τὸν
2287 4509 2668 4577 αὐτοκράτορα
2697 4509 2776 4569 είς
2799 4507 2859 4560 τὸ
2886 4506 3026 4578 ὑπὲρ
3054 4507 3233 4576 ἡμῶν,
3265 4507 3339 4569 ὡς
3373 4506 3474 4576 τὴν
3505 4508 3757 4560 παλαιὰν

2169 4601 2394 4670 εἰρήνην
2441 4599 2896 4668 ἀποκαταστῆσαι
2950 4599 3105 4668 ἡμῖν.
3143 4599 3251 4652 Καὶ
3300 4597 3475 4660 οὕτως
3526 4599 3559 4668 ἡ
3613 4597 3756 4667 εὐχὴ

2169 4693 2264 4744 καὶ
2298 4691 2361 4744 τὸ
2393 4693 2642 4762 θαρρεῖν,
2703 4689 3072 4744 ἐπακούεσθαι
3122 4689 3227 4742 ὑπὸ
3273 4688 3434 4754 Θεοῦ,
3480 4689 3760 4759 ὲξωϐήσει

2167 4785 2265 4853 τὴν
2295 4783 2395 4854 τῆς
2425 4783 2695 4854 ἀμετρίας
2730 4783 2935 4852 λύπην,
2974 4783 3067 4835 καὶ
3098 4780 3642 4850 παραμυθησόμεθα.

2241 4883 2356 4947 μη’.
2389 4875 2697 4947 Εύχοίμεθα
2731 4875 2787 4927 δὲ
2819 4875 2894 4945 μὴ
2939 4875 3078 4945 πρὸς
3117 4873 3422 4940 ἀφοσίωσιν
3453 4876 3632 4942 μόνην
3655 4877 3759 4927 καὶ

2170 4969 2358 5039 σχῆμα
2384 4969 2582 5043 εὐχῶν,
2607 4970 2798 5038 χεῖρας
2824 4969 2922 5037 μὲν
2947 4967 3194 5035 αἴροντες
3219 4966 3355 5028 ἄνω,
3383 4966 3479 5018 καὶ
3497 4969 3759 5037 κραυγὰς

2170 5061 2445 5128 ἀφιέντες,
2479 5060 2548 5112 τὰ
2594 5058 2651 5112 δὲ
2700 5057 3036 5129 καιριώτερα
3065 5057 3160 5110 τοῦ
3199 5057 3458 5127 εὔχεσθαι
3488 5059 3763 5126 παραλεί-

2171 5171 2392 5220 ποντες,
2412 5153 2481 5206 δι’
2503 5147 2579 5206 ὧν
2603 5152 2809 5206 οἴδασιν
2829 5153 2987 5222 εὐχαὶ
3015 5151 3148 5222 πρὸς
3168 5150 3305 5204 Θεὸν
3330 5151 3761 5222 ἐλαφρίζεοθαι.

2171 5248 2307 5301 Τίνα
2338 5246 2396 5298 δὲ
2425 5245 2601 5298 ταῦτα
2638 5246 2708 5298 τὰ
2753 5244 3114 5314 καιριώτερα,
3147 5243 3299 5313 ἔχετε
3333 5244 3436 5312 μὲν
3470 5244 3569 5295 καὶ
3605 5244 3766 5297 ἄλλο·

2169 5339 2262 5393 θεν
2308 5336 2811 5400 είδότεςκάλλιον,
2868 5336 3013 5406 ἥπερ
3070 5318 3302 5397 ἕκαστος
3357 5333 3420 5386 τὸ
3459 5335 3690 5398 ἑαυτοῦ,
3732 5335 3768 5387 ὅ

2170 5449 2358 5503 φασιν,
2396 5430 2569 5498 ὄνομα
2597 5446 2609 5460 ο
2649 5429 2820 5498 βραχὺ
2851 5427 2908 5480 δέ
2944 5445 2996 5479 τι
3043 5425 3398 5496 προεεπιθεὶς
3433 5426 3532 5478 καὶ
3561 5427 3762 5489 αὐτὸς,

2170 5525 2317 5576 Λύσω
2359 5525 2452 5574 τὸν
2485 5522 2768 5586 σύλλογον.

2243 5617 2349 5683 μο’.
2389 5617 2518 5667 ’Ὅτε
2581 5613 2848 5681 μέλλομεν
2905 5613 2985 5672 εἰς
3045 5609 3209 5677 εὐχὴν
3265 5609 3556 5677 σεαοῆναι,
3607 5609 3762 5668 οὔτις

2168 5707 2527 5776 διατεθῶμεν,
2562 5706 2636 5764 ὡς
2668 5705 2881 5774 βασιλεῖ
2941 5703 3184 5772 μεγίστῳ
3220 5701 3509 5770 μέλλοντες
3554 5703 3727 5753 ἐντυν

2169 5798 2356 5868 χάνειν
2379 5812 2392 5828 ·
2423 5795 2519 5850 καὶ
2554 5794 2714 5864 εἴπερ
2733 5794 2876 5848 οὓτω
2903 5792 3454 5863 διοικονομησὸμεοα,
3477 5793 3575 5846 οὐκ
3602 5795 3730 5847 ἔστι
