3982 6246
243 353 347 420 721

1201 350 1286 414 IN
1327 351 1386 414 S.
1430 351 2098 424 QUADRAGESIMAM
2138 361 2428 424 ORATIO
2467 366 2568 428 Ιν.

3409 377 3540 447 7Ξῖ

242 469 386 530 ὅπως
414 462 520 518 οὐκ
557 465 947 518 εισακούσιται
985 461 1144 534 ⁴ἡμῶν
1193 460 1222 514 ὁ
1253 461 1408 525 Θεός.
1456 463 1514 516 '0
1548 463 1672 517 κατ’
1702 463 1792 534 ὄψι

1928 477 2014 522 est
2047 469 2192 536 quod
2233 470 2379 527 Deus
2407 489 2510 529 nos
2546 490 2655 532 non
2688 478 2968 541 exaudiat.
3000 480 3104 548 Qui
3138 496 3321 542 coram
3352 487 3519 560 impe-

243 557 454 628 βασ.λεῖ
484 554 853 624 ἐντυγχάνων,
897 553 993 607 καὶ
1042 552 1363 624 παρεστὼς,
1412 554 1507 606 καὶ
1543 553 1820 624 δεόμενος,

239 648 389 702 οὐδέν
417 664 473 700 τι
501 645 614 699 τῶν
645 650 702 698 ἐν
737 644 848 714 ὅλῳ
877 643 956 713 τῷ
988 642 1091 714 βίῳ
1117 643 1475 706 εἰσοικίζεται
1499 647 1642 696 κατὰ
1673 644 1819 699 νοῦνο

238 741 372 796 ἀλλὰ
411 740 512 803 τὰς
538 740 666 802 ὅλας
695 738 916 800 κλείσας
947 740 1047 808 τῆς
1095 736 1274 808 ψυχῆς
1303 735 1496 806 θύρας,
1540 736 1616 800 ὡς
1653 737 1822 808 μηδὲν

238 850 289 887 τι
319 831 430 886 τῶν
462 833 570 898 ἐξω
601 828 1098 900 παρεισκρίνεσθαι
1130 829 1210 890 εἰς
1239 827 1434 898 αὐτὴν,
1475 828 1702 892 ίδιάζειν
1731 832 1822 885 τὸν

237 924 362 979 νοῦν
393 923 590 994 ἀφίησι
643 923 738 977 καὶ
770 920 969 976 ἑαυτοῦ
1021 915 1162 974 εἶναι
1196 920 1292 972 καὶ
1338 919 1522 973 λαλεῖν
1562 921 1631 974 τά
1681 922 1818 990 πρὸς

237 1016 439 1084 δέησιν.
485 1013 602 1067 Οὐκ
631 1011 949 1082 ἐνθυμεῖται
987 1009 1276 1080 συζυγίαν,
1318 1009 1380 1062 ού
1407 1009 1509 1081 τὴν
1537 1009 1819 1080 σύμφυτον

237 1108 498 1174 γλυκεῖαν
528 1105 754 1175 ἀγέλην,
779 1104 842 1157 οὐ
878 1102 1130 1165 πλοῦτον,
1171 1102 1236 1155 οὐ
1270 1101 1466 1171 κτῆσιν
1488 1118 1503 1134 ο
1542 1101 1606 1155 τὸ
1634 1101 1818 1170 μεῖζον

237 1201 432 1260 εἰπεῖν,
470 1199 566 1252 καὶ
603 1195 800 1250 ἑαυτοῦ
848 1197 877 1250 ό
910 1194 1157 1256 τοιοῦτος
1204 1193 1506 1259 ἐξίσταται,
1545 1193 1640 1247 καὶ
1670 1193 1815 1248 κατὰ

236 1291 494 1360 οὐδεμίαν
549 1290 808 1360 αἴσθησιν
879 1288 1120 1359 ἐνεργεῖ.
1176 1287 1406 1351 Οὐδενὸς
1473 1287 1584 1340 τῶν
1649 1284 1814 1358 πέριξ

237 1380 462 1434 ἀκούεισ
495 1380 590 1433 καὶ
621 1379 754 1453 γὰρ,
799 1380 851 1432 εί
901 1379 996 1433 καὶ
1046 1378 1314 1450 βροντῶσι
1348 1379 1463 1441 τοῖς
1512 1378 1716 1443 λόγοις,
1749 1378 1814 1431 οὐ

236 1477 531 1545 πλαγιάζει
586 1477 681 1532 τὸν
731 1476 1016 1546 ὀφθαλμὸν
1050 1477 1132 1538 είς
1169 1474 1386 1541 οὐδένα,
1442 1475 1540 1530 καὶ
1585 1476 1725 1540 ὅλως
1749 1475 1813 1529 οὐ

236 1570 497 1623 πλατύνει
550 1569 614 1622 τὸ
669 1567 1020 1639 αἰσθητικόνο
1081 1565 1220 1620 ἀλλά
1281 1569 1629 1636 στενοχωρεῖ,
1673 1567 1813 1638 πρὸς

235 1664 313 1717 ἑνὶ
338 1666 434 1717 καὶ
469 1661 618 1733 μόνῳ
645 1661 841 1730 ἐκείνῳ
866 1659 1180 1730 τυγχάνων,
1206 1657 1286 1728 τῷ
1322 1657 1558 1728 βασιλεῖ,
1610 1659 1701 1712 καὶ
1730 1652 1814 1722 εἷς

232 1754 365 1826 πρὸς
405 1756 501 1808 ἕνα
535 1755 841 1824 μετρεῖται,
871 1754 965 1806 καὶ
992 1752 1154 1823 μόνος
1181 1751 1347 1822 μόνου
1375 1753 1616 1819 γίνεται.
1641 1753 1808 1809 Οἶδα-

235 1867 330 1920 μεν
375 1847 603 1910 πολλοὺς
642 1848 702 1899 ὲν
745 1847 862 1909 τοῖς
887 1845 1154 1909 τοιούτοις
1196 1846 1293 1898 καὶ
1332 1845 1540 1916 τριχῶν
1579 1846 1809 1916 ἑλκομέ-

232 1957 372 2004 νους,
415 1941 510 1994 καὶ
547 1937 963 2002 ἀντισαίνοντας
1012 1938 1218 2006 pingat)
1269 1938 1680 2007 σκοπουμένους
1727 1939 1807 2005 δὲ,

233 2031 364 2104 πρὸς
412 2029 579 2083 τίνων
627 2029 902 2082 ἕλκονται.
963 2028 1244 2097 Πάσχουσι
1295 2029 1392 2081 καὶ
1442 2029 1678 2098 πληγὰς,
1716 2032 1811 2084 καὶ⁹

229 2125 332 2178 οὐδ’
357 2123 538 2187 οὕτως
568 2121 1020 2191 ἐπιστρέφονται,
1052 2121 1190 2174 ἀλλὰ
1234 2121 1616 2187 διατέθεινται,
1665 2125 1808 2178 καθὰ

225 2216 313 2270 καὶ
340 2216 482 2269 λίθοι
514 2214 903 2286 πληττόμενοι.
937 2213 1196 2282 ’Ύϐρεων
1221 2213 1280 2266 δὲ
1306 2213 1655 2282 ὲμπάζεσθαι
1679 2217 1808 2279 τοὺς

225 2307 515 2372 τοιούτους,
557 2306 676 2370 πῶς
719 2307 786 2360 ἂν
819 2305 944 2376 εἴης
989 2305 1316 2373 Κωφεύουσι
1358 2307 1468 2376 γάρ
1499 2307 1640 2377 πρὸς
1676 2308 1805 2362 ἄλλο

223 2399 686 2467 ἀπινάκουσμα,
739 2397 1177 2472 καραδοκοῦντες
1223 2398 1284 2451 τὸ
1340 2397 1622 2467 βασιλικὸν
1656 2401 1798 2454 ἀπόσ-

224 2494 464 2564 φθεγμα.

287 2583 350 2638 ν’.
379 2585 493 2639 Καὶ
518 2585 662 2639 οὕτω
682 2600 860 2639 τοινυν
895 2586 990 2640 καὶ
1020 2588 1170 2657 ἡμᾶς
1195 2587 1453 2658 εὔχεσθαι
1500 2587 1628 2658 χρὴ,
1663 2587 1800 2658 βρα-

222 2678 366 2743 χεῖαν
395 2676 528 2746 γοῦν
563 2677 781 2745 ἐκείνην
803 2677 953 2746 ὥραν
1005 2678 1365 2747 ἀφορίζοντας
1409 2679 1487 2750 τῷ
1710 2680 1803 2732 καὶ

220 2767 382 2833 οὕτως
441 2768 717 2840 ἀνύτομεν
769 2769 832 2822 τὸ
894 2769 1250 2840 ζητούμενον.
1285 2767 1686 2841 Συλλαλήσουσι
1742 2771 1800 2824 δὲ

219 2860 430 2922 πάντως
481 2861 600 2922 ταῖς
651 2860 837 2930 εὐχαῖς
895 2860 1180 2927 κυκλόθεν,
1219 2861 1313 2914 καὶ
1343 2862 1399 2914 εῐ
1459 2879 1604 2926 τινες
1667 2864 1801 2932 ἡμῖν

217 2949 441 3016 πράξεις
491 2949 690 3018 ἀγαθαὶ
741 2949 1264 3021 προκατὼρθωνται,
1297 2953 1393 3005 καὶ
1421 2952 1528 3023 πρὸ
1557 2953 1666 3006 τῶν
1699 2953 1796 3006 ἀλ-

215 3039 316 3091 λων
341 3042 374 3110 ή
408 3039 770 3112 ἐλεημοσύνη,
812 3043 906 3096 καὶ
958 3041 1118 3112 αὐτὴ,
1155 3044 1245 3097 ὅτε
1275 3045 1416 3114 μετά
1477 3045 1796 3115 ἱλαρότητος

216 3129 434 3193 γίνοιτο.
507 3131 745 3200 Οῐδαμεν
806 3131 937 3202 γὰρ,
983 3133 1211 3202 «ἱλαρὰν
1263 3135 1422 3195 δότην
1476 3135 1793 3202 ἀγαπᾶσθαι

216 3222 358 3291 παρά
380 3221 543 3275 Θεοῦ·
569 3241 589 3274 ι
628 3224 751 3275 ἐπεί
776 3239 882 3288 τοι,
919 3225 978 3288 ὃς
1011 3226 1087 3294 μὴ
1132 3225 1307 3289 οὕτως
1335 3227 1495 3290 ἐλεεῖ,
1525 3227 1660 3280 ἀλλά
1696 3245 1790 3297 μεθ

1906 3129 2096 3180 amari.
2123 3129 2336 3182 Revera
2361 3129 2506 3183 enim
2529 3131 2624 3200 qui
2659 3147 2770 3188 non
2798 3133 2880 3188 sic
2913 3133 3006 3188 dat
3054 3135 3484 3208 eleemosynam,

1906 3220 1994 3272 sed
2054 3234 2178 3272 cum
2233 3221 2550 3287 asperitate,
2604 3224 2914 3282 nutricibus
2970 3225 3170 3283 similis
3221 3238 3307 3286 est
3364 3248 3488 3302 qua:

214 3222 358 3291 παρὰ
380 3221 543 3275 Θεοῦ·
569 3241 589 3274 ι
628 3224 751 3275 ἐπεί
776 3239 882 3288 τοι,
919 3225 978 3288 ὃς
1011 3226 1087 3294 μὴ
1132 3225 1307 3289 οὕτως
1335 3227 1495 3290 ἐλεεῖ,
1525 3227 1660 3280 ἀλλά
1696 3245 1790 3297 μεθ

211 3313 276 3366 τά
306 3313 531 3382 πικρίας
564 3314 949 3385 δυσπροσίτου,
1016 3317 1163 3370 ἔοικε
1219 3319 1342 3380 ταῖς
1382 3321 1626 3387 τροφοῖς,
1664 3320 1788 3372 ὅσαι

211 3405 335 3476 χολῇ
366 3397 671 3478 τῆν’θηλὴν
724 3407 1120 3476 ἑπαλείφουσαι
1175 3409 1676 3478 ἁπογαλακτίζουσι
1721 3413 1790 3464 τὰ

209 3499 414 3565 νεογνά.
449 3497 610 3552 Οὕτω
642 3498 751 3569 γάρ
782 3501 811 3554 ό
839 3501 976 3570 μετὰ
1019 3501 1182 3571 χολῆς
1237 3501 1426 3564 ἐλεῶν,
1479 3503 1790 3573 ἀπότροφον

208 3589 293 3641 τὸν
323 3588 590 3660 ζητοῦντα
626 3591 833 3662 πένητα
859 3593 1091 3662 τίθησιν.
1125 3593 1201 3647 Ού
1230 3594 1340 3664 γὰρ
1367 3593 1433 3647 ἂν
1479 3595 1686 3658 ἐκεῖνος
1709 3597 1788 3656 εἰς

207 3679 462 3750 δευτέραν
512 3682 798 3736 ἐλεύσεται
826 3683 1033 3753 δέησιν.

152 3783 176 3802 ⁸
271 3776 368 3826 va’.
410 3773 811 3844 Ὕπερλαλήσει
841 3775 938 3846 τῆς
978 3777 1252 3846 ἡμετέρας
1298 3777 1464 3848 εὐχῆς
1507 3781 1655 3849 καλή
1689 3781 1788 3847 φύ-

209 3883 287 3928 σις
330 3867 496 3937 αὐτὴ,
527 3869 623 3920 ἐὰν
672 3869 901 3934 δεόντως
951 3871 1277 3941 φυλάξωμεν
1311 3872 1375 3924 τι
1402 3875 1500 3940 τῆς
1534 3873 1785 3936 πλάσεως

207 3960 341 4014 θεῖον
369 3963 449 4031 τῷ
471 3979 530 4015 τε
581 3963 789 4034 κυρίως
847 3963 1142 4033 μοναδικῷ,
1183 3965 1275 4017 ml.
1326 3962 1404 4034 τῷ
1445 3964 1568 4018 κατ’
1598 3967 1786 4022 είκόνα

205 4053 282 4120 (ἐν
329 4055 385 4106 δὲ
444 4055 665 4117 πάντως
726 4056 896 4124 ἄμφω
939 4054 1130 4119 ταῦτα,
1159 4056 1242 4108 ὅτι
1276 4057 1371 4108 καὶ
1428 4056 1489 4121 ἐξ
1527 4057 1644 4120 ἑνὸς
1690 4059 1802 4112 καὶ.

171 4117 182 4124 ⁹
205 4117 335 4212 πρὸς
361 4147 484 4216 ἕνα)
508 4162 523 4177 ·
558 4146 639 4201 ἔτι
671 4147 728 4200 δὲ
761 4117 876 4212 καὶ,
930 4149 1027 4200 ἐὰν
1077 4117 1278 4217 τρόπον
1337 4117 1497 4203 ἄλλον
1554 4117 1638 4204 τὸ-
1661 4151 1784 4206 καθ’

204 4240 344 4306 ἡμᾶς
372 4240 580 4293 ἑνιαῖον
616 4240 775 4292 τοῦτο
824 4239 1412 4310 πολλαπλασιάσωμεν,
1441 4238 1784 4313 ἐννοούμενοι

202 4332 269 4382 τὰ
304 4332 401 4402 τῆς
430 4331 770 4402 παραγωγοῦ
805 4333 1128 4396 συνθέσεως,
1159 4333 1254 4386 καὶ
1285 4333 1361 4404 μὴ
1395 4333 1557 4404 μόνον
1583 4335 1786 4405 σχιζώ-

207 4423 338 4488 μεθα
385 4426 466 4488 είς
503 4424 738 4495 τετράδα
796 4425 1153 4494 στοιχειακῶς
1199 4427 1318 4488 ταῖς
1363 4427 1606 4494 γενικαῖς
1650 4427 1784 4497 ἀρε-

201 4516 337 4576 ταῖς,
380 4515 520 4568 ἀλλὰ
553 4516 643 4568 καὶ
676 4515 850 4577 ἄλλως
877 4516 1298 4586 πολιτικώτερον
1323 4516 1418 4570 καὶ
1441 4515 1781 4587 κοσμικὼτε-

1929 567 2114 616 ratore
2143 563 2370 633 supplex
2406 576 2550 621 astat
2584 569 2719 625 nihil
2753 571 2898 628 aliud
2928 574 2982 628 in
3019 584 3253 632 mentem
3291 578 3513 653 ingerit.

1926 653 2019 708 sed
2082 656 2342 713 omnibus
2392 661 2586 716 unitate
2630 666 2804 734 portis
2849 667 3077 735 clausis,
3128 672 3201 727 ita
3259 682 3317 750 ut
3375 677 3514 732 nihil

1923 746 2279 805 extrinsecus
2310 752 2517 808 intrare
2548 761 2742 826 possit,
2769 772 3008 820 mentem
3038 746 3276 839 colligit,
3304 780 3364 825 ut
3394 779 3514 826 tan.

1925 848 2042 894 tum
2073 857 2162 897 res
2185 844 2251 898 ad
2286 847 2605 915 petitionem
2641 863 2954 920 spectantes
2981 860 3361 932 proloquatur.
3391 864 3508 921 Non

1921 933 2238 1004 eonjugem,
2263 952 2369 992 non
2399 939 2590 998 dulces
2619 953 2801 1007 natos,
2828 963 2945 1002 non
2964 951 3216 1017 divitias,
3245 970 3354 1010 non
3385 973 3510 1026 pos-

1921 1021 2204 1080 sessiones
2241 1038 2372 1083 ante
2408 1031 2597 1086 oculos
2632 1033 2828 1102 habet;
2865 1039 2976 1094 imo
3009 1043 3164 1110 quod
3193 1021 3504 1114 maius-est,

1920 1113 2008 1168 sui
2035 1131 2262 1187 compos
2315 1135 2426 1178 non
2477 1134 2563 1178 est
2609 1135 2664 1179 et
2712 1129 2989 1185 sentiendi
3039 1113 3299 1192 facultate
3349 1140 3506 1203 plane

1919 1203 2233 1264 destitutus.
2287 1210 2369 1266 Nil
2430 1228 2621 1269 eorum
2675 1233 2799 1284 qua“:
2845 1233 3014 1290 prope
3068 1239 3192 1278 cum
3244 1227 3506 1283 dicuntur

1917 1297 2092 1364 audit,
2149 1309 2205 1355 et
2255 1301 2382 1358 licet
2429 1320 2628 1377 magno
2669 1310 2912 1367 clamore
2961 1313 3350 1383 vocifercntur,
3395 1333 3502 1372 non

1919 1387 2108 1454 nictat,
2181 1391 2316 1447 nihil
2371 1398 2568 1462 sentit;
2638 1400 3028 1468 imperatorem
3077 1405 3256 1461 solum
3333 1409 3502 1471 videt,

1915 1481 1966 1536 ei
2022 1483 2123 1538 soli
2175 1486 2375 1554 studet,
2426 1491 2690 1546 adhaeret.
2748 1494 2948 1552 Multos
2998 1499 3250 1554 crinibus
3299 1511 3504 1560 tractos

1917 1572 2158 1632 vidimus
2190 1577 2449 1635 incedere
2489 1585 2800 1639 nescientes
2833 1602 2862 1642 a
2890 1588 3094 1657 quibus
3128 1590 3499 1647 traherentur.

1919 1667 2155 1725 Verbera
2181 1686 2401 1743 quoque
2429 1675 2709 1746 accipiunt
2744 1679 2876 1732 nihil
2907 1682 3234 1748 sentientes,
3269 1693 3328 1737 ut
3363 1684 3502 1755 lapi-

1913 1761 2011 1816 des
2053 1764 2349 1822 verberati.
2410 1765 2570 1824 Tales
2629 1770 2884 1839 injuriam
2935 1775 3046 1843 pati
3103 1790 3326 1844 prorsus
3388 1793 3496 1831 nun

1912 1869 2168 1928 possunt;
2197 1861 2350 1916 surdi
2382 1864 2526 1918 enim
2567 1875 2689 1918 sunt
2725 1866 2792 1917 ad
2819 1880 3009 1923 omnes
3046 1883 3230 1934 voces,
3260 1868 3496 1937 impera-

1915 1951 2050 2006 toris
2078 1967 2345 2023 responso
2379 1956 2536 2012 unice
2567 1957 2783 2014 intenti.

1978 2571 2068 2625 50.
2109 2573 2202 2629 Sic
2233 2577 2401 2644 igitur
2444 2594 2545 2633 nos
2578 2596 2790 2649 quoque
2841 2587 3054 2650 precari
3097 2589 3278 2642 decet.
3322 2589 3494 2644 Breve

1906 2661 2070 2732 igitur
2095 2666 2357 2735 temporis
2397 2669 2634 2735 spatium
2683 2669 2793 2726 Deo
2822 2687 3208 2731 consecremus
3253 2687 3309 2732 et
3346 2677 3492 2748 quod

1902 2756 2154 2823 cupimus
2179 2761 2586 2816 nanciscemur.
2607 2761 2746 2816 Dum
2774 2779 2873 2820 nos
2900 2767 3322 2834 precamur,alii
3346 2769 3494 2824 circa

1903 2862 2008 2922 nos
2036 2848 2489 2918 contabulantur,
2525 2862 2766 2909 attamen
2801 2855 2971 2912 benas
3005 2859 3218 2928 aliquas
3241 2861 3492 2916 actiones

1901 2952 2223 3012 agnoscent,
2247 2954 2299 2997 et
2323 2943 2464 2998 inter
2487 2945 2593 2998 alia
2623 2947 3060 3002 miscricordiam
3087 2962 3142 3006 et
3163 2952 3490 3008 charitatem

1902 3032 2156 3088 hilarem.
2213 3035 2431 3090 Scimus
2487 3038 2632 3093 enim
2691 3038 2919 3096 hilarem
2985 3040 3236 3099 datorem
3291 3059 3327 3107 a
3377 3047 3490 3104 Deo

1900 3126 2096 3180 amari.
2123 3126 2336 3182 Revera
2361 3129 2506 3183 enim
2529 3131 2624 3200 qui
2659 3147 2770 3188 non
2798 3133 2880 3188 sic
2913 3133 3006 3188 dat
3054 3135 3484 3208 eleemosynam,

1899 3321 2194 3362 mammam
2239 3309 2349 3365 bile
2400 3320 2666 3381 tingentes
2700 3329 2894 3372 recens
2929 3322 3089 3372 natos
3119 3318 3346 3375 lactant.
3378 3321 3483 3386 Qui

1895 3398 2041 3453 enim
2065 3399 2150 3454 sic
2183 3415 2309 3454 cum
2339 3401 2446 3457 bile
2479 3403 2911 3462 misericordiam
2941 3421 3162 3465 exercet
3192 3426 3482 3482 pauperem

1899 3492 2216 3546 mendicum
2271 3496 2542 3565 peregrini
2601 3498 2722 3553 loco
2772 3501 2956 3566 habet,
3009 3505 3102 3573 qui
3152 3515 3303 3562 certe
3373 3522 3484 3563 non

1895 3585 2195 3637 secundum
2233 3588 2552 3654 petitionem
2592 3589 2774 3645 faciet.

1966 3760 2058 3814 5|.
2103 3760 2365 3820 Precibus
2411 3765 2618 3826 nostris
2668 3767 2784 3837 ipsa
2843 3777 3038 3826 natura
3090 3773 3316 3839 favebit,
3363 3779 3478 3842 ubi,

1895 3854 2037 3908 sicut
2061 3853 2346 3919 debemus,
2381 3858 2622 3914 divinam
2652 3861 2914 3918 unitatem
2941 3875 2996 3919 et
3025 3865 3317 3936 imaginem
3346 3885 3482 3928 con-

1895 3945 2237 4000 servabimus
2269 3948 2413 4017 (qua:
2445 3948 2555 4003 duo
2609 3967 2775 4006 unum
2818 3962 2951 4009 sunt
2996 3956 3053 4010 in
3095 3969 3362 4028 quantum
3415 3977 3482 4018 ex

1894 4049 2004 4090 uno
2041 4044 2098 4091 et
2135 4038 2203 4091 ad
2253 4043 2478 4111 unum);
2518 4042 2717 4102 deinde
2761 4047 2810 4102 si
2861 4063 3034 4103 unum
3067 4049 3200 4106 illud
3247 4054 3480 4122 quodin

1895 4128 2055 4183 nobis
2083 4137 2171 4184 est
2214 4131 2724 4202 multiplicabimus,
2757 4141 3216 4210 compositionem
3261 4144 3481 4200 deriva-

1894 4225 2004 4273 tam
2055 4221 2409 4290 meditantes,
2464 4242 2563 4281 nec
2612 4229 2663 4280 in
2714 4233 3134 4297 quateruionem
3177 4237 3480 4291 scindémur

1894 4311 2161 4367 virtutum
2213 4315 2628 4372 elementalium
2658 4329 2714 4373 et
2747 4323 3088 4391 generalium
3119 4329 3346 4392 auxilio,
3379 4329 3478 4384 sed

1892 4403 1998 4458 alia
2027 4406 2243 4462 ratione
2268 4409 2439 4472 civili,
2475 4422 2535 4464 ttt
2561 4412 2632 4464 ita
2663 4413 2867 4480 dicam,
2897 4427 2947 4470 et
2984 4419 3157 4490 magis
3189 4420 3475 4485 terrestri;

1892 4493 1934 4546 si
1969 4496 2169 4550 uelum
2206 4497 2390 4566 timus,
2422 4513 2602 4558 mente
2640 4520 2822 4560 acrem
2857 4510 3225 4578 pervolautes,
3258 4522 3310 4564 et
3345 4515 3479 4567 stel-

203 4619 323 4670 ρονο
352 4607 402 4658 τί
437 4605 702 4676 γινόμεθα
737 4606 967 4676 οὐρανὸς
1020 4606 1121 4677 μὲν
1151 4585 1270 4670 ταῖς
1319 4585 1590 4678 αἰθερίαις
1643 4608 1786 4663 κατά

1906 4586 2070 4640 larum
2105 4587 2279 4644 instar
2334 4590 2630 4663 fulgemus,
2661 4611 2824 4667 super
2858 4599 3055 4668 quibus
3099 4604 3273 4674 angeli
3325 4604 3478 4660 ince-

201 4691 319 4745 νοῦν
375 4695 676 4749 ἀναϐάσεσι
731 4698 826 4751 καὶ
876 4699 998 4760 ταῖς
1046 4696 1166 4750 κατ’
1197 4697 1374 4766 ἄστρα
1425 4698 1779 4769 ἐλλάμψεσιν,

199 4777 269 4836 ὦν
299 4786 531 4853 ἄγγελοι
563 4787 660 4857 μὲν
695 4788 1089 4854 ὲπιὸαίνουσιν,
1123 4790 1347 4860 άστοχεῖ
1373 4790 1429 4843 δὲ
1453 4792 1481 4843 ὁ
1510 4789 1654 4845 ἑκὼν
1682 4809 1781 4845 κα-

198 4878 606 4948 ταϐεϐλημένος
635 4881 848 4933 ἐκεῖθεν
893 4881 1172 4944 σκοτεινὸς
1231 4883 1508 4953 ἑωσφόρος
1535 4903 1547 4914 ·
1582 4885 1781 4938 αὐτίκα

193 4967 246 5019 δὲ
276 4969 392 5039 ἅμα
418 4972 513 5024 καὶ
543 4972 638 5042 γῆ,
675 4974 810 5043 πρὸς
837 4975 1071 5044 μίμησιν
1123 4976 1538 5044 κοσμογενείας,
1569 4980 1690 5030 καθ’
1713 4980 1780 5047 ῆν

193 5061 414 5130 οὐρανὸς
438 5065 533 5117 καὶ
560 5065 634 5134 γῆ
662 5067 858 5136 πρῶτα
915 5067 1246 5136 πεποίηνται
1271 5084 1286 5099 ⁸
1321 5068 1391 5137 γῆ
1445 5069 1524 5137 δὲ,
1565 5070 1642 5133 ὡς
1701 5071 1777 5140 μὴ

194 5155 335 5208 κάτω
365 5156 574 5228 βρίθειν
601 5159 796 5224 εἰσαεὶ,
824 5159 916 5211 καλ⁸
948 5159 1023 5230 μὴ
1051 5160 1248 5213 εἰδέναι
1277 5165 1377 5230 τὴν
1405 5164 1772 5233 ἀνωφὸρησιν,

190 5245 319 5300 ἀλλὰ
349 5250 444 5300 καὶ
473 5248 632 5302 τοῦτο
656 5252 753 5320 μὲν
779 5253 846 5321 τῇ
873 5251 1209 5305 ταπεινώσει
1239 5256 1330 5306 καὶ
1353 5255 1431 5324 τῷ
1464 5255 1538 5323 μὴ
1568 5255 1775 5309 ἐθέλει-ι

192 5337 642 5409 ὑπερφαίνεσθαι,
673 5343 810 5397 ἀλλὰ
865 5348 994 5416 περὶ
1034 5345 1134 5416 τὴν
1170 5348 1382 5417 μητέρα
1435 5351 1540 5418 γῆν
1567 5349 1776 5401 κυπτάο

191 5428 299 5491 ζειν
336 5435 432 5486 καὶ
458 5435 758 5489 ἐννοεῖσθαι
802 5438 1241 5510 ἀναστρέψομεν,
1275 5439 1370 5492 καὶ
1423 5439 1567 5492 οὕτω
1622 5441 1776 5494 κάτω

191 5521 399 5589 βάλλειν
447 5528 628 5578 πᾶσαν
670 5526 904 5597 ἔπαρσιν
951 5531 1044 5582 καὶ
1078 5529 1222 5582 ἆπαν
1257 5532 1512 5600 φρόνημα
1548 5532 1774 5600 κοῦφον,

1890 4675 2048 4746 dunt,
2079 4687 2134 4734 et
2169 4681 2316 4736 unde
2347 4682 2566 4740 Lucifer
2597 4689 2802 4744 amissa
2842 4690 2964 4746 luce
2998 4703 3190 4762 sponte
3219 4694 3478 4763 delapsus

1884 4780 2000 4838 est;
2033 4771 2232 4829 deinde
2260 4782 2408 4831 terra
2442 4777 2508 4832 ad
2543 4778 2902 4837 imitationem
2948 4787 3138 4840 mundi
3178 4788 3476 4844 creatiouis

1885 4865 2189 4919 secundum
2221 4882 2385 4938 quam
2418 4873 2616 4926 coelum
2653 4886 2706 4930 et
2741 4886 2884 4931 terra
2917 4888 3046 4933 ante
3076 4882 3260 4936 omnia
3290 4891 3473 4938 creata

1887 4970 2046 5026 Sunt;
2081 4970 2224 5016 terra
2263 4974 2444 5020 autem
2495 4969 2680 5035 limus,
2717 4988 2822 5026 non
2881 4974 2932 5027 itt
2975 4987 3240 5045 quantum
3274 4979 3475 5046 procli-

1886 5065 2000 5116 νος,
2061 5051 2297 5111 humiles
2349 5068 2404 5112 et
2465 5075 2495 5113 a
2556 5065 2813 5130 superbia
2875 5071 3071 5123 remoti
3125 5086 3337 5136 sumus,
3375 5071 3471 5126 sed

1886 5153 2047 5201 terra:
2078 5151 2271 5206 matris
2323 5155 2650 5212 modestiam
2698 5159 2976 5218 imitantes
3008 5179 3226 5218 omnem
3263 5163 3468 5220 fastum

1884 5244 2222 5316 Spil‘llttsqtlc
2258 5249 2449 5303 inanes
2498 5260 2552 5305 et
2611 5268 2641 5306 a
2681 5253 2790 5309 Deo
2829 5256 3100 5310 alienatos
3147 5256 3466 5322 rejicimus;

1882 5336 2124 5406 denique
2165 5347 2308 5394 terra
2359 5342 2574 5412 pinguis
2620 5345 2816 5411 simus,
2872 5355 2927 5400 et
2977 5348 3199 5402 minime
3247 5357 3467 5416 petrosa

1881 5442 2003 5496 quae
2037 5445 2222 5486 semen
2277 5433 2520 5488 divinum
2579 5438 2789 5506 respuit
2821 5447 2877 5492 et
2911 5437 3102 5492 lolium
3137 5438 3288 5493 {ovet
3315 5439 3465 5508 quod

1881 5534 2066 5574 semen
2109 5523 2354 5576 divinum
2393 5524 2650 5580 sutfocat.

190 5613 276 5664 καὶ
311 5614 388 5686 μὴ
416 5620 561 5670 κατὰ
593 5618 726 5671 Θεὸν
771 5618 1233 5688 μεταρσιούμενον
1256 5635 1271 5647 ·
1298 5621 1536 5688 μάλιστα
1589 5622 1646 5673 δὲ
1679 5622 1774 5675 ἇλ-
1883 5672 1906 5690 ,

188 5702 286 5770 λως
323 5708 393 5778 γῆ
425 5707 564 5760 πίων
585 5710 674 5763 διὰ
706 5711 799 5763 τοῦ
834 5711 908 5782 μὴ
945 5713 1174 5781 πέτραις
1199 5711 1481 5780 πληθύειν,
1509 5712 1638 5764 ὅσαι
1695 5717 1770 5784 μὴ

191 5797 316 5863 πρὸς
351 5799 502 5875 θεῖον
534 5800 732 5870 σπόρον
760 5802 1166 5866 αύλακίξονται,
1211 5803 1344 5872 μηδὲ
1371 5804 1478 5872 μὴν
1503 5803 1770 5868 ἀκάνθαις

191 5882 394 5943 θάλλειν
417 5890 853 5963 συμπνιγούςαις
897 5893 961 5947 τὰ
989 5893 1246 5984 mritij
1277 5894 1410 5948 Θεὸν
1447 5893 1762 5964 σπέρματα.
