3982 6246
317 362 448 443 725'

1275 373 1361 438 IN
1412 373 1473 434 S.
1513 369 2178 444 QUADRAGESIMAM
2215 369 2497 435 ORATIO
2536 371 2635 435 IV.

3470 375 3580 441 726

312 489 550 566 Γραφῶν
597 487 917 557 ἀναϐοῶμαι
951 488 1065 551 τοῖς
1096 477 1475 556 τοκογλύφοις,
1503 484 1758 539 τοσοῦτον
1801 483 1898 537 αὐ·-

2008 489 2221 536 ratores
2269 481 2549 549 declamo,
2579 497 2647 540 eo
2677 483 2892 555 pejores
2936 483 3106 541 futuri
3141 491 3306 554 sunt,
3338 494 3396 544 et
3428 490 3575 560 quod

313 579 403 639 τοι
456 582 806 636 ἐκϐαίνονται
841 580 921 644 είς
978 577 1339 633 πολυτοκίανο
1367 580 1464 633 καὶ
1491 577 1635 632 οὕτω
1664 578 1732 631 τὰ
1785 576 1896 646 ἐμὰ

314 672 658 735 διδασκάλια,
689 671 756 723 δι’
782 662 858 722 ὧν
885 668 1236 724 ἀναστέλλειν
1270 667 1549 737 πειρῶμαι
1586 666 1664 727 ὡς
1689 666 1778 718 διά
1817 681 1898 716 τιο

314 777 405 824 νος
439 760 696 827 ἐπαοιδῆς
725 757 826 829 τῂν
849 757 946 812 τοῦ
981 757 1170 829 θηρίου
1225 757 1546 827 ἀγριότητα,
1571 755 1898 826 ἐμϐοήματα

317 854 620 919 κρίνονται,
681 852 748 905 δι’
775 845 851 905 ὧν
883 851 1016 906 αὐτὸ
1070 849 1372 921 ἐρεθίζεται
1429 847 1748 919 καταπηδᾷν
1802 851 1896 902 καὶ

317 945 582 1016 βλάπτειν
607 945 735 1008 τοὺς
761 943 842 1016 τῷ
860 943 980 1015 Θεῷ
1012 942 1114 1014 μέν
1143 943 1498 1016 ἠλεημένους,
1532 941 1794 1010 ἀδελφοὺς
1840 939 1896 993 δὲ

315 1041 451 1110 ἡμῖν
490 1037 893 1110 λογιζομένους,
925 1036 1071 1091 καθά
1117 1039 1214 1091 καὶ
1259 1036 1552 1108 θρέμματα
1606 1034 1788 1100 πίονα,
1819 1026 1896 1087 ὧν

315 1133 410 1184 καὶ
444 1131 584 1200 γάλα
619 1131 712 1184 καὶ
746 1130 958 1201 σάρκας
985 1128 1082 1184 καὶ
1114 1129 1289 1200 δέρμα
1323 1127 1419 1182 καὶ
1453 1128 1598 1200 ἔριον
1649 1127 1730 1190 είς
1759 1126 1897 1198 χρήο

317 1241 480 1292 σιμον
501 1225 550 1278 oi
583 1223 958 1278 οίκοδεσπόται
1003 1223 1461 1294 προσφερόμενοι,
1481 1223 1573 1275 καὶ
1637 1218 1764 1291 μηδ’
1798 1221 1896 1273 αύ-

315 1316 424 1368 τῶν
451 1316 558 1370 τῶν
589 1318 670 1378 είς
706 1315 909 1385 βρῶσιν
934 1315 1173 1385 ἀχρείων
1232 1314 1583 1385 ἀπεχόμενοι,
1613 1312 1752 1366 αὑτά
1802 1310 1894 1380 βο-

316 1403 504 1471 τάναις
529 1409 754 1475 ἀφιᾶσιν
779 1407 1137 1477 ἐντρέφεσθαι
1167 1408 1262 1460 καὶ
1292 1404 1530 1466 θαλλοῖς.
1553 1401 1631 1458 Ἦ
1660 1403 1770 1474 γὰρ
1795 1403 1894 1472 ούχ

315 1499 490 1561 οὕτως
512 1497 816 1568 ὀφειλέταις
848 1499 941 1552 καὶ
965 1499 1128 1569 ἡμεῖς
1157 1497 1617 1568 προσφερόμεθα;
1649 1495 1758 1548 Καὶ
1787 1511 1895 1563 μα-

2005 583 2276 644 praei-cpta
2305 589 2450 630 mea
2492 575 2717 647 quibus,
2759 583 2821 633 ut
2853 578 3350 645 incantationibus,
3386 581 3578 638 bestiae

2003 666 2156 722 illius
2190 664 2788 728 ferocitatemdomare
2816 685 3010 739 conor,
3039 683 3139 743 pro
3163 672 3314 728 inerti
3338 673 3580 730 clamore

1951 832 1967 848 κ
2004 762 2298 828 habemur,
2327 777 2438 835 quo
2465 763 2556 819 illa
2584 769 2860 822 excitatur
2881 769 2946 822 ad
2971 770 3344 838 proruendum
3375 784 3581 826 noceri.

2003 851 2244 924 dumque
2294 847 2364 910 iis
2405 869 2546 926 quos
2600 856 2746 914 Dens
2792 859 3183 916 miseretnr'et
3233 863 3325 931 qui
3378 862 3578 919 fratres

2003 946 2180 1000 nostri
2227 953 2547 1013 censentur,
2601 953 2662 1002 ut
2705 963 2837 1004 oves
2881 950 3111 1020 pingues
3141 943 3375 1022 quarum
3395 953 3500 1007 ‘lac-
3517 960 3580 1008 et

2002 1051 2251 1106 carnem,
2290 1039 2488 1108 pellem
2515 1047 2572 1096 et
2602 1045 2784 1095 lanam
2829 1045 3098 1098 oeconomi
3131 1045 3184 1099 in
3221 1059 3378 1100 usum
3410 1057 3578 1100 suum

2003 1139 2249 1195 vertunt,
2278 1145 2380 1186 nec
2405 1121 2475 1187 iis
2495 1144 2618 1202 quae
2644 1133 2766 1188 esui
2798 1147 2913 1187 non
2938 1134 3243 1190 inserviunt
3267 1148 3576 1205 parcentes,

2005 1222 2208 1292 plantis
2240 1233 2297 1278 et
2327 1224 2624 1282 arboribus
2664 1226 3041 1283 stercorandis
3071 1213 3352 1284 adhibent.
3383 1229 3579 1285 Nonne

2004 1331 2104 1371 nos
2138 1331 2356 1388 quoque
2398 1319 2452 1372 in
2495 1319 2806 1374 debitorum
2850 1319 3168 1374 conditione
3223 1322 3457 1377 sumus?
3510 1322 3576 1378 Et

2003 1407 2162 1475 bene,
2188 1410 2233 1465 si
2257 1411 2328 1464 ita
2356 1420 2460 1465 est.
2479 1409 2633 1466 Nunc
2664 1419 2847 1467 autem
2871 1412 3151 1483 iniquiore
3174 1413 3226 1466 in
3257 1413 3573 1469 conditione

2005 1517 2223 1571 sumus.
2286 1502 2536 1574 Namque
2584 1503 2880 1574 pecoribus
2932 1503 3209 1559 stabulum
3263 1505 3575 1574 aperimus,

317 1590 534 1657 κάριον,
570 1587 725 1656 εἴπερ
755 1588 952 1650 οὕτως’
988 1587 1084 1642 νῦν
1113 1587 1169 1640 δέ
1209 1587 1303 1640 καὶ
1331 1586 1514 1658 χεῖρον
1545 1583 1897 1654 διατιθέμεθα

2008 1595 2290 1666 mandram
2340 1595 2698 1665 concedimus
2727 1597 2780 1650 in
2808 1595 3040 1672 campis,
3073 1605 3130 1651 et
3169 1597 3315 1668 quod
3356 1607 3578 1653 susten-

318 1681 409 1732 ἐπ’
429 1676 632 1744 αὐτοῖς.
658 1679 949 1750 Θρέμμασι
982 1679 1083 1750 μὲν
1118 1680 1229 1748 γάρ
1270 1680 1380 1742 τοῖς
1423 1679 1779 1748 κτηματικοῖς
1803 1672 1900 1729 καὶ

2010 1685 2190 1741 tandis
2234 1685 2467 1742 inservit
2493 1703 2590 1756 per
2629 1688 2864 1744 hiemem
2912 1690 3232 1765 offerimus,
3280 1691 3408 1746 lacti
3450 1706 3573 1760 par-

316 1776 530 1830 κλίσιον
589 1777 970 1848 άνεγείρομεν,
1022 1777 1117 1828 καὶ
1165 1776 1408 1846 μάνδραν
1459 1773 1760 1845 γυροῦμεν,
1799 1771 1897 1825 καὶ

2008 1785 2215 1844 centes,
2235 1786 2484 1846 pastores
2504 1782 2892 1849 praeponimus,
2917 1782 3058 1837 luem
3084 1783 3331 1854 aliosque
3359 1778 3578 1839 morbos

319 1871 597 1941 σταθμοὺς
643 1870 918 1940 ἐτεροίους
978 1871 1420 1941 περιγράψομεν,
1461 1869 1556 1922 καὶ
1627 1866 1898 1938 συρφετὸν

2008 1868 2071 1922 ab
2095 1867 2164 1924 iis
2188 1883 2554 1937 removemus,
2575 1879 2730 1940 prata
2754 1871 3097 1940 depascendo
3118 1852 3363 1941 tempore
3380 1887 3580 1942 oppor-

317 1963 713 2034 κειμηλιοῦμεν
744 1962 1082 2034 εἰς’τροφὴν
1136 1962 1440 2033 χειμέριον,
1488 1961 1582 2014 καὶ
1634 1958 1896 2028 ἀμέλγειν

2008 1969 2139 2016 tuno
2161 1963 2516 2028 recludimus,
2535 1964 2660 2020 lana
2688 1967 2967 2031 exuimus,
2996 1967 3216 2036 quando
3246 1981 3353 2020 non
3373 1966 3576 2036 algenti,

318 2054 462 2108 αὐτὰ
492 2055 778 2124 ὀκνοῦμεν,
809 2057 896 2109 ὅτε
927 2058 956 2108 ό
993 2055 1089 2108 τοῦ
1119 2053 1389 2122 γάλακτος
1417 2053 1602 2114 αὐτοῖς
1632 2050 1816 2120 ὁχετδς
1836 2048 1896 2102 ού

317 2147 602 2218 πέπληθε·
632 2147 728 2200 καὶ
762 2148 1028 2218 ποιμένας
1073 2147 1428 2214 ἐφιστῶντες,
1462 2143 1558 2197 τοῦ
1587 2160 1645 2197 τε
1679 2144 1755 2214 μὴ
1785 2141 1902 2212 ψω-

320 2241 449 2310 ριᾷν
510 2239 971 2309 προμηθούμεθα,
1012 2239 1125 2292 εἴτε
1171 2241 1265 2293 καὶ
1327 2237 1503 2300 ἄλλως
1559 2238 1893 2306 καχεκτεῖνο

319 2331 600 2402 κηδόμεθα
627 2332 683 2385 δὲ
711 2333 828 2398 καὶ,
853 2333 1062 2403 πηνίκα
1101 2331 1296 2401 καιροῦ
1355 2330 1449 2384 καὶ
1475 2332 1568 2382 ποῖ
1615 2345 1743 2380 ποτε
1787 2327 1897 2381 λειφ

323 2425 502 2493 μῶνος
553 2423 949 2494 βοσκήσονταιο
982 2423 1202 2480 καὶτοῦ
1258 2423 1412 2492 ἐρίου
1465 2421 1521 2473 δέ
1600 2419 1886 2489 φιλοῦμεν,

317 2517 410 2570 ὅτε
437 2515 560 2570 οὔτε
596 2516 776 2589 ψυχῆς
815 2518 1004 2573 δάκνει
1060 2515 1353 2586 δριμύττον
1402 2516 1480 2576 εἰς
1529 2511 1901 2582 ρίγωσιν,ἀλο

317 2609 388 2664 λά
419 2610 512 2663 καὶ
541 2610 601 2664 τὸ
627 2610 771 2681 ἔριον
806 2610 1112 2680 αὐτόματον
1138 2609 1451 2679 καταρρέει,
1487 2607 1580 2660 καὶ
1605 2606 1655 2658 εί
1697 2605 1772 2674 μὴ
1799 2602 1901 2658 τά-

319 2717 436 2771 χιον
472 2702 766 2781 ἀφαιρεθῇ,
800 2702 1066 2764 ἀκάνθαις
1114 2700 1422 2770 ἁρπάζεται
1473 2699 1566 2752 καὶ
1620 2696 1897 2761 κολλᾶται,

2005 2052 2114 2106 imo
2155 2053 2278 2106 lana
2321 2053 2440 2124 ipsa
2481 2055 2616 2120 exit,
2669 2064 2725 2109 et
2771 2071 2802 2111 a
2850 2056 3076 2111 carduis
3125 2057 3418 2122 laceratur,
3471 2055 3577 2109 nisi

2003 2145 2338 2214 quantocius
2371 2144 2748 2202 tondeas.Nos
2773 2156 2952 2203 autem
2991 2149 3124 2202 nihil
3146 2147 3254 2202 tale
3277 2148 3328 2201 in
3355 2147 3573 2201 miseris

2002 2235 2241 2292 alumnis
2270 2236 2360 2291 Dei
2391 2237 2649 2302 facimus,
2683 2239 2816 2307 quin
2853 2239 2960 2293 imo
3003 2237 3202 2292 nullam
3241 2253 3431 2293 eorum
3472 2253 3572 2291 cu-

2005 2343 2123 2382 ram
2160 2337 2408 2398 agentes,
2439 2328 2818 2399 deportamus,
2853 2331 3023 2386 ubera
3053 2331 3416 2401 exprimimus
3445 2346 3582 2402 quo-

2004 2418 2164 2485 tidie,
2206 2419 2351 2474 fame
2391 2435 2676 2484 necamus,
2728 2422 3026 2484 nudamns,
3084 2421 3317 2487 edimus,
3365 2437 3471 2475 non
3523 2432 3582 2475 ut

2005 2512 2257 2566 vultures
2308 2512 2603 2578 cadavera,
2637 2513 2732 2570 sed
2766 2514 2911 2570 sicut
2944 2513 3143 2583 aquilae
3195 2511 3580 2567 Prometheum

1988 2605 2128 2672 ,τιψὶ
2171 2603 2516 2674 impositum,
2559 2612 2614 2658 et
2654 2605 2735 2660 sic
2774 2605 2945 2659 cruda
2988 2604 3226 2660 humana
3257 2618 3426 2659 carne
3455 2619 3581 2658 ves—

2005 2695 2213 2751 cimur.

319 2794 456 2846 ὅπου
485 2795 644 2864 χρεία
667 2795 914 2865 οὐδεμία.
957 2794 1154 2864 Ἡμεῖς
1182 2795 1238 2847 δέ
1271 2793 1423 2846 οὐδέν
1477 2809 1530 2845 τι
1599 2789 1839 2844 τοιοῦτον
1870 2788 1966 2844 ἐπὶ
2002 2793 2115 2855 τοῖς
2178 2791 2432 2856 ἐλεεινοῖς
2479 2791 2693 2858 τούτοις
2759 2793 2854 2849 τοῦ
2912 2794 3047 2850 Θεοῦ
3100 2793 3583 2864 διοικονομούμεθα

320 2886 656 2957 θρέμμασιν,
712 2885 851 2940 ἀλλὰ
911 2886 1178 2956 μηδεμίαν
1228 2882 1555 2954 κηδεμονίαν
1621 2882 1677 2934 ἐν
1732 2881 1918 2942 αὐτοῖς
1974 2883 2398 2954 ἐνδεικνύμενοι,
2467 2885 2847 2956 ἀποικίζομεν,
2899 2887 3228 2956 ἐκπιέζομεν
3283 2887 3576 2960 ὁσημέραι,

320 2977 781 3054 λιμαγχονοῦμεν,
841 2979 1174 3050 γυμνοῦμεν,
1209 2977 1542 3047 ἀπεσθίομεν
1573 2974 1897 3048 τεραστίως,
1936 2976 1998 3030 ού
2024 2977 2168 3031 καθά
2197 2978 2372 3048 γῦπες
2434 2981 2666 3051 νεκρούς
2727 2997 2899 3046 τινας,
2936 2981 3050 3034 ἀλλ’
3086 2981 3161 3044 ὡς
3185 2982 3334 3036 ἀετοὶ
3373 2981 3462 3036 τὸν
3485 2979 3580 3040 ἐπὶ

324 3077 593 3139 σκόλοπος
638 3075 938 3147 Προμηθέα
994 3075 1226 3138 ἐκεῖνον,
1263 3074 1360 3125 καὶ
1405 3070 1578 3134 οὕτως
1611 3070 1900 3141 ἀνεψήτοις
1933 3072 2296 3144 ἀνθρωπίνοις
2319 3074 2674 3145 ὲντρυφῶμεν
2703 3074 2950 3146 κρέασιν.

393 3190 504 3256 νς’.
576 3183 1294 3257 ’Δπάγαγερφιλάνθρωπε
1356 3182 1553 3254 Κύριε,
1602 3182 1702 3252 τὴν
1728 3181 1902 3236 ἀπάν-

2077 3184 2168 3240 56.
2211 3187 2438 3254 Amore,
2492 3201 2704 3256 quaeso,
2749 3186 2980 3242 Domine
3020 3185 3358 3253 misericors,
3400 3201 3582 3241 mores

322 3287 542 3355 θρωπον
593 3280 801 3351 ταύτην
843 3278 1183 3348 φιλοτησίαν,
1217 3277 1311 3330 καὶ
1356 3275 1557 3338 παντὸς
1589 3275 1688 3344 μὲν
1739 3274 1901 3328 ἄλλου

323 3373 680 3448 Χριστιανοῦ,
721 3371 819 3425 καὶ
893 3370 1054 3442 ἡμῶν
1111 3369 1190 3434 δὲ,
1235 3368 1284 3422 οῖ
1343 3365 1904 3438 ἀνθρωποφαγοῦντες

2004 3274 2142 3332 istos
2169 3276 2501 3334 inhumanos
2535 3286 2652 3333 tum
2705 3278 2775 3333 ab
2801 3280 2951 3333 omni
2987 3279 3208 3348 quidem
3233 3277 3574 3344 Christiano,

2015 3381 2138 3421 cum
2174 3381 2202 3420 a
2225 3368 2386 3422 nobis
2415 3368 2508 3437 qui
2533 3383 2699 3423 carne
2725 3368 2962 3423 humana
2993 3377 3276 3424 vescentes
3314 3385 3576 3424 mansue-

323 3467 637 3538 ψευδόμεθα
677 3466 777 3535 τὴν
805 3465 927 3519 κατ’
959 3461 1250 3531 ἄνθρωπον
1284 3461 1624 3530 ἡμερότητα.
1649 3458 1902 3527 Aegi}qu

2008 3457 2184 3524 ιιιιῇυῆ
2209 3473 2342 3526 (tua
2363 3459 2640 3516 hominem
2666 3458 2844 3525 decet,
2868 3460 3274 3514 renuntiamus.
3308 3457 3381 3512 Da
3416 3467 3474 3512 ιι
3499 3461 3585 3513 in-

324 3558 669 3627 λογίσασθαι,
698 3558 780 3610 ὅτι
811 3554 1050 3618 κάλλιον,
1085 3552 1340 3618 καθάπαξ
1397 3551 1613 3619 ἀφεῖναι
1643 3547 1734 3600 τὸν
1759 3548 1907 3600 ἀδελ-

328 3649 430 3718 φὺν
461 3647 762 3716 ἐγχανόντα
789 3643 992 3706 θανεῖν,
1017 3642 1162 3712 ἢπερ
1205 3641 1299 3693 ἐπὶ
1351 3639 1485 3692 πολὺ
1549 3637 1906 3708 στρεύγεσθαι

325 3739 702 3814 χαλεπωτάτῳ
727 3734 893 3806 λιμῷ.
937 3734 1237 3803 Ὀδήγησον
1263 3733 1408 3802 ἡμᾶς
1446 3733 1638 3796 ποιεῖν,
1670 3730 1698 3783 ὃ
1729 3729 1908 3794 καλῶς

324 3831 626 3901 δυνάμεθα.
649 3825 934 3897 Δυνάμεθα
955 3824 1010 3878 δὲ
1068 3826 1180 3880 θεοὶ
1223 3823 1475 3892 γενέσθαι
1519 3826 1660 3876 κατά
1688 3823 1748 3875 τὸ
1770 3839 1911 3891 παρέ

325 3921 581 3991 άγγελμά
627 3937 742 3982 σου,
797 3918 855 3980 ὃς
885 3917 1037 3972 οὐδὲν
1080 3916 1202 3970 οὗτε
1252 3915 1533 3982 ἀδύνατον,
1582 3913 1708 3967 οῦτε
1742 3913 1908 3982 ἄηθες

326 4013 746 4084 παραδέδωκας.
791 4008 972 4079 Δοίης,
1015 4009 1089 4079 μὴ
1126 4010 1300 4061 ποιεῖν
1351 4009 1520 4078 ἡμᾶς,
1568 4007 1668 4060 ὅσα
1719 4005 1908 4069 κακῶς

324 4104 606 4176 δυνάμεθα
635 4117 651 4134 ο
685 4103 853 4156 κακία
879 4101 937 4154 δέ
964 4101 1251 4171 δυνάμεως
1311 4101 1588 4169 τοιαύτης,
1624 4101 1684 4153 τὸ
1720 4100 1908 4169 δαιμο-

326 4200 426 4269 νᾷν
454 4199 551 4251 καὶ
610 4194 688 4266 τῷ
725 4192 1034 4263 διδασκάλῳ
1081 4191 1183 4262 τῆς
1235 4192 1563 4260 φαυλότητος
1612 4190 1911 4243 ἐπακολου-

329 4291 469 4344 θεῖν.
495 4286 766 4350 Διδάξαις,
802 4283 1046 4351 γίνεσθαι
1096 4281 1189 4336 τοῦ
1235 4279 1487 4350 ούρανοῦ,
1519 4281 1600 4342 εἰς
1646 4279 1706 4332 ὃν
1748 4279 1910 4341 αὐτὸς

329 4379 690 4452 προεκαλέσω
721 4377 891 4447 ἡμᾶς,
923 4369 1227 4437 κατελθὼν,
1260 4373 1345 4425 ἴνα
1377 4372 1692 4441 ἀναδῶμεν,
1717 4387 1910 4424 ταπει-

328 4473 546 4539 νωθεὶς,
571 4471 644 4534 ὠς
677 4470 742 4524 ἂν
765 4467 1094 4538 someone».
1121 4466 1213 4536 Μὴ
1242 4466 1434 4528 ἐάσαις
1479 4466 1626 4534 ἡμᾶς
1651 4463 1744 4515 τοῦ
1775 4479 1910 4533 ταρ-

329 4567 498 4634 τάρου
533 4561 808 4633 γενέσθαι,
833 4562 913 4622 είς
940 4560 998 4612 ὃν
1035 4561 1294 4628 πειρᾶται
1326 4557 1585 4627 κατάγειν
1632 4559 1661 4610 ό
1697 4555 1906 4612 ἀνωθεν

331 4655 539 4721 πεσὼν,
567 4655 662 4708 xui.
687 4653 746 4706 τὸ
781 4649 1124 4720 ἀνθρώπινον
1167 4649 1368 4703 ἐθέλων
1423 4648 1903 4715 συγκατενεγκεῖν,

330 4748 417 4800 ἵνα
446 4744 776 4806 άπεναντίας
806 4742 884 4812 τῷ
911 4742 1150 4795 ἐθέλοντι
1182 4740 1352 4794 πλείω
1375 4738 1622 4806 γίνεσθαι
1646 4740 1712 4791 τὰ
1747 4738 1908 4809 εὐερ-

328 4838 637 4908 γετούμενα
683 4835 949 4902 πληθυνεῖ
993 4833 1156 4896 αὐτὸς
1195 4833 1264 4885 τά
1319 4830 1782 4900 κακοποιούμενα,
1817 4828 1910 4882 καὶ

329 4929 674 5001 συμμερίτας
708 4926 806 4999 ἔχῃ
836 4926 1088 4989 πλείονας
1121 4925 1221 4994 τῆς
1243 4925 1533 4990 κολάσεως.

399 5021 498 5087 νζ.
536 5021 766 5075 Ἥθελον
815 5020 982 5074 εἰσέτι
1042 5019 1213 5074 πλείω
1238 5021 1550 5086 διδάσκειν,
1606 5015 1651 5074 ὧ
1687 5019 1908 5087 ἀδελφοὶ

328 5116 425 5167 καὶ
456 5114 623 5183 φίλοι,
661 5115 784 5166 ἐπεὶ
820 5113 958 5184 μηδὲ
992 5113 1168 5183 πάντη
1198 5114 1297 5183 τὴν
1326 5112 1464 5184 ἐμὴν
1511 5112 1818 5182 κλεψύδραν
1849 5111 1909 5163 τὸ

327 5209 423 5261 τοῦ
454 5207 636 5274 λέγειν
659 5205 803 5277 ὕδωρ
846 5205 1220 5260 ἐπιλέλοιπεν.
1254 5206 1394 5258 Ἀλλ’
1432 5209 1514 5260 ὄτι
1570 5208 1672 5261 κάν
1699 5206 1909 5268 τούτοις

330 5302 392 5353 τὸ
424 5300 647 5368 μέτριον
708 5301 1111 5370 συγκροτεῖται,
1153 5297 1494 5368 βραχύτατόν
1542 5315 1596 5350 τι
1653 5299 1910 5369 προσθεὶς

329 5393 704 5464 πεπαύσομαι.

401 5488 504 5552 νη’.
541 5486 986 5558 Μετεχειρήσατο
1017 5486 1267 5539 κόσκινον
1309 5486 1338 5537 ό
1385 5484 1517 5548 Θεὸς
1560 5486 1652 5556 (οὐ
1708 5485 1909 5556 μακροὶ

328 5575 476 5635 οὗτοι
520 5581 819 5650 ἐνιαυτοὶ),
857 5580 926 5633 δι’
969 5573 1141 5650 οὗπερ
1189 5579 1356 5650 ἡμᾶς,
1413 5577 1570 5640 ὂντας
1623 5579 1720 5646 μὲν
1773 5582 1909 5648 πρὸς

330 5674 594 5743 αλήθειαν
661 5672 840 5734 σίτους
873 5670 1032 5738 Θεοῦ,
1090 5669 1435 5729 συνιαθέντας
1469 5667 1526 5720 δὲ
1571 5668 1649 5739 τῷ
1695 5669 1912 5740 ἐξαιτη-

335 5766 556 5838 σαμένῳ
575 5766 723 5836 ἡμᾶς
753 5765 990 5837 Σατανᾷ,
1018 5765 1112 5818 καὶ
1144 5758 1615 5831 συναναμιγέντας
1641 5761 1740 5815 οὐκ
1770 5763 1906 5829 ἀγα-

2006 3551 2326 3620 telligamus
2383 3553 2556 3606 satius
2594 3567 2714 3606 esse
2751 3551 2974 3607 fratrem
3012 3552 3067 3608 in
3109 3553 3306 3608 mortis
3346 3552 3581 3606 articulo

2009 3641 2285 3708 deserere,
2320 3659 2485 3712 quam
2521 3644 2682 3699 famis
2719 3647 3008 3699 tormentis
3051 3645 3397 3700 excruciare.
3440 3643 3584 3700 Doce

2009 3750 2113 3790 nos
2139 3735 2358 3804 operari
2393 3751 2492 3805 pro
2526 3735 2758 3790 viribus.
2795 3736 3095 3793 Possumus
3133 3746 3316 3792 autem
3349 3737 3422 3792 dii
3465 3737 3584 3793 ﬁeri

2012 3837 2071 3882 ut
2105 3837 2160 3882 tu
2217 3828 2334 3896 ipse
2389 3828 2598 3892 dixisti,
2647 3829 2738 3898 qui
2777 3829 2913 3884 nihil
2944 3839 3130 3884 contra
3166 3829 3454 3886 facultates
3489 3840 3584 3884 aut

2010 3933 2190 3974 mores
2223 3919 2531 3975 instituisti.
2563 3918 2640 3976 Ne
2667 3923 2952 3991 permittas
2975 3924 3135 3979 nobis
3166 3924 3349 3979 facere
3379 3923 3581 3978 malum

2011 4009 2397 4080 quodcunque,
2428 4011 2658 4066 daemoni
2685 4015 2948 4084 magistro
2981 4015 3355 4083 perversitatis
3380 4015 3586 4068 obtem-

2011 4099 2280 4171 perando.
2317 4101 2458 4158 Doce
2483 4118 2586 4158 nos
2621 4104 2876 4160 caelestes
2911 4105 3048 4170 fieri,
3087 4107 3344 4175 quoniam
3377 4113 3435 4160 tu
3470 4107 3584 4175 ipse

2011 4191 2065 4244 in
2095 4192 2294 4246 coelum
2325 4208 2425 4248 nos
2453 4195 2684 4259 vocasti,
2711 4203 2766 4250 et
2795 4197 3031 4250 adventu
3063 4207 3156 4252 tuo
3191 4197 3367 4252 fecisti
3394 4204 3452 4250 ut
3484 4214 3583 4253 nos

2011 4281 2463 4348 ascenderemus;
2510 4283 2602 4352 qui
2648 4293 2698 4337 te
2734 4283 3038 4338 hmuiliasti
3081 4293 3141 4338 ut
3175 4300 3275 4341 nos
3315 4287 3584 4340 exaltare-

2013 4388 2153 4426 mur.
2195 4371 2272 4427 Ne
2307 4374 2457 4428 sinas
2485 4389 2584 4429 nos
2618 4376 2805 4428 tartari
2842 4376 3053 4431 incolas
3091 4377 3228 4442 ﬁeri,
3266 4378 3316 4429 in
3344 4392 3506 4445 quem
3538 4377 3584 4430 is

2013 4467 2106 4533 qui
2141 4465 2356 4522 caelitus
2391 4467 2576 4536 lapsus
2613 4479 2695 4523 ρει
2735 4484 2833 4523 nos
2876 4469 3140 4540 projicere
3183 4478 3376 4534 tentat,
3410 4485 3585 4539 genus

2015 4555 2297 4609 hominum
2339 4556 2747 4622 destructurus,
2783 4568 2836 4613 et
2864 4561 2958 4629 qui
2993 4560 3134 4612 mala
3171 4559 3500 4630 multiplicat
3527 4569 3587 4615 ut

2011 4661 2076 4700 eo
2107 4647 2262 4716 plura
2304 4648 2570 4702 beneficia
2604 4659 2908 4720 emergant,
2941 4660 2996 4706 et
3029 4663 3088 4706 ut
3124 4666 3188 4707 eo
3226 4651 3410 4722 plures
3450 4653 3587 4707 adu-

2012 4739 2231 4795 lationis
2261 4749 2548 4797 consortes
2583 4742 2798 4797 haheat.

2085 5027 2175 5080 57.
2214 5026 2378 5081 Plura
2412 5027 2593 5084 adhuc
2617 5028 2801 5086 dicere
2834 5032 2889 5085 in
2930 5034 3115 5088 animo
3149 5043 3286 5100 erat,
3323 5050 3356 5090 ο
3385 5034 3582 5090 fratres

2013 5126 2066 5171 ct
2100 5119 2296 5183 amici,
2349 5136 2452 5174 non
2494 5123 2640 5174 enim
2681 5137 2897 5193 tempus
2953 5127 3398 5180 scrmocinationi
3450 5142 3582 5180 meae

2013 5227 2332 5267 concessum
2365 5214 2594 5268 eﬂluxit.
2630 5216 2736 5270 Sed
2765 5233 2888 5273 cum
2919 5219 3117 5273 modus
3151 5218 3282 5271 mihi
3315 5219 3584 5274 tenendus

2011 5313 2116 5370 est,
2146 5320 2413 5375 perpauca
2443 5308 2691 5362 addendo
2718 5309 2877 5362 linem
2914 5310 3129 5364 dicendi
3172 5310 3392 5364 faciant.

2089 5482 2179 5540 58.
2225 5484 2471 5536 Vaunttm
2509 5485 2667 5548 Deus,
2695 5484 2958 5552 proximis
2986 5483 3188 5551 elapsis
3211 5481 3372 5536 annis
3403 5485 3580 5538 mani-

2015 5572 2244 5641 pulavit,
2286 5590 2392 5643 qua
2434 5591 2557 5638 nus,
2607 5575 2853 5627 teritatis
2900 5573 2968 5626 ad
3028 5573 3192 5628 υιςιιιιι
3245 5573 3577 5628 frumentum

2013 5663 2189 5718 factos
2245 5672 2299 5719 et
2347 5664 2562 5720 Satanae
2605 5680 2766 5733 opere
2804 5665 3000 5721 semini
3036 5667 3180 5721 malo
3215 5665 3404 5720 mundi
3443 5667 3584 5723 ulte-

2017 5758 2180 5814 I‘ioris
2213 5759 2480 5814 immistos
2506 5759 2646 5824 sicut
2680 5758 2856 5814 bonus
2889 5759 3125 5828 agricola
3155 5757 3502 5830 dijudicavit,
3527 5771 3584 5816 et
