3982 6246
310 337 422 402 729

1244 338 1366 404 ’ΒΕ
1415 345 1888 406 ΕΜΕΝῡΛΝῡΑ
1942 345 2117 408 VITA
2174 347 2632 412 MONACIIICA.

3458 350 3569 417 130

319 489 3569 545 Ἥ

1617 701 1761 814 EJ
1781 701 2248 818 USDEM

890 967 1037 1054 DE
1119 961 1858 1053 EMENDANDA
1905 965 2187 1052 VITA
2265 921 3030 1061 MONACHICA.’

323 1326 441 1384 Τοῦ
498 1322 688 1379 αὐτοῦ
739 1323 1084 1378 Εὐσταθίου
1137 1323 1597 1388 Θεσσαλονίκης
1652 1321 1892 1376 ἐπίσκε.

2006 1320 2256 1391 Ejusdem
2287 1322 2553 1378 Eustathii
2609 1325 3093 1385 Thessalonicensis
3120 1333 3235 1388 vita:
3263 1337 3572 1394 monastica:

391 1416 499 1484 ψις
547 1414 694 1478 ,ϐίον
733 1411 1068 1482 μοναχικοῦ
1109 1410 1209 1464 ἐπὶ
1251 1409 1559 1479 διορθώσει
1607 1409 1725 1464 τῶν
1768 1409 1902 1479 περὶ

389 1507 602 1561 αὐτόν.

392 1601 467 1649 α’.
498 1591 570 1649 Ὠ
612 1594 862 1664 ἀκριϐεῖς
914 1594 1142 1664 μοναχοί
1169 1609 1182 1625 ⁸
1226 1587 1271 1647 ὦ
1317 1593 1538 1664 ἀληθεῖς
1571 1595 1898 1664 Ναζιραῖοι·

316 1680 365 1740 ὦ
396 1687 750 1757 ἀναχωρηταί
775 1702 788 1714 ·
823 1684 868 1738 ὧ
894 1685 992 1755 τὴν
1021 1684 1230 1756 τύρϐην
1264 1685 1364 1756 μὲν
1404 1685 1656 1750 λιπόντες
1680 1687 1777 1740 καὶ
1810 1685 1903 1738 τὸν

315 1779 464 1832 κατὰ
499 1777 616 1848 βίον
653 1759 867 1846 ἀγῶνα,
901 1777 1001 1846 τῆς
1045 1777 1250 1845 γωνίας
1290 1777 1349 1831 δὲ
1379 1777 1466 1831 διὰ
1503 1779 1594 1831 τὸν
1630 1778 1763 1832 Θεδν
1805 1795 1902 1846 γε-

318 1869 561 1939 νόμενοιο
615 1868 712 1921 καὶ
755 1868 965 1939 κόσμου
1028 1867 1130 1936 μὲν
1182 1868 1619 1934 ἀπαναστάντες,
1670 1867 1792 1938 Θεῷ
1840 1867 1899 1922 δὲ

319 1960 844 2032 προσχωρήσαντες,
877 1958 974 2012 καὶ
1000 1962 1064 2030 τῇ
1099 1960 1415 2030 καταμόνας
1441 1959 1645 2030 ἠσυχίᾳ
1668 1959 1900 2030 πράξεσι

322 2052 643 2122 θεαρέστοις
683 2052 1172 2122 ὲγγυμνασάμενοι
1203 2052 1342 2122 πρὸς
1373 2052 1673 2117 ἐντέλειαν,
1711 2052 1803 2106 καὶ
1829 2054 1897 2124 τῇ

320 2143 530 2214 θεωρίᾳ
551 2142 926 2206 ἐπαναϐάντες
951 2144 1033 2207 είς
1051 2143 1113 2195 τὸ
1142 2143 1397 2212 ἀγχίθεον
1427 2146 1521 2199 καὶ
1543 2143 1716 2208 οὕτως
1743 2144 1900 2214 ίσάγ-

320 2236 504 2302 γελον·
543 2234 637 2288 καὶ
661 2234 761 2303 τὴν
792 2234 893 2304 μὲν
921 2235 1074 2288 κάτω
1101 2233 1348 2288 δουλείαν
1376 2235 1772 2306 ἀπειπάμενοι,
1799 2238 1897 2291 καὶ

319 2329 415 2380 τὸν
445 2327 546 2397 τῆς
594 2325 794 2390 κακίας
839 2325 1014 2389 οὕτως
1045 2328 1284 2398 ἄρχοντα
1313 2327 1701 2396 διεκφυγόντες
1745 2327 1898 2381 εὐλο-

321 2418 486 2487 γητοὶ
514 2418 804 2488 δραπέται,
839 2417 918 2489 τῷ
957 2418 1013 2472 δὲ
1062 2419 1234 2482 ιντως
1276 2417 1617 2490 ἐλευθερωτῇ
1647 2420 1896 2494 Δεσπότῃ

324 2511 816 2582 προσδραμόντες,
863 2511 961 2565 καὶ
1010 2510 1123 2564 τῶν
1167 2511 1373 2581 γηΐνων
1416 2510 1783 2583 ἁλλαξάμενοι
1826 2514 1896 2567 τὰ

322 2603 573 2673 οὐράνια·
603 2597 648 2656 ὦ
674 2603 852 2657 τοίνυν
879 2603 1038 2674 ὑμεῖς
1067 2604 1204 2657 ὅσιοι
1224 2603 1304 2673 τῷ
1329 2603 1466 2673 Θεῷ,
1497 2603 1592 2657 καὶ
1622 2605 1747 2658 ἀντὶ
1801 2621 1894 2658 κο-

329 2695 682 2763 σμοπολιτῶν
711 2696 1150 2765 οὐρανοπολῖται,
1176 2695 1428 2750 ἀκούοιτε
1479 2712 1583 2766 μου
1627 2697 1892 2766 εὐμενῶς,
1927 2675 1969 2726 Β

324 2786 667 2858 προθεμένου
702 2788 936 2859 λαλῆσαι
977 2789 1116 2858 πρὸς
1162 2789 1291 2852 τοὺς
1335 2789 1393 2840 ὲν
1434 2790 1547 2852 τοῖς
1580 2789 1704 2843 καθ’
1747 2790 1895 2860 ἡμᾶς

323 2880 620 2950 ἀνομοίους
650 2882 717 2952 τῇ
747 2881 804 2933 ὲν
832 2881 958 2949 ὑμῖν
991 2879 1257 2951 πολιτείᾳ,
1290 2881 1389 2934 καὶ
1415 2881 1684 2952 ὲγκρὰξαι
1711 2883 1896 2945 αὐτοῖς

322 2973 813 3042 ἁποπλανωμένοις
854 2971 956 3042 τῆς
986 2972 1203 3041 τρίῦου,
1243 2973 1310 3044 ῆν
1343 2972 1501 3043 ὑμεῖς
1533 2974 1767 3026 εῖλεσοε’
1801 2977 1895 3028 καί

327 3081 421 3136 μοι
452 3063 760 3137 συνάρασθε
798 3063 900 3132 τῆς
949 3063 1284 3134 προθέσεως,
1326 3064 1379 3116 εἴ
1406 3081 1523 3128 πως
1554 3064 1896 3134 βελτιωθεῖεν

323 3153 436 3209 τῶν
462 3171 607 3217 τινες
634 3152 764 3225 περὶ
793 3152 914 3224 ἐμὲ,
942 3145 1024 3215 οἷς
1047 3151 1167 3204 οὐδὲ
1189 3152 1582 3223 ἀποκρύψομαι
1611 3153 1771 3225 τήνδε
1797 3153 1897 3224 τὴν

324 3247 540 3316 λαλιὰν,
570 3246 688 3300 ἀλλ’
720 3247 800 3310 εἰς
837 3246 1080 3317 ἐμφανὲς
1119 3247 1460 3316 ἀναμνήσας,
1493 3247 1524 3318 ἢ
1560 3248 1894 3302 ἀνακαλέσο-

325 3357 428 3410 μαι
453 3339 553 3411 τῆς
582 3339 928 3411 ἀδελτερίας,
954 3339 987 3408 ἢ
1011 3339 1148 3392 ἀλλὰ
1172 3339 1232 3393 τὸ
1259 3338 1393 3408 γοῦν
1433 3339 1565 3410 ὲμδν
1591 3341 1898 3412 ἀποπλήσω

323 3432 507 3503 χρέος,
558 3432 654 3485 καὶ
681 3432 910 3500 ἐλέγξω,
956 3431 1056 3485 καὶ
1084 3433 1498 3503 ἀνεπιτιμήτως
1525 3431 1896 3503 παρακαλέσω

325 3526 619 3596 (ἐπιτιμᾷν
639 3523 750 3597 γὰρ
773 3525 960 3588 αὐτοῖς
986 3525 1086 3579 οὒκ
1107 3524 1311 3596 ἔστιν),
1335 3526 1412 3591 ὡς
1433 3525 1554 3579 οὐδὲ
1578 3526 1689 3590 τοῖς
1715 3527 1897 3597 πλημ-

327 3615 510 3686 μελῶς
550 3615 898 3685 πεπληγόσιν
949 3617 1029 3680 εἰς
1063 3616 1229 3687 βάθος
1269 3618 1574 3671 ὲπισπάσαι
1620 3619 1776 3690 ῥίζας
1804 3635 1896 3671 πι-

325 3708 488 3776 κρὰς,
511 3705 546 3777 ἢ
575 3706 775 3777 δριμέα
798 3706 1150 3777 προσπλάσαι
1175 3707 1470 3779 φάρμακαο
1504 3709 1597 3763 καὶ
1626 3708 1766 3772 τέως
1792 3710 1899 3780 πρό

327 3816 392 3866 γε
431 3800 541 3854 τῶν
570 3799 748 3853 ἄλλων
792 3799 1018 3870 μνήμην
1052 3801 1236 3864 αὐτοῖς
1271 3800 1613 3855 ἀνακαινίσω
1641 3801 1738 3855 τοῦ
1777 3818 1900 3856 σκο-

325 3889 458 3956 ποῦ,
488 3889 612 3944 καθ’
643 3890 703 3943 δν
736 3889 1072 3954 ἀπελέξαντο
1099 3891 1198 3962 τὴν
1239 3889 1436 3962 λαῖκὴν
1467 3891 1777 3963 κοινότητα,
1807 3895 1901 3946 καὶ

2077 1416 2436 1472 consideratio
2509 1421 2578 1473 ad
2652 1421 3074 1477 emendationem
3119 1441 3301 1479 eorum
3361 1430 3452 1498 qui
3525 1430 3574 1483 ei

2077 1523 2262 1562 nomen
2298 1509 2582 1566 dederunt.

2078 1597 2192 1654 LO
2219 1602 2430 1656 strenui
2467 1602 2745 1666 monachi,
2777 1618 2811 1658 ο
2845 1605 2957 1659 veri
2989 1603 3217 1662 Nazirari
3240 1646 3254 1671 ,
3282 1623 3315 1662 ο
3338 1609 3577 1664 anacho-

2000 1697 2172 1751 retas!
2206 1710 2303 1750 vos
2333 1693 2426 1763 qui
2467 1694 2656 1750 mundi
2693 1703 2748 1750 et
2792 1697 2915 1750 vita:
2946 1698 3151 1752 relictis
3191 1701 3356 1767 curis,
3391 1703 3575 1771 anguli

2004 1803 2135 1844 vero
2185 1796 2409 1858 propter
2446 1785 2616 1842 Deum
2652 1788 3015 1856 habitatores,
3044 1807 3074 1845 e
3102 1793 3308 1847 mundo
3352 1793 3574 1862 quidem

2002 1880 2330 1945 recessistis,
2396 1880 2505 1936 Deo
2536 1896 2666 1936 vero
2720 1883 3242 1954 apprOpinquantes,
3290 1887 3347 1940 in
3387 1887 3579 1942 solita-

2000 1973 2084 2029 ria
2123 1973 2517 2043 tranquillitate
2571 1974 2832 2044 operibus
2875 1975 2986 2031 Deo
3020 1977 3188 2045 gratis
3225 1992 3324 2033 vos
3352 1978 3419 2032 ad
3449 1993 3574 2047 pcr-

1999 2062 2288 2120 fectionem
2311 2073 2651 2134 exercentes,
2677 2071 2731 2119 et
2755 2067 3215 2137 contemplatione
3254 2067 3322 2122 ad
3368 2069 3573 2123 cultum

2001 2153 2114 2210 Deo
2146 2157 2459 2227 propiorem
2490 2163 2545 2212 et
2584 2156 2664 2212 sic
2715 2157 2926 2228 angelis
2967 2173 3154 2228 parem
3190 2159 3573 2226 ascendentes,

2001 2257 2261 2304 terrestre
2311 2249 2535 2320 quidem
2580 2251 2863 2306 servitium
2894 2259 3220 2312 renuentes.
3263 2260 3318 2306 et
3353 2253 3574 2312 malitiae

1999 2343 2077 2398 sic
2099 2341 2400 2413 principem
2434 2341 2724 2414 fugientes,
2759 2343 3030 2400 benedicti
3058 2343 3354 2414 transfugae
3377 2344 3444 2400 ad
3477 2359 3575 2400 ve-

1999 2451 2121 2491 rum
2165 2436 2518 2492 liberatorem
2554 2436 2845 2492 Dominum
2885 2445 3170 2494 currentes
3203 2446 3260 2493 et
3289 2436 3575 2494 terrestria

1996 2529 2318 2586 coelestibus
2355 2529 2753 2595 immutantes;
2801 2545 2834 2585 ο
2867 2543 2965 2584 vos
3012 2527 3325 2600 igitur'Deo
3371 2530 3572 2584 sacrati

1997 2632 2052 2679 et
2075 2622 2364 2678 mundanae
2394 2621 2752 2678 habitationis
2777 2623 2900 2678 loco
2940 2621 3180 2688 caelites,
3207 2622 3440 2693 benigne
3485 2638 3574 2678 me

2000 2716 2204 2782 audite,
2241 2713 2334 2785 qui
2377 2715 2446 2770 ad
2485 2715 2780 2772 dissimiles
2823 2717 2965 2772 inter
2995 2731 3094 2773 nos
3124 2717 3194 2772 ab
3227 2717 3574 2772 ordinatione

2000 2818 2180 2865 vestra
2201 2807 2346 2880 loqui
2368 2807 2708 2880 propono,[et
2729 2809 2878 2879 ipsos
2893 2821 3122 2877 arguere
3142 2824 3172 2864 a
3194 2811 3390 2864 semita
3409 2823 3571 2878 quam

1998 2917 2098 2958 vos
2141 2902 2386 2972 elegistis
2439 2901 2772 2958 deviantes:
2826 2911 2881 2956 et
2935 2903 3218 2972 proposito
3266 2916 3387 2957 meo
3439 2915 3574 2957 con-

2003 2996 2207 3048 formes
2256 2994 2401 3057 sitis,
2449 2993 2495 3049 si
2543 2992 2684 3049 forte
2717 2993 2974 3050 meliores
3028 2993 3305 3049 evaserint
3351 2994 3571 3064 quidam

2000 3085 2171 3140 dehis
2201 3084 2292 3155 qni
2317 3091 2498 3152 partes
2529 3098 2676 3140 meas
2707 3091 2924 3150 tenent;
2947 3092 3003 3140 et
3039 3083 3242 3156 quibus
3269 3083 3373 3140 hoc
3398 3084 3574 3140 collo-

1999 3178 2187 3248 quium
2243 3191 2351 3231 non
2409 3175 2621 3240 celabo,
2666 3176 2760 3231 sed
2802 3177 2856 3230 in
2901 3176 3079 3232 lucem
3133 3175 3441 3245 producens
3478 3185 3575 3231 aut

2001 3269 2068 3325 ab
2112 3268 2424 3339 insipientia
2456 3267 2725 3324 revocabo
2762 3276 2857 3323 aut
2901 3268 3062 3324 aliter
3090 3267 3269 3324 cilicio
3299 3284 3420 3325 meo
3451 3284 3575 3338 per-

1999 3364 2198 3432 tungar
2235 3371 2291 3417 et
2321 3375 2548 3433 arguam
2578 3371 2636 3416 et
2688 3361 3242 3432 irreprebensibiliter
3291 3363 3573 3418 advocabo

2000 3453 2424 3526 (reprehendere
2458 3453 2604 3510 enim
2649 3452 2772 3512 illos
2803 3468 2914 3510 non
2961 3452 3115 3525 licet)
3163 3461 3424 3524 tanquam
3462 3471 3570 3510 non

2002 3547 2073 3602 sit
2119 3546 2509 3602 convenienter
2541 3544 2646 3601 alte
2687 3559 3074 3618 percussorum
3110 3543 3326 3600 radices
3357 3557 3573 3600 amaras

2000 3641 2330 3706 extraxisse,
2373 3648 2468 3695 aut
2520 3643 2713 3695 acerba
2773 3638 3175 3695 medicamenta
3224 3637 3571 3703 confecisse;

2000 3742 2056 3790 et
2106 3742 2235 3790 tunc
2268 3743 2395 3790 ante
2425 3735 2530 3788 alia
2566 3732 2885 3789 memoriam
2936 3731 3075 3803 ipsis
3103 3730 3364 3787 reducam
3420 3729 3573 3799 scopi

2004 3831 2228 3894 propter
2255 3838 2417 3893 quem
2461 3822 2660 3878 laicum
2697 3821 3112 3889 commercium,
3147 3829 3201 3876 et
3239 3819 3364 3877 licet
3408 3835 3574 3875 mun-

2001 3913 2198 3968 danam
2253 3927 2597 3969 communem
2645 3913 2812 3968 vitam
2841 3911 3164 3982 elegerunt;
3190 3920 3245 3966 et
3275 3911 3330 3966 in
3356 3910 3575 3966 deside-

327 3984 387 4036 τὸ
429 3982 576 4036 οὕτω
616 3981 882 4052 κοσμικδν
918 3983 1208 4037 κοινόδιονο
1242 3985 1338 4038 καὶ
1385 3986 1462 4048 είς
1511 3984 1811 4056 ἐνθύμησιν
1841 3985 1898 4040 δὲ

2006 4007 2147 4062 rium
2197 4006 2451 4062 inveham
2489 4005 2914 4074 promissionum
2969 4018 3108 4073 quas
3147 4004 3402 4058 secunda:
3448 4004 3572 4059 vitae

329 4074 653 4145 ἀνακομίσω
683 4074 792 4131 τῶν
823 4075 1200 4146 ὑποσχέσεων,
1254 4077 1319 4140 ἃς
1354 4077 1448 4131 τοῦ
1487 4077 1739 4148 δευτέρου
1779 4077 1896 4148 βίου

328 4173 807 4244 προκατεδάλοντο
841 4172 930 4225 ἐπ’
955 4173 1120 4227 αὑτοῦ
1155 4174 1462 4242 ἁγιωτάτου
1493 4174 1739 4246 ἀρχείου,
1769 4173 1899 4228 ἔνθα

333 4263 548 4334 βασιλεῖ
591 4263 838 4333 μεγίστῳ
875 4261 954 4332 τῷ
990 4263 1111 4334 Θεῷ
1151 4265 1248 4317 ἐπὶ
1288 4265 1596 4334 συγκλήτου
1634 4265 1736 4334 τῆς
1778 4265 1898 4317 κατ’

329 4355 493 4408 αὑτὸν
535 4353 815 4418 ἐτάξαντο.

402 4447 471 4516 β’.
507 4446 728 4500 Τούτων
775 4446 832 4498 δὲ
885 4445 1368 4517 προϐεϐλημένων,
1415 4447 1513 4514 τῆς
1561 4447 1896 4518 προθέσεως.

332 4541 499 4609 λέγω,
523 4541 590 4611 ἢν
625 4539 874 4602 ἑκάστοις
905 4543 931 4594 ὁ
975 4540 1093 4594 νοῦς
1127 4539 1378 4610 ὠδίνησε,
1411 4539 1504 4593 καὶ
1533 4539 1630 4608 τῆς
1666 4541 1899 4609 ὑποσχέ-

332 4650 493 4700 σεως,
526 4634 594 4705 ἢν
629 4635 920 4700 ἀπέτεκεν,
958 4634 1200 4703 ἐκφήνας
1239 4632 1411 4694 αὑτὰς
1430 4631 1510 4694 είς
1543 4630 1744 4700 γνῶσιν
1771 4631 1900 4686 ὲ.νῶ-

331 4740 456 4778 πιον
511 4723 839 4794 ἀνθρώπων,
885 4724 978 4788 οὒς
1012 4726 1038 4778 ὁ
1072 4725 1275 4778 καθὲνα
1321 4725 1543 4796 ἤθροισε
1591 4724 1898 4794 πανηγυρί-

335 4833 532 4879 σοντας
575 4817 670 4870 ἐπὶ
717 4820 784 4888 τῇ
821 4818 987 4871 αὑτοῦ
1037 4819 1304 4890 σωτηρίᾳ,
1346 4819 1440 4874 καὶ
1475 4818 1584 4890 πρό
1626 4835 1689 4886 γε
1722 4817 1900 4870 αὐτῶν

332 4911 427 4962 ἐπὶ
448 4908 608 4974 Θεοῦ,
654 4911 745 4965 καὶ
771 4911 879 4964 τῶν
910 4911 1074 4964 αὑτοῦ
1103 4911 1375 4980 ἀγγέλων,
1407 4907 1527 4966 εἶτα
1554 4912 1900 4983 προενέγκω·

335 5020 435 5073 μαι
466 5004 547 5068 είς
581 5003 797 5057 ἔκθεσιν
823 5004 921 5056 οὐκ
954 5004 1446 5075 ἀμφιϐαλλομένην
1485 5005 1724 5068 καὶτοὺς
1753 5005 1900 5075 βίους

333 5098 556 5160 καὶτὰς
603 5095 902 5160 πολιτείας,
952 5089 1028 5150 ὧν
1080 5095 1322 5162 γίνονται
1347 5097 1395 5150 oi
1427 5097 1636 5149 ἐνδατοί
1675 5097 1900 5166 μοναχοὶ

335 5189 472 5258 μετὰ
503 5189 602 5258 τὴν
633 5189 726 5242 τοῦ
756 5190 959 5261 κόσμου
984 5189 1329 5258 ἀπαλλαγήν*
1355 5189 1425 5250 ὡς
1447 5187 1534 5251 ἂν,
1567 5191 1615 5240 εί
1637 5189 1738 5258 μὲν
1761 5189 1900 5242 καλά

334 5283 573 5346 ποιοῦσι,
605 5281 701 5335 καὶ
744 5281 899 5352 ὑμῶν
943 5281 1051 5334 τῶν
1092 5280 1263 5350 ἁγίων
1309 5279 1458 5345 ἄξια,
1510 5281 1644 5349 πρὸς
1686 5281 1779 5344 οὓς
1821 5281 1897 5344 ὡς

333 5377 621 5446 ἀρχέτυπα
644 5376 764 5429 θεῖα
795 5373 1090 5429 τυποῦνται
1115 5373 1207 5428 καὶ
1227 5375 1550 5444 γράφονται,
1588 5373 1728 5426 καθὰ
1758 5373 1897 5443 πέμ-

335 5485 494 5522 πουσι
523 5469 772 5538 δόκησιν,
817 5467 1224 5538 ἑπευλογήσητε
1267 5467 1487 5532 αὐτοὺς,
1528 5469 1616 5520 καὶ
1662 5467 1728 5519 τὰ
1759 5467 1897 5537 ἔργα

335 5561 444 5614 τῶν
475 5559 681 5630 χειρῶν
706 5560 883 5613 αὐτῶν
923 5561 1326 5624 κατευθυνεῖτε,
1371 5557 1656 5627 ψαλμιιιῶς
1698 5560 1895 5622 εἰπεῖν,

336 5655 422 5706 ἐπ’
456 5654 674 5715 αὐτούς.
715 5654 779 5706 Εἰ
821 5653 878 5705 δὲ
923 5652 997 5714 ὡς
1027 5653 1400 5721 ἐκλαθόμενοι,
1449 5653 1531 5704 ὅτι
1579 5652 1896 5720 μονάζουσι,

335 5748 512 5802 πάντα
541 5745 706 5802 τᾶλλα
744 5745 1006 5813 ποιοῦσιν,
1043 5748 1184 5818 ἥπερ
1213 5745 1270 5797 τὸ
1305 5745 1581 5814 προτεθὲν,
1624 5745 1654 5814 ἢ
1694 5745 1896 5796 οἰκονο-

2001 4108 2130 4153 ante
2180 4107 2393 4166 tempus
2442 4095 2719 4152 solverant
2759 4109 2942 4150 coram
2971 4093 3327 4150 sanctissimo
3356 4109 3570 4165 praepo-

2003 4189 2233 4243 sitorum
2285 4193 2455 4253 coetu,
2506 4185 2598 4240 ubi
2637 4185 2745 4254 regi
2772 4185 3015 4238 maximo
3051 4185 3162 4239 Deo
3199 4199 3324 4239 cum
3367 4200 3570 4241 convo-

2001 4288 2126 4334 cato
2170 4285 2316 4332 coetu
2354 4276 2446 4347 qui
2480 4276 2572 4330 Dei
2616 4285 2700 4330 est
2729 4273 2964 4329 ordinati
2996 4284 3146 4330 sunt.

2072 4459 2123 4511 2.
2161 4455 2254 4509 llis
2288 4453 2602 4525 praemissis.
2635 4450 2924 4523 prapositi,
2954 4451 3102 4516 dico,
3142 4451 3283 4521 quod
3338 4451 3570 4522 singuas

2003 4565 2157 4605 mens
2217 4547 2530 4618 parturivit,
2589 4556 2643 4602 et
2709 4543 3100 4614 promissionis
3156 4557 3317 4613 quam
3364 4545 3573 4614 peperit

2007 4642 2127 4696 illas
2154 4643 2208 4694 iu
2268 4639 2637 4708 cognitionem
2699 4635 2960 4692 cmittens
3018 4649 3204 4691 coram
3256 4634 3572 4690 hominibus

2003 4749 2141 4803 quos
2169 4733 2333 4789 unius
2370 4745 2518 4787 more
2548 4731 2898 4801 congregavit
2937 4727 3134 4784 festum
3190 4734 3413 4798 agentes
3472 4741 3571 4795 pro

2007 4829 2204 4882 mentis
2235 4826 2481 4896 ejusdem
2515 4824 2720 4891 salute,
2743 4833 2799 4878 et
2831 4831 2960 4878 ante
2987 4822 3318 4901 omnia.pro
3358 4819 3469 4875 Deo
3517 4828 3574 4874 et

2003 4918 2212 4988 angelis
2259 4918 2419 4989 ejus,
2476 4914 2672 4988 deinde
2738 4913 2792 4968 in
2848 4911 3292 4984 explanationem
3357 4912 3571 4966 adduco

2004 5009 2229 5064 minime
2303 5008 2521 5062 dubiam
2586 5006 2856 5076 et‘vitas
2913 5015 2968 5060 et
3045 5007 3264 5074 regendi
3330 5006 3570 5058 rationes

2004 5112 2230 5169 quarum
2261 5095 2555 5166 participes
2574 5093 2711 5148 ﬁunt
2737 5094 3004 5162 indigenae
3028 5090 3277 5147 monachi
3311 5099 3434 5160 post
3474 5103 3567 5143 sc-

2005 5189 2340 5259 parationcm
2368 5203 2398 5241 a
2436 5185 2669 5250 mundo;
2711 5186 2782 5238 ita
2827 5194 2886 5239 ut
2919 5184 2961 5238 si
3011 5184 3226 5253 quidem
3260 5181 3400 5236 bona
3431 5193 3567 5250 ope-

2008 5288 2200 5332 rantur
2235 5288 2287 5331 ct
2326 5275 2494 5332 vestri
2526 5283 2842 5331 sanctorum
2879 5273 3040 5340 digna
3087 5287 3184 5340 pro
3227 5269 3428 5339 quibus
3475 5283 3563 5324 ar-

2002 5373 2228 5440 chetypa
2266 5369 2450 5443 divina
2498 5367 2879 5436 insculpantur
2911 5374 3006 5417 aut
3042 5363 3372 5428 scribantur,
3421 5363 3568 5420 sicut

2002 5464 2261 5518 emittunt
2293 5460 2781 5528 exspectationem,
2817 5471 2913 5511 eos
2947 5455 3258 5509 benedicite
3305 5467 3359 5509 et
3398 5470 3564 5526 opera

2003 5575 2261 5614 manuum
2289 5573 2477 5612 eorum
2527 5554 2751 5622 dirigite
2794 5565 2960 5619 super
3017 5566 3112 5605 cos
3137 5591 3153 5614 ,
3187 5559 3248 5604 ut
3303 5551 3379 5604 ait
3416 5549 3568 5606 Psal-

2007 5652 2189 5705 mista.
2227 5650 2281 5703 Si
2314 5664 2441 5702 vero
2475 5657 2733 5712 tanquam
2764 5642 2916 5696 obliti
2955 5642 3099 5712 quod
3139 5643 3390 5697 monachi
3413 5651 3563 5706 sunt,

2001 5743 2183 5797 omnia
2230 5743 2332 5796 alia
2382 5736 2585 5794 [auium
2618 5735 2756 5789 sicut
2801 5735 3138 5805 prepositum
3180 5743 3282 5802 est,
3314 5743 3404 5789 aut
3453 5735 3567 5791 dis-
