3982 6246
433 305 539 382 πει

1155 303 1579 368 EUSTA-THll
1610 304 2372 367 TllESSALONICENSlS
2405 304 2976 366 METROPOLlT/E

3585 309 3705 377 ’132

435 421 670 490 pensate
695 381 1097 472 correctionem
1125 428 1248 484 qua!
1278 428 1414 484 IpSIS
1451 413 1738 484 competit,
1783 413 2010 468 abolen—

2123 427 2330 484 μησητε
2363 414 2653 484 διόρθωσιν
2697 416 2799 482 τὴν
2839 409 2928 466 ἐπ’
2970 408 3178 480 αὺτοῖς,
3221 427 3706 488 καταργῆσαντες,

436 526 522 564 tes
555 522 678 578 quae
705 516 918 576 operati
953 516 1123 567 sunt;
1155 513 1250 560 aut
1292 504 1431 561 alias
1466 521 1566 575 pro
1617 505 1780 560 nobis
1826 521 2022 575 opera-

437 601 573 656 mini
605 615 704 670 pro
741 600 851 654 Deo
884 599 1161 669 legatione
1193 597 1516 668 fungentes,
1567 597 1765 652 anima:
1807 600 2020 654 sereni-

432 698 624 756 tatem,
667 691 796 759 quia
821 704 969 745 nunc
995 705 1104 744 non
1134 690 1189 744 in
1213 690 1422 746 malitia
1477 690 1753 750 stetimus,
1784 705 2020 759 quorum

433 781 730 851 perniciosi
749 781 1150 852 agitantventi,
1177 783 1611 845 sicutvidemus,
1632 783 1928 837 salutarem
1953 783 2020 838 si-

435 889 592 938 num,
617 875 712 944 qui
732 875 881 929 solus
899 876 982 930 eis
1011 875 1105 944 qui
1132 875 1303 929 evitae
1322 875 1458 929 mari
1477 875 1759 945 appellunt
1778 875 1842 928 ad
1867 889 2022 930 secu—
2067 947 2078 960 ι

435 980 529 1020 ros
571 974 786 1034 portus,
826 967 1050 1028 brachia
1093 966 1375 1031 oﬂ‘erens,
1440 967 1702 1022 salutaria
1744 968 2017 1037 proponit.

508 1057 784 1128 5.ltaque
839 1074 868 1113 a
933 1073 1193 1114 sermone
1254 1073 1446 1114 nostro
1499 1060 1826 1130 projiciatur
1873 1060 2019 1130 quod

433 1159 842 1221 proposuerunt
877 1150 1112 1220 quando
1177 1150 1245 1205 ab
1292 1151 1450 1206 initio
1504 1153 1629 1206 vitae
1674 1152 1877 1206 exitum
1925 1167 2023 1206 cu-

438 1252 742 1308 raverunt;
772 1257 871 1298 nec
923 1243 1058 1297 inibi
1095 1243 1255 1313 longo
1279 1259 1534 1298 sermone
1568 1260 1708 1314 opus
1741 1246 1846 1298 erit
1876 1286 1889 1308 ,
1919 1259 2022 1300 nec

434 1343 654 1405 tempus
713 1349 1038 1390 consumam
1084 1336 1228 1390 ultra
1281 1335 1435 1405 quod‘
1471 1336 1626 1391 decet
1672 1336 2018 1392 disserendo.

439 1425 594 1482 Sicut
646 1427 818 1492 enim,
849 1427 1074 1496 inquam
1101 1468 1114 1492 ,
1144 1427 1340 1481 animae
1367 1427 1518 1481 salus
1537 1437 1591 1482 et
1614 1427 1680 1482 ad
1713 1427 1907 1496 Deum,
1942 1429 2022 1486 sic

437 1518 688 1575 studium
716 1535 812 1575 eos
861 1520 1082 1576 reduxit
1112 1535 1142 1574 a
1177 1521 1288 1574 vita
1327 1533 1356 1572 a
1387 1535 1494 1590 qua
1539 1536 1717 1590 nuper
1751 1523 2020 1578 desertio-

428 1614 560 1666 nem
624 1612 890 1668 fecerant.
947 1611 1081 1667 Nam
1137 1627 1255 1668 eam
1317 1613 1536 1683 quidem
1596 1615 2020 1682 damnaverunt,

431 1704 714 1760 meliorem
746 1719 878 1760 vero
909 1705 1215 1773 elegerunt,
1245 1705 1608 1775 apostolicam
1635 1707 1870 1777 ideoque
1904 1722 2009 1761 au-

2119 503 2156 558 ὃ.
2187 504 2527 573 ἐνεργοῦσιν,
2575 505 2606 573 ἢ
2657 503 2790 560 ἀλλὰ
2832 503 3344 576 πραγματεύσησθε
3378 509 3536 577 ἡμῖν,
3583 503 3709 580 Θεῷ

2122 595 2544 665 πρεσϐεύοντες,
2591 595 2837 667 γαλήνην
2886 596 3091 666 ψυχῆς·
3121 597 3196 660 ὡς
3242 596 3338 652 νῦν
3384 615 3448 666 γε
3495 600 3600 653 οῦκ
3648 603 3710 654 ὲν

2121 687 2420 757 ἀκυμάντῳ
2441 687 2806 757 καθέσταμεν,
2834 684 2915 750 οἷς
2948 688 3238 758 πνεύματα
3261 690 3476 761 πονηρὰ
3496 693 3709 763 ταράτ-

2120 797 2325 845 τουσιν,
2359 780 2459 832 ὅσα
2492 798 2553 848 γε
2581 781 2678 832 καὶ
2707 782 2858 852 ἡμᾶς
2887 780 3130 852 βλέπειν,
3169 782 3370 837 κόλπον
3405 786 3708 856 σωτήριον,

2121 872 2180 936 ὃς
2209 873 2368 941 μόνος
2398 873 2498 943 τῆς
2528 873 2592 925 ὲκ
2638 872 2923 944 θαλάσσης
2959 873 3076 944 βίου
3109 875 3464 946 καταίρουσιν
3534 877 3712 930 ἀκλύ-

2124 983 2281 1026 στους
2315 965 2519 1034 ὅρμους
2556 965 2989 1034 ἀγκαλιζόμενος
3019 967 3289 1034 ἐγγυᾶται
3329 968 3398 1020 τὰ
3435 967 3706 1032 σώζοντα.

2192 1064 2271 1125 γ’.
2301 1057 2622 1127 Προκείσοω
2650 1058 2831 1110 τοίνυν
2859 1057 2954 1111 τοῦ
2986 1057 3146 1126 λόγου
3187 1060 3340 1128 ἡμῖν,
3375 1060 3513 1130 ὅπερ
3551 1061 3711 1112 αὐτοὶ

2083 1162 2088 1167 ’
2123 1149 2440 1220 προέθεντο,
2493 1149 2659 1218 ἡνίκα
2688 1149 2789 1220 τὴν
2839 1149 3017 1220 ἀρχὴν
3057 1150 3398 1220 ἐμελέτησαν
3446 1151 3710 1218 γενέσθαι

2123 1240 2366 1294 ἀπόδιοι·
2419 1242 2515 1293 καὶ
2558 1242 2618 1294 οὺ
2662 1242 2928 1311 δεήσομαι
2974 1241 3136 1309 λόγου
3178 1241 3396 1313 μακροῦ
3442 1241 3711 1306 ἐνταῦθα,

2121 1333 2244 1385 οὐδὲ
2275 1333 2454 1404 τρίψω
2491 1335 2703 1404 χρόνον,
2735 1334 2879 1401 πέρα
2924 1331 3019 1385 τοῦ
3051 1333 3262 1395 δέοντος
3289 1333 3715 1401 έμπλατυνόμε-

2123 1440 2234 1487 νος.
2277 1423 2366 1486 Ὠς
2407 1423 2540 1494 γὰρ,
2572 1424 2702 1487 ἔπος
2732 1428 2925 1493 φάναι,
2959 1425 3206 1494 σωτηρία
3232 1424 3415 1495 ψυχῆς
3445 1425 3544 1478 καὶ⁵
3573 1427 3714 1495 πρὸς

2123 1515 2277 1581 Θεὸν,
2300 1514 2476 1581 οὕτως
2491 1518 2768 1582 οἰκείωσις
2785 1519 3168 1586 ἁπανέστησεν
3186 1518 3406 1582 αὐτοὺς,
3427 1513 3494 1590 ἦς
3515 1518 3714 1590 πρώην

2126 1610 2540 1680 μετεποιοῦντο,
2574 1611 2744 1681 ζωῆς.
2774 1611 2958 1681 Αὐτῆς
2983 1610 3083 1681 μὲν
3109 1613 3219 1681 γὰρ
3245 1611 3552 1680 κατέγνων,
3583 1613 3718 1665 ὲπέο

2124 1719 2318 1772 κριναν
2354 1701 2412 1756 δὲ
2459 1703 2558 1774 τὴν
2585 1703 2856 1775 βελτίονα,
2905 1704 3004 1774 τὴν
3053 1703 3448 1774 ἀποστολικὴν,
3479 1704 3575 1756 καὶ
3626 1703 3718 1756 διὰ

435 1795 691 1866 gelicam;
746 1806 802 1851 et
852 1798 985 1852 huic
1013 1797 1432 1865 incumbentes,
1486 1800 1887 1868 elongaverunt
1932 1798 2016 1854 fu-

2123 1794 2284 1848 τοῦτο
2315 1797 2640 1867 ἁγγελικὴνο
2665 1797 2762 1850 καὶ
2789 1796 2925 1866 πρὸς
2950 1797 3087 1867 αὐτῇ
3118 1796 3420 1866 γενόμενοι,
3461 1798 3612 1866 ὲμάκ
3625 1813 3717 1868 ρυ-

421 1888 671 1956 'gientes,
722 1889 868 1942 sicut
926 1889 983 1942 in
1060 1889 1284 1944 deserto
1355 1891 1642 1959 mansuri;
1708 1892 2019 1962 praesertim

431 1980 655 2048 quidem
681 1979 824 2036 sicut
859 1980 914 2035 in
949 1983 1600 2060 promissionisterram
1648 1985 2019 2052 restituendi;

428 2088 526 2142 per
553 2089 719 2142 quam
757 2073 922 2128 vitam
949 2083 1215 2145 tanquam
1255 2077 1366 2132 Deo
1395 2087 1628 2133 vocante
1661 2078 1922 2134 exierunt
1951 2079 2019 2135 ab

427 2167 852 2232 ipsorum‘terra
890 2177 943 2222 et
964 2170 1334 2236 cognatione,
1390 2177 1447 2224 et
1492 2181 1766 2226 venerunt
1801 2171 1858 2226 in
1913 2181 2024 2228 ter-

425 2269 544 2310 ram
581 2264 635 2311 et
665 2256 832 2310 vitam
865 2259 1084 2328 qualem
1126 2260 1270 2316 Deus
1300 2261 1545 2316 ostendit
1579 2261 1649 2318 iis
1699 2263 1795 2333 qui
1839 2264 2020 2319 Abra-

427 2335 580 2403 hami
632 2361 821 2419 partes
857 2358 1067 2418 tenent,
1099 2361 1152 2407 et
1191 2363 1460 2424 quotquot
1500 2353 1597 2409 illo
1628 2356 1775 2426 digni
1811 2367 1963 2412 sunt.

495 2441 551 2494 4.
577 2439 643 2493 Ει
667 2440 757 2495 hic
775 2441 994 2510 quidem
1014 2441 1152 2512 ipsis
1175 2445 1358 2499 exsilii
1390 2446 1687 2513 terminus,
1709 2447 1871 2516 cujus
1893 2436 2023 2518 gra-

427 2532 502 2584 tia
539 2531 628 2585 hic
660 2534 947 2586 mulierem
975 2542 1030 2588 et
1057 2534 1286 2602 liberos,
1307 2536 1401 2591 ille
1449 2537 1819 2594 substantiam
1849 2550 1903 2595 et
1927 2555 2024 2611 pe-

425 2621 670 2690 ripsema
691 2637 856 2679 omne
873 2626 999 2680 vita:
1025 2628 1369 2695 commercii,
1391 2629 1537 2685 sicut
1556 2630 1760 2687 dixerit
1789 2631 2014 2704 aliquis,

427 2713 732 2782 generatim
761 2729 893 2770 vero
922 2719 1115 2773 cuncti
1143 2721 1378 2790 quodvis
1409 2723 1719 2778 secundum
1745 2725 2016 2780 mundum

427 2805 676 2874 cupitum
704 2805 1050 2878 deserentes,
1075 2825 1244 2866 unam
1289 2815 1676 2885 eamdemque,
1709 2817 2018 2873 secundum

427 2903 578 2974 quod
603 2903 738 2975 ipsis
771 2907 1119 2976 propositum
1147 2919 1293 2975 erat,
1331 2908 1622 2978 elegerant
1657 2911 1831 2966 vitam
1863 2952 1878 2977 ,
1929 2912 2022 2967 cui

425 2995 753 3052 insistentes
778 3005 834 3052 et
898 3013 1022 3054 sese
1072 2999 1430 3071 accingentes
1478 3003 1546 3056 ad
1601 3017 1770 3074 opera
1816 3005 2022 3075 quibus

427 3090 684 3146 homines
720 3090 828 3147 tale
858 3093 1151 3148 consilium
1184 3096 1464 3166 capientes
1494 3097 1554 3151 in
1602 3105 1810 3153 rectam
1854 3098 2021 3154 semi-

429 3194 538 3238 tam
572 3183 944 3253 deducuntur,
972 3185 1138 3255 idque
1166 3201 1276 3242 non
1328 3189 1661 3258 simpliciter
1716 3197 1856 3246 etut
1901 3190 2018 3246 fors

430 3277 624 3331 tulerit
657 3285 712 3333 et
777 3287 834 3332 ut
878 3279 984 3350 ipsi
1020 3281 1266 3350 voluere,
1330 3284 1594 3354 operibus
1621 3282 1839 3351 ,diviuis
1896 3292 2017 3340 stu-

425 3368 686 3424 duerunt.
713 3368 992 3440 Numquid
1023 3377 1172 3428 enim
1205 3378 1272 3429 de
1321 3375 1441 3431 suis
1488 3377 1732 3447 peccatis
1780 3393 2017 3432 excusa-

427 3463 632 3517 tionem
697 3464 1000 3532 haberent,
1064 3475 1253 3535 utpote
1310 3469 1402 3537 qui
1464 3469 1572 3540 ipsi
1639 3479 2014 3537 teutaverunt,

427 3555 532 3627 ipsi
561 3559 932 3625 devoverunt,
970 3561 1071 3632 ipsi
1119 3575 1426 3633 cmperunt,
1465 3565 1610 3618 viam
1668 3565 1890 3620 nemine
1933 3581 2018 3620 re—

428 3651 660 3718 ferente,
722 3653 941 3707 nemine
999 3652 1294 3720 edocente,
1368 3656 1591 3710 nemine
1648 3657 1790 3710 viam
1861 3671 2020 3711 mon-

427 3751 656 3809 strante,
681 3744 912 3818 nemine
949 3742 1285 3816 impediente
1318 3763 1333 3814 ;
1374 3747 1610 3818 ideoque
1642 3751 1781 3804 nihil
1811 3751 2012 3804 mirum

427 3835 640 3889 faciunt
671 3837 715 3891 si
758 3835 902 3890 viam
946 3837 1111 3891 aliam
1144 3853 1209 3893 ac
1253 3840 1593 3910 pr0positam
1639 3843 1813 3897 secuti
1867 3839 2015 3904 sunt.

426 3940 608 3996 neque
639 3926 913 3981 rationem
958 3927 1189 3984 reddere
1223 3931 1445 3996 debent,
1495 3947 1561 3986 eo
1607 3934 1755 4002 quod
1796 3935 2016 3988 inventa

427 4015 770 4082 diliicultate,
813 4017 870 4073 in
918 4018 988 4074 iis
1019 4036 1142 4091 quae
1194 4023 1569 4094 cogitaverant
1612 4033 1667 4079 et
1698 4026 2018 4096 inceperaut

426 4103 723 4175 inexperti,
759 4105 831 4161 ob
870 4122 992 4161 eam
1037 4109 1255 4180 longius
1293 4109 1376 4166 ire
1422 4110 1782 4179 de5titeruut,
1830 4125 1884 4168 et
1919 4115 2017 4168 ali-

427 4199 753 4269 quantisper
796 4203 1075 4271 progressi
1112 4212 1333 4273 sperata
1390 4204 1618 4273 planitie
1645 4206 1839 4275 pedem
1872 4185 2016 4261 retu-

427 4291 634 4358 lerunt,
676 4307 743 4346 eo
793 4295 940 4362 quod
987 4295 1130 4350 viam
1189 4295 1502 4352 habuerunt
1556 4300 1855 4369 asperant?
1897 4298 2014 4353 Non

428 4383 600 4452 igitur
656 4384 973 4440 inconsulte
996 4387 1162 4441 vitam
1195 4389 1575 4444 monachicam
1609 4392 1871 4458 inierunt,
1906 4392 2016 4446 imo

2116 1905 2214 1943 ναν
2264 1887 2682 1957 φυγαδεύοντες,
2740 1889 2817 1951 ὡς
2870 1888 2929 1942 ὲν
2976 1891 3171 1960 ἐρήμῳ
3222 1889 3717 1959 αὑλισθησόμενοι,

2119 1979 2363 2048 μάλιστα
2396 1980 2496 2050 μὲν
2527 1976 2620 2034 οῦν
2665 1979 2740 2044 ὡς
2785 1980 2865 2042 εἰς
2893 1980 2998 2048 γῆν
3046 1979 3381 2048 ἐπαγγελίας
3429 1983 3722 2035 ἀποκατα-

2121 2073 2476 2142 στησόμενοι·
2523 2072 2592 2125 δι’
2628 2074 2696 2144 ἢν
2742 2073 2817 2135 ὡς
2865 2071 3001 2124 Θεοῦ
3045 2073 3340 2138 καλοῦντος
3389 2071 3624 2144 ἐξῆλθον
3652 2076 3717 2128 ἐκ

2116 2164 2221 2236 τῆς
2250 2165 2359 2235 γῆς
2403 2165 2586 2220 αὐτῶν
2629 2166 2723 2220 καὶ
2755 2167 2820 2218 ὲκ
2867 2167 2968 2236 τῆς
3009 2165 3356 2234 συγγενείας,
3399 2168 3495 2219 καὶ
3543 2163 3716 2237 ἦλθον

2115 2247 2200 2320 εἰς
2229 2262 2334 2331 γῆν
2369 2259 2464 2314 καὶ
2497 2257 2712 2330 βιοτὴν,
2753 2259 2944 2312 ὁποίαν
2980 2262 3007 2311 6
3037 2258 3169 2320 Θεὸς
3204 2260 3561 2313 ὑποδείκνυσι
3600 2262 3720 2323 τοῖς

2115 2347 2212 2402 τοῦ
2264 2349 2540 2418 Ἀϐραὰμ,
2583 2349 2678 2402 καὶ
2727 2349 2842 2402 ὅσοι
2874 2348 3041 2401 αὑτοῦ
3077 2351 3215 2402 είσιν
3239 2349 3402 2416 ἄξιοι.

2193 2438 2259 2495 δ’.
2287 2441 2398 2493 Καὶ
2424 2439 2671 2503 τοιοῦτος
2709 2441 2808 2510 μὲν
2840 2441 3025 2503 αὐτοῖς
3051 2443 3078 2492 6
3112 2441 3318 2504 σκοπὸς
3349 2441 3450 2511 τῆς
3474 2457 3722 2511 μετανα-

2121 2530 2422 2594 στεύσεως,
2457 2526 2519 2586 οὗ
2553 2532 2714 2603 χάριν
2749 2531 2777 2581 ὀ
2836 2532 2934 2602 μὲν
2965 2533 3066 2586 καὶ
3121 2535 3361 2601 γυναῖκα
3391 2534 3488 2587 καὶ
3519 2533 3717 2601 τέκνα,

2118 2626 2146 2678 6
2173 2623 2232 2678 δὲ
2281 2623 2377 2678 καὶ
2425 2625 2754 2695 περιουσταν
2790 2625 2884 2676 καὶ
2940 2624 3212 2694 συρφετὸν
3259 2624 3476 2679 ἅπαντα
3519 2627 3622 2696 τῆς
3660 2629 3720 2679 ὲν

2120 2717 2224 2791 βίῳ
2251 2717 2626 2788 ἀναστροφῆς,
2648 2720 2836 2771 ὁποῖον
2865 2715 2930 2771 ἂν
2959 2721 3106 2771 εἴποι
3131 2734 3237 2785 τις,
3267 2719 3469 2782 κοινῶς
3491 2719 3552 2772 δὲ
3578 2719 3722 2772 πάν-

2118 2826 2213 2873 τες
2232 2810 2294 2864 τὸ
2317 2811 2460 2864 κατὰ
2482 2810 2688 2881 κόσμον
2714 2809 2927 2882 θέλημα
2949 2809 3292 2877 ἐκλιπόντες,
3320 2812 3439 2875 ένὶς
3463 2813 3721 2880 ἐγένοντο

2121 2903 2222 2956 καὶ⁵
2257 2901 2420 2974 μόνου
2451 2901 2546 2956 τοῦ
2581 2903 2725 2956 κατὰ
2772 2905 2872 2972 τὴν
2902 2903 3314 2975 ἐκλελεγμένην
3359 2899 3718 2980 πρόθεσιν·ᾖ

2123 2997 2224 3051 καὶ¹
2255 2998 2666 3068 στοιχήσαντες,
2701 2993 2821 3049 εἶτα
2863 2997 2958 3050 καὶ
3002 2996 3245 3066 ἅψασθαι
3290 2996 3579 3066 μέλλοντες
3627 2997 3722 3067 ἐρ-

2122 3108 2259 3158 γων,
2302 3092 2448 3156 ὅσοις
2495 3091 2843 3164 ὲξορθοῦνται
2876 3095 2956 3156 είς
3005 3093 3125 3148 όδδν
3165 3094 3447 3164 ἅνθρωποι
3482 3093 3720 3148 τοιαῦτα

2125 3182 2482 3254 προθέμενοι,
2511 3184 2610 3254 οὐχ
2644 3182 2856 3251 ἁπλῶς,
2889 3185 2985 3236 καὶ
3013 3185 3165 3248 ὅπως
3197 3183 3263 3239 ἂν
3302 3183 3483 3255 τύχοι,
3513 3184 3610 3238 καὶ
3641 3186 3720 3249 ὡς

2123 3277 2284 3331 αὐτοὶ
2311 3277 2714 3347 έὸουλήθησαν,
2739 3278 2849 3340 τοῖς
2893 3276 3063 3341 θείοις
3099 3277 3283 3347 ἔργοις
3309 3277 3600 3333 ἐπέϐαλον.
3640 3275 3720 3331 'll

2121 3369 2229 3439 γὰρ
2252 3367 2317 3421 ἂν
2341 3363 2488 3438 εῐχον
2505 3369 2776 3437 ἀπόλογον
2798 3368 3046 3440 ὕστερον,
3067 3370 3155 3440 ἐφ’
3170 3367 3252 3433 οἷς
3273 3371 3718 3440 προσέπταισαν,

2119 3463 2196 3524 ὡς
2213 3463 2368 3514 αὐτοὶ
2396 3463 2845 3532 ἐγχειρήσαντες,
2869 3464 3024 3516 αὐτοὶ
3041 3465 3416 3535 κυρώσαντες,
3445 3464 3605 3516 αὐτοὶ
3628 3466 3720 3516 ἔνη

2121 3553 2446 3625 αρξὰμενοι,
2472 3554 2702 3624 μηδενὸς
2741 3555 3187 3626 ὑπομνήσαντος,
3212 3556 3442 3626 μηδενὸς
3463 3555 3722 3622 διδάξαν-

2120 3664 2236 3712 τος,
2258 3647 2487 3717 μηδενὸς
2511 3648 2897 3715 ὑποδείξαντος
2915 3650 3017 3718 τὴν
3043 3649 3183 3716 ὁδὸν,
3210 3650 3441 3720 μηδενὸς
3463 3651 3720 3719 έμπεδὼε

2124 3758 2338 3806 σαντος,
2356 3741 2508 3794 οὐδέν
2522 3758 2571 3793 τι
2593 3741 3050 3814 καινοπραγοῦσι,
3070 3743 3410 3815 τραπόμενοι
3430 3742 3601 3813 ἄλλην
3619 3759 3719 3795 πα·

2123 3835 2192 3905 ρὰ
2215 3836 2315 3902 τὴν
2335 3835 2435 3904 τῆς
2465 3834 2800 3904 προθέσεως,
2843 3837 2963 3889 οὐδὲ
2987 3836 3309 3890 ὑπόκεινται
3343 3834 3714 3907 λογοπραγίᾳ,

2121 3925 2391 3993 ἐργωδίαν
2449 3924 2768 3996 εὑρηκότες,
2794 3923 2984 3997 ὲφόἷς
3024 3929 3366 4000 ἑσκόπησαν,
3408 3930 3506 3982 καὶ
3547 3931 3713 4000 ὲνήρ·

2124 4015 2286 4079 ξαντο
2323 4016 2702 4080 ἁνεπίτακτοι,
2737 4019 2830 4070 καὶ
2865 4017 3124 4089 διἀὐτὴν
3141 4019 3410 4089 ἀφέμενοι
3447 4021 3713 4092 τῶνὲφεο

2124 4105 2243 4176 ξῆς,
2264 4107 2358 4162 καὶ
2391 4109 2823 4178 προποδίσαντες
2843 4111 2941 4180 μὲν
2959 4110 3138 4182 βραχὺ
3159 4112 3333 4185 ἑλπίδι
3356 4113 3454 4183 τῆς
3476 4114 3709 4186 ὁμαλῆς,

2121 4200 2547 4265 ἀναποδίσαντες
2571 4203 2628 4255 δὲ
2658 4202 2834 4269 αὖθις,
2863 4205 2946 4256 ὅτι
2986 4209 3248 4276 τραχεῖαν
3274 4207 3531 4277 ἕτριὸονς
3563 4207 3710 4261 Οὔκ-

2121 4310 2218 4346 ουν
2259 4294 2711 4364 ἁπροϐουλεύτως
2769 4297 3063 4368 ὲνήρξαντο
3099 4299 3196 4352 τοῦ
3235 4303 3538 4372 μοναχικοῦ
3571 4303 3709 4374 βίου,

2121 4385 2259 4439 ἀλλὰ
2288 4387 2645 4458 σκεψάμενοι,
2676 4390 2772 4444 καὶ
2820 4389 3266 4462 βουλευσάμενοι,
3318 4398 3414 4448 καὶ
3456 4397 3709 4466 ἀναμνη-

429 4488 560 4528 vero
597 4490 721 4530 cum
765 4475 1166 4533 deliberatione
1210 4488 1264 4533 ct
1314 4482 1550 4536 consilio
1586 4492 1878 4552 postquam
1917 4484 2014 4538 ad-

2123 4480 2359 4547 σθέντες,
2399 4481 2493 4534 καὶ
2534 4481 2898 4552 διδαχθέντες,
2937 4486 3030 4540 καὶ
3085 4487 3225 4556 μετὰ
3267 4490 3714 4559 παρεγγυήσεων

427 4567 624 4621 t-uouiti
671 4576 727 4623 et
766 4569 912 4624 docti
954 4567 1200 4638 fuerunt,
1231 4572 1555 4645 plerumque
1581 4581 1708 4645 post
1755 4575 2011 4631 traditio-

431 4672 553 4711 nem
598 4667 653 4713 ct
703 4658 1164 4728 admonitionem,
1201 4678 1404 4734 easque
1450 4665 1745 4721 formidine
1798 4666 2009 4736 plenas,

430 4749 478 4804 si
529 4750 690 4805 modo
760 4752 1109 4819 audirentur,
1175 4771 1314 4824 quas
1355 4756 1663 4824 discursus
1715 4760 2010 4825 sermonis,

430 4850 696 4927 quantum
727 4845 862 4899 satis
895 4847 1020 4910 erit,
1053 4847 1267 4903 iunuet.

499 4935 549 4995 5.
587 4933 723 4990 Curti
746 4933 821 4990 ita
856 4937 967 4991 sint
1028 4954 1150 5008 quae
1182 4940 1501 4997 istiusmodi
1551 4942 1805 4998 homines
1850 4955 1999 4999 certe

431 5035 484 5084 rt
523 5030 854 5083 inconcusse
903 5039 1307 5100 proposuerunt
1363 5042 1416 5087 et
1459 5043 1885 5101 assumpserunt
1914 5036 2010 5104 .(et

427 5121 587 5177 aliter
628 5119 854 5176 minime
899 5136 1023 5176 sese
1071 5121 1316 5192 habent),
1345 5121 1458 5191 jam
1495 5121 1734 5178 breviter
1781 5125 2011 5180 dicenda

426 5229 549 5280 quae
597 5211 736 5281 apud
780 5227 876 5268 eos
916 5213 1081 5269 hodie
1117 5213 1656 5269 animadvertuntur.
1701 5214 1769 5269 Et
1796 5217 2007 5270 utinam

421 5316 532 5352 tum
561 5301 719 5370 longe
752 5303 863 5356 siut
891 5318 921 5357 a
954 5303 1066 5356 vita
1103 5319 1272 5373 quam
1339 5303 1624 5374 elegerunt
1657 5325 1670 5362 :
1710 5307 2006 5377 ncquidem

427 5397 530 5446 huc
565 5397 850 5450 evenieute
885 5412 1114 5451 necesse
1167 5397 1274 5450 erit
1305 5413 1425 5461 eos,
1474 5408 1598 5470 post
1634 5401 1800 5455 allata
1838 5416 2008 5470 argu«

426 5495 632 5549 uzeuta,
659 5496 1033 5557 rcsurgcrc,ui
1057 5488 1168 5541 duo
1201 5490 1392 5559 gravia
1419 5492 1522 5546 ista
1552 5507 1659 5547 non
1688 5494 2008 5558 admittant,

427 5573 580 5642 ipsus
622 5589 778 5631 extra
809 5579 951 5632 viam
986 5595 1192 5635 rectam
1242 5597 1388 5649 esse,
1436 5595 1599 5655 atque
1620 5587 1760 5642 alios
1804 5587 2008 5641 adeam

425 5669 742 5726 sectandam
809 5672 1037 5736 idoneos
1099 5674 1217 5732 suis
1274 5680 1546 5750 exemplis
1607 5679 2008 5742 deducentibus

427 5767 704 5813 TCVUCJI‘L‘.

2115 4573 2165 4624 oi
2198 4573 2418 4637 πλείους
2476 4575 2569 4627 καὶ
2607 4575 2976 4643 καταθέσεων,
3010 4579 3104 4632 καὶ
3142 4579 3344 4644 αὐτῶν,
3369 4582 3552 4636 ὁποῖαι
3584 4587 3681 4654 φρί

2116 4680 2222 4734 κης
2256 4668 2536 4735 γέμουσιν,
2577 4668 2627 4720 εί
2668 4669 2762 4721 καὶ
2800 4669 2961 4739 μόνον
2995 4671 3254 4739 λέγοιντο’
3297 4674 3391 4726 καὶ
3435 4675 3714 4746 67:02:90;-

2118 4771 2269 4810 σεται
2304 4758 2474 4822 αὐτὰς
2499 4761 2528 4812 6
2581 4759 2739 4829 λόγος
2771 4760 2997 4834 προῖὼν,
3048 4763 3136 4832 ἐφ’
3165 4765 3290 4818 ὅσον
3322 4767 3476 4820 ἔσται
3505 4768 3708 4822 ἱκανόν.

2192 4847 2251 4902 ε’.
2289 4850 2475 4916 Οὕτως
2508 4850 2600 4907 οἷν
2626 4855 2880 4924 ἐχόντων,
2905 4851 2981 4910 ὧν
3005 4860 3102 4910 καὶ
3130 4859 3425 4928 προέθεντο
3456 4864 3556 4915 καὶ
3585 4863 3716 4915 ὺπέ-

2121 4959 2314 5012 σχοντο
2347 4945 2691 5015 ἁμεταθέτωπ
2735 4949 2828 5001 καὶ
2864 4951 3121 5018 ἀσφαλῶς
3157 4954 3205 5005 οἱ
3240 4953 3471 5006 τοιοῦτοι
3506 4955 3710 5025 (ἔχουσι

2118 5037 2176 5090 δὲ
2204 5039 2420 5101 πάντως
2447 5040 2546 5094 οὑκ
2577 5041 2796 5109 ἄλλως),
2818 5042 3529 5115 ἐκθετέονβραχυλογικῶς,
3559 5048 3596 5102 ἃ.
3620 5053 3711 5102 νῦν

2121 5127 2392 5200 βλέπομεν
2419 5134 2504 5184 ἐπ’
2525 5133 2729 5196 αὐτοῖς.
2755 5136 2868 5188 Καὶ
2890 5136 2974 5206 εἴη
3003 5138 3076 5206 μὴ
3103 5139 3470 5206 παρεκνεύειν
3492 5141 3710 5206 αὐτοὺς,

2118 5215 2186 5293 ἦς
2239 5220 2550 5292 ἐκύρωσαν,
2601 5225 2914 5289 πολιτείαςο
2965 5229 3062 5291 ὼς,
3116 5229 3233 5298 εἴγε
3287 5232 3446 5284 τοῦτο
3492 5213 3710 5304 φανείη,

2119 5314 2336 5384 ἀνάγκη
2379 5315 2616 5385 πάντως,
2654 5320 3068 5392 κατορθωθῆναι
3107 5325 3232 5384 τοὺς
3265 5324 3545 5388 τοιούτους
3578 5327 3712 5396 μετὰ

2119 5409 2217 5478 τὴν
2251 5408 2344 5461 ἐπὶ
2378 5410 2618 5481 ἐλέγχων
2645 5411 2870 5478 ἔνδειξιν
2897 5431 2911 5445 ⁸
2952 5416 3039 5469 ἵνα
3073 5416 3148 5487 μὴ
3175 5416 3269 5469 δύο
3311 5419 3710 5488 πλημμελῶσιν

2119 5502 2304 5555 ἐκεῖνα
2328 5505 2583 5572 φορτικὰ,
2615 5506 2756 5577 μήτε
2780 5508 2934 5562 αὐτοὶ
2965 5511 3236 5577 γινόμενοι
3269 5513 3368 5584 τῆς
3397 5498 3592 5586 ὀρθῆς,
3624 5514 3710 5568 καὶ

2119 5596 2244 5659 τοὺς
2277 5595 2613 5665 δυναμένους
2649 5599 2705 5652 δὲ
2745 5602 3059 5670 προϐαίνειν
3092 5606 3230 5676 αὐτῇ
3263 5605 3602 5676 ἀπάγοντες,
3629 5599 3706 5672 οἷς

2123 5689 2320 5754 αὐτοὺς
2358 5691 2422 5762 τῇ
2455 5694 2689 5763 μιμήσει
2723 5696 3106 5767 ἐκτρέπονται.
