3982 6246
400 318 514 388 733

1103 313 1526 374 EUSTATHII
1568 310 1978 371 THESSALOT

2086 305 2329 368 ZENSIS
2369 303 2932 367 ΜΕΤΗΟΡΟΙᾸΤᾸΞ

3555 310 3667 374 7;.‘6

400 433 567 499 cujus
588 429 753 501 capiti
787 426 985 483 deinde
1008 427 1188 480 insani
1227 425 1577 487 insidientur,
1604 423 1767 492 idque
1806 422 1975 476 velint

2086 417 2425 484 ἀγιάσαντος.
2461 417 2596 470 ἀλλά
2624 417 2852 484 παντὸς,
2877 415 3192 474 οὑτινοσοῦν
3217 417 3325 474 κᾶν
3360 415 3595 476 ὕστερον
3617 425 3665 476 oi

403 525 708 582 demittere.
743 521 844 586 Qui
881 520 983 574 sibi
1022 519 1278 572 videnlur
1328 515 1510 584 capita
1555 530 1696 580 esse,
1754 515 1848 569 sed
1904 528 1964 568 re

401 630 528 669 vera
559 626 709 667 mera
745 610 882 665 colla
915 610 1034 663 sine
1057 608 1258 677 capite,
1295 607 1389 674 qui
1421 620 1522 661 sua
1547 604 1818 674 iactantia
1855 619 1977 657 mu-

401 713 588 760 tantur
623 704 677 756 in
727 715 895 771 opera
953 713 1055 753 suo
1078 698 1292 753 auctori
1343 697 1798 750 contradicentia.
1852 694 1979 747 Ete-

400 797 516 851 nim
548 808 656 848 non
685 792 930 861 cogitant
960 791 1150 845 Patres
1179 786 1398 857 quidem
1441 800 1502 840 se
1539 800 1662 841 esse
1696 785 1752 839 in
1785 784 1981 838 ordine

400 885 768 948 liicrarcliico,
799 881 894 937 sed
924 882 1138 938 Patrem
1190 877 1414 933 Patrum
1445 891 1570 932 esse
1616 875 1972 944 pontiﬁcem;

403 993 507 1034 nec
541 987 791 1047 pastores
821 972 1041 1043 quidem
1068 986 1206 1033 sese,
1238 970 1366 1039 quia
1398 977 1640 1038 praeeunt
1659 966 1974 1035 aliquando,

398 1084 675 1126 summum
711 1081 838 1121 vero
873 1075 1149 1135 pastorem
1172 1077 1295 1116 esse
1326 1059 1660 1130 pontiﬁcem,
1688 1058 1777 1112 cui
1809 1071 1978 1126 supra

401 1170 713 1231 praeeuntes
740 1172 864 1213 esse
897 1155 1124 1222 contigit
1145 1191 1160 1217 ,
1195 1165 1252 1208 et
1301 1167 1444 1220 saepe
1489 1151 1812 1220 episcopum
1861 1148 1978 1217 epi-

400 1267 726 1324 scoporum;
755 1265 932 1320 neque
960 1263 1021 1303 se
1049 1246 1326 1302 modicum
1359 1240 1702 1298 monachicis
1729 1239 1987 1310 operibus

397 1348 733 1404 exercitatos
782 1343 836 1396 in
880 1339 1259 1411 pontiﬁcatum
1307 1335 1610 1390 ascendere
1666 1339 1984 1402 optaturus,

399 1453 508 1494 non
544 1433 688 1505 quod
705 1432 1093 1498 demergantur
1123 1443 1192 1482 ex
1225 1425 1376 1495 apice
1405 1425 1610 1478 montis
1639 1423 1693 1478 in
1721 1436 1984 1492 praceps,

399 1530 494 1585 sed
524 1526 670 1597 quod
695 1540 727 1580 ο
759 1531 904 1577 terra
931 1522 984 1574 in
1014 1517 1215 1573 cmlum
1245 1523 1561 1586 assurgant.

2083 509 2157 580 μὴ
2199 509 2622 579 βαθυγνώμονες
2656 509 3053 580 ὲπεγείρωνται
3089 511 3212 573 ταῖς
3251 511 3542 580 κεφαλαῖς,
3572 513 3672 565 καὶ

2079 602 2315 669 ἀπάγειν
2352 602 2523 663 αὺτάς
2561 601 2822 655 ἐθέλωσι·
2866 601 3155 681 δοκοῦντες
3200 603 3302 674 μὲν
3347 606 3398 658 oi
3431 603 3668 658 τοιοῦτοι

2082 694 2318 761 κεφαλαὶ
2360 690 2526 760 εἶναι,
2554 695 2636 766 τῷ
2669 695 2783 749 ὄντι
2812 696 2869 748 δὲ
2909 696 3142 767 αὐχένες
3179 698 3333 762 ὄντες
3371 699 3670 768 ἀκέφαλοι,

2084 788 2181 838 καὶ
2206 784 2378 849 οὕτως
2402 787 2908 857 ἀποκαθιστάμενοι
2935 790 3002 859 τῇ
3037 788 3328 861 ἀλαζονείᾳ
3354 793 3438 854 είς
3465 793 3670 863 χειρῶν

2082 869 2406 945 πλάσματα,
2437 879 2551 941 τοῖς
2573 879 2714 933 αὐτά
2737 881 3035 950 ποιήσασιν
3055 882 3430 950 ἀντιλέγοντα.
3459 884 3538 937 οὐ
3562 885 3671 956 γάρ

2083 966 2378 1034 ἐννοοῦσιν,
2396 969 2479 1022 ὅτι
2502 971 2744 1041 Πατέρες
2772 972 2874 1040 μὲν
2899 973 3050 1025 αὐτοὶ
3073 973 3444 1044 διακρίνωνται
3472 977 3666 1046 ἀρχιε-
3698 1010 3704 1022 ι

2088 1059 2297 1131 ρατικῷ
2322 1061 2536 1132 ῥυθμῷ,
2559 1061 2750 1132 Πατὴρ
2765 1063 2819 1116 δὲ
2849 1064 3110 1133 Πατέρων
3137 1067 3167 1119 ὁ
3191 1066 3482 1136 ἀρχιερεύς
3507 1083 3524 1098 ·
3554 1067 3670 1121 οὗθ’

2093 1152 2178 1206 ὅτι
2225 1153 2483 1223 ποιμένες
2529 1156 2630 1224 μὲν
2669 1153 2858 1222 αὐτοὶ,
2897 1157 2980 1210 ὅτι
3019 1158 3113 1212 καὶ
3151 1159 3448 1229 ἡγούμενοί
3491 1177 3627 1214 ποτε
3650 1143 3690 1228 ,’

2090 1244 2434 1316 ἀρχιποίμην
2481 1246 2538 1298 δὲ
2589 1248 2618 1298 ὀ
2661 1248 2983 1317 ἀρχιερεὺς,
3028 1249 3154 1302 ἐπεὶ
3207 1250 3303 1302 καὶ
3345 1251 3668 1320 ἡγουμένων

2093 1334 2330 1404 ὕπερθεν
2355 1335 2548 1406 ἔλαχεν
2573 1330 2734 1404 εἶναι,
2757 1341 2786 1391 ὁ
2813 1340 2908 1392 καὶ
2938 1340 3257 1394 ἐπισκόπων
3281 1342 3581 1405 ἐπίσκοπος
3611 1345 3670 1395 ἐν

2088 1428 2336 1490 πολλοῖς·
2383 1428 2506 1482 οὔτε
2547 1432 2629 1484 ὅτι
2667 1434 2864 1500 μικρὸν
2906 1431 3030 1484 ὅσον
3079 1433 3556 1504 ἐμμελετήσαντες
3600 1437 3667 1505 τῇ

2093 1522 2362 1590 μοναχικῇ
2395 1520 2654 1591 ὲργωδίᾳ,
2684 1517 2804 1575 εἶτα
2835 1522 3236 1594 ἐπιθυμήσουσι
3262 1527 3358 1578 καὶ
3384 1528 3464 1586 εἰς
3486 1527 3670 1596 ἱεράρ-

399 1640 500 1695 χας
533 1620 688 1676 αὐτοὶ
731 1614 1031 1688 μεταϐῆναι
1055 1628 1071 1643 ο
1113 1611 1173 1663 οὐ
1216 1609 1390 1680 δήπου
1433 1606 1975 1678 ὑποκαταϐησόμενοι
2011 1605 2088 1672 ὡς
2119 1609 2230 1663 ἀπὸ
2257 1613 2572 1684 ἀκρωρείας
2603 1613 2684 1677 εἷς
2711 1630 2866 1678 τινας
2901 1616 3182 1686 κρημνοὺς
3206 1657 3221 1678 ’
3248 1616 3366 1670 ἀλλ.
3423 1618 3498 1680 ὡς
3569 1620 3669 1692 ἀρ.

401 1717 693 1789 θησόμενοι
718 1714 782 1764 ὲκ
810 1709 910 1777 γῆς
943 1708 1022 1767 εἰς
1053 1705 1364 1771 Ὄλυμπον.

470 1813 525 1866 9.
555 1807 662 1862 Sed
685 1820 846 1873 quam
870 1803 940 1858 ob
971 1815 1192 1856 causam
1219 1799 1453 1868 amplius
1487 1797 1756 1868 divagari,
1781 1806 1835 1852 et
1868 1810 1975 1850 non

2161 1792 2228 1850 θ’.
2285 1795 2445 1848 ’Δλλά
2474 1795 2528 1848 τί
2569 1814 2662 1866 μοι
2695 1797 3075 1868 παρεξσιδεὺειν
3105 1801 3184 1864 είς
3228 1800 3420 1865 πλέον,
3457 1805 3554 1857 καὶ
3591 1804 3668 1876 μὴ

400 1910 466 1958 ad
504 1898 936 1973 percurrendum
985 1894 1222 1949 stadium
1259 1892 1537 1946 reﬂectcre
1561 1891 1584 1943 ἲ
1610 1890 1887 1959 Agebatur
1912 1888 1981 1943 de

398 1991 652 2066 eligenda
710 1990 822 2042 vita
885 1984 1161 2056 perlecta,
1192 1991 1245 2037 et
1267 1983 1334 2038 dc
1363 1981 1764 2038 consideranda
1818 1981 1870 2034 in
1915 1995 1980 2034 ea

402 2089 659 2141 universa
690 2081 796 2134 vita
845 2076 1170 2132 monachica
1202 2092 1216 2129 :
1247 2089 1412 2144 quam
1445 2074 1540 2143 qui
1580 2082 1706 2144 post
1744 2085 1978 2141 prunam

399 2175 719 2232 describunt
748 2171 990 2224 illustres
1027 2165 1171 2235 apud
1217 2179 1319 2219 nos
1354 2164 1634 2227 monachi,
1693 2162 1748 2216 in
1778 2175 1978 2215 vanum

401 2271 676 2330 laborant,
706 2262 851 2333 quod
880 2260 948 2314 ad
974 2261 1126 2329 ipsos
1159 2258 1377 2312 attinet.
1413 2255 1469 2311 Si
1527 2264 1711 2310 autem
1741 2254 1810 2310 ad
1842 2255 1980 2310 bene

400 2359 772 2419 ordinandum
809 2368 1122 2412 sermonem
1165 2353 1304 2407 istos
1337 2351 1544 2420 primos
1579 2347 1888 2418 aggredior,
1925 2347 1978 2402 id

399 2470 594 2511 omnes
635 2450 942 2506 mundanus
989 2446 1212 2501 ordines
1263 2443 1505 2506 docebit,
1566 2453 1624 2496 ut
1662 2442 1834 2506 aiunt,
1867 2456 1983 2494 ma-

402 2561 568 2618 gnum
596 2553 652 2598 et
679 2555 934 2613 parvum,
961 2539 1112 2592 circa
1153 2537 1362 2604 majora
1424 2544 1522 2588 aut
1556 2534 1769 2588 minora
1806 2519 1980 2587 occu-

403 2649 610 2709 patum.
645 2635 797 2688 Alius
835 2629 1060 2700 quidem
1124 2627 1194 2682 ad
1250 2628 1458 2696 majora
1521 2625 1815 2680 ordinatus
1867 2631 1976 2690 est,

401 2731 541 2784 alius
574 2726 642 2781 ad
669 2722 974 2779 secundum
1007 2721 1213 2786 locum,
1251 2729 1306 2772 et
1335 2719 1534 2772 tertius
1566 2716 1634 2772 ad
1670 2715 1974 2771 inferiora:

401 2837 527 2891 qua:
549 2818 760 2888 singula
789 2831 890 2870 nos
913 2825 1238 2883 percurrere
1265 2825 1427 2864 nemo
1458 2808 1780 2879 postulabit,
1809 2807 1981 2876 siqui-

402 2916 528 2969 dem
592 2923 752 2965 nemo
806 2905 1015 2974 estqui
1080 2905 1223 2959 lianc
1268 2904 1596 2960 sententiam
1642 2903 1696 2956 in
1751 2902 1979 2957 dubium

407 3011 647 3060 ιονοοεῑ.

477 3099 560 3151 lt).
596 3093 983 3149 lllonachorum
1015 3106 1190 3162 genus
1227 3088 1504 3143 exercitus
1529 3096 1636 3152 est,
1703 3101 1814 3141 non
1843 3101 1979 3156 qua-

2083 1885 2480 1955 ὲπανακάμψαι
2519 1888 2600 1952 είς
2640 1888 2699 1941 τδ
2735 1891 3159 1960 προτεθειμένον
3194 1892 3524 1962 τρόχασμα;
3558 1891 3668 1948 Ἦν

2084 1977 2140 2030 δὲ
2187 1979 2316 2031 αὐτὸ
2353 1979 2584 2050 ὲπιλογῇ
2631 1981 2731 2050 τῆς
2777 1983 3266 2053 μεγαλοσχήμονος
3311 1986 3524 2056 βιοτῆς,
3572 1987 3666 2040 καὶ

2085 2067 2287 2137 θεωρίᾳ
2334 2067 2403 2120 δι’
2455 2069 2625 2138 αὐτῆς
2674 2070 2769 2123 τοῦ
2818 2071 2940 2124 ὅλου
2993 2072 3291 2142 μοναχικοῦ
3339 2073 3458 2143 βίου
3510 2075 3572 2129 ὃν
3615 2079 3664 2129 οί

2083 2158 2179 2226 τῆς
2221 2157 2344 2212 καθ’
2389 2160 2534 2228 ἡμᾶς
2562 2162 2666 2228 γῆς
2706 2159 2908 2224 ἔνδοξοι
2945 2165 3171 2233 μοναχοὶ
3205 2165 3664 2235 παραγράφοντες

2081 2249 2466 2319 ἀχρειοῦσι,τό
2499 2269 2561 2319 γε
2605 2255 2685 2317 εἰς
2717 2254 2913 2316 αὐτοὺς
2944 2249 3098 2326 ἧκον.
3140 2256 3200 2308 Εἰ
3244 2257 3300 2310 δὲ
3335 2260 3469 2326 πρὸς
3502 2259 3666 2311 rem-

2084 2340 2200 2403 ξίαν
2236 2341 2397 2405 λόγου
2429 2343 2554 2405 τοὺς
2593 2343 2866 2406 τοιούτους
2891 2342 3142 2413 πρώτους
3172 2349 3661 2419 μεταχειρίσομαι,

2083 2434 2236 2496 αὐτὸ,
2263 2435 2414 2500 φασῖ,
2445 2433 2676 2504 δηλώσει
2699 2436 2866 2489 παντὶ
2887 2438 3128 2506 τάγματι
3145 2440 3419 2510 κοσμικῷ,
3440 2442 3664 2512 μεγάλῳ

2083 2526 2176 2576 καὶ
2203 2525 2404 2595 μικρῷ,
2425 2525 2556 2596 περὶ
2585 2527 2758 2596 μείζω
2788 2529 3203 2599 καταγινομένῳ
3229 2531 3322 2584 καὶ
3347 2533 3474 2601 περὶ
3504 2535 3663 2588 ὲλάτο

2081 2634 2231 2671 τονα.
2277 2617 2338 2672 Ὀ
2373 2619 2474 2688 μέν
2515 2635 2598 2682 τις
2643 2619 2994 2674 ἐπιτέτακται
3031 2622 3114 2684 είς
3153 2623 3363 2692 μεῖζον,
3414 2626 3443 2676 ὁ
3476 2626 3534 2678 δὲ
3583 2630 3659 2691 είς

2081 2707 2352 2778 δεύτερον,
2386 2711 2477 2762 καὶ
2509 2709 2636 2780 ἑξῆς
2662 2713 2740 2774 είς
2772 2711 3159 2782 ὑποδεέστερον
3186 2731 3202 2745 ·
3229 2717 3322 2768 καὶ
3355 2719 3660 2786 περιελθεῖν

2082 2798 2450 2864 ὲπαγωγικῶς
2474 2799 2542 2850 τά
2570 2798 2798 2853 τοιαῦτα
2826 2800 3003 2864 οὐδεὶς
3041 2803 3188 2871 ἡμᾶς
3216 2806 3513 2876 ἀπαιτήσει
3536 2849 3552 2872 ,
3580 2809 3662 2864 ὅτι

2085 2889 2218 2960 μηδὲ
2240 2891 2324 2961 είη
2351 2889 2417 2946 ἂν
2442 2893 2470 2944 ὁ
2500 2892 2820 2962 ἀμφιγνοῶν
2847 2898 2997 2947 τουτὶ
3035 2897 3094 2947 τὸ
3120 2896 3340 2967 λῆμμα,

2155 3071 2207 3126 ι’.
2241 3073 2399 3125 Ἐστι
2429 3072 2491 3138 δὴ
2518 3073 2704 3144 τάγμα
2732 3091 2784 3127 τι
2815 3076 2910 3128 καὶ
2942 3075 3004 3128 τὸ
3030 3081 3344 3148 μοναχικὺν,
3380 3083 3475 3133 καὶ
3507 3084 3568 3135 οὺ
3601 3086 3660 3138 τὸ

477 3138 560 3151 .ν.
597 3138 983 3149 ..-......--.--_---
1015 3138 1189 3162 ονη-
1231 3138 1500 3143 ---η-ν---
1535 3138 1636 3152 -_,,
1850 3138 1874 3156 τ
1924 3138 1950 3140 ,_

403 3191 710 3256 liscunque,
731 3184 825 3240 sed
845 3199 970 3237 vere
987 3182 1230 3236 divinus.
1263 3180 1445 3248 Copia:
1473 3193 1668 3243 sacrae,
1696 3176 1792 3232 Dei
1808 3176 1977 3241 acies,

2086 3167 2264 3235 τυχὸν,
2313 3165 2449 3219 ἀλλὰ
2495 3138 2642 3220 θεῖον
2675 3167 2753 3237 τῷ
2801 3167 2915 3222 ὄντι
2942 3185 2956 3199 ’
3007 3138 3237 3241 στρατδς
3289 3138 3472 3242 ιε’ρὸς·
3524 3179 3661 3230 Θεοῦ

400 3281 567 3337 electi
614 3279 864 3339 Domino,
915 3276 969 3327 in
1022 3273 1164 3327 ccelo
1192 3272 1406 3340 inclyti,
1457 3269 1683 3325 omnino
1710 3269 1984 3338 segregati

403 3393 430 3428 a
468 3370 788 3442 proceribus
831 3377 992 3421 terra:
1015 3365 1216 3435 quibus
1257 3363 1399 3418 mala
1424 3371 1737 3426 servantur,
1778 3360 1983 3413 milites

405 3465 672 3520 adversus
703 3465 1012 3530 apostatam
1039 3463 1094 3511 et
1126 3454 1385 3510 rebellent
1422 3451 1732 3514 diabolum,
1756 3451 1984 3520 angelo-

406 3571 525 3608 rum
551 3553 878 3614 imitatores,
910 3548 1142 3615 ideoque
1168 3559 1278 3600 non
1301 3543 1463 3598 modo
1486 3542 1682 3596 animae
1707 3541 1981 3606 humanae,

405 3645 504 3701 sed
559 3644 726 3698 etiam
762 3639 1014 3708 corporis
1058 3637 1338 3701 custodes,
1374 3635 1488 3702 cui,
1543 3633 1746 3689 amotis
1790 3647 1985 3703 pecca-

404 3741 498 3800 tis,
526 3742 770 3790 nostram
825 3731 1056 3801 primam
1081 3727 1428 3782 harmoniam
1489 3726 1630 3781 bene
1685 3739 1982 3794 congruam

404 3825 782 3886 turbantibus,
807 3822 1100 3878 sanitatem
1128 3818 1406 3884 aﬂ‘erunt;
1436 3817 1540 3886 ipsi
1593 3817 1814 3873 virtutis
1852 3831 1984 3872 vasa

403 3924 450 3974 ei
498 3919 563 3972 ad
591 3931 714 3972 eam
773 3912 1028 3984 protinus
1089 3918 1282 3979 aperta
1305 3919 1473 3974 sunt;
1511 3907 1712 3962 divinae
1749 3907 1984 3978 myrrhae

402 4006 772 4080 receptacula,
821 4003 1043 4074 quando
1100 4001 1344 4070 graviter
1368 4016 1475 4054 non
1509 3999 1692 4065 olent;
1761 4013 1983 4070 aposto-

405 4107 583 4159 lorum
617 4100 842 4170 eﬂigies,
873 4097 1092 4169 quando
1123 4095 1195 4150 ad
1226 4110 1315 4150 res
1344 4095 1556 4149 divinas
1589 4093 1983 4163 exsculpendas

402 4204 532 4253 sunt
588 4193 808 4258 idonei;
847 4189 1088 4259 paradisi
1123 4187 1421 4251 salutares,
1453 4186 1721 4241 inaccessi
1761 4188 1982 4255 perlidis

405 4281 760 4356 serpentibus
793 4296 892 4352 per
923 4295 1067 4350 quos
1128 4278 1385 4334 diabolus
1414 4293 1542 4332 cum
1607 4278 1982 4349 praebentibus

403 4394 590 4432 aurem
623 4377 738 4430 vult
765 4373 1023 4444 colloqui.
1049 4371 1173 4426 llaec
1202 4370 1574 4440 pulcherrirna
1625 4372 1793 4437 acies,
1817 4388 1980 4442 quam

2084 3259 2434 3329 παρεμϐολή·
2475 3260 2724 3314 ἐκλεκτοὶ
2766 3262 2984 3333 Κυρίῳ·
3019 3261 3219 3328 ἔνδοξοι
3257 3265 3350 3318 τοῦ
3385 3268 3619 3337 οὐρανοῦ
3644 3285 3658 3296 ·

2082 3350 2159 3419 τῷ
2186 3353 2347 3402 παντὶ
2370 3353 2738 3421 ἀφεστηκότες
2760 3353 2868 3407 τῶν
2893 3356 3117 3422 ἐνδόξων
3139 3357 3241 3426 τῆς
3263 3360 3384 3427 γῆς,
3407 3355 3488 3422 οἷς
3512 3361 3661 3414 κακά

2083 3441 2429 3512 προτίθενται
2453 3457 2468 3471 ·
2516 3445 2850 3513 στρατιῶται
2894 3447 3036 3501 κατά
3073 3447 3167 3500 τοῦ
3207 3449 3516 3505 ἀποστάτου
3564 3452 3663 3506 καὶ

2082 3533 2348 3603 ἀντάρτου
2393 3534 2646 3604 δαίμονος
2668 3550 2684 3565 ο
2716 3536 2964 3604 ἀγγέλων
2998 3539 3270 3608 μιμηταὶ,
3299 3539 3392 3592 καὶ
3426 3539 3495 3592 δι’
3527 3541 3662 3595 αὐτὸ

2084 3625 2324 3695 φύλακες
2351 3627 2706 3696 ἀνθρωπίνων
2731 3629 2792 3680 οὐ
2827 3628 2987 3697 μόνον
3013 3628 3223 3698 ψυχῶν,
3262 3631 3398 3684 ἀλλά
3428 3635 3522 3686 καὶ
3554 3649 3658 3686 σω-

2086 3718 2295 3788 μάτων,
2327 3711 2406 3781 οἷς
2435 3718 2774 3785 ὑγιάζουσιν,
2802 3719 3236 3784 ἀπαλλάττοντες
3267 3723 3576 3794 ἁμαρτιῶν,
3603 3726 3657 3779 αι

2085 3811 2180 3863 καὶ
2218 3811 2317 3882 τὴν
2365 3813 2423 3863 ὲν
2457 3811 2588 3881 ἡμῖν
2628 3809 2892 3874 πολλάκις
2935 3812 3273 3882 εὐάρμοστον
3312 3817 3658 3886 στοιχειακὴν

2085 3903 2348 3972 ἁρμονίαν
2375 3903 2746 3975 παραλύουσιν
2765 3921 2778 3933 ·
2810 3905 3011 3975 ἀρετῆς
3035 3906 3190 3960 αὐτοὶ
3217 3906 3417 3977 δοχετα,
3444 3910 3493 3960 εί
3521 3910 3657 3978 πρὸς

2083 3993 2253 4063 αὐτὴν
2286 3993 2519 4056 εὐθέτως
2547 3995 2855 4064 ἀνοίγονται
2876 4013 2893 4030 ·
2925 3997 3096 4068 μύρου
3133 3998 3281 4052 θείου
3319 4001 3538 4068 ἀγγεῖα.
3569 4003 3656 4056 ὅτε

2088 4086 2164 4156 μὴ
2214 4086 2416 4157 τύχωσι
2466 4088 2689 4156 σαπρῶς
2739 4087 2918 4159 ἔχειν·
2967 4090 3306 4156 ἀποστολικά
3345 4094 3655 4163 ἐκμαγεῖα,

2086 4177 2248 4248 ἡνίκα
2281 4177 2356 4248 μὴ
2395 4177 2582 4246 ἀφυῶς
2607 4178 2824 4248 ἔχουσιν
2855 4173 3223 4248 ὲκμάττεσθαι
3255 4183 3326 4238 τά
3356 4185 3453 4238 τοῦ
3485 4187 3654 4239 Θεοῦ·

2084 4269 2404 4338 παράδεισοι
2435 4271 2711 4340 σωτήριοι,
2739 4272 3076 4343 ἀπρόσϐατοι
3098 4274 3352 4346 ψιθύροις
3376 4278 3557 4345 ὄφεσι,
3585 4279 3656 4332 δι’

2083 4358 2157 4416 ὧν
2185 4364 2213 4415 ὁ
2241 4362 2450 4434 δαίμων
2492 4365 2665 4417 ἐθέλει
2694 4365 2876 4422 λαλεῖν
2915 4368 3068 4438 παρά
3096 4370 3210 4432 τοῖς
3238 4370 3654 4440 ἀνορθιάξουσιν

407 4470 712 4524 Itit‘l‘al‘cllia
741 4467 848 4522 alia
877 4467 1104 4520 omnino
1133 4472 1381 4533 superat,
1408 4471 1646 4518 ostentat
1675 4479 1808 4520 suos
1832 4480 1977 4534 pra:-

2086 4455 2268 4520 αὒτοῖς
2309 4457 2379 4508 τὰ
2407 4453 2544 4512 ὦτα.
2587 4459 2758 4512 Τοῦτο
2803 4460 2865 4513 τὸ
2903 4461 3186 4529 πάγκαλον
3221 4463 3446 4533 τάγμα,
3486 4458 3654 4534 οὗπερ

405 4565 543 4618 latos
575 4563 669 4631 qui
696 4568 825 4615 sunt
876 4557 1092 4628 magnis
1125 4556 1371 4626 insignes
1406 4556 1722 4622 virtutibus,
1759 4558 1852 4628 qui
1897 4558 1978 4628 (ut

2086 4547 2262 4610 ἄλλως
2294 4552 2672 4620 πρωτοστατεῖ
2728 4551 2946 4614 πάντως
2973 4553 3032 4605 τὸ
3061 4554 3468 4624 ἀρχιερατικὸν,
3499 4560 3654 4626 προῖ-

403 4657 654 4710 absolute
704 4653 908 4718 dicam)
943 4665 1098 4705 suam
1143 4649 1598 4717 magnitudinem,
1635 4659 1690 4704 et
1718 4663 1977 4719 magnum

2086 4641 2382 4710 σταμένους
2400 4642 2558 4711 αὺχεί
2580 4641 2705 4704 τοὺς
2721 4640 2814 4694 τοῦ
2846 4642 3060 4711 ἀληθῶς
3087 4644 3323 4712 μεγάλου
3351 4647 3651 4714 σχήματος,

403 4747 776 4800 characterem
837 4758 995 4800 suum
1053 4741 1203 4795 nullo
1267 4739 1674 4796 modo-fallere
1740 4739 1975 4805 debent;

403 4838 562 4907 Cujus
585 4835 806 4906 quidem
831 4826 1246 4902 intelligentiam
1266 4847 1375 4886 non
1413 4830 1748 4886 arbitrorita
1783 4844 1979 4884 ascen-

403 4931 532 4985 dere
563 4929 618 4982 in
653 4937 860 4981 mentes
884 4924 1161 4988 omnium,
1221 4937 1398 4992 neque
1429 4921 1729 4991 perfectam
1781 4919 1975 4990 cogni-

404 5025 632 5089 tionem,
671 5030 729 5075 ut
765 5019 940 5090 primo
965 5017 1157 5073 obtutu
1187 5017 1549 5087 intelligatur.

501 5200 589 5256 il.
650 5195 954 5267 Propositis
1035 5195 1312 5249 variarum
1407 5191 1712 5261 specierum
1787 5189 1976 5259 liguris

405 5289 1068 5359 mathematicis,sphazra
1102 5286 1345 5342 eminere
1369 5282 1603 5345 videtur,
1637 5280 1800 5350 cujus
1831 5279 1973 5334 linea

403 5385 812 5445 circumducta,
866 5393 1030 5450 atque
1080 5393 1212 5446 gyro
1245 5391 1346 5429 suo
1388 5374 1570 5430 omnia
1614 5373 1762 5426 intus
1796 5371 1974 5425 invol-

404 5489 560 5538 vens,
589 5484 895 5543 magnaque
930 5468 1250 5539 apparentia
1275 5465 1402 5520 inde
1428 5463 1753 5531 conspicua.
1778 5465 1976 5515 merito

405 5565 636 5620 dicenda
663 5571 748 5618 est
775 5577 971 5631 magna
1006 5564 1176 5631 tigura
1201 5569 1424 5628 propter
1450 5568 1605 5608 suam
1629 5552 1972 5623 magnitudi—

407 5674 554 5715 nem.
597 5657 799 5712 Eodem
843 5655 1005 5709 modo
1040 5654 1368 5716 monachus,
1402 5651 1602 5704 virtute
1629 5647 1888 5715 caelestis,
1920 5657 1974 5702 ct

412 5751 754 5824 propinquus
791 5749 923 5814 Deo,
983 5754 1034 5800 ct
1074 5747 1273 5814 dignus
1339 5744 1525 5814 aliquo
1569 5740 1731 5800 modo
1763 5742 1852 5812 qui
1903 5742 1968 5796 ad

2083 4730 2180 4794 οὓς
2207 4731 2311 4802 χρὴ
2337 4732 2557 4793 πάντως
2589 4733 2727 4800 μήτε
2759 4731 2819 4782 τὸ
2853 4731 2998 4800 μέγα
3029 4730 3320 4799 ψεύδεσθαι
3349 4733 3651 4798 (ἁπολύτως

2081 4822 2254 4885 οὕτως
2283 4823 2518 4893 είπεῖν)“,
2556 4823 2695 4892 μήτε
2724 4822 2829 4893 μὴν
2864 4823 3133 4884 συνθέτως
3165 4822 3226 4874 τὸ
3257 4823 3397 4891 μέγα
3426 4825 3613 4892 σχῆμα
3636 4840 3650 4854 ’

2081 4909 2144 4970 οὗ
2175 4915 2273 4986 τὴν
2311 4914 2519 4968 ἔννοιαν
2548 4915 2648 4968 οὐκ
2676 4911 2832 4984 οἶμαι
2861 4915 2941 4976 τίς
2966 4914 3064 4976 τὰς
3095 4913 3310 4968 πάντων
3338 4916 3652 4969 ἀναϐαίνειν

2080 5009 2281 5079 ψυχὰς,
2325 5009 2394 5062 τά
2431 5026 2490 5061 τε
2529 5011 2609 5072 είς
2644 5009 2847 5082 ἀκριϐῆ
2889 5009 3238 5079 κατανόησιν,
3286 5009 3493 5064 τοιάνδε
3532 5011 3653 5064 τινὰ

2079 5097 2268 5166 οὖσαν,
2294 5102 2368 5164 ὡς
2396 5103 2454 5156 ἐν
2486 5102 2676 5173 πρώτῃ
2709 5101 2936 5172 ἐπιϐολῇ
2971 5103 3263 5172 θεωρῆσαι.

2153 5199 2242 5246 ια’.
2281 5192 2401 5245 Τῶν
2434 5193 2570 5247 κατά
2613 5194 2848 5263 μάθησιν
2879 5193 3174 5262 σχημάτων
3204 5193 3500 5247 πολυειδῶν
3521 5194 3652 5246 ὑπο-

2078 5283 2407 5355 τεθειμένων
2438 5285 2798 5355 ὑπερκεῖσθαι
2834 5285 2892 5338 τὸ
2921 5284 3064 5338 κατά
3094 5284 3192 5354 τὴν
3219 5287 3456 5355 σφαῖραν
3483 5287 3648 5350 δοκεῖ,

2077 5377 2200 5429 καθ’
2243 5377 2310 5445 ἢν
2341 5377 2435 5428 καὶ
2479 5378 2514 5444 ᾑ
2561 5357 2808 5446 ἀπλανὴς
2848 5376 3218 5447 περιηγμένη,
3269 5379 3366 5430 καὶ
3397 5377 3478 5447 τῷ
3529 5376 3648 5430 κατ’

2078 5465 2248 5537 αὐτὴν
2281 5465 2430 5537 γύρῳ
2463 5468 2522 5518 τὸ
2558 5467 2667 5519 πᾶν
2705 5466 2814 5519 ἔσω
2856 5466 3166 5536 σφίγγουσα
3188 5505 3204 5532 ,
3233 5466 3329 5520 καὶ
3358 5466 3482 5521 λίαν
3516 5467 3648 5520 πολὺ

2078 5556 2345 5627 σέμνωμα
2375 5556 2625 5610 ἐντεῦθεν
2651 5555 2979 5624 πλουτοῦσα,
3005 5558 3177 5626 ὀρθῶς
3207 5557 3297 5610 διά
3323 5559 3384 5610 τὸ
3410 5557 3534 5612 κατ’
3556 5559 3649 5611 αὐ-

2076 5649 2174 5719 τὴν
2224 5649 2510 5718 μεγαλεῖον
2547 5648 2760 5716 λέγοιτο
2801 5649 2868 5702 ἂν
2920 5650 3063 5718 μέγα
3111 5650 3317 5720 σχῆμα.
3374 5651 3436 5704 '0
3469 5653 3646 5704 τοίνυν

2076 5742 2177 5811 τὴν
2213 5741 2414 5814 ἀρετὴν
2451 5743 2700 5814 οὐράνιος
2736 5740 2989 5815 μοναχδς,
3023 5743 3120 5797 καὶ
3147 5740 3324 5808 οὕτως
3354 5743 3642 5818 ἀγχίθεος,
