3982 6246
364 286 474 353 737

1326 300 1421 361 DE
1459 304 1939 368 EMENDANDA
1981 305 2163 368 VIT‘A
2208 305 2670 369 MONACHICA.

3518 313 3628 379 738

365 404 809 470 ἀπεικονίζεσθαί
841 425 957 471 πως
987 407 1219 479 ὀφείλων
1245 417 1384 484 πρὸς
1421 417 1521 487 τὴν
1551 437 1658 474 κατ
1705 418 1942 490 οὐρανον

2054 433 2230 472 veram
2273 421 2554 474 caelestem
2589 421 2826 489 speciem
2858 433 3234 493 comparetur,
3284 431 3341 479 ut
3374 427 3514 482 infra
3545 430 3629 482 di-

364 492 580 586 dttzﬁliavﬁ
606 535 622 561 ,
655 495 732 558 ὡς
769 498 797 549 6
833 496 990 566 λόγος
1021 501 1228 571 προῖὼν
1257 504 1507 586 ἐκφανεῖ,
1537 509 1723 580 δοκοίη
1751 511 1818 564 ἂν
1860 512 1944 564 ἐν·

360 585 554 637 τεῦοεν
583 588 1018 660 μεγαλοσχήμων
1039 585 1426 663 ὀνομάζεσθαι,
1449 601 1781 672 καλούμενος
1803 604 1946 658 οὕτω

363 677 505 766 προς
536 677 843 750 διαστολὴν,
880 682 1070 754 ὥσπερ
1098 687 1130 756 ή
1160 689 1368 760 σφαῖρα
1397 693 1693 760 σχημάτων
1717 694 1941 766 ἑτέρων,

362 765 509 819 οὕτω
549 769 640 820 καὶ
668 769 828 834 αὐτὸς
861 772 970 826 τῶν
1012 774 1088 845 μὴ
1120 778 1243 830 κατ’
1273 779 1458 838 αὐτόν.

441 859 530 928 ιβ’.
567 862 677 915 Καὶ
699 863 856 917 τοῦτο
885 865 986 936 μὲν
1015 866 1160 922 οὕτω
1188 871 1276 924 διὰ
1305 873 1557 945 βραχέων
1582 878 1847 949 εἰρήσθω,
1881 882 1945 935 οὐ

369 948 546 1020 πάντη
581 954 938 1024 ἀπροσφυῶς,
974 955 1146 1030 οἶμαι.
1181 963 1341 1027 Εἰκὸς
1378 965 1435 1018 δὲ
1459 967 1584 1029 τοὺς
1615 948 1707 1022 διὰν
1728 972 1946 1036 φιλοσο-

369 1041 499 1107 φὶᾳς
518 1043 842 1112 ἐληλυθότας
866 1049 1204 1117 ἁγιωτάτους
1223 1057 1476 1127 Πατέρας
1497 1060 1594 1113 καὶ.
1624 1060 1800 1125 ἄλλως
1827 1063 1946 1130 ἑξο-

367 1135 605 1226 νομάσαι
631 1137 728 1208 τὴν
749 1139 901 1192 θείαν
928 1142 1133 1213 ταύτην
1155 1147 1739 1223 μεγαλοσχημοσύνην.
1766 1155 1946 1226 Τριῶν

368 1224 480 1319 γὰρ
527 1230 896 1319 πεφασμένων
925 1236 1222 1304 σχημάτων
1253 1242 1364 1304 τοῖς
1401 1244 1778 1300 ἀποδεικνύειν
1811 1224 1947 1319 προ-

368 1316 680 1384 τιθεμὲνοις
721 1322 1026 1388 φιλοσόφως
1065 1325 1134 1380 τὰ
1167 1328 1381 1399 λογικὰ,
1415 1335 1508 1386 καὶ
1538 1336 1630 1389 τοῦ
1663 1338 1721 1389 ὲν
1761 1316 1944 1404 αὐτοῖς

369 1406 789 1500 τεθεωρημένου
830 1417 1050 1486 πρώτου
1099 1425 1499 1493 σεμνυνομένου
1533 1429 1623 1480 ἐπὶ
1666 1431 1780 1494 τοῖς
1824 1431 1944 1500 μετ’

370 1497 502 1552 αὐτὸ
528 1501 595 1553 τά
628 1519 686 1554 τε
709 1503 864 1569 ἄλλα,
887 1507 982 1560 καὶ
1002 1509 1084 1561 δτι
1099 1508 1166 1563 δι’
1188 1513 1354 1566 αὐτοῦ
1381 1515 1567 1570 ἐκεῖνα
1588 1497 1942 1587 τελειοῦνται,

367 1587 430 1637 τὸ
456 1587 710 1659 δεύτερον
737 1593 940 1665 δηλαδὴ
968 1599 1145 1653 καὶτὸ
1181 1601 1386 1672 τρῖτον,
1410 1605 1486 1669 ὡς
1513 1609 1607 1660 καὶ.
1635 1611 1766 1662 αὐτὸ
1806 1612 1944 1664 ἁπο-

370 1677 709 1733 δεικνύουσιν
738 1684 786 1735 οἱ
817 1686 994 1751 σοφοὶ,
1026 1689 1148 1759 τάχ’
1182 1691 1250 1745 ἂν
1277 1694 1490 1749 ἐκεῖθεν
1525 1699 1619 1749 καὶ
1643 1700 1670 1751 6
1709 1701 1944 1768 μεγαλο-

2055 520 2234 575 cetur,
2258 522 2446 580 posset
2492 513 2690 568 exinde
2721 529 2950 584 magnus
2999 516 3131 582 dici,
3181 531 3354 587 eoque
3407 523 3629 576 nomine

2053 603 2242 657 vocari
2291 602 2357 656 ad
2402 602 2768 658 differentiam
2801 608 3031 660 aliorum
3076 609 3448 676 dissimilium,
3485 613 3628 667 sicut

2053 695 2268 764 sphaera
2316 695 2386 748 ah
2417 695 2542 750 aliis
2589 696 2776 767 ﬁguris
2808 699 3160 754 discernitur.

2123 871 2365 927 12.11am
2407 873 2667 938 breviter,
2725 891 2833 930 non
2873 879 3112 934 omnino
3173 881 3226 933 in
3289 895 3514 942 vanum.
3570 891 3628 935 ut

2053 962 2482 1029 arbitror,dicta
2521 963 2750 1019 fuerint.
2789 965 3105 1042 Verisimile
3135 982 3222 1025 est
3250 987 3347 1026 eos
3375 973 3466 1037 qui
3503 973 3626 1041 phio

2051 1055 2295 1123 iosophia
2324 1055 2668 1111 sanctissimi
2695 1056 2887 1112 Patres
2921 1043 3050 1114 sunt
3079 1062 3274 1130 habiti,
3311 1065 3449 1117 hane
3481 1049 3624 1119 divi-

2051 1160 2176 1201 nam
2199 1148 2453 1201 monachi
2510 1148 2944 1217 magnitudinem
3011 1153 3230 1208 aliunde
3300 1155 3620 1208 deduxisse.

2052 1238 2257 1295 Tribus
2281 1238 2427 1293 enim
2479 1241 2718 1294 statibus
2769 1250 2897 1295 ante
2962 1243 3086 1296 illos
3111 1246 3204 1311 qui
3261 1247 3326 1298 ad
3388 1247 3620 1315 logicum

2051 1330 2190 1385 scite
2243 1329 2549 1384 docendam
2636 1331 3014 1400 praeﬁciuntur
3095 1327 3508 1404 apparentibus,
3569 1352 3624 1395 et

2049 1421 2275 1491 proprie
2303 1421 2522 1474 illorum
2558 1423 2678 1475 viso
2716 1424 2951 1492 primum
2979 1425 3159 1479 locum
3223 1434 3417 1483 tenere
3454 1447 3619 1502 supra

2051 1514 2190 1568 alios
2228 1521 2542 1580 sequentes,
2598 1523 2652 1568 et
2709 1514 2833 1568 aliis
2863 1515 2933 1569 de
2985 1517 3189 1578 causis,
3229 1526 3283 1571 et
3341 1521 3468 1588 quia
3529 1538 3626 1590 per

2051 1605 2218 1660 istum
2244 1605 2334 1658 alii
2363 1605 2745 1672 perficiuntur.
2771 1607 2984 1662 scilicet
3029 1612 3309 1665 secundus
3325 1620 3381 1666 et
3405 1614 3622 1678 tertius,

2051 1707 2112 1750 ut
2145 1696 2530 1752 demonstrant
2556 1698 2855 1768 sapientes,
2886 1701 3085 1756 eximie
3133 1704 3365 1759 forsitan
3420 1721 3619 1760 nomen

375 1772 603 1866 σχήμων
622 1777 708 1845 εἴη
732 1777 913 1846 λαχὼν
942 1780 1201 1850 τοῦνομα.
1230 1786 1506 1856 Πρωτεύει
1523 1790 1653 1858 γοῦν
1670 1794 1765 1846 καὶ
1787 1794 1947 1859 αὐτὸς

2054 1785 2260 1854 accepit
2316 1788 2498 1854 magni
2555 1788 2776 1844 habitus
2818 1793 3144 1846 monachus.
3185 1793 3398 1850 Primas
3454 1796 3624 1866 igitur

374 1865 434 1915 ὲν
460 1868 567 1930 τοῖς
599 1868 720 1938 μετ’
759 1870 942 1928 αὐτόν.
975 1876 1037 1928 Οἱ
1062 1875 1117 1928 δέ
1152 1877 1290 1930 εἰσιν
1308 1893 1324 1910 °
1347 1881 1376 1932 6
1403 1883 1423 1951 (
1437 1882 1512 1945 ὡς
1533 1884 1738 1951 εἰπεῖν)
1762 1885 1944 1941 δευτε-

380 1958 672 2027 ροτχήμων
705 1962 1050 2036 μανδυώτης,
1081 1969 1176 2020 καὶ
1215 1971 1243 2022 6
1275 1969 1521 2043 ὑστερῶν
1551 1975 1764 2031 ἐκείνου
1791 1979 1942 2032 sino

373 2049 636 2140 γιυγικός.
674 2053 783 2105 Καὶ
812 2057 1136 2124 σεμνύνεται
1171 2061 1200 2112 ό
1225 2061 1318 2114 τοῦ
1352 2065 1586 2133 μεγάλου
1625 2069 1943 2140 σχήματος.

375 2139 458 2194 δτι
481 2141 800 2208 ἀποδεικνὺς
818 2147 1015 2216 λογίως
1032 2151 1100 2204 τὰ
1123 2157 1472 2223 πνευματικὰ
1493 2157 1552 2208 ἐν
1573 2176 1634 2211 τε
1655 2160 1734 2230 τῷ
1774 2165 1945 2216 ποιεῖν

374 2231 550 2298 αὐτὰς,
599 2237 695 2288 καὶ
739 2238 796 2290 ἐν
829 2239 904 2306 τῷ
951 2241 1250 2309 διδάσκειν,
1297 2247 1344 2300 sl
1386 2249 1461 2318 μὴ
1510 2251 1946 2320 συλλογιστικαῖς

373 2321 664 2391 ἀνάγκαις.
690 2325 822 2380 ἀλλὰ
848 2332 1024 2384 πειθοῖ
1051 2333 1180 2400 γοῦν
1205 2335 1516 2406 Πνεύματος
1545 2341 1726 2410 ἁγίου,
1751 2345 1949 2398 τελειοῖ

374 2414 446 2508 τὰ
464 2415 572 2508 *ὑπ’
603 2418 768 2472 αὑτὸν
787 2423 1038 2493 σχήματα
1069 2427 1204 2496 πρὸς
1228 2428 1506 2499 ἀρτέωσιν,
1528 2433 1604 2504 τῷ
1633 2437 1779 2506 μόνῳ
1797 2437 1946 2508 σοφῷ

376 2504 498 2577 Θεῷ
525 2509 884 2579 ἀρέσκουσαν.
931 2516 1094 2570 Ἀλλὰ
1122 2519 1293 2574 ταῦτα
1324 2522 1423 2592 μὲν
1448 2515 1562 2589 τοῖς
1596 2504 1807 2581 πλείοσι

381 2601 651 2670 μοναχῶν,
703 2603 778 2668 ὡς
831 2601 918 2660 οἶα
971 2608 1066 2662 καὶ
1117 2611 1199 2673 εἷς
1242 2629 1394 2677 τινας
1431 2615 1662 2686 γρίφους
1705 2620 1949 2676 suone,

378 2688 631 2752 εστῶτα,
685 2693 743 2756 ἐς
812 2698 1066 2750 τοσοῦτον
1125 2703 1535 2772 περιελευστέον
1603 2710 1660 2762 ὲν
1714 2709 1947 2781 βραχεῖ’

376 2777 599 2832 λεκτέον
619 2779 671 2832 δέ
695 2799 747 2834 τι
770 2785 966 2854 νόημα,
993 2789 1084 2841 καὶ
1112 2791 1313 2861 τρίτον,
1338 2789 1508 2867 οὗπερ
1524 2797 1673 2854 ἐστιν
1702 2798 1949 2866 ἅπαντας

378 2867 721 2937 δράττεσθαι.

457 2962 544 3029 ιγ’.
590 2963 649 3016 '0
673 2965 960 3032 πολλοστὸς
992 2971 1275 3045 ἄνθρωπος
1303 2979 1330 3030 6
1361 2980 1609 3049 περιττὸς
1638 2981 1946 3055 ἄνθρωπος,

381 3053 442 3105 τὸ
493 3056 602 3108 πᾶν
644 3059 838 3125 εἰπεῖν,
888 3062 1033 3126 ἄπας
1071 3065 1357 3133 ἄνθρωπος
1404 3069 1558 3138 βίον,
1603 3074 1629 3125 6
1669 3053 1820 3143 παρὰ
1856 3079 1949 3131 τὸν

387 3145 530 3209 ἰδὶως
555 3148 847 3220 λεγόμενον
868 3157 1120 3226 μοναχὸν,
1145 3159 1517 3226 ἀδιατύπωτος
1541 3159 1677 3218 εἶναι
1704 3167 1842 3232 δῦξοι
1861 3169 1948 3234 ἂν,

383 3238 478 3330 παι
519 3257 632 3304 πως
669 3243 927 3310 ἀνείδεος,
972 3251 1066 3302 καὶ
1095 3251 1592 3326 ἀχαρακτήριστος,
1640 3261 1733 3311 καὶ
1763 3261 1952 3330 ἀδιάρ-

387 3324 616 3395 θρωτος,
651 3330 746 3383 καὶ
769 3333 1113 3404 ἀμόρφωτος,
1132 3341 1229 3393 καὶ
1247 3343 1744 3411 ἀκατασκεύαστος,
1769 3350 1871 3412 ἕως
1895 3353 1954 3404 ἐν

381 3418 494 3481 τοῖς
529 3419 678 3475 κάτω
714 3425 1026 3494 στρέφεται.
1061 3430 1242 3484 Αἴτιον
1282 3433 1338 3486 δὲ
1378 3437 1475 3506 τῆς
1507 3440 1759 3511 τοιαύτης
1789 3443 1954 3510 δοκήο

383 3529 521 3578 σεως
559 3513 618 3566 τὸ
649 3519 891 3573 ποικίλον
920 3521 1012 3576 τοῦ
1041 3522 1158 3592 βίου
1193 3527 1286 3579 καὶ
1324 3527 1604 3592 πολυειδὲς
1633 3534 1728 3585 καὶ
1757 3535 1948 3604 μυριό-

382 3623 636 3675 στροφον,
670 3611 966 3668 κάντεῦθεν
990 3617 1091 3670 οὐκ
1119 3619 1538 3676 εὐδιατύπωτον.
1567 3625 1810 3693 Χρώζων
1843 3628 1950 3696 γάρ

379 3713 461 3788 τις
483 3699 702 3755 Ἑαυτὸν
742 3703 816 3763 ὡς
853 3706 932 3768 εις
959 3705 1182 3778 ἀρετὴν,
1231 3710 1320 3762 ὅτε
1353 3710 1463 3779 βιοῖ
1489 3713 1948 3788 χθαμαλώτερον,

379 3787 500 3844 εἶτα
547 3795 922 3864 παρυψωθεὶς,
974 3800 1382 3871 μεταχρώζεται
1427 3806 1510 3867 εἰς
1552 3806 1614 3860 τὸ
1657 3787 1948 3864 ἀνάπαλιν.

384 3883 610 3956 Ἕτερός
650 3905 734 3950 τις
776 3890 1138 3962 ἀγριούμενος
1174 3898 1668 3968 τυραννικώτερον,
1711 3901 1800 3954 ὅτε
1837 3902 1950 3972 βίος

380 3976 542 4030 αὐτὸν
570 3978 817 4048 ἀμφέπει
851 3981 1262 4048 δυναστευτικδς
1285 4027 1302 4052 ,
1337 3983 1458 4041 εἶτα
1489 3989 1825 4059 παραλυθεὶς
1852 3993 1948 4047 τοῦ

379 4067 671 4136 δύνασθαι,
721 4075 1114 4142 σχηματίζεται
1159 4077 1256 4148 οὐχ
1297 4078 1437 4131 ἑκὼν
1490 4081 1568 4142 εἰς
1620 4081 1948 4152 ἱλαρότητα,

380 4159 718 4225 ἱξαλλάττων
740 4163 840 4234 τὴν
865 4163 1158 4235 Θηριωδίαν
1186 4171 1268 4230 εἰς
1288 4169 1704 4240 ἁνθρωπότητᾳ.
1747 4174 1949 4244 Ἑμορ-

379 4253 590 4322 φάσατό
617 4272 701 4318 τις
731 4255 888 4321 αὖθις
929 4260 988 4312 ἐν
1015 4260 1194 4331 καιρῷ
1225 4263 1320 4313 καὶ
1359 4261 1737 4334 ἐλεημοσύνην
1761 4283 1776 4296 ·
1813 4267 1951 4321 ἀλλὰ

381 4348 577 4418 μικρὸν
599 4349 694 4402 καὶ
721 4352 798 4411 εἰς
822 4351 1068 4421 ὲτεροίαν
1101 4353 1412 4423 μετηλλάγη
1440 4355 1574 4419 ἕξιν,
1605 4357 1673 4426 ἢν
1702 4361 1730 4410 6
1761 4377 1950 4428 τραγι-

379 4441 674 4512 κευόμενος
699 4443 1156 4514 ἁναρπαξάνδραν
1178 4446 1326 4500 εἴποι
1343 4445 1428 4500 ἄν.
1457 4448 1733 4518 Ἕμπαλιν
1749 4449 1805 4503 δὲ
1839 4453 1950 4514 τοῖς

2048 1886 2231 1944 partes
2249 1878 2368 1946 ipse
2385 1885 2533 1931 tenet
2561 1877 2702 1932 inter
2729 1879 2867 1933 alios
2893 1880 2984 1949 qui
3011 1891 3346 1952 sequuntur.
3372 1883 3414 1937 li
3443 1893 3572 1938 sunt
3605 1903 3619 1939 :

2046 1970 2392 2024 utantellatns
2421 1969 2495 2040 (Ι)
2549 1971 2776 2024 minoris
2831 1969 3036 2024 ordinis
3095 1972 3266 2042 (ver-hi
3304 1974 3524 2042 gratia),
3569 1984 3621 2027 ct

2044 2068 2166 2130 post
2195 2060 2340 2115 hunc
2396 2059 2682 2116 novitius.-
2743 2059 3058 2116 Honoratur
3126 2064 3231 2118 iste
3308 2064 3620 2134 perfectus.

2043 2168 2110 2208 eo
2135 2153 2279 2223 quod
2313 2155 2622 2222 spiritualia
2655 2154 2829 2224 perite
2887 2155 3125 2210 edocens
3181 2166 3295 2211 tum
3359 2158 3574 2228 agendo
3602 2199 3617 2222 ,

2045 2254 2162 2300 tum
2202 2246 2469 2309 docendo,
2525 2247 2570 2298 si
2643 2261 2751 2300 non
2795 2247 3096 2316 syllogismi
3157 2249 3418 2312 vinculo,
3503 2249 3619 2302 sal-

2045 2348 2153 2392 tem
2192 2337 2432 2406 Spiritus
2474 2339 2653 2394 sancti
2702 2339 2901 2409 gratia,
2939 2339 3232 2393 inferiores
3300 2339 3524 2394 ordines
3551 2340 3618 2392 ad

2045 2430 2444 2500 perfectionem
2510 2431 2751 2495 adducit,
2789 2447 2915 2500 qna-
2971 2432 3065 2485 uni
3101 2439 3155 2485 et
3209 2431 3445 2500 sapienti
3509 2430 3621 2486 Deo

2046 2523 2246 2594 placet.
2303 2523 2416 2578 lsta
2472 2533 2654 2577 autem
2713 2523 2872 2592 quasi
2893 2524 3169 2592 wseposita
3223 2524 3291 2576 ad
3350 2523 3620 2591 quasdam

2045 2617 2396 2688 questiones,
2418 2616 2692 2687 plerisque
2719 2616 3004 2669 monachis
3034 2616 3271 2670 breviter
3291 2613 3366 2668 sic
3389 2628 3622 2684 percur—

2047 2709 2215 2786 renda
2260 2717 2420 2764 erant
2475 2705 2750 2761 :dicenda
2781 2712 2962 2760 autem
3004 2715 3088 2760 est
3139 2705 3320 2775 aliqua
3349 2705 3622 2760 sententia

2051 2805 2210 2858 tertia
2243 2817 2410 2874 quam
2435 2815 2628 2856 omnes
2660 2807 2891 2870 possunt
2918 2799 3208 2870 attingere.

2122 2986 2210 3040 i3.
2244 2985 2416 3040 Homo
2439 2985 2605 3053 vulgi,
2641 2984 2888 3054 plerique
2916 2983 3193 3047 homines,
3226 2991 3282 3037 et
3325 2987 3386 3036 ut
3435 2980 3619 3035 omnia

2056 3076 2411 3144 complectar,
2449 3075 2696 3129 universi
2734 3075 2990 3129 homines
3027 3075 3347 3135 saeculares,
3420 3081 3621 3140 preter

2053 3169 2258 3221 dictum
2289 3168 2507 3236 proprie
2530 3166 2882 3228 monachum,
2909 3165 3332 3231 judicandisnnt
3351 3176 3474 3216 esse
3500 3163 3620 3216 sine

2058 3267 2202 3330 typo,
2258 3257 2377 3313 sine
2426 3258 2641 3324 Specie,
2687 3257 2807 3310 sine
2857 3255 3199 3316 charactere,
3249 3253 3369 3307 sine
3421 3252 3620 3306 distin-

2055 3351 2258 3411 ctione,
2289 3349 2409 3404 sine
2452 3347 2647 3411 forma,
2679 3359 2733 3403 et
2778 3350 2900 3403 sine
2942 3355 3167 3409 ornatu,
3205 3345 3449 3414 quandiu
3479 3345 3622 3397 inter

2057 3450 2270 3495 terrena
2290 3448 2604 3531 versantur.
2629 3439 2804 3508 Cujus
2825 3439 3116 3494 sententia:
3135 3425 3314 3491 causae
3334 3443 3464 3490 sunt
3485 3435 3618 3488 varii

2051 3534 2175 3586 vita:
2193 3525 2475 3601 aspectus,
2493 3531 2638 3586 mille
2655 3531 2826 3595 vices,
2843 3531 3075 3599 ideoque
3095 3528 3327 3583 difﬁcilis
3350 3525 3618 3583 deﬁnitio.

2053 3623 2303 3678 Colorem
2330 3623 2551 3678 virtutis
2579 3623 2669 3678 ille
2703 3631 2954 3693 usurpat,
2993 3623 3120 3676 dum
3153 3622 3286 3674 vivit
3319 3619 3619 3682 terrestris,

2057 3715 2153 3771 sed
2216 3715 2458 3770 elevatus
2511 3729 2640 3769 mox
2699 3713 2768 3768 ad
2828 3714 3118 3784 pristinum
3182 3713 3423 3766 colorem
3456 3711 3619 3766 redit.

2050 3809 2209 3864 Alius
2249 3808 2406 3863 saevit
2452 3809 2756 3878 tyrannice,
2793 3807 2924 3861 dum
2959 3806 3070 3875 agit
3092 3820 3214 3860 cum
3253 3811 3544 3872 potestate,
3569 3813 3624 3854 et

2051 3917 2113 3957 ea
2147 3901 2350 3956 amissa
2382 3900 2449 3954 ad
2473 3900 2815 3954 clementiam
2843 3898 3048 3954 invitus
3077 3897 3235 3959 redit,
3266 3911 3330 3949 ex
3368 3894 3540 3947 ferina
3569 3895 3620 3944 in

2054 3993 2347 4047 humanam
2375 4001 2626 4046 naturam
2656 3998 2921 4045 mutatus.
2943 3987 3271 4058 Largitatem
3285 3987 3507 4055 quidam
3527 3985 3626 4036 ali-

2051 4083 2274 4153 quando
2308 4084 2584 4144 induerat,
2621 4060 2756 4134 mo;
2775 4081 2826 4133 in
2879 4080 3116 4133 alterum
3155 4079 3398 4132 habitum
3449 4086 3626 4129 trans-

2053 4176 2244 4243 fertur,
2273 4175 2363 4245 qui
2399 4189 2430 4228 a
2449 4175 2659 4242 tragico
2689 4171 3176 4240 raptorhominum
3204 4178 3350 4224 esset
3373 4176 3621 4223 vocatus.

2052 4266 2326 4334 Eteontra
2367 4278 2592 4334 rapaces
2645 4263 2898 4316 homines
2959 4261 3212 4316 novimus
3267 4258 3523 4312 liberales
3572 4266 3627 4308 et

2051 4369 2240 4428 postea
2275 4358 2624 4422 ferocientes,
2669 4355 2868 4410 deinde
2907 4355 3102 4408 stultos
3139 4367 3204 4406 ac
3245 4350 3626 4419 superbientes

2052 4462 2106 4508 et
2133 4452 2222 4522 qui
2243 4452 2310 4505 ad
2338 4451 2594 4504 virtutem
2613 4448 2816 4504 reversi
2831 4455 2982 4503 sunt.
3009 4444 3204 4506 Szeculi
3223 4443 3460 4512 Euripus
3480 4440 3626 4493 mille

377 4535 639 4599 τοιούτοις
670 4533 895 4606 οἴδαμεν
921 4540 1013 4590 καὶ
1039 4513 1298 4608 ἅρπαγας
1334 4513 1674 4609 ἀνθρώπους,
1707 4543 1757 4596 οἳ
1790 4561 1948 4612 μετε-

2054 4543 2366 4599 istiusmodi
2407 4541 2792 4598 conversiones
2821 4541 2968 4595 videt
2988 4537 3213 4601 reﬂecti,
3243 4537 3443 4604 quibus
3457 4547 3628 4590 secn-

378 4631 676 4699 γράφησαν
701 4629 839 4698 πρὸς
869 4630 1177 4699 μετάδοσιν,
1207 4632 1299 4684 καὶ
1326 4632 1566 4702 ἱλαροὺς,
1599 4635 1948 4704 ἐξηγριωμέ-

379 4736 502 4782 νους
532 4723 587 4772 ὲν
610 4720 821 4790 ὑστέρῳ
842 4723 1055 4794 χρόνῳ’
1087 4723 1180 4777 καὶ
1207 4723 1450 4793 ἄφρονας
1483 4725 1742 4795 ὑψηλοὺς,
1777 4744 1948 4796 μετα-

2055 4636 2187 4692 laris
2204 4636 2368 4691 homo
2391 4634 2604 4689 videtur
2629 4634 2812 4704 plures
2830 4629 3018 4696 facies,
3043 4630 3225 4700 plures
3243 4628 3446 4682 formas
3461 4638 3624 4692 quam

2054 4724 2281 4780 Proteus
2306 4725 2528 4791 habere,
2550 4739 2687 4794 quas
2710 4737 3038 4779 enumerare
3070 4731 3220 4777 esset
3247 4716 3612 4788 impossibile.

379 4817 646 4876 πεσόντας
688 4817 768 4878 εἰς
813 4817 874 4869 τὸ
930 4818 1206 4888 ἐνάρετον.
1263 4818 1498 4891 Εὔριπος
1545 4821 1662 4891 βίου
1717 4823 1945 4891 μυρίους
1982 4821 2259 4884 τοιούτους
2277 4815 2385 4876 οἶδε
2419 4820 2674 4892 στρέφειν
2695 4819 2975 4890 ἑλιγμοὺς,
3034 4817 3102 4872 δι’
3131 4813 3205 4873 ὧν
3270 4813 3625 4888 πολυπρόσω-

379 4907 590 4992 πόςτις
636 4909 666 4961 6
697 4908 790 4962 τοῦ
829 4909 948 4979 βίου
983 4913 1292 4981 ἄνθρωπος.
1331 4915 1428 4968 καὶ
1468 4915 1735 4983 Πρωτέως
1774 4916 2274 4989 πολυμορφότερος,
2303 4917 2383 4980 εἰς
2421 4917 2544 4969 ὅσον
2572 4915 2672 4969 οὐκ
2709 4915 2861 4968 ἔστιν
2893 4915 3090 4967 εἰπεῖν.

451 4999 536 5056 ιδ’.
568 5003 676 5056 Καὶ
700 5001 842 5056 οὕτω
863 5005 960 5072 μὲν
999 5007 1028 5057 6
1053 5005 1166 5075 βίος
1193 5009 1284 5062 διὰ
1315 5010 1376 5064 τὸ
1405 5009 1948 5081 πολυσχημάτιστον,

382 5095 476 5148 καὶ
497 5096 772 5165 ἀόριστον.
796 5097 892 5150 καὶ
912 5097 1085 5163 οὕτως
1118 5101 1378 5165 ἄστατον,
1411 5103 1504 5155 ἐπὶ
1536 5099 1658 5168 ἐνὸς
1703 5120 1945 5175 κατηγο-

451 5253 529 5324 (1)
559 5255 620 5310 in
651 5254 758 5326 hoc
805 5257 1066 5326 opusculo
1126 5267 1237 5312 tres
1295 5260 1688 5314 monachorum
1720 5258 1950 5314 ordines

382 5325 1044 5395 distingthEustathius.
1107 5327 1296 5381 Primo
1338 5329 1460 5382 loco
1519 5328 1754 5383 habendi
1795 5337 1950 5394 sunt,

384 5409 524 5468 quos
564 5406 722 5468 vocat
763 5397 1284 5468 Μεγαλοσχήμονας.
1327 5397 1390 5451 1Ιί
1432 5407 1715 5452 tonsuram
1753 5413 1952 5468 aeepe-

384 5465 526 5526 rant,
552 5465 722 5520 sacris
739 5467 899 5520 rebus
930 5465 1143 5534 tempus
1165 5469 1576 5526 consumebant.
1604 5483 1692 5522 res
1712 5465 1957 5522 commu-

386 5552 485 5590 nes
532 5537 806 5601 regebant.
855 5537 958 5604 ipsi
984 5539 1157 5600 maius
1189 5537 1406 5603 pallium
1451 5553 1544 5591 seu
1578 5538 1952 5592 indumentum

385 5606 653 5667 ferebant,
705 5607 847 5660 unde
887 5608 1016 5658 dicti
1052 5619 1178 5659 sunt
1212 5606 1428 5674 proprie
1476 5608 1742 5674 monachi.
1779 5610 1955 5674 magni

387 5675 686 5730 indumenti
737 5676 904 5746 (μέγα
939 5677 1179 5744 cxx-qua);
1214 5675 1428 5728 illorum
1467 5677 1679 5744 planetu
1713 5692 1806 5731 seu
1844 5680 1957 5745 pal-

387 5747 517 5802 hunt
550 5745 723 5800 ferina
761 5748 990 5817 oblonga
1021 5762 1086 5801 ex
1114 5747 1259 5801 Ott‘tli
1320 5754 1490 5813 parte,
1522 5761 1551 5799 a
1589 5746 1726 5801 collo
1748 5748 1810 5802 ad
1866 5761 1956 5819 pc-

2129 5011 2216 5064 14.
2251 5009 2343 5066 Sic
2366 5010 2653 5076 saeculum,
2681 5023 2748 5064 eo
2775 5007 2920 5079 quod
2952 5017 3037 5063 est
3074 5006 3370 5061 multarum
3419 5003 3621 5057 forma.

2055 5119 2202 5168 rum,
2239 5102 2605 5170 indeﬁnitum,
2637 5111 2805 5172 atque
2839 5103 3185 5164 inconstans,
3220 5097 3285 5152 de
3309 5112 3418 5150 uno
3443 5095 3624 5164 arguit

2049 5259 2145 5314 des
2173 5257 2482 5320 decidebat,
2509 5267 2564 5312 et
2584 5273 2749 5326 super
2778 5255 2996 5310 brachia
3025 5253 3385 5326 relevabatur.
3411 5245 3622 5326 Coloris

2049 5329 2189 5398 nigri
2240 5337 2376 5382 erat.
2408 5316 3264 5398 llosdico'magnosmonacltos,
3301 5329 3392 5372 aut
3419 5316 3615 5396 perfec-

2051 5393 2158 5464 tos;
2185 5401 2285 5454 hoc
2299 5399 2520 5453 nomine
2536 5393 2974 5464 deeursnoperis
2994 5403 3135 5447 utar.
3159 5393 3260 5464 Alii
3280 5398 3434 5441 erant
3450 5393 3625 5438 mino-

2054 5458 2162 5534 res,
2189 5486 2328 5536 quos
2379 5467 2723 5522 Mantellatos
2755 5458 3029 5536 dicit_sive
3054 5458 3368 5536 μανδυώτας
3407 5467 3460 5509 et
3490 5470 3617 5533 non-

2052 5530 2333 5607 nunquam
2365 5536 2834 5608 μικροσχήμονας,
2872 5531 3101 5608 :I‘ertius
3124 5530 3257 5581 ordo
3297 5536 3415 5608 erat
3447 5530 3615 5608 fluvio

2054 5595 2276 5672 tioru'm,
2311 5595 2404 5662 se'n
2440 5595 2840 5672 εἷσαξὼγικῶν.
2872 5601 2944 5654 De
2963 5599 3158 5665 quibus
3177 5597 3406 5653 scorsitn
3429 5595 3619 5650 dicun-

2054 5677 2181 5734 dum
2215 5679 2317 5732 erit
2349 5677 2456 5730 alio
2489 5678 2539 5730 iu
2575 5671 2695 5726 loco
2735 5671 2801 5725 ad
2838 5671 3018 5725 tinem.
