3982 6246
291 257 403 321 745

1279 256 1378 315 DE
1409 255 1884 316 EMENDANDA
1927 257 2106 318 VlTA
2133 257 2604 320 MONACHICA.

3455 261 3562 327 ’146

287 387 401 434 τως
427 371 638 436 ἀνέτοις
667 370 968 439 φιλοῦνται,
1024 373 1160 442 μήτε
1206 372 1542 442 ἀμεριμνίας
1586 377 1680 426 καί
1737 390 1869 442 τρυε

1986 375 2267 441 .ncuriam,
2309 390 2410 430 nec
2457 375 2707 430 delicias.
2762 373 3102 430 Accenditur
3151 383 3204 430 et
3249 375 3314 430 ad
3349 391 3561 445 pugnas

288 465 420 532 φάς.
453 465 862 536 Παρακαλεῖται
889 465 945 518 δὲ
963 467 1056 518 καὶ
1088 467 1166 528 είς
1191 466 1408 532 ἀγῶνας
1436 469 1867 534 πνευματικοίις,

289 557 386 608 καὶ
411 557 489 619 εἰς
519 556 794 625 πτωχείαν
820 573 834 588 ·
859 556 1051 608 ὁποίαν
1086 557 1289 624 ταύτην
1317 557 1463 609 εἴποι
1500 574 1584 618 τις
1629 557 1715 620 ἂν,
1758 559 1869 612 εἴτε

287 647 392 716 τὴν
423 647 565 699 κατὰ
592 645 830 715 πνεῦμα,
861 647 982 698 καθ’
1010 647 1076 716 ἣν
1113 651 1384 717 πτωχεύει
1438 664 1522 709 τις
1560 649 1868 719 ἁμαρτιῶν,

271 741 402 794 εἴτε
437 738 535 808 τὴν
578 741 637 790 ὲν
691 738 1108 808 περιουσιασμῷ
1151 739 1404 808 τῷγκατὰ
1455 741 1680 809 κόσμον.
1745 741 1870 795 Ἔτι

291 830 655 902 προκαλεῖται
688 832 783 884 καὶ
814 833 894 893 εἰς
914 830 1112 895 πένθος
1141 831 1364 899 ἀγαθὸν,
1395 835 1578 886 ὁποῖον
1610 850 1871 904 πραγμα-

290 922 510 978 τεύεται
540 925 588 984 ὁ,
621 921 694 984 ὡς
717 922 947 994 ὲρῤἐθη,
987 925 1391 994 σταυρούμενος
1439 927 1534 979 καὶ
1573 925 1872 996 νεκρούμε-

291 1033 385 1078 νος
404 1030 418 1044 ⁶
453 1014 511 1078 ὃς
539 1018 631 1068 καὶ
654 1014 810 1084 ζητεῖ
832 1017 933 1085 τὴν
963 1017 1212 1071 ἐντεῦθεν
1247 1019 1530 1086 ἀνάλυσιν,
1553 1020 1648 1073 καὶ⁵
1669 1020 1871 1075 κλαίων

291 1109 446 1176 λέγει
483 1108 542 1160 τὸ
581 1125 598 1158 ι
627 1108 812 1175 Οῖμοι,
875 1108 1019 1179 ὃτιὴ
1069 1111 1332 1179 παροικία
1374 1129 1477 1181 μου
1526 1113 1868 1183 ἐμακρύνθη,

295 1202 395 1253 καὶ
429 1199 528 1252 οὐκ
547 1199 851 1268 ἀπολύομαι
892 1200 1029 1270 ταχὺ
1081 1200 1180 1270 τῆς
1213 1200 1378 1270 ζωῆς.
1423 1221 1444 1255 ι
1509 1201 1872 1274 Ἐπισκήπτε-

289 1309 385 1344 ται
423 1293 480 1344 δὲ
511 1295 604 1348 καὶ
632 1291 769 1361 φῶς,
797 1293 981 1346 εἴποτε
1025 1295 1296 1363 πεινήσει,
1341 1294 1436 1348 καὶ
1480 1292 1721 1366 διψήσει,
1777 1295 1872 1348 καὶ

290 1389 667 1457 γυμνιτεύσει,
705 1391 798 1443 καὶ
829 1390 1057 1461 ὑϐρισθῇ
1076 1392 1165 1444 διὰ
1193 1390 1284 1444 τὸν
1343 1393 1399 1445 ὲν
1450 1394 1568 1455 τοῖς
1619 1394 1872 1464 οὐρανοῖς

291 1483 462 1536 πολὺν
487 1483 652 1535 αὐτοῦ
684 1481 915 1551 μισθόνο
953 1473 1124 1548 οὗπερ
1175 1482 1362 1536 ἕνεκεν
1419 1483 1639 1552 χαίρειν
1698 1484 1865 1537 αὐτὸν

293 1570 494 1642 χρεών.
528 1572 638 1626 Καὶ
661 1572 772 1643 ἔχει
803 1572 903 1640 μὲν
947 1574 1006 1625 ἐν
1037 1572 1250 1636 τούτοις
1291 1574 1466 1627 εἰπεῖν
1496 1575 1590 1628 καὶ
1617 1575 1781 1637 αὐτὸς
1809 1577 1872 1628 τὸ

300 1682 319 1716 ι
355 1664 452 1728 Τίς
479 1666 587 1729 ἄρα
611 1665 836 1718 δύναται
893 1665 1172 1735 σωθῆναι;
1204 1684 1223 1717 ι
1282 1665 1452 1728 Εἰδὼς
1504 1666 1562 1720 δὲ
1618 1666 1869 1718 άκούσειν

1977 467 2317 536 spirituales,
2343 478 2505 536 atque
2529 467 2597 521 ad
2629 476 3003 537 paupertatem
3028 485 3042 521 :
3067 483 3185 521 eam
3221 482 3415 537 nempe
3438 470 3562 524 dico

1975 574 2096 626 qua:
2118 569 2201 612 est
2232 559 2468 627 Spiritus
2496 576 2510 624 ;
2542 567 2596 613 et
2660 574 2688 612 a
2739 567 2970 630 peccato
3020 559 3256 629 jejunat,
3295 561 3410 616 sive
3440 576 3563 631 quae

1973 653 2121 706 circa
2152 653 2480 706 mundanam
2516 655 2908 715 abundantiam
2939 665 3217 710 versatur.
3251 655 3458 711 Deinde
3491 657 3556 708 ad

1972 745 2179 800 bonum
2239 745 2485 800 dolorem
2543 747 2865 816 adducitur,
2903 766 3066 819 quem
3136 753 3426 820 concepit,
3499 760 3560 806 ut

1973 838 2182 892 dictum
2209 845 2314 904 est,
2352 839 2514 892 horno
2541 840 2841 894 crucifixus
2876 849 2928 895 et
2950 851 3225 909 mortuus,
3249 842 3556 913 quiexinde

1972 933 2168 1000 quaerit
2215 931 2468 996 dissolvi,
2520 942 2572 986 et
2597 932 2673 986 ait
2699 947 2824 987 cum
2859 935 3154 1006 Iacrymis:
3192 955 3212 988 ι
3249 937 3363 991 lleu
3397 938 3554 997 mihi.

1971 1025 2102 1093 quia
2133 1024 2408 1079 incolatus
2453 1039 2608 1079 meus
2655 1026 3012 1095 prolongatus
3047 1030 3192 1094 esl‘,
3241 1037 3296 1084 et
3349 1045 3458 1084 non
3489 1046 3552 1084 ex

1961 1118 2080 1171 ‘vita
2143 1118 2246 1170 ista
2290 1116 2527 1171 liberer!
2569 1135 2588 1169 ι
2636 1116 2702 1170 Et
2735 1119 3049 1173 ostenditur
3082 1121 3342 1189 splendor
3369 1122 3552 1190 famis,

1975 1207 2124 1270 sitis,
2167 1207 2463 1270 nuditatis,
2504 1219 2559 1261 et
2605 1206 2962 1276 injuriarum,
3002 1221 3224 1280 propter
3274 1212 3556 1283 copiosam

1973 1297 2282 1352 mercedem
2318 1314 2508 1353 earum
2543 1299 2597 1353 in
2630 1299 2807 1366 caelis,
2869 1303 3014 1356 unde
3063 1305 3375 1357 necessario
3424 1320 3559 1373 gau-

1971 1388 2208 1442 dendum
2242 1388 2346 1456 ipsi
2379 1398 2483 1443 est.
2526 1388 2804 1460 Contingit
2831 1392 2972 1446 inter
3013 1391 3126 1446 [nec
3171 1409 3294 1446 eun
3338 1393 3556 1448 dicere:

1978 1499 1998 1533 ι
2026 1480 2160 1545 Quis
2181 1495 2312 1550 ergo
2340 1483 2537 1550 poterit
2560 1481 2745 1536 salvus
2773 1498 2897 1535 esse
2917 1484 2936 1513 ’
2961 1483 2982 1536 ?
3010 1503 3028 1535 ι
3067 1483 3172 1539 Sed
3203 1500 3324 1538 cum
3353 1485 3563 1540 audivit

1971 1574 2444 1643 evangelizantem
2496 1574 2862 1644 impossibilia
2908 1576 3050 1644 apud
3095 1577 3347 1631 homines
3385 1577 3560 1645 possi-

1974 1667 2106 1720 bilia
2146 1681 2266 1722 esse
2296 1667 2437 1737 apud
2462 1667 2655 1733 Deum,
2684 1677 2826 1722 tacet
2855 1668 3112 1734 libenter,
3160 1669 3482 1738 prudenter,
3511 1679 3565 1724 et

289 1759 716 1825 εὐαγγελικῶς,
789 1757 866 1821 ὡς
925 1757 994 1811 τὰ
1050 1757 1289 1811 ἀδύνατα
1354 1759 1507 1828 παρὰ
1566 1757 1876 1828 ἀνθρώποις

1986 1769 2146 1828 caput
2202 1760 2494 1815 inclinans.
2555 1760 2649 1814 Sic
2699 1762 3102 1816 consentiendo
3151 1762 3299 1816 dicta
3343 1762 3560 1833 recipit.

291 1850 500 1904 δυνατὰ
531 1851 681 1920 παρὰ
702 1849 933 1920 maesta,
962 1851 1144 1920 σιωπᾷ
1178 1849 1444 1912 εὐλαόὦς,
1490 1844 1550 1901 εὖ
1590 1867 1653 1916 γε
1678 1848 1869 1915 ποιῶν,

293 1943 392 1996 καὶ
450 1941 839 1999 κατακύπτων.
903 1943 1015 1996 Καὶ
1076 1941 1248 2002 οὕτως
1322 1943 1875 2011 ἀνθομολογούμενος,

289 2037 507 2105 δέχεται
530 2037 598 2088 τὰ
629 2035 1028 2104 ὲκλαλούμενα,
1046 2035 1547 2106 ψυχαγωγούμενος
1580 2031 1660 2099 οἷς
1689 2037 1877 2089 ἀκούει

289 2129 494 2182 αὐτίκα
520 2129 662 2190 τότε,
695 2131 777 2183 ὅτι
810 2129 1096 2195 ἐξελέξατο
1123 2128 1328 2182 αύτὸνὸ
1365 2128 1520 2191 Θεὸς,
1557 2129 1648 2182 καὶ
1685 2129 1846 2199 διεχώ

189 2229 192 2233 ’
291 2238 442 2290 ρισεν
467 2221 574 2274 ἀπὸ
600 2222 696 2290 τῆς
726 2225 784 2275 ὲν
833 2221 1024 2290 κόσμῳ
1043 2220 1188 2290 ζωῆς
1218 2237 1230 2249 ·
1263 2220 1358 2274 καὶ
1383 2219 1458 2281 ὡς
1476 2221 1540 2272 ὲκ
1573 2219 1870 2290 προσώπου

281 2311 491 2380 αὐτοῦ,
535 2313 670 2384 πρὸς
717 2313 745 2366 ὃ
777 2316 1177 2385 σχηματίζεται
1234 2311 1684 2382 μεγαλυνόμενος
1721 2311 1875 2366 ἔθετο

1981 1851 2250 1906 suadetur
2296 1866 2420 1905 cum
2457 1854 2710 1921 protinus
2759 1853 2915 1906 audit
2960 1868 3021 1908 se
3070 1869 3098 1908 a
3155 1853 3266 1908 Deo
3327 1855 3560 1909 electum

1985 1961 2108 2000 esse
2130 1985 2144 2008 ,
2186 1953 2648 2016 segregatnmque
2699 1946 2768 2000 ab
2801 1948 2904 2001 ista
2938 1948 3052 2002 vita
3086 1948 3357 2002 mundana
3385 1965 3399 2013 ;
3432 1962 3558 2002 cum

1982 2039 2136 2091 audit
2166 2039 2315 2092 velut
2343 2054 2409 2092 ex
2449 2053 2685 2108 persona
2737 2039 2889 2095 illius
2933 2042 3234 2095 secundum
3276 2055 3440 2110 quem
3475 2042 3561 2092 in-

1981 2132 2255 2187 formatur
2283 2147 2408 2187 cum
2440 2133 2629 2188 laetitia
2655 2174 2669 2196 ,
2697 2147 2758 2187 se
2783 2135 3020 2204 positum
3055 2133 3225 2189 inisse
3251 2134 3477 2187 militem
3509 2132 3564 2186 in

1977 2225 2144 2279 vitam
2179 2227 2512 2297 angelicam,
2555 2227 2609 2281 in
2637 2227 2832 2298 agendi
2883 2228 3152 2282 rationem
3186 2227 3477 2283 sublimem
3510 2236 3566 2282 et

1976 2320 2219 2375 cmlestis
2251 2319 2510 2376 similem.

289 2411 457 2464 αὑτὸν
511 2415 981 2483 στρατευσάμενον
1019 2415 1097 2476 εἰς
1134 2414 1414 2484 διαγωγὴν
1455 2415 1774 2485 ἀγγελοειδῆ
1810 2418 1869 2471 εν
1915 2416 2040 2483 ὕψει
2065 2419 2508 2489 οὐρανομιμήτου
2533 2418 2830 2484 πολιτείας.

363 2502 473 2558 κδ’.
529 2507 640 2560 Καὶ
681 2509 786 2560 εἰσὶ
830 2507 930 2575 μὲν
960 2507 1055 2560 καὶ⁵
1083 2508 1309 2561 τοιαῦτα
1340 2509 1521 2563 πάντα
1567 2509 1796 2579 φρικτὰ,
1830 2503 1875 2563 ὦ

291 2597 498 2668 ἀδελφέ
530 2616 544 2630 ο
579 2598 677 2668 εμὲ
709 2598 765 2652 δὲ
789 2599 951 2652 πλέον
982 2600 1221 2669 παράγει
1253 2602 1311 2663 ὲς
1340 2601 1542 2671 φρίκην
1573 2603 1667 2655 καὶ
1698 2604 1877 2656 ἐκεῖνο

294 2695 394 2747 τοῦ
435 2693 716 2748 θειοτάτου
750 2693 956 2763 βιϐλίου
977 2694 1072 2761 τῆς
1103 2693 1409 2762 ἀποταγῆς,
1439 2695 1523 2748 ὅτι
1549 2694 1624 2758 ὡς
1652 2691 1739 2748 οἷα
1771 2713 1874 2749 κα-

293 2785 631 2857 τηχούμενος
654 2789 684 2842 ὁ
720 2789 964 2852 τοιοῦτος
996 2789 1524 2860 ἀπολαμϐανόμενος
1557 2791 1751 2844 ἀκούει
1781 2791 1876 2858 βά-

293 2896 514 2950 πτισμα
545 2880 851 2950 λαμϐάνειν
881 2882 1099 2946 αὐτίκα,
1132 2884 1192 2936 τό
1221 2901 1279 2936 τε
1305 2885 1384 2946 είς
1413 2884 1696 2953 καταρχὴν
1727 2882 1874 2954 ζωῆς

292 2972 490 3043 ἑτέρας
507 2973 607 3026 καὶ
636 2972 752 3043 βίου
780 2974 1092 3042 μετάθεσιν,
1127 2975 1468 3044 προσφυέστε
1479 2991 1569 3042 ρον
1593 2975 1650 3028 δὲ
1675 2976 1872 3038 εἰπεῖν,

294 3064 726 3134 παλιγγενεσίαν
773 3067 1062 3134 σωτήριον,
1108 3067 1206 3120 καὶ
1231 3067 1342 3118 τῶν
1373 3067 1662 3135 ἁμαρτιῶν
1710 3067 1874 3120 αὑτοῦ

2056 2512 2146 2567 22.
2184 2511 2494 2569 Tremenda
2529 2524 2660 2569 sunt
2689 2515 2942 2585 equidem
2982 2516 3099 2570 haec
3135 2514 3342 2574 omnia,
3367 2511 3563 2567 frater.

1987 2604 2224 2673 ampli-us
2250 2613 2433 2660 autem
2473 2607 2539 2659 ad
2569 2607 2912 2662 tremendum
2946 2621 3032 2661 me
3067 2605 3288 2660 adducit
3319 2603 3425 2658 hoc
3445 2618 3567 2657 ver-

1985 2697 2116 2751 bum
2141 2695 2318 2750 divini
2363 2698 2491 2752 libri
2523 2697 2883 2763 initiationis,
2913 2698 3186 2761 eumdem,
3215 2705 3276 2750 ut
3303 2695 3566 2750 catechu-

1977 2802 2225 2854 menum,
2240 2790 2473 2859 suscipi,
2488 2790 2776 2860 juberique
2801 2791 3129 2860 baptismum
3149 2788 3408 2842 continuo
3427 2786 3568 2839 reci.

1985 2897 2136 2950 pere,
2177 2883 2419 2952 incipere
2447 2883 2672 2937 alteram
2709 2882 2897 2947 vitam,
2927 2890 2982 2936 ct
3039 2890 3276 2936 veterem
3328 2885 3566 2941 mutare,

1981 2988 2102 3036 seu,
2127 2985 2188 3028 ut
2210 2975 2393 3043 aptius
2417 2976 2632 3044 loquar,
2655 2974 2868 3029 renasci
2895 2973 2960 3026 ad
2984 2973 3240 3035 salutem,
3269 2987 3296 3023 a
3326 2969 3567 3040 peccatis

1979 3065 2521 3130 'mundariJetlilium
2551 3066 2692 3121 lucis
2727 3065 2863 3120 ﬁeri.
2893 3064 3059 3119 Audit
3086 3064 3248 3119 etiam
3278 3063 3564 3119 Christum

293 3157 684 3230 καθαίρεσθαι,
720 3160 816 3212 καὶ
847 3159 964 3222 υἱὸς
996 3160 1174 3228 φωτὸς
1207 3160 1456 3228 γίνεσθαι
1487 3174 1504 3194 ·
1534 3161 1627 3212 καὶ
1659 3161 1742 3214 ὅτι
1771 3162 1870 3214 αὺ-

1986 3170 2102 3209 cum
2160 3159 2367 3212 sanctis
2407 3157 2614 3228 angelis
2663 3158 2731 3213 de
2776 3173 2874 3213 sua
2926 3155 3247 3227 poenitentia
3304 3154 3564 3223 gaudere,

289 3253 390 3315 τὸς
433 3250 674 3321 Χριστὸς
705 3253 733 3306 ὁ
763 3251 897 3314 Θεὸς
927 3253 1217 3323 συγχαίρει
1251 3253 1392 3323 μετὰ
1431 3253 1541 3307 τῶν
1574 3253 1748 3322 ἁγίων
1773 3255 1876 3322 ἀγ·

299 3343 477 3410 γέλων
515 3345 610 3398 ἐπὶ
637 3346 703 3413 τῇ
740 3344 906 3398 αὑτοῦ
941 3345 1224 3416 μετανοίᾳ,
1253 3344 1397 3399 θύων
1425 3346 1520 3400 τὸν
1555 3346 1756 3418 μόσχον
1784 3347 1875 3400 τὸν

299 3433 550 3504 σιτευτόν
584 3449 599 3465 ο
636 3434 733 3487 καὶ
767 3436 849 3487 ὅτι
879 3435 938 3500 ἐξ
970 3436 1184 3503 ἐκείνης
1203 3436 1303 3504 τῆς
1331 3437 1480 3506 ὥρας
1519 3438 1771 3506 ὲνάγεται
1793 3438 1876 3500 είς

295 3523 359 3579 τὸ
387 3527 712 3595 περιπατεῖν
745 3525 910 3592 ἀξίως
938 3529 1035 3598 τῆς
1067 3528 1334 3596 κλήσεως,
1366 3529 1459 3582 καὶ
1505 3531 1604 3598 τῆς
1627 3529 1735 3583 τῶν
1771 3547 1876 3598 μα-

295 3614 470 3670 ταίων
513 3617 893 3686 προσπαθείας
951 3618 1416 3682 ἀπαλλάττεσθαι,
1487 3621 1583 3672 καὶ
1629 3620 1876 3689 μηδόλως

299 3708 381 3769 εἰς
430 3706 501 3772 τέι
535 3707 713 3770 ὀπίσω
755 3709 1086 3778 στρέφεσθαι
1116 3725 1132 3739 ⁸
1170 3710 1248 3780 μὴ
1291 3711 1385 3764 καὶ
1432 3711 1681 3781 γένηται,
1723 3713 1880 3780 φησὶ,

303 3797 476 3867 στήλη
509 3797 636 3862 ἁλὸς
667 3799 807 3852 κατὰ
837 3799 935 3870 τὴν
969 3803 1204 3868 γυναῖκα
1236 3801 1329 3855 τοῦ
1358 3801 1502 3866 Λὼτ,
1533 3803 1566 3873 ἢ
1600 3803 1676 3865 ὡς
1707 3803 1878 3867 κύων,

299 3889 493 3964 φησὶν,
549 3891 898 3960 ἐπιστρέφων
937 3893 1018 3954 είς
1072 3892 1204 3946 ἴδιον
1249 3895 1530 3966 ἐμετον,ἢ
1577 3894 1880 3966 ἐξομοιωθῇ

1981 3247 2324 3320 vitulumque
2351 3250 2662 3322 saginatum
2691 3250 2964 3315 occidere,
3000 3256 3164 3318 atque
3184 3261 3252 3299 ex
3292 3245 3396 3298 hac
3429 3245 3562 3296 hora

1983 3355 2046 3397 se
2094 3341 2315 3396 invitari
2351 3340 2421 3396 ad
2469 3341 2856 3398 ambulandum
2899 3341 3071 3410 digne
3111 3338 3399 3394 vocatione
3440 3349 3564 3398 sua,

1981 3433 2052 3488 ad
2100 3433 2480 3504 deponendum
2547 3432 2802 3488 vanitatis
2841 3444 3106 3497 amorem,
3139 3437 3402 3498 retroque
3457 3426 3560 3480 mi-

1981 3527 2130 3581 nime
2177 3527 2602 3597 respiciendum,
2653 3541 2722 3580 ne
2765 3525 2885 3590 ﬁat,
2946 3521 3145 3593 inquit,
3180 3521 3314 3578 salis
3363 3526 3566 3582 statua,

1983 3629 2044 3675 ut
2077 3633 2217 3676 uxor
2247 3619 2351 3673 Lot
2375 3660 2390 3685 ,
2425 3620 2511 3673 vel
2539 3621 2692 3674 canis
2729 3619 2985 3672 adsuum
3018 3615 3278 3670 vomitum
3325 3609 3566 3676 rediens,

1985 3723 2079 3767 aut
2136 3729 2205 3767 ne
2247 3713 2612 3784 mquiparetur
2667 3710 2875 3765 homini
2935 3722 3158 3762 manum
3210 3705 3448 3760 mittenti
3495 3705 3593 3758 ad;

1985 3811 2230 3856 aratrum
2255 3842 2270 3866 ,
2319 3812 2374 3857 et
2406 3811 2551 3857 retro
2593 3799 2942 3867 respicienti.
2971 3806 3026 3853 et
3058 3798 3286 3852 minime
3314 3805 3442 3866 apto
3494 3795 3564 3849 ad

1987 3911 2218 3968 regnum
2279 3895 2401 3951 Dei.

301 3985 460 4055 ἀνδρὶ
488 3984 800 4042 ὲπιὸαλόντι
833 3987 995 4055 χεῖρα
1024 3986 1116 4038 ἐπὶ
1158 3987 1412 4056 ἄροτρον,
1448 3991 1543 4040 καὶ
1576 3989 1656 4053 είς
1684 3991 1754 4041 τά
1781 3988 2013 4042 κατόπιν
2042 3991 2362 4061 στραφέντι,
2405 3992 2502 4045 καὶ
2571 3989 2720 4042 οὕτω
2772 3990 2844 4058 μὴ
2911 3985 3114 4055 εὐθέτῳ
3157 3985 3238 4046 εἰς
3307 3983 3410 4052 τῆν
3470 3983 3566 4058 τοῦ

299 4079 440 4134 Θεοῦ
473 4079 759 4150 βασιλείαν
785 4080 918 4134 ὄντι.

305 4231 314 4236 _
375 4179 488 4240 κγ’.
524 4171 598 4230 Τὸ
626 4172 684 4228 δὲ
709 4172 864 4241 ἆγιον
897 4173 1101 4242 βιῖὶλίον
1130 4175 1308 4229 ἐκεῖνο
1341 4178 1479 4246 πρὸς
1515 4177 1726 4240 τούτοις
1757 4179 1879 4231 ἑπι-

302 4265 498 4326 τᾲσσει
525 4265 750 4318 ἀπεῖναι
776 4263 874 4320 τοῦ
905 4265 1385 4334 μιγαλοσχήμονος
1415 4269 1700 4336 ἀνηκοΐαν,
1735 4271 1882 4322 ἀντι-

2058 4177 2149 4230 23.
2189 4176 2313 4230 Vult
2341 4177 2506 4230 etiam
2532 4182 2754 4228 sanctus
2785 4172 2921 4226 liber
2952 4182 3204 4239 magnum
3236 4166 3566 4222 monachum

1990 4267 2230 4322 alienum
2262 4282 2386 4322 esse
2435 4268 2503 4320 ab
2545 4261 2934 4322 inobedientia,
2985 4259 3360 4322 contentione,
3399 4257 3563 4320 fastu,

301 4360 516 4430 λογίαν,
565 4360 972 4432 ὁπερηφανίαν,
1011 4360 1148 4431 ἔριν,
1176 4360 1370 4429 θυμὸν,
1411 4365 1681 4434 κραυγὴν,
1715 4363 1876 4434 βλασ-

1991 4359 2290 4424 discordia,
2320 4359 2424 4421 ira,
2475 4358 2734 4417 clamore,
2772 4351 3151 4423 blasphemia,
3203 4346 3564 4409 detractione,

303 4453 542 4523 φημίαν,
574 4453 928 4516 καταλαλιὰν,
984 4451 1234 4522 ἀεργίαν,
1266 4455 1581 4524 παρρησίαν
1602 4496 1616 4519 ,
1653 4453 1886 4524 μερικὴν

305 4543 516 4612 ιιι-λίαν,
542 4543 938 4611 λαθροφαγίαν,
968 4559 1207 4613 περπερε
1219 4544 1324 4608 ίαν,
1353 4547 1696 4614 γογγυσμὸν,
1727 4544 1886 4614 ψιθυ-

305 4633 533 4706 ρισμὸν,
564 4633 853 4703 ἐπίκτησιν
884 4632 1195 4696 ἰδιάζουσαν
1233 4634 1455 4704 οἰκτροῦ
1508 4637 1840 4706 πράγματος
1869 4655 1883 4667 ο

306 4727 512 4798 σίκερα
556 4727 808 4794 λεγοντος
851 4725 947 4780 τοῦ
992 4726 1455 4796 παραγγέλματος
1492 4726 1524 4796 ἢ
1578 4729 1756 4782 πάντα
1813 4733 1885 4784 τὰ

308 4819 454 4878 κατὰ
501 4819 638 4888 βίον,
669 4818 744 4882 ὡς
768 4818 953 4872 οἴκτου
985 4819 1137 4884 ἄξιον
1162 4819 1532 4873 ἀποτελοῦντα
1562 4822 1657 4874 τὸν
1701 4823 1886 4886 αὐτοῖς

309 4913 746 4983 προσανόχοντα,
802 4912 835 4982 ἢ
881 4912 949 4965 τὰ
1000 4912 1364 4966 εὐτελέστατα
1397 4929 1409 4943 ’
1447 4915 1536 4970 ἵνα
1581 4917 1608 4968 ὁ
1656 4918 1887 4988 μοναχὸς

308 5005 447 5074 μηδὲ
489 5005 556 5062 τὰ
587 5003 926 5073 σμικρότατα
956 5005 1178 5076 ἐγχειρῇ
1210 5007 1539 5062 ἐπικτᾶσθαι
1574 5026 1585 5038 ·
1620 5011 1647 5062 ὃ
1669 5010 1732 5080 δὴ
1775 5015 1887 5074 τοῖς

306 5097 478 5160 ὅντως
505 5097 913 5166 άκτημονούσιν
947 5099 1246 5168 ἐπιπρέπει
1272 5101 1351 5162 είς
1381 5102 1638 5169 μάλιστα,
1675 5103 1726 5156 οἳ
1764 5121 1888 5173 σχε-

309 5189 396 5242 δὸν
424 5189 624 5257 μόνους
670 5189 896 5252 ἑαυτοὺς
941 5190 1259 5262 κέκτηνται.
1316 5195 1379 5246 Εἰ
1424 5195 1480 5248 δέ
1514 5213 1566 5248 τι
1595 5199 1689 5248 καὶ
1741 5196 1886 5265 ἔχειν

307 5279 436 5342 τοὺς
477 5279 754 5342 τοιούτους
805 5280 912 5352 χρὴ
967 5282 1171 5348 «ἕξουσι
1218 5284 1274 5337 δὲ
1310 5286 1550 5348 πάντως,
1583 5286 1656 5350 ὡς
1698 5289 1724 5339 ὁ
1755 5288 1886 5351 Θεὸς

309 5371 654 5440 ἀρέσκεται),
716 5373 832 5427 ἀλλ’
885 5375 994 5428 οὐδ’
1028 5377 1160 5428 αὐτὸ
1212 5377 1316 5441 ἔξω
1363 5381 1541 5431 κεῖται
1585 5379 1684 5447 τῆς
1731 5398 1884 5448 τηνι-

311 5462 487 5518 καῦτα
531 5461 816 5534 βιελιακῆς
847 5465 1148 5536 ὑποθήκης.
1190 5469 1614 5539 Ἐπιτέτραπται
1654 5472 1761 5543 γὰρ
1787 5472 1882 5524 αὐ·-

309 5558 421 5618 soi;
449 5555 529 5618 είς
562 5553 757 5623 κτῆσιν
781 5557 1092 5628 ἁγιοπρεπῆ
1127 5561 1468 5631 φιλαδελφία,
1501 5565 1720 5634 ἡσυχία,
1771 5569 1885 5619 ἐπι-

384 5715 587 5771 ‘Psal.
646 5730 797 5779 cus,
835 5715 884 5768 5.
965 5718 983 5746 ¹
1027 5716 1213 5770 Matth.
1271 5737 1384 5784 xix,
1442 5721 1532 5777 25.

624 5818 892 5878 ΡΑτιιοι..
951 5815 1068 5878 Gn.
1113 5818 1420 5882 CXXXV.

1993 4453 2294 4516 otiositate,
2333 4449 2686 4519 procacitate,
2740 4446 3000 4501 amicitiis
3045 4443 3294 4513 privatis,
3349 4439 3568 4493 occulta

1994 4542 2351 4608 comestione,
2397 4540 2841 4611 praesumptione.
2869 4535 3112 4607 querela,
3172 4533 3569 4595 susurratione,

1995 4645 2052 4690 et
2085 4651 2143 4689 re
2175 4632 2477 4689 miserabili
2515 4630 2734 4702 pmprie
2761 4627 3112 4699 possidenda;
3146 4638 3198 4688 et
3235 4622 3567 4682 miserabilia

1995 4731 2255 4782 dicuntur
2287 4743 2316 4780 ιι
2374 4728 2487 4792 lege
2550 4725 2732 4779 omnia
2766 4724 2906 4778 bona
2937 4721 2991 4776 in
3021 4722 3126 4776 hoc
3172 4718 3395 4782 mundo,
3443 4717 3568 4788 quia

1996 4822 2211 4879 decedit
2262 4822 2466 4890 dignus
2517 4820 2874 4876 miseratione
2941 4816 3036 4886 qui
3086 4817 3153 4870 iis
3208 4813 3574 4884 agglutinatus

1994 4928 2119 4982 est,
2159 4926 2274 4972 tum
2329 4916 2591 4970 vilissima
2641 4927 2710 4966 na
2740 4912 2962 4964 minima
2995 4909 3218 4979 quidem
3269 4905 3570 4960 monachus

1995 5018 2150 5065 curet
2203 5008 2490 5079 acquirere
2523 5023 2537 5058 :
2579 5006 2679 5058 hoc
2712 5004 2856 5058 enim
2895 5002 3134 5056 maxime
3156 5015 3280 5054 vere
3300 5011 3572 5068 pauperes

1995 5102 2148 5156 decet
2178 5101 2270 5169 qui
2309 5102 2421 5154 tere
2453 5097 2585 5152 nihil
2626 5096 2730 5151 nisi
2753 5098 2962 5169 seipsos
3003 5092 3306 5162 possident.
3344 5089 3401 5142 Si
3437 5087 3569 5154 quid

1994 5204 2207 5262 oportet
2225 5193 2359 5247 tales
2397 5192 2598 5245 habere
2624 5195 2710 5255 (et
2740 5168 3019 5242 habebunt
3046 5184 3310 5254 profecto,
3347 5190 3405 5233 ut
3438 5193 3570 5233 eou-

1994 5286 2139 5341 cedit
2172 5285 2362 5353 Deus),
2414 5285 2544 5338 illud
2585 5291 2740 5338 extra
2775 5284 2912 5335 hanc
2965 5278 3131 5331 libelli
3183 5288 3426 5328 normam
3459 5285 3570 5324 non

1995 5379 2115 5431 erit.
2150 5376 2221 5431 lis
2248 5376 2395 5429 enim
2424 5391 2523 5442 pro
2554 5375 2906 5442 possessione
2931 5369 3142 5423 sanctis
3165 5378 3405 5434 congrua
3433 5376 3570 5415 con-

1995 5484 2147 5523 cessa
2192 5478 2320 5524 sunt
2369 5467 2630 5530 charitas,
2690 5462 2989 5522 silentium,
3047 5459 3316 5518 decentia,
3372 5455 3570 5524 pietas,

1997 5564 2240 5620 studium
2305 5563 2455 5618 verbi
2485 5558 2702 5622 'divini,
2759 5553 2943 5618 lectio,
2991 5567 3158 5623 opera
3209 5548 3422 5605 viribus
3473 5559 3574 5600 ac-

3055 5809 3137 5869 9.55
