3982 6246
343 240 453 304 749

1306 242 1407 303 DE
1450 242 1937 305 EMENDANDA
1976 246 2157 309 VITA
2196 247 2640 313 MONACHICA

3495 264 3604 329 750

344 355 598 425 μάτευτα
635 353 916 426 ἐπιῤῥέιιν
979 355 1168 409 ἐκεῖνα
1205 354 1343 425 πρὸς
1391 354 1564 421 Θεοῦ,
1612 357 1688 421 ὡς
1722 359 1902 428 itaqu

2026 361 2247 430 rapiunt
2290 372 2346 418 et
2380 376 2559 436 empta
2599 376 2897 438 seponunt,
2922 380 2977 427 et
3003 371 3056 427 in
3096 374 3453 446 receptaculis
3482 390 3612 437 coa-

342 448 508 502 θέντα
539 446 916 512 ἐξαντλεῖσθαι
943 447 1126 512 πάλιν,
1150 449 1274 501 ὅποι
1301 448 1429 518 χρὴ,
1463 450 1561 502 καὶ
1581 449 1752 514 οὕτως
1780 452 1919 504 ἐπα-

2004 463 2235 509 servata
2263 447 2651 516 thesaurizant.

340 544 692 611 vaxéttmstv
716 541 858 612 πρὸς
884 540 978 594 τὸν
1008 539 1324 610 πέμψαντα,
1360 542 1736 612 ὲλεημοσύνης
1785 542 1932 613 λόγῳ
1968 544 2065 597 xei.
2092 544 2287 611 λοιπῆς
2318 548 2649 621 διακρίσεως
2683 571 2695 583 ·
2758 553 2896 609 ἀλλά
2980 557 3077 609 καὶ
3121 560 3612 629 πραγματεύονται

339 638 403 690 τὸ
428 633 673 688 τοιοῦτον
720 635 919 696 πάθος.
946 635 1045 689 καὶ
1070 635 1404 704 ἁρπάζουσι,
1436 638 1531 690 καὶ
1560 636 1629 690 τά
1657 634 1801 693 οὕτω
1827 637 2190 707 περιελθόντα
2261 642 2699 713 ἐναποτίθενται,
2768 648 3199 720 θησαυρίζοντες
3269 653 3328 706 ἐν
3394 655 3471 725 τῷ
3517 660 3612 710 καὶ

338 734 633 805 ἀποθήκας
656 732 999 805 ἀνευρύνειν.

411 881 506 945 κς¹
555 878 667 955 Καὶ
709 875 779 951 ἦν
829 879 894 934 ἀν
956 872 1114 932 τούτο
1188 881 1540 949 συγγνωστδν
1608 883 1751 951 τάχα
1807 883 1922 944 τοῖς

342 976 745 1045 ἁπλουστέροις
773 973 841 1027 τὰ
870 976 949 1036 εἰς
981 971 1293 1044 ἀκρίϐειαν.
1331 975 1395 1027 Oi
1427 975 1486 1028 δέ
1519 993 1620 1027 που
1646 975 1738 1026 καὶ
1769 972 1923 1038 ἐξαν-

337 1069 560 1124 τλούσιν
583 1068 726 1123 αὐτὰ
752 1067 1098 1140 ὲπιρρήτως,
1121 1065 1195 1127 ὡς
1216 1069 1317 1121 οὒκ
1347 1068 1412 1122 ἄν
1439 1084 1524 1131 τις
1555 1067 1675 1120 οὐδὲ
1707 1066 1920 1121 ἀκούων

335 1165 611 1230 ἀνέξεται.
646 1164 754 1216 Καὶ
793 1162 943 1216 ἔστιν
981 1162 1111 1215 αὐτὸ
1148 1161 1244 1215 τοῦ
1277 1162 1512 1225 εἰκότος.
1547 1161 1659 1227 εΕἱς
1709 1160 1763 1214 τί
1808 1160 1919 1233 γὰρ

335 1259 405 1314 ἂν
435 1258 532 1311 καὶ
561 1254 927 1326 ταμιεύσηται
980 1253 1228 1319 τοιοῦτος
1279 1252 1588 1328 ἄνθρωπος,
1634 1256 1685 1308 εἰ
1719 1254 1795 1326 μὴ
1823 1253 1915 1308 ἐπὶ

334 1351 613 1419 κανονικῷ
642 1367 659 1416 ;
700 1349 860 1402 Διατί
892 1348 950 1403 δὲ
995 1350 1023 1402 ὁ
1052 1346 1397 1418 τεταγμένος
1444 1347 1779 1416 ἀκτημονεῖν
1812 1364 1909 1401 ται

340 1443 686 1514 μειουχήσει,
734 1442 816 1495 ὅτι
865 1443 941 1509 μὴ
971 1439 1061 1510 ἐφ’
1089 1439 1372 1511 ἁμαρτίας
1406 1438 1519 1492 Καὶ
1546 1437 1771 1506 οἴδαμεν
1822 1439 1912 1491 ὲν·

333 1533 511 1586 ταῦθα
545 1534 591 1585 οἱ
631 1531 1001 1603 διοικούμενοι
1032 1528 1193 1599 ὄψεσί
1220 1546 1280 1583 τε
1311 1529 1408 1582 καὶ
1448 1527 1643 1590 ἀκοαῖς
1684 1524 1914 1590 λαῖκοὺς

334 1625 561 1696 ἀνδρας,
593 1624 689 1687 οὓς
718 1623 887 1694 ῥύπος
921 1624 1214 1692 ἀμπέχων,
1244 1619 1366 1674 ὅλον
1398 1616 1676 1683 ὲπύκαζεν
1728 1618 1911 1681 αὕτοῖς

2100 881 2194 937 26.
2252 880 2318 936 Et
2350 880 2536 938 forsan
2588 884 2733 941 istud
2767 888 2927 943 venia
2964 889 3190 959 dignum
3228 908 3295 949 ex
3328 906 3480 964 parte
3506 895 3611 951 Ιιο-

2008 972 2235 1028 ἠιίιιιιιη
2263 975 2581 1045 ignarorum
2609 976 2987 1046 perfectionis."
3012 981 3074 1037 lli
3100 997 3281 1041 autem
3303 988 3448 1043 istud
3471 990 3609 1046 adeo

2025 1066 2291 1122 audacter
2320 1077 2657 1137 perpetrant,
2691 1079 2749 1124 nt
2789 1086 2952 1126 nemo
2983 1075 3214 1131 audiens
3244 1078 3385 1134 ferre
3409 1084 3604 1151 possit.

2020 1156 2090 1211 Et
2122 1156 2322 1213 merito
2353 1159 2596 1229 quidem.
2617 1158 2696 1213 Ad
2720 1162 2849 1230 quid
2874 1163 3017 1217 enim
3047 1167 3169 1222 talis
3194 1167 3357 1224 homo
3382 1173 3604 1228 thesau-

2019 1246 2239 1318 rizabit,
2286 1253 2392 1307 nisi
2419 1252 2487 1307 ad
2523 1253 2822 1325 legitimum
2861 1256 3061 1312 finem?
3103 1261 3388 1320 I’rofcssus
3423 1278 3604 1323 autem

2020 1354 2400 1416 paupertatem
2437 1344 2505 1400 ad
2548 1346 2678 1417 quid
2712 1358 3033 1421 congregat.
3076 1352 3178 1407 nisi
3215 1369 3435 1426 pr0pter
3474 1376 3601 1428 pec-

2022 1437 2353 1493 catumei
2399 1438 2544 1492 enim
2608 1440 2772 1494 veluti
2811 1442 2930 1496 visu
2989 1452 3045 1498 et
3107 1434 3297 1500 auditu
3352 1450 3603 1507 novimus

2021 1529 2193 1585 laieos
2246 1529 2534 1600 hominch
2566 1545 2801 1602 quorum
2859 1545 3060 1604 corpus
3110 1543 3310 1603 totum,
3363 1538 3607 1608 undique

2010 1623 2274 1678 sordibus
2301 1634 2358 1678 ut
2384 1623 2616 1694 qundam
2653 1625 2815 1693 pallio
2843 1625 3308 1696 abscondebatur,
3338 1640 3391 1684 et
3421 1632 3607 1687 multm

332 1718 397 1771 τδ
439 1716 623 1788 σῶμα,
667 1716 743 1779 ὡς
776 1709 866 1770 οἷα
898 1715 992 1768 καί
1019 1732 1074 1767 τι
1119 1712 1458 1784 περίσλημα,
1512 1711 1607 1765 καὶ
1635 1710 1902 1780 γυμνιτείε

2030 1725 2213 1783 partes
2262 1714 2509 1784 corporis
2551 1715 2623 1768 ita
2662 1716 2817 1770 nudae
2845 1719 3202 1787 apparebant,
3229 1729 3288 1775 ut
3324 1721 3439 1776 visa
3494 1740 3602 1780 non

333 1809 506 1863 πολλὰ
554 1809 646 1863 τοῦ
687 1807 940 1880 σώματος
987 1806 1331 1874 ἑνειράνιζεν,
1386 1803 1504 1858 οὔτι
1539 1802 1744 1856 ἀνεκτά
1790 1801 1913 1872 βλέ-

334 1904 561 1958 πεσθαι.
627 1901 999 1971 Ἐλαγαροῦτο
1039 1899 1095 1952 δὲ
1132 1899 1230 1953 καὶ
1275 1900 1308 1969 ἡ
1359 1900 1601 1968 γαστὴρ,
1664 1895 1914 1960 διάκενος

333 1995 472 2050 οὖσα
505 1993 573 2048 τὰ
621 1993 792 2046 πλείω
822 2009 837 2024 ο
868 1991 963 2046 καὶ⁴
994 1991 1341 2062 ἐκρύπτοντο
1385 1991 1588 2043 ἐκεῖνοι
1618 1988 1709 2042 διὰ
1738 1989 1913 2043 ταῦτα

331 2087 428 2140 τὸν
457 2085 631 2158 ἣλιον,
659 2083 1080 2153 δυσωπούμενοι
1114 2082 1212 2153 τὴν
1244 2081 1353 2135 τῶν
1406 2081 1620 2134 πολλῶν
1646 2081 1777 2135 θέαν
1819 2081 1910 2134 αί-

329 2178 461 2241 δούς
482 2178 645 2248 λόγῳ,
683 2176 778 2230 καὶ
808 2178 873 2247 τῇ
918 2175 1064 2229 κατά
1112 2174 1228 2247 βίον
1265 2176 1502 2246 ἀφανείᾳ
1558 2172 1908 2244 ζοφούμενοι.

342 2273 504 2326 Ἐπεὶ
527 2271 585 2324 δὲ
618 2271 884 2341 φυγόντες
913 2269 1004 2322 τὸν
1035 2269 1245 2340 κόσμον
1280 2269 1515 2331 ίδίασαν,
1551 2271 1647 2323 καὶ
1685 2269 1763 2339 τῷ
1792 2267 1910 2340 Θεῷ

330 2362 711 2433 παραστατεῖν
743 2362 1057 2430 ἐκύρωσαν,
1101 2358 1419 2430 ἐξέλαμψαν
1445 2359 1858 2431 κοσμικὼτερον
1892 2375 1906 2389 ·

329 2456 433 2510 καὶ
469 2454 562 2510 τόν
596 2472 653 2508 τε
698 2453 873 2525 ῥύπον
931 2453 1352 2519 ἐξεκαλέσαντο,
1425 2453 1649 2517 πυέλοις
1691 2453 1907 2526 θερμῶν

334 2549 554 2603 ὑδάτων
586 2551 758 2619 συχνά
809 2545 1194 2618 ὲμῦαῲάμενοι
1232 2563 1246 2577 ’
1283 2546 1375 2599 καὶ
1435 2544 1610 2609 οὕτως
1652 2546 1712 2599 οὗ
1748 2547 1908 2616 μόνον

327 2642 425 2695 τὸν
453 2640 643 2694 σπῖλον
682 2639 1064 2708 ἀπαγαγόντες
1089 2637 1321 2701 ἑαυτῶν,
1347 2636 1484 2690 ἀλλά
1542 2635 1636 2690 καὶ
1665 2635 1726 2688 τὸ
1765 2655 1833 2707 με
1843 2655 1907 2706 μ-

327 2732 554 2803 νῆσθαι,
583 2733 667 2785 ὅτι
698 2730 790 2785 τοῦ
820 2730 961 2785 κατά
985 2730 1122 2784 Θεὸν
1158 2729 1458 2800 προσώπου
1494 2728 1655 2793 εἰσὶν,
1686 2728 1761 2790 ὼς
1810 2730 1905 2782 καὶ

325 2825 695 2898 ἀπῃτήθησαν
727 2824 824 2877 καὶ
868 2823 1326 2895 εὐηρεστήθησαν
1375 2838 1387 2852 ·
1425 2823 1519 2874 καὶ
1582 2822 1903 2892 ἱματισμοῖς

325 2916 390 2971 δὲ
418 2916 732 2985 ἔνέπρεψαν
756 2914 1115 2986 ψευδομένοις
1148 2914 1242 2967 τὸν
1303 2911 1597 2983 μοναχικδν
1631 2909 1898 2980 τρίϐωνα,

325 3011 426 3065 καὶ
451 3009 551 3073 τὰς
578 3010 790 3071 κοιλίας
821 3005 1173 3075 ὲξὼγκωσαν,
1207 3005 1284 3066 ὡς
1324 3005 1528 3075 μηκέτι
1581 3003 1717 3073 μηδὲ
1753 3004 1900 3074 ἔχειν

330 3056 920 3173 ξξρέιῖτξξᾶζᾷρὶζξξ
940 3056 1287 3170 iisiis;
1316 3056 1409 3150 ἔξάὶ
1443 3056 1690 3166 ἡμιόνοις
1718 3056 1901 3168 negor;
1924 3056 1972 3120 ο

327 3194 646 3249 ἀνατιθέναι
703 3195 837 3248 αὐτό
873 3209 888 3222 ·
916 3191 1017 3245 καὶ
1053 3192 1103 3245 oi
1152 3189 1423 3262 μηδέποτε
1464 3186 1898 3261 παραιτούμενοι

324 3283 470 3357 πεζῇ
503 3285 719 3357 τρέχειν
766 3283 867 3353 τὴν
909 3283 1017 3352 γῆν
1044 3281 1354 3337 ἀπείπαντο
1383 3278 1555 3351 αὐτὴν
1583 3280 1641 3342 ἐς
1669 3278 1730 3332 τὸ
1760 3295 1900 3331 παν-

322 3378 504 3440 τελὲς,
534 3376 569 3446 ἦ
597 3376 868 3446 τιμῶντές
889 3392 992 3428 που
1023 3374 1121 3443 τὴν
1151 3373 1363 3445 μητέρα
1387 3371 1578 3437 οὕτως,
1606 3370 1700 3424 καί
1733 3386 1901 3423 κατα-

222 3472 227 3477 ’
324 3471 520 3525 πατεῖν
571 3468 742 3538 αὐτὴν
787 3468 1100 3531 ὀκνοῦντες,
1156 3464 1189 3534 ἢ
1234 3464 1582 3535 σοφιζόμενοι
1637 3461 1697 3515 es
1732 3461 1899 3531 ὑπέρ-

321 3577 482 3630 γειον
525 3575 538 3588 ·
590 3558 730 3612 ὥστε
777 3558 873 3612 καὶ
933 3555 1127 3609 θᾶττον
1176 3553 1243 3608 ὃν
1290 3555 1509 3626 Πέρσης
1553 3555 1581 3606 ό
1610 3552 1764 3623 παρά
1821 3547 1898 3619 τῷ

2018 1804 2316 1861 ferrentur.
2362 1803 2564 1861 Venter
2597 1807 2916 1878 plerumque
2947 1824 3154 1864 vacuus
3177 1814 3603 1874 extenuabatur.

2017 1894 2145 1952 ldco
2199 1897 2368 1952 solem
2422 1895 2513 1951 isti
2571 1895 3022 1964 reformidabant,
3056 1903 3248 1958 oculos
3277 1906 3448 1960 turbae
3474 1922 3586 1977 pra:

2018 1991 2223 2058 pudore
2254 2005 2361 2043 non
2394 1988 2658 2057 ferebant,
2683 1999 2846 2062 atque
2868 1992 3092 2048 obscuri
3119 1994 3170 2048 in
3208 1998 3413 2052 mundo
3445 1998 3596 2069 igno-

2014 2082 2301 2135 rabantur.
2332 2080 2468 2137 Cum
2494 2094 2674 2139 autem
2703 2085 2894 2141 relicto
2934 2088 3139 2144 saeculo
3176 2089 3229 2143 in
3249 2091 3600 2148 solitudinem

2015 2184 2305 2238 venerunt,
2345 2183 2397 2228 et
2419 2182 2744 2251 statuerunt
2786 2177 2893 2232 Deo
2924 2177 3318 2249 propinquare,
3363 2185 3590 2237 munda-

2011 2262 2137 2319 nins
2170 2263 2439 2319 fulserunt
2466 2283 2480 2331 ;
2508 2267 2817 2336 squalorem
2853 2268 3063 2324 crebris
3088 2287 3242 2341 aqua:
3273 2275 3464 2329 calida:
3488 2276 3602 2330 bal-

2010 2356 2128 2409 neis
2158 2353 2432 2424 deponere
2455 2357 2559 2412 visi
2585 2366 2735 2422 sunt,
2763 2359 2916 2414 etsic
2940 2375 3045 2415 non
3072 2364 3231 2418 modo
3252 2381 3385 2421 suas
3417 2381 3597 2423 macu-

2008 2447 2478 2513 lasaboleverunt,
2504 2450 2597 2504 sed
2618 2449 2773 2504 obliti
2796 2460 2924 2506 sunt
2944 2453 3108 2507 etiam
3139 2470 3198 2510 se
3225 2471 3348 2512 esse
3376 2456 3464 2513 Dei
3486 2465 3605 2530 per’

2007 2552 2195 2605 sonas,
2239 2538 2385 2608 quod
2415 2541 2668 2610 requisiti
2699 2552 2879 2607 erant,
2913 2550 2964 2598 et
2999 2555 3212 2613 gratum
3268 2547 3598 2617 habuerant,

2008 2630 2178 2685 induti
2202 2641 2330 2685 sunt
2351 2631 2600 2688 veStibus
2628 2647 2864 2704 pannum
2908 2638 3292 2693 monachicum
3325 2643 3596 2697 mentien-

2005 2721 2182 2787 tibus;
2211 2723 2262 2776 in
2291 2730 2500 2779 tantum
2544 2736 2787 2781 ventrem
2827 2729 3227 2784 tumefecerunt
3276 2741 3334 2785 ut
3358 2749 3461 2788 non
3481 2735 3592 2804 jam

2006 2815 2253 2869 naturale
2302 2816 2517 2886 pondus
2560 2817 2847 2875 ferendum
2880 2820 3164 2885 haberent,
3194 2826 3287 2879 sed
3312 2827 3445 2881 illud
3473 2847 3595 2883 inn-

2004 2902 2070 2959 lis
2107 2905 2370 2975 vigorosis
2410 2906 2774 2976 imponerent.
2813 2907 2880 2962 Et
2926 2911 3015 2964 isti
3080 2912 3304 2980 pedibus
3340 2918 3597 2974 incedere
3659 2911 3664 2917 ’

2007 3009 2290 3065 nunquam
2326 2994 2627 3068 dedignati,
2655 3005 2859 3052 terram
2900 3000 3070 3070 ipsam
3114 3010 3274 3072 plane
3318 3019 3593 3071 recusant,

2004 3084 2119 3139 sive
2151 3096 2383 3140 matrem
2423 3086 2519 3141 illo
2551 3089 2714 3143 modo
2738 3100 3076 3161 reverentes,
3116 3109 3352 3159 eamque
3382 3099 3595 3153 calcare

2003 3192 2110 3234 non
2146 3178 2434 3245 audentes,
2466 3180 2580 3237 sive
2608 3182 2906 3251 gestientes
2934 3197 3102 3252 super
3130 3198 3329 3242 terrain
3361 3190 3590 3257 eleVari;

2002 3282 2058 3326 et
2089 3271 2167 3325 sic
2196 3269 2361 3327 Persa
2401 3272 2541 3341 apud
2575 3272 2871 3329 candidum
2911 3274 3323 3345 Xenophontem
3360 3281 3594 3351 pedibus

2003 3364 2069 3416 ad
2099 3363 2484 3419 ambulandum
2511 3365 2690 3434 potius
2718 3374 2925 3433 utetur,
2976 3369 3057 3423 vel
3081 3369 3150 3424 ab
3174 3384 3316 3440 equo
3348 3370 3591 3428 Centau-

2004 3470 2104 3510 rus
2129 3455 2495 3526 disjimgetur,
2526 3470 2690 3526 quam
2714 3457 2805 3513 isti
2825 3460 3061 3529 propriis
3088 3459 3314 3531 pedibus
3343 3464 3594 3521 ambula-

2009 3547 2185 3602 bunt;

321 3655 478 3725 καλῷ
525 3654 830 3725 Ξενοφῶντι
863 3651 1156 3724 ἀνάσχοιτο
1205 3653 1364 3706 ποσὶν
1388 3655 1469 3714 είς
1505 3651 1714 3722 βάδισιν
1752 3643 2084 3719 χρήσασθαι,
2122 3644 2231 3697 εῐτε
2257 3644 2573 3716 Κένταυρος
2639 3646 2966 3712 ἀπολέξεται
3033 3654 3121 3704 τον
3191 3650 3381 3717 ἵππον,
3442 3655 3586 3726 ἥπερ

319 3751 486 3808 αὐτοὶ
544 3750 1035 3821 προτραπήσονται
1087 3745 1166 3807 είς
1229 3743 1351 3797 ὁδὸν
1406 3742 1503 3812 τὴν
1564 3741 1651 3794 διὰ
1713 3736 1892 3791 ποδῶν
1928 3736 2175 3790 οἰκείων.

395 3885 505 3950 κζ’.
532 3886 691 3955 Τάχα
707 3883 820 3953 γὰρ
852 3880 1161 3941 παικτικῶς
1185 3875 1578 3947 ἀφοσιούμενος
1598 3877 1627 3927 ὁ
1655 3872 1894 3935 τοιοῦτος

2063 3872 2153 3927 27.
2205 3870 2368 3929 Forte
2408 3870 2555 3928 enim
2585 3872 2865 3943 perfeCtus
2898 3876 2999 3935 iste
3039 3878 3362 3945 monachus,
3393 3890 3452 3933 ut
3488 3893 3589 3948 per

324 3949 764 4053 μεγαλοσχῆμων
789 3949 853 4027 τὸ
891 3970 1260 4041 νενεκρῶσθαι
1291 3970 1403 4031 τοῖς
1451 3968 1604 4021 κάτω
1628 3964 1772 4018 καθά
1796 3964 1893 4016 καὶ

2007 3951 2188 4029 ludum
2213 3965 2521 4023 satisfaciat
2540 3974 2669 4022 voto
2701 3965 2966 4023 moriendi
2995 3967 3221 4033 mundo,
3248 3976 3311 4023 ut
3342 3968 3593 4031 adnmui-

319 4071 730 4141 παρήγγελται,
763 4066 856 4118 καὶ
886 4062 1241 4134 ὡμολόγηκεν
1290 4076 1305 4092 ·
1338 4059 1532 4127 ἀφίησι
1567 4056 1668 4127 μὲν
1714 4055 1891 4117 ἄλλως

2007 4068 2181 4114 Luscst
2198 4066 2252 4113 et
2272 4057 2542 4128 promisit,
2561 4058 2846 4117 contendit
2862 4057 2918 4113 id
2940 4058 3062 4113 aliis
3083 4058 3281 4121 modis.
3298 4067 3356 4112 et
3380 4063 3586 4115 veraci-

318 4163 457 4219 αὐτὸ
496 4155 905 4216 ἐπιδείκνυσθαι
955 4153 1093 4224 πρὸς
1133 4153 1402 4223 ἀλήθειαν
1433 4150 1504 4204 δι’
1551 4148 1750 4220 ἀργίας
1798 4145 1891 4200 τοῦ

2007 4161 2079 4206 ter
2099 4151 2410 4213 ostendere,
2428 4149 2640 4211 scilicet
2665 4149 2947 4209 otiositate
2971 4149 3094 4204 vita;
3119 4149 3439 4219 impatibilis
3454 4161 3502 4205 et
3525 4166 3593 4206 se

319 4255 422 4325 ζῇν
469 4248 758 4323 ἐμπαθῶς,
792 4249 892 4301 καὶ
943 4243 1041 4298 τοῦ
1073 4243 1149 4314 μὴ
1187 4241 1461 4296 κινεῖσθαι
1508 4242 1652 4294 κατὰ
1685 4239 1892 4302 ζωῖκάς

2007 4256 2106 4294 non
2133 4241 2408 4296 moventis
2439 4239 2740 4295 secundum
2777 4239 3111 4308 cupiditates
3153 4239 3452 4307 animales;
3482 4244 3579 4297 sed

316 4342 528 4414 ὀρέξεις
557 4357 572 4373 ·
610 4337 900 4407 ἀνατίθησι
940 4334 998 4387 δὲ
1046 4336 1129 4394 είς
1163 4331 1441 4398 ὑποζύγια
1478 4329 1696 4394 ἑαυτὸν,
1745 4327 1890 4380 καθά

2007 4333 2256 4402 seipsum,
2285 4340 2344 4386 ut
2377 4329 2652 4387 sarcinam
2685 4332 2982 4400 quamdam
3036 4339 3093 4385 et
3128 4330 3379 4387 inutilem
3422 4348 3575 4405 super

314 4435 413 4489 κιί
446 4450 504 4486 τι
540 4431 727 4502 ἄχθος.
764 4428 861 4483 καὶ
905 4427 1043 4481 αὐτὸ
1066 4426 1318 4490 ἐτώσιον,
1345 4423 1443 4478 καὶ
1479 4421 1627 4476 οὕτω
1664 4421 1892 4492 φέρεται

2007 4424 2239 4491 iumenta
2276 4423 2523 4492 imponit,
2553 4430 2609 4475 et
2644 4424 2726 4478 sic
2766 4421 2941 4483 fertur
2979 4423 3032 4476 in
3075 4422 3344 4480 societate
3370 4425 3586 4480 anima-

316 4525 572 4596 ξυνωρίδι
622 4523 855 4591 ἀλόγων,
901 4520 1017 4575 τοῦ
1041 4534 1101 4573 τε
1127 4517 1532 4589 κρυπτομένου,
1570 4518 1663 4568 καὶ
1694 4514 1724 4568 δ
1753 4529 1886 4583 προι

315 4617 574 4691 φαίνεται
598 4631 615 4647 ⁸
650 4613 1006 4683 σοφιζόμενος
1042 4611 1071 4664 ό
1097 4609 1360 4672 ἐλεεινὸς,
1408 4609 1505 4661 καὶ
1532 4607 1634 4661 οὐκ
1668 4604 1885 4659 ἐννοού-

316 4727 504 4783 μενος,
542 4706 791 4779 ὲτεροίαν
846 4703 1116 4758 ἱππασίαν
1162 4701 1364 4773 χρῆναι
1416 4698 1690 4753 ποιεῖσθαι
1718 4697 1884 4750 αὐτὸν

315 4800 689 4873 προφητικὴν,
720 4798 820 4870 τὴν
860 4798 955 4851 καὶ
989 4795 1382 4862 ἀποστολικὴν,
1431 4790 1530 4862 τὴν
1578 4790 1670 4843 ἐπὶ
1707 4805 1885 4858 σωτη-

315 4893 431 4963 ρίᾳ,
465 4891 566 4961 τὴν
611 4891 1000 4958 ταράσσουσαν
1045 4885 1234 4951 ὕδατα,
1261 4886 1421 4939 ὁποῖα
1461 4884 1497 4953 ὴ
1525 4879 1718 4952 Γραφὴ
1746 4880 1884 4933 νοεῖν

312 4982 608 5036 ὑποβάλλει
644 4998 659 5013 ο
685 4979 927 5047 ζωογόνα
958 4977 1056 5048 μὲν
1088 4975 1264 5038 ἄλλως
1291 4972 1610 5036 πολυειδῶς,
1643 4969 1887 5040 παραδε-

310 5075 560 5145 6λημένα
611 5071 670 5126 δὲ
718 5070 964 5141 θαλάσσῃ
1024 5068 1114 5123 διὰ
1164 5067 1226 5121 τὸ
1262 5066 1494 5123 ἄπλετον
1541 5064 1635 5117 καὶ
1669 5059 1887 5132 ἀληθῶς

314 5168 463 5236 μέγα
494 5163 591 5218 καὶ
632 5161 972 5234 εὐρύχωρον,
1004 5159 1109 5229 ἤδη
1144 5158 1202 5211 δὲ
1248 5159 1343 5211 καὶ
1371 5156 1458 5209 διὰ
1499 5157 1561 5206 τὸ
1592 5154 1889 5221 δυσπρόσι-

308 5273 403 5309 τον
444 5256 526 5319 είς
553 5252 740 5322 γεῦσιν
764 5253 883 5314 τοῖς
933 5267 999 5319 γε
1054 5249 1130 5320 μὴ
1181 5247 1525 5317 δυναμένοις,
1557 5247 1590 5317 ἢ
1620 5245 1889 5314 κατηξιω-

313 5348 500 5415 μένοις
539 5342 791 5412 ἑμπίνειν
820 5339 1067 5395 τοιούτου
1099 5337 1294 5398 ’ύδατος
1338 5353 1351 5364 ο
1385 5337 1522 5404 ὅπερ
1582 5334 1723 5385 κατὰ
1751 5333 1886 5384 θεω-

312 5438 436 5506 ρίαν
483 5433 730 5503 ὲτεροίαν
773 5433 865 5503 ζῇ,
899 5431 996 5485 καὶ
1049 5428 1290 5493 ἅλλεται,
1346 5428 1440 5480 καὶ
1470 5426 1616 5495 ζωῆς
1664 5424 1885 5478 αίωνίου

312 5528 489 5582 αἴτιόν
508 5530 679 5589 ἐστιν,
714 5527 763 5579 εί
789 5526 884 5579 καὶ
905 5527 932 5576 ό
958 5520 1209 5593 λαμπρὸς
1232 5513 1390 5583 οὗτος
1406 5519 1681 5588 ἁναϐἀτης
1708 5517 1885 5580 ἀδὸἃς

311 5620 408 5675 τοῦ
438 5618 687 5673 τοιούτου
734 5617 1078 5686 ἀπεχόμενος
1130 5610 1348 5675 ὓδατος,
1396 5611 1497 5663 ὅσα
1527 5612 1622 5663 καὶ
1680 5610 1883 5678 ἅλμης,

311 5713 407 5777 οὐκ
441 5709 713 5764 ίππαείαν
732 5710 990 5763 ἐννοεῖται
1011 5706 1390 5773 ταράσσουσαν
1418 5701 1587 5756 ὕδατα
1614 5702 1884 5774 γραφικὰ,

1986 4517 2118 4585 lium
2170 4514 2653 4591 irrationabiliutn,
2698 4516 2860 4571 unius
2913 4515 3242 4585 absconditi,
3266 4528 3323 4574 et
3355 4519 3582 4574 alterius

1988 4605 2288 4661 manifesti.
2325 4605 2605 4676 Decipitur
2641 4606 2730 4662 ille
2772 4608 2939 4665 miser
2972 4625 3076 4664 nec
3113 4610 3320 4680 cogitat
3344 4613 3578 4669 alteram

1985 4698 2372 4767 equitationem
2388 4698 2491 4753 sibi
2509 4712 2633 4754 esse
2659 4698 2992 4764 faciendam,
3013 4704 3316 4756 secundum
3340 4703 3579 4772 prophe—

1987 4803 2072 4849 tas
2092 4799 2148 4845 et
2180 4791 2482 4860 apostolos,
2509 4790 2903 4860 equitationem
2923 4792 3263 4848 salutiferam
3285 4802 3340 4849 et
3359 4795 3584 4850 turban-

1986 4884 2097 4938 tem
2121 4897 2293 4953 aquas
2316 4882 2511 4952 quales
2537 4881 2918 4953 intelligendas
2937 4884 3225 4954 Scriptura
3249 4887 3578 4954 suppeditat.

1986 4971 2110 5029 Ista:
2130 4988 2283 5044 aqua:
2300 4974 2491 5029 multis
2519 4973 2644 5030 aliis
2675 4976 2852 5030 modis
2880 4976 3092 5042 vivunt,
3118 4986 3175 5031 et
3194 4978 3330 5034 mari
3360 4979 3581 5033 tissimi-

1990 5067 2171 5125 lantur
2209 5067 2335 5135 quia
2380 5067 2760 5133 abundantes,
2819 5084 3026 5139 inagna
3061 5078 3118 5124 et.
3157 5069 3462 5129 immensas.
3499 5077 3580 5121 at-

1989 5172 2095 5226 que
2130 5156 2347 5212 difﬁcile
2380 5156 2447 5212 ad
2484 5172 2582 5213 eas
2617 5158 2919 5229 gustandas
2953 5159 3235 5215 acceditur
3255 5159 3327 5214 iis
3342 5158 3436 5226 qui
3480 5171 3577 5211 ne.

1988 5257 2201 5317 queunt
2223 5259 2318 5303 aut
2336 5248 2702 5319 dedignantur
2726 5251 2884 5305 istam
2913 5265 3112 5319 aquam
3135 5249 3346 5313 bibere;
3370 5245 3572 5302 eaedem

1990 5354 2120 5396 vero
2141 5356 2295 5409 aquae
2315 5341 2423 5396 alio
2459 5342 2621 5397 modo
2647 5345 2836 5397 vivunt
2860 5352 2915 5396 et
2938 5340 3218 5402 exsiliunt,
3248 5346 3304 5392 et
3328 5338 3464 5392 dant
3491 5339 3573 5391 vi-

1992 5442 2099 5486 tam
2131 5441 2393 5489 aeternam
2422 5433 2470 5487 si
2500 5434 2684 5488 clarus
2708 5448 2902 5502 eques,
2933 5431 3213 5494 abbas,ab
3238 5430 3318 5483 eis
3333 5444 3441 5484 non
3475 5431 3572 5482 mi.

1992 5538 2097 5578 nus
2146 5541 2208 5578 ac
2242 5524 2353 5578 sale
2417 5524 2676 5586 abstinet,
2735 5537 2842 5576 non
2895 5521 3102 5591 cogitat
3178 5520 3568 5590 equitatiouem

1991 5630 2160 5684 aquas
2190 5616 2432 5685 depictas
2489 5621 2854 5675 everrentem,
2883 5620 2938 5666 et
2972 5610 3171 5667 [iunctus
3204 5613 3570 5682 procellosos,

1990 5715 2043 5759 ct
2071 5704 2411 5775 chlamydem
2438 5713 2491 5759 et
2517 5716 2665 5756 mare
2690 5699 2926 5756 refluens
2951 5715 3059 5756 non
3075 5702 3268 5772 agitat,
3300 5717 3421 5773 qua:
3449 5718 3570 5763 om-
