3884 6244
306 229 424 298 ’751

1062 223 1490 287 EUSTATHII
1530 221 2288 289 THESSALONICENSIS
2326 210 2887 285 METRQPOLIT/E

3484 225 3598 288 ’152

326 354 421 409 nia
445 350 728 423 experitur
748 349 911 407 homo
939 345 1226 409 saecularis
1252 358 1350 413 per
1372 356 1524 401 mare
1556 340 1902 412 negotiorum

2026 342 2212 404 τάλους
2259 341 2317 395 δὲ
2361 342 2710 408 τυφωνικοδς
2733 343 2984 414 ἀνακυκᾷ
3020 341 3107 396 καὶ
3159 342 3453 414 καρύσδεις
3505 348 3605 400 καὶ

327 445 623 514 navigans,
693 457 799 497 non
840 449 1020 496 autem
1077 436 1169 508 qui
1209 436 1377 491 vitam
1406 435 1653 505 quietam
1682 442 1736 491 et
1767 443 1917 493 tran-

318 537 554 610 quillam
580 535 754 607 eligit.

393 755 487 810 28.
531 753 576 810 Ο
628 751 776 807 Helia
816 751 909 821 qui
953 762 1118 805 curru
1165 757 1355 817 raptus
1401 762 1483 811 es,
1533 761 1633 802 cur
1687 761 1795 801 non
1850 762 1919 802 ex

328 847 439 901 alto
488 860 724 909 mones,
787 841 1062 915 quomodo
1118 841 1476 911 equitandum
1542 847 1627 894 est
1666 839 1754 895 his
1815 839 1919 893 lto-

329 940 574 999 minihus
598 939 715 1003 Dei,
742 952 808 991 ue
839 937 949 990 vita
975 934 1282 1004 spiritualis
1320 949 1386 988 ex
1420 942 1636 987 terrena
1666 932 1922 1004 peregri-

329 1033 548 1087 natione
599 1028 952 1102 negligatur?
1005 1029 1112 1083 Aut
1166 1041 1336 1083 curru
1411 1024 1586 1095 ignito
1645 1024 1911 1091 elevatus,

327 1140 495 1194 super
527 1122 788 1176 mundum
846 1118 1171 1184 ascendens,
1222 1118 1489 1189 numquid
1528 1132 1721 1186 parum
1754 1132 1919 1173 curas

306 1232 449 1270 leum
483 1214 576 1285 qui
605 1212 792 1268 currui
840 1222 933 1269 tuo
957 1212 1217 1266 insistere
1264 1220 1509 1276 recusat,
1560 1217 1615 1263 et
1645 1223 1746 1265 nos
1781 1209 1918 1265 sinis

306 1306 575 1375 proferre
608 1319 728 1374 quae
751 1302 895 1358 Deus
926 1301 1275 1372 imperaverit
1303 1300 1536 1356 dicendo
1557 1317 1569 1353 :
1591 1301 1687 1358 Eia
1704 1300 1923 1371 age,sic

324 1398 620 1465 faciamus,
645 1408 834 1452 sancte
867 1396 960 1450 Dei
982 1396 1275 1451 monacho!
1311 1393 1783 1460 Quemadmodum
1813 1409 1921 1468 non

313 1492 530 1561 ubique
603 1486 1037 1553 ambulandum,
1097 1488 1194 1542 sed
1253 1486 1551 1557 aliquando
1607 1485 1921 1543 sistendum

318 1592 446 1648 est;
474 1598 651 1654 neque
674 1580 824 1636 omni
855 1580 977 1635 vitae
1000 1580 1184 1651 spatio
1203 1590 1350 1634 recte
1367 1587 1421 1635 et
1442 1577 1742 1636 inﬂexibile
1768 1588 1922 1635 stan-

324 1677 458 1731 dum
487 1686 594 1739 est,
619 1685 747 1730 sunt
776 1688 905 1728 vero
938 1680 1186 1744 tempora
1218 1671 1420 1744 quibus
1444 1671 1661 1742 corpori
1708 1686 1925 1727 recum—
1954 1713 1997 1769 Β

328 1770 457 1823 bere
520 1782 627 1823 non
689 1765 865 1823 solum
922 1779 1087 1835 super
1141 1773 1381 1830 terram,
1442 1778 1633 1820 verum
1685 1762 1734 1820 si
1782 1778 1921 1833 opus

320 1868 409 1916 est
439 1861 492 1915 in
524 1860 713 1926 cubili,
744 1861 795 1914 iu
832 1859 1056 1923 lectulo,
1088 1873 1211 1913 cum
1239 1857 1520 1928 tapetibus
1540 1856 1863 1913 conceditur
1899 1873 1916 1911 :

310 1955 517 2010 eodem
551 1953 711 2008 modo
743 1968 845 2007 nec
869 1952 1098 2023 pedibus
1132 1960 1279 2007 terra
1314 1950 1643 2022 proterenda
1673 1957 1758 2006 est
1784 1964 1921 2005 con-

322 2048 504 2111 tinuo,
553 2049 646 2101 sed
678 2054 733 2101 et
776 2061 943 2102 curru
1005 2044 1272 2103 utendum
1323 2051 1427 2109 est,
1462 2043 1602 2098 inter
1653 2044 1918 2114 quasdam

322 2142 797 2205 circumstantias,
838 2140 1027 2211 quales
1059 2141 1182 2193 vitae
1212 2147 1331 2195 rota
1402 2151 1469 2191 ex
1508 2136 1620 2192 alto
1662 2134 1917 2191 inimum

322 2241 574 2289 vertente
631 2240 687 2287 et
714 2248 814 2289 suo
866 2232 1077 2288 circulo
1128 2232 1245 2289 dies
1303 2240 1527 2287 nostros
1582 2228 1916 2291 involvente,

310 2341 469 2396 saepe
505 2327 868 2380 reducuntur.
905 2322 1095 2394 Neque
1137 2324 1204 2380 de
1249 2324 1385 2381 solis
1419 2323 1630 2379 morbis
1678 2321 1919 2393 loquor,

310 2421 417 2486 'qni
443 2420 609 2474 variis
639 2420 811 2473 modis
841 2419 1105 2488 languens
1130 2431 1328 2487 corpus
1350 2416 1404 2470 in
1432 2415 1696 2470 feretrum
1722 2427 1918 2468 ascen-

318 2510 462 2564 dere
512 2517 735 2580 cogunt,
769 2507 864 2564 sed
894 2517 945 2563 et
978 2509 1048 2562 de
1099 2507 1224 2564 aliis
1255 2504 1661 2569 accidentibus,
1694 2504 1747 2556 in
1797 2502 1918 2572 qui-

332 2602 432 2658 bus
462 2602 724 2669 majorem
756 2615 821 2655 ex
849 2599 1134 2655 monachis
1168 2614 1277 2654 non
1309 2612 1536 2653 necesse
1570 2604 1656 2653 est
1689 2593 1917 2664 pedibus

320 2695 607 2751 incedere.
647 2693 832 2764 Longa
888 2692 1104 2748 scilicet
1160 2692 1248 2748 via
1278 2690 1432 2746 illum
1493 2702 1657 2759 super
1685 2700 1909 2743 currum

323 2788 625 2842 ascendere
683 2796 876 2856 coget,
933 2785 1076 2839 sicut
1129 2791 1183 2838 et
1258 2783 1514 2847 maiestas
1580 2792 1796 2835 amoena
1859 2783 1915 2831 et

275 2916 281 2920 -
329 2880 491 2950 digna
525 2877 746 2935 homine
771 2884 989 2941 sancto,
1023 2890 1091 2931 ne
1112 2876 1274 2949 vulgo
1303 2875 1753 2931 commisceatur.

2017 431 2364 503 ἀμπώτιδας,
2425 426 2499 486 ὧν
2527 431 2792 502 κοσμικδς
2854 435 3114 503 πειρᾶται
3164 434 3475 504 ἄνθρωπος,
3507 455 3607 505 νη-

2019 523 2251 594 χύμενος
2294 523 2385 576 διὰ
2413 523 2693 593 θαλάσσης
2758 525 3127 593 πραγμάτων,
3192 526 3255 578 οὐ
3309 527 3419 597 μὴν
3457 530 3606 583 ότδν

2020 616 2334 688 ἀκύμαντον
2365 616 2463 671 καὶ
2491 618 2786 672 ἀσάλευτον
2811 617 2927 689 βίον
2959 619 3235 690 ἑλόμενος.

2093 739 2198 805 κη’.
2233 729 2305 786 Ὦ
2333 733 2703 806 ἀρματηλάτα
2750 735 2928 801 Ἠλία,
2979 736 3034 790 τι
3061 736 3264 808 δήποτε
3302 737 3379 808 μὴ
3433 755 3606 791 κατα-

2021 825 2266 898 πέμπεις
2299 829 2488 898 φωνὴν
2517 827 2749 893 ἄνωθεν,
2794 828 2942 892 ὅπως
2968 830 3097 893 τοὺς
3126 828 3220 883 τοῦ
3253 829 3393 883 Θεοῦ
3429 831 3610 884 τοιού-

2021 937 2147 983 τους
2171 919 2494 991 ἀνθρώπους
2535 919 2872 985 ἱππάζεσθαι
2906 921 3038 991 χρὴ,
3090 922 3165 984 ὡς
3228 922 3303 994 μὴ
3345 923 3609 991 ἀχρειοῦν

2020 1011 2083 1063 τὸ
2107 1009 2249 1065 κατά
2263 1013 2484 1080 πνεῦμα
2505 1010 2822 1065 διαδατικὸν
2849 1012 2912 1064 ἐκ
2938 1011 3032 1065 τοῦ
3059 1014 3195 1067 κατὰ
3226 1014 3332 1083 γῆς
3361 1014 3558 1084 ἕρπειν
3588 1033 3603 1082 ;

2025 1105 2094 1157 Ἢ
2121 1102 2185 1158 σὺ
2225 1104 2324 1174 μὲν
2355 1102 2581 1174 πύρινος
2604 1104 2907 1174 διφρευτὴς
2945 1106 3220 1170 ἀπεκὸἀς,
3260 1108 3355 1160 καὶ
3383 1107 3478 1160 τὸν
3509 1109 3605 1161 κός

2024 1212 2162 1267 σμον
2192 1195 2568 1266 ὑπεραναὸὰς,
2601 1196 2759 1264 ὀλίγα
2786 1197 3092 1267 ἐπιστρέφῃ
3143 1198 3255 1249 τῶν
3283 1199 3361 1267 μὴ
3392 1199 3608 1251 ἐθελόν-

2023 1304 2135 1342 των
2175 1285 2374 1359 ζηλοῦν
2401 1286 2460 1341 τὸ
2485 1287 2576 1341 σὺν
2607 1288 2881 1358 δίφρευμα
2917 1304 2931 1318 ’
2966 1290 3095 1358 ἡμῖν
3122 1288 3177 1341 δὲ
3204 1289 3366 1358 ὲφίης
3399 1290 3607 1355 λαλεῖν,

2024 1379 2079 1434 εῐ
2105 1381 2161 1433 τι
2192 1398 2296 1434 που
2342 1381 2436 1435 καὶ
2468 1380 2653 1434 θεόθεν
2704 1378 2915 1455 ἐπέλθῃ
2968 1380 3303 1449 φθέγγεσθαι
3338 1398 3354 1445 ;
3403 1382 3513 1435 Καὶ
3540 1383 3604 1451 δὴ

2024 1473 2273 1544 ποιῶμεν
2323 1471 2489 1536 οὕτω,
2539 1472 2653 1524 ὄσιε
2713 1470 2790 1544 τῷ
2844 1469 2962 1542 Θεῷ
3000 1473 3224 1542 μοναχέ.
3269 1473 3481 1543 Ὥσπερ
3540 1473 3604 1525 οὖ

2025 1561 2262 1617 πάντοτέ
2292 1579 2375 1616 σοι
2432 1561 2733 1632 βαδιστέον,
2776 1560 2915 1615 ἀλλά
2947 1579 3049 1614 που
3081 1564 3175 1615 καὶ
3224 1562 3542 1632 ὴρεμητέον
3589 1580 3604 1595 ·

2025 1656 2147 1710 οὐδὲ
2176 1655 2512 1727 ὀρθοστάδην
2573 1655 2886 1709 διανυστέον
2926 1653 2988 1708 τὸ
3018 1656 3125 1707 πᾶν
3175 1655 3268 1726 τῆς
3297 1657 3446 1724 ζωῆς
3470 1657 3609 1710 ἀκα-

2024 1751 2371 1818 τάκαμπτον,
2396 1747 2529 1801 ἀλλὰ
2561 1748 2619 1800 ἐν
2652 1748 2866 1816 καιροῖς
2921 1746 3015 1799 καὶ
3047 1744 3372 1798 κατακλίσει
3418 1746 3607 1799 δοτέον

2025 1840 2085 1893 τὸ
2129 1839 2307 1909 σῶμα,
2356 1838 2453 1893 καὶ
2509 1838 2648 1909 αὐτῇ
2682 1836 2742 1890 ού
2800 1836 2960 1906 μόνον
3029 1835 3171 1887 κατὰ
3219 1837 3347 1903 γῆν,
3400 1834 3522 1887 ἀλλ’
3554 1836 3606 1888 ει

2022 1933 2207 2002 δεήσει
2240 1930 2297 1984 ἐν
2328 1929 2577 2001 χαμεύνῃ
2611 1931 2701 1983 καὶ
2724 1928 2902 2000 κλίνῃ.
2937 1928 3228 1982 καὶταῦτα
3249 1927 3391 1998 μετά
3421 1927 3604 1996 στρώ-

2029 2042 2198 2097 ματος
2226 2040 2240 2055 ·
2277 2024 2450 2088 οὕτως
2508 2023 2631 2075 οὐδὲ
2667 2022 2795 2074 ποσὶ
2820 2022 2997 2073 διόλου
3031 2019 3291 2091 τριπτέον
3341 2021 3442 2090 τὴν
3471 2021 3601 2090 γῆν,

2025 2118 2162 2173 ἀλλὰ
2191 2115 2288 2170 καὶ
2314 2115 2614 2186 ἐποχητέον
2640 2113 2730 2168 διὰ
2760 2113 3142 2183 περιπέτειαν,
3173 2112 3366 2177 ὁποίας
3398 2112 3607 2177 πολλὰς

2023 2212 2053 2265 ό
2100 2209 2194 2265 τοῦ
2244 2209 2363 2278 βίου
2415 2206 2609 2279 τροχὸς
2663 2206 2984 2276 περιφέρει,
3054 2205 3427 2275 στρεφόμενος
3489 2203 3607 2258 ἄνω

2024 2304 2198 2367 κάτω,
2235 2301 2328 2354 καὶ
2355 2297 2676 2353 ἀνακυκλῶν
2702 2297 2772 2351 τά
2798 2296 3053 2367 βιωτικά.
3105 2296 3215 2349 Καὶ
3243 2296 3302 2349 ού
3329 2294 3477 2362 λέγω
3503 2296 3608 2365 τὴν

2025 2393 2166 2449 κατὰ
2195 2393 2372 2449 νόσον.
2402 2390 2584 2442 ὁποῖαι
2616 2389 2708 2441 καὶ
2740 2385 2905 2441 αὑταὶ
2942 2384 3243 2447 πολυειδεῖς
3282 2383 3342 2436 τὸ
3370 2384 3427 2436 ὲν
3463 2386 3607 2454 ἡμῖν

2022 2484 2278 2541 ταπεινὸν
2349 2479 2629 2552 σωμάτιον
2705 2477 3055 2533 ἀνατιθέασιν
3133 2477 3215 2539 εἰς
3276 2475 3603 2546 βάσταγμα,

2026 2579 2242 2649 ἑτεροῖα
2274 2575 2331 2629 δέ
2378 2591 2498 2628 τινα
2542 2569 2969 2643 περιπτὼματα,
3030 2560 3107 2626 ὧν
3150 2567 3338 2620 ἕνεκεν
3383 2566 3609 2639 ἀνάγκη

2026 2671 2123 2726 καὶ
2170 2671 2259 2724 τὸν
2290 2671 2347 2723 ὲν
2390 2668 2647 2739 μοναχοῖς
2688 2663 3008 2734 ύπέρμεγαν
3069 2658 3437 2727 ἀπολέγεσθαί
3472 2674 3610 2711 ποτε

2023 2765 2084 2819 τὸ
2104 2764 2233 2818 ποσὶ
2263 2761 2526 2833 βαδίζειν.
2558 2756 2770 2825 Maxch
2800 2754 2980 2809 τοίνυν
3010 2752 3130 2814 ὁδὸς
3162 2752 3417 2824 βιάσεται
3449 2750 3611 2822 αύτῷ

2022 2859 2121 2931 τὴν
2185 2858 2265 2921 εἰς
2320 2854 2614 2922 ὑποζύγιον
2680 2846 2972 2914 ἀνάϐασιν,
3054 2847 3151 2901 καὶ
3218 2845 3493 2915 σεμνότης
3550 2842 3614 2896 δὲ

329 2941 546 3038 ἀσῄτεια,
621 2972 978 3042 προσήκουσα
1061 2941 1339 3042 καθαρείῳ
1439 2965 1736 3037 ἀνθρώπῳ,
1824 2953 2249 3032 μεγαλυνομὲνῳ
2327 2946 2606 3016 ἐπίτηδες,
2696 2943 2785 2996 ἵνα
2855 2943 2931 3014 μὴ
3010 2941 3467 3011 παραρριπτῆται
3524 2944 3616 3007 εἰς

327 3069 612 3137 ἄγροικον.

399 3121 490 3212 "29.
552 3154 679 3213 ﬂare
740 3158 889 3211 enim
937 3168 1327 3224 nonnunquam
1381 3153 1721 3211 observanda
1781 3154 1913 3206 sunt

2085 3136 2187 3190 κθ’.
2217 3127 2496 3200 Πολλαχοῢ
2529 3127 2639 3199 γὰρ
2684 3123 2874 3181 καὶτὰ
2924 3121 3152 3180 τοιαῦτα
3199 3122 3614 3194 παρατηρητέα

331 3257 551 3320 propter
603 3248 911 3307 inseusatos
961 3246 1058 3318 qui
1115 3247 1388 3303 hominem
1430 3247 1748 3305 interiorem
1785 3259 1915 3314 per.

326 3356 545 3407 spicere
577 3354 687 3396 non
724 3339 987 3405 valentes,
1025 3337 1176 3393 illum
1212 3352 1282 3395 ex
1327 3337 1695 3393 exterioribus
1727 3336 1920 3393 volunt

327 3433 594 3501 judicare.
646 3431 726 3488 0b
758 3432 901 3488 hanc
935 3447 1069 3504 ergo
1099 3446 1323 3489 causam
1357 3446 1464 3487 non
1498 3431 1823 3502 depingatur
1858 3428 1915 3483 in

334 3536 708 3596 portentosam
751 3540 1040 3595 personam
1076 3526 1167 3581 ille
1217 3540 1449 3595 magnus
1476 3523 1800 3587 monachus,
1846 3535 1917 3578 ne

332 3623 668 3686 conspuatur
711 3615 779 3670 ab
825 3615 1057 3686 ignaris,
1096 3631 1127 3670 a
1165 3631 1274 3687 quo
1314 3616 1358 3671 si
1396 3615 1652 3679 abstinet,
1681 3628 1791 3669 non
1824 3611 1917 3667 de-

333 3718 494 3763 erunt
524 3708 643 3761 aliae
676 3707 775 3760 vite
818 3709 888 3761 ad
936 3706 1252 3761 alliciendos
1282 3707 1495 3761 obvios.
1529 3704 1740 3760 Etenim
1790 3717 1915 3761 cum

335 3808 554 3868 tempus
592 3796 720 3861 erit,
755 3797 1048 3862 lambitur,
1102 3811 1377 3868 parceque
1416 3795 1741 3852 subridebit.
1776 3793 1917 3860 Quid

340 3890 515 3960 ergo?
569 3900 721 3959 parta
782 3889 887 3944 hac
947 3882 1393 3960 mquanitnitate,
1456 3888 1631 3941 adhuc
1692 3885 1915 3941 ridebit.

337 3982 453 4037 Non
490 3983 634 4037 enim
675 3996 841 4051 penes
872 3996 958 4037 me
1007 3980 1258 4037 homines
1296 3982 1468 4036 risum
1506 3980 1733 4034 omnino
1786 3994 1919 4033 con-

345 4077 667 4132 demnantes
694 4075 948 4146 probare,
967 4074 1143 4131 donec
1171 4074 1352 4130 audivi
1378 4075 1683 4128 dicentem:
1717 4090 1736 4122 ε
1767 4069 1920 4125 Beati

334 4167 429 4237 qui
464 4152 610 4222 nunc
641 4166 806 4234 ﬂetis,
835 4167 963 4238 quia
1004 4165 1249 4222 ridebitis
1278 4165 1322 4220 ⁸.
1358 4162 1429 4219 Et
1459 4164 1562 4219 iste
1604 4177 1796 4218 servus
1827 4160 1920 4215 Dei

335 4261 527 4315 eodem
565 4261 723 4315 modo
773 4276 833 4315 se
870 4259 1110 4324 habebit,
1154 4261 1203 4316 si
1253 4258 1381 4329 quid
1434 4257 1739 4331 jucundum
1769 4255 1922 4310 acci-

335 4350 524 4406 derit:
564 4364 687 4406 eum
720 4352 904 4407 videre
949 4360 1033 4408 est
1080 4351 1241 4407 dulce
1299 4351 1674 4420 aspicientem,
1731 4362 1920 4403 aurem

349 4443 546 4497 blande
580 4442 933 4511 praebentem,
985 4442 1094 4498 illis
1129 4458 1253 4497 cum
1311 4443 1511 4511 quibus
1542 4442 1880 4511 colloquitur
1903 4479 1919 4504 ,

336 4547 431 4588 ore
464 4533 694 4601 benigno
733 4534 1038 4589 iutttebitur
1070 4533 1339 4588 hominem
1372 4543 1583 4587 rectum
1632 4532 1700 4587 ad
1738 4546 1919 4587 exem-

340 4627 456 4695 plar
487 4626 630 4693 regis
660 4626 833 4680 nostri
859 4640 1073 4681 amoena
1099 4624 1527 4695 pulchritudine.

416 4802 509 4854 50.
565 4801 1031 4866 Quemadmodum
1080 4817 1209 4871 ergo
1242 4802 1407 4857 certis
1439 4799 1778 4871 temporibus
1811 4813 1917 4854 no-

345 4908 447 4947 vus
474 4894 664 4958 cibus,
692 4902 752 4948 et
781 4895 1043 4950 mundum
1087 4895 1365 4959 balneum,
1402 4905 1455 4949 et
1484 4892 1652 4948 vestis
1688 4906 1796 4949 non
1826 4892 1929 4948 tri-

342 4995 420 5052 ta,
473 4986 575 5049 sic,
636 4999 855 5057 propter
888 4988 1014 5051 ista,
1051 5001 1249 5041 currus
1277 4987 1402 5041 huic
1436 4987 1704 5042 monacho
1732 4988 1930 5059 majori

343 5079 732 5136 conce’dendus
769 5091 859 5134 est
890 5080 957 5134 ad
987 5095 1167 5143 usum,
1205 5096 1311 5134 non
1346 5080 1410 5134 ad
1445 5079 1690 5146 nimium,
1722 5089 1816 5134 aut
1862 5081 1930 5136 ad

343 5175 546 5228 malum
580 5188 763 5228 usum.
814 5171 967 5238 Quod
1014 5173 1102 5227 ille
1131 5173 1372 5227 modeste
1408 5171 1589 5237 faciet,
1640 5173 1686 5228 si
1722 5174 1930 5244 τοοοεί-

347 5276 446 5334 tat,
480 5275 541 5322 ut
592 5266 857 5336 scriptum
914 5274 1020 5329 est,
1092 5265 1474 5321 ascendentem
1527 5282 1690 5337 super
1724 5267 1927 5334 pullum

345 5372 512 5427 super
549 5373 709 5427 quem
743 5373 903 5413 uerno
934 5357 1173 5419 sederat,
1214 5366 1267 5409 et
1302 5356 1447 5412 inter
1479 5358 1709 5429 hymnos
1745 5358 1928 5427 splen-

348 5450 473 5504 dide
529 5436 983 5520 triumphantem
1026 5451 1093 5505 de
1144 5461 1329 5505 nostro
1377 5450 1651 5505 communi
1704 5449 1928 5503 inimico

351 5539 629 5606 daemone;
690 5557 795 5597 non
848 5553 1027 5599 autem
1065 5544 1221 5599 aliter
1253 5543 1303 5598 id
1357 5555 1501 5614 agat,
1541 5541 1750 5598 scilicet
1801 5554 1925 5594 cum

430 5709 611 5769 ‘Luc.
635 5729 710 5781 rt,
765 5712 860 5769 2i.

2020 3229 2110 3283 διὰ
2158 3226 2286 3287 τοὺς
2333 3222 2717 3293 ἀφραίνοντας,
2768 3219 2818 3272 οἳ
2875 3216 2951 3288 μὴ
2998 3214 3335 3286 προκύπτειν
3366 3216 3447 3278 εἰς
3510 3215 3610 3269 τὸν

2017 3323 2126 3377 ἔσω
2163 3321 2455 3390 δυνάμενοι
2503 3315 2818 3388 ἄνθρωπον,
2857 3312 2921 3364 ὲκ
2967 3309 3075 3363 τῶν
3115 3308 3221 3376 ἔξω
3257 3311 3612 3380 χαρακτηρί.

2018 3417 2132 3481 ζειν
2158 3412 2320 3469 αὐτὸν
2348 3410 2648 3464 ἐθέλουσιν.
2708 3404 2872 3460 Ὅθεν
2904 3402 3025 3456 οὔτε
3057 3403 3136 3466 εἰς
3178 3401 3419 3472 εἰδεχθὲς
3448 3400 3607 3471 χρώ-

2017 3503 2164 3569 ζοιτο
2198 3501 2262 3556 ἂν
2293 3503 2320 3556 ό
2349 3498 2591 3560 τοιοῦτος
2625 3497 2798 3568 μέγας
2828 3495 3080 3565 μοναχὲς,
3124 3493 3211 3547 ἵνα
3263 3493 3338 3563 μὴ
3371 3493 3469 3546 καὶ
3492 3509 3611 3545 σιε-

2016 3595 2363 3666 λογραφῆται
2394 3594 2506 3656 τοῖς
2537 3589 2892 3652 ἀπαιδεύτοις
2934 3604 2949 3619 ⁸
2990 3590 3041 3640 sl
3066 3587 3122 3641 δὲ
3168 3588 3277 3656 μὴν
3307 3586 3603 3656 ἀπέχοιτο,

2020 3689 2146 3743 οὐδὲ
2197 3683 2293 3740 τοῦ
2339 3685 2514 3747 ἄλλως
2576 3680 2880 3749 ἐπάγεσθαι
2944 3682 3070 3744 τοὺς
3132 3680 3607 3750 ἐντυγχάνοντας.

2020 3782 2131 3835 Καὶ
2162 3779 2269 3848 γὰρ
2299 3778 2391 3832 καὶ
2449 3775 2804 3846 ῑλαρυνεῖται,
2832 3772 2921 3826 ὅτε
2974 3772 3192 3842 καιρὸς,
3221 3774 3315 3824 καὶ
3367 3772 3611 3840 ὑπομει-

2020 3874 2193 3927 διάσει
2227 3869 2522 3941 γαληνιῶν.
2557 3866 2620 3919 Τί
2646 3865 2739 3930 δέ;
2769 3865 2817 3916 εἰ
2840 3864 3148 3926 πλεονάσας
3176 3864 3332 3918 τουτὶ
3352 3862 3413 3916 τὸ
3438 3862 3615 3917 κατά-

2023 3981 2229 4036 στημα,
2260 3962 2353 4016 καὶ
2400 3961 2642 4030 γελάσει.
2692 3958 2766 4010 Οὐ
2799 3957 2910 4025 γὰρ
2936 3955 3047 4027 ἔχω
3105 3955 3284 4024 φιλεῖν
3316 3954 3431 4023 ἐγὼ
3476 3955 3615 4019 τοὺς

2024 4057 2372 4110 παντάπασιν
2428 4050 2761 4119 ἐξωθοῦντας
2804 4049 2896 4104 τὸν
2972 4046 3209 4115 γέλωτα,
3248 4046 3359 4109 ἓως
3415 4047 3617 4101 ἀκούω

2027 4147 2329 4221 μακαρίους
2361 4143 2499 4196 εἶναι
2531 4142 2654 4204 τοὺς
2673 4141 2959 4200 κλαίοντας
2989 4138 3109 4200 νῦν,
3140 4140 3227 4191 ὅτι
3253 4140 3610 4204 γελάσουσιν.

2025 4237 2234 4294 Οὐκοῦν
2280 4236 2375 4288 καὶ
2413 4234 2442 4285 ό
2470 4229 2710 4293 τοιοῦτος
2744 4227 3092 4299 θεραπευτὴς
3122 4225 3216 4280 τοῦ
3250 4225 3389 4280 Θεοῦ
3416 4224 3618 4279 πείσε-

2024 4348 2114 4386 ται
2162 4329 2368 4399 ὅμοιον.
2408 4324 2465 4377 et
2513 4323 2567 4376 τι
2618 4337 2723 4374 που
2774 4319 3087 4391 παραπέσοι
3134 4318 3361 4387 ὲφολκδν
3408 4318 3495 4381 εὶς
3536 4319 3617 4371 ἀ-

2028 4421 2314 4491 στειότητα
2334 4433 2352 4450 ο
2382 4416 2474 4469 καὶ
2519 4413 2690 4483 γλυκῦ
2734 4411 2791 4464 δὲ
2822 4410 3102 4481 tamen,
3126 4409 3223 4463 καὶ
3252 4408 3419 4477 ἀκοὴν
3446 4409 3620 4476 sed-

1945 4497 2000 4559 D
2027 4515 2278 4577 κύσεται,
2302 4507 2615 4579 γλυκάζων,
2644 4500 2725 4568 οῖς
2750 4504 2901 4557 λαλεῖ
2929 4520 2944 4537 ο
2966 4504 3071 4556 καὶ
3101 4501 3318 4564 εύωπὸς
3348 4501 3619 4570 ὲντρανί-

2031 4610 2139 4675 ζων
2167 4607 2323 4659 ἔσται
2365 4600 2856 4670 εῐςνάνυπόκριτον,
2884 4598 3027 4651 κιτά
3060 4597 3153 4651 τὸν
3178 4595 3382 4664 ὡραῖον
3411 4593 3618 4649 κάλλει

2029 4699 2235 4766 Κύριον
2268 4698 2448 4766 ἡμῶν.

2096 4788 2161 4844 λ’.
2201 4788 2393 4842 Δοτέον
2424 4783 2542 4850 οὖν,
2585 4783 2730 4841 καθὰ
2760 4783 2851 4835 καὶ
2884 4779 3093 4851 τροφὴν
3122 4779 3356 4847 καιρίως
3380 4775 3619 4842 eam»

2031 4884 2125 4938 καὶ
2142 4881 2371 4952 λουτρὸν
2401 4880 2702 4951 καθάρσιον
2730 4875 2825 4929 καὶ
2858 4873 3052 4943 στολὴν
3079 4870 3307 4941 ἀτριϐῆ.
3333 4868 3482 4922 οὕτω
3508 4871 3618 4922 καὶ

2024 4983 2210 5053 ύχημα
2251 4978 2342 5033 διὰ
2379 4975 2550 5030 ταῦτα
2580 4973 2658 5043 τῷ
2689 4971 3158 5041 μεγαλοσχήμονι,
3177 4966 3319 5018 ὥστε
3342 4965 3621 5036 χρᾶσθαι,

2028 5076 2090 5127 οὐ
2119 5074 2224 5144 μὴν
2255 5068 2656 5141 ὑπερχρᾶσθαι,
2679 5064 2791 5118 εἰτ’
2814 5058 2910 5117 οὖν
2940 5057 3358 5130 παραχρᾶσθαι.
3382 5057 3621 5124 nomen

2027 5167 2085 5220 δὲ
2131 5165 2263 5218 αὐτὸ
2294 5166 2505 5225 ἐκεῖνος
2564 5156 2836 5219 εὐλαϐῶς,
2883 5152 3295 5224 ἐνθυμούμενος
3352 5147 3471 5213 τὸν,
3524 5147 3623 5210 ὡς

2028 5259 2360 5329 γέγραπται,
2394 5256 2485 5310 ἐπὶ
2508 5252 2690 5322 ἀσαγῆ
2711 5250 2893 5304 πῶλον
2912 5244 3308 5314 ἐπιϐεϐηκότα,
3342 5243 3436 5296 καὶ
3463 5240 3620 5309 μετὰ

2031 5350 2217 5419 ὓμνων
2270 5345 2713 5419 θριαμϐεύσαντα
2765 5339 2909 5394 κατά
2937 5338 3031 5391 τοῦ
3092 5334 3278 5390 κοινοῦ
3339 5330 3620 5399 πολεμίου

2027 5442 2283 5512 δαίμονος
2313 5437 2641 5510 ’πομπικῶς⁸
2683 5434 2742 5487 οὐ
2779 5432 2885 5504 μὴν
2918 5429 3095 5491 ἄλλως
3132 5425 3428 5497 τρυφερῶς
3461 5424 3625 5475 κατὰ

2027 5536 2152 5598 τοὺς
2186 5534 2281 5586 καὶ
2309 5532 2453 5587 οὕτω
2481 5528 2895 5590 σπαταλῶντας,
2929 5523 3020 5578 ἵνα
3051 5520 3126 5593 μὴ
3153 5517 3406 5589 τῷλόγῳ
3430 5514 3626 5584 τούτῳ
