3982 6246
401 490 505 552 755

1108 481 1526 545 EUSTATHII
1569 478 2334 540 THESSALONICENSIS
2375 476 2944 540 METliOPOLlT/E

3559 487 3664 552 756

396 603 462 653 aii
497 598 725 668 pristina
763 598 1080 660 revertitur,
1114 611 1176 650 ea
1214 595 1411 649 blande
1455 594 1834 660 amplectitur;
1868 607 1975 645 non

2088 594 2489 660 κατεγίνωσκεν
2509 609 2523 623 ⁸
2543 592 2658 646 ἀλλ’
2681 593 2754 656 ὡς
2769 587 2881 647 οἷον
2905 595 3374 665 μεταμελόμενος,
3399 599 3480 651 ὅτι
3502 601 3665 653 καλοῦ

398 694 562 750 modo
587 693 850 756 demisse,
883 699 942 744 ut
968 691 1145 760 prius,
1183 690 1278 744 sed
1316 688 1588 757 abiectius
1626 687 1759 755 agit,
1793 687 1838 738 si
1864 674 1982 738 fieri

399 792 597 856 potest.
641 783 753 838 Nec
781 783 1018 852 amplius
1053 782 1302 837 meminit
1332 779 1461 850 quid
1490 780 1861 849 interrogatus
1889 779 1983 843 sit,

397 877 640 949 quidque
672 876 1042 947 responderit,
1072 885 1259 930 sancta
1305 872 1610 928 initiatione
1634 871 1884 925 ineunte.

467 1166 556 1220 55.
589 1166 698 1220 Ista
746 1162 1132 1231 interrogatio,
1170 1162 1361 1224 frater,
1395 1161 1459 1213 ad
1504 1172 1727 1213 causam
1772 1157 1849 1210 tui
1887 1155 1987 1209 ad-

395 1269 595 1311 ventus
627 1257 863 1309 maxime
887 1253 1207 1322 spectabat;
1238 1252 1524 1322 quaarcbat
1551 1251 1776 1318 insuper
1803 1256 1984 1302 utrum

397 1351 550 1421 operi
593 1349 836 1403 maximo
875 1349 1187 1417 applicatus
1216 1349 1268 1400 in
1323 1348 1426 1400 hoc
1489 1358 1667 1412 usque
1711 1341 1778 1397 ad
1821 1342 1984 1395 ίίιιοιιι

399 1444 703 1512 fortissime
760 1455 1144 1509 permanercs,
1201 1441 1245 1494 si
1291 1438 1486 1506 paucis
1558 1437 1744 1490 verbis
1801 1434 1987 1488 omnia

394 1535 628 1590 dicenda
658 1542 809 1588 sunt.
857 1531 921 1586 Et
954 1539 1012 1585 tu
1065 1532 1347 1592 ardenter,
1407 1529 1577 1582 corde
1627 1529 1867 1589 sincero,
1929 1534 1991 1580 ut

397 1627 709 1693 videbatur,
743 1625 1113 1695 spopondisti.
1154 1624 1230 1676 lta
1265 1622 1358 1676 illo
1399 1630 1666 1690 tempore.
1711 1618 1864 1672 Multi
1914 1627 1990 1673 te-

394 1727 507 1774 stes
547 1735 652 1774 non
667 1720 936 1788 patientes
973 1715 1291 1786 exprobrati
1318 1713 1617 1778 mendacii,
1644 1712 1680 1765 ii
1717 1713 1773 1767 in
1797 1710 1989 1782 primis

392 1811 484 1884 qui
513 1808 894 1879 Omnipmenti
939 1809 1342 1879 propinquant,
1390 1821 1632 1876 quorum
1680 1819 1871 1859 vocem
1900 1818 1994 1856 au-

391 1903 510 1957 dire
537 1901 774 1971 quisque
809 1908 988 1968 optat,
1015 1914 1213 1968 nempe
1251 1899 1430 1965 angeli
1459 1897 1588 1956 Dei:
1626 1911 1766 1966 quos
1793 1897 1838 1950 si
1864 1895 1990 1965 quis

2094 684 2422 752 πράγματος
2454 685 2885 752 κατεγίνωσκεν,
2920 688 3202 741 ἐπάνεισιν
3233 689 3313 751 είς
3344 691 3410 743 τὰ
3453 693 3666 760 πρώην,

2090 778 2188 829 καὶ
2241 776 2655 846 ἐκμειλίσσεται
2731 780 2894 842 αὐτὰ,
2950 779 3212 848 βιοτεύων
3279 782 3525 851 φαύλως,
3573 786 3668 856 οὐχ

2089 869 2281 938 ὥσπερ
2315 870 2409 922 καὶ
2452 869 2603 939 πρὶν,
2637 870 2774 924 ἀλλὰ
2812 872 3169 942 θερμότερον,
3224 874 3276 925 εἰ
3310 891 3372 942 γε
3408 876 3668 930 δύναται·

2092 962 2186 1015 καὶ
2215 965 2274 1014 οὐ
2305 961 2699 1030 διαλογίζεται,
2748 964 2800 1017 τί
2830 964 2932 1034 μὲν
2979 967 3266 1037 ἠρωτήθη,
3307 968 3670 1037 ἐναρχόμενος

2091 1057 2182 1110 τοῦ
2221 1057 2368 1126 ἱεροῦ
2425 1057 2848 1127 πολιτεύματος,
2872 1059 2926 1110 τί
2957 1059 3014 1110 δὲ
3045 1060 3399 1130 ἁπεκρίνατο.

2163 1148 2266 1214 λγ’.
2310 1150 2374 1202 Ἦ
2406 1148 2676 1218 ἐρώτησις
2722 1150 2930 1217 ἐκείνη,
2967 1144 3012 1204 ὦ
3044 1151 3262 1219 ἀδελφὲ,
3299 1153 3358 1204 τὸ
3383 1153 3479 1220 τῆς
3506 1169 3672 1222 προσ-

2091 1239 2356 1304 ελεύσεως
2382 1240 2867 1310 ἐπολυπραγμόνει
2890 1242 3064 1296 αίτιον
3084 1259 3098 1274 ο
3126 1243 3465 1297 ἐπυνθάνετο
3495 1245 3554 1298 δὲ
3579 1246 3671 1297 καὶ

2091 1336 2142 1388 εἱ
2155 1333 2470 1403 προσελθὼν
2490 1334 2725 1404 ἐργασίᾳ
2743 1334 3162 1404 σπουδαιοτὰτῃ,
3179 1339 3519 1406 παραμενεῖς
3533 1336 3667 1406 αὐτῇ

2093 1431 2257 1500 μέχρι
2286 1427 2479 1491 τέλους
2513 1427 2984 1496 φερεπονώτερον,
3021 1428 3068 1480 εί
3101 1430 3205 1498 χρὴ
3243 1429 3306 1481 τὸ
3347 1430 3457 1482 πᾶν
3496 1431 3670 1481 εἰπεῖν

2093 1522 2152 1573 ὲν
2191 1519 2365 1583 οὕτως
2400 1520 2687 1589 ὀλιγίστῳ.
2719 1521 2789 1572 Σὺ
2817 1520 2875 1574 δὲ
2907 1520 3139 1574 κατέθου
3181 1520 3422 1590 θερμῶς,
3448 1522 3563 1587 καὶ,
3597 1523 3668 1584 ὡς

2094 1616 2370 1682 ἐφαίνετο,
2404 1613 2467 1665 ἐκ
2500 1612 2685 1682 βυθίου
2713 1611 3040 1682 θελήματος.
3070 1614 3178 1667 Καὶ
3201 1611 3359 1666 τοῦτο
3393 1614 3494 1682 μὲν
3523 1613 3666 1668 τότε.

2094 1707 2205 1760 Καὶ
2227 1709 2278 1759 οἱ
2305 1707 2584 1778 μάρτυρες
2624 1705 2835 1768 πολλοὶ,
2859 1706 2954 1760 καὶ
2984 1707 3104 1760 οὐδὲ
3137 1708 3513 1778 παραγραφὴν
3534 1709 3671 1761 aliid-

2093 1819 2186 1864 τες
2221 1803 2476 1871 πάσχειν,
2530 1803 2621 1854 καὶ
2661 1801 2896 1872 μάλιστα
2936 1803 2986 1854 οἱ
3031 1801 3107 1872 τῷ
3132 1803 3408 1872 κρείττονι
3435 1803 3669 1872 πλησιά-

2095 1895 2300 1960 ζοντες,
2335 1890 2408 1948 ὧν
2451 1893 2670 1964 εὔχεται
2698 1911 2783 1957 τις
2815 1892 3044 1946 ἀκοῦσαι
3087 1895 3295 1964 φωνὴν,
3327 1893 3377 1946 οἱ
3413 1893 3509 1946 τοῦ
3536 1892 3666 1946 Θεοῦ

391 1991 664 2047 mendacii
717 2006 952 2062 arguere
1011 1991 1270 2054 auderet,
1313 1991 1433 2060 ipso
1466 1990 1611 2043 laeto
1675 2002 1873 2041 manus
1931 1988 1979 2039 in

2089 1989 2310 2058 ἄγγελοι
2335 2006 2351 2020 ⁸
2377 1988 2471 2053 οὓς
2501 1988 2662 2052 εἴτις
2696 1987 3170 2058 παραγράψασθαι
3211 1987 3665 2049 ἀπαυθαδίσεται,

392 2081 566 2137 Deum
597 2082 899 2136 attolleret.
957 2078 1070 2135 Nec
1123 2081 1346 2150 longum
1399 2089 1617 2149 tempus
1672 2079 1979 2142 i-illuxerat,

395 2183 452 2228 et
498 2187 627 2227 ecce
660 2181 956 2227 conventio
990 2187 1088 2240 pro
1141 2173 1313 2226 nihilo
1363 2171 1762 2240 i'eptttabatur;
1795 2171 1982 2234 aliter,

395 2280 520 2320 cum
555 2266 794 2329 insania,
845 2279 952 2317 non
987 2279 1110 2318 cum
1134 2271 1283 2318 recta
1330 2270 1383 2315 rt
1408 2277 1541 2317 sana
1585 2260 1794 2315 ratione
1833 2270 1986 2315 tene-

392 2359 575 2412 batur.
631 2357 834 2412 Ohedis
881 2366 938 2409 tu
987 2355 1244 2426 quidem,
1298 2354 1394 2410 sed
1447 2371 1555 2408 non
1604 2362 1663 2406 ut
1717 2352 1981 2417 statuisti,

392 2449 616 2515 quando
677 2456 731 2502 te
780 2448 980 2518 aliquis
1025 2448 1092 2501 ad
1145 2447 1358 2501 loculos
1417 2445 1581 2501 simul
1631 2443 1980 2510 dividendus,

393 2539 462 2593 ad
515 2542 817 2608 parandam
861 2540 1181 2596 innocentis
1235 2539 1482 2593 hominis
1516 2537 1979 2598 inhumationem,

393 2641 489 2685 aut
535 2633 600 2684 ad
648 2634 755 2687 alia
797 2634 999 2687 similia
1032 2634 1246 2688 invitat.
1292 2630 1488 2687 Nonne
1515 2631 1660 2686 enim
1691 2631 1796 2686 ista
1832 2638 1978 2695 sunt,

393 2740 518 2796 qua
582 2742 611 2780 a
668 2735 720 2782 te
788 2728 840 2781 in
903 2722 1155 2782 homines
1216 2727 1353 2781 nihil
1413 2729 1644 2780 meritos
1703 2721 1984 2791 aguntur?

394 2819 510 2872 'l‘ua
561 2820 702 2874 enim
744 2834 916 2887 Opera
945 2835 1065 2874 esse
1107 2827 1338 2873 autumo
1370 2833 1494 2887 qua:
1539 2832 1569 2871 a
1604 2827 1656 2871 te
1687 2817 1978 2886 jubentur.

401 2913 494 2967 Sic
525 2914 670 2968 enim
735 2914 935 2986 obedis.
968 2925 1026 2968 ut
1068 2930 1174 2968 non
1216 2913 1478 2969 debebas.
1531 2909 1762 2966 Oculum
1811 2909 1982 2980 projio

403 3021 532 3063 cere
558 3021 787 3062 necesse
807 3015 926 3060 erat
957 3007 1133 3076 magis
1161 3021 1325 3077 quam
1345 3008 1426 3061 sic
1449 3006 1640 3060 audire
1658 3015 1711 3059 et
1736 3005 1978 3062 obedire.

401 3096 460 3150 In
493 3105 702 3150 tantum
735 3097 907 3166 premi
953 3113 1202 3165 recusas,
1239 3107 1298 3152 ut
1326 3099 1471 3152 oeuli
1513 3101 1591 3152 tui
1633 3097 1854 3151 caerulei
1880 3098 1979 3167 (ι),

397 3203 550 3243 more
586 3188 781 3254 ferino,
817 3198 868 3243 te
925 3191 1198 3260 abripiant
1221 3191 1277 3244 in
1339 3191 1478 3246 alios
1538 3188 1885 3258 premendus,
1921 3202 1979 3243 ut

392 3291 450 3335 tu
474 3281 698 3338 laeteris.
734 3281 914 3338 Causa
962 3281 1107 3336 enim
1150 3283 1338 3352 gloriae
1369 3298 1532 3352 quam
1571 3282 1842 3352 repulisti,
1879 3282 1980 3335 sub

2087 2081 2287 2134 αὐτίκα
2312 2083 2404 2134 καὶ
2423 2082 2560 2134 Θεοῦ
2590 2080 2754 2134 αὐτοῦ
2785 2083 3259 2151 κατεπιχειρὴσει.
3300 2081 3375 2133 Οὐ
3410 2080 3578 2142 πολὺς
3613 2080 3668 2133 δι

2087 2173 2389 2243 καθορᾶται
2425 2173 2641 2244 χρόνος,
2665 2173 2814 2243 καὶὴ
2851 2174 3280 2244 ἁνθομολόγησις
3320 2173 3508 2243 ἐκείνη
3541 2192 3669 2226 κατα

2085 2264 2326 2335 ήργηταί
2354 2282 2437 2318 σοι
2508 2265 2684 2329 ἄλλως
2719 2266 3128 2336 φυλαττομένη,
3163 2266 3305 2322 κατά
3332 2283 3456 2319 τινα
3491 2265 3668 2337 παρὰ-

2085 2374 2262 2423 νοιαν,
2293 2361 2391 2412 καὶ
2414 2358 2476 2410 ού
2513 2358 2651 2428 πρὸς
2679 2358 2954 2429 ὀρθότητα
3002 2360 3094 2411 καὶ
3135 2358 3350 2426 ὑγίειαν
3375 2359 3666 2426 λογισμοῦ.

2097 2451 2428 2516 ’Υπακούεις
2472 2451 2572 2520 μὲν
2602 2453 2712 2523 γὰρ
2744 2481 2817 2492 ——
2858 2452 2998 2521 πλὴν
3031 2453 3092 2504 οὐ
3131 2451 3276 2504 καθὰ
3317 2452 3517 2516 ὲτὰξω,
3552 2452 3668 2505 ἀλλ’

2086 2546 2174 2598 ὅτε
2203 2563 2286 2607 τις
2315 2545 2719 2615 προκαλέσεταί
2748 2561 2806 2597 σε
2837 2547 2918 2607 εἰς
2945 2545 3320 2614 κοινοποίησιν
3353 2546 3665 2616 βαλαντίου,

2089 2639 2184 2692 καὶ
2217 2641 2296 2702 είς
2319 2639 2656 2708 προαγωγὰς
2685 2637 2940 2707 κρύψεως
2967 2636 3178 2706 ἀνδρῶν
3208 2637 3403 2691 ἁθὼων
3431 2641 3509 2701 εἰς
3543 2639 3665 2706 γῆν,

2084 2733 2178 2785 καὶ
2215 2732 2297 2793 εἰς
2329 2729 2464 2782 ἄλλα
2499 2730 2685 2798 ὃμοια.
2714 2725 2791 2781 Ἦ
2837 2731 2950 2798 γὰρ
2990 2729 3052 2781 οὐ
3087 2730 3315 2782 τοιαῦτα
3361 2731 3428 2782 τὰ
3459 2731 3548 2781 διὰ
3575 2731 3665 2783 σοῦ

2083 2824 2440 2894 ὲντριὸόμενα
2467 2823 2774 2892 πράγματα
2805 2826 2918 2886 τοῖς
2955 2823 3108 2876 οὐδὲν
3141 2823 3378 2888 αίτίοιςς
3421 2824 3527 2877 Σοῦ
3556 2824 3665 2893 γὰρ

2084 2912 2227 2969 εἷναί
2269 2931 2412 2985 φημι
2448 2915 2589 2986 ἔργα
2619 2915 2686 2969 τὰ
2719 2918 2825 2968 ὑπὸ
2859 2914 2956 2967 σοῦ
2983 2915 3485 2985 κελευόμενα.οΚαὶ
3520 2917 3666 2970 οὕτω

2088 3005 2187 3076 μὲν
2231 3004 2553 3068 ὑπακούεις,
2586 3004 2661 3067 ὡς
2704 3009 2778 3075 μὴ
2805 3003 3013 3072 ὤφελες
3036 3020 3050 3036 ο
3096 3003 3303 3072 ὤφελες
3329 3005 3442 3076 γὰρ
3490 3023 3670 3060 κεκω-

2085 3096 2298 3165 φῶσθαι
2357 3096 2582 3165 μᾶλλον,
2637 3097 2672 3166 ἢ
2724 3097 2896 3160 οὕτως
2939 3096 3158 3150 ἀκούειν
3189 3099 3286 3152 καὶ
3331 3099 3662 3153 ὑπακούειν.

2085 3187 2382 3242 Θ).ί6εσθαι
2409 3187 2466 3240 δὲ
2498 3189 2576 3252 είς
2603 3189 2858 3240 τοσοῦτον
2871 3189 3124 3259 ἀπέχεις,
3150 3190 3224 3252 ὡς
3251 3190 3338 3244 διὰ
3365 3191 3466 3260 τὴν
3493 3195 3552 3245 ὲν
3580 3195 3662 3244 σοὶ

2085 3281 2324 3352 θηριώδη
2385 3283 2736 3350 χαροπότητα
2783 3280 2877 3333 καὶ
2909 3282 3402 3351 πραγματεύεσθαι
3448 3284 3665 3353 θλίψεις

391 3375 574 3444 specie
595 3384 937 3445 contemptus
953 3377 1040 3430 cui
1065 3383 1261 3430 iterum
1289 3375 1636 3439 renuntiasti,
1665 3375 1976 3446 quibusque

2088 3375 2312 3443 ἑτέροις,
2330 3373 2416 3426 ἵνα
2438 3375 2503 3425 σὺ
2523 3371 2745 3443 χαίρῃς.
2768 3371 2858 3440 Τῷ
2877 3372 2985 3442 γὰρ
3009 3373 3154 3442 λόγῳ
3173 3373 3273 3442 τῆς
3292 3373 3661 3445 ὲνδοξότητος,

394 3467 753 3521 humilitatem
792 3469 912 3522 ovis
951 3469 1043 3522 Dei
1092 3467 1463 3538 praposuisti,
1493 3482 1602 3522 non
1644 3467 1806 3522 modo
1861 3481 1978 3534 pre-

395 3560 518 3625 mis,
552 3559 668 3613 sive
696 3561 825 3616 teris
852 3560 1021 3632 (quod
1058 3571 1141 3615 est
1169 3559 1423 3628 θλίϐειν),
1461 3560 1554 3614 sed
1590 3560 1752 3614 etiam
1804 3561 1974 3614 strin-

391 3654 496 3719 gis,
540 3651 800 3715 sull'ocas,
837 3653 1121 3718 vulneras,
1156 3652 1494 3722 colaphizas,
1533 3651 1792 3721 castigas,
1821 3665 1974 3720 pres-

392 3757 578 3797 suram
612 3743 821 3798 moliris
862 3758 927 3798 eo
959 3743 1086 3810 line,
1116 3752 1174 3798 ut
1199 3755 1494 3799 conterens
1519 3784 1534 3808 ,
1567 3752 1719 3798 stans
1745 3743 1975 3798 seorsim

391 3847 445 3887 et
479 3837 791 3890 inaccessus
837 3850 905 3889 ex
957 3837 1149 3890 alienis
1199 3836 1359 3890 bonis
1414 3836 1594 3906 possis
1629 3834 1978 3904 locupletari.

392 3929 692 3995 Quaenovo
724 3929 957 3983 consilio
986 3929 1224 3998 peragis,
1267 3928 1458 3997 sicque
1506 3928 1760 3981 mentiris
1812 3940 1975 3992 quam

393 4024 638 4092 elegeras
669 4023 1230 4092 paupertatem,hodie
1292 4023 1509 4092 quidem
1561 4021 1978 4091 restringentsm

393 4126 448 4174 et
476 4117 787 4188 cvangelice
820 4124 1181 4187 prementem,
1218 4125 1403 4185 postea
1437 4126 1617 4170 autem
1657 4114 1978 4168 immensam

394 4210 670 4280 planitiem
705 4209 1065 4280 aperientem.

2082 3466 2150 3538 ἢν
2183 3465 2454 3533 ἁπελέξω,
2489 3467 2584 3517 καὶ
2624 3468 2688 3534 τῇ
2721 3466 2946 3536 ἀφορμῇ
2983 3463 3078 3518 τοῦ
3117 3466 3601 3537 ἀκα-ταφρονήτου,
3639 3470 3666 3521 ὃ

2083 3559 2176 3613 καὶ
2214 3559 2347 3612 αὐτὸ
2403 3559 2732 3630 ἀπηρνήσω,
2783 3553 2866 3620 οἷς
2906 3557 3183 3626 πρόϐατον
3229 3557 3365 3610 Θεοῦ
3418 3559 3665 3627 γεγονὼς

2084 3654 2342 3724 προείλου
2380 3651 2734 3711 ταπείνωσιν,
2795 3651 2893 3720 οὐχ
2936 3649 3122 3710 ἁπλῶς
3169 3650 3393 3718 θλίϐεις,
3441 3653 3543 3704 είτ⁹
3573 3649 3664 3706 οῦν

2084 3747 2295 3810 πιέζεις
2325 3745 2506 3817 (τοῦτο
2547 3746 2656 3814 γάρ
2689 3745 2805 3796 ὲστι
2842 3742 3096 3812 θλίϐειν),
3129 3743 3266 3798 ἀλλὰ
3309 3747 3661 3813 συμπνίγεις,

2083 3839 2296 3908 ἄγχεις,
2335 3837 2596 3904 αίκίζεις,
2630 3837 2903 3902 κολάζεις,
2955 3837 3302 3907 ὑπερϐαίνων
3354 3837 3662 3907 εύμεθόδως

2081 3932 2180 4002 τὴν
2211 3933 2500 3998 θλιπτικὴν
2535 3933 2819 4003 ἐνέργειαν
2845 3951 2859 3966 ·
2902 3933 2993 3986 ἵνα
3027 3931 3416 4002 συντριπτικὺς
3447 3932 3662 3984 ἀποκα-

2080 4025 2286 4085 ταστὰς
2320 4026 2411 4077 καὶ⁸
2448 4025 2770 4096 ἀπρόσιτος,
2804 4027 2932 4098 ἔχῃς
2962 4030 3075 4091 τοῖς
3111 4027 3416 4095 ἀλλοτρίοις
3446 4027 3660 4095 ἐμπλα-

2085 4115 2342 4170 τύνεσθαι
2363 4133 2375 4144 ·
2413 4117 2442 4169 ὃ
2473 4118 2538 4189 δὴ
2571 4120 2667 4172 καὶ
2699 4123 2873 4182 ποιεῖς
2905 4121 3091 4188 χάριτι
3133 4123 3234 4190 τῆς
3266 4117 3662 4188 ὑστερογενοῦς

2087 4209 2144 4259 ὲν
2182 4225 2264 4260 σοι
2297 4208 2643 4278 προθέσεωςο
2686 4213 2782 4264 καὶ
2807 4211 2950 4264 οὕτω
2982 4212 3163 4284 φεύγῃ
3206 4212 3298 4265 καὶ
3342 4211 3442 4281 τὴν
3485 4226 3664 4263 στενο-

391 4301 618 4374 χωρίαν,
648 4301 708 4372 ἢν
736 4301 1018 4370 ἔστερξας,
1041 4299 1138 4369 τὴν
1160 4300 1335 4362 ἄλλως
1365 4299 1462 4368 μὲν
1484 4301 1964 4368 ἀποστενουμένην
2013 4298 2070 4351 ἐν
2101 4302 2214 4361 τοῖς
2256 4292 2382 4368 ὧδε,
2423 4303 2520 4356 καὶ
2548 4303 2845 4358 θλίϐουσαν
2873 4304 3270 4374 εὐαγγελικῶς,
3327 4305 3386 4355 ὲν
3419 4301 3479 4354 δὲ
3545 4305 3658 4356 τοῖς

393 4397 510 4449 ἐκεῖ
535 4396 860 4462 ἀνοίγουσαν
891 4395 1233 4464 εὐρυχωρίαν
1258 4394 1673 4464 ἀνεκδιήγητον.

467 4489 706 4545 5LEcce
726 4504 874 4542 nunc
893 4489 1042 4543 subit
1061 4490 1319 4542 memoria
1339 4490 1677 4560 paupertatis
1690 4505 1798 4544 non
1819 4489 1981 4544 absu—

2157 4486 2253 4540 16'.
2287 4485 2494 4555 Μνήμη
2523 4485 2580 4536 δέ
2617 4502 2710 4556 μοι
2759 4485 3126 4556 στενοχωρίας
3172 4482 3436 4550 ἐνταῦθα,
3482 4486 3544 4538 οὐ
3592 4488 3656 4556 τῇ

397 4583 527 4636 luta:
548 4581 692 4635 circa
728 4579 1061 4642 necessaria,
1093 4581 1209 4633 sine
1232 4580 1430 4649 quibus
1458 4582 1640 4634 vivere
1659 4594 1769 4634 non
1799 4586 1978 4649 potest

2088 4578 2345 4643 καθάπαξ
2380 4582 2436 4632 ὲν
2464 4580 2576 4641 τοῖς
2619 4579 2961 4647 ἀναγκαίοις,
2998 4579 3094 4632 καὶ
3124 4570 3198 4631 ὧν
3231 4579 3360 4632 ἄνευ
3412 4579 3513 4632 οὐκ
3543 4578 3659 4632 ἐστι

397 4675 587 4738 homo,
604 4672 728 4740 quia
746 4671 802 4723 in
827 4686 1021 4739 purum
1041 4673 1284 4725 animout
1306 4672 1606 4725 monachus
1621 4687 1853 4740 magnus
1871 4685 1977 4724 non

2088 4672 2238 4741 βιοῦν
2280 4670 2571 4740 ἄνθρωπον
2617 4670 2884 4734 τοιοῦτον,
2921 4670 3004 4724 ὅτι
3042 4670 3177 4741 μηδὲ
3219 4672 3298 4732 είς
3329 4669 3658 4740 αὐτόχρημα

393 4763 700 4817 translatus
746 4768 851 4826 est;
875 4761 966 4815 sed
995 4761 1144 4816 illius
1163 4764 1497 4832 paupertatis
1518 4777 1639 4831 quae
1663 4761 1798 4815 nihil
1819 4760 1978 4815 habet

2088 4763 2209 4816 νοῦν
2233 4766 2262 4816 ὁ
2293 4764 2606 4834 μεγαλοσχὴ
2617 4781 2732 4827 μων
2760 4763 3226 4833 μετεσκεύασται·
3248 4763 3384 4816 ἀλλὰ
3407 4763 3508 4833 τῆς
3532 4766 3656 4815 ἀνε-

393 4867 686 4908 communc
721 4866 843 4906 cum
877 4853 1147 4923 superﬂua
1182 4855 1538 4917 abundantia,
1570 4854 1838 4922 siquidem
1877 4869 1976 4906 nec

402 4955 696 5019 paupertas
741 4947 1048 5002 absolutam
1077 4948 1442 5019 indigentiam
1480 4948 1673 5014 trahit,
1708 4963 1806 5001 nec
1832 4947 1974 5001 idem

392 5051 474 5095 est
492 5040 548 5095 in
576 5042 839 5112 angustiis
857 5057 975 5097 esse
997 5051 1090 5096 aut
1116 5043 1170 5096 in
1192 5042 1403 5097 deliciis
1430 5051 1519 5096 :et
1542 5041 1663 5096 ideo
1691 5041 1847 5095 multi
1866 5055 1975 5094 non

392 5142 612 5201 egentes
642 5147 910 5202 pauperes
940 5148 1062 5187 esse
1091 5144 1145 5186 et
1170 5133 1277 5186 dici
1323 5141 1568 5201 possunt,
1601 5132 1656 5186 in
1703 5132 1788 5186 his
1850 5147 1973 5201 qua:

392 5225 458 5277 ad
493 5223 779 5288 mundum,
831 5233 924 5276 aut
953 5223 1016 5275 ad
1072 5232 1320 5276 sanctum
1364 5220 1627 5290 Spiritum
1675 5225 1970 5290 pertinent.

395 5316 604 5370 b’iniilis
627 5325 711 5371 est
734 5315 881 5369 enim
908 5316 1040 5369 fonti
1071 5317 1177 5367 vita
1199 5329 1484 5384 prospera,
1510 5323 1564 5369 et
1591 5315 1924 5370 abundantia
1958 5335 1970 5370 :

397 5414 451 5458 et
474 5407 942 5476 quemadmodum
969 5421 1135 5476 super
1163 5406 1344 5459 locum
1366 5421 1621 5474 magnum
1643 5415 1696 5460 ct
1721 5406 1968 5475 frequen-

396 5506 566 5549 tatum
601 5498 724 5552 fons
767 5511 969 5567 parvus
996 5497 1274 5551 modicum
1303 5505 1521 5565 pratum
1554 5498 1789 5565 irrigans
1815 5497 1981 5552 habet

395 5584 618 5639 inutiles
645 5600 816 5656 aquas
861 5589 1134 5656 exiguas;
1166 5596 1217 5642 et
1258 5595 1447 5642 contra
1481 5587 1526 5642 si
1585 5589 1780 5642 civitas
1848 5587 1982 5643 satis

396 5686 593 5741 magna
620 5684 706 5730 est
729 5713 746 5738 ,
771 5675 1062 5731 abundans
1082 5679 1241 5749 aquis
1263 5693 1395 5734 sane
1446 5677 1839 5733 abundantiam
1872 5693 1972 5734 nec

402 5763 469 5814 ad
491 5766 804 5819 necessaria
829 5767 1050 5836 quidem
1082 5769 1371 5838 dissipabit
1400 5787 1414 5826 :
1441 5771 1522 5825 sic
1557 5771 1613 5823 in
1641 5772 1979 5825 monasterio

2085 4857 2350 4926 πιμικτου
2376 4855 2455 4926 τῷ
2488 4855 2959 4926 περιουσιαστικῷ
2995 4855 3300 4924 πλατυσμῷ
3320 4871 3334 4886 ο
3383 4857 3512 4908 ἐπεὶ
3537 4853 3657 4908 οὔτε

2085 4949 2148 5000 τδ
2175 4947 2512 5017 στενόχωρον
2563 4946 2922 5000 ἁνεπίὸεκτόν
2975 4947 3092 4998 ἐστι
3141 4947 3234 5000 τοῦ
3266 4947 3401 5008 ὅλως
3433 4950 3655 5016 χωρεῖν,

2086 5039 2180 5092 καὶ
2206 5039 2327 5092 οὐδὲ
2356 5041 2552 5093 ταυτὸν
2579 5040 3031 5110 στενοχωρεῖσθαι
3064 5039 3159 5092 καὶ
3177 5038 3618 5108 ὲμπλατύνεσθαι
3639 5051 3654 5066 ⁸

2077 5128 2160 5180 διὸ
2196 5130 2292 5180 καὶ
2321 5126 2437 5179 ἔστι
2480 5127 2710 5190 πολλοὺς
2768 5129 2843 5199 μὴ
2897 5129 3226 5198 ἁπερίττους
3272 5128 3452 5189 ὄντας,
3507 5130 3654 5196 ὅμως

2077 5223 2628 5292 ὲστενοχωρημένους
2677 5223 2772 5274 καὶ
2802 5217 2943 5274 εἶναι
2971 5221 3065 5273 καὶ
3093 5220 3372 5287 λέγεσθαι,
3401 5223 3498 5272 καὶ
3523 5219 3654 5272 αὐτὸ

2075 5313 2169 5367 ἐπί
2196 5332 2255 5367 τε
2286 5315 2393 5367 τῶν
2418 5314 2511 5366 τοῦ
2547 5317 2782 5384 κόσμου,
2815 5315 2909 5366 καὶ
2941 5314 3072 5376 τῶν,
3105 5314 3222 5366 ὅσοι
3250 5312 3343 5365 τοῦ
3373 5301 3651 5365 θειοτάτου

2077 5408 2418 5476 Πνεύματος.
2465 5408 2652 5460 Ἐοικε
2686 5406 2794 5479 γὰρ
2827 5409 2981 5476 πηγῇ
3017 5423 3124 5458 τινι
3157 5406 3253 5457 καὶ
3297 5407 3324 5457 ό
3350 5405 3495 5456 κατὰ
3541 5405 3654 5473 βίον

2077 5502 2377 5570 πορισμὸς,
2407 5501 2502 5554 καὶ
2535 5501 2564 5551 ό
2589 5500 2843 5553 ἐντεῦθεν
2869 5497 3300 5568 περιουσιασμός
3321 5513 3336 5529 α
3385 5497 3479 5549 καὶ
3509 5496 3682 5549 ἐστιν-

2083 5591 2237 5657 ἱδείν,
2265 5591 2371 5655 ὅτι,
2403 5591 2659 5660 καθάπερ
2682 5591 2775 5644 ἐπὶ
2814 5591 3054 5661 μεγάλου
3094 5588 3190 5642 καὶ
3217 5587 3650 5656 πολυανθρώπου

2078 5682 2247 5734 τόπου
2297 5681 2530 5752 βραχεῖα
2588 5682 2767 5752 πηγὴ,
2827 5682 2929 5735 οὐκ
2981 5680 3264 5748 ἀξιόλογον
3311 5680 3654 5742 ὲκὸλύζουσα

2082 5771 2344 5837 λιεὰδιον,
2364 5771 2563 5842 ἀχρεία
2586 5773 2705 5824 ἐστὶ
2733 5773 2834 5841 τῆς
2852 5773 3186 5841 ὀλιγότητος·
3202 5773 3251 5826 εἰ
3275 5771 3331 5824 δέ
3365 5787 3471 5824 που
3497 5773 3654 5824 εὐπε-

466 5937 542 6009 (ι)
569 5938 720 6010 Apud
762 5949 972 5998 veteres
1007 5943 1220 5998 θέοι-ιιιοὶ
1251 5947 1395 6002 oculi
1454 5947 1794 6004 habebantur
1843 5956 1901 6003 ut
1937 5948 2092 6020 signa
2135 5948 2349 6003 roboris
2395 5950 2713 6006 animalium
2739 5958 2795 6006 et
2822 5950 3126 6008 hominum.
