3982 6246
369 446 481 510 ’157
1343 449 1440 512 DE
1483 446 2161 510 EMENDANDAVITA
2207 447 2674 508 MONACHICA.
3531 453 3650 514 758'

371 565 684 636 ρίγραπτός
724 584 807 630 τις
859 567 947 638 εἴη
984 567 1172 639 κώμη,
1225 569 1546 639 πληθύουσα
1606 567 1816 626 ὕδασιν,
1876 567 1946 628 εἰς

2062 581 2230 633 parvo
2287 567 2494 621 inutilis
2554 574 2637 620 est
2686 566 2853 620 nimia
2909 565 3204 635 possessio,
3241 573 3292 620 et
3341 568 3647 636 prtcsertim

367 656 524 709 οὐδὲν
581 658 768 727 εκείνη
827 659 1133 725 ἀναγκαῖον
1195 660 1446 728 εῦμοιρεῖ
1503 657 1598 712 τοῦ
1672 655 1946 726 πλησμίου

2055 657 2144 710 ubi
2179 657 2437 711 monachi
2472 657 2812 726 superﬂuum
2865 657 2920 712 in
2974 673 3173 711 vanum
3220 656 3374 711 abire
3409 659 3597 713 sinunt
3625 676 3650 723 ς,

367 746 565 810 ὕδατος
593 779 664 787 -
707 747 854 802 οῦτω
893 750 989 802 καὶ
1035 750 1130 804 ἐπὶ
1174 749 1537 820 μοναστηρίου
1587 749 1686 818 μὲν
1716 744 1946 816 σμικροῦ

2055 748 2400 816 amplissimo
2443 759 2626 803 autem
2661 749 2997 804 monasterio
3039 757 3152 802 tum
3181 749 3459 814 domibus,
3530 760 3647 806 tum

371 842 607 909 μάταιος
639 842 672 911 ἡ
707 840 1036 912 ὑπέρπλεως
1088 842 1305 911 κτῆσις,
1363 843 1458 896 καὶ
1505 840 1727 911 μάλισθ’
1761 841 1848 894 ὅτε
1902 839 1946 892 οΙ

2055 840 2220 894 rebus
2253 839 2431 894 sacris
2460 856 2554 894 eas
2582 841 2943 911 replentibus,
2985 840 3206 910 prodest
3243 855 3437 908 magna
3475 843 3648 894 ahun-
3705 845 3710 856 ”

370 933 698 1002 μονάζοντες
745 937 824 997 εἰς
851 933 1006 986 κενὸν
1049 935 1243 1002 ἀφιᾶσι
1275 933 1632 989 κατακεῖσθαι
1663 933 1725 986 τὸ
1765 948 1946 1001 nepte-

2055 931 2262 996 daotia,
2343 933 2488 986 sicut
2529 948 2727 1004 magno
2791 935 2938 1006 gregi
2993 952 3258 1006 pascuum
3337 933 3644 989 abundans.

365 1028 489 1080 τόν
520 1026 936 1096 μεγεθυνομένῳ
961 1024 1038 1089 δὲ,
1065 1025 1160 1078 καὶ
1182 1025 1244 1078 ού
1267 1025 1430 1094 μόνον
1453 1025 1786 1095 οἰκοδομαῖς,
1818 1022 1956 1077 ἀλλὰ
1998 1023 2092 1075 καὶ
2123 1022 2430 1094 πληθύσμῷ
2456 1023 2606 1093 θείῳ,
2640 1024 2843 1094 πολλῆς
2889 1027 3048 1096 χρεία
3098 1027 3196 1097 τῆς
3263 1028 3647 1096 περιττότητος

369 1117 512 1172 καθα
543 1120 635 1169 καὶ
663 1118 833 1186 νομῆς
867 1117 1123 1187 δαψιλοῦς
1161 1119 1384 1187 μεγάλῳ
1415 1117 1672 1189 ποιμνίῳ.

438 1214 534 1268 λε’.
567 1215 674 1266 Καὶ
715 1213 828 1285 εχει
859 1231 942 1278 τις
971 1217 1244 1284 ἐπιλέγειν
1274 1215 1351 1285 τῷ
1383 1214 1483 1284 μὲν
1512 1214 1944 1285 εὐπεριγράπτῳ

2125 1212 2212 1265 55.
2258 1211 2449 1265 Posset
2475 1211 2678 1281 aliquis
2714 1211 2780 1264 de
2809 1227 2976 1280 parvo
3032 1215 3368 1269 monasterio
3403 1217 3582 1271 dicere
3628 1241 3642 1277 ;

371 1305 776 1376 φροντιστηρίῳ
829 1306 890 1359 τὸ
931 1325 949 1357 ι
997 1306 1060 1360 'H
1103 1308 1250 1378 πηγή
1309 1322 1392 1359 σοι
1432 1305 1524 1358 τοῦ
1567 1305 1757 1368 ὓδατος
1809 1305 1946 1357 ἔστω

2067 1325 2084 1357 ι
2131 1303 2332 1360 Fontes
2365 1319 2630 1374 aquarum
2682 1304 2877 1360 habeto
2931 1304 3100 1371 solos,
3163 1321 3269 1360 non
3337 1309 3404 1361 de
3465 1309 3646 1364 furata

374 1397 500 1462 ἰδία,
540 1398 614 1468 μὴ
644 1399 1015 1466 παραπίνοντι
1057 1401 1392 1470 κλοπιμαίας
1419 1399 1778 1468 γλυκύτητος,
1821 1417 1839 1450 ι
1870 1397 1946 1466 τῷ

2055 1399 2345 1455 dulcedine
2377 1398 2602 1462 bibens;
2631 1415 2648 1447 ι
2674 1406 2727 1451 et
2750 1399 2816 1451 de
2844 1397 3073 1451 nimium
3103 1401 3270 1454 divite
3299 1416 3312 1452 :
3339 1419 3355 1450 ι
3384 1399 3613 1454 Deriven
3633 1429 3648 1444 -

369 1491 429 1544 δὲ
444 1492 916 1563 εύπεριουσιάστῳ
936 1493 1016 1555 εἰς
1038 1494 1140 1546 ὑπε
1151 1493 1347 1564 ρόολὴν
1365 1493 1426 1546 τὸ
1451 1512 1470 1544 ι
1505 1491 1946 1562 ’Υπερεκχείσθω

2058 1498 2150 1546 tur
2182 1490 2365 1544 fontes
2404 1489 2481 1542 tui
2517 1499 2673 1542 extra
2726 1496 2932 1540 rectam
2985 1487 3230 1556 viam(5),
3255 1504 3417 1558 quam
3466 1492 3534 1544 ab
3566 1491 3648 1544 in-

370 1585 433 1636 τὸ
477 1585 535 1638 ὲν
583 1586 666 1636 σοὶ
707 1583 852 1655 ὕδωρ
879 1584 984 1650 ἔξω
1011 1585 1114 1654 τῆς
1148 1587 1425 1656 γραφικῆς
1462 1585 1608 1647 ὁδοῦ,
1651 1603 1670 1636 ι
1713 1585 1772 1637 ὃν
1803 1584 1946 1637 καὶὸ

2062 1583 2152 1636 vio
2193 1589 2247 1635 et
2295 1580 2517 1635 sitiente
2548 1578 2835 1648 distinguit
2885 1578 3194 1633 Psalmista.
3227 1578 3300 1632 lis
3329 1579 3421 1649 qui
3482 1593 3645 1648 regu-

375 1675 686 1745 Ψαλμῳδδς
713 1680 777 1746 τῇ
806 1677 992 1748 ἀϐάτῳ
1022 1679 1118 1731 καὶ
1138 1677 1352 1749 ἀνύδρῳ
1371 1676 1814 1731 ἁντιδιαστέλλει.
1845 1676 1946 1728 Kal

2064 1675 2164 1728 lari
2194 1673 2514 1742 irrigatione
2563 1673 2832 1739 indigent,
2871 1671 3078 1740 largum
3147 1671 3381 1724 rivulum
3441 1686 3648 1740 praepa-

377 1769 403 1817 ὁ
424 1765 557 1828 Θεὸς
583 1765 662 1828 εἰς
685 1766 909 1836 άμάραν
937 1768 1243 1838 πολύρρουν
1269 1769 1525 1836 τεχνᾶται
1547 1769 1656 1828 τοῖς
1682 1765 1954 1834 δεομένοις

377 1857 601 1928 ἀρδείας
633 1860 925 1929 κανονικῆς
946 1875 962 1890 ο
994 1858 1094 1922 ὡς,
1124 1861 1172 1912 εί
1206 1861 1279 1929 μή
1307 1876 1368 1926 γε
1397 1860 1569 1921 οῦτως
1594 1859 1953 1930 ὲξαπορῤἑειν

382 1949 566 2018 μέλλοι
630 1950 689 2000 τὸ
735 1949 834 2016 τῆς
885 1949 1277 2021 ύπερκτήσεως
1319 1950 1485 2018 ὕδωρ,
1525 1952 1772 2019 κρεῖττον
1815 1945 1882 2044 ἦν
1913 1952 1948 2020 ἢ

2064 1764 2200 1819 ravit
2258 1763 2443 1828 Deus;
2472 1762 2562 1816 ubi
2600 1761 2744 1815 enim
2804 1762 3092 1815 abundans
3139 1776 3279 1829 aqua
3315 1760 3484 1816 ﬂuere
3536 1779 3648 1815 non

2061 1858 2364 1921 debuisset,
2429 1855 2624 1908 melius
2678 1853 2901 1918 fuisset,
2964 1856 3077 1908 sia
3119 1853 3388 1922 principio
3446 1855 3646 1908 tunda~

2061 1961 2236 2007 menta
2298 1949 2572 2018 supposita
2601 1963 2707 2000 non
2747 1947 2998 2012 fuissent,
3029 1946 3111 2000 vel
3140 1947 3185 2001 si
3218 1947 3270 1999 in
3307 1947 3475 1999 altum
3529 1947 3645 2000 ele-

381 2042 519 2111 μηδὲ
548 2042 646 2108 τὴν
678 2043 851 2110 ἀρχὴν
886 2042 1118 2112 θεμέλια
1144 2044 1408 2113 ὀρυγῆναι
1436 2041 1714 2106 τοιαύταις
1745 2028 1946 2096 οἰκοδο-

2055 2055 2180 2097 rata
2235 2054 2394 2098 terrae
2449 2053 2622 2106 motu,
2681 2051 3002 2111 tempestate
3055 2051 3109 2097 et
3153 2041 3361 2097 coeleati
3401 2041 3527 2112 igne
3561 2040 3644 2094 di-

378 2133 598 2203 μαῖς,ἢ
648 2134 786 2187 άλλά
819 2134 1315 2204 τελεσφορηθείσας
1367 2153 1428 2188 εκ
1478 2135 1644 2204 μέσου
1700 2135 1949 2201 γενέσθαι

374 2227 638 2298 ἁρπυίαις
686 2227 779 2278 καὶ
810 2229 1051 2296 σεισμοῖς
1083 2230 1178 2279 καὶ
1206 2227 1334 2297 θείῳ
1377 2228 1528 2296 πυρί.

445 2318 544 2382 λζ’.
601 2320 664 2370 Τί
691 2321 798 2388 γὰρ
837 2322 1065 2389 κτητέον
1099 2323 1196 2374 καί
1235 2323 1556 2392 ὲπικτητέον
1599 2324 1678 2385 είς
1708 2324 1949 2393 πονηρὰν

373 2414 567 2482 κτῆσιν
605 2414 730 2474 τοὺς
770 2413 999 2478 εἰδότας,
1056 2415 1137 2467 ὅτι
1184 2415 1275 2467 καὶ
1309 2419 1376 2484 γῆ
1416 2415 1700 2484 μετάλλοις
1745 2417 1950 2484 τιμίοις

374 2503 679 2556 πλουτοῦσα
703 2505 765 2556 οὑ
805 2505 1020 2574 συνέχει
1064 2505 1202 2558 αῦτὰ
1237 2507 1316 2568 είς
1353 2507 1666 2576 ἐνδύμυχον,
1711 2505 1848 2558 ἀλλὰ
1881 2507 1949 2560 τὰ

377 2595 478 2664 μὲν
509 2594 776 2664 ὲπιπολῆς
811 2593 1047 2661 ἐξανθεῖ,
1089 2595 1164 2658 ὡς
1209 2598 1306 2650 καὶ
1337 2597 1624 2665 φαίνεσθαι
1659 2598 1757 2650 καῖ
1785 2596 1948 2652 συνά-

373 2686 567 2754 γεσθαι
595 2689 673 2748 εἰς
695 2688 891 2756 χρῆσιν
917 2688 1058 2758 ζωῆς
1077 2703 1091 2718 ·
1120 2688 1186 2741 τά
1209 2689 1266 2742 δὲ
1286 2690 1520 2759 κρύπτει
1550 2690 1668 2760 μὲν,
1693 2690 1947 2760 ἐμφαίνει

370 2782 429 2832 δὲ
466 2781 640 2843 ἄλλως
677 2783 734 2833 ὲν
763 2781 844 2850 τῷ
873 2782 1450 2850 πολυπραγμονεῖσθαι
1484 2783 1804 2854 βαθύτερον,
1854 2783 1950 2836 καὶ

371 2871 517 2924 οὓτω
559 2872 763 2925 διδόναι
791 2874 930 2926 αὐτὰ
972 2875 1362 2944 μεταλλευταῖς
1410 2879 1504 2930 ἐπὶ
1544 2876 1863 2946 οίκωφελίᾳ,
1899 2876 1948 2929 οῖ

373 2964 520 3018 καθά
551 2981 602 3017 τι
635 2966 763 3032 ὄψον
814 2967 984 3019 κόπου
1013 2969 1083 3020 τὰ
1131 2969 1397 3036 κερδαλέα
1427 2969 1801 3039 λαμϐάνουσι;
1839 2969 1949 3022 Καὶ

373 3057 580 3109 κοιλίαι
621 3057 678 3109 δὲ
733 3058 860 3126 γῆς,
913 3057 1104 3121 ὕδατος
1153 3066 1599 3131 μεμεστωμέναι,
1645 3061 1804 3115 ἄλλαι
1851 3061 1950 3131 μὲν

372 3149 767 3217 ἀνερεύγονται
794 3151 858 3203 τδ
893 3153 951 3203 ἑν
1000 3151 1192 3214 αὐταῖς
1225 3151 1392 3205 καλὸν
1422 3155 1502 3217 είς
1550 3153 1816 3223 ἐμφανὲς,
1854 3153 1949 3205 καὶ

371 3239 518 3294 οὕτω
565 3242 716 3313 κοινὴ
777 3242 1078 3305 ἀπόλαυσις
1127 3243 1486 3312 πρόκεινταιο
1537 3246 1756 3308 πλείους
1793 3245 1851 3299 δέ
1884 3261 1947 3312 γε

2056 2146 2177 2191 ruta
2222 2137 2475 2192 fuissent.

2123 2313 2214 2367 56.
2245 2312 2356 2368 Cur
2389 2313 2532 2366 enim
2567 2312 2771 2368 addent
2804 2327 2858 2369 et
2894 2314 3267 2385 superaddent
3299 2315 3350 2368 in
3409 2330 3636 2384 pravam

2054 2405 2485 2474 possessionem,
2537 2419 2645 2460 non
2701 2405 3013 2475 ignorantes
3081 2407 3338 2476 pretiosis
3401 2407 3642 2462 metallis

2053 2505 2254 2550 terram
2297 2498 2524 2551 ditatam
2578 2512 2639 2552 ea
2703 2498 2757 2550 in
2815 2498 3125 2553 Vtsceriitus
3164 2499 3292 2566 gnon
3328 2498 3636 2561 recludere,

2052 2587 2162 2644 imo
2210 2590 2454 2658 quaedam
2515 2589 2867 2645 extrinsecus
2927 2589 3170 2658 pateﬁeri
3237 2591 3452 2654 solere,
3513 2604 3638 2659 qua:

2053 2683 2472 2739 manifestantur
2499 2685 2640 2738 etin
2697 2699 2856 2738 usum
2906 2684 3025 2736 vita:
3077 2685 3412 2753 colliguntur
3443 2701 3457 2746 ;
3493 2697 3638 2752 quaa-

2052 2779 2175 2832 dam
2209 2794 2338 2833 vero
2373 2787 2576 2847 tegere.
2626 2787 2680 2833 et
2711 2779 2869 2832 aliter
2925 2777 3190 2847 proferre,
3253 2777 3473 2846 quando
3510 2777 3634 2831 fun-

2051 2869 2201 2925 ditus
2221 2873 2509 2933 evertitur,
2540 2886 2714 2939 eaque
2739 2870 3024 2939 profutura
3046 2870 3389 2925 universitati
3422 2871 3640 2923 tradere

2053 2965 2365 3028 metallicis,
2417 2965 2509 3032 qui
2564 2980 2628 3019 ea
2695 2965 2844 3018 lucra
2903 2980 3002 3034 pro
3065 2965 3420 3020 condimento
3481 2965 3636 3019 labo-

2051 3056 2128 3111 ris
2183 3057 2266 3110 sui
2301 3057 2608 3125 percipiunt
2636 3057 2657 3108 ἲ
2683 3056 2749 3112 Ει
2791 3056 3002 3111 viscera
3051 3067 3209 3113 terrae
3255 3074 3395 3127 aqua
3424 3058 3642 3127 repleta.

2052 3149 2214 3203 modo
2239 3150 2442 3203 bonum
2503 3164 2665 3203 suum
2730 3151 2796 3204 ad
2819 3160 2976 3206 extra
3007 3152 3368 3221 profundunt,
3421 3161 3474 3208 et
3509 3153 3634 3208 uni-

2051 3257 2226 3296 versas
2295 3253 2546 3313 prosunt,
2624 3251 2680 3297 et
2753 3244 2960 3312 saepius
3002 3259 3124 3298 eam
3203 3245 3257 3298 in
3306 3245 3638 3300 abscondito

375 3335 800 3404 συστελλόμεναι
836 3339 916 3397 είς
948 3337 1200 3406 κρύφιον,
1227 3339 1340 3400 τοῖς
1372 3339 1713 3408 φρεωρύχοις
1746 3340 1946 3409 ἀρετὴν

2057 3337 2174 3390 loco
2243 3337 2534 3406 colligunt,
2606 3335 3058 3406 fodientibusque
3130 3339 3265 3392 dant
3337 3339 3636 3394 utilitatem

1973 3387 2020 3451 C

373 3429 703 3499 παρέχουσι,
759 3431 1132 3499 δεξιουμένοις
1179 3433 1348 3494 αὑτὰς
1395 3433 1682 3501 τεχνικῶς,
1733 3432 1823 3484 καὶ
1864 3434 1945 3494 εἰς

2055 3443 2209 3482 suam
2281 3441 2398 3483 arte
2462 3430 2716 3484 haustam
2777 3439 2834 3484 et
2897 3430 3188 3485 adductam
3271 3432 3340 3485 ad
3420 3433 3638 3487 lucem.-

373 3521 492 3590 φῶς
523 3524 852 3592 προάγουσι.
891 3524 1002 3576 Καὶ
1029 3522 1173 3576 οὕτω
1206 3526 1323 3593 μὲν,
1352 3519 1396 3577 ὦ
1421 3527 1685 3594 ἡμέτεροι
1721 3525 1947 3594 μεγάλοι

369 3617 434 3666 ἐν
464 3616 576 3676 τοῖς
623 3608 723 3666 ὧδε
755 3616 1000 3685 μοναχοὶ,
1039 3616 1100 3667 οῦ
1133 3615 1254 3668 καθ’
1283 3616 1510 3676 ἑαυτοὺς
1562 3617 1746 3683 μέντοι
1774 3614 1947 3677 ἄλλως

375 3706 624 3776 μεγάλοι,
681 3706 818 3760 ἀλλὰ
875 3707 964 3761 διὰ
1009 3709 1108 3776 τὴν
1161 3707 1255 3760 τοῦ
1299 3707 1661 3776 εὐαγγελικοῦ
1707 3708 1946 3776 μεγάλου

372 3799 656 3865 περίθεσιν
688 3803 988 3869 σχήματος,
1013 3802 1201 3868 ὅμοιον
1217 3799 1274 3851 δὲ
1300 3802 1491 3866 εἰπεῖν,
1515 3801 1601 3852 διὰ
1627 3800 1687 3852 τὸ
1715 3818 1948 3870 προφαι-

371 3893 622 3960 νόμενον,
648 3893 1096 3960 περιουσιαστέον
1127 3892 1222 3944 καὶ
1255 3893 1398 3961 ὑμᾶς
1427 3891 1662 3962 ὕπερθεν
1694 3894 1823 3955 ἴσως
1852 3893 1948 3961 μὲ-

370 4002 538 4052 τρουο
570 3985 746 4046 ἄλλως
790 3983 847 4036 δὲ
888 3985 988 4037 οὐκ
1035 3985 1123 4037 ἄν.
1173 3986 1487 4056 Προμήθεια
1525 3988 1633 4056 γὰρ
1667 3986 1762 4037 καὶ
1810 3985 1947 4056 μόνη

369 4075 467 4128 τοῦ
493 4075 796 4146 μέλλοντος,
835 4079 930 4128 καὶ
970 4077 1105 4147 αὑτὴ
1143 4077 1384 4148 σταθερά
1415 4079 1511 4130 καὶ
1539 4076 1813 4146 θεοφιλὴς,
1847 4077 1946 4149 τὴν

371 4170 467 4220 τοῦ
499 4169 886 4232 πλεονάζοντος
915 4170 1177 4223 ἀπόθεσιν
1230 4171 1477 4241 συνιστᾷ,
1510 4171 1792 4240 χρησίμην
1825 4170 1946 4222 ὲσο-

375 4262 546 4331 μένην
571 4262 666 4315 καὶ
696 4264 1002 4329 ἀναγκαίαν
1029 4265 1088 4314 ἐν
1115 4263 1229 4325 τοῖς
1257 4265 1560 4317 εἰσέπειτα.
1591 4264 1768 4332 Ὅπερ
1791 4264 1850 4315 ὲν
1877 4265 1945 4335 τῇ

375 4354 612 4424 μεγίστῃ
642 4355 748 4406 τῶν
776 4357 984 4408 πόλεων
1006 4355 1242 4424 μάλιστα
1259 4356 1624 4426 ἑφωράσαμεν
1636 4355 1944 4426 οἰκονομίας

370 4447 517 4517 λόγῳ
547 4446 1029 4517 καταπράττεσθαι
1053 4465 1067 4478 ·
1103 4449 1236 4501 ὅπου
1280 4448 1628 4502 ἀποτίθενται
1665 4449 1766 4516 μὲν
1802 4449 1945 4501 καθά

372 4538 467 4590 καὶ
490 4540 545 4589 ὲν
587 4539 967 4604 εὐαγγελικοῖς
1015 4539 1283 4608 κοφίνοις,
1330 4539 1411 4592 ἔτι
1441 4539 1500 4592 δὲ
1529 4541 1625 4593 καὶ
1664 4541 1941 4610 σπυρίσιν,

373 4629 712 4700 ἐλλείμματα
741 4632 860 4703 Θεῷ
892 4633 1040 4700 φίλα,
1076 4632 1370 4702 εὐλογητοῦ
1392 4633 1557 4703 κόρου
1587 4633 1845 4702 λείψανα·
1877 4634 1940 4686 οὐ

2053 3518 2251 3574 Eodem
2308 3521 2492 3585 modo,
2529 3536 2560 3575 ο
2590 3521 2866 3586 monachi,
2902 3521 3051 3576 hisce
3083 3522 3250 3577 rebus
3279 3523 3480 3592 magni,
3521 3538 3634 3578 nou

2049 3621 2230 3668 tamen
2262 3629 2360 3684 per
2395 3613 2762 3684 vosmetipsos
2813 3615 3016 3684 magni,
3065 3613 3184 3682 sed]
3208 3629 3272 3670 eo
3301 3616 3448 3684 quod
3479 3630 3631 3686 mag-

2051 3722 2174 3762 nam
2220 3708 2490 3778 evangelii
2543 3707 2775 3762 formant
2839 3707 3118 3775 iuduistis,
3183 3709 3343 3778 quasi
3406 3710 3626 3765 dicatur

2048 3817 2112 3855 ex
2169 3816 2236 3856 eo
2267 3802 2414 3870 quod
2475 3810 2722 3872 apparet,
2779 3799 2938 3856 vobis
2999 3800 3140 3855 forte
3178 3817 3344 3872 supra
3403 3802 3628 3857 modum

2049 3895 2436 3949 abundandum
2470 3905 2594 3960 est;
2633 3895 2741 3948 alio
2772 3895 2955 3958 modo,
3013 3898 3258 3950 minime.
3323 3896 3448 3950 Sola
3478 3896 3626 3950 enim

2051 3987 2390 4056 providentia
2463 3986 2732 4056 temporis
2787 3985 2959 4040 futuri
3018 4001 3194 4055 eaque
3257 3998 3522 4041 constans
3573 3995 3630 4043 et

2052 4079 2304 4146 religiosa
2355 4079 2579 4133 divitem
2643 4080 2802 4132 docet
2852 4092 3120 4147 seponere
3176 4079 3323 4148 quod
3387 4079 3517 4132 utile
3571 4087 3629 4133 et

2051 4174 2426 4228 necessarium
2490 4171 2597 4226 erit
2641 4172 2695 4224 in
2744 4179 3048 4240 posterum.
3092 4170 3265 4236 Quam
3341 4172 3627 4240 dispensa-

2051 4267 2252 4321 tionem
2299 4268 2354 4318 in
2412 4264 2645 4318 maxima
2691 4262 2978 4317 civitatum
3021 4265 3328 4330 praesertim
3388 4265 3626 4320 vidimus

2048 4359 2320 4418 exerceri,
2375 4354 2464 4409 ubi
2500 4362 2841 4422 reponuntur
2889 4354 2945 4406 in
2985 4353 3242 4407 canistris
3271 4355 3628 4423 evangelicis,

2049 4466 2113 4504 ae
2144 4452 2196 4502 in
2229 4449 2436 4518 spei-tis
2483 4449 2786 4517 fragmenta
2826 4448 3171 4503 remanentia
3213 4457 3266 4503 et
3300 4447 3409 4502 De0
3445 4458 3625 4518 grata,

2047 4553 2210 4613 atque
2262 4542 2504 4612 reliquiae
2558 4542 2908 4597 abundantia:
2945 4543 3265 4598 benedictae.
3319 4541 3446 4598 Haec
3506 4545 3648 4598 inuu-

2047 4638 2219 4692 tiliter
2246 4680 2260 4703 ,
2317 4651 2426 4690 non
2466 4645 2692 4705 urgente
2723 4634 3076 4697 necessitate,
3128 4650 3236 4689 non
3286 4635 3626 4701 dividuntur,

369 4724 720 4777 δαπανῶνται
739 4725 792 4778 δὲ
819 4726 1050 4797 ἀχρείως
1077 4727 1153 4790 είς
1174 4726 1325 4778 οὐδὲν
1342 4726 1482 4788 δέον,
1505 4726 1620 4779 ἀλλ’
1644 4727 1732 4780 ὅτε
1754 4725 1944 4796 καιρὸς

2055 4733 2147 4788 sed
2177 4745 2300 4785 cum
2334 4730 2492 4784 adest
2529 4736 2742 4796 tempus
2773 4727 3164 4793 distribuendi,
3191 4727 3420 4782 collecta
3439 4728 3626 4782 omnia

372 4816 596 4869 καλεσει
628 4818 893 4888 δαπάιης,
929 4819 1308 4882 ὲξαντλοῦνται
1331 4821 1398 4872 τὰ
1421 4821 1735 4890 συνηγμένα
1757 4836 1772 4851 ο
1801 4817 1942 4872 ὥστε

371 4909 406 4978 ἢ
437 4908 613 4978 ψυχάς
643 4910 916 4972 πεινώσας
948 4911 1226 4980 ἐμπλῆσαι
1259 4910 1464 4980 ἀρτων,
1499 4916 1592 4964 καὶ
1623 4914 1682 4964 ὲν
1707 4912 1943 4984 ἡμέραις

371 5002 634 5071 χορτάσαι
687 5003 870 5071 λιμοῦ,
921 5003 952 5074 ἦ
992 5004 1132 5056 κατὰ
1184 5002 1561 5073 αἰχμαλωσίας
1600 5003 1829 5073 ῥυῆναιο
1866 5003 1942 5066 ὡς

371 5094 692 5166 παρασύραι
729 5098 829 5166 μὲν
861 5099 1002 5151 κατὰ
1035 5097 1374 5163 δοιυλώσεως,
1405 5097 1860 5167 ἀποκαταστῆσαι
1892 5097 1949 5150 δὲ

371 5187 500 5250 τοὺς
531 5188 1056 5259 ἠχμαλωτισμένους
1080 5192 1161 5253 είς
1187 5191 1248 5242 τὸ
1277 5191 1590 5260 ἐλευθέριον
1617 5204 1630 5219 ⁸
1660 5191 1692 5261 ἢ
1730 5193 1950 5243 ἀντικα-

372 5279 634 5347 ταστῆναι
667 5283 844 5352 χρόνῳ
892 5282 1180 5352 ὲγχανόντι
1226 5284 1369 5336 κατὰ
1400 5284 1500 5354 τῆς
1533 5283 1724 5353 μονῆς,
1755 5282 1790 5352 ἢ
1816 5281 1948 5336 ἄλλο

370 5387 424 5420 τι
450 5371 702 5441 ἐνάρετον
740 5372 1212 5445 καταπράξεσθαι.

446 5486 545 5550 λζ’.
571 5489 810 5561 Τοιούτῳ
840 5491 896 5543 δέ
921 5509 1024 5544 τινι
1054 5492 1200 5563 λόγῳ
1233 5493 1356 5564 δίχα
1389 5494 1602 5548 πολλῶν
1630 5494 1832 5559 ἄλλων,
1865 5495 1933 5550 δι’

370 5571 446 5630 ῶν
476 5579 545 5630 τά
574 5581 718 5631 κατα
771 5583 977 5652 κόσμον
1029 5583 1366 5652 συνίσταται,
1403 5588 1500 5638 καὶ
1551 5585 1628 5657 τῷ
1664 5588 1938 5658 Δαυῖτικῷ

448 5756 526 5828 (5)
556 5758 843 5832 Nescimus
900 5775 1138 5828 quonam
1169 5761 1583 5829 Scripturarttm
1647 5763 1946 5832 exemplari

377 5845 513 5882 usus
537 5833 610 5884 sit
640 5831 962 5882 Eustathius
990 5846 1004 5892 ;
1042 5833 1310 5902 su:__e|titu
1355 5834 1556 5884 habent
1590 5831 1948 5902 Septuaginta

377 5904 447 5953 ad
483 5903 630 5956 hunc
659 5902 874 5956 locum:
904 5900 1174 5966 tl’rov.\",
1218 5901 1277 5957 t7
1319 5920 1330 5955 :
1371 5901 1510 5954 Fons
1541 5921 1695 5972 aqua:
1726 5900 1828 5958 tua}
1874 5916 1945 5958 stt

2051 4826 2451 4883 exhauriuntur
2511 4823 2626 4879 sive
2662 4823 2729 4876 ad
2791 4821 3006 4876 animas
3051 4819 3334 4875 famelieas
3392 4821 3627 4890 panibus

2053 4918 2405 4983 saturandas,
2468 4915 2534 4970 ad
2574 4915 2758 4969 cibum
2827 4923 3076 4984 tempore
3129 4912 3314 4978 fatuis,
3374 4915 3494 4969 sive
3547 4915 3624 4968 ad

2052 5010 2387 5083 erogandum
2459 5009 2718 5078 captivis,
2771 5008 2920 5062 verbi
2981 5007 3178 5076 gratia,
3216 5009 3282 5060 ad
3333 5006 3626 5060 minuenda

2052 5105 2196 5158 mala
2253 5101 2613 5172 captivitatis,
2667 5101 2738 5153 ad
2763 5114 2955 5156 servos
3020 5100 3275 5154 libertate
3307 5098 3622 5160 donandos,

2050 5202 2144 5249 aut
2200 5195 2268 5248 ad
2323 5193 2759 5249 subveniendqu
2804 5193 3140 5247 monasterio
3195 5190 3420 5260 penuria
3459 5189 3623 5241 adve.

2050 5289 2253 5353 niente,
2295 5288 2411 5343 sive
2468 5287 2535 5341 ad
2589 5286 2737 5340 aliud
2788 5286 2918 5356 quid
2951 5288 3154 5337 bonum
3208 5283 3620 5352 perliciendum.

2121 5496 2208 5551 57.
2243 5496 2443 5550 Eadem
2471 5495 2705 5556 ratione,
2757 5489 2976 5546 omissis
3017 5487 3207 5542 multis
3251 5485 3374 5540 aliis
3425 5489 3625 5556 quibus

2049 5587 2337 5644 mundanae
2369 5601 2454 5640 res
2485 5593 2764 5654 reguntur,
2799 5584 2851 5635 in
2904 5583 3162 5636 thesauro
3197 5578 3418 5633 Davidis
3452 5581 3622 5634 multa

2060 5766 2153 5818 tibi
2187 5765 2462 5834 proprius,
2490 5782 2506 5812 ›
2536 5771 2626 5834 ett
2665 5760 2730 5814 l6
2761 5779 2775 5818 :
2811 5759 2927 5815 Non
2957 5759 3483 5834 supereﬂ‘undantur
3514 5761 3612 5816 tibi

2060 5833 2212 5904 aqum
2236 5845 2387 5890 extra
2415 5842 2565 5886 luttm
2593 5833 2824 5887 fontem.
2858 5852 2875 5884 ι
