3884 6244
339 382 448 445 7:39

1053 379 1471 443 EUSTATHII
1511 370 2276 438 THESSALONICENSlS
2321 371 2478 431 MET
2490 369 2887 432 ROPOLITJE

3498 371 3601 433 760

347 476 466 530 auri
501 475 702 530 talenta
729 474 1010 530 recondita
1047 481 1196 528 sunt.
1229 471 1550 525 Celebratur
1578 469 1740 522 etiam
1772 480 1926 535 egre-

2037 463 2287 532 μνήματι
2353 463 2592 518 τάλαντα
2672 465 3020 535 ὲγκέκρυπτο
3086 464 3315 534 χρυσίου
3377 463 3596 517 πολλοῦ.

343 571 432 640 gia
485 569 574 623 illa
621 583 910 632 crumena,
967 566 1069 621 etsi
1129 564 1438 619 laudandus
1477 577 1584 615 non
1627 559 1789 614 fuerit
1827 557 1925 614 Ju-

343 659 466 723 das,
505 658 598 728 qui
627 672 746 710 eam
781 655 1057 726 portabat.
1099 654 1354 708 Altamen
1401 649 1695 704 concilium
1741 646 1923 701 senio-

340 770 460 809 rum
501 753 859 822 apostolicum
886 749 1178 804 admodum
1222 747 1592 815 eleemosynas
1624 743 1772 811 large
1795 755 1924 794 ero-

345 856 498 918 gatas
525 844 770 899 amabat.
817 844 1106 912 Propterea
1158 853 1418 893 concessa
1472 846 1557 890 est
1607 833 1709 888 ista
1750 833 1924 887 abun-

341 935 552 994 dantia,
613 934 758 987 sicut
817 932 870 985 in
925 929 1165 998 templis,
1219 940 1474 982 vasorum
1536 937 1815 978 sacrorum
1870 931 1925 976 et

337 1028 574 1081 aliarqu
609 1041 791 1080 rerum
827 1038 1060 1092 magnus
1100 1035 1386 1076 numerus.
1426 1019 1501 1073 Ea
1543 1031 1674 1070 vero
1707 1017 1762 1070 in
1800 1015 1921 1072 sinu

341 1119 732 1173 monachorum
783 1117 856 1170 ita
902 1117 1204 1168 recondere
1257 1120 1315 1165 ut
1369 1109 1776 1164 abscondantur
1822 1107 1923 1160 im-

341 1225 475 1279 pura
510 1218 563 1262 et
598 1207 708 1260 Deo
744 1206 918 1259 invisa
961 1204 1086 1274 quis
1122 1201 1479 1271 probaverit?
1523 1201 1714 1270 quales
1767 1198 1922 1252 sinus

339 1303 482 1372 apud
545 1315 643 1355 nos
690 1299 940 1351 videmus
991 1294 1330 1364 plenitudine
1370 1308 1629 1347 manuum
1681 1301 1924 1362 tempore

341 1395 536 1448 messis
565 1431 579 1455 ,
632 1400 686 1444 et
726 1390 894 1458 spicis
946 1388 1158 1442 collatis
1205 1389 1306 1455 (ut
1352 1385 1590 1455 loquar‘
1638 1397 1762 1436 cum
1820 1383 1927 1435 Da.

338 1485 484 1556 vide)
537 1482 845 1536 cumulatas
887 1479 1198 1544 immodice,
1257 1477 1418 1547 idque
1480 1475 1620 1545 apud
1670 1475 1922 1531 homines

338 1575 488 1646 parvi
528 1572 812 1626 momenti.

412 1751 502 1805 38.
537 1748 721 1804 Nonne
743 1747 886 1802 enim
917 1746 1166 1801 norimus
1200 1745 1448 1799 homines
1471 1744 1576 1798 vile
1603 1743 1920 1810 subtegmen

2039 556 2324 625 ’Υμνεῖται
2353 557 2412 608 δὲ
2465 556 2560 610 καὶ
2592 557 2982 626 γλωσσόκομον
3015 559 3193 610 έκεῖνο
3225 557 3395 610 καλὸν
3440 558 3522 620 ὃν,
3553 559 3602 610 εί

2027 647 2125 702 καὶ
2165 649 2192 700 ὁ
2229 647 2517 718 βαστάζων
2554 649 2687 702 αὐτὸ
2715 649 2926 713 Ἰούδας
2957 650 3017 703 οὐ
3052 649 3216 712 καλὸς
3247 645 3337 719 ἧν.
3383 650 3604 716 Ἡγάπα

2025 739 2082 794 δὲ
2128 740 2226 792 καὶ
2267 742 2300 810 ὴ
2342 741 2680 810 ἀποστολικὴ
2712 742 2976 813 γερουσία
3013 744 3111 804 τὰς
3143 741 3604 814 επὶὲλεημοσύνῃ

2027 831 2308 902 ἀρκούσας
2330 835 2669 904 προσφοράς.
2705 833 3134 904 Συγκεχώρηται
3165 829 3261 887 οὖν
3301 833 3391 885 διὰ
3427 833 3605 886 ταῦτα

2029 925 2124 977 καὶ
2152 925 2214 977 τὸ
2247 926 2496 980 τοιοῦτον
2545 927 2918 996 περίσσευμα.
2956 927 3099 980 καθὰ
3139 927 3237 980 καὶ
3275 927 3334 978 ὲν
3365 927 3540 995 ίεροῖς
3571 928 3604 995 ἡ

2025 1017 2135 1068 τῶν
2159 1015 2335 1084 ἁγίων
2363 1017 2579 1070 σκευῶν
2608 1019 2704 1070 καί⁵
2732 1017 2942 1071 λοιπῶν
2974 1019 3223 1088 κτήσεων
3247 1019 3602 1089 περιττότης.

2026 1106 2264 1169 Κόλποις
2322 1107 2380 1160 δὲ
2417 1111 2736 1177 μοναχικοῖς
2774 1109 2917 1170 ίδίως
2948 1107 3296 1178 ὲμφωλεύειν
3325 1106 3493 1167 αὐτὰ,
3531 1106 3608 1167 ὡς

2027 1200 2121 1253 καὶ
2150 1201 2455 1252 νεοττεύειν
2503 1200 2798 1268 ἀκάθαρτα
2848 1199 2948 1253 καὶ
2974 1200 3052 1267 τῷ
3089 1199 3209 1270 Θεῷ
3248 1199 3605 1268 inpos-popa,

2025 1289 2111 1352 τίς
2170 1289 2238 1342 ἂν
2288 1291 2774 1358 γνωματεύσειεν;
2817 1291 3036 1354 ὁποίους
3091 1291 3325 1354 κόλπους
3385 1292 3445 1342 ὲν
3495 1292 3608 1351 τοῖς

2031 1380 2154 1434 καθ’
2181 1383 2332 1451 ἡμᾶς
2365 1382 2603 1452 ὁρῶμεν,
2640 1382 2750 1434 ἀπὸ
2798 1382 2998 1452 χειρῶν
3050 1381 3388 1451 κληρώσεως
3425 1382 3484 1434 ἑν
3515 1381 3606 1432 θε-

2031 1471 2214 1541 ρισμῷ
2260 1475 2354 1525 καὶ
2402 1472 2668 1544 συλλογῆς
2718 1473 3054 1542 δραγμάτων
3097 1471 3428 1542 (summa;
3467 1471 3607 1538 ερρά⁴

2031 1565 2144 1630 σαι)
2199 1562 2631 1632 ἑξογκουμένους
2679 1566 2759 1626 εἰς
2808 1565 3173 1633 ὑπέρμετρον,
3207 1561 3508 1615 καὶταῦτα
3549 1563 3606 1613 ἐν

2027 1654 2255 1724 ἀνδράσι
2291 1654 2487 1725 μικροῦ
2516 1655 2949 1724 ήμιωὸολιαίοις.

2103 1747 2204 1815 λη’.
2235 1743 2313 1798 Ἦ
2343 1737 2450 1816 γὰρ
2504 1747 2606 1800 οὐκ
2651 1747 2876 1817 οῐδαμεν
2923 1747 3144 1818 ἄνδρας,
3171 1748 3299 1808 τοὺς
3328 1746 3429 1816 μὲν
3459 1745 3610 1798 ἱστὸν

338 1851 628 1905 terentes,
682 1839 884 1909 vixque
943 1853 1042 1906 pro
1127 1838 1333 1891 laboris
1417 1835 1596 1903 pretio
1667 1849 1922 1888 nummos

2032 1840 2357 1908 ὑφαίνοντας
2392 1839 2578 1906 ὀλίγου
2627 1840 2962 1909 τιμώμενον,
3005 1840 3100 1891 καὶ
3141 1839 3302 1908 μόγις
3350 1837 3420 1890 δι’
3469 1837 3610 1907 ὴμέ-

341 1936 396 1989 in
429 1934 681 1987 manibus
717 1931 961 2002 quotidie
991 1939 1359 1998 reportantes,
1417 1927 1683 1997 quosdam
1749 1933 1928 1980 vestes

340 2027 673 2089 reﬁcientes,
717 2032 812 2078 aut
848 2039 922 2077 ass
980 2022 1294 2085 tundentes,
1363 2028 1454 2074 aut
1495 2026 1760 2089 ponentes
1806 2027 1926 2071 ten-

342 2116 480 2170 toria
516 2157 531 2182 ,
600 2115 739 2169 alios
817 2129 944 2167 vero
1012 2114 1181 2183 pelles
1238 2111 1487 2180 cujusvis
1537 2109 1755 2180 generis
1818 2119 1928 2159 tra-

343 2219 584 2273 ctantes,
621 2218 676 2263 et
711 2209 852 2262 alios
895 2223 994 2277 pro
1044 2207 1256 2260 modica
1302 2204 1490 2259 hordei
1545 2217 1723 2256 massa
1781 2216 1927 2255 mare

336 2311 680 2368 everrentes,
749 2301 936 2370 plures
987 2300 1154 2353 etiam
1215 2297 1520 2360 mendicos,
1587 2293 1925 2363 proindeque

339 2393 665 2449 maleﬁcos?
719 2391 930 2456 Quibus
1004 2390 1234 2444 addendi
1289 2397 1419 2442 sunt
1477 2388 1720 2441 homines
1787 2387 1925 2454 qui,

341 2488 537 2544 furatis
570 2487 734 2541 rebus
764 2485 936 2539 sacris
997 2491 1050 2536 et
1122 2482 1265 2546 aliis,
1332 2482 1472 2534 hanc
1543 2479 1736 2532 urbem
1791 2478 1923 2546 quia

341 2580 625 2633 molestam
655 2577 1013 2643 reliquerunt,
1056 2573 1364 2641 oculosque
1394 2573 1447 2626 in
1478 2572 1625 2625 hunc
1683 2581 1924 2626 montem

339 2677 762 2730 converterunt,
829 2675 923 2720 aut
983 2664 1148 2718 alium
1205 2664 1351 2717 circa
1405 2663 1559 2729 'nos,
1617 2663 1708 2718 ubi
1771 2672 1926 2714 antea

339 2761 634 2817 elucebant
679 2759 856 2813 virtus
911 2768 965 2812 et
1021 2756 1284 2826 dignitas,
1342 2770 1486 2810 nunc
1541 2763 1725 2810 autem
1793 2767 1930 2807 con-

341 2855 511 2908 traria
537 2870 553 2918 ;
587 2853 790 2922 quique
813 2865 910 2920 per
932 2849 1170 2919 speciem
1207 2849 1404 2902 anime
1433 2860 1713 2901 conversae
1740 2853 1792 2898 et
1819 2844 1929 2898 sal-

342 2945 532 2998 vanda:
575 2957 828 2998 nummos
870 2947 1239 3010 acceperunt;
1293 2939 1544 2993 homines
1597 2938 1713 2991 sive
1749 2937 1924 3001 nihili,

341 3039 458 3093 sive
501 3033 898 3105 peccaminosi,
951 3047 1183 3103 quorum
1231 3045 1426 3084 manus
1468 3029 1654 3093 hodie,
1699 3038 1757 3082 ut
1818 3043 1924 3081 non

339 3128 589 3191 decebat,
628 3138 729 3178 nec
753 3123 1059 3192 oportebat,
1099 3121 1401 3188 replentur.
1449 3117 1569 3172 Non
1635 3119 1924 3187 oportebat

339 3218 583 3289 quidem,
612 3217 738 3286 quia
768 3213 943 3284 pridie
973 3227 1261 3282 pauperes,
1313 3211 1474 3264 hodie
1542 3210 1657 3265 ﬁeri
1719 3226 1924 3280 paupe-

343 3314 516 3368 riores
547 3324 772 3366 necesse
820 3315 1070 3373 est;non
1117 3305 1370 3371 decebat,
1429 3307 1578 3375 quia,
1610 3315 1672 3360 ut
1720 3307 1924 3360 dictum

339 3413 444 3470 est,
479 3413 699 3476 propter
722 3402 1114 3456 abundantiam
1145 3414 1426 3465 manuum,
1483 3399 1651 3469 pedes
1683 3401 1738 3454 in
1769 3401 1927 3454 mali-

2034 1949 2134 2002 ρας
2184 1931 2642 2001 ἀποφερομένους
2675 1931 2871 1999 κέρδος
2904 1930 3000 1983 τοῦ
3031 1931 3284 2000 καμάτου
3319 1928 3608 1999 νούμμους

2031 2023 2461 2094 εὐαριθμήτους,
2492 2023 2620 2085 τοὺς
2649 2023 2707 2075 δὲ
2742 2023 2933 2089 ἱμάτια
2969 2023 3275 2092 ῥάπτοντας
3298 2059 3314 2084 ,
3345 2021 3376 2090 ἢ
3404 2020 3608 2089 χαλκὸν

2031 2115 2537 2188 κατακροτοῦντας,
2571 2117 2605 2186 ἢ
2642 2117 2852 2185 σκηνὰς
2899 2115 3341 2185 καταρτύοντας,
3379 2115 3607 2185 ἐτέρους

2028 2209 2085 2262 δὲ
2152 2209 2571 2279 σκευωροῦντας
2621 2211 2850 2260 παντοῖα
2907 2208 3196 2278 δέρματα,
3259 2209 3357 2261 καὶ
3410 2206 3608 2269 ἄλλους

2027 2301 2322 2373 όχλοῦντας
2369 2301 2470 2372 τὴν
2500 2301 2776 2356 θάλασσαν
2827 2301 2924 2353 ἐπὶ
2977 2301 3280 2370 ὀλιγίστοις
3328 2300 3604 2369 ἀλφίτοιςο

2027 2393 2260 2456 πολλοὺς
2305 2393 2363 2446 δὲ
2397 2393 2504 2446 ,καί⁵
2547 2393 2875 2463 αὐτόχρημα
2915 2392 3167 2456 ὲπαίτας,
3207 2392 3302 2445 καὶ
3353 2391 3424 2445 δι’
3474 2392 3611 2444 αὐτὸ

2029 2486 2404 2556 κακούργους;
2437 2480 2533 2549 Οἷς
2564 2486 3047 2556 προσενΘυμητέον
3079 2489 3174 2539 καὶ
3202 2487 3330 2547 τοὺς
3369 2486 3428 2551 ἐξ
3458 2485 3610 2556 ἱερο-

2030 2579 2218 2643 συλίας
2247 2580 2343 2632 καὶ
2373 2580 2572 2646 λοιπῆς
2594 2579 2898 2650 κλεπτικῆς
2930 2579 3030 2649 τὴν
3072 2580 3171 2649 μιν
3209 2578 3367 2630 πόλιν
3396 2578 3608 2642 ταύτην

2027 2671 2444 2740 ἀπειπαμένους
2470 2669 2547 2732 ὡς
2572 2669 2854 2741 δύσεργον,
2885 2670 3127 2739 ἄραντας
3153 2669 3209 2722 δὲ
3243 2669 3371 2731 τοὺς
3397 2667 3606 2736 ὀφθαλ-

2032 2762 2166 2829 μοὺς
2213 2763 2294 2823 είς
2341 2760 2471 2830 ὅρος
2526 2761 2688 2814 τοῦτο
2736 2762 2833 2816 καὶ
2870 2763 3051 2814 έκεῖνο
3093 2761 3190 2814 καὶ
3215 2760 3345 2814 ἄλλο
3371 2761 3440 2812 τὰ
3473 2760 3609 2829 ’περὶ⁹

2028 2853 2196 2922 ἡμᾶς,
2247 2853 2377 2906 ἔνθα
2429 2853 2598 2907 πάλαι
2655 2856 2755 2924 μὲν
2803 2855 3114 2924 ὲνέλαμπεν
3143 2856 3177 2924 ἡ
3205 2853 3379 2923 ἁρετὴ
3415 2853 3515 2903 καὶ
3541 2852 3608 2904 τὸ

2029 2946 2244 2997 ἐκεῖθεν
2275 2945 2488 3016 τίμιον,
2511 2946 2608 2998 νῦν
2636 2947 2692 2999 δὲ
2719 2946 2788 3000 τὰ
2833 2946 3094 3016 ἔμπαλιν
3135 2945 3232 2999 καὶ
3265 2946 3363 3015 τὴν
3391 2944 3609 2996 ἐκεῖθεν

2029 3037 2283 3106 βοήθειαν
2319 3040 2938 3108 πραγματευσαμένους
3000 3037 3070 3089 τά
3122 3055 3184 3105 γε
3239 3039 3321 3100 εἰς
3378 3035 3608 3104 δόκησιν

2028 3130 2123 3180 ἐπὶ
2161 3129 2408 3200 σωτηρίᾳ
2468 3129 2650 3199 ψυχῆς
2709 3132 2804 3182 καὶ
2842 3129 3134 3199 ἀπαλλαγῇ
3173 3130 3302 3190 τοὺς
3357 3128 3460 3197 μὲν
3498 3143 3608 3195 μα·

2026 3225 2181 3274 ταίου
2209 3221 2352 3290 βίου,
2385 3224 2514 3276 τοὺς
2546 3222 2605 3273 δὲ
2637 3223 2730 3274 καὶ
2756 3221 3104 3291 ὲφαμάρτου,
3129 3223 3224 3274 καὶ
3257 3219 3356 3272 νῦν
3383 3220 3602 3287 πεπληο

2028 3315 2258 3382 σμένους
2293 3314 2395 3375 τὰς
2426 3317 2637 3383 χεῖρας,
2668 3307 2744 3366 ὧν
2790 3315 2914 3366 οὔτε
2961 3315 3153 3382 ἐχρῆν,
3197 3313 3325 3365 οὔτε
3378 3312 3606 3382 πρέπει.

2026 3407 2140 3459 Οὐκ
2172 3405 2342 3474 ἐχρῆν
2375 3407 2496 3476 μὲν,
2530 3408 2610 3460 ὅτι
2637 3408 2759 3460 δέον
2801 3408 2942 3468 ἐστὶ,
2969 3407 3097 3470 τοὺς
3119 3405 3314 3476 πρώην
3358 3407 3609 3474 ἀκτημο-

341 3499 469 3551 tiam
505 3496 784 3559 feruntur,
816 3501 871 3547 et
907 3492 1156 3546 laborant
1180 3491 1236 3543 in
1268 3491 1352 3543 his
1400 3504 1522 3558 quae
1588 3490 1704 3544 odit
1761 3491 1923 3545 Deus.

2032 3497 2254 3561 νοῦντας
2288 3501 2368 3559 εἰς
2397 3499 2563 3551 πλέον
2603 3501 2731 3570 ἄρτι
2763 3500 3039 3563 τοιούτους
3077 3495 3245 3552 εἶναι·
3294 3499 3356 3551 ού
3399 3498 3610 3569 πρέπει

343 3590 456 3644 Hos
500 3587 677 3642 forum
711 3587 916 3654 saepius
966 3598 1132 3653 quam
1183 3583 1680 3637 ecclesiasticarum
1745 3591 1922 3640 emtas

2032 3587 2105 3651 δὴ,
2147 3587 2230 3639 ὅτι
2281 3587 2372 3640 διὰ
2404 3590 2488 3653 τὸ,
2523 3588 2600 3652 ὡς
2633 3590 2860 3659 ἐρρέθη,
2919 3590 3196 3659 πλήρωμα
3257 3587 3369 3640 τῶν
3400 3587 3608 3657 χειρῶν

343 3679 652 3745 conspicit;
697 3676 802 3744 ipsi
838 3674 1098 3727 libentius
1135 3674 1527 3728 monasterium
1585 3688 1748 3743 quam
1806 3675 1922 3744 pla-

2032 3681 2079 3732 οί
2108 3679 2267 3742 πόδες
2317 3682 2505 3742 αὐτοῖς
2538 3683 2618 3741 είς
2669 3681 2876 3735 κακίαν
2960 3683 3253 3750 τρέχοντες
3311 3680 3607 3733 πονοῦνται

343 3779 463 3823 teas
522 3768 857 3835 relinquunt.
917 3763 1028 3818 Hos
1077 3763 1338 3818 simulare
1400 3765 1754 3820 solitudinem
1812 3781 1916 3820 non

2036 3772 2166 3840 περὶ
2206 3771 2276 3822 τὰ
2317 3770 2392 3840 μὴ
2425 3771 2504 3838 τῷ
2542 3769 2663 3838 Θεῷ
2698 3770 2850 3838 φίλα.
2895 3770 3225 3840 Συχνότερον
3270 3769 3382 3838 γὰρ
3415 3769 3608 3837 βλέπει

345 3859 657 3930 oportebat,
698 3858 792 3912 sed
826 3866 1243 3926 perseveranter
1291 3857 1532 3926 quietam
1581 3857 1741 3910 vitam
1777 3857 1924 3927 jugi-

2032 3862 2259 3926 τούτους
2298 3863 2330 3931 ἡ
2365 3861 2544 3932 ἀγορὰ
2576 3904 2590 3927 ,
2620 3863 2766 3933 ἥπερ
2798 3863 2858 3916 τὸ
2909 3863 3369 3932 ἐκκλησιαστικὸν
3421 3861 3607 3933 ἄθροι-

345 3965 430 4005 ter
458 3951 682 4014 ducere,
719 3965 818 4005 nec
845 3949 1183 4018 spiritualom
1211 3948 1667 4017 tranquillitatem
1698 3947 1924 4016 lingere,

2033 3970 2172 4021 σμα·
2206 3953 2256 4006 οἳ
2292 3954 2388 4007 καὶ
2425 3953 2623 4007 Θᾶττον
2653 3953 2717 4008 ἂν
2746 3953 3125 4019 ἀπολέεωνται
3173 3953 3432 4023 μονάζειν
3464 3956 3608 4024 ἥπερ

347 4059 445 4098 nec
477 4059 541 4097 ex
577 4057 638 4096 ea
671 4056 832 4095 causa
872 4039 1187 4109 agitationis
1217 4041 1507 4110 plusquam
1541 4046 1758 4109 oportet
1785 4041 1926 4093 acci-

2035 4048 2358 4116 ἀγοράζειν.
2415 4049 2524 4102 Καὶ
2587 4048 2693 4118 μὴν
2749 4048 2856 4100 ἔδει
2906 4049 3032 4110 τοὺς
3065 4048 3343 4111 τοιούτους
3371 4049 3448 4118 μὴ
3473 4048 3608 4118 ψεύο

343 4151 491 4219 pere,
521 4133 666 4203 quod
697 4147 792 4204 per
817 4132 1004 4201 jocum
1035 4133 1246 4186 dictum
1270 4131 1362 4186 sit.

2043 4138 2234 4192 δεσθαι
2267 4141 2367 4209 τὴν
2403 4139 2572 4208 μονὴν
2592 4177 2608 4205 ,
2641 4139 2781 4192 ἀλλὰ
2820 4138 3080 4208 μένοντας
3115 4141 3350 4209 ἠρεμεῖν
3381 4141 3452 4192 τὰ
3483 4142 3608 4194 πο).

343 4230 435 4291 λέι,
485 4229 579 4281 καὶ
619 4231 694 4296 μὴ
745 4225 1066 4294 σοφίζεσθαι
1113 4228 1214 4295 τὴν
1247 4225 1626 4295 πνευματικὴν
1657 4226 1912 4296 ἡσυχίαν,
1959 4229 2097 4298 μηδὲ
2157 4233 2337 4282 ποιεῖν
2389 4231 2560 4299 αὐτὴν
2606 4229 2784 4300 ἀρχὴν
2836 4228 2932 4281 τοῦ
3028 4231 3345 4290 κινεῖσθαι,
3419 4229 3549 4298 παρ’
3581 4229 3608 4282 ὅ

342 4327 447 4390 δεῖ,
490 4328 549 4378 ὲν
591 4323 670 4392 τῷ
722 4321 1094 4391 παρακούειν,
1167 4321 1411 4390 ἠρεμίαν
1462 4322 1830 4392 προηγεῖσθαι
1895 4323 2080 4393 πάσης
2170 4329 2480 4394 κινήσεως,
2553 4326 2640 4380 ενα
2695 4343 2750 4378 τι
2801 4324 3072 4391 καὶπρὸς
3119 4324 3419 4395 ἱλαρότητα
3447 4326 3610 4393 φθέγ-

345 4422 546 4488 ξωμαι.

417 4513 506 4568 39.
528 4513 749 4567 Manere
785 4509 974 4579 jussus
1007 4525 1091 4574 es,
1121 4526 1154 4563 ο
1182 4512 1470 4574 monache,
1506 4520 1559 4566 et
1609 4513 1689 4566 sic
1742 4513 1924 4582 philo-

2099 4508 2198 4562 λε’.
2228 4508 2427 4562 Μένειν
2459 4506 2716 4578 ἐτάχθης.
2747 4499 2793 4560 ὦ
2828 4504 3056 4574 μοναχὲ,
3104 4506 3200 4558 καὶ
3256 4503 3409 4557 οὕτω
3459 4503 3608 4572 φιλο-

346 4605 592 4672 sophari,
624 4617 734 4655 non
765 4609 970 4667 tamen,
1011 4616 1166 4656 more
1197 4603 1705 4672 Peripateticorum,
1757 4605 1839 4657 ire
1885 4613 1926 4656 e4

2036 4605 2248 4671 σοφείν,
2275 4601 2336 4652 οὑ
2375 4600 2484 4669 μὴν
2518 4597 2970 4666 περιπατητικῶς
3005 4596 3471 4665 ἀναστρέφεσθαι.
3496 4596 3606 4649 Μόο

346 4694 568 4758 redire;
603 4701 787 4761 partes
823 4691 921 4745 tibi
951 4691 1269 4746 ceciderunt
1301 4695 1354 4746 in
1389 4695 1670 4763 praeclaris
1701 4711 1715 4747 :
1745 4710 1926 4748 mona‘

2035 4711 2196 4764 νιμος
2248 4693 2442 4760 ἔλαχες
2477 4687 2619 4744 εἶναι
2656 4690 2949 4759 Θειότερον·
2987 4689 3047 4740 οὐ
3099 4689 3207 4758 μὴν
3241 4687 3608 4756 μεταϐατικδς

346 4787 486 4840 chus
515 4783 694 4838 factus
751 4799 830 4851 es,
900 4784 1011 4837 noli
1053 4795 1234 4839 autem
1274 4784 1553 4853 transfuga
1582 4785 1634 4838 in
1671 4785 1934 4840 mundum

348 4877 546 4931 reverti
575 4885 630 4929 et
657 4875 969 4929 conversari
1011 4876 1062 4928 in
1111 4877 1337 4939 mundo,
1390 4885 1447 4930 et
1481 4877 1624 4931 inter
1680 4892 1778 4932 eos
1840 4875 1932 4947 qui

346 4977 480 5023 sunt
511 4967 651 5036 ejus.
681 4965 791 5021 Cur
822 4982 954 5037 ergo
999 4967 1196 5022 iterum
1271 4968 1567 5021 reverteris
1625 4967 1692 5021 ad
1754 4970 1928 5023 eum?

343 5061 552 5117 lnsitns
583 5075 642 5113 es
676 5061 767 5114 ubi
791 5059 944 5115 luisti
981 5060 1290 5122 ordinatus,
1324 5069 1379 5112 et
1443 5060 1671 5114 insertio
1693 5069 1786 5115 tua
1843 5069 1930 5117 est

345 5170 483 5224 Opus
513 5153 751 5208 dextera:
780 5153 894 5215 Dei,
923 5167 1050 5206 cum
1076 5151 1364 5207 Psalmista
1395 5153 1438 5206 si
1468 5153 1794 5221 loquendum
1825 5163 1928 5208 est.

345 5247 524 5302 Locus
552 5255 682 5300 tuus
716 5246 988 5307 solitudo;
1026 5252 1106 5307 tu,
1139 5247 1438 5298 monachus
1467 5261 1482 5309 ;
1522 5247 1668 5309 linis,
1699 5247 1769 5300 ibi
1805 5263 1927 5314 per-

348 5353 589 5392 manere.
625 5337 766 5403 Quid
805 5351 936 5404 ergo
970 5336 1057 5389 his
1108 5334 1329 5389 lastidio
1391 5339 1612 5400 habitis,
1645 5350 1696 5390 et
1751 5339 1928 5406 teipso

347 5431 428 5483 sic
460 5429 764 5494 eradicato,
794 5427 1133 5498 Spiritualem
1175 5429 1479 5482 custodiam
1540 5428 1844 5492 frustraris,
1874 5439 1928 5481 et

349 5519 492 5574 fallis
528 5521 820 5588 agricolam
861 5522 948 5573 cui
1005 5520 1244 5576 creditus
1295 5520 1398 5574 es?
1460 5521 1718 5583 ltetuane,
1780 5523 1930 5573 mitte

351 5610 587 5671 radices,
611 5611 847 5666 ascende
872 5614 922 5664 iu
957 5613 1120 5666 altum
1147 5614 1320 5674 instar
1351 5614 1617 5683 cypressi,
1671 5613 1816 5667 cedri
1877 5621 1931 5666 et

354 5700 490 5768 pini,
509 5718 630 5770 qua:
661 5705 726 5757 ad
752 5718 966 5770 semper
995 5705 1280 5763 virendutn
1304 5717 1429 5763 sunt
1459 5705 1690 5763 feliciter
1713 5716 1927 5772 crealze,

426 5815 446 5845 ‘
475 5814 620 5870 Psal.
656 5832 902 5888 _cxxvtn,
957 5821 1009 5872 7.

2033 4786 2451 4855 κοσμικώτερον
2475 4785 2793 4850 ἀπανέστης
2821 4783 2916 4835 καὶ
2948 4780 3218 4851 μετέστης
3271 4781 3480 4849 κόσμου
3517 4781 3608 4833 καὶ

2031 4881 2138 4934 τῶν
2166 4883 2224 4932 ἐν
2261 4878 2435 4948 αὐτῷ.
2473 4877 2539 4928 Τί
2589 4875 2721 4943 γοῦν
2768 4874 3134 4943 παλίντροπος
3184 4873 3264 4933 εἰς
3299 4871 3463 4924 αὑτὸν
3509 4873 3607 4922 έπ-

2035 4975 2278 5044 ανέρχῃς
2331 4967 2916 5040 Ἐνεφυτεύθης,ἒνθα
2969 4965 3212 5028 τέταξαι’
3252 4965 3350 5017 καὶ
3393 4967 3426 5034 ὴ
3468 4962 3606 5017 κατᾶ

2038 5069 2100 5121 σὲ
2151 5066 2290 5136 αὕτη
2325 5065 2522 5134 φυτεία
2561 5063 2744 5126 δεξιᾶς
2802 5059 2937 5114 Θεοῦ
2991 5059 3175 5130 ἔργον,
3203 5057 3496 5128 ψαλμικῶς
3528 5057 3606 5108 εἰσ

2039 5160 2183 5212 πεῖν·
2247 5163 2340 5211 καὶ
2379 5159 2407 5210 ὁ
2452 5155 2623 5217 τόπος
2666 5155 2843 5222 μονή’
2903 5151 3000 5204 καὶ
3055 5152 3122 5203 σὺ
3168 5149 3429 5218 μοναχόςο
3459 5149 3603 5200 καὶὸ

2033 5251 2233 5312 σκοπός
2260 5248 2607 5318 παραμένειν
2645 5247 2783 5297 ἐκεῖ.
2817 5243 2881 5295 Τί
2910 5238 3006 5294 οὖν
3055 5242 3270 5294 τούτων
3323 5254 3601 5304 κατεγνωο

2034 5341 2164 5404 κὼς,
2225 5344 2318 5392 καὶ
2375 5339 2551 5399 οὕτως
2613 5336 2864 5390 ἐκκοπῶν
2927 5335 3177 5396 σεαυτὸν,
3210 5334 3453 5400 ἀχρειοῖς
3505 5328 3601 5394 τὴν
3671 5347 3678 5351 ·

2036 5434 2416 5500 πνευματικὴν
2459 5428 2753 5498 φυλακὶαν,
2792 5429 2886 5478 καὶ
2922 5425 3098 5495 ψεύδῃ
3134 5425 3223 5477 τὸν
3254 5422 3524 5491 γεωργὸν,
3557 5411 3603 5484 ᾧ

2036 5521 2438 5585 πεπίστευσαι;
2484 5519 2773 5586 Ῥι-ζώοητι
2825 5517 3038 5588 μείνας,
3095 5518 3188 5569 καὶ
3231 5515 3485 5568 ἀνάϐαινε
3524 5511 3604 5572 εἰς

2039 5613 2168 5682 ὕψος
2203 5615 2544 5682 κυπαρίσσου
2569 5612 2725 5680 δίκην
2749 5615 2840 5666 καὶ
2873 5611 3065 5679 κέδρου
3102 5608 3198 5660 καὶ
3228 5605 3463 5671 πεύκης,
3494 5603 3604 5652 τῶν

2038 5706 2276 5775 εὐγενῶς
2325 5705 2618 5770 ἀειθαλῶν,
2653 5705 2746 5758 καὶ
2771 5704 2853 5756 ἔτι
2904 5701 3044 5756 κατὰ
3095 5700 3162 5753 τὰ
3207 5694 3442 5766 φιλικῶς
3473 5690 3606 5760 κάρα
