3992 6240
275 391 377 459 731
1268 405 1368 468 DE
1406 406 1883 472 EMENDANDA
1923 408 2103 472 VlTA
2144 413 2619 481 MONACHICA.
3425 391 3549 492 '76:

271 521 444 577 πιμα·
472 506 551 572 ὡς
581 506 649 563 ἀν
679 505 826 563 οὕτω
852 512 946 565 καὶ
977 513 1135 585 ῥίζας
1162 515 1447 593 ἀπλὼσῃς,
1490 519 1559 573 δι’
1589 512 1665 574 ὧν
1701 521 1845 574 ἔσται

1963 530 2018 577 et
2079 526 2245 579 etiam
2300 526 2475 584 instar
2533 529 2794 587 arborum
2858 539 3083 604 propter
3151 532 3364 593 fructus
3417 552 3551 594 suos

273 613 365 652 σοι
396 599 458 651 τδ
489 599 656 665 θάλος
682 602 958 675 διηνεκὲς,
982 607 1076 660 καὶ
1106 609 1187 673 εἰς
1225 612 1470 684 πρέμνον
1507 613 1802 686 ἀδρυνθῇς⁹
1830 614 1845 668 ε

1962 612 2312 683 dilectarum,
2344 628 2402 674 ut
2437 622 2519 678 sic
2559 622 2771 681 radices
2828 599 2977 682 latet
3003 625 3369 684 diﬂ'uudantut
3431 646 3554 702 qua
3591 624 3597 629 ’

270 693 369 745 καὶ
401 693 770 764 παραφυάδας
825 696 1053 766 εὐφυεῖς
1109 701 1490 777 ἀναθηλήσει,
1531 705 1858 780 ἀνθρώπους

264 783 482 855 δηλαδὴ
510 786 612 857 τὴν
644 788 744 860 σὴν
773 791 983 862 ἀρετὴν
1020 791 1346 864 ζηλοῦντας,
1384 798 1484 852 καὶ
1517 798 1663 854 οὕτω
1696 807 1857 874 στερ-

267 877 385 950 ρῶς
421 881 896 950 παραπεφυκότας
933 899 1039 951 σοι,
1080 886 1177 939 καὶ
1209 887 1438 960 στελέχη
1480 887 1736 944 ἀνατελεϊ
1762 890 1860 945 καὶ

268 969 513 1035 κλάδους
546 973 642 1027 καὶ
674 973 931 1044 ὄρπηκας
956 993 970 1008 ο
1005 977 1100 1030 καὶ
1133 978 1334 1044 αὐτοὺς
1361 982 1499 1044 τέως
1530 984 1631 1053 μὲν
1665 982 1857 1038 ἄνθεσι

276 1060 546 1135 βρύον-ξας
575 1069 687 1128 τοῖς
720 1066 813 1120 τοῦ
847 1069 1065 1136 καρποῦ
1102 1072 1460 1145 προδρόμοις,
1489 1077 1549 1128 ὲν
1593 1077 1650 1130 δδ
1678 1074 1856 1150 καιρῷ

275 1156 764 1229 καρπογονοῦντας
800 1160 868 1216 τά
902 1162 1154 1235 ψυχικῶς
1197 1171 1468 1238 τρόφιμα·
1497 1161 1572 1225 ὧν
1627 1169 1694 1243 δὴ
1714 1173 1854 1226 πάν-

272 1269 387 1304 των
419 1251 718 1324 ἐστέρηται
767 1252 834 1307 τά
869 1256 1009 1325 μήτε
1046 1257 1262 1331 παγίως
1312 1260 1394 1323 είς
1437 1260 1609 1332 βάθος
1660 1263 1853 1334 ῥιζού-

270 1363 439 1416 μενα,
481 1347 622 1416 μήτε
680 1349 764 1412 εἰς
805 1347 942 1420 ὕψος
1003 1351 1394 1422 ἀναϐαίνοντα,
1436 1359 1854 1430 προστετηκότα

262 1438 322 1491 δδ
368 1441 440 1512 τῇ
479 1441 624 1494 κατά
662 1444 767 1513 γῆν
815 1443 999 1515 ἕρψει.
1033 1438 1135 1499 Ὧν
1188 1446 1476 1519 ἐκφεύγων
1530 1450 1621 1504 τὸν
1668 1449 1850 1520 ζῆλον,

260 1525 308 1586 ὧ
340 1535 568 1605 μοναχὲ,
598 1536 738 1605 μηδὲ
758 1537 822 1591 σὺ
852 1535 1013 1608 ἕρπε,
1040 1537 1180 1592 ὡσεὶ
1209 1543 1305 1594 καὶ
1329 1543 1576 1612 τρίϐολο;
1599 1544 1851 1616 ἀχρειοῦ-

261 1642 337 1679 σα
388 1625 451 1679 τὸ
495 1624 641 1679 θεῖον
695 1630 985 1699 κήπευμα,
1021 1630 1226 1702 μενοῦν
1283 1649 1347 1701 γε
1399 1634 1541 1705 μηδὶ
1575 1636 1720 1689 κατά
1748 1636 1848 1707 τὴν

260 1717 581 1789 κάππαριν,
631 1712 700 1791 ἧς
745 1723 795 1775 εί
839 1721 936 1773 καὶ
966 1724 1201 1793 χρηστοὶ
1236 1726 1377 1795 πρὸς
1419 1724 1627 1797 βρῶσιν
1657 1729 1706 1780 οἱ
1752 1729 1848 1781 κό-

262 1810 494 1884 ρυμϐοι,
526 1813 623 1865 καί
655 1830 758 1867 που
788 1818 885 1866 κα)⁵
916 1816 983 1868 τὰ
1006 1814 1175 1887 ἄκρα,
1199 1818 1370 1886 ὅμως,
1396 1813 1476 1882 οἷς
1506 1819 1844 1890 ὴκάνθωται,

261 1901 623 1972 ἀπρόσϐατὸς
657 1905 775 1959 ἐστι
809 1907 906 1959 καὶ
943 1907 1085 1978 αὐτὴ
1119 1911 1233 1973 τοῖς
1268 1911 1344 1982 μὴ
1379 1911 1563 1975 καλῶς
1597 1914 1851 1968 ὑποδεδε-

1960 719 2281 780 perpetuam
2309 725 2542 777 causent
2560 716 2916 784 viriditatem,
2953 728 3008 791 et
3063 730 3293 777 truncus
3319 723 3552 782 robore-

1958 808 2072 871 tur,
2094 804 2187 874 qui
2210 800 2435 862 frutices
2459 805 2666 863 fertiles
2689 810 3039 882 germinabit,
3059 812 3272 869 scilicet
3295 815 3553 874 homines

1965 903 2071 951 tuae
2094 895 2316 953 virtutis
2346 899 2719 967 mmulatores,
2747 901 2907 970 juxta
2933 910 2984 959 te
3010 917 3388 973 assurgentes,
3416 910 3554 967 rel'ea

1959 995 2143 1043 rentes
2176 998 2403 1046 truncos
2449 999 2504 1046 et
2539 1006 2724 1049 ramos
2781 1006 2833 1048 et
2865 994 3134 1065 lrutices;
3176 1009 3342 1072 atque
3381 1005 3416 1057 ii
3450 1020 3554 1075 po-

1959 1089 2076 1135 slea
2114 1096 2257 1138 nunc
2287 1081 2448 1139 ﬂores
2483 1080 2763 1139 fructuum
2822 1086 3122 1157 signiferos
3174 1093 3370 1158 edent,
3408 1112 3553 1153 nunc

1958 1176 2171 1230 fructus
2202 1173 2269 1227 ad
2304 1175 2544 1230 animam
2570 1175 2924 1233 nutriendatn
2980 1184 3389 1250 gertninabunt.
3451 1187 3550 1247 llis

1956 1264 2122 1321 rebus
2147 1266 2406 1323 omnibus
2433 1269 2720 1339 privantur
2757 1271 2984 1328 arhores
3014 1288 3136 1342 quae
3193 1292 3294 1331 nec
3346 1279 3552 1339 solidas

1956 1356 2173 1413 radices
2199 1369 2365 1430 agunt
2389 1359 2445 1414 in
2469 1360 2660 1426 imum,
2696 1378 2876 1434 neque
2900 1365 2969 1419 ad
2995 1366 3194 1422 coelum
3228 1382 3547 1440 assurgunt,

1955 1449 2129 1518 magis
2162 1465 2291 1504 vero
2325 1451 2392 1506 ad
2462 1454 2761 1522 rependum
2829 1455 2982 1511 humi
3055 1467 3185 1513 sunt
3237 1461 3547 1520 destinatis.

1953 1537 2102 1606 Quas
2136 1541 2248 1598 noli
2284 1544 2552 1611 aemulari,
2595 1560 2627 1599 ο
2679 1550 2967 1616 monache,
3001 1551 3149 1606 humi
3176 1555 3438 1624 rependo,
3490 1565 3551 1612 ut

1956 1633 2192 1690 tribulu’s
2223 1636 2316 1705 qui
2356 1638 2691 1707 optimorum
2723 1641 2933 1695 olerum
2977 1642 3265 1700 utilitatem
3310 1648 3545 1717 adimit;

1952 1738 2054 1781 nec
2079 1727 2243 1782 etiam
2274 1730 2495 1800 cappari
2531 1731 2925 1801 aequiparatur,
2958 1734 3114 1806 cujus
3146 1738 3283 1791 rami
3314 1745 3369 1794 et
3394 1754 3550 1796 sum-

1953 1817 2173 1874 mitates
2193 1819 2261 1875 ad
2287 1826 2612 1876 vescendum
2648 1824 2812 1879 utiles
2831 1834 2963 1881 sunt
2989 1844 3003 1881 :
3029 1837 3084 1881 et
3101 1844 3333 1899 quorum
3365 1840 3546 1889 tamen

1954 1910 2128 1979 spinis
2152 1926 2345 1981 aspera
2370 1913 2490 1967 loca
2515 1914 2715 1968 calcari
2734 1930 2842 1970 non
2871 1926 3125 1986 possunt,
3150 1935 3178 1974 a
3206 1921 3418 1978 viatore
3434 1926 3547 1980 cal-

265 1994 454 2063 μένοις
490 1995 570 2059 είς
606 1997 935 2065 ἑτοιμασίαν
979 1998 1125 2057 ὁδοῦ.
1180 2000 1453 2056 Ἐνταῦθα
1482 2004 1720 2073 ἐνθυμοῦ
1752 2008 1845 2061 καὶ

1951 2003 2251 2058 ceamcntis
2285 2004 2467 2058 itineri
2499 2005 2717 2063 idoneis
2738 2007 3164 2064 non’instructo.
3186 2011 3377 2083 Cogita
3402 2013 3546 2072 hanc

258 2085 346 2140 ὅτι
381 2088 552 2159 νόμος
594 2091 904 2160 γεωργικὸς
934 2093 1303 2163 παραδέδοται
1346 2096 1426 2166 τῷ
1484 2096 1695 2152 πλείονι
1744 2099 1845 2170 μὲν

1953 2094 2129 2165 legem
2155 2096 2409 2166 agricolis
2428 2099 2609 2154 datam
2636 2116 2649 2154 :
2671 2100 2870 2156 sistere
2891 2104 3172 2159 meliorem
3198 2120 3408 2161 ramum
3436 2118 3545 2164 ter-

259 2179 526 2238 ῐστασθαι
581 2185 643 2238 τὸ
703 2186 874 2254 φυτὸν
927 2189 1351 2260 ὲγκεχωσμένον
1403 2193 1473 2263 τῇ
1519 2195 1613 2263 γῇ,
1669 2194 1747 2264 τῷ
1787 2195 1845 2250 δὲ

1951 2203 2025 2242 rae
2077 2189 2348 2259 inditum;
2378 2191 2648 2247 minorem
2703 2202 2888 2248 autem
2925 2197 3154 2261 moveri,
3187 2206 3243 2253 ut
3271 2213 3337 2253 eo
3368 2201 3533 2258 modo

258 2274 530 2341 ἐλάττονι,
560 2279 860 2349 κινεῖσθαι,
903 2280 979 2346 ὡς
1023 2281 1090 2336 ἂν
1134 2283 1279 2336 οὕτω
1316 2284 1415 2352 τῆς
1471 2285 1683 2356 μητρὸς
1734 2287 1843 2355 γῆς

1958 2287 2107 2336 terra
2138 2293 2383 2338 tttmatre
2406 2285 2650 2341 nutritus
2677 2296 3131 2357 assurgattectus
3159 2298 3216 2346 et
3246 2291 3461 2348 validus
3483 2301 3541 2348 et

256 2369 539 2424 ἀπολαῦον
567 2373 651 2436 είς
692 2372 995 2445 πλήσμιον,
1044 2375 1319 2449 ἀναϐαίνῃ
1362 2376 1548 2447 ὄρθιον
1579 2379 1843 2448 ἀσφαλῶς

1952 2371 2173 2430 fructus
2190 2375 2454 2444 proferat.
2477 2377 2540 2433 Et
2562 2389 2617 2433 tu
2646 2395 3036 2450 perseverasse,
3056 2383 3215 2452 quasi
3252 2392 3414 2440 terra:
3454 2387 3541 2443 in-

256 2463 356 2516 ὲπὶ
384 2462 603 2534 καρποῦ
640 2465 982 2539 ἐπαγγελίᾳ.
1023 2467 1358 2539 Προσμένιυν
1386 2463 1481 2524 οῦν
1521 2472 1619 2525 καὶ
1651 2472 1842 2541 αὐτὸς,

257 2555 355 2608 καὶ
400 2553 476 2621 ὥς
513 2553 629 2611 οἷον
656 2558 1231 2630 ὲγκατορωρυγμένος
1260 2561 1342 2637 εἰς
1372 2563 1479 2630 γῆν
1501 2562 1565 2632 τῇ
1598 2561 1709 2616 τῶν
1738 2563 1846 2635 Ξξῳ

256 2644 426 2720 λήθῃ,
453 2649 552 2703 καὶ
571 2646 926 2720 ῥιζούμενος,
944 2649 1203 2704 ἀνάϐαινε
1231 2650 1309 2723 τῷ
1331 2651 1664 2725 κατ’ἀρετην
1695 2653 1841 2725 ὕψει,

256 2741 354 2792 καὶ
412 2739 555 2795 οὕτω
599 2740 868 2812 τεχνάζου
923 2742 1087 2812 βάθος
1145 2741 1306 2800 τοῦτο
1339 2750 1436 2800 καὶ
1469 2743 1603 2816 ὖψος
1647 2746 1842 2820 θεάρε-

257 2850 408 2899 στον,
438 2832 645 2905 μόνιμα
683 2835 906 2899 πάντως
943 2836 1036 2888 καὶ
1060 2836 1225 2892 αὑτά.

332 2927 406 2992 μ’.
454 2920 521 2975 Τί
555 2925 663 2996 γὰρ
689 2925 1033 2996 γελοιότερον
1061 2924 1155 2979 τοῦ
1184 2928 1282 2997 τὴν
1327 2928 1429 2998 μὲν
1462 2932 1640 3005 ἀρχὴν
1675 2935 1844 2988 ἐκπε-

256 3012 531 3082 τασθῆναι
586 3016 695 3068 τῶν
731 3018 878 3071 κατὰ
911 3017 1011 3089 τὴν
1054 3019 1212 3072 πόλιν
1269 3022 1595 3092 διατριϐῶν,
1641 3029 1741 3082 καὶ
1782 3024 1845 3092 ἐξ

256 3104 565 3178 ὀφθαλμῶν
625 3109 883 3178 γενέσθαι
944 3110 1131 3180 φιλίας
1190 3113 1437 3186 ἀπάσης,
1470 3118 1572 3188 τῆς
1602 3136 1663 3171 τε
1698 3119 1844 3175 κατά

258 3199 591 3267 συγγένειαν
614 3206 708 3255 καὶ
742 3200 962 3272 λοιπῆς,
997 3205 1091 3258 καὶ
1124 3204 1337 3275 ἀρετῶν
1363 3208 1484 3278 ὄρει
1511 3212 1842 3281 προσϐῆναι,
1870 3230 1915 3293 C

255 3293 347 3346 καὶ
386 3292 722 3364 ζητεῖσθαι,
761 3295 858 3349 καὶ
914 3297 991 3367 μὴ
1039 3297 1436 3367 εὑρίσκεσθαι,
1473 3304 1615 3373 μετά
1659 3303 1716 3358 δὲ
1749 3323 1842 3376 μι-

256 3382 391 3455 κρὸν
423 3386 770 3451 ἐπανελθεῖν,
807 3388 901 3441 καὶ
931 3388 1225 3458 εὑρεθῆναι
1256 3394 1372 3455 τοῖς
1406 3395 1611 3464 μηκέτι
1643 3396 1844 3467 ζητοῦο

260 3494 372 3540 σιν,
402 3478 524 3531 ἀλλ’
547 3478 1017 3551 ὲκφροντίσασιν;
1057 3481 1187 3552 Ὀψὲ
1216 3483 1337 3553 μὲν,
1378 3480 1422 3538 ὦ
1449 3480 1627 3554 οὗτος,
1658 3490 1839 3560 ἀπῆλ-

257 3569 349 3634 θες
389 3569 467 3634 ὡς
515 3570 608 3624 ἐπὶ
641 3571 929 3643 μετανοίᾳ·
960 3576 1100 3645 ταχὺ
1144 3575 1204 3629 δὲ
1243 3576 1554 3647 ὲπανῆλθες
1591 3581 1839 3651 μετάμει

255 3658 369 3725 λος·
409 3662 740 3733 ἀνέκαμψας
775 3663 987 3729 κακῶς,
1033 3667 1157 3720 ὃθεν
1186 3670 1583 3738 συμφερόντως
1610 3672 1837 3742 ἔφυγες.

256 3750 578 3825 οὖχνοῦτως
606 3754 731 3809 οὐδὲ
767 3756 961 3819 στατὸς
1003 3757 1193 3827 ἵππος,
1231 3761 1546 3833 ἀκοστήσας
1575 3765 1666 3819 ἐπὶ
1700 3768 1841 3835 φάτ-

259 3871 349 3925 νῃ,
402 3854 501 3907 καὶ
547 3853 963 3923 φαντασάμενος
1002 3852 1173 3924 νομὰς
1218 3854 1458 3919 παλαιὰς
1486 3858 1584 3910 καὶ¹
1612 3857 1837 3929 λουτρὰ,

252 3939 337 4010 οτς
377 3943 662 4014 έναθύρων
702 3943 920 4009 ἔϐοσκε,
957 3945 1017 3998 τὸ
1042 3946 1144 4015 τῆς
1176 3946 1482 4017 ἐπιθυμίας
1508 3948 1729 4016 ἄλογον,
1769 3953 1839 4006 τά

251 4037 433 4108 δεσμά
465 4036 662 4108 ῥήξας,
695 4037 815 4089 ἐκεῖ
842 4036 1051 4106 τρέχει,
1093 4037 1221 4091 ὅποι
1273 4040 1369 4091 καὶ
1414 4041 1611 4110 πρώην
1644 4042 1837 4112 ἐνέμε-

252 4148 336 4184 το.
396 4130 641 4198 ’Δγνοείν
690 4130 900 4197 ἔοικας,
957 4124 1002 4183 ὦ
1054 4129 1273 4199 ἀδελφέ,
1305 4132 1387 4183 ὅτι
1436 4130 1537 4202 τὴν
1572 4130 1836 4204 θεωρίαν,

252 4222 320 4293 ἢν
351 4221 583 4290 συνάγει
627 4222 656 4274 ὁ
707 4222 1034 4292 καταμόνας
1081 4221 1292 4294 ὁμιλῶν
1339 4221 1483 4293 Θεῷ,
1539 4224 1839 4280 ἀπόλλυσιν

252 4315 437 4380 αὖθις,
472 4315 561 4368 ὅτε
597 4315 698 4386 τῆς
724 4315 933 4385 ἀγορᾶς
964 4312 1218 4385 γένηται’
1251 4314 1346 4366 καὶ
1375 4316 1458 4368 ὅτι
1504 4316 1836 4384 ἐκκρούεται

253 4410 288 4479 ἡ
324 4406 677 4479 ἠσυχαστικὴ
715 4409 907 4479 μνήμη
942 4406 1032 4460 διὰ
1064 4408 1165 4476 τῆς
1209 4407 1509 4476 κοσμικῆς,
1540 4409 1635 4461 κα)⁸
1662 4408 1738 4472 ὡς
1777 4411 1836 4465 ὲν

252 4501 712 4573 ἀντιπεριστάσει
756 4501 868 4553 τινὶ
918 4501 1107 4553 ἐκεῖνα
1166 4497 1268 4567 μὲν
1314 4497 1384 4553 τά
1419 4500 1482 4552 ὲκ
1532 4499 1628 4553 τοῦ
1672 4500 1836 4572 ὄρους

1947 2473 2130 2518 sertus
2156 2476 2239 2518 ex‘
2259 2465 2538 2522 oblivione
2566 2466 2747 2522 rerum
2774 2480 3155 2537 externarum,
3185 2482 3237 2528 et
3254 2475 3541 2534 radicibus

1946 2551 2140 2610 lirmus
2168 2556 2408 2613 ascende
2440 2558 2506 2614 ad
2542 2561 2800 2616 verticem
2835 2562 3080 2629 virtutis,
3123 2573 3177 2619 et
3233 2581 3364 2637 para
3409 2583 3544 2638 pro-

1949 2644 2277 2704 funditatem
2300 2658 2357 2706 et
2385 2649 2730 2709 altitudinem
2746 2655 3028 2723 eximiam,
3047 2673 3169 2730 quae
3184 2659 3297 2716 sint
3314 2664 3543 2723 omnino

1947 2739 2276 2799 immobiles.

2017 2920 2109 2976 40.
2149 2923 2289 2988 Quid
2322 2924 2468 2980 enim
2510 2927 2687 2998 magis
2723 2929 3036 3000 ridendum,
3067 2950 3233 3006 quam
3258 2952 3288 2992 a
3325 2938 3539 3009 princi-

1949 3014 2040 3083 pio
2095 3015 2411 3087 relinquere
2458 3022 2675 3090 negotia
2728 3022 2968 3079 civitatis
2999 3064 3014 3089 ,
3061 3029 3238 3083 oculis
3278 3030 3524 3087 omnium

1948 3103 2255 3158 amicorum
2305 3106 2555 3162 subtrahi
2619 3118 2676 3164 et
2722 3111 3062 3183 reliquorum
3121 3117 3525 3190 proximorum,

1949 3195 2163 3266 apicem
2205 3197 2431 3257 virtutis
2459 3202 2782 3269 ascendere,
2814 3206 2986 3274 quwri
3033 3214 3088 3262 et
3125 3224 3233 3264 non
3266 3210 3529 3281 inveniri,

1954 3296 2123 3359 atque
2148 3288 2336 3359 elapso
2374 3290 2592 3347 modico
2627 3296 2885 3364 tempore
2909 3296 3134 3361 reverti,
3162 3309 3216 3355 et
3244 3316 3353 3356 non
3376 3319 3528 3372 quae-

1948 3381 2234 3448 rentibus,
2273 3382 2384 3437 imo
2440 3398 2549 3438 non
2606 3380 3341 3458 cogitatttibus'apparere?
3369 3393 3530 3463 Sero,

1947 3484 1980 3527 ο
2032 3472 2223 3535 homo,
2256 3472 2324 3525 ad
2372 3473 2752 3542 paenitentiam
2806 3492 3061 3545 veneras,
3110 3480 3263 3535 brevi
3320 3492 3535 3541 mutato

1942 3566 2177 3621 consilio
2201 3566 2394 3636 pedem
2426 3567 2682 3636 retulisti,
2707 3584 2772 3624 eo
2810 3571 2964 3627 nullo
2992 3573 3196 3630 decore
3228 3574 3530 3635 reﬂecteris

1943 3659 2091 3715 unde
2146 3660 2381 3716 feliciter
2439 3675 2691 3717 veneras.
2721 3661 2840 3718 Non
2933 3664 3015 3720 sic
3043 3682 3218 3737 equus
3285 3671 3525 3738 otiosus,

1943 3762 2137 3823 pastus
2189 3755 2244 3807 in
2294 3754 2527 3818 faliscis,
2579 3763 2634 3811 et
2671 3767 2826 3826 prata
2877 3759 3114 3828 pristina
3171 3761 3532 3834 imaginatus,

1942 3858 2008 3900 ac
2042 3854 2232 3916 stagna
2270 3846 2363 3902 ubi
2406 3846 2708 3905 indomitus
2760 3851 3060 3920 pascebat,
3095 3853 3529 3912 irrationabilem

1940 3937 2197 3994 ardorem
2241 3939 2582 4004 manifestat,
2620 3957 2743 3997 cum
2780 3943 2998 3998 vincula
3050 3947 3276 4016 rumpit,
3315 3958 3370 4004 et
3402 3949 3532 4005 illttc

1941 4034 2128 4080 currat
2158 4028 2249 4081 uhi
2300 4029 2456 4097 prius
2510 4031 2793 4100 pascebat.
2843 4034 3105 4103 lgnorare
3139 4034 3344 4093 videris
3365 4078 3381 4104 ,
3410 4037 3526 4092 fra-

1943 4131 2045 4187 ter,
2075 4137 2215 4193 quas
2244 4125 2576 4189 sententias,
2637 4124 2789 4181 solus
2823 4138 3184 4184 conversatus
3222 4145 3344 4184 cum
3392 4131 3527 4202 Deo,

1939 4214 2257 4282 collegerat,
2283 4214 2551 4270 continuo
2581 4229 2674 4270 eas
2733 4218 2959 4285 perdere
2989 4233 3115 4273 cum
3160 4219 3365 4284 plateas
3419 4222 3530 4279 ire.

1939 4313 2212 4374 quentat;
2245 4320 2275 4359 e
2305 4305 2572 4360 memoria
2620 4305 2898 4363 solitarius
2947 4311 3312 4381 cogitationes
3365 4329 3531 4370 mun-

1939 4393 2098 4448 danis
2144 4395 2364 4465 expelli,
2393 4406 2582 4466 atque,
2617 4402 2846 4455 mutatis
2889 4401 3045 4470 quasi
3090 4400 3327 4468 vicibus,
3365 4420 3529 4461 asce-

1943 4493 2052 4540 tatn
2085 4486 2517 4568 descendentem
2552 4489 2862 4560 spiritualia
2890 4507 2955 4547 ex
2987 4493 3097 4549 alto
3120 4494 3383 4552 deorsum
3433 4513 3525 4555 re-

252 4570 606 4661 πνευματικά
630 4595 658 4646 ὁ
690 4592 937 4656 καταϐὰς
976 4591 1228 4662 ἀσκητὴς
1275 4592 1426 4646 κάτω
1460 4594 1682 4665 ἀφίησι,
1708 4570 1832 4650 an-

1951 4579 2223 4650 linquere,
2241 4596 2437 4650 eaque,
2459 4590 2517 4635 ttt
2546 4584 2845 4650 camelutn,
2865 4586 3183 4643 inclinatum
3216 4589 3528 4660 deponere;

254 4688 432 4762 μήλου
470 4688 632 4757 δίκην
658 4685 1003 4755 ἀποθέμενος
1048 4684 1190 4737 αὐτὰ
1224 4683 1292 4738 δι’
1333 4686 1730 4750 ὑποπτώσεως,
1764 4686 1836 4741 τὰ

1951 4688 2060 4729 eum
2108 4690 2273 4730 curas
2315 4677 2572 4746 vulgares
2624 4676 2834 4743 subire,
2894 4678 3038 4736 ferre
3077 4681 3134 4736 in
3166 4683 3373 4751 altum;
3407 4699 3532 4755 pro-

250 4781 309 4834 δὲ
333 4780 435 4851 τῆς
462 4777 671 4849 τύρϐης
698 4776 1024 4849 ἀχθοφορῶν
1057 4774 1171 4829 ἄνω
1216 4776 1395 4845 φέρει,
1431 4774 1528 4829 καὶ
1555 4776 1655 4830 τοῦ
1701 4795 1839 4831 παν-

1951 4766 2106 4822 .icere
2134 4767 2279 4837 quod
2318 4776 2405 4822 est
2437 4782 2604 4838 super
2631 4770 2843 4836 omnia,
2874 4778 2927 4826 et
2954 4773 3181 4828 minima
3218 4776 3478 4845 accipere
3508 4794 3529 4844 ;

249 4873 345 4937 τδς
393 4869 775 4940 ἀλλαξάμενος
835 4869 898 4921 τὸ
947 4866 1116 4938 μηδὲν
1156 4867 1390 4932 ἄνεισιν,
1438 4868 1559 4921 ἀντὶ
1588 4868 1835 4938 ἁσκητοῦ

1951 4873 2041 4928 pro
2086 4859 2269 4913 anima
2325 4870 2570 4915 ventrem
2626 4860 3071 4928 dilatare;cibis
3123 4867 3336 4932 vetitis,
3368 4883 3516 4938 quos

248 4965 486 5037 ἀσκίτης
537 4964 792 5026 θύλακος,
849 4960 1318 5033 ἐμπεπλησμένος
1383 4960 1456 5014 τά
1505 4961 1681 5015 πολλά
1738 4965 1837 5018 ttat

1951 4953 2178 5009 oderunt
2216 4953 2410 5017 sobrii,
2460 4954 2786 5025 plerumque
2838 4956 3084 5026 repleri;
3135 4966 3189 5012 et
3245 4975 3345 5029 pro
3387 4961 3519 5016 abs-

250 5057 579 5129 ἀγωγίμων,
622 5056 767 5124 ἅπερ
801 5054 1060 5127 μισοῦσιν
1117 5055 1166 5107 οἱ
1212 5053 1531 5122 ἐγκρατεῖς,
1578 5052 1680 5108 καί⁵
1723 5057 1837 5118 τοῖς

1951 5048 2129 5103 tractis
2196 5046 2687 5118 imaginationibus
2746 5063 2886 5119 quas
2942 5049 3200 5106 deorsum
3259 5051 3512 5120 ellingit,

250 5151 312 5216 ἐξ
332 5149 686 5219 ἀφαιρέσεως
712 5146 1126 5217 φαντάσμασιν,
1159 5145 1323 5199 ὁποῖα
1356 5144 1605 5199 κάτωθεν
1633 5146 1841 5215 ἀνεμά-

1951 5140 2185 5195 δὺιίνίεοὶ
2214 5140 2471 5211 imaginis
2498 5154 2664 5209 quam
2696 5140 2806 5196 sibi
2835 5142 3027 5196 anima
3061 5158 3125 5198 ex
3159 5142 3525 5199 medita'iouc

252 5243 384 5310 ξατο
454 5241 766 5308 ἀπαλείψας
805 5242 866 5294 τὸ
897 5259 915 5292 ι
952 5238 1075 5292 κατ’
1119 5239 1330 5302 εἰκόνα,
1387 5255 1407 5290 ι
1446 5237 1473 5290 ὃ
1514 5236 1604 5291 διὰ
1633 5238 1840 5309 νοημά.

1951 5231 2126 5287 divina
2155 5231 2213 5285 in
2245 5230 2545 5287 solitudine
2567 5230 2988 5288 eﬂormaverat.

249 5351 362 5389 των
395 5334 557 5388 θείων
588 5333 978 5386 ὲνετυπώσατο
1008 5332 1073 5384 ὲκ
1099 5328 1197 5399 τῆς
1226 5330 1395 5401 μονῆς
1425 5330 1458 5401 ἡ
1488 5330 1660 5401 ψυχή.
2022 5410 2072 5434 Η
2135 5408 2153 5434 Ι
2235 5411 2302 5434 Δ..
2483 5411 2607 5434 ..ν-θ.
2636 5410 2750 5434 um
2771 5424 2817 5434 ι-
2871 5406 3206 5434 “Mdu”
3266 5421 3297 5434 Α

324 5433 440 5499 μα’.
479 5428 708 5499 Ἀνέϐης
745 5429 827 5488 είς
880 5424 1038 5494 ὕψος,
1074 5419 1120 5479 ὦ
1150 5425 1493 5515 κεκαρμένε,
1527 5440 1838 5494 πνευματι-

2011 5410 2104 5467 41.
2132 5408 2194 5467 In
2232 5411 2401 5465 altum
2451 5410 2817 5482 spiritttaliter
2869 5406 3230 5469 ascenderas,
3264 5421 3298 5456 η
3343 5414 3525 5470 tonso,

250 5520 392 5584 κῶς,
442 5520 539 5574 καὶ
585 5520 873 5591 ἄνθρωπος
916 5516 1091 5580 οὕτως
1126 5519 1316 5585 ἐγένου
1346 5514 1507 5582 Θεοῦ,
1542 5516 1632 5568 ὅτε
1667 5516 1748 5578 είς
1780 5515 1841 5570 τὸ

1951 5513 2094 5562 eteo
2145 5505 2308 5560 modo
2338 5506 2503 5560 homo
2537 5504 2634 5559 Dei
2683 5514 2966 5563 evaseras,
3000 5514 3126 5553 cum
3178 5504 3236 5552 in
3280 5507 3524 5554 montem

250 5614 379 5683 ὅρος
422 5590 781 5683 ἀνῆλθεςέΤί
828 5609 960 5680 γοῦν
1010 5608 1502 5678 κατακυλιόμενος,
1534 5608 1705 5677 πρινὴ
1745 5609 1841 5661 καὶ⁹

1951 5598 2164 5655 venisti.
2188 5597 2298 5651 Cur
2326 5612 2458 5666 ergo
2488 5595 2789 5659 revolutus,
2825 5600 3121 5662 antequam
3152 5590 3335 5647 sedem
3369 5591 3526 5695 ligas,

251 5705 692 5775 κατασταθῆναι,
737 5704 952 5767 πεδινὸς
1022 5703 1209 5774 φέρῃς
1272 5699 1512 5771 ’Υψηλδς
1563 5699 1792 5767 γέγονας
1822 5716 1837 5731 ·

1951 5691 2191 5745 ambulas
2219 5691 2275 5744 in
2309 5687 2574 5758 planitie?
2599 5685 2860 5740 Excelsus
2905 5699 3055 5747 eras.
3076 5698 3178 5739 cur
3222 5685 3435 5740 desims
3470 5686 3526 5740 in

252 5803 395 5858 διατί
457 5800 835 5871 ἀποτελευτᾷς
892 5800 973 5862 εἰς
1042 5794 1472 5870 χθαμαλότητας
1535 5793 1837 5862 Οιῖδρᾰινιος⁹

1951 5783 2209 5837 humilem
2232 5782 2254 5833 ?
2280 5780 2550 5847 leestis,
2577 5794 2676 5834 cur
2700 5786 2959 5833 terrenus
2978 5777 3061 5834 1E
3080 5776 3437 5848 corruptione
3459 5775 3530 5832 ad

252 5895 398 5952 διατί
421 5893 712 5960 κατάγειος
736 5909 750 5958 ;
778 5870 972 5958 Διέϐης
999 5892 1059 5943 ἐκ
1085 5887 1289 5957 φθορᾶς
1315 5886 1396 5949 εἰς
1425 5882 1625 5955 ζωνὴν,
1646 5884 1721 5948 ὡς
1749 5877 1839 5936 οἷα

1960 5877 2129 5933 vitam
2182 5874 2490 5931 translatus
2540 5886 2684 5939 eras,
2714 5870 2875 5941 quasi
2926 5885 3069 5930 nova
3091 5870 3397 5943 creatione,
3428 5883 3530 5927 cur
