3992 6240
456 465 571 529 763

1191 455 1615 522 EUSTATIIZE
1651 448 2057 516 THESSALOI

2166 447 2413 510 IENSIS
2446 444 3016 509 METROPOLITIE

3624 444 3734 511 765

463 599 596 655 ergo
642 582 698 637 in
744 578 979 652 pristina
1023 576 1257 633 dissolvi
1324 574 1523 646 cupis?
1578 571 1822 625 Mutatus
1872 582 1954 632 es,
1986 575 2046 620 ut

2166 562 2676 633 ιεταπεπλασμένος
2702 581 2716 596 ο
2761 564 2905 617 ίνατι
2957 561 3090 633 γοῦν
3141 561 3350 625 ἐθέλεις
3394 560 3734 616 ἀναλύεσθαι

466 674 651 732 Enoch
690 680 1009 745 assumptus
1039 671 1105 726 ad
1148 668 1357 728 Deum:
1391 681 1553 722 mane
1591 678 1722 735 ergo
1759 661 1916 733 juxta
1951 673 2045 713 vo-

465 769 732 823 luntatem
790 766 905 830 Dei,
933 762 1028 835 qui
1066 772 1120 819 te
1157 776 1383 818 manere
1435 760 1591 832 jubet
1621 758 1801 812 donec
1835 753 2042 821 veniat,

464 874 799 934 quocunque
842 858 1006 913 modo
1048 857 1154 912 iste
1210 854 1481 909 adventus
1525 849 1887 922 intelligatur.
1924 845 2042 900 Nec

446 942 547 1014 est
590 956 689 1012 tibi
721 955 949 1026 injuria,
982 954 1027 1008 si
1082 960 1233 1008 tanta
1283 950 1545 1006 instantia
1586 948 1942 1019 pmniteutem
1993 953 2047 998 te

462 1064 722 1105 vocamus
753 1065 768 1104 :
798 1063 907 1103 non
937 1047 1098 1102 debet
1126 1045 1253 1100 inde
1287 1044 1617 1099 erubescere
1648 1040 1743 1109 qui
1769 1038 2047 1110 paenitens

462 1143 688 1199 dicitur.
729 1139 990 1213 Teipsum
1048 1153 1079 1193 a
1126 1138 1332 1192 sazculo
1382 1135 1694 1191 removisti.
1743 1131 1888 1200 Quid
1962 1131 2046 1187 vis

464 1235 635 1307 igitur
671 1234 725 1288 in
775 1233 898 1287 loco
934 1230 1168 1302 pristino
1216 1230 1404 1284 incola
1453 1225 1832 1292 annumerari,
1865 1232 1919 1278 et
1962 1220 2044 1278 sic

465 1329 521 1382 in
558 1326 666 1380 ﬁne
700 1324 914 1379 nullum
973 1322 1151 1377 locum
1184 1321 1387 1376 habere
1411 1360 1427 1386 ,
1457 1327 1623 1388 atque
1665 1315 1859 1370 audire
1904 1316 2049 1367 hanc

466 1419 826 1474 irrisionem:
863 1435 882 1468 ι
914 1415 1109 1470 Adhuc
1142 1414 1423 1487 pusillum,
1453 1423 1508 1466 et
1544 1425 1657 1464 non
1690 1408 1798 1465 erit
1854 1420 2048 1476 pecca-

466 1522 585 1576 tor;
616 1519 671 1565 et
689 1523 905 1581 quaeres
930 1507 1111 1563 locum
1134 1507 1279 1575 ejus,
1308 1513 1364 1559 et
1382 1518 1490 1558 non
1518 1502 1768 1558 invenies
1785 1499 1826 1552 τ.
1844 1518 1863 1552 ›
1889 1497 2050 1551 Nunc

464 1612 649 1660 autem
711 1605 966 1658 videntur
1039 1597 1297 1655 monachi
1366 1597 1612 1653 minores
1689 1594 1849 1649 nobis
1914 1590 2052 1646 insi-

465 1697 644 1764 diari,
706 1697 800 1765 qui
868 1706 1031 1749 nos:
1081 1692 1337 1764 patribus
1392 1704 1585 1744 eorum
1638 1687 2047 1753 distraxerunt,

465 1800 888 1857 sermonemque
952 1784 1019 1838 ad
1071 1797 1424 1837 communem
1477 1779 1912 1850 objurgationem
1970 1774 2053 1829 di-

464 1888 784 1942 verterunt,
848 1885 907 1931 ut
954 1874 1010 1929 in
1065 1874 1167 1929 hac
1244 1873 1561 1944 sympathia
1618 1874 1838 1940 utrique
1906 1865 2051 1938 parti

2147 656 2227 717 εἰς
2264 654 2333 708 τὰ
2363 652 2664 723 πρότερον;
2697 653 2966 719 Μετέθου,
3000 654 3142 708 κατὰ
3181 654 3274 708 τδν
3315 652 3492 723 Ἑνὼχ
3529 654 3737 722 ἀναλη-

2148 745 2303 815 φθεὶς
2331 744 2408 816 τῷ
2427 743 2566 816 Θεῷ·
2591 748 2772 816 μεῖνον
2790 740 2884 800 οὖν
2901 746 3043 800 κατὰ
3067 746 3128 800 τὸ
3151 745 3365 817 θέλημα
3375 747 3470 800 τοῦ
3489 744 3653 809 Θεοῦ,
3677 746 3739 810 ὃς

2149 836 2330 891 ἐθέλει
2360 837 2454 888 καὶ
2490 835 2550 890 σέ
2574 837 2781 906 μένειν,
2809 836 2917 899 ἕως
2943 835 3187 908 ἔρχεται,
3205 837 3401 890 ὁποίαν
3441 835 3510 892 ἂν
3529 834 3740 902 ταύτην

2148 928 2360 983 ἐλευσιν
2390 928 2598 992 ἐθέλεις
2619 930 2783 984 νοεῖν.
2812 929 2928 983 Οὐκ
2957 926 3074 982 ἐστι
3106 944 3191 981 σοι
3221 927 3434 997 ἀτιμία.
3474 928 3636 997 εἴπερ
3670 928 3738 996 τῇ

2149 1021 2380 1094 τοιαύτῃ
2418 1021 2747 1092 προσεδρείᾳ
2788 1019 3165 1091 μεταθέμενόν
3208 1037 3269 1073 σε
3316 1017 3622 1090 καλοῦμεν.
3658 1018 3735 1071 Οὐ

2149 1115 2255 1186 γάρ
2283 1117 2402 1169 ἐστι
2443 1112 2724 1169 κάνταῦθα
2765 1113 3097 1185 ἐφύϐριστος
3121 1114 3150 1167 ό
3186 1111 3527 1180 καλούμενος
3563 1127 3738 1181 μετα-

2153 1207 2402 1276 θέμενος.
2451 1204 2807 1273 Ἐξετόπισας
2858 1205 2953 1258 τοῦ
2995 1204 3115 1276 βίου
3168 1202 3418 1258 σεαυτόν.
3452 1201 3520 1255 Τί
3554 1200 3741 1255 τοίνυν

2152 1296 2358 1360 ἐθέλεις
2413 1295 2640 1361 ἐντοπος
2677 1298 2791 1362 τοῖς
2851 1296 3045 1369 πρώην
3106 1295 3545 1369 προστετηκέναι
3573 1334 3590 1359 ,
3645 1295 3741 1350 καὶ

2150 1389 2325 1452 οὕτως
2358 1388 2634 1444 ἐκϐαίνειν
2662 1388 2887 1454 ἄτοπος,
2920 1388 3017 1443 καί
3055 1407 3157 1443 που
3190 1389 3287 1443 κει.)⁸
3324 1388 3552 1443 ἀκούειν
3575 1391 3654 1453 ὡς
3683 1390 3743 1443 ἐν

2157 1480 2529 1552 μυκτηρισμῷ
2553 1479 3046 1550 καταψαλλόμενον
3085 1496 3180 1535 σου
3209 1480 3285 1534 το
3315 1499 3334 1532 ι
3375 1481 3501 1533 Ἔτι
3531 1480 3740 1549 ὀλίγον,

2154 1571 2251 1625 καὶ
2282 1573 2344 1625 οὐ
2385 1571 2461 1641 μὴ
2495 1571 2716 1643 ὑπάρξῃ
2764 1572 2792 1625 δ
2835 1571 3188 1642 ἁμαρτωλὸς,
3220 1571 3317 1627 καὶ
3359 1570 3624 1644 ζητήσεις
3649 1574 3743 1627 τὸν

2153 1664 2321 1718 τόπον
2356 1663 2547 1730 αὑτοῦ,
2579 1665 2674 1717 καὶ
2700 1666 2761 1718 οὐ
2792 1666 2866 1736 μὴ
2891 1663 3101 1737 εὖρῃςς
3140 1683 3158 1716 ι
3210 1664 3375 1719 ’Δλλὰ
3409 1666 3522 1738 γὰρ
3557 1665 3743 1721 ἐοίκαμ-

2156 1776 2241 1811 σιν
2305 1761 2353 1812 οῖ
2417 1760 2859 1827 μικροσκὴμονες
2915 1758 3437 1829 πανουργεύσασθαι
3492 1760 3595 1812 καὶ⁵
3647 1760 3742 1815 νῦν

2156 1847 2280 1903 καθ’
2304 1848 2482 1918 ἡμῶν,
2522 1844 2604 1910 οἷς
2634 1849 3051 1919 ἀποστήσαντες
3072 1851 3224 1920 ἡμᾶς
3257 1850 3367 1905 τῶν
3392 1852 3517 1905 κατ’
3541 1853 3744 1918 αὐτοὺς

464 1972 610 2026 dicta
657 1940 902 2035 efﬂuant,
936 1969 985 2026 si
1029 1940 1298 2040 possibile
1361 1940 1448 2023 est
1477 1982 1492 2021 :
1522 1967 1617 2037 qui
1683 1978 1885 2033 sc0pus
1937 1976 2048 2015 non

2166 1943 2414 2012 πατέριον
2449 1940 2849 2011 ἀπησχόλησαν
2876 1940 2970 1994 τὸν
3010 1940 3170 2010 λόγον
3212 1944 3350 2014 πρὸς
3377 1946 3490 2007 τοῖς
3537 1945 3745 2009 κοινοῖς

466 2065 787 2135 attingetur.

539 2325 632 2381 42.
663 2323 807 2381 Ecce
842 2323 993 2381 enim
1021 2323 1232 2381 omissa
1265 2322 1667 2379 communitate
1701 2319 1768 2374 ad
1811 2317 2050 2388 majores

464 2418 778 2472 monachos
811 2417 1086 2481 redimus,
1121 2417 1218 2487 qui
1253 2416 1415 2470 malis
1444 2410 1857 2489 suisexetuplis
1883 2407 2053 2463 disci-

471 2512 633 2579 pulos
667 2516 1011 2578 pervertunt,
1030 2508 1236 2577 quique
1258 2505 1586 2559 simulantes
1618 2519 1677 2559 se
1702 2518 1811 2557 non
1839 2516 1964 2558 esse
1982 2499 2053 2557 de

473 2603 578 2657 hoc
611 2600 840 2667 mundo,
859 2610 993 2655 sane
1015 2614 1145 2653 vero
1182 2600 1515 2665 cmnobitas,
1538 2610 1606 2653 eo
1636 2595 1783 2667 quod
1815 2595 2052 2652 seorsim

468 2686 684 2759 Vivam,
715 2692 824 2747 ista
879 2691 1113 2746 edocent
1164 2693 1303 2746 alios
1346 2690 1652 2762 discipulos
1679 2690 1749 2744 ad
1792 2703 2053 2744 corrum-

470 2786 714 2858 pendum
744 2800 973 2858 pronos.
1004 2786 1064 2840 lu
1119 2784 1349 2856 perfecti
1417 2784 1672 2838 monachi
1733 2781 2054 2837 memoriam

473 2894 672 2937 revoco
734 2894 861 2935 eum
919 2878 1241 2934 desiderare
1304 2878 1623 2949 angelorum
1680 2876 1922 2948 speciem
1981 2874 2057 2929 ita

466 2970 812 3028 admonitum
838 2968 1032 3035 fuisse,
1062 2980 1122 3026 ut
1160 2971 1214 3025 in
1245 2969 1548 3041 angelicam
1599 2983 1890 3040 personam
1942 2967 2059 3037 ipse

475 3065 769 3120 ordinatus
818 3062 1006 3119 fuerit.
1043 3063 1156 3119 lloc
1197 3063 1337 3120 forte
1381 3078 1493 3118 non
1530 3064 1760 3117 multum
1811 3061 2059 3118 conferet

477 3160 546 3212 ad
602 3156 1023 3213 confundendus
1070 3171 1170 3211 eos
1220 3157 1315 3227 qui
1365 3157 1591 3226 angelos
1624 3154 1964 3225 deSpiciunt,
2003 3165 2061 3208 ut

476 3251 746 3306 discimus
774 3266 805 3305 e
844 3249 1053 3304 sanctis
1112 3259 1422 3303 ascetarum
1479 3231 1726 3319 scriptis,
1771 3250 1916 3302 sicut
1967 3261 2063 3300 ro—

480 3344 601 3397 lunt
624 3382 639 3408 ,
671 3342 763 3412 qui
803 3340 1112 3397 Psalmistae
1150 3341 1370 3396 verbum
1418 3341 1647 3396 minoris
1692 3338 1925 3405 faciunt,
1959 3341 2064 3394 sei—

479 3436 629 3506 ipsus
649 3434 986 3504 inilantplus
1009 3448 1173 3504 quam
1205 3447 1422 3502 aequum
1443 3444 1545 3488 est.
1571 3430 1687 3487 lloc
1718 3433 1887 3504 igitur
1913 3442 2058 3498 tene,

483 3530 758 3583 munache
783 3527 893 3597 jam
910 3542 1022 3581 non
1050 3527 1189 3583 laice
1211 3536 1268 3582 et
1290 3537 1479 3581 sancte
1506 3526 1577 3581 ob
1605 3527 1948 3597 prepositum
1974 3569 1987 3587 ,
2010 3533 2064 3579 et

483 3621 530 3674 si
570 3627 621 3672 te
649 3620 815 3673 talem
858 3619 1037 3682 decet,
1068 3625 1124 3672 et
1152 3630 1352 3673 natura
1380 3621 1731 3675 immateriali
1777 3621 1829 3672 in
1868 3620 2063 3672 metal-

484 3711 599 3763 lum
644 3713 751 3766 vile
786 3720 839 3764 et
873 3719 1132 3765 terrestre
1160 3726 1376 3777 versus,
1413 3712 1728 3783 oblitusque
1763 3710 2063 3774 selitarius,

483 3819 542 3863 ut
582 3815 813 3861 narrant
865 3803 1101 3874 antiqui,
1135 3820 1259 3858 mox
1299 3804 1529 3875 justitim
1580 3805 1869 3876 copulatus
1918 3822 2062 3868 esse,

482 3901 614 3971 quia
671 3901 957 3950 materiam
1025 3894 1524 3963 mortiiicaverant,
1581 3903 1640 3950 tu
1709 3905 1827 3949 esto
1876 3894 2064 3948 δωυιιιί

482 4005 740 4061 magnes,
792 3989 1078 4043 attrahens
1139 3996 1300 4043 tenue
1368 3987 1615 4057 ferrum;
1667 3988 1751 4043 vel
1818 3998 1874 4041 ut
1933 4002 2064 4043 suc-

483 4083 670 4136 cinum
732 4081 988 4134 attollens
1035 4080 1220 4149 paleas
1249 4080 1451 4148 quibus
1483 4095 1572 4136 res
1614 4081 1910 4135 saeculares
1948 4081 2067 4150 jure

481 4183 878 4243 comparantur
919 4171 1033 4243 igni
1065 4172 1500 4244 inexstinguibili
1546 4183 1860 4227 reservata}.
1885 4171 2063 4239 Nosti,

481 4281 515 4321 ο
544 4267 1145 4334 monache,potestates
1182 4276 1237 4319 et
1270 4266 1494 4335 angelos
1537 4264 1870 4331 secundarr,
1892 4276 2068 4318 tuam-

481 4376 589 4430 que
619 4359 1042 4414 consensionem
1094 4359 1437 4428 inscribere;
1474 4376 1613 4433 quos
1684 4376 1829 4417 nunc
1877 4376 2070 4432 aggre-

479 4439 637 4517 dere,
670 4454 716 4508 si
737 4451 840 4516 vis,
865 4466 992 4522 rape
1019 4451 1286 4519 libellum,
1310 4468 1727 4526 consonumque
1760 4455 2019 4511 inscribe.

553 4663 644 4718 45.
680 4662 932 4717 Didicisti
994 4666 1156 4719 etiam
1199 4681 1426 4722 crucem
1450 4676 1503 4721 et
1532 4678 1765 4723 mortem
1798 4668 1894 4724 tibi
1923 4686 2060 4740 prm-

486 4756 752 4811 uuntiari.
815 4757 870 4811 Si
900 4757 1010 4823 jam
1045 4759 1329 4829 desperas,
1365 4762 1512 4826 ευίιί,
1548 4775 1656 4815 non
1689 4775 1933 4828 erucem,
1966 4764 2061 4819 sed

485 4848 745 4902 mercium
775 4847 1122 4916 fasciculum,
1146 4854 1461 4922 deprimens
1489 4856 1876 4924 negotiationis
1899 4873 2066 4923 onus,

489 4952 550 4995 ut
588 4943 656 4996 de
710 4942 1042 5013 loquacitate
1083 4946 1385 5001 irridearis.
1438 4945 1645 5002 Praeter
1701 4962 2065 5006 mercaturam

485 5035 630 5088 enim
672 5037 840 5091 etiam
891 5037 1275 5107 loquacitatem
1317 5053 1581 5105 exerces,
1625 5042 1714 5095 cui
1741 5081 1758 5108 ,
1803 5053 1863 5098 ut
1905 5061 2069 5115 supra

485 5142 774 5187 Ostensum
823 5141 944 5197 est,
975 5133 1416 5188 renuntiaveras.
1461 5133 1582 5192 Non
1633 5152 1854 5194 crucem
1908 5142 2075 5211 igitur

486 5226 642 5292 tolle,
676 5236 735 5281 ut
765 5226 1005 5280 diximus
1034 5242 1049 5290 ;
1075 5241 1182 5279 non
1205 5225 1317 5295 jam
1344 5242 1582 5294 morere,
1613 5235 1873 5288 mundum
1902 5237 2073 5291 relin-

487 5337 667 5392 quens
694 5320 761 5375 ad
817 5321 1133 5373 merendam
1175 5320 1342 5374 vitam
1391 5332 1689 5392 aeternam;
1753 5342 1888 5382 sane
1946 5343 2077 5383 vero

491 5417 637 5481 vive,
690 5423 746 5468 et
808 5413 997 5468 laudes
1048 5422 1103 5466 et
1146 5413 1487 5471 saltationem
1546 5427 1600 5473 et
1651 5420 1877 5475 delicias
1920 5436 2078 5474 exer-

490 5517 611 5561 ceto
634 5523 650 5571 ;
682 5503 843 5560 fortis
867 5513 983 5558 esto
1006 5515 1197 5559 contra
1228 5508 1437 5574 omnia,
1464 5525 1562 5578 pro
1587 5519 1638 5563 te
1666 5513 1732 5564 da
1760 5513 1900 5566 hanc
1922 5528 2067 5567 com-

491 5600 846 5651 mutationem
880 5596 1076 5663 morti;
1113 5599 1322 5670 sicque,
1351 5600 1394 5654 si
1430 5602 1686 5672 possibile
1727 5611 1849 5674 est,
1882 5604 2065 5662 omnia

487 5699 640 5743 sorte
687 5687 840 5744 solus
881 5688 1088 5745 obtine.

565 5912 751 5971 'Psal.
795 5931 982 5982 uxr],
1036 5918 1119 5973 l0.

2158 2034 2458 2101 φορτικοῖς,
2483 2031 2558 2095 ὠς
2586 2031 2653 2084 ἂν
2683 2033 2740 2084 ἐν
2766 2034 2832 2102 τῇ
2869 2032 3096 2104 τοιαύτῃ
3121 2034 3477 2106 κοινοπαθείᾳ
3504 2035 3742 2106 συγχεό-

2162 2141 2299 2194 μενα
2335 2125 2403 2176 τὰ
2442 2125 2724 2194 ἑκατέρων
2753 2124 2975 2194 ἔχωσιν,
3008 2126 3056 2179 εἰ
3080 2126 3333 2192 δυνατὸν,
3368 2125 3742 2198 κρύπτεσθαι.

2159 2217 2273 2268 Ούκ
2307 2214 2374 2268 ἂν
2408 2215 2467 2268 δὲ
2500 2216 2743 2269 ἀνύσωσι
2777 2216 2840 2270 τὸ
2867 2217 3021 2285 σφίσι
3061 2218 3453 2289 προκείμενον.

2234 2305 2348 2376 μβὀ
2396 2305 2690 2376 Ἀφέμενοι
2730 2307 2865 2378 γὰρ,
2917 2308 3063 2373 ἰδοὺ,
3097 2309 3208 2362 τῶν
3252 2311 3470 2372 κοινῶν,
3509 2312 3745 2382 ἐπανερ.

2159 2397 2371 2469 χόμεθα
2401 2400 2540 2469 πρὸς
2573 2397 2768 2469 μόνους
2816 2401 2940 2462 τοὺς
2983 2398 3265 2469 μείζονας,
3293 2402 3342 2455 οἳ
3381 2404 3449 2473 τῇ
3478 2403 3622 2472 πρὸς
3646 2403 3745 2457 αύ-

2159 2490 2289 2553 τοὺς
2341 2489 2663 2559 ἐξομοιώσει
2712 2491 3205 2562 συνδιαστρέφουσι
3263 2496 3391 2558 τοὺς
3452 2496 3744 2566 ὁμιλητὰς,

2161 2580 2258 2634 καὶ
2288 2581 2617 2653 ψευδόμενοι
2643 2585 2705 2637 τὸ
2734 2585 2910 2651 ἅδιον,
2946 2587 3091 2640 καθὰ
3114 2589 3211 2641 καὶ⁵
3234 2588 3296 2642 τὸ
3319 2588 3616 2655 κοινόῦιον,
3655 2590 3747 2644 διὰ

2161 2673 2257 2727 τοῦ
2290 2671 2432 2729 εῖναι
2473 2676 2703 2742 ίδιόὸιοι,
2758 2679 3133 2749 καθηγοῦνται
3167 2682 3260 2736 τοῦ
3307 2682 3476 2736 αὐτοῦ
3523 2683 3749 2738 παιδεύ-

2167 2782 2340 2837 ματος
2388 2769 2481 2822 καὶ
2515 2771 2629 2833 τοῖς
2665 2771 2883 2839 εὐφυῶς
2917 2772 3291 2844 διακειμένοις
3316 2775 3460 2846 πρὸς
3487 2776 3746 2848 διαστρο-

2164 2859 2273 2927 φὴν
2323 2860 2621 2930 μαθηταῖς.
2659 2862 3004 2927 Ἀνασισάζω
3055 2865 3121 2934 δὴ
3155 2866 3211 2928 ἐς
3245 2865 3436 2935 νόησιν
3466 2866 3546 2937 τῷ
3580 2884 3749 2937 μεγα-

2163 2950 2462 3020 λοσχήμονι
2497 2953 2739 3023 μοναχῷ,
2787 2955 2882 3007 καὶ
2917 2956 3000 3010 ὅτι
3039 2958 3292 3025 ἀγγέλων
3323 2959 3513 3029 σχῆμα
3544 2960 3747 3013 ἐπιπο-

2165 3041 2280 3097 θτῖν
2314 3042 2588 3114 ἐδιδάχθη,
2619 3045 2763 3099 ὥστε
2812 3050 2906 3101 καὶ¹
2947 3050 3032 3112 είς
3061 3051 3352 3121 πρόσωπον
3380 3053 3546 3116 αὐτὸς
3579 3055 3748 3121 ἀγγέ-

2166 3130 2264 3185 λου
2293 3133 2581 3188 τέτακται.
2617 3128 2777 3188 Ἐστι
2817 3137 2874 3189 δὲ
2910 3139 3018 3208 ἄρα
3048 3141 3208 3193 τοῦτο
3239 3141 3303 3194 ού
3354 3142 3501 3211 μέγα
3538 3147 3624 3205 είς
3656 3146 3744 3196 ἐν.

2166 3222 2382 3292 τροπὴν
2412 3225 2527 3287 τοῖς
2562 3224 2850 3291 τοιούτοις,
2885 3227 2935 3280 οῖ
2969 3231 3064 3281 καὶ
3106 3229 3341 3298 ἄγγελον
3373 3232 3748 3302 ὑπεραναδαί-

2091 3304 2134 3361 C
2169 3330 2374 3378 νουσιν,
2396 3313 2474 3377 ὡς
2497 3315 2598 3383 τῆς
2628 3316 2929 3388 ἱερωτάτης
2959 3321 3265 3392 ἀσκητικῆς
3292 3326 3517 3393 γραφῆς
3546 3328 3749 3393 ἐκμαν-

2165 3405 2425 3476 θάνομεν,
2485 3408 2647 3475 εἴπερ
2681 3409 2962 3475 ἐθέλουσι,
3013 3411 3112 3483 τὴν
3158 3413 3446 3484 ψαλμικὴν
3483 3416 3747 3487 βραχεῖαν

2164 3501 2465 3554 ἐλάττωσιν
2490 3501 2865 3572 παραύξοντες
2895 3506 3050 3557 αὐτοὶ
3079 3509 3173 3560 καὶ
3198 3507 3340 3577 ὑπὲρ
3364 3509 3467 3577 τὴν
3498 3511 3744 3580 ἰσότητα.

2166 3593 2383 3662 Κάτεχε
2412 3588 2529 3659 οὖν,
2560 3589 2604 3648 ὦ
2640 3594 2762 3648 ἇὸιε
2806 3597 2901 3649 καὶ
2947 3599 3014 3667 τῇ
3059 3599 3319 3666 προθέσει
3358 3602 3484 3667 ἅγιε
3519 3604 3747 3673 μοναχέ,

2167 3688 2262 3737 καὶ
2294 3685 2472 3738 τοῦτο·
2502 3686 2597 3738 καὶ
2645 3687 2699 3740 εἰ
2747 3704 2829 3740 σοι
2861 3689 3169 3761 τηλικούτῳ
3195 3691 3310 3745 ὄντι
3348 3695 3564 3763 πρέπον
3608 3698 3748 3761 ἐστὶ,

2167 3777 2590 3841 κατασπασθεὶς
2619 3778 2723 3849 τῆς
2769 3781 2964 3843 ἀῡλῗας
2999 3785 3080 3843 εἰς
3125 3785 3349 3850 ἀγεννές
3390 3802 3444 3838 τι
3483 3788 3748 3857 μέταλλον

2169 3868 2295 3935 γῆς,
2352 3872 2448 3921 καὶ
2497 3871 2633 3941 μηδέ
2678 3872 3058 3944 λογισάμενος,
3099 3874 3175 3938 ὡς
3225 3878 3256 3947 ἠ
3294 3878 3506 3932 παλαιὰ
3540 3882 3747 3952 ἱστορία

2167 3963 2281 4024 τοῖς
2321 3963 2525 4023 ’Μ’ίοις
2553 3965 2754 4016 αὐτίκα
2788 3965 2881 4017 καὶ
2905 3971 2966 4017 τὸ
2994 3966 3343 4022 δικαιότατον
3370 3972 3639 4041 συνέθηκε
3665 3974 3747 4027 διὰ

2169 4054 2229 4106 τὸ
2258 4055 2379 4107 κατ’
2414 4057 2611 4119 αὐτοὺς
2662 4058 2974 4126 ὀλιγόῦλον,
3021 4061 3114 4111 ἔσο
3155 4066 3428 4131 μαγνῆτις
3463 4066 3607 4133 βίου,
3642 4068 3748 4119 ἐπι·

2170 4147 2431 4215 σπωμένη
2466 4149 2684 4217 σιδήρια
2717 4151 2991 4222 μοχθηρά·
3015 4153 3046 4223 ἢ
3073 4155 3168 4206 καὶ
3200 4154 3274 4218 ὡς
3298 4155 3568 4227 ἦλεκτρος
3596 4158 3747 4228 ἐφελ-

2169 4237 2402 4305 κόμενος
2431 4240 2632 4310 ἄχυρα,
2685 4237 2766 4306 οἷς
2824 4244 3000 4314 ὀρθῶς
3055 4245 3342 4311 εἰκάζεται
3389 4251 3459 4303 τὰ
3498 4250 3748 4320 βιωτικὰ,

2171 4329 2343 4399 πυρδς
2367 4331 2634 4397 ἀσϐέστου
2664 4333 2920 4403 δεόμενα.
2954 4335 3297 4407 Ἐδιδάχθης,
3320 4331 3366 4391 ὦ
3397 4341 3633 4411 μοναχὲ,
3656 4345 3749 4405 τὰς

2169 4417 2346 4488 ἀρχὰς
2390 4422 2486 4473 καὶ
2538 4421 2810 4490 ἀγγέλους
2852 4427 3220 4494 παρεστάναι,
3253 4427 3749 4499 ἀπογραφομένους

2169 4516 2269 4571 τὰς
2292 4512 2583 4580 όμο”·ογία;
2615 4530 2734 4568 σου.
2778 4516 3048 4569 alaeam
3075 4519 3255 4571 τοίνυν
3286 4521 3509 4586 αὐτοὺς,
3544 4525 3595 4575 εί
3628 4521 3750 4591 βού-

2170 4600 2271 4665 λει,
2304 4605 2683 4672 ἀφαρπάζων,
2719 4608 2812 4660 καὶ
2853 4608 2914 4660 τὸ
2955 4611 3251 4680 σύμφωνον
3294 4612 3607 4683 ἔγγραψον.

2242 4693 2354 4762 μγ’.
2408 4694 2655 4764 Ἔμαθες
2705 4701 2800 4751 καὶ
2843 4700 2927 4753 ὅτι
2970 4703 3207 4771 σταυρὸν
3252 4704 3595 4775 ἐπηγγείλου
3659 4706 3751 4763 καὶ

2170 4789 2429 4844 θάνατον.
2484 4793 2547 4844 Εί
2601 4792 2735 4861 γοῦν
2789 4796 3220 4863 ἁποδυσπετεῖς,
3273 4799 3516 4871 βάσταζε
3555 4808 3752 4876 μηκέτι

2174 4883 2430 4952 σταυρὸν,
2469 4884 2606 4938 ἀλλὰ
2637 4886 2847 4957 ῥῶπον,
2893 4889 2995 4944 εἴτ’
3029 4889 3126 4946 οὖν
3157 4894 3359 4964 φόρτον
3389 4911 3750 4967 πραγματευ·

2173 4975 2323 5026 τικὸν
2351 4975 2502 5029 κάτω
2553 4976 2882 5050 βαρύνοντα,
2934 4982 3022 5035 ἵνα
3064 4986 3159 5037 καὶ
3193 4989 3276 5050 εἰς
3309 4990 3753 5061 ῥωποπερπερή-

2172 5064 2315 5133 θραν
2359 5067 2647 5139 σκωφθῇς.
2694 5071 2839 5140 Πρὸς
2864 5074 2972 5145 γὰρ
3009 5076 3086 5145 τῷ
3130 5075 3300 5150 ρώπῳ
3328 5082 3425 5134 καὶ
3455 5082 3520 5135 τὸ
3546 5085 3754 5154 πέρπεο

2176 5170 2268 5224 ρον
2296 5154 2567 5221 ἐξασκεῖς,
2619 5161 2667 5212 εἰ
2701 5162 2796 5214 καὶ¹
2825 5165 2957 5218 αὐτὸ
2988 5168 3318 5240 ἀπηρνήσω,
3357 5174 3508 5227 καθὰ
3550 5177 3754 5247 προῖὼν

2172 5247 2203 5299 ὁ
2238 5248 2395 5316 λόγος
2446 5250 2736 5321 ἀποφανεῖ.
2780 5256 2939 5328 Μήτε
2992 5261 3177 5314 τοίνυν
3208 5265 3470 5333 σταυρὸν,
3516 5265 3595 5332 ὡς
3623 5269 3755 5339 εφα-

2178 5354 2299 5407 μεν,
2348 5339 2397 5391 εί
2445 5341 2666 5411 βούλει,
2705 5345 2972 5416 βάσταζε,
3018 5352 3114 5405 καὶ
3166 5353 3305 5424 μηδὲ
3341 5356 3587 5428 θνῆσκε,
3644 5361 3755 5421 τοῖς

2176 5431 2329 5484 κάτω
2355 5435 2725 5506 νεκρούμενος
2783 5440 2864 5506 είς
2913 5442 3274 5516 ἀντάλλαγμα
3306 5446 3450 5521 ζωῆς
3504 5453 3752 5505 αἰωνίου*

2173 5522 2311 5576 ἀλλὰ
2345 5522 2491 5595 ζῆθι,
2524 5534 2617 5583 καὶ
2645 5533 2908 5602 ἁγάλλου,
2940 5539 3034 5590 καὶ
3071 5539 3256 5605 ἄλλου,
3293 5544 3391 5597 καὶ
3420 5546 3630 5618 τρύφα,
3663 5551 3755 5602 καὶ

2177 5617 2319 5709 κατὰ
2342 5619 2561 5676 πάντων
2587 5624 2866 5696 ἀνδρῑζου,
2892 5631 2987 5684 καὶ
3016 5631 3160 5685 δίδου
3191 5617 3491 5709 ἀντίψυχον
3511 5617 3752 5696 τοιοῦτον

2178 5705 2341 5802 χαριν
2377 5727 2472 5763 σου
2512 5712 2594 5784 τῷ
2635 5715 2887 5790 θανάτῳ·
2921 5722 3016 5776 καὶ
3059 5723 3255 5794 οὕτως,
3314 5705 3479 5787 εἴτιεο
3527 5725 3642 5786 οἷόν
3668 5749 3754 5802 τε,

2181 5798 2341 5867 μόνος
2370 5802 2699 5877 κληρονόμει
2732 5810 2795 5864 τὸ
2837 5814 2967 5869 πᾶν.
