  <div class='ocr_page' id='page_1' title='image "/cluster/home/n/w/nwhite01/storage/ocr_20150623/135/mdp.39015029921197/390.png"; bbox 0 0 3884 6244; ppageno 0'>
   <div class='ocr_carea' id='block_1_1' title="bbox 186 465 293 528">
    <p class='ocr_par' dir='ltr' id='par_1_1' title="bbox 186 465 293 528">
     <span class='ocr_line' id='line_1_1' title="bbox 186 465 293 528; baseline 0 -1"><span class='ocrx_word' id='word_1_1' title='bbox 186 465 293 528; x_wconf 77' lang='lat'><strong>765</strong></span> 
     </span>
    </p>
   </div>
   <div class='ocr_carea' id='block_1_2' title="bbox 1153 455 2498 528">
    <p class='ocr_par' dir='ltr' id='par_1_2' title="bbox 1153 455 2498 528">
     <span class='ocr_line' id='line_1_2' title="bbox 1153 455 2498 528; baseline 0.003 -4"><span class='ocrx_word' id='word_1_2' title='bbox 1153 462 1253 524; x_wconf 85' lang='lat' dir='ltr'><strong>DE</strong></span> <span class='ocrx_word' id='word_1_3' title='bbox 1293 455 1772 524; x_wconf 70' lang='lat' dir='ltr'><strong>EMENDANUA</strong></span> <span class='ocrx_word' id='word_1_4' title='bbox 1812 460 1995 523; x_wconf 85' lang='lat' dir='ltr'><strong>VlTA</strong></span> <span class='ocrx_word' id='word_1_5' title='bbox 2035 459 2498 528; x_wconf 82' lang='lat' dir='ltr'><strong>MONACHICA.</strong></span> 
     </span>
    </p>
   </div>
   <div class='ocr_carea' id='block_1_3' title="bbox 3352 466 3461 531">
    <p class='ocr_par' dir='ltr' id='par_1_3' title="bbox 3352 466 3461 531">
     <span class='ocr_line' id='line_1_3' title="bbox 3352 466 3461 531; baseline -0.018 0"><span class='ocrx_word' id='word_1_6' title='bbox 3352 466 3461 531; x_wconf 60' lang='lat'><strong>736</strong></span> 
     </span>
    </p>
   </div>
   <div class='ocr_carea' id='block_1_4' title="bbox 264 578 1795 657">
    <p class='ocr_par' dir='ltr' id='par_1_4' title="bbox 264 579 1795 656">
     <span class='ocr_line' id='line_1_4' title="bbox 264 579 1795 656; baseline -0.004 -18"><span class='ocrx_word' id='word_1_7' title='bbox 264 582 376 656; x_wconf 86' lang='grc' dir='ltr'><strong>μδ’.</strong></span> <span class='ocrx_word' id='word_1_8' title='bbox 425 585 552 639; x_wconf 81' lang='grc' dir='ltr'>Ἔτι</span> <span class='ocrx_word' id='word_1_9' title='bbox 589 583 928 653; x_wconf 76' lang='grc' dir='ltr'><strong>κατηχήθης,</strong></span> <span class='ocrx_word' id='word_1_10' title='bbox 976 581 1102 651; x_wconf 81' lang='grc' dir='ltr'>δίχα</span> <span class='ocrx_word' id='word_1_11' title='bbox 1149 580 1258 634; x_wconf 82' lang='grc' dir='ltr'><strong>τῶν</strong></span> <span class='ocrx_word' id='word_1_12' title='bbox 1290 579 1486 645; x_wconf 79' lang='grc' dir='ltr'>ἄλλων,</span> <span class='ocrx_word' id='word_1_13' title='bbox 1519 581 1625 633; x_wconf 84' lang='grc' dir='ltr'>τῶν</span> <span class='ocrx_word' id='word_1_14' title='bbox 1662 579 1795 646; x_wconf 41' lang='grc' dir='ltr'>καὶ,</span> 
     </span>
    </p>
   </div>
   <div class='ocr_carea' id='block_1_5' title="bbox 1901 578 3460 657">
    <p class='ocr_par' dir='ltr' id='par_1_5' title="bbox 1932 578 3460 657">
     <span class='ocr_line' id='line_1_5' title="bbox 1932 578 3460 657; baseline 0.007 -23"><span class='ocrx_word' id='word_1_15' title='bbox 1932 578 2025 636; x_wconf 71' lang='lat' dir='ltr'><strong>M.</strong></span> <span class='ocrx_word' id='word_1_16' title='bbox 2056 579 2124 633; x_wconf 86' lang='lat' dir='ltr'><strong>Et</strong></span> <span class='ocrx_word' id='word_1_17' title='bbox 2151 581 2376 651; x_wconf 89' lang='lat' dir='ltr'><strong>insuper</strong></span> <span class='ocrx_word' id='word_1_18' title='bbox 2405 583 2638 638; x_wconf 89' lang='lat' dir='ltr'><strong>edoctus</strong></span> <span class='ocrx_word' id='word_1_19' title='bbox 2659 598 2722 639; x_wconf 87' lang='lat' dir='ltr'><strong>es</strong></span> <span class='ocrx_word' id='word_1_20' title='bbox 2749 592 2946 653; x_wconf 65' lang='lat' dir='ltr'><strong>praeter</strong></span> <span class='ocrx_word' id='word_1_21' title='bbox 2991 584 3096 639; x_wconf 82' lang='lat' dir='ltr'><strong>alia</strong></span> <span class='ocrx_word' id='word_1_22' title='bbox 3131 626 3146 651; x_wconf 94' lang='lat'><strong>,</strong></span> <span class='ocrx_word' id='word_1_23' title='bbox 3177 595 3231 642; x_wconf 90' lang='lat' dir='ltr'><strong>et</strong></span> <span class='ocrx_word' id='word_1_24' title='bbox 3265 592 3460 657; x_wconf 82' lang='lat' dir='ltr'><strong>multa,</strong></span> 
     </span>
    </p>
   </div>
   <div class='ocr_carea' id='block_1_6' title="bbox 192 673 1773 745">
    <p class='ocr_par' dir='ltr' id='par_1_6' title="bbox 192 673 1773 745">
     <span class='ocr_line' id='line_1_6' title="bbox 192 673 1773 745; baseline -0.003 -13"><span class='ocrx_word' id='word_1_25' title='bbox 192 678 408 732; x_wconf 73' lang='grc' dir='ltr'>πολλῶν</span> <span class='ocrx_word' id='word_1_26' title='bbox 460 677 558 729; x_wconf 79' lang='grc' dir='ltr'>καὶ</span> <span class='ocrx_word' id='word_1_27' title='bbox 611 676 862 745; x_wconf 76' lang='grc' dir='ltr'><strong>μεγάλων</strong></span> <span class='ocrx_word' id='word_1_28' title='bbox 914 674 1007 726; x_wconf 74' lang='grc' dir='ltr'><strong>καὶ</strong></span> <span class='ocrx_word' id='word_1_29' title='bbox 1049 673 1331 738; x_wconf 83' lang='grc' dir='ltr'>εὐκόλων,</span> <span class='ocrx_word' id='word_1_30' title='bbox 1379 674 1470 727; x_wconf 77' lang='grc' dir='ltr'>καὶ</span> <span class='ocrx_word' id='word_1_31' title='bbox 1512 674 1613 744; x_wconf 82' lang='grc' dir='ltr'>τὴν</span> <span class='ocrx_word' id='word_1_32' title='bbox 1656 675 1773 744; x_wconf 85' lang='grc' dir='ltr'>ἔριν</span> 
     </span>
    </p>
   </div>
   <div class='ocr_carea' id='block_1_7' title="bbox 193 763 1774 839">
    <p class='ocr_par' dir='ltr' id='par_1_7' title="bbox 193 763 1774 839">
     <span class='ocr_line' id='line_1_7' title="bbox 193 763 1774 839; baseline -0.003 -17"><span class='ocrx_word' id='word_1_33' title='bbox 193 766 762 839; x_wconf 77' lang='grc' dir='ltr'>ἁποπροσποιείσθαι,</span> <span class='ocrx_word' id='word_1_34' title='bbox 813 767 908 818; x_wconf 74' lang='grc' dir='ltr'>καὶ</span> <span class='ocrx_word' id='word_1_35' title='bbox 947 765 1039 817; x_wconf 82' lang='grc' dir='ltr'><strong>τὸν</strong></span> <span class='ocrx_word' id='word_1_36' title='bbox 1071 763 1274 832; x_wconf 77' lang='grc' dir='ltr'>θυμὸν,</span> <span class='ocrx_word' id='word_1_37' title='bbox 1310 764 1406 816; x_wconf 77' lang='grc' dir='ltr'>καὶ</span> <span class='ocrx_word' id='word_1_38' title='bbox 1460 763 1558 834; x_wconf 82' lang='grc' dir='ltr'>τὴν</span> <span class='ocrx_word' id='word_1_39' title='bbox 1602 782 1774 834; x_wconf 85' lang='grc' dir='ltr'>κραυ-</span> 
     </span>
    </p>
   </div>
   <div class='ocr_carea' id='block_1_8' title="bbox 195 852 1772 927">
    <p class='ocr_par' dir='ltr' id='par_1_8' title="bbox 195 852 1772 927">
     <span class='ocr_line' id='line_1_8' title="bbox 195 852 1772 927; baseline 0.001 -20"><span class='ocrx_word' id='word_1_40' title='bbox 195 858 317 927; x_wconf 76' lang='grc' dir='ltr'>γὴν,</span> <span class='ocrx_word' id='word_1_41' title='bbox 352 857 452 910; x_wconf 78' lang='grc' dir='ltr'>καὶ</span> <span class='ocrx_word' id='word_1_42' title='bbox 483 856 579 925; x_wconf 83' lang='grc' dir='ltr'><strong>τὴν</strong></span> <span class='ocrx_word' id='word_1_43' title='bbox 621 855 871 926; x_wconf 76' lang='grc' dir='ltr'>ἁεργίαν,</span> <span class='ocrx_word' id='word_1_44' title='bbox 911 855 1005 907; x_wconf 76' lang='grc' dir='ltr'><strong>καὶ</strong></span> <span class='ocrx_word' id='word_1_45' title='bbox 1035 852 1135 924; x_wconf 82' lang='grc' dir='ltr'><strong>τὴν</strong></span> <span class='ocrx_word' id='word_1_46' title='bbox 1169 852 1513 924; x_wconf 74' lang='grc' dir='ltr'>παρρησίαν,</span> <span class='ocrx_word' id='word_1_47' title='bbox 1545 855 1640 906; x_wconf 72' lang='grc' dir='ltr'><strong>καὶ</strong></span> <span class='ocrx_word' id='word_1_48' title='bbox 1675 855 1772 925; x_wconf 80' lang='grc' dir='ltr'><strong>τὴν</strong></span> 
     </span>
    </p>
   </div>
   <div class='ocr_carea' id='block_1_9' title="bbox 199 945 1775 1020">
    <p class='ocr_par' dir='ltr' id='par_1_9' title="bbox 199 945 1775 1020">
     <span class='ocr_line' id='line_1_9' title="bbox 199 945 1775 1020; baseline -0.002 -19"><span class='ocrx_word' id='word_1_49' title='bbox 199 948 438 1020; x_wconf 77' lang='grc' dir='ltr'><strong>μερικὴν</strong></span> <span class='ocrx_word' id='word_1_50' title='bbox 477 947 700 1017; x_wconf 85' lang='grc' dir='ltr'>φιλίαν,</span> <span class='ocrx_word' id='word_1_51' title='bbox 748 949 843 1000; x_wconf 74' lang='grc' dir='ltr'>καὶ</span> <span class='ocrx_word' id='word_1_52' title='bbox 898 946 960 998; x_wconf 81' lang='grc' dir='ltr'>τὸ</span> <span class='ocrx_word' id='word_1_53' title='bbox 1016 945 1501 1016; x_wconf 81' lang='grc' dir='ltr'>περπερεύεσθαι,</span> <span class='ocrx_word' id='word_1_54' title='bbox 1560 947 1652 998; x_wconf 71' lang='grc' dir='ltr'>καὶ</span> <span class='ocrx_word' id='word_1_55' title='bbox 1684 948 1775 998; x_wconf 72' lang='grc' dir='ltr'><strong>τον</strong></span> 
     </span>
    </p>
   </div>
   <div class='ocr_carea' id='block_1_10' title="bbox 196 1035 1778 1109">
    <p class='ocr_par' dir='ltr' id='par_1_10' title="bbox 196 1035 1778 1109">
     <span class='ocr_line' id='line_1_10' title="bbox 196 1035 1778 1109; baseline -0.002 -17"><span class='ocrx_word' id='word_1_56' title='bbox 196 1039 520 1109; x_wconf 83' lang='grc' dir='ltr'>γογγυσμὸν</span> <span class='ocrx_word' id='word_1_57' title='bbox 547 1079 561 1102; x_wconf 92' lang='grc'><strong>,</strong></span> <span class='ocrx_word' id='word_1_58' title='bbox 616 1040 712 1092; x_wconf 79' lang='grc' dir='ltr'>καὶ</span> <span class='ocrx_word' id='word_1_59' title='bbox 752 1041 810 1090; x_wconf 83' lang='grc' dir='ltr'><strong>τδ</strong></span> <span class='ocrx_word' id='word_1_60' title='bbox 851 1038 1080 1107; x_wconf 76' lang='grc' dir='ltr'>ψίθυρον</span> <span class='ocrx_word' id='word_1_61' title='bbox 1107 1077 1122 1097; x_wconf 84' lang='grc'><strong>.</strong></span> <span class='ocrx_word' id='word_1_62' title='bbox 1188 1038 1281 1089; x_wconf 67' lang='grc' dir='ltr'><strong>καὶ</strong></span> <span class='ocrx_word' id='word_1_63' title='bbox 1330 1035 1428 1106; x_wconf 82' lang='grc' dir='ltr'><strong>τὴν</strong></span> <span class='ocrx_word' id='word_1_64' title='bbox 1469 1035 1778 1098; x_wconf 74' lang='grc' dir='ltr'><strong>ἰδιάζουσαν</strong></span> 
     </span>
    </p>
   </div>
   <div class='ocr_carea' id='block_1_11' title="bbox 196 1127 1778 1199">
    <p class='ocr_par' dir='ltr' id='par_1_11' title="bbox 196 1127 1778 1199">
     <span class='ocr_line' id='line_1_11' title="bbox 196 1127 1778 1199; baseline -0.001 -16"><span class='ocrx_word' id='word_1_65' title='bbox 196 1131 518 1198; x_wconf 71' lang='grc' dir='ltr'>ἐπίκτησιν.</span> <span class='ocrx_word' id='word_1_66' title='bbox 573 1130 1006 1199; x_wconf 75' lang='grc' dir='ltr'>Δογοπράγησον</span> <span class='ocrx_word' id='word_1_67' title='bbox 1066 1127 1163 1182; x_wconf 79' lang='grc' dir='ltr'><strong>οὖν</strong></span> <span class='ocrx_word' id='word_1_68' title='bbox 1225 1128 1491 1194; x_wconf 83' lang='grc' dir='ltr'>σεαυτὸν,</span> <span class='ocrx_word' id='word_1_69' title='bbox 1545 1130 1641 1182; x_wconf 68' lang='grc' dir='ltr'>καὶ</span> <span class='ocrx_word' id='word_1_70' title='bbox 1689 1129 1778 1182; x_wconf 71' lang='grc' dir='ltr'><strong>διὰ</strong></span> 
     </span>
    </p>
   </div>
   <div class='ocr_carea' id='block_1_12' title="bbox 197 1220 1780 1293">
    <p class='ocr_par' dir='ltr' id='par_1_12' title="bbox 197 1220 1780 1293">
     <span class='ocr_line' id='line_1_12' title="bbox 197 1220 1780 1293; baseline -0.001 -18"><span class='ocrx_word' id='word_1_71' title='bbox 197 1225 309 1275; x_wconf 84' lang='grc' dir='ltr'><strong>τῶν</strong></span> <span class='ocrx_word' id='word_1_72' title='bbox 335 1222 604 1276; x_wconf 79' lang='grc' dir='ltr'><strong>τοιούτων</strong></span> <span class='ocrx_word' id='word_1_73' title='bbox 652 1222 822 1275; x_wconf 80' lang='grc' dir='ltr'>ἐλθὼν</span> <span class='ocrx_word' id='word_1_74' title='bbox 856 1221 1178 1292; x_wconf 84' lang='grc' dir='ltr'><strong>ὁμολογιῶν,</strong></span> <span class='ocrx_word' id='word_1_75' title='bbox 1214 1220 1452 1293; x_wconf 80' lang='grc' dir='ltr'><strong>αὓχησον</strong></span> <span class='ocrx_word' id='word_1_76' title='bbox 1488 1221 1780 1274; x_wconf 80' lang='grc' dir='ltr'>ἀποστολι-</span> 
     </span>
    </p>
   </div>
   <div class='ocr_carea' id='block_1_13' title="bbox 199 1314 1778 1384">
    <p class='ocr_par' dir='ltr' id='par_1_13' title="bbox 199 1314 1778 1384">
     <span class='ocr_line' id='line_1_13' title="bbox 199 1314 1778 1384; baseline -0.001 -16"><span class='ocrx_word' id='word_1_77' title='bbox 199 1316 338 1379; x_wconf 87' lang='grc' dir='ltr'>κῶς,</span> <span class='ocrx_word' id='word_1_78' title='bbox 392 1318 444 1368; x_wconf 82' lang='grc' dir='ltr'><strong>εί</strong></span> <span class='ocrx_word' id='word_1_79' title='bbox 489 1314 722 1368; x_wconf 79' lang='grc' dir='ltr'>δύνασαι</span> <span class='ocrx_word' id='word_1_80' title='bbox 772 1314 1179 1384; x_wconf 65' lang='grc' dir='ltr'><strong>καυχήσασθαι,</strong></span> <span class='ocrx_word' id='word_1_81' title='bbox 1218 1315 1308 1366; x_wconf 83' lang='grc' dir='ltr'>ἔπί</span> <span class='ocrx_word' id='word_1_82' title='bbox 1360 1316 1460 1384; x_wconf 72' lang='grc' dir='ltr'>μιᾷ</span> <span class='ocrx_word' id='word_1_83' title='bbox 1497 1314 1628 1382; x_wconf 68' lang='grc' dir='ltr'><strong>γοῦν</strong></span> <span class='ocrx_word' id='word_1_84' title='bbox 1666 1314 1778 1367; x_wconf 89' lang='grc' dir='ltr'><strong>τῶν</strong></span> 
     </span>
    </p>
   </div>
   <div class='ocr_carea' id='block_1_14' title="bbox 198 1407 1775 1479">
    <p class='ocr_par' dir='ltr' id='par_1_14' title="bbox 198 1407 1775 1479">
     <span class='ocr_line' id='line_1_14' title="bbox 198 1407 1775 1479; baseline 0 -19"><span class='ocrx_word' id='word_1_85' title='bbox 198 1409 466 1462; x_wconf 73' lang='grc' dir='ltr'><strong>τοιούτοιν</strong></span> <span class='ocrx_word' id='word_1_86' title='bbox 506 1424 602 1462; x_wconf 88' lang='grc' dir='ltr'>σου</span> <span class='ocrx_word' id='word_1_87' title='bbox 640 1407 956 1474; x_wconf 85' lang='grc' dir='ltr'>συνταγῶν·</span> <span class='ocrx_word' id='word_1_88' title='bbox 996 1408 1045 1459; x_wconf 84' lang='grc' dir='ltr'>εἰ</span> <span class='ocrx_word' id='word_1_89' title='bbox 1091 1407 1149 1461; x_wconf 73' lang='grc' dir='ltr'>δὲ</span> <span class='ocrx_word' id='word_1_90' title='bbox 1188 1407 1352 1471; x_wconf 79' lang='grc' dir='ltr'>αὐτὸς</span> <span class='ocrx_word' id='word_1_91' title='bbox 1390 1408 1643 1478; x_wconf 75' lang='grc' dir='ltr'>ὀκνήσεις</span> <span class='ocrx_word' id='word_1_92' title='bbox 1674 1408 1775 1479; x_wconf 83' lang='grc' dir='ltr'>τὴν</span> 
     </span>
    </p>
   </div>
   <div class='ocr_carea' id='block_1_15' title="bbox 199 1498 1778 1570">
    <p class='ocr_par' dir='ltr' id='par_1_15' title="bbox 199 1498 1778 1570">
     <span class='ocr_line' id='line_1_15' title="bbox 199 1498 1778 1570; baseline 0 -18"><span class='ocrx_word' id='word_1_93' title='bbox 199 1499 418 1565; x_wconf 78' lang='grc' dir='ltr'>λαλιὰν,</span> <span class='ocrx_word' id='word_1_94' title='bbox 469 1501 581 1553; x_wconf 81' lang='grc' dir='ltr'>ἰδοὺ</span> <span class='ocrx_word' id='word_1_95' title='bbox 646 1498 760 1567; x_wconf 78' lang='grc' dir='ltr'><strong>ἐγὼ</strong></span> <span class='ocrx_word' id='word_1_96' title='bbox 823 1499 916 1552; x_wconf 66' lang='grc' dir='ltr'><strong>ἐπὶ</strong></span> <span class='ocrx_word' id='word_1_97' title='bbox 976 1498 1060 1552; x_wconf 69' lang='grc' dir='ltr'><strong>σι.</strong></span> <span class='ocrx_word' id='word_1_98' title='bbox 1111 1499 1220 1554; x_wconf 72' lang='grc' dir='ltr'><strong>Καὶ</strong></span> <span class='ocrx_word' id='word_1_99' title='bbox 1263 1499 1444 1555; x_wconf 85' lang='grc' dir='ltr'>τοίνυν</span> <span class='ocrx_word' id='word_1_100' title='bbox 1488 1499 1705 1553; x_wconf 80' lang='grc' dir='ltr'>ἀκούων</span> <span class='ocrx_word' id='word_1_101' title='bbox 1742 1498 1778 1570; x_wconf 73' lang='grc' dir='ltr'>ἦ</span> 
     </span>
    </p>
   </div>
   <div class='ocr_carea' id='block_1_16' title="bbox 202 1581 1779 1662">
    <p class='ocr_par' dir='ltr' id='par_1_16' title="bbox 202 1581 1779 1662">
     <span class='ocr_line' id='line_1_16' title="bbox 202 1581 1779 1662; baseline 0.001 -18"><span class='ocrx_word' id='word_1_102' title='bbox 202 1581 468 1658; x_wconf 67' lang='grc' dir='ltr'>ἒξέλεῖχε</span> <span class='ocrx_word' id='word_1_103' title='bbox 509 1591 586 1654; x_wconf 84' lang='grc' dir='ltr'>ὡς</span> <span class='ocrx_word' id='word_1_104' title='bbox 620 1591 990 1660; x_wconf 76' lang='grc' dir='ltr'><strong>ψευδομένους</strong></span> <span class='ocrx_word' id='word_1_105' title='bbox 1049 1593 1220 1661; x_wconf 74' lang='grc' dir='ltr'>ἡμᾶς,</span> <span class='ocrx_word' id='word_1_106' title='bbox 1262 1591 1294 1661; x_wconf 83' lang='grc' dir='ltr'>ἢ</span> <span class='ocrx_word' id='word_1_107' title='bbox 1347 1591 1484 1644; x_wconf 78' lang='grc' dir='ltr'>ἀλλὰ</span> <span class='ocrx_word' id='word_1_108' title='bbox 1512 1592 1779 1662; x_wconf 74' lang='grc' dir='ltr'>ἔντρέπου</span> 
     </span>
    </p>
   </div>
   <div class='ocr_carea' id='block_1_17' title="bbox 203 1683 1781 1757">
    <p class='ocr_par' dir='ltr' id='par_1_17' title="bbox 203 1683 1781 1757">
     <span class='ocr_line' id='line_1_17' title="bbox 203 1683 1781 1757; baseline -0.002 -18"><span class='ocrx_word' id='word_1_109' title='bbox 203 1685 346 1755; x_wconf 82' lang='grc' dir='ltr'>πρὸς</span> <span class='ocrx_word' id='word_1_110' title='bbox 377 1685 693 1754; x_wconf 85' lang='grc' dir='ltr'><strong>διόρθωσιν·</strong></span> <span class='ocrx_word' id='word_1_111' title='bbox 727 1684 819 1738; x_wconf 83' lang='grc' dir='ltr'><strong>ἵνα</strong></span> <span class='ocrx_word' id='word_1_112' title='bbox 850 1687 944 1737; x_wconf 80' lang='grc' dir='ltr'><strong>καὶ</strong></span> <span class='ocrx_word' id='word_1_113' title='bbox 981 1684 1043 1737; x_wconf 80' lang='grc' dir='ltr'><strong>σὺ</strong></span> <span class='ocrx_word' id='word_1_114' title='bbox 1071 1685 1344 1757; x_wconf 77' lang='grc' dir='ltr'>κερδήσῃς</span> <span class='ocrx_word' id='word_1_115' title='bbox 1381 1683 1482 1754; x_wconf 84' lang='grc' dir='ltr'>τὴν</span> <span class='ocrx_word' id='word_1_116' title='bbox 1511 1685 1604 1738; x_wconf 82' lang='grc' dir='ltr'><strong>τοῦ</strong></span> <span class='ocrx_word' id='word_1_117' title='bbox 1643 1684 1781 1738; x_wconf 82' lang='grc' dir='ltr'>Θεοῦ</span> 
     </span>
    </p>
   </div>
   <div class='ocr_carea' id='block_1_18' title="bbox 206 1771 1781 1849">
    <p class='ocr_par' dir='ltr' id='par_1_18' title="bbox 206 1771 1781 1849">
     <span class='ocr_line' id='line_1_18' title="bbox 206 1771 1781 1849; baseline 0 -21"><span class='ocrx_word' id='word_1_118' title='bbox 206 1777 600 1845; x_wconf 85' lang='grc' dir='ltr'>παράστασιν,</span> <span class='ocrx_word' id='word_1_119' title='bbox 641 1776 716 1839; x_wconf 84' lang='grc' dir='ltr'>ὡς</span> <span class='ocrx_word' id='word_1_120' title='bbox 774 1777 989 1842; x_wconf 79' lang='grc' dir='ltr'>ἔτάξω,</span> <span class='ocrx_word' id='word_1_121' title='bbox 1043 1771 1110 1849; x_wconf 76' lang='grc' dir='ltr'><strong>ἧς</strong></span> <span class='ocrx_word' id='word_1_122' title='bbox 1170 1776 1554 1847; x_wconf 77' lang='grc' dir='ltr'>μακρύνεσθαι</span> <span class='ocrx_word' id='word_1_123' title='bbox 1593 1777 1781 1830; x_wconf 70' lang='grc' dir='ltr'>κινδυο</span> 
     </span>
    </p>
   </div>
   <div class='ocr_carea' id='block_1_19' title="bbox 206 1869 1782 1940">
    <p class='ocr_par' dir='ltr' id='par_1_19' title="bbox 206 1869 1782 1940">
     <span class='ocr_line' id='line_1_19' title="bbox 206 1869 1782 1940; baseline 0 -18"><span class='ocrx_word' id='word_1_124' title='bbox 206 1869 410 1932; x_wconf 81' lang='grc' dir='ltr'>νεύειςο</span> <span class='ocrx_word' id='word_1_125' title='bbox 443 1871 538 1922; x_wconf 80' lang='grc' dir='ltr'><strong>καὶ</strong></span> <span class='ocrx_word' id='word_1_126' title='bbox 583 1869 744 1938; x_wconf 78' lang='grc' dir='ltr'>ἡμεῖς</span> <span class='ocrx_word' id='word_1_127' title='bbox 784 1870 977 1937; x_wconf 76' lang='grc' dir='ltr'>μισθὸν</span> <span class='ocrx_word' id='word_1_128' title='bbox 1011 1869 1296 1940; x_wconf 76' lang='grc' dir='ltr'><strong>ληψόμεθα</strong></span> <span class='ocrx_word' id='word_1_129' title='bbox 1326 1869 1420 1922; x_wconf 85' lang='grc' dir='ltr'><strong>τοῦ</strong></span> <span class='ocrx_word' id='word_1_130' title='bbox 1448 1869 1782 1939; x_wconf 79' lang='grc' dir='ltr'><strong>ἐπιστρέψαι</strong></span> 
     </span>
    </p>
   </div>
   <div class='ocr_carea' id='block_1_20' title="bbox 1877 673 3463 744">
    <p class='ocr_par' dir='ltr' id='par_1_20' title="bbox 1877 673 3463 744">
     <span class='ocr_line' id='line_1_20' title="bbox 1877 673 3463 744; baseline 0.008 -19"><span class='ocrx_word' id='word_1_131' title='bbox 1877 680 1932 725; x_wconf 87' lang='lat' dir='ltr'><strong>et</strong></span> <span class='ocrx_word' id='word_1_132' title='bbox 1988 686 2225 739; x_wconf 74' lang='lat' dir='ltr'><strong>magna,</strong></span> <span class='ocrx_word' id='word_1_133' title='bbox 2270 680 2325 725; x_wconf 89' lang='lat' dir='ltr'><strong>et</strong></span> <span class='ocrx_word' id='word_1_134' title='bbox 2384 674 2588 736; x_wconf 77' lang='lat' dir='ltr'><strong>facilia.</strong></span> <span class='ocrx_word' id='word_1_135' title='bbox 2641 673 2828 744; x_wconf 73' lang='lat' dir='ltr'><strong>fugere</strong></span> <span class='ocrx_word' id='word_1_136' title='bbox 2877 679 3280 742; x_wconf 86' lang='lat' dir='ltr'><strong>contentiones.</strong></span> <span class='ocrx_word' id='word_1_137' title='bbox 3326 682 3463 737; x_wconf 89' lang='lat' dir='ltr'><strong>iram</strong></span> 
     </span>
    </p>
   </div>
   <div class='ocr_carea' id='block_1_21' title="bbox 1877 761 3462 837">
    <p class='ocr_par' dir='ltr' id='par_1_21' title="bbox 1877 761 3462 837">
     <span class='ocr_line' id='line_1_21' title="bbox 1877 761 3462 837; baseline 0.007 -21"><span class='ocrx_word' id='word_1_138' title='bbox 1877 765 2175 825; x_wconf 86' lang='lat' dir='ltr'><strong>clamores,</strong></span> <span class='ocrx_word' id='word_1_139' title='bbox 2205 761 2402 827; x_wconf 80' lang='lat' dir='ltr'><strong>otium,</strong></span> <span class='ocrx_word' id='word_1_140' title='bbox 2440 763 2739 837; x_wconf 75' lang='lat' dir='ltr'><strong>licentiam,</strong></span> <span class='ocrx_word' id='word_1_141' title='bbox 2771 768 3135 837; x_wconf 79' lang='lat' dir='ltr'><strong>particulares</strong></span> <span class='ocrx_word' id='word_1_142' title='bbox 3164 772 3462 837; x_wconf 83' lang='lat' dir='ltr'><strong>amicitias,</strong></span> 
     </span>
    </p>
   </div>
   <div class='ocr_carea' id='block_1_22' title="bbox 1879 856 3462 932">
    <p class='ocr_par' dir='ltr' id='par_1_22' title="bbox 1879 856 3462 932">
     <span class='ocr_line' id='line_1_22' title="bbox 1879 856 3462 932; baseline 0.006 -24"><span class='ocrx_word' id='word_1_143' title='bbox 1879 856 2272 923; x_wconf 84' lang='lat' dir='ltr'><strong>arrogantiam,</strong></span> <span class='ocrx_word' id='word_1_144' title='bbox 2304 857 2582 924; x_wconf 83' lang='lat' dir='ltr'><strong>querelas,</strong></span> <span class='ocrx_word' id='word_1_145' title='bbox 2607 859 3022 922; x_wconf 83' lang='lat' dir='ltr'><strong>detractionem,</strong></span> <span class='ocrx_word' id='word_1_146' title='bbox 3063 862 3306 930; x_wconf 84' lang='lat' dir='ltr'><strong>privatas</strong></span> <span class='ocrx_word' id='word_1_147' title='bbox 3335 880 3462 932; x_wconf 87' lang='lat' dir='ltr'><strong>pos-</strong></span> 
     </span>
    </p>
   </div>
   <div class='ocr_carea' id='block_1_23' title="bbox 1879 947 3465 1021">
    <p class='ocr_par' dir='ltr' id='par_1_23' title="bbox 1879 947 3465 1021">
     <span class='ocr_line' id='line_1_23' title="bbox 1879 947 3465 1021; baseline 0.005 -19"><span class='ocrx_word' id='word_1_148' title='bbox 1879 947 2178 1003; x_wconf 73' lang='lat' dir='ltr'><strong>Sessioues.</strong></span> <span class='ocrx_word' id='word_1_149' title='bbox 2211 947 2506 1015; x_wconf 78' lang='lat' dir='ltr'><strong>Responde</strong></span> <span class='ocrx_word' id='word_1_150' title='bbox 2539 964 2670 1015; x_wconf 77' lang='lat' dir='ltr'><strong>ergo</strong></span> <span class='ocrx_word' id='word_1_151' title='bbox 2712 966 2808 1018; x_wconf 90' lang='lat' dir='ltr'><strong>pro</strong></span> <span class='ocrx_word' id='word_1_152' title='bbox 2844 961 2931 1017; x_wconf 87' lang='lat' dir='ltr'><strong>te;</strong></span> <span class='ocrx_word' id='word_1_153' title='bbox 2959 960 3124 1021; x_wconf 78' lang='lat' dir='ltr'><strong>atque</strong></span> <span class='ocrx_word' id='word_1_154' title='bbox 3158 955 3242 1008; x_wconf 90' lang='lat' dir='ltr'><strong>his</strong></span> <span class='ocrx_word' id='word_1_155' title='bbox 3269 955 3336 1009; x_wconf 89' lang='lat' dir='ltr'><strong>de</strong></span> <span class='ocrx_word' id='word_1_156' title='bbox 3382 972 3465 1010; x_wconf 89' lang='lat' dir='ltr'><strong>re-</strong></span> 
     </span>
    </p>
   </div>
   <div class='ocr_carea' id='block_1_24' title="bbox 1879 1035 3462 1113">
    <p class='ocr_par' dir='ltr' id='par_1_24' title="bbox 1879 1035 3462 1113">
     <span class='ocr_line' id='line_1_24' title="bbox 1879 1035 3462 1113; baseline 0.006 -22"><span class='ocrx_word' id='word_1_157' title='bbox 1879 1035 1984 1092; x_wconf 89' lang='lat' dir='ltr'><strong>bus</strong></span> <span class='ocrx_word' id='word_1_158' title='bbox 2040 1039 2205 1092; x_wconf 81' lang='lat' dir='ltr'><strong>verba</strong></span> <span class='ocrx_word' id='word_1_159' title='bbox 2245 1038 2476 1101; x_wconf 74' lang='lat' dir='ltr'><strong>faciens.</strong></span> <span class='ocrx_word' id='word_1_160' title='bbox 2510 1039 2554 1093; x_wconf 87' lang='lat' dir='ltr'><strong>si</strong></span> <span class='ocrx_word' id='word_1_161' title='bbox 2587 1040 2808 1108; x_wconf 70' lang='lat' dir='ltr'><strong>gloriari</strong></span> <span class='ocrx_word' id='word_1_162' title='bbox 2846 1056 2996 1111; x_wconf 86' lang='lat' dir='ltr'><strong>potes</strong></span> <span class='ocrx_word' id='word_1_163' title='bbox 3029 1053 3085 1097; x_wconf 91' lang='lat' dir='ltr'><strong>ut</strong></span> <span class='ocrx_word' id='word_1_164' title='bbox 3135 1047 3462 1113; x_wconf 72' lang='lat' dir='ltr'><strong>Apostolus.</strong></span> 
     </span>
    </p>
   </div>
   <div class='ocr_carea' id='block_1_25' title="bbox 1881 1131 3461 1206">
    <p class='ocr_par' dir='ltr' id='par_1_25' title="bbox 1881 1131 3461 1206">
     <span class='ocr_line' id='line_1_25' title="bbox 1881 1131 3461 1206; baseline 0.006 -23"><span class='ocrx_word' id='word_1_165' title='bbox 1881 1131 2120 1201; x_wconf 76' lang='lat' dir='ltr'><strong>gloriare</strong></span> <span class='ocrx_word' id='word_1_166' title='bbox 2159 1131 2227 1186; x_wconf 83' lang='lat' dir='ltr'><strong>de</strong></span> <span class='ocrx_word' id='word_1_167' title='bbox 2256 1147 2366 1186; x_wconf 90' lang='lat' dir='ltr'><strong>uno</strong></span> <span class='ocrx_word' id='word_1_168' title='bbox 2395 1133 2589 1186; x_wconf 89' lang='lat' dir='ltr'><strong>horum</strong></span> <span class='ocrx_word' id='word_1_169' title='bbox 2625 1133 3014 1188; x_wconf 83' lang='lat' dir='ltr'><strong>mandatorum</strong></span> <span class='ocrx_word' id='word_1_170' title='bbox 3045 1151 3072 1190; x_wconf 88' lang='lat' dir='ltr'><strong>a</strong></span> <span class='ocrx_word' id='word_1_171' title='bbox 3111 1147 3162 1190; x_wconf 87' lang='lat' dir='ltr'><strong>te</strong></span> <span class='ocrx_word' id='word_1_172' title='bbox 3188 1148 3409 1193; x_wconf 87' lang='lat' dir='ltr'><strong>servato</strong></span> <span class='ocrx_word' id='word_1_173' title='bbox 3443 1156 3461 1206; x_wconf 85' lang='lat'><strong>;</strong></span> 
     </span>
    </p>
   </div>
   <div class='ocr_carea' id='block_1_26' title="bbox 1880 1224 3467 1297">
    <p class='ocr_par' dir='ltr' id='par_1_26' title="bbox 1880 1224 3467 1297">
     <span class='ocr_line' id='line_1_26' title="bbox 1880 1224 3467 1297; baseline 0.006 -19"><span class='ocrx_word' id='word_1_174' title='bbox 1880 1224 2026 1293; x_wconf 84' lang='lat' dir='ltr'><strong>quod</strong></span> <span class='ocrx_word' id='word_1_175' title='bbox 2057 1225 2102 1278; x_wconf 87' lang='lat' dir='ltr'><strong>si</strong></span> <span class='ocrx_word' id='word_1_176' title='bbox 2135 1224 2332 1278; x_wconf 81' lang='lat' dir='ltr'><strong>metuis</strong></span> <span class='ocrx_word' id='word_1_177' title='bbox 2380 1224 2652 1286; x_wconf 81' lang='lat' dir='ltr'><strong>confiteri,</strong></span> <span class='ocrx_word' id='word_1_178' title='bbox 2689 1239 2818 1278; x_wconf 86' lang='lat' dir='ltr'><strong>ecce</strong></span> <span class='ocrx_word' id='word_1_179' title='bbox 2851 1242 2951 1293; x_wconf 75' lang='lat' dir='ltr'><strong>ego</strong></span> <span class='ocrx_word' id='word_1_180' title='bbox 3020 1244 3118 1297; x_wconf 91' lang='lat' dir='ltr'><strong>pro</strong></span> <span class='ocrx_word' id='word_1_181' title='bbox 3152 1239 3223 1284; x_wconf 88' lang='lat' dir='ltr'><strong>te.</strong></span> <span class='ocrx_word' id='word_1_182' title='bbox 3254 1231 3467 1296; x_wconf 80' lang='lat' dir='ltr'><strong>Quibus</strong></span> 
     </span>
    </p>
   </div>
   <div class='ocr_carea' id='block_1_27' title="bbox 1881 1315 3464 1385">
    <p class='ocr_par' dir='ltr' id='par_1_27' title="bbox 1881 1315 3464 1385">
     <span class='ocr_line' id='line_1_27' title="bbox 1881 1315 3464 1385; baseline 0.006 -17"><span class='ocrx_word' id='word_1_183' title='bbox 1881 1315 2099 1379; x_wconf 75' lang='lat' dir='ltr'><strong>auditis,</strong></span> <span class='ocrx_word' id='word_1_184' title='bbox 2138 1325 2234 1369; x_wconf 87' lang='lat' dir='ltr'><strong>aut</strong></span> <span class='ocrx_word' id='word_1_185' title='bbox 2283 1316 2348 1370; x_wconf 86' lang='lat' dir='ltr'><strong>de</strong></span> <span class='ocrx_word' id='word_1_186' title='bbox 2399 1315 2688 1370; x_wconf 82' lang='lat' dir='ltr'><strong>mendacio</strong></span> <span class='ocrx_word' id='word_1_187' title='bbox 2730 1332 2831 1371; x_wconf 88' lang='lat' dir='ltr'><strong>nos</strong></span> <span class='ocrx_word' id='word_1_188' title='bbox 2863 1333 3052 1385; x_wconf 76' lang='lat' dir='ltr'><strong>argue,</strong></span> <span class='ocrx_word' id='word_1_189' title='bbox 3100 1333 3191 1374; x_wconf 88' lang='lat' dir='ltr'><strong>aut</strong></span> <span class='ocrx_word' id='word_1_190' title='bbox 3245 1322 3464 1377; x_wconf 81' lang='lat' dir='ltr'><strong>ﬂectere</strong></span> 
     </span>
    </p>
   </div>
   <div class='ocr_carea' id='block_1_28' title="bbox 1883 1404 3465 1477">
    <p class='ocr_par' dir='ltr' id='par_1_28' title="bbox 1883 1404 3465 1477">
     <span class='ocr_line' id='line_1_28' title="bbox 1883 1404 3465 1477; baseline 0.003 -18"><span class='ocrx_word' id='word_1_191' title='bbox 1883 1404 1950 1459; x_wconf 84' lang='lat' dir='ltr'><strong>ad</strong></span> <span class='ocrx_word' id='word_1_192' title='bbox 2022 1415 2166 1458; x_wconf 65' lang='lat' dir='ltr'><strong>recte</strong></span> <span class='ocrx_word' id='word_1_193' title='bbox 2237 1406 2548 1475; x_wconf 76' lang='lat' dir='ltr'><strong>agendum,</strong></span> <span class='ocrx_word' id='word_1_194' title='bbox 2591 1415 2649 1458; x_wconf 90' lang='lat' dir='ltr'><strong>ut</strong></span> <span class='ocrx_word' id='word_1_195' title='bbox 2721 1408 2982 1462; x_wconf 84' lang='lat' dir='ltr'><strong>mercaris</strong></span> <span class='ocrx_word' id='word_1_196' title='bbox 3031 1409 3121 1464; x_wconf 84' lang='lat' dir='ltr'><strong>Dei</strong></span> <span class='ocrx_word' id='word_1_197' title='bbox 3175 1413 3465 1477; x_wconf 75' lang='lat' dir='ltr'><strong>auxilium,</strong></span> 
     </span>
    </p>
   </div>
   <div class='ocr_carea' id='block_1_29' title="bbox 1882 1497 3464 1567">
    <p class='ocr_par' dir='ltr' id='par_1_29' title="bbox 1882 1497 3464 1567">
     <span class='ocr_line' id='line_1_29' title="bbox 1882 1497 3464 1567; baseline 0.001 -13"><span class='ocrx_word' id='word_1_198' title='bbox 1882 1497 2026 1567; x_wconf 88' lang='lat' dir='ltr'><strong>quod</strong></span> <span class='ocrx_word' id='word_1_199' title='bbox 2061 1497 2380 1567; x_wconf 81' lang='lat' dir='ltr'><strong>promisisti,</strong></span> <span class='ocrx_word' id='word_1_200' title='bbox 2410 1512 2439 1551; x_wconf 87' lang='lat' dir='ltr'><strong>a</strong></span> <span class='ocrx_word' id='word_1_201' title='bbox 2462 1513 2571 1566; x_wconf 84' lang='lat' dir='ltr'><strong>quo</strong></span> <span class='ocrx_word' id='word_1_202' title='bbox 2615 1515 2680 1553; x_wconf 89' lang='lat' dir='ltr'><strong>ue</strong></span> <span class='ocrx_word' id='word_1_203' title='bbox 2717 1499 2942 1556; x_wconf 75' lang='lat' dir='ltr'><strong>decidas</strong></span> <span class='ocrx_word' id='word_1_204' title='bbox 2979 1501 3284 1555; x_wconf 89' lang='lat' dir='ltr'><strong>timendum</strong></span> <span class='ocrx_word' id='word_1_205' title='bbox 3337 1513 3464 1566; x_wconf 88' lang='lat' dir='ltr'><strong>est,</strong></span> 
     </span>
    </p>
   </div>
   <div class='ocr_carea' id='block_1_30' title="bbox 1884 1589 3471 1664">
    <p class='ocr_par' dir='ltr' id='par_1_30' title="bbox 1884 1589 3471 1664">
     <span class='ocr_line' id='line_1_30' title="bbox 1884 1589 3471 1664; baseline 0.004 -20"><span class='ocrx_word' id='word_1_206' title='bbox 1884 1604 1985 1644; x_wconf 85' lang='lat' dir='ltr'><strong>nos</strong></span> <span class='ocrx_word' id='word_1_207' title='bbox 2037 1598 2218 1642; x_wconf 86' lang='lat' dir='ltr'><strong>autem</strong></span> <span class='ocrx_word' id='word_1_208' title='bbox 2271 1589 2577 1642; x_wconf 83' lang='lat' dir='ltr'><strong>mercedem</strong></span> <span class='ocrx_word' id='word_1_209' title='bbox 2645 1592 3023 1647; x_wconf 71' lang='lat' dir='ltr'><strong>conversionis</strong></span> <span class='ocrx_word' id='word_1_210' title='bbox 3074 1601 3180 1648; x_wconf 72' lang='lat' dir='ltr'><strong>tua:</strong></span> <span class='ocrx_word' id='word_1_211' title='bbox 3230 1595 3471 1664; x_wconf 83' lang='lat' dir='ltr'><strong>accipia-</strong></span> 
     </span>
    </p>
   </div>
   <div class='ocr_carea' id='block_1_31' title="bbox 1885 1676 3465 1748">
    <p class='ocr_par' dir='ltr' id='par_1_31' title="bbox 1885 1676 3465 1748">
     <span class='ocr_line' id='line_1_31' title="bbox 1885 1676 3465 1748; baseline 0.004 -15"><span class='ocrx_word' id='word_1_212' title='bbox 1885 1694 2028 1734; x_wconf 86' lang='lat' dir='ltr'><strong>mus.</strong></span> <span class='ocrx_word' id='word_1_213' title='bbox 2067 1676 2238 1731; x_wconf 85' lang='lat' dir='ltr'><strong>Tuam</strong></span> <span class='ocrx_word' id='word_1_214' title='bbox 2293 1678 2425 1730; x_wconf 87' lang='lat' dir='ltr'><strong>iram</strong></span> <span class='ocrx_word' id='word_1_215' title='bbox 2469 1687 2527 1731; x_wconf 94' lang='lat' dir='ltr'><strong>ut</strong></span> <span class='ocrx_word' id='word_1_216' title='bbox 2555 1680 2828 1748; x_wconf 75' lang='lat' dir='ltr'><strong>serpentis</strong></span> <span class='ocrx_word' id='word_1_217' title='bbox 2859 1681 3016 1736; x_wconf 71' lang='lat' dir='ltr'><strong>rideo</strong></span> <span class='ocrx_word' id='word_1_218' title='bbox 3069 1684 3316 1738; x_wconf 77' lang='lat' dir='ltr'><strong>accendi.</strong></span> <span class='ocrx_word' id='word_1_219' title='bbox 3349 1683 3465 1739; x_wconf 82' lang='lat' dir='ltr'><strong>Non</strong></span> 
     </span>
    </p>
   </div>
   <div class='ocr_carea' id='block_1_32' title="bbox 1886 1759 3468 1829">
    <p class='ocr_par' dir='ltr' id='par_1_32' title="bbox 1886 1759 3468 1829">
     <span class='ocr_line' id='line_1_32' title="bbox 1886 1759 3468 1829; baseline 0.004 -6"><span class='ocrx_word' id='word_1_220' title='bbox 1886 1768 2050 1824; x_wconf 90' lang='lat' dir='ltr'><strong>modo</strong></span> <span class='ocrx_word' id='word_1_221' title='bbox 2084 1769 2230 1821; x_wconf 88' lang='lat' dir='ltr'><strong>enim</strong></span> <span class='ocrx_word' id='word_1_222' title='bbox 2271 1767 2484 1829; x_wconf 67' lang='lat' dir='ltr'><strong>sibilus,</strong></span> <span class='ocrx_word' id='word_1_223' title='bbox 2513 1779 2567 1820; x_wconf 90' lang='lat' dir='ltr'><strong>et</strong></span> <span class='ocrx_word' id='word_1_224' title='bbox 2595 1759 2864 1824; x_wconf 70' lang='lat' dir='ltr'><strong>venenum</strong></span> <span class='ocrx_word' id='word_1_225' title='bbox 2897 1772 3174 1827; x_wconf 80' lang='lat' dir='ltr'><strong>morsibus</strong></span> <span class='ocrx_word' id='word_1_226' title='bbox 3217 1773 3468 1828; x_wconf 79' lang='lat' dir='ltr'><strong>infundis</strong></span> 
     </span>
    </p>
   </div>
   <div class='ocr_carea' id='block_1_33' title="bbox 1885 1863 3472 1932">
    <p class='ocr_par' dir='ltr' id='par_1_33' title="bbox 1885 1863 3472 1932">
     <span class='ocr_line' id='line_1_33' title="bbox 1885 1863 3472 1932; baseline 0.005 -16"><span class='ocrx_word' id='word_1_227' title='bbox 1885 1875 1979 1918; x_wconf 84' lang='lat' dir='ltr'><strong>aut</strong></span> <span class='ocrx_word' id='word_1_228' title='bbox 2019 1863 2147 1916; x_wconf 88' lang='lat' dir='ltr'><strong>illud</strong></span> <span class='ocrx_word' id='word_1_229' title='bbox 2188 1865 2386 1932; x_wconf 71' lang='lat' dir='ltr'><strong>saspius</strong></span> <span class='ocrx_word' id='word_1_230' title='bbox 2415 1879 2479 1916; x_wconf 78' lang='lat' dir='ltr'><strong>ex</strong></span> <span class='ocrx_word' id='word_1_231' title='bbox 2506 1879 2601 1918; x_wconf 90' lang='lat' dir='ltr'><strong>ore</strong></span> <span class='ocrx_word' id='word_1_232' title='bbox 2637 1863 2929 1932; x_wconf 85' lang='lat' dir='ltr'><strong>jacularis,</strong></span> <span class='ocrx_word' id='word_1_233' title='bbox 2980 1867 3074 1920; x_wconf 89' lang='lat' dir='ltr'><strong>sed</strong></span> <span class='ocrx_word' id='word_1_234' title='bbox 3123 1868 3286 1921; x_wconf 86' lang='lat' dir='ltr'><strong>etiam</strong></span> <span class='ocrx_word' id='word_1_235' title='bbox 3314 1871 3472 1924; x_wconf 87' lang='lat' dir='ltr'><strong>sinus</strong></span> 
     </span>
    </p>
   </div>
   <div class='ocr_carea' id='block_1_34' title="bbox 209 1935 1795 2031">
    <p class='ocr_par' dir='ltr' id='par_1_34' title="bbox 209 1935 1784 2031">
     <span class='ocr_line' id='line_1_34' title="bbox 209 1935 1784 2031; baseline -0.001 -17"><span class='ocrx_word' id='word_1_236' title='bbox 209 1978 293 2015; x_wconf 87' lang='grc' dir='ltr'>σε.</span> <span class='ocrx_word' id='word_1_237' title='bbox 344 1963 540 2014; x_wconf 79' lang='grc' dir='ltr'>Βλέπω</span> <span class='ocrx_word' id='word_1_238' title='bbox 724 1935 894 2031; x_wconf 35' lang='grc' dir='ltr'>Θυ-μόν</span> <span class='ocrx_word' id='word_1_239' title='bbox 951 1935 1532 2031; x_wconf 31' lang='grc' dir='ltr'>σου-παρατιθέμενον</span> <span class='ocrx_word' id='word_1_240' title='bbox 1584 1935 1660 2024; x_wconf 73' lang='grc' dir='ltr'><strong>ῶς</strong></span> <span class='ocrx_word' id='word_1_241' title='bbox 1698 1935 1784 2024; x_wconf 75' lang='grc' dir='ltr'><strong>εἰς</strong></span> 
     </span>
    </p>
   </div>
   <div class='ocr_carea' id='block_1_35' title="bbox 1901 1935 3466 2031">
    <p class='ocr_par' dir='ltr' id='par_1_35' title="bbox 1901 1953 3466 2026">
     <span class='ocr_line' id='line_1_35' title="bbox 1901 1953 3466 2026; baseline 0.001 -16"><span class='ocrx_word' id='word_1_242' title='bbox 1901 1957 2132 2010; x_wconf 75' lang='lat' dir='ltr'><strong>)bvertis</strong></span> <span class='ocrx_word' id='word_1_243' title='bbox 2163 1955 2225 2008; x_wconf 86' lang='lat' dir='ltr'><strong>ad</strong></span> <span class='ocrx_word' id='word_1_244' title='bbox 2271 1953 2577 2022; x_wconf 80' lang='lat' dir='ltr'><strong>perdendos</strong></span> <span class='ocrx_word' id='word_1_245' title='bbox 2621 1971 2762 2024; x_wconf 88' lang='lat' dir='ltr'><strong>quos</strong></span> <span class='ocrx_word' id='word_1_246' title='bbox 2813 1957 3041 2026; x_wconf 82' lang='lat' dir='ltr'><strong>stringis</strong></span> <span class='ocrx_word' id='word_1_247' title='bbox 3091 1968 3296 2026; x_wconf 87' lang='lat' dir='ltr'><strong>aperte,</strong></span> <span class='ocrx_word' id='word_1_248' title='bbox 3327 1969 3378 2013; x_wconf 91' lang='lat' dir='ltr'><strong>et</strong></span> <span class='ocrx_word' id='word_1_249' title='bbox 3413 1959 3466 2012; x_wconf 89' lang='lat' dir='ltr'><strong>in</strong></span> 
     </span>
    </p>
   </div>
   <div class='ocr_carea' id='block_1_36' title="bbox 207 2053 1786 2125">
    <p class='ocr_par' dir='ltr' id='par_1_36' title="bbox 207 2053 1786 2125">
     <span class='ocr_line' id='line_1_36' title="bbox 207 2053 1786 2125; baseline -0.002 -18"><span class='ocrx_word' id='word_1_250' title='bbox 207 2053 474 2124; x_wconf 82' lang='grc' dir='ltr'>ὁμοίωσιν</span> <span class='ocrx_word' id='word_1_251' title='bbox 528 2055 725 2122; x_wconf 71' lang='grc' dir='ltr'>ὄφεως.</span> <span class='ocrx_word' id='word_1_252' title='bbox 761 2055 836 2106; x_wconf 73' lang='grc' dir='ltr'><strong>Οὐ</strong></span> <span class='ocrx_word' id='word_1_253' title='bbox 880 2057 992 2125; x_wconf 69' lang='grc' dir='ltr'><strong>γὰρ</strong></span> <span class='ocrx_word' id='word_1_254' title='bbox 1039 2055 1313 2124; x_wconf 82' lang='grc' dir='ltr'>συρίττεις</span> <span class='ocrx_word' id='word_1_255' title='bbox 1349 2055 1546 2124; x_wconf 87' lang='grc' dir='ltr'>μόνον,</span> <span class='ocrx_word' id='word_1_256' title='bbox 1582 2056 1673 2106; x_wconf 73' lang='grc' dir='ltr'><strong>καὶ</strong></span> <span class='ocrx_word' id='word_1_257' title='bbox 1711 2053 1786 2105; x_wconf 79' lang='grc' dir='ltr'>ίὺν</span> 
     </span>
    </p>
   </div>
   <div class='ocr_carea' id='block_1_37' title="bbox 209 2144 1789 2215">
    <p class='ocr_par' dir='ltr' id='par_1_37' title="bbox 209 2144 1789 2215">
     <span class='ocr_line' id='line_1_37' title="bbox 209 2144 1789 2215; baseline -0.002 -16"><span class='ocrx_word' id='word_1_258' title='bbox 209 2148 467 2215; x_wconf 78' lang='grc' dir='ltr'>ἔντήκεις</span> <span class='ocrx_word' id='word_1_259' title='bbox 494 2147 730 2210; x_wconf 81' lang='grc' dir='ltr'><strong>δάκνων,</strong></span> <span class='ocrx_word' id='word_1_260' title='bbox 764 2147 830 2198; x_wconf 69' lang='grc' dir='ltr'>τὰ</span> <span class='ocrx_word' id='word_1_261' title='bbox 877 2147 1047 2200; x_wconf 89' lang='grc' dir='ltr'>πλείω</span> <span class='ocrx_word' id='word_1_262' title='bbox 1096 2146 1150 2198; x_wconf 82' lang='grc' dir='ltr'>δὲ</span> <span class='ocrx_word' id='word_1_263' title='bbox 1202 2144 1500 2209; x_wconf 75' lang='grc' dir='ltr'><strong>ἀκοντίζων</strong></span> <span class='ocrx_word' id='word_1_264' title='bbox 1531 2145 1692 2197; x_wconf 81' lang='grc' dir='ltr'>αὐτὸν</span> <span class='ocrx_word' id='word_1_265' title='bbox 1727 2147 1789 2197; x_wconf 83' lang='grc' dir='ltr'>ἐκ</span> 
     </span>
    </p>
   </div>
   <div class='ocr_carea' id='block_1_38' title="bbox 211 2238 1786 2311">
    <p class='ocr_par' dir='ltr' id='par_1_38' title="bbox 211 2238 1786 2311">
     <span class='ocr_line' id='line_1_38' title="bbox 211 2238 1786 2311; baseline -0.004 -17"><span class='ocrx_word' id='word_1_266' title='bbox 211 2242 508 2311; x_wconf 77' lang='grc' dir='ltr'>στόματος·</span> <span class='ocrx_word' id='word_1_267' title='bbox 544 2240 683 2294; x_wconf 78' lang='grc' dir='ltr'>ἀλλὰ</span> <span class='ocrx_word' id='word_1_268' title='bbox 721 2243 817 2293; x_wconf 80' lang='grc' dir='ltr'>καὶ</span> <span class='ocrx_word' id='word_1_269' title='bbox 847 2241 939 2293; x_wconf 84' lang='grc' dir='ltr'><strong>τὸν</strong></span> <span class='ocrx_word' id='word_1_270' title='bbox 974 2240 1133 2294; x_wconf 65' lang='grc' dir='ltr'>ὁλκὸν</span> <span class='ocrx_word' id='word_1_271' title='bbox 1166 2239 1389 2291; x_wconf 78' lang='grc' dir='ltr'>ἑλίττων</span> <span class='ocrx_word' id='word_1_272' title='bbox 1429 2240 1508 2302; x_wconf 86' lang='grc' dir='ltr'><strong>είς</strong></span> <span class='ocrx_word' id='word_1_273' title='bbox 1557 2238 1786 2308; x_wconf 76' lang='grc' dir='ltr'>βλάϐην,</span> 
     </span>
    </p>
   </div>
   <div class='ocr_carea' id='block_1_39' title="bbox 207 2329 1792 2404">
    <p class='ocr_par' dir='ltr' id='par_1_39' title="bbox 207 2329 1792 2404">
     <span class='ocr_line' id='line_1_39' title="bbox 207 2329 1792 2404; baseline -0.004 -16"><span class='ocrx_word' id='word_1_274' title='bbox 207 2329 293 2397; x_wconf 71' lang='grc' dir='ltr'>οἷς</span> <span class='ocrx_word' id='word_1_275' title='bbox 326 2333 388 2386; x_wconf 82' lang='grc' dir='ltr'>οὐ</span> <span class='ocrx_word' id='word_1_276' title='bbox 422 2334 588 2404; x_wconf 78' lang='grc' dir='ltr'>μόνον</span> <span class='ocrx_word' id='word_1_277' title='bbox 623 2334 878 2402; x_wconf 73' lang='grc' dir='ltr'><strong>σφίγγεις</strong></span> <span class='ocrx_word' id='word_1_278' title='bbox 917 2334 997 2394; x_wconf 90' lang='grc' dir='ltr'><strong>είς</strong></span> <span class='ocrx_word' id='word_1_279' title='bbox 1040 2331 1305 2401; x_wconf 78' lang='grc' dir='ltr'>ἐμφανὲς,</span> <span class='ocrx_word' id='word_1_280' title='bbox 1341 2329 1480 2382; x_wconf 81' lang='grc' dir='ltr'>ἀλλὰ</span> <span class='ocrx_word' id='word_1_281' title='bbox 1511 2333 1604 2381; x_wconf 68' lang='grc' dir='ltr'>καὶ</span> <span class='ocrx_word' id='word_1_282' title='bbox 1637 2329 1792 2399; x_wconf 86' lang='grc' dir='ltr'>στρέ-</span> 
     </span>
    </p>
   </div>
   <div class='ocr_carea' id='block_1_40' title="bbox 209 2417 1794 2498">
    <p class='ocr_par' dir='ltr' id='par_1_40' title="bbox 209 2417 1794 2498">
     <span class='ocr_line' id='line_1_40' title="bbox 209 2417 1794 2498; baseline -0.004 -19"><span class='ocrx_word' id='word_1_283' title='bbox 209 2443 330 2498; x_wconf 69' lang='grc' dir='ltr'>φων</span> <span class='ocrx_word' id='word_1_284' title='bbox 358 2427 564 2488; x_wconf 77' lang='grc' dir='ltr'>δόλους,</span> <span class='ocrx_word' id='word_1_285' title='bbox 619 2427 716 2480; x_wconf 77' lang='grc' dir='ltr'><strong>ἕνα</strong></span> <span class='ocrx_word' id='word_1_286' title='bbox 749 2425 1030 2498; x_wconf 76' lang='grc' dir='ltr'>προϐάλλῃ</span> <span class='ocrx_word' id='word_1_287' title='bbox 1078 2424 1281 2476; x_wconf 83' lang='grc' dir='ltr'>σκοπὸν</span> <span class='ocrx_word' id='word_1_288' title='bbox 1311 2425 1547 2487; x_wconf 81' lang='grc' dir='ltr'>πάντων,</span> <span class='ocrx_word' id='word_1_289' title='bbox 1590 2417 1664 2475; x_wconf 83' lang='grc' dir='ltr'><strong>ὦν</strong></span> <span class='ocrx_word' id='word_1_290' title='bbox 1697 2425 1794 2492; x_wconf 53' lang='lat' dir='ltr'><strong>pay-</strong></span> 
     </span>
    </p>
   </div>
   <div class='ocr_carea' id='block_1_41' title="bbox 207 2515 1788 2590">
    <p class='ocr_par' dir='ltr' id='par_1_41' title="bbox 207 2515 1788 2590">
     <span class='ocr_line' id='line_1_41' title="bbox 207 2515 1788 2590; baseline -0.004 -18"><span class='ocrx_word' id='word_1_291' title='bbox 207 2521 485 2590; x_wconf 76' lang='grc' dir='ltr'>διουργεῐς</span> <span class='ocrx_word' id='word_1_292' title='bbox 517 2523 585 2589; x_wconf 80' lang='grc' dir='ltr'><strong>τῇ</strong></span> <span class='ocrx_word' id='word_1_293' title='bbox 616 2520 707 2572; x_wconf 75' lang='grc' dir='ltr'>καὶ</span> <span class='ocrx_word' id='word_1_294' title='bbox 744 2522 800 2572; x_wconf 86' lang='grc' dir='ltr'><strong>ὲν</strong></span> <span class='ocrx_word' id='word_1_295' title='bbox 829 2518 971 2586; x_wconf 76' lang='grc' dir='ltr'>φωτὶ</span> <span class='ocrx_word' id='word_1_296' title='bbox 1002 2518 1100 2570; x_wconf 59' lang='grc' dir='ltr'><strong>καὶ¹</strong></span> <span class='ocrx_word' id='word_1_297' title='bbox 1136 2519 1192 2570; x_wconf 80' lang='grc' dir='ltr'><strong>ὲν</strong></span> <span class='ocrx_word' id='word_1_298' title='bbox 1223 2516 1531 2586; x_wconf 74' lang='grc' dir='ltr'>ἀποκρύφῳ</span> <span class='ocrx_word' id='word_1_299' title='bbox 1561 2515 1788 2584; x_wconf 64' lang='grc' dir='ltr'>ἐνέδρᾳ·</span> 
     </span>
    </p>
   </div>
   <div class='ocr_carea' id='block_1_42' title="bbox 209 2605 1793 2676">
    <p class='ocr_par' dir='ltr' id='par_1_42' title="bbox 209 2605 1793 2676">
     <span class='ocr_line' id='line_1_42' title="bbox 209 2605 1793 2676; baseline -0.003 -12"><span class='ocrx_word' id='word_1_300' title='bbox 209 2613 240 2664; x_wconf 83' lang='grc' dir='ltr'><strong>δ</strong></span> <span class='ocrx_word' id='word_1_301' title='bbox 276 2613 335 2664; x_wconf 85' lang='grc' dir='ltr'>δέ</span> <span class='ocrx_word' id='word_1_302' title='bbox 386 2615 526 2676; x_wconf 76' lang='grc' dir='ltr'>ἐστι,</span> <span class='ocrx_word' id='word_1_303' title='bbox 566 2612 660 2664; x_wconf 69' lang='grc' dir='ltr'>τὸν</span> <span class='ocrx_word' id='word_1_304' title='bbox 707 2610 882 2663; x_wconf 81' lang='grc' dir='ltr'>ἀθῶον</span> <span class='ocrx_word' id='word_1_305' title='bbox 929 2611 1303 2664; x_wconf 86' lang='grc' dir='ltr'>ἀποκτείνειν.</span> <span class='ocrx_word' id='word_1_306' title='bbox 1348 2608 1556 2661; x_wconf 81' lang='grc' dir='ltr'><strong>’Λθῶον</strong></span> <span class='ocrx_word' id='word_1_307' title='bbox 1599 2607 1655 2660; x_wconf 78' lang='grc' dir='ltr'>δὲ</span> <span class='ocrx_word' id='word_1_308' title='bbox 1696 2605 1793 2660; x_wconf 83' lang='grc' dir='ltr'><strong>νῦν</strong></span> 
     </span>
    </p>
   </div>
   <div class='ocr_carea' id='block_1_43' title="bbox 209 2701 1791 2772">
    <p class='ocr_par' dir='ltr' id='par_1_43' title="bbox 209 2701 1791 2772">
     <span class='ocr_line' id='line_1_43' title="bbox 209 2701 1791 2772; baseline -0.003 -16"><span class='ocrx_word' id='word_1_309' title='bbox 209 2705 366 2768; x_wconf 80' lang='grc' dir='ltr'>λέγω</span> <span class='ocrx_word' id='word_1_310' title='bbox 396 2705 456 2756; x_wconf 79' lang='grc' dir='ltr'><strong>οὐ</strong></span> <span class='ocrx_word' id='word_1_311' title='bbox 497 2703 660 2772; x_wconf 84' lang='grc' dir='ltr'>μόνον</span> <span class='ocrx_word' id='word_1_312' title='bbox 687 2703 781 2755; x_wconf 82' lang='grc' dir='ltr'><strong>τὸν</strong></span> <span class='ocrx_word' id='word_1_313' title='bbox 809 2702 978 2772; x_wconf 82' lang='grc' dir='ltr'><strong>μηδὲν</strong></span> <span class='ocrx_word' id='word_1_314' title='bbox 1003 2701 1245 2772; x_wconf 73' lang='grc' dir='ltr'>μηδὸλως</span> <span class='ocrx_word' id='word_1_315' title='bbox 1274 2701 1656 2770; x_wconf 78' lang='grc' dir='ltr'><strong>ἐξαμαρτόντα</strong></span> <span class='ocrx_word' id='word_1_316' title='bbox 1687 2716 1791 2764; x_wconf 73' lang='grc' dir='ltr'>σοι,</span> 
     </span>
    </p>
   </div>
   <div class='ocr_carea' id='block_1_44' title="bbox 212 2792 1793 2865">
    <p class='ocr_par' dir='ltr' id='par_1_44' title="bbox 212 2792 1793 2865">
     <span class='ocr_line' id='line_1_44' title="bbox 212 2792 1793 2865; baseline -0.004 -15"><span class='ocrx_word' id='word_1_317' title='bbox 212 2797 356 2850; x_wconf 81' lang='grc' dir='ltr'>ἀλλὰ</span> <span class='ocrx_word' id='word_1_318' title='bbox 401 2797 496 2848; x_wconf 80' lang='grc' dir='ltr'><strong>καὶ</strong></span> <span class='ocrx_word' id='word_1_319' title='bbox 533 2797 625 2848; x_wconf 82' lang='grc' dir='ltr'><strong>τὸν</strong></span> <span class='ocrx_word' id='word_1_320' title='bbox 680 2795 1205 2865; x_wconf 74' lang='grc' dir='ltr'>παραπικράναντὰ,</span> <span class='ocrx_word' id='word_1_321' title='bbox 1253 2792 1447 2862; x_wconf 85' lang='grc' dir='ltr'>βιαίως</span> <span class='ocrx_word' id='word_1_322' title='bbox 1494 2792 1551 2845; x_wconf 84' lang='grc' dir='ltr'>δὲ</span> <span class='ocrx_word' id='word_1_323' title='bbox 1603 2793 1793 2860; x_wconf 76' lang='grc' dir='ltr'>φάναι,</span> 
     </span>
    </p>
   </div>
   <div class='ocr_carea' id='block_1_45' title="bbox 213 2884 1797 2956">
    <p class='ocr_par' dir='ltr' id='par_1_45' title="bbox 213 2884 1797 2956">
     <span class='ocr_line' id='line_1_45' title="bbox 213 2884 1797 2956; baseline -0.003 -16"><span class='ocrx_word' id='word_1_324' title='bbox 213 2890 312 2941; x_wconf 73' lang='grc' dir='ltr'><strong>καὶ</strong></span> <span class='ocrx_word' id='word_1_325' title='bbox 340 2887 432 2939; x_wconf 82' lang='grc' dir='ltr'><strong>τὸν</strong></span> <span class='ocrx_word' id='word_1_326' title='bbox 463 2887 530 2939; x_wconf 80' lang='grc' dir='ltr'>τὰ</span> <span class='ocrx_word' id='word_1_327' title='bbox 572 2887 824 2955; x_wconf 79' lang='grc' dir='ltr'><strong>χείριστα</strong></span> <span class='ocrx_word' id='word_1_328' title='bbox 877 2886 1020 2938; x_wconf 79' lang='grc' dir='ltr'>κατὰ</span> <span class='ocrx_word' id='word_1_329' title='bbox 1064 2886 1158 2938; x_wconf 78' lang='grc' dir='ltr'>σοῦ</span> <span class='ocrx_word' id='word_1_330' title='bbox 1191 2886 1492 2956; x_wconf 75' lang='grc' dir='ltr'>δράσαντα.</span> <span class='ocrx_word' id='word_1_331' title='bbox 1523 2884 1659 2940; x_wconf 79' lang='grc' dir='ltr'>Τίνα</span> <span class='ocrx_word' id='word_1_332' title='bbox 1689 2892 1797 2954; x_wconf 75' lang='grc' dir='ltr'><strong>γὰρ</strong></span> 
     </span>
    </p>
   </div>
   <div class='ocr_carea' id='block_1_46' title="bbox 214 2976 1793 3049">
    <p class='ocr_par' dir='ltr' id='par_1_46' title="bbox 214 2976 1793 3049">
     <span class='ocr_line' id='line_1_46' title="bbox 214 2976 1793 3049; baseline -0.004 -15"><span class='ocrx_word' id='word_1_333' title='bbox 214 2980 318 3034; x_wconf 76' lang='grc' dir='ltr'>καὶ</span> <span class='ocrx_word' id='word_1_334' title='bbox 353 2980 496 3049; x_wconf 82' lang='grc' dir='ltr'>ἔχοις</span> <span class='ocrx_word' id='word_1_335' title='bbox 535 2979 603 3031; x_wconf 80' lang='grc' dir='ltr'><strong>ἂν</strong></span> <span class='ocrx_word' id='word_1_336' title='bbox 659 2980 818 3041; x_wconf 74' lang='grc' dir='ltr'>αὐτὸς</span> <span class='ocrx_word' id='word_1_337' title='bbox 863 2981 1040 3030; x_wconf 78' lang='grc' dir='ltr'>εἰπεῖν</span> <span class='ocrx_word' id='word_1_338' title='bbox 1096 2977 1170 3046; x_wconf 83' lang='grc' dir='ltr'><strong>μὴ</strong></span> <span class='ocrx_word' id='word_1_339' title='bbox 1227 2977 1406 3030; x_wconf 78' lang='grc' dir='ltr'>ἀθῶον</span> <span class='ocrx_word' id='word_1_340' title='bbox 1441 2977 1510 3028; x_wconf 75' lang='grc' dir='ltr'><strong>τὰ</strong></span> <span class='ocrx_word' id='word_1_341' title='bbox 1550 2976 1646 3028; x_wconf 73' lang='grc' dir='ltr'><strong>ἐπὶ</strong></span> <span class='ocrx_word' id='word_1_342' title='bbox 1689 2976 1793 3039; x_wconf 77' lang='grc' dir='ltr'>σοὶ,</span> 
     </span>
    </p>
   </div>
   <div class='ocr_carea' id='block_1_47' title="bbox 217 3067 1795 3139">
    <p class='ocr_par' dir='ltr' id='par_1_47' title="bbox 217 3067 1795 3139">
     <span class='ocr_line' id='line_1_47' title="bbox 217 3067 1795 3139; baseline -0.003 -15"><span class='ocrx_word' id='word_1_343' title='bbox 217 3071 512 3139; x_wconf 77' lang='grc' dir='ltr'>ἄνθρωπος</span> <span class='ocrx_word' id='word_1_344' title='bbox 565 3070 980 3139; x_wconf 80' lang='grc' dir='ltr'>νενεκρωμένος</span> <span class='ocrx_word' id='word_1_345' title='bbox 1034 3069 1111 3138; x_wconf 83' lang='grc' dir='ltr'>τῷ</span> <span class='ocrx_word' id='word_1_346' title='bbox 1156 3068 1347 3138; x_wconf 84' lang='grc' dir='ltr'>κόσμῳ</span> <span class='ocrx_word' id='word_1_347' title='bbox 1395 3067 1465 3119; x_wconf 87' lang='grc' dir='ltr'>δι’</span> <span class='ocrx_word' id='word_1_348' title='bbox 1491 3067 1795 3137; x_wconf 83' lang='grc' dir='ltr'>ἁπλότητα,</span> 
     </span>
    </p>
   </div>
   <div class='ocr_carea' id='block_1_48' title="bbox 217 3147 1795 3233">
    <p class='ocr_par' dir='ltr' id='par_1_48' title="bbox 217 3147 1795 3233">
     <span class='ocr_line' id='line_1_48' title="bbox 217 3147 1795 3233; baseline -0.004 -19"><span class='ocrx_word' id='word_1_349' title='bbox 217 3160 350 3214; x_wconf 80' lang='grc' dir='ltr'>καθ’</span> <span class='ocrx_word' id='word_1_350' title='bbox 396 3165 462 3233; x_wconf 79' lang='grc' dir='ltr'><strong>ἢν</strong></span> <span class='ocrx_word' id='word_1_351' title='bbox 523 3147 713 3229; x_wconf 55' lang='grc' dir='ltr'><strong>ἀξίνοεῖ</strong></span> <span class='ocrx_word' id='word_1_352' title='bbox 761 3177 844 3222; x_wconf 86' lang='grc' dir='ltr'><strong>τις</strong></span> <span class='ocrx_word' id='word_1_353' title='bbox 878 3161 939 3212; x_wconf 83' lang='grc' dir='ltr'><strong>οὐ</strong></span> <span class='ocrx_word' id='word_1_354' title='bbox 987 3160 1137 3224; x_wconf 77' lang='grc' dir='ltr'>δεξιὰ</span> <span class='ocrx_word' id='word_1_355' title='bbox 1177 3160 1271 3212; x_wconf 72' lang='grc' dir='ltr'>καὶ</span> <span class='ocrx_word' id='word_1_356' title='bbox 1312 3161 1578 3228; x_wconf 69' lang='grc' dir='ltr'>ἀριστερὰ</span> <span class='ocrx_word' id='word_1_357' title='bbox 1611 3159 1795 3227; x_wconf 79' lang='grc' dir='ltr'>μόνον,</span> 
     </span>
    </p>
   </div>
   <div class='ocr_carea' id='block_1_49' title="bbox 1887 2047 3464 2118">
    <p class='ocr_par' dir='ltr' id='par_1_49' title="bbox 1887 2047 3464 2118">
     <span class='ocr_line' id='line_1_49' title="bbox 1887 2047 3464 2118; baseline 0.001 -16"><span class='ocrx_word' id='word_1_358' title='bbox 1887 2064 2027 2118; x_wconf 91' lang='lat' dir='ltr'><strong>quos</strong></span> <span class='ocrx_word' id='word_1_359' title='bbox 2053 2049 2207 2102; x_wconf 90' lang='lat' dir='ltr'><strong>dolos</strong></span> <span class='ocrx_word' id='word_1_360' title='bbox 2239 2049 2439 2112; x_wconf 88' lang='lat' dir='ltr'><strong>nectis,</strong></span> <span class='ocrx_word' id='word_1_361' title='bbox 2466 2062 2741 2116; x_wconf 87' lang='lat' dir='ltr'><strong>unumque</strong></span> <span class='ocrx_word' id='word_1_362' title='bbox 2772 2047 3010 2102; x_wconf 80' lang='lat' dir='ltr'><strong>intendis</strong></span> <span class='ocrx_word' id='word_1_363' title='bbox 3055 2063 3146 2118; x_wconf 87' lang='lat' dir='ltr'><strong>per</strong></span> <span class='ocrx_word' id='word_1_364' title='bbox 3174 2050 3356 2104; x_wconf 73' lang='lat' dir='ltr'><strong>omnia</strong></span> <span class='ocrx_word' id='word_1_365' title='bbox 3407 2052 3464 2104; x_wconf 89' lang='lat' dir='ltr'><strong>in</strong></span> 
     </span>
    </p>
   </div>
   <div class='ocr_carea' id='block_1_50' title="bbox 1891 2141 3465 2212">
    <p class='ocr_par' dir='ltr' id='par_1_50' title="bbox 1891 2141 3465 2212">
     <span class='ocr_line' id='line_1_50' title="bbox 1891 2141 3465 2212; baseline 0.001 -15"><span class='ocrx_word' id='word_1_366' title='bbox 1891 2143 2037 2207; x_wconf 87' lang='lat' dir='ltr'><strong>luce,</strong></span> <span class='ocrx_word' id='word_1_367' title='bbox 2077 2150 2132 2195; x_wconf 87' lang='lat' dir='ltr'><strong>et</strong></span> <span class='ocrx_word' id='word_1_368' title='bbox 2162 2143 2215 2195; x_wconf 90' lang='lat' dir='ltr'><strong>in</strong></span> <span class='ocrx_word' id='word_1_369' title='bbox 2246 2142 2506 2206; x_wconf 82' lang='lat' dir='ltr'><strong>tenebris,</strong></span> <span class='ocrx_word' id='word_1_370' title='bbox 2541 2141 2752 2194; x_wconf 83' lang='lat' dir='ltr'><strong>scilicet</strong></span> <span class='ocrx_word' id='word_1_371' title='bbox 2779 2141 3089 2195; x_wconf 75' lang='lat' dir='ltr'><strong>innocentis</strong></span> <span class='ocrx_word' id='word_1_372' title='bbox 3141 2144 3465 2212; x_wconf 76' lang='lat' dir='ltr'><strong>peremptio-</strong></span> 
     </span>
    </p>
   </div>
   <div class='ocr_carea' id='block_1_51' title="bbox 1890 2233 3472 2302">
    <p class='ocr_par' dir='ltr' id='par_1_51' title="bbox 1890 2233 3472 2302">
     <span class='ocr_line' id='line_1_51' title="bbox 1890 2233 3472 2302; baseline 0 -13"><span class='ocrx_word' id='word_1_373' title='bbox 1890 2251 2037 2289; x_wconf 86' lang='lat' dir='ltr'><strong>nem.</strong></span> <span class='ocrx_word' id='word_1_374' title='bbox 2092 2233 2437 2288; x_wconf 72' lang='lat' dir='ltr'><strong>[innocentem</strong></span> <span class='ocrx_word' id='word_1_375' title='bbox 2492 2234 2616 2287; x_wconf 83' lang='lat' dir='ltr'><strong>dico</strong></span> <span class='ocrx_word' id='word_1_376' title='bbox 2659 2249 2761 2286; x_wconf 87' lang='lat' dir='ltr'><strong>non</strong></span> <span class='ocrx_word' id='word_1_377' title='bbox 2810 2235 2970 2287; x_wconf 91' lang='lat' dir='ltr'><strong>modo</strong></span> <span class='ocrx_word' id='word_1_378' title='bbox 3001 2250 3124 2288; x_wconf 87' lang='lat' dir='ltr'><strong>eum</strong></span> <span class='ocrx_word' id='word_1_379' title='bbox 3155 2235 3248 2302; x_wconf 86' lang='lat' dir='ltr'><strong>qui</strong></span> <span class='ocrx_word' id='word_1_380' title='bbox 3281 2246 3472 2289; x_wconf 84' lang='lat' dir='ltr'><strong>contra</strong></span> 
     </span>
    </p>
   </div>
   <div class='ocr_carea' id='block_1_52' title="bbox 1894 2326 3474 2395">
    <p class='ocr_par' dir='ltr' id='par_1_52' title="bbox 1894 2326 3474 2395">
     <span class='ocr_line' id='line_1_52' title="bbox 1894 2326 3474 2395; baseline 0.002 -15"><span class='ocrx_word' id='word_1_381' title='bbox 1894 2336 1947 2380; x_wconf 88' lang='lat' dir='ltr'><strong>te</strong></span> <span class='ocrx_word' id='word_1_382' title='bbox 1985 2329 2204 2381; x_wconf 86' lang='lat' dir='ltr'><strong>minime</strong></span> <span class='ocrx_word' id='word_1_383' title='bbox 2249 2327 2500 2394; x_wconf 87' lang='lat' dir='ltr'><strong>deliquit,</strong></span> <span class='ocrx_word' id='word_1_384' title='bbox 2538 2326 2631 2380; x_wconf 86' lang='lat' dir='ltr'><strong>sed</strong></span> <span class='ocrx_word' id='word_1_385' title='bbox 2693 2327 2856 2380; x_wconf 86' lang='lat' dir='ltr'><strong>etiam</strong></span> <span class='ocrx_word' id='word_1_386' title='bbox 2893 2327 2984 2395; x_wconf 91' lang='lat' dir='ltr'><strong>qui</strong></span> <span class='ocrx_word' id='word_1_387' title='bbox 3023 2339 3072 2380; x_wconf 84' lang='lat' dir='ltr'><strong>te</strong></span> <span class='ocrx_word' id='word_1_388' title='bbox 3107 2327 3382 2388; x_wconf 70' lang='lat' dir='ltr'><strong>exeitz-tit,</strong></span> <span class='ocrx_word' id='word_1_389' title='bbox 3417 2335 3474 2384; x_wconf 86' lang='lat' dir='ltr'><strong>et</strong></span> 
     </span>
    </p>
   </div>
   <div class='ocr_carea' id='block_1_53' title="bbox 1894 2418 3472 2487">
    <p class='ocr_par' dir='ltr' id='par_1_53' title="bbox 1894 2418 3472 2487">
     <span class='ocr_line' id='line_1_53' title="bbox 1894 2418 3472 2487; baseline 0.002 -15"><span class='ocrx_word' id='word_1_390' title='bbox 1894 2429 1950 2472; x_wconf 92' lang='lat' dir='ltr'><strong>ut</strong></span> <span class='ocrx_word' id='word_1_391' title='bbox 1968 2419 2114 2473; x_wconf 84' lang='lat' dir='ltr'><strong>brevi</strong></span> <span class='ocrx_word' id='word_1_392' title='bbox 2136 2419 2440 2482; x_wconf 76' lang='lat' dir='ltr'><strong>abSolvam,</strong></span> <span class='ocrx_word' id='word_1_393' title='bbox 2466 2418 2556 2485; x_wconf 90' lang='lat' dir='ltr'><strong>qui</strong></span> <span class='ocrx_word' id='word_1_394' title='bbox 2579 2419 2813 2486; x_wconf 88' lang='lat' dir='ltr'><strong>pessima</strong></span> <span class='ocrx_word' id='word_1_395' title='bbox 2832 2428 3021 2470; x_wconf 88' lang='lat' dir='ltr'><strong>contra</strong></span> <span class='ocrx_word' id='word_1_396' title='bbox 3044 2427 3092 2472; x_wconf 90' lang='lat' dir='ltr'><strong>te</strong></span> <span class='ocrx_word' id='word_1_397' title='bbox 3119 2422 3472 2487; x_wconf 79' lang='lat' dir='ltr'><strong>perpetravit.</strong></span> 
     </span>
    </p>
   </div>
   <div class='ocr_carea' id='block_1_54' title="bbox 1894 2510 3462 2582">
    <p class='ocr_par' dir='ltr' id='par_1_54' title="bbox 1894 2510 3462 2582">
     <span class='ocr_line' id='line_1_54' title="bbox 1894 2510 3462 2582; baseline 0.002 -16"><span class='ocrx_word' id='word_1_398' title='bbox 1894 2513 2066 2578; x_wconf 83' lang='lat' dir='ltr'><strong>Quem</strong></span> <span class='ocrx_word' id='word_1_399' title='bbox 2089 2512 2234 2563; x_wconf 90' lang='lat' dir='ltr'><strong>enim</strong></span> <span class='ocrx_word' id='word_1_400' title='bbox 2265 2526 2373 2564; x_wconf 87' lang='lat' dir='ltr'><strong>non</strong></span> <span class='ocrx_word' id='word_1_401' title='bbox 2409 2513 2760 2566; x_wconf 86' lang='lat' dir='ltr'><strong>innocentem</strong></span> <span class='ocrx_word' id='word_1_402' title='bbox 2791 2528 2916 2580; x_wconf 73' lang='lat' dir='ltr'><strong>erga</strong></span> <span class='ocrx_word' id='word_1_403' title='bbox 2955 2521 3009 2565; x_wconf 91' lang='lat' dir='ltr'><strong>te</strong></span> <span class='ocrx_word' id='word_1_404' title='bbox 3030 2510 3214 2566; x_wconf 84' lang='lat' dir='ltr'><strong>dicere</strong></span> <span class='ocrx_word' id='word_1_405' title='bbox 3248 2529 3462 2582; x_wconf 84' lang='lat' dir='ltr'><strong>posses.</strong></span> 
     </span>
    </p>
   </div>
   <div class='ocr_carea' id='block_1_55' title="bbox 1897 2605 3474 2674">
    <p class='ocr_par' dir='ltr' id='par_1_55' title="bbox 1897 2605 3474 2674">
     <span class='ocr_line' id='line_1_55' title="bbox 1897 2605 3474 2674; baseline 0.002 -15"><span class='ocrx_word' id='word_1_406' title='bbox 1897 2613 1954 2659; x_wconf 90' lang='lat' dir='ltr'><strong>tu</strong></span> <span class='ocrx_word' id='word_1_407' title='bbox 2008 2606 2172 2659; x_wconf 85' lang='lat' dir='ltr'><strong>homo</strong></span> <span class='ocrx_word' id='word_1_408' title='bbox 2229 2605 2433 2658; x_wconf 87' lang='lat' dir='ltr'><strong>mundo</strong></span> <span class='ocrx_word' id='word_1_409' title='bbox 2482 2617 2733 2659; x_wconf 89' lang='lat' dir='ltr'><strong>mortuus</strong></span> <span class='ocrx_word' id='word_1_410' title='bbox 2782 2619 2845 2658; x_wconf 73' lang='lat' dir='ltr'><strong>ex</strong></span> <span class='ocrx_word' id='word_1_411' title='bbox 2879 2606 3229 2674; x_wconf 79' lang='lat' dir='ltr'><strong>simplicitate</strong></span> <span class='ocrx_word' id='word_1_412' title='bbox 3285 2607 3474 2662; x_wconf 76' lang='lat' dir='ltr'><strong>dexte-</strong></span> 
     </span>
    </p>
   </div>
   <div class='ocr_carea' id='block_1_56' title="bbox 1897 2695 3474 2766">
    <p class='ocr_par' dir='ltr' id='par_1_56' title="bbox 1897 2695 3474 2766">
     <span class='ocr_line' id='line_1_56' title="bbox 1897 2695 3474 2766; baseline 0 -16"><span class='ocrx_word' id='word_1_413' title='bbox 1897 2712 2012 2750; x_wconf 86' lang='lat' dir='ltr'><strong>ram</strong></span> <span class='ocrx_word' id='word_1_414' title='bbox 2051 2703 2106 2750; x_wconf 89' lang='lat' dir='ltr'><strong>et</strong></span> <span class='ocrx_word' id='word_1_415' title='bbox 2135 2695 2437 2757; x_wconf 86' lang='lat' dir='ltr'><strong>sinistram,</strong></span> <span class='ocrx_word' id='word_1_416' title='bbox 2475 2696 2583 2750; x_wconf 90' lang='lat' dir='ltr'><strong>imo</strong></span> <span class='ocrx_word' id='word_1_417' title='bbox 2637 2695 2827 2757; x_wconf 72' lang='lat' dir='ltr'><strong>vitam,</strong></span> <span class='ocrx_word' id='word_1_418' title='bbox 2852 2696 3156 2764; x_wconf 81' lang='lat' dir='ltr'><strong>ignorante,</strong></span> <span class='ocrx_word' id='word_1_419' title='bbox 3184 2699 3346 2750; x_wconf 91' lang='lat' dir='ltr'><strong>homo</strong></span> <span class='ocrx_word' id='word_1_420' title='bbox 3382 2698 3474 2766; x_wconf 86' lang='lat' dir='ltr'><strong>qui</strong></span> 
     </span>
    </p>
   </div>
   <div class='ocr_carea' id='block_1_57' title="bbox 1897 2787 3478 2858">
    <p class='ocr_par' dir='ltr' id='par_1_57' title="bbox 1897 2787 3478 2858">
     <span class='ocr_line' id='line_1_57' title="bbox 1897 2787 3478 2858; baseline 0.001 -16"><span class='ocrx_word' id='word_1_421' title='bbox 1897 2792 2008 2843; x_wconf 78' lang='lat' dir='ltr'><strong>vita</strong></span> <span class='ocrx_word' id='word_1_422' title='bbox 2042 2788 2155 2843; x_wconf 78' lang='lat' dir='ltr'><strong>fere</strong></span> <span class='ocrx_word' id='word_1_423' title='bbox 2185 2788 2504 2853; x_wconf 83' lang='lat' dir='ltr'><strong>defunctus,</strong></span> <span class='ocrx_word' id='word_1_424' title='bbox 2535 2787 2672 2842; x_wconf 86' lang='lat' dir='ltr'><strong>nihil</strong></span> <span class='ocrx_word' id='word_1_425' title='bbox 2704 2787 2868 2842; x_wconf 87' lang='lat' dir='ltr'><strong>habet</strong></span> <span class='ocrx_word' id='word_1_426' title='bbox 2885 2803 2995 2857; x_wconf 86' lang='lat' dir='ltr'><strong>quo</strong></span> <span class='ocrx_word' id='word_1_427' title='bbox 3018 2789 3478 2858; x_wconf 78' lang='lat' dir='ltr'><strong>privetur‘llnuo-</strong></span> 
     </span>
    </p>
   </div>
   <div class='ocr_carea' id='block_1_58' title="bbox 1895 2879 3475 2949">
    <p class='ocr_par' dir='ltr' id='par_1_58' title="bbox 1895 2879 3475 2949">
     <span class='ocr_line' id='line_1_58' title="bbox 1895 2879 3475 2949; baseline -0.003 -13"><span class='ocrx_word' id='word_1_428' title='bbox 1895 2897 2027 2937; x_wconf 87' lang='lat' dir='ltr'><strong>cens</strong></span> <span class='ocrx_word' id='word_1_429' title='bbox 2081 2895 2212 2949; x_wconf 78' lang='lat' dir='ltr'><strong>ergo</strong></span> <span class='ocrx_word' id='word_1_430' title='bbox 2241 2890 2349 2943; x_wconf 88' lang='lat' dir='ltr'><strong>est,</strong></span> <span class='ocrx_word' id='word_1_431' title='bbox 2387 2879 2532 2948; x_wconf 87' lang='lat' dir='ltr'><strong>quod</strong></span> <span class='ocrx_word' id='word_1_432' title='bbox 2580 2879 2776 2932; x_wconf 84' lang='lat' dir='ltr'><strong>attinet</strong></span> <span class='ocrx_word' id='word_1_433' title='bbox 2809 2880 2876 2931; x_wconf 88' lang='lat' dir='ltr'><strong>ad</strong></span> <span class='ocrx_word' id='word_1_434' title='bbox 2941 2889 3014 2942; x_wconf 89' lang='lat' dir='ltr'><strong>te,</strong></span> <span class='ocrx_word' id='word_1_435' title='bbox 3049 2881 3230 2933; x_wconf 85' lang='lat' dir='ltr'><strong>omnis</strong></span> <span class='ocrx_word' id='word_1_436' title='bbox 3259 2888 3313 2933; x_wconf 89' lang='lat' dir='ltr'><strong>et</strong></span> <span class='ocrx_word' id='word_1_437' title='bbox 3337 2895 3475 2946; x_wconf 85' lang='lat' dir='ltr'><strong>qua-</strong></span> 
     </span>
    </p>
   </div>
   <div class='ocr_carea' id='block_1_59' title="bbox 1898 2966 3479 3038">
    <p class='ocr_par' dir='ltr' id='par_1_59' title="bbox 1898 2966 3479 3038">
     <span class='ocr_line' id='line_1_59' title="bbox 1898 2966 3479 3038; baseline -0.001 -13"><span class='ocrx_word' id='word_1_438' title='bbox 1898 2969 2196 3036; x_wconf 79' lang='lat' dir='ltr'><strong>liscunque</strong></span> <span class='ocrx_word' id='word_1_439' title='bbox 2234 2967 2416 3021; x_wconf 87' lang='lat' dir='ltr'><strong>homo.</strong></span> <span class='ocrx_word' id='word_1_440' title='bbox 2469 2966 2545 3020; x_wconf 89' lang='lat' dir='ltr'><strong>De</strong></span> <span class='ocrx_word' id='word_1_441' title='bbox 2593 2977 2646 3019; x_wconf 88' lang='lat' dir='ltr'><strong>te</strong></span> <span class='ocrx_word' id='word_1_442' title='bbox 2691 2969 2903 3020; x_wconf 87' lang='lat' dir='ltr'><strong>nullum</strong></span> <span class='ocrx_word' id='word_1_443' title='bbox 2961 2968 3210 3033; x_wconf 83' lang='lat' dir='ltr'><strong>dubium,</strong></span> <span class='ocrx_word' id='word_1_444' title='bbox 3268 2983 3479 3038; x_wconf 81' lang='lat' dir='ltr'><strong>pauper</strong></span> 
     </span>
    </p>
   </div>
   <div class='ocr_carea' id='block_1_60' title="bbox 1900 3057 3481 3126">
    <p class='ocr_par' dir='ltr' id='par_1_60' title="bbox 1900 3057 3481 3126">
     <span class='ocr_line' id='line_1_60' title="bbox 1900 3057 3481 3126; baseline 0.001 -14"><span class='ocrx_word' id='word_1_445' title='bbox 1900 3060 2044 3112; x_wconf 86' lang='lat' dir='ltr'><strong>enim</strong></span> <span class='ocrx_word' id='word_1_446' title='bbox 2070 3073 2099 3110; x_wconf 71' lang='grc' dir='ltr'>ει</span> <span class='ocrx_word' id='word_1_447' title='bbox 2141 3057 2291 3110; x_wconf 89' lang='lat' dir='ltr'><strong>nullo</strong></span> <span class='ocrx_word' id='word_1_448' title='bbox 2336 3057 2623 3123; x_wconf 81' lang='lat' dir='ltr'><strong>spoliatur.</strong></span> <span class='ocrx_word' id='word_1_449' title='bbox 2660 3057 2740 3110; x_wconf 84' lang='lat' dir='ltr'><strong>Ad</strong></span> <span class='ocrx_word' id='word_1_450' title='bbox 2771 3057 2900 3126; x_wconf 89' lang='lat' dir='ltr'><strong>quid</strong></span> <span class='ocrx_word' id='word_1_451' title='bbox 2931 3072 3062 3126; x_wconf 79' lang='lat' dir='ltr'><strong>ergo</strong></span> <span class='ocrx_word' id='word_1_452' title='bbox 3103 3059 3184 3112; x_wconf 88' lang='lat' dir='ltr'><strong>ira</strong></span> <span class='ocrx_word' id='word_1_453' title='bbox 3207 3067 3295 3112; x_wconf 87' lang='lat' dir='ltr'><strong>tua</strong></span> <span class='ocrx_word' id='word_1_454' title='bbox 3329 3073 3481 3113; x_wconf 86' lang='lat' dir='ltr'><strong>com-</strong></span> 
     </span>
    </p>
   </div>
   <div class='ocr_carea' id='block_1_61' title="bbox 1904 3149 3476 3220">
    <p class='ocr_par' dir='ltr' id='par_1_61' title="bbox 1904 3149 3476 3220">
     <span class='ocr_line' id='line_1_61' title="bbox 1904 3149 3476 3220; baseline 0.005 -20"><span class='ocrx_word' id='word_1_455' title='bbox 1904 3159 2156 3220; x_wconf 87' lang='lat' dir='ltr'><strong>ponetur,</strong></span> <span class='ocrx_word' id='word_1_456' title='bbox 2194 3151 2295 3204; x_wconf 91' lang='lat' dir='ltr'><strong>nisi</strong></span> <span class='ocrx_word' id='word_1_457' title='bbox 2349 3149 2413 3202; x_wconf 88' lang='lat' dir='ltr'><strong>ad</strong></span> <span class='ocrx_word' id='word_1_458' title='bbox 2475 3150 2728 3204; x_wconf 75' lang='lat' dir='ltr'><strong>nocivum</strong></span> <span class='ocrx_word' id='word_1_459' title='bbox 2760 3158 3097 3218; x_wconf 83' lang='lat' dir='ltr'><strong>serpentem,</strong></span> <span class='ocrx_word' id='word_1_460' title='bbox 3131 3151 3226 3219; x_wconf 92' lang='lat' dir='ltr'><strong>qui</strong></span> <span class='ocrx_word' id='word_1_461' title='bbox 3264 3153 3476 3208; x_wconf 79' lang='lat' dir='ltr'><strong>similes</strong></span> 
     </span>
    </p>
   </div>
   <div class='ocr_carea' id='block_1_62' title="bbox 215 3241 1795 3323">
    <p class='ocr_par' dir='ltr' id='par_1_62' title="bbox 215 3250 1795 3323">
     <span class='ocr_line' id='line_1_62' title="bbox 215 3250 1795 3323; baseline -0.004 -15"><span class='ocrx_word' id='word_1_462' title='bbox 215 3254 360 3308; x_wconf 72' lang='grc' dir='ltr'><strong>ἀλλᾶ</strong></span> <span class='ocrx_word' id='word_1_463' title='bbox 389 3260 484 3309; x_wconf 82' lang='grc' dir='ltr'><strong>καὶ</strong></span> <span class='ocrx_word' id='word_1_464' title='bbox 533 3256 634 3308; x_wconf 74' lang='grc' dir='ltr'><strong>ἐὰν</strong></span> <span class='ocrx_word' id='word_1_465' title='bbox 674 3255 764 3323; x_wconf 78' lang='grc' dir='ltr'>ζῇ,</span> <span class='ocrx_word' id='word_1_466' title='bbox 797 3253 891 3308; x_wconf 71' lang='grc' dir='ltr'>καὶ</span> <span class='ocrx_word' id='word_1_467' title='bbox 925 3253 1078 3322; x_wconf 74' lang='grc' dir='ltr'>παρὰ</span> <span class='ocrx_word' id='word_1_468' title='bbox 1114 3252 1289 3322; x_wconf 82' lang='grc' dir='ltr'><strong>βραχύ</strong></span> <span class='ocrx_word' id='word_1_469' title='bbox 1324 3270 1376 3306; x_wconf 85' lang='grc' dir='ltr'><strong>τι</strong></span> <span class='ocrx_word' id='word_1_470' title='bbox 1415 3252 1654 3315; x_wconf 77' lang='grc' dir='ltr'>ἔκὸιοὺς,</span> <span class='ocrx_word' id='word_1_471' title='bbox 1701 3250 1795 3302; x_wconf 69' lang='grc' dir='ltr'><strong>καὶ</strong></span> 
     </span>
    </p>
   </div>
   <div class='ocr_carea' id='block_1_63' title="bbox 1901 3241 3472 3323">
    <p class='ocr_par' dir='ltr' id='par_1_63' title="bbox 1904 3241 3472 3312">
     <span class='ocr_line' id='line_1_63' title="bbox 1904 3241 3472 3312; baseline 0.001 -16"><span class='ocrx_word' id='word_1_472' title='bbox 1904 3246 1980 3296; x_wconf 86' lang='grc' dir='ltr'><strong>ιιιί</strong></span> <span class='ocrx_word' id='word_1_473' title='bbox 2045 3252 2219 3312; x_wconf 84' lang='lat' dir='ltr'><strong>potest</strong></span> <span class='ocrx_word' id='word_1_474' title='bbox 2264 3243 2477 3311; x_wconf 87' lang='lat' dir='ltr'><strong>punire,</strong></span> <span class='ocrx_word' id='word_1_475' title='bbox 2511 3252 2562 3293; x_wconf 87' lang='lat' dir='ltr'><strong>et</strong></span> <span class='ocrx_word' id='word_1_476' title='bbox 2627 3241 2852 3310; x_wconf 83' lang='lat' dir='ltr'><strong>provide</strong></span> <span class='ocrx_word' id='word_1_477' title='bbox 2905 3256 3011 3296; x_wconf 92' lang='lat' dir='ltr'><strong>non</strong></span> <span class='ocrx_word' id='word_1_478' title='bbox 3064 3243 3328 3298; x_wconf 88' lang='lat' dir='ltr'><strong>innocens</strong></span> <span class='ocrx_word' id='word_1_479' title='bbox 3376 3244 3472 3298; x_wconf 92' lang='lat' dir='ltr'><strong>tibi</strong></span> 
     </span>
    </p>
   </div>
   <div class='ocr_carea' id='block_1_64' title="bbox 221 3333 1795 3418">
    <p class='ocr_par' dir='ltr' id='par_1_64' title="bbox 221 3343 1795 3418">
     <span class='ocr_line' id='line_1_64' title="bbox 221 3343 1795 3418; baseline -0.006 -17"><span class='ocrx_word' id='word_1_480' title='bbox 221 3347 394 3418; x_wconf 72' lang='grc' dir='ltr'>μηδὲν</span> <span class='ocrx_word' id='word_1_481' title='bbox 431 3349 590 3418; x_wconf 86' lang='grc' dir='ltr'>ἔχων,</span> <span class='ocrx_word' id='word_1_482' title='bbox 623 3346 652 3399; x_wconf 81' lang='grc' dir='ltr'><strong>ὅ</strong></span> <span class='ocrx_word' id='word_1_483' title='bbox 682 3345 746 3399; x_wconf 82' lang='grc' dir='ltr'><strong>ἂν</strong></span> <span class='ocrx_word' id='word_1_484' title='bbox 782 3345 1152 3415; x_wconf 82' lang='grc' dir='ltr'>ζημιωθείης;</span> <span class='ocrx_word' id='word_1_485' title='bbox 1194 3345 1395 3408; x_wconf 80' lang='grc' dir='ltr'>Ἀοῶος</span> <span class='ocrx_word' id='word_1_486' title='bbox 1419 3343 1512 3398; x_wconf 71' lang='grc' dir='ltr'><strong>οὖν</strong></span> <span class='ocrx_word' id='word_1_487' title='bbox 1543 3344 1606 3397; x_wconf 83' lang='grc' dir='ltr'><strong>τό</strong></span> <span class='ocrx_word' id='word_1_488' title='bbox 1647 3361 1708 3411; x_wconf 83' lang='grc' dir='ltr'>γε</span> <span class='ocrx_word' id='word_1_489' title='bbox 1738 3345 1795 3394; x_wconf 68' lang='grc' dir='ltr'><strong>εἰε</strong></span> 
     </span>
    </p>
   </div>
   <div class='ocr_carea' id='block_1_65' title="bbox 1901 3333 3474 3418">
    <p class='ocr_par' dir='ltr' id='par_1_65' title="bbox 1925 3333 3474 3402">
     <span class='ocr_line' id='line_1_65' title="bbox 1925 3333 3474 3402; baseline 0.002 -16"><span class='ocrx_word' id='word_1_490' title='bbox 1925 3335 2148 3392; x_wconf 83' lang='lat' dir='ltr'><strong>evadit?</strong></span> <span class='ocrx_word' id='word_1_491' title='bbox 2203 3334 2376 3402; x_wconf 82' lang='lat' dir='ltr'><strong>Atque</strong></span> <span class='ocrx_word' id='word_1_492' title='bbox 2433 3333 2690 3386; x_wconf 66' lang='lat' dir='ltr'><strong>iudicium</strong></span> <span class='ocrx_word' id='word_1_493' title='bbox 2751 3334 2844 3384; x_wconf 70' lang='lat' dir='ltr'><strong>ira:</strong></span> <span class='ocrx_word' id='word_1_494' title='bbox 2903 3342 3010 3386; x_wconf 73' lang='lat' dir='ltr'><strong>tuze</strong></span> <span class='ocrx_word' id='word_1_495' title='bbox 3064 3334 3108 3386; x_wconf 82' lang='lat' dir='ltr'><strong>si</strong></span> <span class='ocrx_word' id='word_1_496' title='bbox 3162 3336 3474 3402; x_wconf 68' lang='lat' dir='ltr'><strong>quaesieris,</strong></span> 
     </span>
    </p>
   </div>
   <div class='ocr_carea' id='block_1_66' title="bbox 223 3423 1795 3514">
    <p class='ocr_par' dir='ltr' id='par_1_66' title="bbox 223 3435 1795 3514">
     <span class='ocr_line' id='line_1_66' title="bbox 223 3435 1795 3514; baseline -0.008 -19"><span class='ocrx_word' id='word_1_497' title='bbox 223 3444 284 3495; x_wconf 82' lang='grc' dir='ltr'><strong>σὲ</strong></span> <span class='ocrx_word' id='word_1_498' title='bbox 317 3437 453 3514; x_wconf 80' lang='grc' dir='ltr'>ἧκον</span> <span class='ocrx_word' id='word_1_499' title='bbox 490 3442 634 3502; x_wconf 60' lang='lat' dir='ltr'><strong>ita;</strong></span> <span class='ocrx_word' id='word_1_500' title='bbox 686 3439 778 3491; x_wconf 72' lang='grc' dir='ltr'><strong>καὶ</strong></span> <span class='ocrx_word' id='word_1_501' title='bbox 809 3441 1060 3502; x_wconf 84' lang='grc' dir='ltr'>παντοῖος</span> <span class='ocrx_word' id='word_1_502' title='bbox 1103 3439 1407 3509; x_wconf 81' lang='grc' dir='ltr'>ἄνθρωπος.</span> <span class='ocrx_word' id='word_1_503' title='bbox 1444 3439 1516 3490; x_wconf 79' lang='grc' dir='ltr'><strong>Σὺ</strong></span> <span class='ocrx_word' id='word_1_504' title='bbox 1559 3438 1658 3504; x_wconf 81' lang='grc' dir='ltr'><strong>μὲν</strong></span> <span class='ocrx_word' id='word_1_505' title='bbox 1709 3435 1795 3502; x_wconf 51' lang='lat' dir='ltr'><strong>vi;</strong></span> 
     </span>
    </p>
   </div>
   <div class='ocr_carea' id='block_1_67' title="bbox 1901 3423 3334 3514">
    <p class='ocr_par' dir='ltr' id='par_1_67' title="bbox 1931 3423 3334 3494">
     <span class='ocr_line' id='line_1_67' title="bbox 1931 3423 3334 3494; baseline -0.001 -11"><span class='ocrx_word' id='word_1_506' title='bbox 1931 3428 2059 3484; x_wconf 90' lang='lat' dir='ltr'><strong>illud</strong></span> <span class='ocrx_word' id='word_1_507' title='bbox 2089 3427 2142 3480; x_wconf 83' lang='lat' dir='ltr'><strong>in</strong></span> <span class='ocrx_word' id='word_1_508' title='bbox 2173 3433 2424 3494; x_wconf 70' lang='lat' dir='ltr'><strong>promptu</strong></span> <span class='ocrx_word' id='word_1_509' title='bbox 2459 3425 2560 3478; x_wconf 82' lang='lat' dir='ltr'><strong>erit</strong></span> <span class='ocrx_word' id='word_1_510' title='bbox 2581 3441 2641 3477; x_wconf 81' lang='lat' dir='ltr'><strong>ex</strong></span> <span class='ocrx_word' id='word_1_511' title='bbox 2671 3423 2964 3478; x_wconf 80' lang='lat' dir='ltr'><strong>manifesta</strong></span> <span class='ocrx_word' id='word_1_512' title='bbox 2992 3424 3334 3481; x_wconf 85' lang='lat' dir='ltr'><strong>ebullitione.</strong></span> 
     </span>
    </p>
   </div>
   <div class='ocr_carea' id='block_1_68' title="bbox 221 3519 3484 3610">
    <p class='ocr_par' dir='ltr' id='par_1_68' title="bbox 221 3519 3484 3610">
     <span class='ocr_line' id='line_1_68' title="bbox 221 3519 3484 3610; baseline -0.005 -20"><span class='ocrx_word' id='word_1_513' title='bbox 221 3537 570 3610; x_wconf 78' lang='grc' dir='ltr'>ἀκραιφνῶς·</span> <span class='ocrx_word' id='word_1_514' title='bbox 629 3535 895 3604; x_wconf 79' lang='grc' dir='ltr'><strong>ἀκτήμων</strong></span> <span class='ocrx_word' id='word_1_515' title='bbox 953 3533 1009 3585; x_wconf 81' lang='grc' dir='ltr'>δὲ</span> <span class='ocrx_word' id='word_1_516' title='bbox 1057 3533 1235 3595; x_wconf 74' lang='grc' dir='ltr'>οὐδεὶς</span> <span class='ocrx_word' id='word_1_517' title='bbox 1276 3533 1340 3586; x_wconf 83' lang='grc' dir='ltr'><strong>ἂν</strong></span> <span class='ocrx_word' id='word_1_518' title='bbox 1395 3531 1651 3602; x_wconf 81' lang='grc' dir='ltr'><strong>ζημιοῖτο</strong></span> <span class='ocrx_word' id='word_1_519' title='bbox 1719 3529 1853 3600; x_wconf 85' lang='grc' dir='ltr'>πρὸς</span> <span class='ocrx_word' id='word_1_520' title='bbox 1872 3525 2113 3586; x_wconf 77' lang='grc' dir='ltr'>οὐδενός.</span> <span class='ocrx_word' id='word_1_521' title='bbox 2157 3522 2246 3582; x_wconf 76' lang='grc' dir='ltr'><strong>Εἰς</strong></span> <span class='ocrx_word' id='word_1_522' title='bbox 2278 3519 2329 3571; x_wconf 74' lang='grc' dir='ltr'>τί</span> <span class='ocrx_word' id='word_1_523' title='bbox 2367 3519 2459 3572; x_wconf 79' lang='grc' dir='ltr'>οὖν</span> <span class='ocrx_word' id='word_1_524' title='bbox 2496 3537 2579 3571; x_wconf 85' lang='grc' dir='ltr'><strong>σοι</strong></span> <span class='ocrx_word' id='word_1_525' title='bbox 2611 3519 2763 3571; x_wconf 75' lang='grc' dir='ltr'><strong>ἔσται</strong></span> <span class='ocrx_word' id='word_1_526' title='bbox 2789 3520 2816 3570; x_wconf 80' lang='grc' dir='ltr'>ὁ</span> <span class='ocrx_word' id='word_1_527' title='bbox 2848 3519 3042 3588; x_wconf 77' lang='grc' dir='ltr'>θυμὸς,</span> <span class='ocrx_word' id='word_1_528' title='bbox 3085 3522 3169 3574; x_wconf 81' lang='grc' dir='ltr'><strong>ὅτι</strong></span> <span class='ocrx_word' id='word_1_529' title='bbox 3207 3524 3283 3592; x_wconf 84' lang='grc' dir='ltr'><strong>μὴ</strong></span> <span class='ocrx_word' id='word_1_530' title='bbox 3324 3525 3484 3594; x_wconf 81' lang='grc' dir='ltr'>μόνον</span> 
     </span>
    </p>
   </div>
   <div class='ocr_carea' id='block_1_69' title="bbox 217 3613 3482 3695">
    <p class='ocr_par' dir='ltr' id='par_1_69' title="bbox 217 3613 3482 3695">
     <span class='ocr_line' id='line_1_69' title="bbox 217 3613 3482 3695; baseline -0.005 -8"><span class='ocrx_word' id='word_1_531' title='bbox 217 3631 369 3687; x_wconf 80' lang='grc' dir='ltr'>κατὰ</span> <span class='ocrx_word' id='word_1_532' title='bbox 399 3628 494 3682; x_wconf 85' lang='grc' dir='ltr'><strong>τοῦ</strong></span> <span class='ocrx_word' id='word_1_533' title='bbox 529 3627 792 3695; x_wconf 81' lang='grc' dir='ltr'>πολεμίου</span> <span class='ocrx_word' id='word_1_534' title='bbox 834 3625 1032 3692; x_wconf 78' lang='grc' dir='ltr'>ὄφεως,</span> <span class='ocrx_word' id='word_1_535' title='bbox 1069 3625 1162 3678; x_wconf 77' lang='grc' dir='ltr'>τοῦ</span> <span class='ocrx_word' id='word_1_536' title='bbox 1195 3626 1497 3693; x_wconf 83' lang='grc' dir='ltr'>δυναμένου</span> <span class='ocrx_word' id='word_1_537' title='bbox 1560 3627 1688 3688; x_wconf 65' lang='grc' dir='ltr'>τοὺς</span> <span class='ocrx_word' id='word_1_538' title='bbox 1731 3619 1871 3676; x_wconf 80' lang='grc' dir='ltr'>κατὰ</span> <span class='ocrx_word' id='word_1_539' title='bbox 1902 3621 1960 3671; x_wconf 81' lang='grc' dir='ltr'><strong>σὲ</strong></span> <span class='ocrx_word' id='word_1_540' title='bbox 1993 3613 2246 3686; x_wconf 73' lang='grc' dir='ltr'><strong>ζημιοῦν,</strong></span> <span class='ocrx_word' id='word_1_541' title='bbox 2287 3614 2381 3666; x_wconf 83' lang='grc' dir='ltr'>καὶ</span> <span class='ocrx_word' id='word_1_542' title='bbox 2406 3613 2550 3666; x_wconf 78' lang='grc' dir='ltr'>οὕτω</span> <span class='ocrx_word' id='word_1_543' title='bbox 2581 3614 2656 3683; x_wconf 79' lang='grc' dir='ltr'><strong>μὴ</strong></span> <span class='ocrx_word' id='word_1_544' title='bbox 2681 3614 2732 3666; x_wconf 74' lang='grc' dir='ltr'><strong>α’</strong></span> <span class='ocrx_word' id='word_1_545' title='bbox 2754 3613 2862 3666; x_wconf 71' lang='grc' dir='ltr'><strong>ώου</strong></span> <span class='ocrx_word' id='word_1_546' title='bbox 2881 3615 2974 3666; x_wconf 75' lang='grc' dir='ltr'><strong>ἐπὶ</strong></span> <span class='ocrx_word' id='word_1_547' title='bbox 3005 3616 3088 3666; x_wconf 66' lang='grc' dir='ltr'><strong>σοὶ</strong></span> <span class='ocrx_word' id='word_1_548' title='bbox 3109 3617 3482 3674; x_wconf 78' lang='grc' dir='ltr'>ἀπεκὸαίνονο</span> 
     </span>
    </p>
   </div>
   <div class='ocr_carea' id='block_1_70' title="bbox 220 3706 3481 3792">
    <p class='ocr_par' dir='ltr' id='par_1_70' title="bbox 220 3706 3481 3792">
     <span class='ocr_line' id='line_1_70' title="bbox 220 3706 3481 3792; baseline -0.001 -17"><span class='ocrx_word' id='word_1_549' title='bbox 220 3742 350 3789; x_wconf 66' lang='lat' dir='ltr'><strong>tog;</strong></span> <span class='ocrx_word' id='word_1_550' title='bbox 387 3724 447 3776; x_wconf 77' lang='lat' dir='ltr'><strong>Ei</strong></span> <span class='ocrx_word' id='word_1_551' title='bbox 469 3724 525 3776; x_wconf 84' lang='grc' dir='ltr'>δὲ</span> <span class='ocrx_word' id='word_1_552' title='bbox 546 3724 728 3792; x_wconf 78' lang='grc' dir='ltr'>ζητεῖς</span> <span class='ocrx_word' id='word_1_553' title='bbox 762 3718 1037 3783; x_wconf 80' lang='grc' dir='ltr'>ἀπόδειξιν</span> <span class='ocrx_word' id='word_1_554' title='bbox 1067 3720 1161 3772; x_wconf 79' lang='grc' dir='ltr'><strong>τοῦ</strong></span> <span class='ocrx_word' id='word_1_555' title='bbox 1199 3721 1264 3770; x_wconf 85' lang='grc' dir='ltr'><strong>ὲν</strong></span> <span class='ocrx_word' id='word_1_556' title='bbox 1302 3720 1385 3771; x_wconf 74' lang='grc' dir='ltr'>σοὶ</span> <span class='ocrx_word' id='word_1_557' title='bbox 1440 3719 1809 3790; x_wconf 82' lang='grc' dir='ltr'>βραττομένου</span> <span class='ocrx_word' id='word_1_558' title='bbox 1866 3710 2064 3782; x_wconf 76' lang='grc' dir='ltr'>θυμοῦ,</span> <span class='ocrx_word' id='word_1_559' title='bbox 2093 3708 2240 3779; x_wconf 69' lang='grc' dir='ltr'>ῥᾴων</span> <span class='ocrx_word' id='word_1_560' title='bbox 2263 3709 2362 3777; x_wconf 75' lang='grc' dir='ltr'><strong>μὲν</strong></span> <span class='ocrx_word' id='word_1_561' title='bbox 2390 3706 2528 3776; x_wconf 74' lang='grc' dir='ltr'><strong>αὕτη</strong></span> <span class='ocrx_word' id='word_1_562' title='bbox 2557 3707 2640 3760; x_wconf 67' lang='grc' dir='ltr'><strong>διὰ</strong></span> <span class='ocrx_word' id='word_1_563' title='bbox 2667 3707 2726 3760; x_wconf 72' lang='grc' dir='ltr'>τδ</span> <span class='ocrx_word' id='word_1_564' title='bbox 2763 3707 2862 3774; x_wconf 79' lang='grc' dir='ltr'><strong>τῆς</strong></span> <span class='ocrx_word' id='word_1_565' title='bbox 2891 3707 3160 3772; x_wconf 76' lang='grc' dir='ltr'>ὲκξέσεως</span> <span class='ocrx_word' id='word_1_566' title='bbox 3201 3711 3481 3781; x_wconf 73' lang='grc' dir='ltr'>ἀρίδηλον·</span> 
     </span>
    </p>
   </div>
   <div class='ocr_carea' id='block_1_71' title="bbox 298 3808 1802 3887">
    <p class='ocr_par' dir='ltr' id='par_1_71' title="bbox 298 3808 1802 3887">
     <span class='ocr_line' id='line_1_71' title="bbox 298 3808 1802 3887; baseline -0.008 -16"><span class='ocrx_word' id='word_1_567' title='bbox 298 3823 402 3887; x_wconf 86' lang='grc' dir='ltr'><strong>με’.</strong></span> <span class='ocrx_word' id='word_1_568' title='bbox 450 3813 655 3868; x_wconf 84' lang='grc' dir='ltr'>’Ὀκνῶ</span> <span class='ocrx_word' id='word_1_569' title='bbox 682 3811 739 3864; x_wconf 86' lang='grc' dir='ltr'>δὲ</span> <span class='ocrx_word' id='word_1_570' title='bbox 765 3811 842 3880; x_wconf 81' lang='grc' dir='ltr'><strong>τῷ</strong></span> <span class='ocrx_word' id='word_1_571' title='bbox 880 3813 1020 3874; x_wconf 75' lang='grc' dir='ltr'>τέως</span> <span class='ocrx_word' id='word_1_572' title='bbox 1051 3811 1151 3881; x_wconf 83' lang='grc' dir='ltr'><strong>τὴν</strong></span> <span class='ocrx_word' id='word_1_573' title='bbox 1178 3812 1323 3864; x_wconf 81' lang='grc' dir='ltr'>κατὰ</span> <span class='ocrx_word' id='word_1_574' title='bbox 1361 3811 1524 3881; x_wconf 79' lang='grc' dir='ltr'>μέρος</span> <span class='ocrx_word' id='word_1_575' title='bbox 1554 3808 1802 3880; x_wconf 72' lang='grc' dir='ltr'>ἠκριϐω-</span> 
     </span>
    </p>
   </div>
   <div class='ocr_carea' id='block_1_72' title="bbox 225 3902 1802 3980">
    <p class='ocr_par' dir='ltr' id='par_1_72' title="bbox 225 3902 1802 3980">
     <span class='ocr_line' id='line_1_72' title="bbox 225 3902 1802 3980; baseline -0.006 -16"><span class='ocrx_word' id='word_1_576' title='bbox 225 3913 399 3980; x_wconf 82' lang='grc' dir='ltr'><strong>μένην</strong></span> <span class='ocrx_word' id='word_1_577' title='bbox 429 3909 524 3961; x_wconf 78' lang='grc' dir='ltr'><strong>ἐπὶ</strong></span> <span class='ocrx_word' id='word_1_578' title='bbox 558 3907 644 3958; x_wconf 74' lang='grc' dir='ltr'><strong>σοὶ</strong></span> <span class='ocrx_word' id='word_1_579' title='bbox 698 3905 1063 3974; x_wconf 86' lang='grc' dir='ltr'>στηλίτευσιν.</span> <span class='ocrx_word' id='word_1_580' title='bbox 1101 3904 1210 3957; x_wconf 76' lang='grc' dir='ltr'><strong>Καὶ</strong></span> <span class='ocrx_word' id='word_1_581' title='bbox 1240 3903 1383 3956; x_wconf 78' lang='grc' dir='ltr'>οὓτω</span> <span class='ocrx_word' id='word_1_582' title='bbox 1439 3903 1538 3974; x_wconf 82' lang='grc' dir='ltr'><strong>μὲν</strong></span> <span class='ocrx_word' id='word_1_583' title='bbox 1568 3902 1802 3973; x_wconf 75' lang='grc' dir='ltr'><strong>θυμοϐο-</strong></span> 
     </span>
    </p>
   </div>
   <div class='ocr_carea' id='block_1_73' title="bbox 222 3997 1802 4072">
    <p class='ocr_par' dir='ltr' id='par_1_73' title="bbox 222 3997 1802 4072">
     <span class='ocr_line' id='line_1_73' title="bbox 222 3997 1802 4072; baseline -0.004 -17"><span class='ocrx_word' id='word_1_584' title='bbox 222 4005 339 4065; x_wconf 62' lang='lat' dir='ltr'><strong>lsi;</strong></span> <span class='ocrx_word' id='word_1_585' title='bbox 367 4003 426 4054; x_wconf 88' lang='grc' dir='ltr'><strong>οὐ</strong></span> <span class='ocrx_word' id='word_1_586' title='bbox 459 4017 564 4072; x_wconf 90' lang='grc' dir='ltr'><strong>πρε</strong></span> <span class='ocrx_word' id='word_1_587' title='bbox 578 4000 806 4062; x_wconf 80' lang='grc' dir='ltr'>πόντως,</span> <span class='ocrx_word' id='word_1_588' title='bbox 855 3998 977 4051; x_wconf 69' lang='grc' dir='ltr'>οὔτε</span> <span class='ocrx_word' id='word_1_589' title='bbox 1014 4000 1117 4062; x_wconf 67' lang='grc' dir='ltr'>σοὶ,</span> <span class='ocrx_word' id='word_1_590' title='bbox 1155 3997 1282 4049; x_wconf 78' lang='grc' dir='ltr'>οὔτε</span> <span class='ocrx_word' id='word_1_591' title='bbox 1337 3998 1482 4067; x_wconf 76' lang='grc' dir='ltr'>ἄλλῳ</span> <span class='ocrx_word' id='word_1_592' title='bbox 1504 3999 1630 4060; x_wconf 78' lang='grc' dir='ltr'>,τινὶ</span> <span class='ocrx_word' id='word_1_593' title='bbox 1663 3997 1802 4066; x_wconf 81' lang='grc' dir='ltr'>πρὸς</span> 
     </span>
    </p>
   </div>
   <div class='ocr_carea' id='block_1_74' title="bbox 226 4089 1804 4164">
    <p class='ocr_par' dir='ltr' id='par_1_74' title="bbox 226 4089 1804 4164">
     <span class='ocr_line' id='line_1_74' title="bbox 226 4089 1804 4164; baseline -0.004 -18"><span class='ocrx_word' id='word_1_594' title='bbox 226 4093 521 4164; x_wconf 72' lang='grc' dir='ltr'>ἀκρίϐειαν</span> <span class='ocrx_word' id='word_1_595' title='bbox 589 4091 1009 4160; x_wconf 83' lang='grc' dir='ltr'>Χριστιανικήν.</span> <span class='ocrx_word' id='word_1_596' title='bbox 1072 4091 1242 4144; x_wconf 83' lang='grc' dir='ltr'><strong>Ἔνθα</strong></span> <span class='ocrx_word' id='word_1_597' title='bbox 1300 4091 1356 4143; x_wconf 80' lang='grc' dir='ltr'>δὲ</span> <span class='ocrx_word' id='word_1_598' title='bbox 1434 4089 1608 4158; x_wconf 82' lang='grc' dir='ltr'>θυμὸς</span> <span class='ocrx_word' id='word_1_599' title='bbox 1664 4089 1804 4140; x_wconf 84' lang='grc' dir='ltr'>οίκεῖ</span> 
     </span>
    </p>
   </div>
   <div class='ocr_carea' id='block_1_75' title="bbox 225 4181 1800 4250">
    <p class='ocr_par' dir='ltr' id='par_1_75' title="bbox 225 4181 1800 4250">
     <span class='ocr_line' id='line_1_75' title="bbox 225 4181 1800 4250; baseline -0.004 -12"><span class='ocrx_word' id='word_1_600' title='bbox 225 4183 534 4247; x_wconf 78' lang='grc' dir='ltr'>ἀποικίζων</span> <span class='ocrx_word' id='word_1_601' title='bbox 558 4182 666 4250; x_wconf 84' lang='grc' dir='ltr'><strong>γῆς</strong></span> <span class='ocrx_word' id='word_1_602' title='bbox 699 4182 918 4250; x_wconf 85' lang='grc' dir='ltr'>πραέων</span> <span class='ocrx_word' id='word_1_603' title='bbox 951 4181 1040 4233; x_wconf 84' lang='grc' dir='ltr'><strong>τὸν</strong></span> <span class='ocrx_word' id='word_1_604' title='bbox 1064 4181 1150 4233; x_wconf 79' lang='grc' dir='ltr'><strong>διὰ</strong></span> <span class='ocrx_word' id='word_1_605' title='bbox 1183 4183 1344 4250; x_wconf 84' lang='grc' dir='ltr'>κενῆς</span> <span class='ocrx_word' id='word_1_606' title='bbox 1370 4181 1518 4248; x_wconf 83' lang='grc' dir='ltr'><strong>αὐτῷ</strong></span> <span class='ocrx_word' id='word_1_607' title='bbox 1548 4181 1800 4250; x_wconf 85' lang='grc' dir='ltr'>κάτοχον,</span> 
     </span>
    </p>
   </div>
   <div class='ocr_carea' id='block_1_76' title="bbox 225 4270 1802 4344">
    <p class='ocr_par' dir='ltr' id='par_1_76' title="bbox 225 4270 1802 4344">
     <span class='ocr_line' id='line_1_76' title="bbox 225 4270 1802 4344; baseline -0.003 -16"><span class='ocrx_word' id='word_1_608' title='bbox 225 4278 350 4328; x_wconf 78' lang='grc' dir='ltr'>ἐκεῖ</span> <span class='ocrx_word' id='word_1_609' title='bbox 375 4275 536 4344; x_wconf 70' lang='grc' dir='ltr'>δῆλον</span> <span class='ocrx_word' id='word_1_610' title='bbox 586 4276 674 4327; x_wconf 84' lang='grc' dir='ltr'><strong>ὅτι</strong></span> <span class='ocrx_word' id='word_1_611' title='bbox 712 4275 804 4326; x_wconf 76' lang='grc' dir='ltr'>καὶ</span> <span class='ocrx_word' id='word_1_612' title='bbox 839 4273 1020 4340; x_wconf 80' lang='grc' dir='ltr'>φαύλη</span> <span class='ocrx_word' id='word_1_613' title='bbox 1050 4275 1450 4344; x_wconf 82' lang='grc' dir='ltr'>παραπέπηγεν</span> <span class='ocrx_word' id='word_1_614' title='bbox 1481 4273 1618 4344; x_wconf 85' lang='grc' dir='ltr'>ἔρις,</span> <span class='ocrx_word' id='word_1_615' title='bbox 1648 4274 1679 4342; x_wconf 79' lang='grc' dir='ltr'>ὴ</span> <span class='ocrx_word' id='word_1_616' title='bbox 1708 4270 1802 4324; x_wconf 84' lang='grc' dir='ltr'><strong>τοῦ</strong></span> 
     </span>
    </p>
   </div>
   <div class='ocr_carea' id='block_1_77' title="bbox 228 4363 1806 4436">
    <p class='ocr_par' dir='ltr' id='par_1_77' title="bbox 228 4363 1806 4436">
     <span class='ocr_line' id='line_1_77' title="bbox 228 4363 1806 4436; baseline -0.003 -17"><span class='ocrx_word' id='word_1_617' title='bbox 228 4365 407 4436; x_wconf 80' lang='grc' dir='ltr'>θυμοῦ</span> <span class='ocrx_word' id='word_1_618' title='bbox 431 4368 528 4418; x_wconf 69' lang='grc' dir='ltr'><strong>καὶ</strong></span> <span class='ocrx_word' id='word_1_619' title='bbox 564 4365 828 4435; x_wconf 80' lang='grc' dir='ltr'>πρόγονος</span> <span class='ocrx_word' id='word_1_620' title='bbox 855 4367 922 4416; x_wconf 65' lang='grc' dir='ltr'><strong>τὰ</strong></span> <span class='ocrx_word' id='word_1_621' title='bbox 957 4364 1129 4417; x_wconf 87' lang='grc' dir='ltr'>πλείω</span> <span class='ocrx_word' id='word_1_622' title='bbox 1159 4365 1252 4416; x_wconf 80' lang='grc' dir='ltr'>καὶ</span> <span class='ocrx_word' id='word_1_623' title='bbox 1283 4363 1535 4431; x_wconf 79' lang='grc' dir='ltr'>ἔπίγονος</span> <span class='ocrx_word' id='word_1_624' title='bbox 1561 4378 1574 4393; x_wconf 90' lang='grc'><strong>·</strong></span> <span class='ocrx_word' id='word_1_625' title='bbox 1629 4363 1806 4416; x_wconf 81' lang='grc' dir='ltr'>εἰπεῖν</span> 
     </span>
    </p>
   </div>
   <div class='ocr_carea' id='block_1_78' title="bbox 227 4452 1803 4526">
    <p class='ocr_par' dir='ltr' id='par_1_78' title="bbox 227 4452 1803 4526">
     <span class='ocr_line' id='line_1_78' title="bbox 227 4452 1803 4526; baseline -0.004 -15"><span class='ocrx_word' id='word_1_626' title='bbox 227 4458 287 4511; x_wconf 80' lang='grc' dir='ltr'>δὲ</span> <span class='ocrx_word' id='word_1_627' title='bbox 320 4457 518 4520; x_wconf 79' lang='grc' dir='ltr'>ἄλλως,</span> <span class='ocrx_word' id='word_1_628' title='bbox 543 4459 577 4526; x_wconf 85' lang='grc' dir='ltr'>ὴ</span> <span class='ocrx_word' id='word_1_629' title='bbox 604 4454 683 4525; x_wconf 86' lang='grc' dir='ltr'>τῷ</span> <span class='ocrx_word' id='word_1_630' title='bbox 711 4455 870 4526; x_wconf 83' lang='grc' dir='ltr'>θυμῷ</span> <span class='ocrx_word' id='word_1_631' title='bbox 901 4454 1328 4524; x_wconf 87' lang='grc' dir='ltr'>συνουσιωμένη,</span> <span class='ocrx_word' id='word_1_632' title='bbox 1357 4455 1451 4508; x_wconf 82' lang='grc' dir='ltr'><strong>καὶ</strong></span> <span class='ocrx_word' id='word_1_633' title='bbox 1491 4454 1670 4507; x_wconf 79' lang='grc' dir='ltr'>διόλου</span> <span class='ocrx_word' id='word_1_634' title='bbox 1707 4452 1803 4521; x_wconf 82' lang='grc' dir='ltr'><strong>ὅλη</strong></span> 
     </span>
    </p>
   </div>
   <div class='ocr_carea' id='block_1_79' title="bbox 236 4542 1806 4614">
    <p class='ocr_par' dir='ltr' id='par_1_79' title="bbox 236 4542 1806 4614">
     <span class='ocr_line' id='line_1_79' title="bbox 236 4542 1806 4614; baseline -0.003 -17"><span class='ocrx_word' id='word_1_635' title='bbox 236 4544 802 4614; x_wconf 82' lang='grc' dir='ltr'>συναναπεφυρμὲνη.</span> <span class='ocrx_word' id='word_1_636' title='bbox 838 4543 976 4596; x_wconf 73' lang='grc' dir='ltr'>Οὔτε</span> <span class='ocrx_word' id='word_1_637' title='bbox 1011 4545 1121 4614; x_wconf 83' lang='grc' dir='ltr'><strong>γὰρ</strong></span> <span class='ocrx_word' id='word_1_638' title='bbox 1179 4543 1387 4614; x_wconf 82' lang='grc' dir='ltr'>μακρὸς</span> <span class='ocrx_word' id='word_1_639' title='bbox 1428 4542 1599 4612; x_wconf 81' lang='grc' dir='ltr'>θυμὸς</span> <span class='ocrx_word' id='word_1_640' title='bbox 1632 4542 1806 4605; x_wconf 76' lang='grc' dir='ltr'>οὐδεὶς</span> 
     </span>
    </p>
   </div>
   <div class='ocr_carea' id='block_1_80' title="bbox 1972 3801 3486 3869">
    <p class='ocr_par' dir='ltr' id='par_1_80' title="bbox 1972 3801 3486 3869">
     <span class='ocr_line' id='line_1_80' title="bbox 1972 3801 3486 3869; baseline 0.003 -13"><span class='ocrx_word' id='word_1_641' title='bbox 1972 3802 2062 3856; x_wconf 70' lang='grc'><strong>45.</strong></span> <span class='ocrx_word' id='word_1_642' title='bbox 2125 3802 2401 3854; x_wconf 84' lang='lat' dir='ltr'><strong>llactcnus</strong></span> <span class='ocrx_word' id='word_1_643' title='bbox 2477 3801 2804 3868; x_wconf 82' lang='lat' dir='ltr'><strong>completam</strong></span> <span class='ocrx_word' id='word_1_644' title='bbox 2875 3801 3074 3869; x_wconf 83' lang='lat' dir='ltr'><strong>partim</strong></span> <span class='ocrx_word' id='word_1_645' title='bbox 3150 3805 3486 3860; x_wconf 82' lang='lat' dir='ltr'><strong>condemna-</strong></span> 
     </span>
    </p>
   </div>
   <div class='ocr_carea' id='block_1_81' title="bbox 1903 3891 3486 3958">
    <p class='ocr_par' dir='ltr' id='par_1_81' title="bbox 1903 3891 3486 3958">
     <span class='ocr_line' id='line_1_81' title="bbox 1903 3891 3486 3958; baseline 0.002 -11"><span class='ocrx_word' id='word_1_646' title='bbox 1903 3896 2108 3949; x_wconf 88' lang='lat' dir='ltr'><strong>tionem</strong></span> <span class='ocrx_word' id='word_1_647' title='bbox 2145 3894 2222 3947; x_wconf 92' lang='lat' dir='ltr'><strong>tui</strong></span> <span class='ocrx_word' id='word_1_648' title='bbox 2249 3892 2460 3946; x_wconf 76' lang='lat' dir='ltr'><strong>diﬂero.</strong></span> <span class='ocrx_word' id='word_1_649' title='bbox 2488 3891 2579 3947; x_wconf 87' lang='lat' dir='ltr'><strong>Sic</strong></span> <span class='ocrx_word' id='word_1_650' title='bbox 2615 3892 2761 3946; x_wconf 85' lang='lat' dir='ltr'><strong>enim</strong></span> <span class='ocrx_word' id='word_1_651' title='bbox 2791 3893 3068 3958; x_wconf 80' lang='lat' dir='ltr'><strong>irasceris,</strong></span> <span class='ocrx_word' id='word_1_652' title='bbox 3103 3902 3161 3948; x_wconf 91' lang='lat' dir='ltr'><strong>ut</strong></span> <span class='ocrx_word' id='word_1_653' title='bbox 3193 3911 3299 3948; x_wconf 90' lang='lat' dir='ltr'><strong>non</strong></span> <span class='ocrx_word' id='word_1_654' title='bbox 3331 3896 3486 3950; x_wconf 86' lang='lat' dir='ltr'><strong>decet</strong></span> 
     </span>
    </p>
   </div>
   <div class='ocr_carea' id='block_1_82' title="bbox 1901 3984 3484 4054">
    <p class='ocr_par' dir='ltr' id='par_1_82' title="bbox 1901 3984 3484 4054">
     <span class='ocr_line' id='line_1_82' title="bbox 1901 3984 3484 4054; baseline 0.001 -16"><span class='ocrx_word' id='word_1_655' title='bbox 1901 3999 2080 4054; x_wconf 83' lang='lat' dir='ltr'><strong>neque</strong></span> <span class='ocrx_word' id='word_1_656' title='bbox 2138 3994 2213 4048; x_wconf 91' lang='lat' dir='ltr'><strong>te,</strong></span> <span class='ocrx_word' id='word_1_657' title='bbox 2257 3998 2432 4051; x_wconf 87' lang='lat' dir='ltr'><strong>neque</strong></span> <span class='ocrx_word' id='word_1_658' title='bbox 2481 3997 2812 4052; x_wconf 70' lang='lat' dir='ltr'><strong>quamquam</strong></span> <span class='ocrx_word' id='word_1_659' title='bbox 2862 3984 3090 4035; x_wconf 89' lang='lat' dir='ltr'><strong>alterum</strong></span> <span class='ocrx_word' id='word_1_660' title='bbox 3127 3985 3484 4040; x_wconf 87' lang='lat' dir='ltr'><strong>christianam</strong></span> 
     </span>
    </p>
   </div>
   <div class='ocr_carea' id='block_1_83' title="bbox 1901 4071 3480 4147">
    <p class='ocr_par' dir='ltr' id='par_1_83' title="bbox 1901 4071 3480 4147">
     <span class='ocr_line' id='line_1_83' title="bbox 1901 4071 3480 4147; baseline 0.001 -19"><span class='ocrx_word' id='word_1_661' title='bbox 1901 4077 2295 4147; x_wconf 79' lang='lat' dir='ltr'><strong>perfectionem</strong></span> <span class='ocrx_word' id='word_1_662' title='bbox 2336 4073 2668 4140; x_wconf 73' lang='lat' dir='ltr'><strong>professum.</strong></span> <span class='ocrx_word' id='word_1_663' title='bbox 2712 4071 2807 4126; x_wconf 84' lang='lat' dir='ltr'><strong>Ubi</strong></span> <span class='ocrx_word' id='word_1_664' title='bbox 2853 4083 3038 4127; x_wconf 83' lang='lat' dir='ltr'><strong>autem</strong></span> <span class='ocrx_word' id='word_1_665' title='bbox 3079 4074 3285 4128; x_wconf 77' lang='lat' dir='ltr'><strong>habitat</strong></span> <span class='ocrx_word' id='word_1_666' title='bbox 3320 4079 3422 4138; x_wconf 80' lang='lat' dir='ltr'><strong>ira,</strong></span> <span class='ocrx_word' id='word_1_667' title='bbox 3449 4092 3480 4130; x_wconf 87' lang='lat' dir='ltr'><strong>e</strong></span> 
     </span>
    </p>
   </div>
   <div class='ocr_carea' id='block_1_84' title="bbox 1902 4164 3486 4233">
    <p class='ocr_par' dir='ltr' id='par_1_84' title="bbox 1902 4164 3486 4233">
     <span class='ocr_line' id='line_1_84' title="bbox 1902 4164 3486 4233; baseline -0.003 -8"><span class='ocrx_word' id='word_1_668' title='bbox 1902 4182 2044 4225; x_wconf 88' lang='lat' dir='ltr'><strong>terra</strong></span> <span class='ocrx_word' id='word_1_669' title='bbox 2097 4172 2321 4224; x_wconf 81' lang='lat' dir='ltr'><strong>missum</strong></span> <span class='ocrx_word' id='word_1_670' title='bbox 2385 4167 2657 4220; x_wconf 71' lang='lat' dir='ltr'><strong>hominem</strong></span> <span class='ocrx_word' id='word_1_671' title='bbox 2697 4178 2759 4218; x_wconf 87' lang='lat' dir='ltr'><strong>ea</strong></span> <span class='ocrx_word' id='word_1_672' title='bbox 2801 4179 2937 4219; x_wconf 89' lang='lat' dir='ltr'><strong>vane</strong></span> <span class='ocrx_word' id='word_1_673' title='bbox 2985 4164 3302 4233; x_wconf 87' lang='lat' dir='ltr'><strong>impeditum</strong></span> <span class='ocrx_word' id='word_1_674' title='bbox 3367 4167 3486 4221; x_wconf 84' lang='lat' dir='ltr'><strong>edi-</strong></span> 
     </span>
    </p>
   </div>
   <div class='ocr_carea' id='block_1_85' title="bbox 1912 4255 3488 4325">
    <p class='ocr_par' dir='ltr' id='par_1_85' title="bbox 1912 4255 3488 4325">
     <span class='ocr_line' id='line_1_85' title="bbox 1912 4255 3488 4325; baseline -0.001 -9"><span class='ocrx_word' id='word_1_675' title='bbox 1912 4277 2094 4325; x_wconf 83' lang='lat' dir='ltr'><strong>scens,</strong></span> <span class='ocrx_word' id='word_1_676' title='bbox 2122 4259 2467 4312; x_wconf 81' lang='lat' dir='ltr'><strong>manifestum</strong></span> <span class='ocrx_word' id='word_1_677' title='bbox 2504 4267 2589 4310; x_wconf 88' lang='lat' dir='ltr'><strong>est</strong></span> <span class='ocrx_word' id='word_1_678' title='bbox 2636 4255 2711 4308; x_wconf 91' lang='lat' dir='ltr'><strong>ibi</strong></span> <span class='ocrx_word' id='word_1_679' title='bbox 2763 4270 2923 4308; x_wconf 91' lang='lat' dir='ltr'><strong>suum</strong></span> <span class='ocrx_word' id='word_1_680' title='bbox 2963 4258 3254 4310; x_wconf 91' lang='lat' dir='ltr'><strong>tentorium</strong></span> <span class='ocrx_word' id='word_1_681' title='bbox 3301 4259 3488 4314; x_wconf 75' lang='lat' dir='ltr'><strong>ﬁxisse</strong></span> 
     </span>
    </p>
   </div>
   <div class='ocr_carea' id='block_1_86' title="bbox 1912 4347 3487 4418">
    <p class='ocr_par' dir='ltr' id='par_1_86' title="bbox 1912 4347 3487 4418">
     <span class='ocr_line' id='line_1_86' title="bbox 1912 4347 3487 4418; baseline -0.001 -10"><span class='ocrx_word' id='word_1_682' title='bbox 1912 4354 2074 4408; x_wconf 82' lang='lat' dir='ltr'><strong>vilem</strong></span> <span class='ocrx_word' id='word_1_683' title='bbox 2110 4350 2535 4411; x_wconf 78' lang='lat' dir='ltr'><strong>dissensionem,</strong></span> <span class='ocrx_word' id='word_1_684' title='bbox 2566 4363 2689 4418; x_wconf 71' lang='lat' dir='ltr'><strong>qua:</strong></span> <span class='ocrx_word' id='word_1_685' title='bbox 2723 4347 2925 4418; x_wconf 75' lang='lat' dir='ltr'><strong>sepius</strong></span> <span class='ocrx_word' id='word_1_686' title='bbox 2969 4349 3102 4402; x_wconf 84' lang='lat' dir='ltr'><strong>iram</strong></span> <span class='ocrx_word' id='word_1_687' title='bbox 3133 4351 3408 4404; x_wconf 85' lang='lat' dir='ltr'><strong>antecedit</strong></span> <span class='ocrx_word' id='word_1_688' title='bbox 3431 4360 3487 4406; x_wconf 90' lang='lat' dir='ltr'><strong>et</strong></span> 
     </span>
    </p>
   </div>
   <div class='ocr_carea' id='block_1_87' title="bbox 1914 4441 3488 4513">
    <p class='ocr_par' dir='ltr' id='par_1_87' title="bbox 1914 4441 3488 4513">
     <span class='ocr_line' id='line_1_87' title="bbox 1914 4441 3488 4513; baseline 0.001 -15"><span class='ocrx_word' id='word_1_689' title='bbox 1914 4445 2195 4513; x_wconf 85' lang='lat' dir='ltr'><strong>sequitur;</strong></span> <span class='ocrx_word' id='word_1_690' title='bbox 2222 4451 2335 4503; x_wconf 89' lang='lat' dir='ltr'><strong>aut,</strong></span> <span class='ocrx_word' id='word_1_691' title='bbox 2357 4452 2410 4494; x_wconf 84' lang='lat' dir='ltr'><strong>ut</strong></span> <span class='ocrx_word' id='word_1_692' title='bbox 2431 4441 2587 4495; x_wconf 87' lang='lat' dir='ltr'><strong>aliter</strong></span> <span class='ocrx_word' id='word_1_693' title='bbox 2603 4441 2878 4502; x_wconf 87' lang='lat' dir='ltr'><strong>dicamus.</strong></span> <span class='ocrx_word' id='word_1_694' title='bbox 2895 4447 2979 4496; x_wconf 89' lang='lat' dir='ltr'><strong>est</strong></span> <span class='ocrx_word' id='word_1_695' title='bbox 2995 4442 3090 4495; x_wconf 72' lang='lat' dir='ltr'><strong>ira:</strong></span> <span class='ocrx_word' id='word_1_696' title='bbox 3117 4444 3488 4499; x_wconf 87' lang='lat' dir='ltr'><strong>consubstan-</strong></span> 
     </span>
    </p>
   </div>
   <div class='ocr_carea' id='block_1_88' title="bbox 1919 4529 3489 4604">
    <p class='ocr_par' dir='ltr' id='par_1_88' title="bbox 1919 4529 3489 4604">
     <span class='ocr_line' id='line_1_88' title="bbox 1919 4529 3489 4604; baseline 0.002 -16"><span class='ocrx_word' id='word_1_697' title='bbox 1919 4529 2093 4601; x_wconf 80' lang='lat' dir='ltr'><strong>tialis,</strong></span> <span class='ocrx_word' id='word_1_698' title='bbox 2125 4547 2176 4590; x_wconf 87' lang='lat' dir='ltr'><strong>et</strong></span> <span class='ocrx_word' id='word_1_699' title='bbox 2211 4534 2451 4589; x_wconf 85' lang='lat' dir='ltr'><strong>totaliter</strong></span> <span class='ocrx_word' id='word_1_700' title='bbox 2473 4533 2686 4588; x_wconf 87' lang='lat' dir='ltr'><strong>eadem.</strong></span> <span class='ocrx_word' id='word_1_701' title='bbox 2707 4531 2864 4586; x_wconf 88' lang='lat' dir='ltr'><strong>Nulla</strong></span> <span class='ocrx_word' id='word_1_702' title='bbox 2895 4534 3039 4586; x_wconf 88' lang='lat' dir='ltr'><strong>enim</strong></span> <span class='ocrx_word' id='word_1_703' title='bbox 3069 4534 3147 4585; x_wconf 82' lang='lat' dir='ltr'><strong>ira</strong></span> <span class='ocrx_word' id='word_1_704' title='bbox 3174 4550 3370 4604; x_wconf 73' lang='lat' dir='ltr'><strong>magna</strong></span> <span class='ocrx_word' id='word_1_705' title='bbox 3403 4545 3489 4591; x_wconf 88' lang='lat' dir='ltr'><strong>est</strong></span> 
     </span>
    </p>
   </div>
   <div class='ocr_carea' id='block_1_89' title="bbox 235 4623 1795 4706">
    <p class='ocr_par' dir='ltr' id='par_1_89' title="bbox 235 4633 1795 4706">
     <span class='ocr_line' id='line_1_89' title="bbox 235 4633 1795 4706; baseline -0.001 -18"><span class='ocrx_word' id='word_1_706' title='bbox 235 4636 412 4706; x_wconf 80' lang='grc' dir='ltr'>ἔριδος</span> <span class='ocrx_word' id='word_1_707' title='bbox 441 4637 586 4706; x_wconf 80' lang='grc' dir='ltr'>δίχα,</span> <span class='ocrx_word' id='word_1_708' title='bbox 617 4635 738 4687; x_wconf 78' lang='grc' dir='ltr'>οὐδὲ</span> <span class='ocrx_word' id='word_1_709' title='bbox 764 4635 873 4706; x_wconf 79' lang='grc' dir='ltr'><strong>μὴν</strong></span> <span class='ocrx_word' id='word_1_710' title='bbox 899 4634 1013 4705; x_wconf 82' lang='grc' dir='ltr'>ἔρις</span> <span class='ocrx_word' id='word_1_711' title='bbox 1034 4635 1262 4704; x_wconf 73' lang='grc' dir='ltr'>ἄθυμος,</span> <span class='ocrx_word' id='word_1_712' title='bbox 1295 4636 1343 4688; x_wconf 80' lang='grc' dir='ltr'><strong>εί</strong></span> <span class='ocrx_word' id='word_1_713' title='bbox 1364 4636 1437 4704; x_wconf 87' lang='grc' dir='ltr'><strong>μή</strong></span> <span class='ocrx_word' id='word_1_714' title='bbox 1470 4652 1556 4697; x_wconf 90' lang='grc' dir='ltr'>τις</span> <span class='ocrx_word' id='word_1_715' title='bbox 1576 4633 1795 4689; x_wconf 78' lang='grc' dir='ltr'><strong>ἐνταῦθα</strong></span> 
     </span>
    </p>
   </div>
   <div class='ocr_carea' id='block_1_90' title="bbox 1901 4623 3488 4706">
    <p class='ocr_par' dir='ltr' id='par_1_90' title="bbox 1917 4623 3488 4696">
     <span class='ocr_line' id='line_1_90' title="bbox 1917 4623 3488 4696; baseline 0 -14"><span class='ocrx_word' id='word_1_716' title='bbox 1917 4628 2124 4696; x_wconf 82' lang='lat' dir='ltr'><strong>absque</strong></span> <span class='ocrx_word' id='word_1_717' title='bbox 2152 4626 2522 4690; x_wconf 84' lang='lat' dir='ltr'><strong>dissensione,</strong></span> <span class='ocrx_word' id='word_1_718' title='bbox 2547 4626 2695 4678; x_wconf 85' lang='lat' dir='ltr'><strong>nulla</strong></span> <span class='ocrx_word' id='word_1_719' title='bbox 2716 4623 2991 4679; x_wconf 83' lang='lat' dir='ltr'><strong>dissensio</strong></span> <span class='ocrx_word' id='word_1_720' title='bbox 3017 4626 3229 4696; x_wconf 79' lang='lat' dir='ltr'><strong>absque</strong></span> <span class='ocrx_word' id='word_1_721' title='bbox 3255 4628 3357 4689; x_wconf 87' lang='lat' dir='ltr'><strong>ira,</strong></span> <span class='ocrx_word' id='word_1_722' title='bbox 3383 4628 3488 4682; x_wconf 86' lang='lat' dir='ltr'><strong>nisi</strong></span> 
     </span>
    </p>
   </div>
   <div class='ocr_carea' id='block_1_91' title="bbox 231 4723 1808 4799">
    <p class='ocr_par' dir='ltr' id='par_1_91' title="bbox 231 4723 1808 4799">
     <span class='ocr_line' id='line_1_91' title="bbox 231 4723 1808 4799; baseline -0.002 -20"><span class='ocrx_word' id='word_1_723' title='bbox 231 4731 335 4799; x_wconf 76' lang='grc' dir='ltr'><strong>τὴν</strong></span> <span class='ocrx_word' id='word_1_724' title='bbox 363 4728 658 4797; x_wconf 68' lang='grc' dir='ltr'>ἐπαινετὴν</span> <span class='ocrx_word' id='word_1_725' title='bbox 701 4726 793 4777; x_wconf 81' lang='grc' dir='ltr'>καὶ</span> <span class='ocrx_word' id='word_1_726' title='bbox 824 4725 943 4795; x_wconf 85' lang='grc' dir='ltr'><strong>Θεῷ</strong></span> <span class='ocrx_word' id='word_1_727' title='bbox 976 4726 1138 4794; x_wconf 84' lang='grc' dir='ltr'>φίλην</span> <span class='ocrx_word' id='word_1_728' title='bbox 1171 4725 1618 4796; x_wconf 76' lang='grc' dir='ltr'><strong>ἁντιπαραγάγῃ.</strong></span> <span class='ocrx_word' id='word_1_729' title='bbox 1657 4723 1808 4795; x_wconf 78' lang='grc' dir='ltr'><strong>Αὕτη</strong></span> 
     </span>
    </p>
   </div>
   <div class='ocr_carea' id='block_1_92' title="bbox 233 4817 1811 4892">
    <p class='ocr_par' dir='ltr' id='par_1_92' title="bbox 233 4817 1811 4892">
     <span class='ocr_line' id='line_1_92' title="bbox 233 4817 1811 4892; baseline -0.003 -18"><span class='ocrx_word' id='word_1_730' title='bbox 233 4824 346 4892; x_wconf 79' lang='grc' dir='ltr'>γὰρ</span> <span class='ocrx_word' id='word_1_731' title='bbox 376 4821 526 4891; x_wconf 80' lang='grc' dir='ltr'>χαρᾷ</span> <span class='ocrx_word' id='word_1_732' title='bbox 560 4823 617 4870; x_wconf 86' lang='grc' dir='ltr'><strong>ἔν</strong></span> <span class='ocrx_word' id='word_1_733' title='bbox 665 4818 784 4887; x_wconf 80' lang='grc' dir='ltr'><strong>Θεῷ</strong></span> <span class='ocrx_word' id='word_1_734' title='bbox 847 4822 1344 4888; x_wconf 82' lang='grc' dir='ltr'>συνανακέκραται,</span> <span class='ocrx_word' id='word_1_735' title='bbox 1399 4817 1494 4869; x_wconf 74' lang='grc' dir='ltr'><strong>καὶ</strong></span> <span class='ocrx_word' id='word_1_736' title='bbox 1543 4817 1695 4869; x_wconf 73' lang='grc' dir='ltr'>οὐδὲν</span> <span class='ocrx_word' id='word_1_737' title='bbox 1753 4818 1811 4870; x_wconf 72' lang='grc' dir='ltr'><strong>ἔν</strong></span> 
     </span>
    </p>
   </div>
   <div class='ocr_carea' id='block_1_93' title="bbox 234 4906 1806 4983">
    <p class='ocr_par' dir='ltr' id='par_1_93' title="bbox 234 4906 1806 4983">
     <span class='ocr_line' id='line_1_93' title="bbox 234 4906 1806 4983; baseline -0.004 -17"><span class='ocrx_word' id='word_1_738' title='bbox 234 4914 374 4983; x_wconf 78' lang='grc' dir='ltr'>αὐτῇ</span> <span class='ocrx_word' id='word_1_739' title='bbox 402 4912 680 4980; x_wconf 59' lang='grc' dir='ltr'>λυπηρόν</span> <span class='ocrx_word' id='word_1_740' title='bbox 732 4910 812 4962; x_wconf 81' lang='grc' dir='ltr'><strong>διὸ</strong></span> <span class='ocrx_word' id='word_1_741' title='bbox 842 4910 964 4962; x_wconf 72' lang='grc' dir='ltr'><strong>οὐδὲ</strong></span> <span class='ocrx_word' id='word_1_742' title='bbox 1007 4910 1259 4980; x_wconf 75' lang='grc' dir='ltr'>θυμικόν.</span> <span class='ocrx_word' id='word_1_743' title='bbox 1314 4909 1542 4978; x_wconf 83' lang='grc' dir='ltr'>Ἀμφοϊν</span> <span class='ocrx_word' id='word_1_744' title='bbox 1595 4908 1650 4961; x_wconf 85' lang='grc' dir='ltr'>δὲ</span> <span class='ocrx_word' id='word_1_745' title='bbox 1685 4906 1806 4960; x_wconf 81' lang='grc' dir='ltr'><strong>τοῦ-</strong></span> 
     </span>
    </p>
   </div>
   <div class='ocr_carea' id='block_1_94' title="bbox 233 4995 1813 5073">
    <p class='ocr_par' dir='ltr' id='par_1_94' title="bbox 233 4995 1813 5073">
     <span class='ocr_line' id='line_1_94' title="bbox 233 4995 1813 5073; baseline -0.005 -16"><span class='ocrx_word' id='word_1_746' title='bbox 233 5022 373 5067; x_wconf 86' lang='grc' dir='ltr'>τοιν,</span> <span class='ocrx_word' id='word_1_747' title='bbox 411 5003 553 5073; x_wconf 85' lang='grc' dir='ltr'>ἔριδι</span> <span class='ocrx_word' id='word_1_748' title='bbox 581 5002 675 5054; x_wconf 75' lang='grc' dir='ltr'>καὶ</span> <span class='ocrx_word' id='word_1_749' title='bbox 711 4998 889 5070; x_wconf 81' lang='grc' dir='ltr'>θυμῷ,</span> <span class='ocrx_word' id='word_1_750' title='bbox 915 5000 1262 5069; x_wconf 81' lang='grc' dir='ltr'>παρομαρτεῖ</span> <span class='ocrx_word' id='word_1_751' title='bbox 1283 5001 1377 5052; x_wconf 68' lang='grc' dir='ltr'>καὶ</span> <span class='ocrx_word' id='word_1_752' title='bbox 1408 4997 1626 5067; x_wconf 82' lang='grc' dir='ltr'>κραυγὴ</span> <span class='ocrx_word' id='word_1_753' title='bbox 1661 4995 1813 5067; x_wconf 85' lang='grc' dir='ltr'>παρά</span> 
     </span>
    </p>
   </div>
   <div class='ocr_carea' id='block_1_95' title="bbox 238 5086 1810 5161">
    <p class='ocr_par' dir='ltr' id='par_1_95' title="bbox 238 5086 1810 5161">
     <span class='ocr_line' id='line_1_95' title="bbox 238 5086 1810 5161; baseline -0.007 -15"><span class='ocrx_word' id='word_1_754' title='bbox 238 5111 302 5161; x_wconf 82' lang='grc' dir='ltr'><strong>γε</strong></span> <span class='ocrx_word' id='word_1_755' title='bbox 344 5096 459 5153; x_wconf 83' lang='grc' dir='ltr'>τοῖς</span> <span class='ocrx_word' id='word_1_756' title='bbox 491 5089 776 5158; x_wconf 82' lang='grc' dir='ltr'>ὀξυτέροις</span> <span class='ocrx_word' id='word_1_757' title='bbox 802 5088 895 5140; x_wconf 77' lang='grc' dir='ltr'>καὶ</span> <span class='ocrx_word' id='word_1_758' title='bbox 925 5089 1044 5139; x_wconf 71' lang='grc' dir='ltr'>οὐδὲ</span> <span class='ocrx_word' id='word_1_759' title='bbox 1086 5088 1440 5157; x_wconf 80' lang='grc' dir='ltr'>βαθύφροσιν.</span> <span class='ocrx_word' id='word_1_760' title='bbox 1471 5089 1533 5140; x_wconf 80' lang='grc' dir='ltr'><strong>Οἱ</strong></span> <span class='ocrx_word' id='word_1_761' title='bbox 1572 5087 1680 5157; x_wconf 82' lang='grc' dir='ltr'><strong>γὰρ</strong></span> <span class='ocrx_word' id='word_1_762' title='bbox 1714 5086 1810 5141; x_wconf 79' lang='grc' dir='ltr'><strong>ἄλ-</strong></span> 
     </span>
    </p>
   </div>
   <div class='ocr_carea' id='block_1_96' title="bbox 235 5179 1813 5254">
    <p class='ocr_par' dir='ltr' id='par_1_96' title="bbox 235 5179 1813 5254">
     <span class='ocr_line' id='line_1_96' title="bbox 235 5179 1813 5254; baseline -0.004 -15"><span class='ocrx_word' id='word_1_763' title='bbox 235 5188 342 5249; x_wconf 85' lang='grc' dir='ltr'><strong>λως</strong></span> <span class='ocrx_word' id='word_1_764' title='bbox 376 5182 714 5254; x_wconf 75' lang='grc' dir='ltr'>ἀγχιμαθεῑς</span> <span class='ocrx_word' id='word_1_765' title='bbox 740 5182 835 5232; x_wconf 72' lang='grc' dir='ltr'>καὶ</span> <span class='ocrx_word' id='word_1_766' title='bbox 848 5179 1128 5248; x_wconf 75' lang='grc' dir='ltr'>ἐχέμυθοι,</span> <span class='ocrx_word' id='word_1_767' title='bbox 1157 5180 1248 5241; x_wconf 84' lang='grc' dir='ltr'>οὒς</span> <span class='ocrx_word' id='word_1_768' title='bbox 1277 5182 1370 5232; x_wconf 75' lang='grc' dir='ltr'><strong>καὶ</strong></span> <span class='ocrx_word' id='word_1_769' title='bbox 1396 5179 1813 5249; x_wconf 81' lang='grc' dir='ltr'>μεγαλοθύμους</span> 
     </span>
    </p>
   </div>
   <div class='ocr_carea' id='block_1_97' title="bbox 237 5263 1814 5350">
    <p class='ocr_par' dir='ltr' id='par_1_97' title="bbox 237 5263 1814 5350">
     <span class='ocr_line' id='line_1_97' title="bbox 237 5263 1814 5350; baseline -0.004 -20"><span class='ocrx_word' id='word_1_770' title='bbox 237 5263 270 5350; x_wconf 71' lang='grc' dir='ltr'><strong>ἦ</strong></span> <span class='ocrx_word' id='word_1_771' title='bbox 302 5277 518 5330; x_wconf 84' lang='grc' dir='ltr'>παλαιά</span> <span class='ocrx_word' id='word_1_772' title='bbox 545 5289 683 5342; x_wconf 84' lang='grc' dir='ltr'><strong>φησι</strong></span> <span class='ocrx_word' id='word_1_773' title='bbox 715 5271 970 5341; x_wconf 73' lang='grc' dir='ltr'>λεκτικὴ,</span> <span class='ocrx_word' id='word_1_774' title='bbox 1021 5269 1144 5322; x_wconf 78' lang='grc' dir='ltr'><strong>οὔτε</strong></span> <span class='ocrx_word' id='word_1_775' title='bbox 1177 5269 1274 5340; x_wconf 83' lang='grc' dir='ltr'><strong>τὴν</strong></span> <span class='ocrx_word' id='word_1_776' title='bbox 1317 5271 1434 5340; x_wconf 79' lang='grc' dir='ltr'>ἔριν</span> <span class='ocrx_word' id='word_1_777' title='bbox 1485 5271 1814 5342; x_wconf 73' lang='grc' dir='ltr'>προφαίνου-</span> 
     </span>
    </p>
   </div>
   <div class='ocr_carea' id='block_1_98' title="bbox 237 5362 1811 5436">
    <p class='ocr_par' dir='ltr' id='par_1_98' title="bbox 237 5362 1811 5436">
     <span class='ocr_line' id='line_1_98' title="bbox 237 5362 1811 5436; baseline -0.011 -14"><span class='ocrx_word' id='word_1_778' title='bbox 237 5389 348 5436; x_wconf 89' lang='grc' dir='ltr'><strong>σιν,</strong></span> <span class='ocrx_word' id='word_1_779' title='bbox 381 5367 502 5422; x_wconf 75' lang='grc' dir='ltr'>ἁλλ⁴</span> <span class='ocrx_word' id='word_1_780' title='bbox 529 5365 830 5433; x_wconf 81' lang='grc' dir='ltr'>ὲνδόμυχον</span> <span class='ocrx_word' id='word_1_781' title='bbox 859 5362 1186 5432; x_wconf 83' lang='grc' dir='ltr'>κρύπτουσι,</span> <span class='ocrx_word' id='word_1_782' title='bbox 1221 5362 1318 5414; x_wconf 80' lang='grc' dir='ltr'><strong>καὶ</strong></span> <span class='ocrx_word' id='word_1_783' title='bbox 1349 5362 1444 5415; x_wconf 83' lang='grc' dir='ltr'><strong>τὸν</strong></span> <span class='ocrx_word' id='word_1_784' title='bbox 1471 5363 1643 5432; x_wconf 70' lang='grc' dir='ltr'>θυμὸν</span> <span class='ocrx_word' id='word_1_785' title='bbox 1678 5365 1811 5432; x_wconf 86' lang='grc' dir='ltr'><strong>βυσ-</strong></span> 
     </span>
    </p>
   </div>
   <div class='ocr_carea' id='block_1_99' title="bbox 237 5453 1815 5530">
    <p class='ocr_par' dir='ltr' id='par_1_99' title="bbox 237 5453 1815 5530">
     <span class='ocr_line' id='line_1_99' title="bbox 237 5453 1815 5530; baseline -0.005 -16"><span class='ocrx_word' id='word_1_786' title='bbox 237 5459 633 5530; x_wconf 76' lang='grc' dir='ltr'>σοδομεύοντες</span> <span class='ocrx_word' id='word_1_787' title='bbox 679 5453 1105 5521; x_wconf 54' lang='grc' dir='ltr'>ἐπηλυγάζουσα</span> <span class='ocrx_word' id='word_1_788' title='bbox 1147 5453 1332 5522; x_wconf 79' lang='grc' dir='ltr'>Θυμὺς</span> <span class='ocrx_word' id='word_1_789' title='bbox 1389 5453 1524 5522; x_wconf 83' lang='grc' dir='ltr'>γοῦν</span> <span class='ocrx_word' id='word_1_790' title='bbox 1573 5454 1668 5507; x_wconf 77' lang='grc' dir='ltr'>καὶ</span> <span class='ocrx_word' id='word_1_791' title='bbox 1697 5456 1815 5522; x_wconf 83' lang='grc' dir='ltr'>ἔρις</span> 
     </span>
    </p>
   </div>
   <div class='ocr_carea' id='block_1_100' title="bbox 237 5543 1814 5624">
    <p class='ocr_par' dir='ltr' id='par_1_100' title="bbox 237 5543 1814 5624">
     <span class='ocr_line' id='line_1_100' title="bbox 237 5543 1814 5624; baseline -0.008 -14"><span class='ocrx_word' id='word_1_792' title='bbox 237 5554 398 5624; x_wconf 77' lang='grc' dir='ltr'>παρὰ</span> <span class='ocrx_word' id='word_1_793' title='bbox 437 5552 524 5603; x_wconf 82' lang='grc' dir='ltr'><strong>σοὶ</strong></span> <span class='ocrx_word' id='word_1_794' title='bbox 550 5548 648 5601; x_wconf 78' lang='grc' dir='ltr'>καὶ</span> <span class='ocrx_word' id='word_1_795' title='bbox 684 5546 901 5616; x_wconf 80' lang='grc' dir='ltr'>κραυγὴ</span> <span class='ocrx_word' id='word_1_796' title='bbox 936 5543 1350 5614; x_wconf 70' lang='grc' dir='ltr'>φατριάζουσιν.</span> <span class='ocrx_word' id='word_1_797' title='bbox 1387 5547 1564 5599; x_wconf 84' lang='grc' dir='ltr'>Ὅπου</span> <span class='ocrx_word' id='word_1_798' title='bbox 1597 5547 1655 5598; x_wconf 82' lang='grc' dir='ltr'>δὲ</span> <span class='ocrx_word' id='word_1_799' title='bbox 1687 5548 1814 5617; x_wconf 86' lang='grc' dir='ltr'>τρία</span> 
     </span>
    </p>
   </div>
   <div class='ocr_carea' id='block_1_101' title="bbox 233 5640 1815 5711">
    <p class='ocr_par' dir='ltr' id='par_1_101' title="bbox 233 5640 1815 5711">
     <span class='ocr_line' id='line_1_101' title="bbox 233 5640 1815 5711; baseline -0.007 -8"><span class='ocrx_word' id='word_1_800' title='bbox 233 5651 421 5703; x_wconf 79' lang='grc' dir='ltr'>ταῦτα</span> <span class='ocrx_word' id='word_1_801' title='bbox 473 5643 630 5698; x_wconf 73' lang='grc' dir='ltr'>κακὰ</span> <span class='ocrx_word' id='word_1_802' title='bbox 679 5640 1179 5711; x_wconf 75' lang='grc' dir='ltr'>παρῤησιάζονται,</span> <span class='ocrx_word' id='word_1_803' title='bbox 1212 5641 1331 5702; x_wconf 88' lang='grc' dir='ltr'><strong>πῶς</strong></span> <span class='ocrx_word' id='word_1_804' title='bbox 1360 5640 1428 5693; x_wconf 84' lang='grc' dir='ltr'><strong>ἂν</strong></span> <span class='ocrx_word' id='word_1_805' title='bbox 1461 5644 1536 5710; x_wconf 83' lang='grc' dir='ltr'><strong>μὴ</strong></span> <span class='ocrx_word' id='word_1_806' title='bbox 1567 5641 1691 5709; x_wconf 77' lang='grc' dir='ltr'><strong>οὐχὶ</strong></span> <span class='ocrx_word' id='word_1_807' title='bbox 1721 5641 1815 5693; x_wconf 76' lang='grc' dir='ltr'>καὶ</span> 
     </span>
    </p>
   </div>
   <div class='ocr_carea' id='block_1_102' title="bbox 237 5731 1812 5809">
    <p class='ocr_par' dir='ltr' id='par_1_102' title="bbox 237 5731 1812 5809">
     <span class='ocr_line' id='line_1_102' title="bbox 237 5731 1812 5809; baseline -0.005 -15"><span class='ocrx_word' id='word_1_808' title='bbox 237 5740 468 5809; x_wconf 76' lang='grc' dir='ltr'>ἁεργία,</span> <span class='ocrx_word' id='word_1_809' title='bbox 523 5735 588 5788; x_wconf 84' lang='grc' dir='ltr'><strong>τὸ</strong></span> <span class='ocrx_word' id='word_1_810' title='bbox 646 5734 789 5803; x_wconf 75' lang='grc' dir='ltr'><strong>μέγα</strong></span> <span class='ocrx_word' id='word_1_811' title='bbox 843 5731 1014 5783; x_wconf 81' lang='grc' dir='ltr'>κακὸν</span> <span class='ocrx_word' id='word_1_812' title='bbox 1051 5733 1145 5784; x_wconf 64' lang='grc' dir='ltr'><strong>καί¹</strong></span> <span class='ocrx_word' id='word_1_813' title='bbox 1186 5735 1442 5802; x_wconf 85' lang='grc' dir='ltr'>μοναχοίς</span> <span class='ocrx_word' id='word_1_814' title='bbox 1476 5733 1812 5801; x_wconf 75' lang='grc' dir='ltr'>ἀπόρρητον,</span> 
     </span>
    </p>
   </div>
   <div class='ocr_carea' id='block_1_103' title="bbox 239 5819 1816 5903">
    <p class='ocr_par' dir='ltr' id='par_1_103' title="bbox 239 5819 1816 5903">
     <span class='ocr_line' id='line_1_103' title="bbox 239 5819 1816 5903; baseline -0.007 -18"><span class='ocrx_word' id='word_1_815' title='bbox 239 5827 747 5903; x_wconf 69' lang='grc' dir='ltr'>παρεισκρίνοιτος</span> <span class='ocrx_word' id='word_1_816' title='bbox 808 5821 982 5874; x_wconf 82' lang='grc' dir='ltr'><strong>Ἔνθα</strong></span> <span class='ocrx_word' id='word_1_817' title='bbox 1033 5819 1090 5871; x_wconf 82' lang='grc' dir='ltr'>δὲ</span> <span class='ocrx_word' id='word_1_818' title='bbox 1129 5820 1304 5891; x_wconf 80' lang='grc' dir='ltr'>τύρϐη</span> <span class='ocrx_word' id='word_1_819' title='bbox 1340 5822 1472 5892; x_wconf 69' lang='grc' dir='ltr'>περὶ</span> <span class='ocrx_word' id='word_1_820' title='bbox 1515 5822 1816 5874; x_wconf 84' lang='grc' dir='ltr'>ἀπεοικότα</span> 
     </span>
    </p>
   </div>
   <div class='ocr_carea' id='block_1_104' title="bbox 244 5911 1812 5994">
    <p class='ocr_par' dir='ltr' id='par_1_104' title="bbox 244 5911 1812 5994">
     <span class='ocr_line' id='line_1_104' title="bbox 244 5911 1812 5994; baseline -0.01 -14"><span class='ocrx_word' id='word_1_821' title='bbox 244 5925 419 5979; x_wconf 76' lang='grc' dir='ltr'>πολλὰ,</span> <span class='ocrx_word' id='word_1_822' title='bbox 465 5915 674 5994; x_wconf 59' lang='grc' dir='ltr'>(πολλὰ</span> <span class='ocrx_word' id='word_1_823' title='bbox 707 5915 766 5969; x_wconf 78' lang='grc' dir='ltr'>δὲ</span> <span class='ocrx_word' id='word_1_824' title='bbox 795 5913 936 5977; x_wconf 78' lang='grc' dir='ltr'>τέως</span> <span class='ocrx_word' id='word_1_825' title='bbox 983 5911 1131 5982; x_wconf 73' lang='grc' dir='ltr'>λέγω</span> <span class='ocrx_word' id='word_1_826' title='bbox 1162 5913 1230 5967; x_wconf 73' lang='grc' dir='ltr'>τὰ</span> <span class='ocrx_word' id='word_1_827' title='bbox 1270 5911 1628 5985; x_wconf 71' lang='grc' dir='ltr'>ἔκτεθειμᾶνα</span> <span class='ocrx_word' id='word_1_828' title='bbox 1664 5913 1812 5984; x_wconf 76' lang='grc' dir='ltr'>τρία,</span> 
     </span>
    </p>
   </div>
   <div class='ocr_carea' id='block_1_105' title="bbox 1913 4717 3493 4787">
    <p class='ocr_par' dir='ltr' id='par_1_105' title="bbox 1913 4717 3493 4787">
     <span class='ocr_line' id='line_1_105' title="bbox 1913 4717 3493 4787; baseline 0.003 -15"><span class='ocrx_word' id='word_1_829' title='bbox 1913 4731 2107 4787; x_wconf 80' lang='lat' dir='ltr'><strong>agatur</strong></span> <span class='ocrx_word' id='word_1_830' title='bbox 2141 4721 2206 4772; x_wconf 89' lang='lat' dir='ltr'><strong>de</strong></span> <span class='ocrx_word' id='word_1_831' title='bbox 2229 4718 2494 4772; x_wconf 86' lang='lat' dir='ltr'><strong>laudabili</strong></span> <span class='ocrx_word' id='word_1_832' title='bbox 2530 4724 2583 4772; x_wconf 88' lang='lat' dir='ltr'><strong>et</strong></span> <span class='ocrx_word' id='word_1_833' title='bbox 2617 4727 2770 4786; x_wconf 73' lang='lat' dir='ltr'><strong>grata</strong></span> <span class='ocrx_word' id='word_1_834' title='bbox 2820 4717 2927 4772; x_wconf 91' lang='lat' dir='ltr'><strong>Deo</strong></span> <span class='ocrx_word' id='word_1_835' title='bbox 2957 4717 3326 4775; x_wconf 85' lang='lat' dir='ltr'><strong>dissensione.</strong></span> <span class='ocrx_word' id='word_1_836' title='bbox 3365 4720 3493 4777; x_wconf 68' lang='lat' dir='ltr'><strong>Haec</strong></span> 
     </span>
    </p>
   </div>
   <div class='ocr_carea' id='block_1_106' title="bbox 1914 4810 3489 4881">
    <p class='ocr_par' dir='ltr' id='par_1_106' title="bbox 1914 4810 3489 4881">
     <span class='ocr_line' id='line_1_106' title="bbox 1914 4810 3489 4881; baseline 0.003 -15"><span class='ocrx_word' id='word_1_837' title='bbox 1914 4813 2057 4866; x_wconf 78' lang='lat' dir='ltr'><strong>enim</strong></span> <span class='ocrx_word' id='word_1_838' title='bbox 2084 4812 2138 4866; x_wconf 93' lang='lat' dir='ltr'><strong>in</strong></span> <span class='ocrx_word' id='word_1_839' title='bbox 2169 4810 2280 4866; x_wconf 89' lang='lat' dir='ltr'><strong>Deo</strong></span> <span class='ocrx_word' id='word_1_840' title='bbox 2306 4812 2570 4865; x_wconf 88' lang='lat' dir='ltr'><strong>miscetur</strong></span> <span class='ocrx_word' id='word_1_841' title='bbox 2595 4811 2816 4880; x_wconf 81' lang='lat' dir='ltr'><strong>gaudio,</strong></span> <span class='ocrx_word' id='word_1_842' title='bbox 2845 4812 2980 4865; x_wconf 88' lang='lat' dir='ltr'><strong>nihil</strong></span> <span class='ocrx_word' id='word_1_843' title='bbox 3015 4815 3068 4866; x_wconf 89' lang='lat' dir='ltr'><strong>in</strong></span> <span class='ocrx_word' id='word_1_844' title='bbox 3099 4829 3164 4868; x_wconf 88' lang='lat' dir='ltr'><strong>ea</strong></span> <span class='ocrx_word' id='word_1_845' title='bbox 3218 4829 3489 4881; x_wconf 75' lang='lat' dir='ltr'><strong>amarum,</strong></span> 
     </span>
    </p>
   </div>
   <div class='ocr_carea' id='block_1_107' title="bbox 1915 4903 3488 4969">
    <p class='ocr_par' dir='ltr' id='par_1_107' title="bbox 1915 4903 3488 4969">
     <span class='ocr_line' id='line_1_107' title="bbox 1915 4903 3488 4969; baseline 0.003 -13"><span class='ocrx_word' id='word_1_846' title='bbox 1915 4913 2007 4957; x_wconf 85' lang='lat' dir='ltr'><strong>aut</strong></span> <span class='ocrx_word' id='word_1_847' title='bbox 2038 4903 2336 4958; x_wconf 84' lang='lat' dir='ltr'><strong>irascibile.</strong></span> <span class='ocrx_word' id='word_1_848' title='bbox 2382 4903 2476 4956; x_wconf 91' lang='lat' dir='ltr'><strong>llis</strong></span> <span class='ocrx_word' id='word_1_849' title='bbox 2497 4903 2716 4956; x_wconf 88' lang='lat' dir='ltr'><strong>duobus</strong></span> <span class='ocrx_word' id='word_1_850' title='bbox 2738 4904 2904 4968; x_wconf 69' lang='lat' dir='ltr'><strong>xitiis,</strong></span> <span class='ocrx_word' id='word_1_851' title='bbox 2939 4905 3272 4960; x_wconf 82' lang='lat' dir='ltr'><strong>dissensioni</strong></span> <span class='ocrx_word' id='word_1_852' title='bbox 3293 4917 3346 4960; x_wconf 89' lang='lat' dir='ltr'><strong>et</strong></span> <span class='ocrx_word' id='word_1_853' title='bbox 3373 4908 3488 4969; x_wconf 68' lang='lat' dir='ltr'><strong>iras,</strong></span> 
     </span>
    </p>
   </div>
   <div class='ocr_carea' id='block_1_108' title="bbox 1916 4995 3487 5065">
    <p class='ocr_par' dir='ltr' id='par_1_108' title="bbox 1916 4995 3487 5065">
     <span class='ocr_line' id='line_1_108' title="bbox 1916 4995 3487 5065; baseline 0 -17"><span class='ocrx_word' id='word_1_854' title='bbox 1916 4995 2124 5049; x_wconf 80' lang='lat' dir='ltr'><strong>clamor</strong></span> <span class='ocrx_word' id='word_1_855' title='bbox 2141 4997 2452 5063; x_wconf 86' lang='lat' dir='ltr'><strong>copulatur,</strong></span> <span class='ocrx_word' id='word_1_856' title='bbox 2487 4995 2625 5063; x_wconf 83' lang='lat' dir='ltr'><strong>apud</strong></span> <span class='ocrx_word' id='word_1_857' title='bbox 2669 4996 2909 5050; x_wconf 86' lang='lat' dir='ltr'><strong>acriores</strong></span> <span class='ocrx_word' id='word_1_858' title='bbox 2949 5007 3003 5048; x_wconf 87' lang='lat' dir='ltr'><strong>et</strong></span> <span class='ocrx_word' id='word_1_859' title='bbox 3034 5013 3142 5049; x_wconf 89' lang='lat' dir='ltr'><strong>non</strong></span> <span class='ocrx_word' id='word_1_860' title='bbox 3173 4998 3487 5065; x_wconf 87' lang='lat' dir='ltr'><strong>prudentes.</strong></span> 
     </span>
    </p>
   </div>
   <div class='ocr_carea' id='block_1_109' title="bbox 1915 5088 3489 5157">
    <p class='ocr_par' dir='ltr' id='par_1_109' title="bbox 1915 5088 3489 5157">
     <span class='ocr_line' id='line_1_109' title="bbox 1915 5088 3489 5157; baseline -0.001 -16"><span class='ocrx_word' id='word_1_861' title='bbox 1915 5088 2020 5142; x_wconf 85' lang='lat' dir='ltr'><strong>Alii</strong></span> <span class='ocrx_word' id='word_1_862' title='bbox 2055 5088 2198 5141; x_wconf 87' lang='lat' dir='ltr'><strong>enim</strong></span> <span class='ocrx_word' id='word_1_863' title='bbox 2233 5088 2517 5156; x_wconf 80' lang='lat' dir='ltr'><strong>graviores</strong></span> <span class='ocrx_word' id='word_1_864' title='bbox 2552 5098 2603 5142; x_wconf 90' lang='lat' dir='ltr'><strong>et</strong></span> <span class='ocrx_word' id='word_1_865' title='bbox 2651 5088 2904 5150; x_wconf 80' lang='lat' dir='ltr'><strong>silentes,</strong></span> <span class='ocrx_word' id='word_1_866' title='bbox 2935 5105 3074 5157; x_wconf 87' lang='lat' dir='ltr'><strong>quos</strong></span> <span class='ocrx_word' id='word_1_867' title='bbox 3110 5090 3489 5156; x_wconf 72' lang='lat' dir='ltr'><strong>magnanimos</strong></span> 
     </span>
    </p>
   </div>
   <div class='ocr_carea' id='block_1_110' title="bbox 1917 5177 3488 5246">
    <p class='ocr_par' dir='ltr' id='par_1_110' title="bbox 1917 5177 3488 5246">
     <span class='ocr_line' id='line_1_110' title="bbox 1917 5177 3488 5246; baseline 0 -15"><span class='ocrx_word' id='word_1_868' title='bbox 1917 5190 2137 5246; x_wconf 86' lang='lat' dir='ltr'><strong>vocant,</strong></span> <span class='ocrx_word' id='word_1_869' title='bbox 2168 5181 2568 5235; x_wconf 88' lang='lat' dir='ltr'><strong>dissensionem</strong></span> <span class='ocrx_word' id='word_1_870' title='bbox 2602 5196 2707 5234; x_wconf 90' lang='lat' dir='ltr'><strong>non</strong></span> <span class='ocrx_word' id='word_1_871' title='bbox 2748 5179 3124 5242; x_wconf 78' lang='lat' dir='ltr'><strong>manifestam,</strong></span> <span class='ocrx_word' id='word_1_872' title='bbox 3157 5177 3252 5233; x_wconf 82' lang='lat' dir='ltr'><strong>sed</strong></span> <span class='ocrx_word' id='word_1_873' title='bbox 3286 5186 3488 5231; x_wconf 88' lang='lat' dir='ltr'><strong>mutam</strong></span> 
     </span>
    </p>
   </div>
   <div class='ocr_carea' id='block_1_111' title="bbox 1917 5271 3488 5342">
    <p class='ocr_par' dir='ltr' id='par_1_111' title="bbox 1917 5271 3488 5342">
     <span class='ocr_line' id='line_1_111' title="bbox 1917 5271 3488 5342; baseline -0.001 -17"><span class='ocrx_word' id='word_1_874' title='bbox 1917 5275 2284 5333; x_wconf 80' lang='lat' dir='ltr'><strong>abscondunt,</strong></span> <span class='ocrx_word' id='word_1_875' title='bbox 2340 5283 2503 5342; x_wconf 81' lang='lat' dir='ltr'><strong>atque</strong></span> <span class='ocrx_word' id='word_1_876' title='bbox 2567 5273 2702 5326; x_wconf 89' lang='lat' dir='ltr'><strong>iram</strong></span> <span class='ocrx_word' id='word_1_877' title='bbox 2762 5286 3138 5340; x_wconf 77' lang='lat' dir='ltr'><strong>compressam</strong></span> <span class='ocrx_word' id='word_1_878' title='bbox 3213 5271 3488 5337; x_wconf 86' lang='lat' dir='ltr'><strong>operiunt.</strong></span> 
     </span>
    </p>
   </div>
   <div class='ocr_carea' id='block_1_112' title="bbox 1923 5361 3490 5432">
    <p class='ocr_par' dir='ltr' id='par_1_112' title="bbox 1923 5361 3490 5432">
     <span class='ocr_line' id='line_1_112' title="bbox 1923 5361 3490 5432; baseline -0.003 -14"><span class='ocrx_word' id='word_1_879' title='bbox 1923 5363 2080 5432; x_wconf 81' lang='lat' dir='ltr'><strong>Apud</strong></span> <span class='ocrx_word' id='word_1_880' title='bbox 2127 5376 2178 5418; x_wconf 91' lang='lat' dir='ltr'><strong>te</strong></span> <span class='ocrx_word' id='word_1_881' title='bbox 2225 5379 2355 5432; x_wconf 79' lang='lat' dir='ltr'><strong>ergo</strong></span> <span class='ocrx_word' id='word_1_882' title='bbox 2416 5364 2516 5426; x_wconf 80' lang='lat' dir='ltr'><strong>ira,</strong></span> <span class='ocrx_word' id='word_1_883' title='bbox 2561 5372 2615 5415; x_wconf 87' lang='lat' dir='ltr'><strong>et</strong></span> <span class='ocrx_word' id='word_1_884' title='bbox 2673 5362 2967 5425; x_wconf 83' lang='lat' dir='ltr'><strong>dissensio,</strong></span> <span class='ocrx_word' id='word_1_885' title='bbox 3000 5367 3056 5412; x_wconf 84' lang='lat' dir='ltr'><strong>et</strong></span> <span class='ocrx_word' id='word_1_886' title='bbox 3094 5361 3298 5412; x_wconf 86' lang='lat' dir='ltr'><strong>clamor</strong></span> <span class='ocrx_word' id='word_1_887' title='bbox 3351 5362 3490 5413; x_wconf 85' lang='lat' dir='ltr'><strong>asti-</strong></span> 
     </span>
    </p>
   </div>
   <div class='ocr_carea' id='block_1_113' title="bbox 1918 5452 3490 5526">
    <p class='ocr_par' dir='ltr' id='par_1_113' title="bbox 1918 5452 3490 5526">
     <span class='ocr_line' id='line_1_113' title="bbox 1918 5452 3490 5526; baseline -0.002 -17"><span class='ocrx_word' id='word_1_888' title='bbox 1918 5460 2200 5526; x_wconf 86' lang='lat' dir='ltr'><strong>pulantur.</strong></span> <span class='ocrx_word' id='word_1_889' title='bbox 2267 5453 2366 5510; x_wconf 90' lang='lat' dir='ltr'><strong>Ubi</strong></span> <span class='ocrx_word' id='word_1_890' title='bbox 2416 5463 2600 5508; x_wconf 88' lang='lat' dir='ltr'><strong>autem</strong></span> <span class='ocrx_word' id='word_1_891' title='bbox 2667 5454 2898 5507; x_wconf 56' lang='lat' dir='ltr'><strong>sariunt</strong></span> <span class='ocrx_word' id='word_1_892' title='bbox 2973 5455 3072 5503; x_wconf 78' lang='lat' dir='ltr'><strong>tria</strong></span> <span class='ocrx_word' id='word_1_893' title='bbox 3150 5452 3251 5505; x_wconf 88' lang='lat' dir='ltr'><strong>ista</strong></span> <span class='ocrx_word' id='word_1_894' title='bbox 3317 5453 3490 5517; x_wconf 86' lang='lat' dir='ltr'><strong>vitia,</strong></span> 
     </span>
    </p>
   </div>
   <div class='ocr_carea' id='block_1_114' title="bbox 1920 5542 3493 5619">
    <p class='ocr_par' dir='ltr' id='par_1_114' title="bbox 1920 5542 3493 5619">
     <span class='ocr_line' id='line_1_114' title="bbox 1920 5542 3493 5619; baseline -0.004 -16"><span class='ocrx_word' id='word_1_895' title='bbox 1920 5548 2194 5619; x_wconf 88' lang='lat' dir='ltr'><strong>quomodo</strong></span> <span class='ocrx_word' id='word_1_896' title='bbox 2246 5549 2464 5602; x_wconf 82' lang='lat' dir='ltr'><strong>abesset</strong></span> <span class='ocrx_word' id='word_1_897' title='bbox 2513 5546 2786 5608; x_wconf 84' lang='lat' dir='ltr'><strong>otiositas,</strong></span> <span class='ocrx_word' id='word_1_898' title='bbox 2844 5557 3100 5610; x_wconf 77' lang='lat' dir='ltr'><strong>magnum</strong></span> <span class='ocrx_word' id='word_1_899' title='bbox 3173 5542 3396 5598; x_wconf 89' lang='lat' dir='ltr'><strong>malum.</strong></span> <span class='ocrx_word' id='word_1_900' title='bbox 3437 5555 3493 5600; x_wconf 86' lang='lat' dir='ltr'><strong>et</strong></span> 
     </span>
    </p>
   </div>
   <div class='ocr_carea' id='block_1_115' title="bbox 1920 5634 3497 5709">
    <p class='ocr_par' dir='ltr' id='par_1_115' title="bbox 1920 5634 3497 5709">
     <span class='ocr_line' id='line_1_115' title="bbox 1920 5634 3497 5709; baseline -0.002 -15"><span class='ocrx_word' id='word_1_901' title='bbox 1920 5642 2200 5696; x_wconf 82' lang='lat' dir='ltr'><strong>mOuachis</strong></span> <span class='ocrx_word' id='word_1_902' title='bbox 2244 5638 2612 5709; x_wconf 90' lang='lat' dir='ltr'><strong>perniciosum</strong></span> <span class='ocrx_word' id='word_1_903' title='bbox 2652 5634 2773 5687; x_wconf 85' lang='lat' dir='ltr'><strong>?Et</strong></span> <span class='ocrx_word' id='word_1_904' title='bbox 2819 5634 2911 5687; x_wconf 91' lang='lat' dir='ltr'><strong>ubi</strong></span> <span class='ocrx_word' id='word_1_905' title='bbox 2970 5634 3234 5687; x_wconf 85' lang='lat' dir='ltr'><strong>tumultus</strong></span> <span class='ocrx_word' id='word_1_906' title='bbox 3299 5638 3497 5691; x_wconf 85' lang='lat' dir='ltr'><strong>multa-</strong></span> 
     </span>
    </p>
   </div>
   <div class='ocr_carea' id='block_1_116' title="bbox 1919 5725 3496 5792">
    <p class='ocr_par' dir='ltr' id='par_1_116' title="bbox 1919 5725 3496 5792">
     <span class='ocr_line' id='line_1_116' title="bbox 1919 5725 3496 5792; baseline 0.001 -14"><span class='ocrx_word' id='word_1_907' title='bbox 1919 5747 2038 5785; x_wconf 79' lang='lat' dir='ltr'><strong>rum</strong></span> <span class='ocrx_word' id='word_1_908' title='bbox 2100 5746 2282 5786; x_wconf 83' lang='lat' dir='ltr'><strong>rerum</strong></span> <span class='ocrx_word' id='word_1_909' title='bbox 2340 5731 2680 5782; x_wconf 81' lang='lat' dir='ltr'><strong>diversarum</strong></span> <span class='ocrx_word' id='word_1_910' title='bbox 2744 5726 2933 5792; x_wconf 79' lang='lat' dir='ltr'><strong>(multa</strong></span> <span class='ocrx_word' id='word_1_911' title='bbox 3007 5725 3131 5779; x_wconf 88' lang='lat' dir='ltr'><strong>dico</strong></span> <span class='ocrx_word' id='word_1_912' title='bbox 3193 5725 3336 5790; x_wconf 78' lang='lat' dir='ltr'><strong>ista,</strong></span> <span class='ocrx_word' id='word_1_913' title='bbox 3396 5745 3496 5785; x_wconf 80' lang='lat' dir='ltr'><strong>nec</strong></span> 
     </span>
    </p>
   </div>
   <div class='ocr_carea' id='block_1_117' title="bbox 1926 5815 3496 5884">
    <p class='ocr_par' dir='ltr' id='par_1_117' title="bbox 1926 5815 3496 5884">
     <span class='ocr_line' id='line_1_117' title="bbox 1926 5815 3496 5884; baseline -0.004 -7"><span class='ocrx_word' id='word_1_914' title='bbox 1926 5823 2202 5877; x_wconf 88' lang='lat' dir='ltr'><strong>iuuuerilo</strong></span> <span class='ocrx_word' id='word_1_915' title='bbox 2273 5820 2479 5874; x_wconf 83' lang='lat' dir='ltr'><strong>dicitur</strong></span> <span class='ocrx_word' id='word_1_916' title='bbox 2560 5815 2918 5884; x_wconf 65' lang='lat' dir='ltr'><strong>multitudo),</strong></span> <span class='ocrx_word' id='word_1_917' title='bbox 2968 5830 3072 5883; x_wconf 88' lang='lat' dir='ltr'><strong>qua</strong></span> <span class='ocrx_word' id='word_1_918' title='bbox 3150 5817 3359 5873; x_wconf 86' lang='lat' dir='ltr'><strong>ratione</strong></span> <span class='ocrx_word' id='word_1_919' title='bbox 3421 5823 3496 5877; x_wconf 79' lang='lat' dir='ltr'><strong>ibi</strong></span> 
     </span>
    </p>
   </div>
   <div class='ocr_carea' id='block_1_118' title="bbox 1919 5905 3498 5984">
    <p class='ocr_par' dir='ltr' id='par_1_118' title="bbox 1919 5905 3498 5984">
     <span class='ocr_line' id='line_1_118' title="bbox 1919 5905 3498 5984; baseline -0.011 -13"><span class='ocrx_word' id='word_1_920' title='bbox 1919 5915 2095 5970; x_wconf 84' lang='lat' dir='ltr'><strong>aderit</strong></span> <span class='ocrx_word' id='word_1_921' title='bbox 2123 5927 2258 5982; x_wconf 86' lang='lat' dir='ltr'><strong>opus</strong></span> <span class='ocrx_word' id='word_1_922' title='bbox 2290 5908 2625 5966; x_wconf 72' lang='lat' dir='ltr'><strong>monachica:</strong></span> <span class='ocrx_word' id='word_1_923' title='bbox 2658 5909 2782 5963; x_wconf 68' lang='lat' dir='ltr'><strong>vita</strong></span> <span class='ocrx_word' id='word_1_924' title='bbox 2827 5914 3012 5976; x_wconf 77' lang='lat' dir='ltr'><strong>aptum</strong></span> <span class='ocrx_word' id='word_1_925' title='bbox 3039 5905 3063 5958; x_wconf 83' lang='lat'><strong>?</strong></span> <span class='ocrx_word' id='word_1_926' title='bbox 3087 5906 3206 5973; x_wconf 84' lang='lat' dir='ltr'><strong>Quo</strong></span> <span class='ocrx_word' id='word_1_927' title='bbox 3237 5907 3330 5976; x_wconf 83' lang='lat' dir='ltr'><strong>qui</strong></span> <span class='ocrx_word' id='word_1_928' title='bbox 3375 5923 3498 5984; x_wconf 59' lang='lat' dir='ltr'><strong>ego;</strong></span> 
     </span>
    </p>
   </div>
  </div>
