3908 6250
448 235 556 301 ’771

1156 234 1577 298 EUSTATHII
1616 234 2380 300 THESSALONICENSIS
2418 235 2990 298 METROPOLITA!

3596 239 3707 295 772

444 350 538 405 die
598 356 782 404 utrum
838 350 1170 421 peculiarem
1236 351 1563 418 amicitiam,
1627 360 1688 408 ut
1755 354 2018 415 diximus,

2129 349 2625 423 λοσχημονέστατε,
2667 352 2736 418 εί,
2768 350 2843 414 ὡς
2895 350 3141 418 εἴπομεν,
3178 348 3398 418 ἀπαρνῇ
3467 346 3565 418 τὴν
3605 363 3707 415 με·

453 442 856 509 repadiaveris,
891 456 1089 511 nempe
1108 443 1157 496 si
1185 442 1333 498 dicta
1379 445 1606 499 audisti.
1641 445 1768 501 Sive
1804 445 1908 501 boc
1942 446 2029 499 in-

357 525 360 528 ’
449 534 684 603 telligas,
715 536 832 590 sive
849 550 986 599 non,
1014 550 1114 604 ego
1139 536 1235 590 tibi
1263 537 1388 590 dico
1409 538 1704 607 perfectam
1728 539 2027 594 amicitiam

450 628 782 694 peculiarem
835 629 904 682 de
946 629 1107 682 nobis
1153 644 1183 682 a
1227 640 1279 685 te
1306 631 1671 700 repudiatam.
1719 631 1828 688 Nos
1880 635 2025 689 enim

452 718 702 788 singulos
746 730 929 788 patres
979 732 1105 777 tuos
1147 739 1255 778 non
1299 739 1475 787 amas,
1524 726 1715 796 sicque
1771 743 1871 782 nec
1901 729 2028 782 uni-

448 810 741 874 versalem,
795 827 897 866 nec
951 814 1263 883 generalem
1306 816 1605 870 amicitiam
1649 833 1859 873 servas.
1921 818 2028 885 Qui

446 901 595 954 enim
622 904 928 956 membrum
959 904 1142 971 magni
1182 907 1445 960 momenti
1472 906 1579 962 Deo
1605 920 2026 974 consecratum,

448 992 608 1060 eique
667 1005 863 1048 contra
930 1004 980 1050 te
1032 999 1322 1061 assistens,
1379 1009 1726 1063 aversantur,
1778 1003 2027 1072 nunquid

444 1084 716 1138 dicendus
761 1096 845 1140 est
882 1087 1302 1142 universitatem
1336 1088 1566 1159 diligere
1606 1106 1728 1146 cum
1763 1095 2027 1162 optimam

447 1186 661 1243 partem
691 1177 919 1230 oderit?
945 1176 1194 1241 Quadam
1237 1179 1386 1233 enim
1423 1192 1602 1247 parte,
1642 1192 1698 1239 et
1741 1182 2027 1254 qualicun-

447 1279 577 1329 que,
631 1281 738 1319 non
774 1267 973 1335 loquor
1006 1268 1075 1322 de
1119 1269 1293 1338 magis
1329 1271 1591 1340 pretiosa,
1644 1274 1931 1345 desumpta
1958 1276 2026 1331 de

445 1356 665 1424 generis
722 1360 1013 1423 totalitatc,
1069 1376 1177 1415 non
1218 1371 1331 1415 tota
1368 1377 1466 1416 sua
1506 1364 1825 1435 integritate
1854 1383 2024 1440 gene-

392 1499 397 1503 .
446 1448 582 1511 rale,
613 1457 709 1502 aut
742 1452 1050 1506 universale
1068 1454 1306 1523 amplius
1338 1469 1463 1509 vere
1490 1457 1791 1513 diceretur.
1868 1478 1879 1497 ί

514 1625 605 1681 5i.
639 1626 734 1680 Eia
767 1642 890 1696 ago.
916 1629 1025 1683 alio
1054 1644 1275 1694 conatu,
1310 1643 1362 1688 et
1389 1635 1734 1702 evidentiori,
1767 1654 2020 1708 quaenam

2135 444 2298 514 ρικὴν
2324 443 2533 512 φιλίαν,
2566 445 2621 498 εῐ
2646 461 2700 498 τι
2730 444 2866 507 τέως
2896 442 3131 505 ἐπαϊεις,
3166 434 3241 494 ὧν
3265 441 3530 507 λέγομενς
3580 438 3710 490 Εἴτε
3724 457 3759 509 ,ι

2131 534 2189 587 δὲ
2239 536 2406 598 νοεῖς,
2449 533 2561 587 εἴτε
2597 533 2691 587 καὶ
2751 533 2846 604 μὴ.
2881 532 3028 600 λέγω
3084 547 3190 594 σοι,
3230 531 3312 584 ὅτι
3364 528 3553 596 φιλίαν
3608 529 3712 598 μὲν

2131 625 2438 690 ἑξάπαντος
2478 625 2712 696 μερικὴν
2740 628 2959 695 ἀπαρνῇ
2988 625 3087 695 τὴν
3113 622 3198 692 ἐφ’
3228 625 3382 691 ἡμῖν,
3415 622 3567 692 ἡμᾶς
3595 623 3711 689 γὰρ

2131 718 2263 781 τοὺς
2309 719 2523 781 ἑνικοὺς
2575 718 2831 779 παπάδας
2864 716 2965 786 (5')
3026 717 3087 769 οὐ
3146 714 3315 783 φιλεῖς
3340 731 3358 748 ο
3388 714 3456 767 δι’
3482 713 3618 766 αὐτὸ
3649 712 3713 766 δὲ

2133 810 2260 863 οὐδὲ
2318 809 2507 878 ὀλικὴν
2540 810 2573 880 ἢ
2607 810 2832 879 γενικὴν
2884 808 3176 876 φυλάττεις
3224 806 3431 874 φιλίαν.
3480 804 3540 858 '0
3594 808 3712 874 γὰρ

2133 903 2299 973 μέρος
2330 901 2480 966 ἄξιον
2519 902 2681 971 λόγου
2715 900 2909 954 πολλοῦ
2956 901 3561 971 ἁποπροσποιούμενος,
3587 900 3713 971 Θεῷ

2127 1006 2187 1044 τε
2211 994 2605 1063 ἀφωσιωμὲνον
2659 997 2756 1047 καὶ
2785 992 3288 1064 συμπαραπατοῦν
3338 993 3533 1063 ἐκείνῳ
3562 994 3711 1047 κατὰ

2130 1088 2215 1152 ei,
2258 1089 2377 1150 πῶς
2425 1088 2493 1140 ἃν
2541 1087 2759 1157 λεχθείη
2813 1085 2939 1139 καθ’
2984 1087 3216 1156 ὁλότητα
3273 1085 3473 1152 φιλεῖν.
3526 1087 3711 1157 μισῶν

2132 1181 2297 1250 μέρος
2350 1179 2412 1232 τὸ
2469 1182 2874 1250 καιριώτατον;
2937 1177 3150 1246 Μέρους
3221 1178 3333 1248 γάρ
3390 1196 3556 1243 τινος,
3605 1181 3711 1232 καὶ

2130 1272 2296 1325 αὑτοῦ
2326 1271 2422 1326 τοῦ
2453 1274 2730 1342 τυχόντος,
2768 1271 2844 1342 μὴ
2873 1270 2954 1323 ὅτι
2976 1287 3039 1339 γε
3068 1272 3163 1323 τοῦ
3189 1272 3247 1323 ἐν
3281 1270 3493 1324 πλείονι
3522 1270 3707 1342 λόγῳ,

2127 1364 2527 1434 ὑποσπωμένου
2578 1364 2640 1417 ἔκ
2680 1364 2783 1432 τῆς
2833 1361 2977 1415 κατὰ
3006 1362 3165 1429 γένος
3195 1362 3548 1432 ὁλοκληρίας,
3600 1365 3712 1416 οὐκ

2123 1456 2192 1511 ἂν
2223 1459 2293 1530 τῇ
2327 1457 2546 1527 ὁλότητι
2599 1455 2751 1528 πάσῃ
2791 1453 2854 1506 τὸ
2897 1457 3117 1523 γενικδν
3144 1454 3177 1526 ἦ
3207 1456 3268 1508 τὸ
3300 1455 3423 1508 ὅλον
3474 1454 3708 1526 ἀπαληο

2127 1547 2362 1604 θεύοιτο.

2200 1638 2307 1693 να’.
2362 1639 2501 1710 Φέρε
2549 1639 2606 1693 δὲ
2644 1638 2742 1693 καὶ
2792 1640 2969 1703 ἄλλως
2998 1637 3294 1702 ἐπιϐαλὼν,
3330 1637 3455 1690 κατ’
3484 1637 3714 1690 ἔννοιαν

444 1718 518 1771 sit
566 1721 803 1775 amicitia
861 1722 1151 1789 peculiaris
1204 1726 1300 1780 tibi
1357 1743 1665 1798 exponam,
1700 1733 1864 1803 idque
1920 1740 2018 1790 neu

2137 1731 2478 1799 σαφεστέραν
2506 1730 2757 1799 εκθωμαί
2779 1748 2859 1784 σοι
2883 1731 2982 1799 τὴν
3017 1729 3249 1801 μερικὴν
3268 1729 3472 1797 φιλίαν,
3506 1730 3594 1782 οἶα
3616 1731 3715 1793 τες

446 1810 602 1878 longe
632 1826 660 1863 a
703 1827 851 1865 vero.
886 1812 1102 1869 Norunt
1133 1817 1314 1885 periti,
1340 1824 1799 1887 quemadmodum
1824 1836 2018 1893 partem

2132 1825 2306 1886 ἐστιν,
2338 1822 2463 1875 οὐδὲ
2500 1824 2643 1876 οὕτω
2671 1824 2888 1892 μακρὰν
2905 1823 3223 1893 ὀρθότητος.
3257 1822 3715 1888 Ἔγνωσταιτοῑς

444 1900 511 1953 ad
544 1903 836 1963 totum,sic
858 1904 1140 1973 partialem
1168 1910 1524 1977 quantitatem
1557 1913 1622 1967 ad
1663 1917 2018 1974 univcrsalem

2133 1914 2356 1980 εἰδόσιν,
2396 1913 2590 1983 ὥσπερ
2622 1915 2681 1967 τὸ
2726 1916 2892 1985 μέρος
2930 1914 3066 1984 πρὸς
3097 1914 3241 1975 ὅλον,
3300 1913 3447 1965 οὕτω
3472 1914 3573 1965 καὶ
3601 1914 3718 1981 τὴν

446 1995 711 2060 reputari.
753 1994 864 2051 [lac
903 1998 1068 2063 igitur
1098 1999 1311 2056 ratione
1348 2012 1404 2056 tu
1434 2003 1798 2076 interrogatus
1830 2026 1898 2064 an
1931 2027 2027 2080 pe-

444 2085 637 2140 culiari
701 2090 955 2144 amicitiae
1013 2094 1384 2159 renuntiat-es,
1447 2110 1475 2149 a
1540 2108 1591 2152 te
1643 2114 1763 2155 eam
1822 2117 2024 2157 renun-

443 2172 684 2231 tiandam
708 2219 724 2244 ,
754 2181 1178 2251 sectandamque
1230 2186 1593 2244 universalcm
1654 2192 2019 2250 declaravisti.

446 2266 594 2323 Talis
621 2279 705 2325 est
752 2281 932 2328 autem
1007 2290 1128 2344 qua:
1161 2278 1229 2333 de
1262 2287 1371 2333 tota
1438 2293 1615 2338 mente
1640 2288 1905 2354 procedit,
1951 2289 2023 2344 si-

443 2361 662 2429 quidem
745 2365 928 2434 aliquo
975 2379 1223 2438 respectu
1257 2372 1531 2439 deﬁciens,
1592 2381 1856 2447 ‘partialis
1916 2383 2020 2437 erit

445 2454 704 2509 amicitia.
752 2453 942 2511 Totam
997 2474 1123 2514 vero
1189 2462 1429 2519 animam
1505 2467 1625 2537 lego
1700 2485 1825 2526 eam
1897 2489 2018 2543 qua

445 2555 601 2596 suam
635 2544 1011 2603 admirabilem
1062 2560 1115 2604 et
1145 2554 1414 2621 triplicem
1471 2566 1721 2614 naturam
1774 2566 1827 2617 in
1886 2567 2016 2621 cha-

2131 2003 2365 2073 μερικὴν
2398 2005 2662 2074 ποιότητα
2698 2004 2834 2075 πρὸς
2855 2005 2956 2075 τὴν
2987 2004 3174 2074 ὁλικὴν
3206 2003 3481 2070 λέγεσθαι.
3507 2002 3722 2073 Τούτῳ

2127 2095 2191 2165 δὴ
2212 2095 2449 2166 τῷλόγῳ
2468 2097 2646 2150 καὶσὺ
2671 2096 2836 2159 αὐτὸς
2858 2097 3237 2166 ἠρωτημένος,
3274 2096 3321 2147 ει
3340 2096 3439 2163 τὴν
3462 2093 3721 2164 μερικὴν

2127 2187 2312 2255 φιλίαν
2341 2190 2583 2257 ἀπαρνῇ,
2609 2187 2844 2241 κατέθου
2876 2188 3160 2257 ἀρνεῖσθαι
3193 2187 3384 2256 αὐτὴν,
3415 2184 3491 2247 ὡς
3513 2187 3719 2240 avrei-

2124 2281 2217 2334 θεν
2248 2280 2671 2349 ἀντεισάγεσθαί
2707 2298 2792 2334 σοι
2813 2281 2912 2352 τὴν
2936 2280 3150 2349 ὀλικήν.
3186 2280 3345 2332 Ἐστι
3371 2279 3426 2331 δὲ
3460 2279 3718 2347 τοιαύτη

2122 2371 2156 2444 ἠ
2183 2373 2241 2437 te
2262 2374 2389 2443 ὅλης
2419 2373 2619 2444 ψυχῆς,
2646 2373 2722 2436 ὡς
2741 2375 2858 2441 εἴγε
2894 2373 2969 2443 μὴ
3000 2373 3246 2438 τοιαύτη,
3287 2371 3491 2441 μερικὴ
3526 2371 3595 2424 ἂν
3616 2374 3721 2441 εἰη

2120 2465 2291 2532 φιλία.
2321 2465 2481 2532 Λέγω
2521 2466 2577 2520 δὲ
2615 2466 2792 2537 ψυχὴν
2844 2466 2992 2536 ὃλην,
3012 2464 3108 2535 τὴν
3143 2464 3217 2535 μὴ
3263 2464 3607 2533 ψευδομένην
3652 2466 3725 2517 τ’)

2119 2554 2244 2608 κατ’
2296 2555 2470 2627 αὐτὴν
2509 2556 2654 2609 θεῖον
2688 2558 2951 2626 τριμερὲς
3007 2557 3065 2608 ἐν
3098 2555 3178 2625 τῷ
3228 2554 3427 2622 φιλεῖν,
3462 2552 3566 2621 τὴν
3632 2554 3723 2623 μὴ

446 2633 610 2687 ritate
659 2650 766 2689 non
830 2637 1144 2707 frustratur,
1203 2658 1325 2713 qua:
1367 2648 1635 2716 triplicem
1696 2652 2011 2711 facultatem

2129 2647 2447 2717 ixpetoﬁcav
2467 2648 2529 2701 τὸ
2563 2650 2772 2717 ιμφυὲς
2803 2648 3174 2719 τριστέλεχον,
3199 2647 3287 2700 ὅτε
3328 2646 3426 2714 τὴν
3467 2644 3723 2717 φιλικὴν

444 2737 553 2777 non
593 2726 784 2793 perdit,
817 2744 936 2783 cum
970 2730 1153 2788 ﬂorem
1191 2737 1443 2795 amicitia:
1464 2741 1682 2797 emittit.

514 2815 603 2870 52.
671 2818 809 2884 Quid
886 2821 1062 2878 dico?
1119 2823 1315 2882 Verum
1372 2836 1426 2884 et
1499 2848 1752 2904 magnum
1822 2853 2010 2896 mona-

444 2905 604 2960 chum
644 2908 789 2963 velut
833 2926 1212 2984 quemcunque
1308 2918 1580 2975 sincerum
1615 2922 2006 2991 Christianum.

2115 2740 2287 2811 ἄνθην
2326 2740 2673 2810 προΐσχεται.

2185 2830 2285 2888 νϐ’.
2315 2827 2446 2885 Οῒον
2488 2835 2540 2885 τί
2567 2833 2714 2901 λέγω
2740 2849 2756 2899 ;
2794 2831 2914 2903 Χρὴ
2961 2832 3057 2886 τὸν
3087 2831 3263 2903 ἀληθῆ
3294 2833 3727 2906 Τμεγαλομὸνα-

2111 2940 2227 2993 χον,
2281 2923 2472 2994 ὥσπερ
2507 2926 2600 2977 καὶ
2660 2925 2831 2977 πάντα
2890 2923 2983 2976 τὸν
3025 2922 3113 2994 τῷ
3169 2925 3287 2978 ὄντι
3342 2928 3721 2997 Χριστιανὸν*

445 3006 658 3066 oportet
698 3015 912 3070 semper
959 3015 1204 3073 paratum
1259 3023 1381 3065 esse
1450 3012 1517 3066 ad
1555 3013 1829 3082 juvandos
1879 3022 2018 3074 ami-

2129 3014 2462 3084 ἡτοιμάσθαι
2482 3015 2754 3078 παντοίως
2770 3018 2849 3079 εἰς
2870 3016 3170 3080 θεραπείαν
3189 3016 3345 3085 φίλου
3365 3020 3449 3087 ἐφ’
3467 3018 3723 3088 ἅπασιν,

443 3105 540 3146 cos
571 3095 622 3144 in
653 3094 907 3148 omnibus
938 3099 1119 3161 rebus,
1148 3114 1268 3152 cum
1299 3114 1365 3153 eo
1401 3101 1678 3173 indigent;
1710 3109 1890 3164 omnia
1917 3126 2030 3167 sua:

443 3189 496 3235 et
532 3196 720 3235 eorum
761 3186 959 3240 mentis
1007 3185 1167 3242 volita
1212 3198 1453 3247 statuere
1495 3201 1549 3248 et
1609 3195 1851 3267 dirigere
1879 3216 2016 3256 con.

444 3275 756 3341 cordanles,
816 3276 967 3345 juxta
1018 3277 1112 3334 Dei
1180 3283 1483 3350 mandata;
1553 3289 1618 3341 ad
1679 3292 2025 3359 spiritualem

444 3370 796 3422 concorliam
827 3411 843 3436 ,
890 3382 1054 3442 atque
1093 3373 1157 3425 ad
1205 3375 1533 3432 vincendum
1580 3380 1882 3438 daunonem
1912 3423 1929 3448 ,
1960 3386 2025 3441 ad

443 3461 588 3527 quod
626 3458 769 3515 Deus
819 3465 1042 3530 praemio
1097 3464 1315 3530 invitat,
1369 3483 1723 3534 concurrere.
1760 3483 1817 3527 ut
1864 3473 2027 3533 simul

445 3563 473 3600 a
544 3549 649 3603 Deo
736 3553 1022 3619 praemium
1104 3557 1395 3626 accipiant,
1455 3562 1614 3631 cujus
1683 3567 1856 3634 gratia
1913 3568 2028 3637 ipse

446 3639 600 3706 prius
677 3641 985 3707 ordinatus,
1033 3653 1088 3698 et
1154 3646 1206 3699 in
1262 3664 1321 3703 se
1379 3656 1780 3711 concordanter
1839 3659 2026 3727 dispo-

447 3744 582 3783 nens
623 3730 897 3797 virtutem,
957 3735 1072 3789 sive
1099 3753 1218 3805 qnze
1258 3739 1313 3793 in
1360 3744 1571 3799 ratione
1601 3747 1704 3802 sita
1749 3759 1854 3813 est,
1912 3753 2028 3808 sive

445 3837 564 3890 quae
597 3822 877 3879 irascibile
938 3828 1257 3884 moderatur
1316 3843 1371 3888 et
1426 3836 1529 3891 rite
1600 3843 1847 3910 corrigit,
1914 3845 2027 3900 sive

444 3910 566 3985 quae
600 3917 827 3973 instruit
875 3921 1338 3990 concupiscibile;
1368 3933 1422 3979 et
1471 3926 1670 3984 deinde
1733 3946 2024 4001 personam

443 4009 604 4077 cujus
671 4025 911 4067 amorem
956 4013 1274 4069 monachice
1333 4020 1705 4091 prosequitur,
1756 4033 2024 4091 quantum

441 4109 641 4170 potest,
679 4101 734 4156 in
772 4118 833 4159 se
871 4118 1156 4161 assumens
1190 4122 1205 4173 ;
1240 4115 1354 4160 tum
1402 4123 1467 4162 eo
1525 4090 1689 4164 modo
1722 4090 2024 4182 dispositus

443 4196 510 4249 ad
563 4195 790 4250 alterum
871 4197 1143 4253 hominem
1198 4199 1420 4267 feretur,
1511 4203 1655 4257 sicut
1696 4203 1748 4258 in
1803 4215 2025 4265 tonsura

441 4290 716 4357 promisit,
758 4296 838 4356 ut,
872 4291 996 4343 dum
1022 4306 1143 4346 sese
1172 4295 1401 4361 ratione,
1444 4295 1685 4364 appetitu
1751 4306 1805 4351 et
1851 4298 2025 4368 passi-

2131 3102 2213 3171 οἷς
2233 3108 2299 3162 ἂν
2328 3111 2540 3171 ἐκεῖνος
2572 3109 2738 3163 αὐτοῦ
2779 3110 3135 3180 προσδέηται,
3183 3113 3276 3163 καὶ
3305 3110 3573 3184 καθιστᾷν
3615 3119 3725 3169 καὶ

2133 3197 2503 3268 συμσισάζειν
2542 3198 2857 3267 ἁρμονικῶς
2909 3200 3003 3251 καὶ
3033 3200 3176 3254 κατὰ
3223 3200 3369 3254 θείαν
3397 3202 3726 3269 ἐμμέλειαν

2134 3289 2273 3362 πρὸς
2299 3289 2625 3358 συμφωνίαν
2655 3292 3041 3361 πνευματικὴν
3067 3291 3235 3344 αὑτοῦ
3266 3309 3325 3343 τε
3356 3292 3447 3344 καὶ
3481 3294 3577 3345 ὲκε
3590 3294 3724 3348 {you

2129 3380 2198 3433 τὰ
2218 3382 2361 3433 κατὰ
2376 3379 2553 3451 ψυχὴν
2576 3380 2606 3432 λ
2622 3379 2743 3451 (5“)
2769 3381 3137 3452 βουλεύματα,
3162 3384 3258 3434 καὶ
3289 3384 3722 3454 ουντροχᾶξειν,

2132 3471 2206 3534 ὡς
2234 3468 2262 3524 ὁ
2282 3472 2413 3535 Θεὸς
2445 3472 2724 3540 βραϐεύει,
2751 3474 2841 3525 ἐπὶ
2869 3474 2997 3544 νίκῃ
3021 3476 3085 3543 τῇ
3119 3474 3260 3526 κατὰ
3283 3473 3375 3527 τοῦ
3402 3474 3682 3546 δαίμονος
3700 3496 3721 3513 ο

2131 3565 2221 3617 ἵνα
2270 3566 2364 3618 καὶ
2392 3565 2453 3617 τὸ
2474 3567 2539 3617 ἐκ
2574 3564 2712 3617 θεοῦ
2767 3563 2999 3618 ἔπαθλον
3032 3567 3381 3634 κοινὼσηται,
3437 3563 3502 3622 οὗ
3532 3571 3721 3642 χάριν

2131 3653 2294 3716 αὐτὸς
2332 3655 2606 3725 ρυθμίσας
2666 3657 2960 3726 πρότερον,
2993 3657 3088 3709 καὶ
3142 3658 3313 3724 τάξας
3359 3661 3722 3730 ὲναρμονίως

2127 3745 2259 3818 παρ’
2314 3746 2495 3817 ἑαυτῷ
2523 3749 2625 3816 τήν
2672 3764 2733 3799 τε
2792 3748 2934 3800 κατὰ
2967 3748 3025 3800 τὸ
3058 3747 3279 3816 λογικὸν
3336 3750 3571 3821 ἀρετὴν,
3614 3758 3721 3809 καὶ

2126 3835 2228 3907 τὴν
2256 3839 2316 3890 τὸ
2362 3837 2593 3908 θυμικὸν
2624 3838 2929 3907 μετροῦσαν
2973 3841 3069 3891 καὶ
3097 3840 3542 3909 καταρτίξουσαν
3579 3843 3722 3899 θεν)-

2130 3930 2378 3999 πρεπῶς,
2413 3933 2493 3984 ἔτι
2520 3932 2576 3985 δὲ
2613 3934 2709 3986 καὶ
2737 3932 2836 4002 τὴν
2893 3932 2954 3987 τὸ
3006 3933 3336 4005 ὲπιθυμικδν
3407 3938 3723 3993 παιδεύω-

2128 4040 2252 4088 σαν,
2278 4020 2398 4078 εἶτα
2417 4026 2512 4079 καὶ
2541 4026 2601 4078 τὺ
2634 4027 2929 4097 πρόσωπον
2956 4028 3033 4091 ὠς
3085 4028 3317 4084 δυνατὸν
3384 4032 3576 4101 ἑαυτῷ
3620 4036 3722 4101 ἐξ-

2127 4116 2425 4186 ομοιώσας,
2446 4135 2507 4172 ου
2530 4116 2628 4188 τὴν
2661 4120 2847 4188 φιλίαν
2875 4124 3187 4192 μοναχικῶς
3218 4125 3722 4194 πραγματεύεται,

2124 4209 2529 4282 τοιουτοψύχως
2575 4212 3079 4284 προσενεχθήσεται
3128 4214 3207 4283 τῷ
3235 4216 3492 4285 τοιούτῳ,
3555 4221 3721 4274 καθὰ

2125 4301 2444 4373 κειρόμενος
2476 4303 2797 4373 ὡμολόγησε
2819 4320 2832 4334 ·
2866 4305 2959 4357 καὶ
2997 4304 3074 4374 τῷ
3125 4305 3248 4359 κατ’
3280 4307 3451 4361 αὑτὸν
3496 4308 3724 4382 λογικῷ

440 4381 639 4436 onibus
730 4381 922 4436 amicis
1001 4380 1110 4437 Deo
1183 4384 1493 4440 reformatis
1557 4388 1840 4460 conjungil.
1889 4405 2014 4448 cum

2129 4392 2510 4464 ἐπιθυμητικῷ
2538 4411 2599 4449 τε
2653 4396 2750 4447 καὶ
2776 4392 2996 4466 θυμικῷ
3030 4397 3298 4467 θεοφιλῶς
3323 4380 3727 4472 ἑρρυθμιαμὲζ

443 4471 680 4524 amicum
715 4484 876 4524 suum
907 4471 1334 4527 concordantem
1389 4474 1648 4542 reddidit,
1703 4493 2014 4535 sermonem

445 4560 697 4614 amicitia:
731 4560 854 4614 huic
900 4563 1140 4617 sermoni
1196 4564 1521 4621 monachico
1549 4565 1772 4637 jungat,
1808 4583 1861 4626 et
1888 4580 2020 4628 tunc

444 4652 597 4719 quasi
652 4667 745 4718 per
783 4651 1084 4720 perfecutm
1157 4668 1460 4709 sermonem
1524 4658 1814 4716 roboratus
1888 4678 2013 4720 cum

446 4742 623 4795 amico
662 4744 726 4796 ad
785 4742 1195 4809 perfecuonem,
1239 4747 1535 4803 amicitiam
1587 4765 1871 4823 comparet
1903 4772 2014 4813 non

449 4831 755 4901 partiaiem,
793 4833 886 4886 sed
918 4848 1143 4902 prorsus
1186 4834 1426 4901 totalcm,
1489 4847 1635 4893 totus
1671 4845 1764 4896 loti
1809 4848 2010 4911 amico.

448 4931 543 4976 aut
582 4921 752 4988 fratri,
794 4931 889 4978 aut
935 4922 1047 4979 filio
1079 4927 1436 4994 spiritualiter
1487 4931 1827 5001 conjunctus.
1889 4933 2013 4990 Haec

446 5015 590 5070 enim
624 5014 805 5070 omnia
827 5016 891 5070 ad
913 5016 1141 5072 invicem
1175 5034 1387 5086 sumus,
1424 5020 1512 5075 Dei
1545 5022 1739 5091 gratia,
1773 5025 1863 5080 ﬁlii
1900 5026 2016 5095 Dei.

449 5110 493 5164 si
538 5119 684 5164 recte
721 5111 986 5180 sapimus:
1013 5111 1243 5179 primum
1274 5112 1493 5183 quidem
1527 5121 1745 5185 propter
1770 5132 2017 5173 commu-

519 5321 620 5390 (5')
664 5317 778 5374 Vox
821 5318 1011 5390 πάπας
1064 5314 1207 5390 apud
1270 5315 1567 5390 scriptores
1613 5321 2018 5378 ecclesiasticos

447 5384 739 5457 reperitur,
759 5391 826 5442 de
857 5403 962 5458 qua
996 5384 1112 5458 haec
1140 5388 1282 5458 inter
1312 5384 1769 5458 aliaAIAttcangins
1795 5405 1809 5441 :
1847 5409 1866 5441 ‹
1907 5392 2017 5444 0b-

446 5453 631 5512 servat
662 5453 897 5517 Goarns'.
937 5458 1004 5511 ad
1039 5455 1296 5517 Eucliol.,
1331 5469 1383 5522 p.
1420 5453 1546 5525 298,
1586 5453 1772 5510 vlt—cem
1826 5460 2019 5525 πάντας

445 5526 738 5594 dupliciter
767 5527 982 5590 eﬂerri;
1024 5543 1088 5580 ac
1130 5526 1321 5576 πὰπαν
1351 5524 1566 5591 quidem
1599 5526 1703 5579 dici
1738 5524 2012 5583 summum

448 5598 782 5668 pontiticem,
821 5599 902 5668 vel
927 5597 1188 5668 Singulari
1242 5596 1478 5668 quadam
1514 5596 1876 5668 appellatione
1917 5614 2015 5668 pa-

448 5665 739 5719 triarcbam
772 5665 1237 5729 Alexandrinum;
1277 5664 1463 5717 παπᾶν
1505 5681 1632 5720 vero
1672 5664 2014 5724 sacerdotem

2121 4501 2234 4550 νοις
2259 4485 2528 4557 σύμφωνα
2550 4485 2647 4539 καὶ
2667 4484 2738 4539 τὰ
2763 4485 2856 4540 τοῦ
2888 4488 3041 4556 φίλου
3073 4488 3486 4561 ἁρμοσάμενος,
3504 4496 3725 4564 epeia:

2121 4577 2348 4653 φιλικῂν
2376 4577 2555 4649 τριάδι
2591 4578 2779 4652 ἐκείνῃ
2808 4584 3079 4652 μοναχικῇ
3135 4583 3355 4647 ἑνώσει,
3387 4585 3484 4638 καὶ
3512 4586 3593 4648 ὡς
3624 4590 3729 4643 διά

2119 4687 2264 4732 τινος
2282 4667 2468 4735 ἑξάδος
2482 4669 2686 4741 ταύτης
2703 4671 2920 4736 τελείας
2933 4674 3014 4735 εἰς
3028 4673 3347 4740 τελειότητα
3367 4679 3729 4747 συγκραθεὶς

2121 4761 2200 4829 τῷ
2234 4761 2396 4833 φίλῳ,
2423 4761 2674 4827 ὲξανύσει
2706 4762 2890 4826 φιλίαν
2915 4765 2976 4818 οὗ
3013 4766 3269 4836 μερικὴν,
3295 4767 3438 4823 ἀλλὰ
3483 4770 3563 4840 τῷ
3593 4772 3729 4827 ὄντι

2118 4853 2451 4923 ὁλικὴν,ὅλος
2475 4854 2580 4925 ὅλῳ
2605 4857 3050 4925 συγκεκραμένος
3067 4859 3481 4926 πνευματικῶς,
3497 4862 3577 4929 τῷ
3596 4865 3731 4917 εἴτε

2124 4944 2285 5015 φίλῳ,
2311 4944 2421 4998 εῐτε
2450 4943 2686 5015 ἀδελφῷ,
2710 4944 2823 4998 εἴτε
2852 4947 2945 4999 καὶ
2961 4946 3156 5015 τέκνῳ.
3189 4947 3378 5003 Πάντα
3397 4952 3510 5020 γὰρ
3524 4952 3732 5008 ταῦτα

2130 5035 2265 5087 Θεοῦ
2300 5035 2485 5106 χάριτί
2512 5037 2689 5103 ἐσμεν
2705 5036 2956 5105 ἀλλήλοις
2980 5038 3030 5091 οί
3049 5036 3143 5090 τοῦ
3166 5037 3333 5102 Θεοῦ,
3363 5042 3461 5095 ἐὰν
3490 5044 3733 5111 φρονῶ-

2138 5142 2237 5193 μεν
2262 5123 2395 5194 ὀρθά
2419 5139 2434 5155 ·
2461 5124 2523 5176 τὸ
2560 5125 2657 5195 μὲν
2679 5124 2769 5177 διὰ
2797 5126 2897 5195 τὴν
2945 5125 3234 5181 κοινωνίαν
3270 5128 3373 5197 τῆς
3398 5130 3541 5183 κατὰ
3569 5133 3733 5187 Θεὸν

2120 5340 2218 5380 seu
2239 5325 2495 5400 clericum
2511 5328 2853 5391 saecularem,
2881 5335 2940 5381 ut
2966 5327 3344 5400 ίερομονὰχον,
3368 5330 3733 5389 monachum

2122 5394 2498 5451 sacerdotem.
3018 5394 3029 5400 ⁷
3085 5394 3096 5397 “
3224 5394 3258 5399 ”

2193 5464 2332 5537 (δ”)
2350 5463 2462 5520 Hoc
2494 5466 2525 5537 λ
2555 5475 2641 5521 est
2668 5467 2721 5521 in
2749 5465 2991 5537 margine
3015 5467 3172 5535 cujus
3196 5468 3415 5537 reliqua
3437 5469 3736 5537 bibliOpe-

2119 5549 2198 5675 εἴ
2249 5536 2426 5590 culter
2474 5536 2731 5604 abscidit,
2789 5536 3106 5591 truncatum
3159 5536 3381 5592 videtur
3427 5556 3490 5593 ex
3550 5536 3731 5612 λογι-

2120 5622 2153 5659 κ
2193 5621 2241 5661 ν.
