3992 6240
275 196 293 252 ?
300 197 362 254 13
949 233 952 238 -
1209 196 1310 257 DE
1346 199 1814 260 EMENDANDA

1940 199 2032 258 ΤΑ
2071 202 2542 266 MONAClIlCA.
3397 207 3500 271 ’174

271 301 502 369 ἀγάπης.
544 300 605 356 τδ
638 301 716 368 δὲ,
770 303 854 357 ὅτι
886 304 978 358 τὸν
1007 306 1182 374 μέγαν
1217 310 1309 361 καὶ
1341 310 1562 381 πρῶτον
1612 310 1829 380 Πατέρα

1940 323 2054 362 nem
2091 309 2145 363 in
2194 310 2306 366 Deo
2340 325 2629 379 amorem;
2679 315 3004 378 secundum,
3061 319 3187 386 quia
3249 333 3502 389 magnum

271 392 584 459 κοινούμεοα
607 411 621 426 ο
656 396 717 448 τὸ
753 397 809 448 δὲ
834 399 1038 468 τρίτον,
1055 401 1135 453 ὅτι
1157 401 1419 471 ἀλλήλους
1444 403 1830 470 άναγεννῶμεν

273 486 336 538 τὰ
363 485 498 547 θεῖα,
527 489 573 538 εἰ
600 488 691 540 τὸν
721 488 818 542 τοῦ
843 490 982 544 Θεοῦ
1020 493 1185 561 φόϐον
1216 494 1688 564 συλλαμϐάνοντες
1711 494 1832 548 ὠδί-

273 593 459 645 νομεν,
486 577 578 630 καὶ
616 579 875 650 τίκτομεν
905 584 1179 654 σωτηρίας
1207 587 1446 654 πνεῦμα,
1481 588 1710 650 ἕκαστος
1739 589 1831 642 τὸν

276 665 493 737 πλησίον
522 668 932 736 ἐπωφελοῦντες
959 687 973 703 ·
1001 675 1089 727 ὅτε
1120 675 1214 728 καὶ
1244 677 1271 728 ὁ
1295 675 1395 744 μὲν
1423 676 1650 744 ὠφελῶν
1678 678 1832 746 φίλος

277 760 448 827 πατὴρ
487 758 552 812 ἂν
575 760 845 828 λογίζοιτο
872 763 963 819 διὰ
996 766 1056 819 τὸ
1079 769 1203 820 κατ’
1231 769 1430 838 ἀρετὴν
1460 771 1774 840 πρεσϐεῖον,
1801 773 1830 824 ὁ

280 851 332 906 δὲ
366 851 744 923 ὠφελούμενος
779 856 860 919 είς
883 858 1075 911 τέκνον
1106 860 1374 914 τάττοιτο.

343 1029 436 1099 νγ’.
469 1031 654 1102 Ἔχεις
684 1036 790 1090 ἰδοὺ
821 1038 913 1089 καὶ
946 1038 1229 1107 δευτέραν,
1261 1033 1306 1091 ὦ
1345 1039 1568 1107 ἀδελφέ,
1596 1040 1694 1110 τῆς
1729 1057 1830 1108 με·

277 1129 423 1194 ρικῆς
459 1127 641 1194 φιλίας
693 1129 995 1194 ἀνάπτυξιν
1021 1148 1038 1164 ο
1073 1137 1168 1186 καὶ
1207 1133 1414 1200 γένοιτό
1463 1149 1544 1185 σοι
1589 1134 1652 1186 ὲκ
1695 1132 1829 1186 Θεοῦ

273 1219 559 1283 ἐπίπνοια,
618 1224 1105 1290 καταπράττεσθαι
1166 1225 1226 1277 τὸ
1287 1223 1462 1286 οὕτως
1519 1225 1831 1296 ὁλοκλήρως

274 1310 499 1377 φιλικόν.
553 1309 798 1380 Εύχομαι
830 1312 886 1365 δὲ
919 1312 1076 1367 τοῦτο
1122 1315 1220 1367 οὐκ
1249 1317 1328 1376 εἰς
1364 1316 1565 1385 μάτην,
1599 1316 1716 1369 ἀλλ’
1746 1317 1831 1368 ὅτι

276 1400 446 1470 βλέπω
468 1401 566 1464 τὰς
595 1404 652 1456 ὲν
683 1406 794 1466 τοῖς
825 1404 966 1458 κατὰ
1000 1409 1058 1460 σὲ
1094 1408 1467 1479 ἀδελφότητας
1497 1408 1832 1480 φιλουμένας

274 1493 406 1547 κατὰ
445 1495 638 1563 μέρος·
671 1497 764 1550 καὶ
787 1498 922 1551 αὐτὸ
953 1500 1074 1569 οὐχὶ
1107 1501 1430 1571 ἀδρομερὲς,
1463 1501 1600 1554 ἀλλὰ
1633 1500 1830 1574 μικροῦ

273 1586 490 1654 ἀμερές.
553 1587 625 1640 Τὸ
664 1588 721 1640 δὲ
763 1591 962 1655 αἴτιον,
1017 1593 1097 1644 ὅτι
1133 1592 1416 1660 δυσμελῶς
1471 1593 1719 1663 ἁρμόττῃ
1771 1594 1831 1646 τὸ

1932 409 1985 452 et
2021 402 2250 469 primum
2289 413 2501 471 patrem
2549 405 2818 460 habemus
2875 422 3262 475 communem;
3309 419 3360 463 et
3396 418 3507 463 ter-

1933 487 2091 553 tium,
2121 491 2249 557 quia
2287 491 2378 545 alii
2409 493 2548 548 alios
2591 495 2646 548 in
2702 496 2904 551 divinis
2957 497 3116 551 rebus
3160 511 3505 566 generamus,

1931 581 1982 635 si
2015 580 2262 635 timorem
2293 579 2388 635 Dei
2431 585 2822 655 concipientes,
2853 587 3263 658 iugemiscimus
3290 597 3346 641 et
3379 599 3506 656 par-

1934 673 2165 726 turimus
2193 673 2444 747 spiritum
2483 675 2699 741 salutis,
2732 679 2964 748 quisque
3007 678 3313 747 proximum
3347 678 3508 746 adju-

1932 770 2129 818 vantes
2155 785 2167 816 :
2197 765 2420 832 quando
2451 767 2544 835 qui
2586 765 2808 838 adjuvat
2869 785 2936 824 ex
2981 771 3138 827 senili
3175 771 3376 826 virtute
3408 785 3507 840 pa~

1934 861 2016 907 ter
2065 852 2481 927 amabilis_dici
2543 865 2763 927 potest,
2811 871 2866 916 et
2914 863 3009 932 qui
3069 864 3360 934 adiuvatur
3407 875 3508 932 pro

1933 945 2047 1000 filio
2076 947 2337 1014 reputari.

2007 1036 2097 1092 53.
2132 1035 2270 1092 Ecce
2300 1053 2500 1092 novam
2528 1039 2720 1103 babes,
2746 1039 2818 1094 mi
2853 1041 3044 1110 frater,
3085 1045 3334 1114 partialis
3372 1045 3509 1099 auii-

1932 1128 2078 1183 citia:
2109 1129 2506 1197 definitionem,
2544 1139 2599 1186 et
2639 1133 2848 1187 utinam
2883 1143 2938 1188 te
2985 1137 3122 1192 Deus
3174 1139 3406 1210 inspiret
3439 1139 3507 1194 ad

1933 1221 2259 1276 servandam
2294 1222 2443 1276 illam
2470 1223 2832 1279 universalein
2863 1226 3181 1285 amicitiam.
3209 1230 3363 1295 Quod
3400 1246 3508 1286 non

1933 1322 2063 1383 opto
2093 1315 2148 1367 in
2181 1329 2422 1379 vanum;
2481 1316 2681 1370 etenim
2744 1317 2900 1372 video
2959 1318 3154 1374 fratres
3207 1329 3331 1377 tuos
3377 1337 3507 1390 par-

1936 1406 2054 1471 tim,
2090 1421 2198 1460 non
2241 1420 2434 1475 magna
2463 1422 2531 1461 ex
2560 1417 2732 1474 parte,
2783 1409 2878 1464 sed
2927 1409 3070 1465 forte
3113 1411 3282 1474 nulla,
3313 1413 3508 1466 amari.

1934 1498 2114 1554 Causa
2147 1505 2232 1552 est
2263 1498 2584 1567 discrepans
2630 1502 2925 1555 concordia
2974 1502 3136 1556 trium
3191 1502 3511 1557 facultatum

1934 1591 2153 1656 animm,
2180 1599 2285 1646 tua:
2317 1591 2561 1660 quidem,
2603 1601 2655 1646 et
2704 1592 2933 1647 fratrum
2976 1602 3235 1652 tuorum:
3270 1610 3372 1650 nec
3399 1593 3509 1649 ira~

273 1677 556 1746 σύμφωνον
594 1678 689 1731 τοῦ
725 1681 1007 1750 τριαόικοῦ
1039 1683 1138 1753 τῆς
1169 1682 1372 1752 ψυχῆς,
1405 1683 1500 1737 τοῦ
1537 1701 1598 1737 τε
1635 1687 1691 1736 ἐν
1725 1685 1830 1750 σοι,

1940 1682 2129 1739 scibila
2160 1682 2366 1746 frenas,
2397 1689 2457 1736 ut
2491 1697 2656 1750 supra
2709 1682 2972 1751 diximus,
3015 1700 3117 1741 nec
3165 1686 3515 1756 concupisci-

272 1769 361 1820 καὶ
397 1768 494 1821 τοῦ
520 1772 659 1824 κατὰ
689 1771 788 1840 τὴν
815 1773 1174 1844 ἀδελφότητασ
1203 1775 1296 1826 καὶ
1323 1774 1447 1827 οὔτε
1469 1775 1593 1838 τοὺς
1623 1775 1830 1845 θυμοὺς

274 1865 504 1930 μετρεῖς,
530 1863 604 1924 ὡς
630 1864 891 1935 ἀνωτέρω
920 1865 1206 1933 ἐλέγομεν,
1249 1867 1371 1918 οὔτε
1394 1867 1492 1929 τὰς
1526 1866 1831 1934 ἐπιθυμίας

273 1956 646 2024 συμειεάζεις,
701 1957 776 2019 ὡς
824 1958 852 2009 ὁ
898 1957 1078 2011 κανὼν
1119 1959 1389 2024 βούλεται·
1434 1959 1614 2012 καὶτὸ
1654 1958 1830 2010 κοινὸν

268 2051 320 2104 δὲ
345 2051 560 2118 λογικὸν
583 2051 641 2103 ὲν
669 2052 806 2121 ἡμῖν
838 2052 1191 2120 τετάρακται·
1224 2053 1318 2105 καὶ
1352 2052 1412 2104 οὐ
1446 2051 1720 2121 κατέχεις,
1749 2051 1831 2103 ὅτι

270 2142 362 2196 οὐκ
398 2143 546 2196 ἔστιν
583 2142 707 2196 οὔτε
739 2144 1062 2212 ἀδελφότης,
1095 2144 1217 2197 οὔτε
1259 2145 1434 2210 φιλία,
1474 2144 1603 2197 οὕτε
1654 2159 1832 2196 κοινο-

270 2236 506 2306 ειαρχία,
538 2235 661 2288 οὔτε
688 2234 824 2305 ἄλλη
857 2252 942 2299 τις
971 2236 1225 2290 κοινωνία
1252 2237 1368 2308 (καὶ
1398 2237 1458 2288 οὗ
1484 2235 1630 2303 λέγω
1667 2235 1832 2304 μόνον

269 2328 364 2397 τὴν
391 2330 788 2398 πνευματικὴν,
821 2331 957 2383 ἀλλὰ
1007 2333 1100 2384 καὶ
1156 2333 1336 2384 πᾶσαν
1397 2331 1672 2401 ἑτεροίαν)
1699 2331 1757 2383 ὲν

271 2422 364 2474 οὐκ
387 2421 534 2475 ἔστιν
574 2421 756 2490 ίσότης
789 2422 1030 2490 ἔλλογος,
1065 2423 1162 2476 καὶ
1199 2425 1232 2490 ἠ
1261 2422 1513 2476 ἐντεῦθεν
1551 2423 1828 2492 ἰσηγορία.

269 2512 339 2566 Τὸ
371 2515 478 2584 γὰρ
505 2515 766 2584 ἀνόμοιον
795 2514 889 2567 καὶ
932 2515 1117 2568 ἄνισον
1163 2514 1491 2585 συγχυτικὺν
1526 2513 1831 2583 πανταχοῦ,

267 2607 350 2659 ὅτε
384 2609 457 2683 μὴ
492 2607 636 2660 κατὰ
675 2607 836 2675 λόγον
872 2606 1239 2671 ἀποτελεῖται,
1276 2606 1334 2660 ὃν
1361 2605 1583 2660 δύναται
1623 2606 1724 2676 μέν
1749 2623 1832 2668 τις

269 2700 358 2752 καὶ
393 2700 772 2770 γεωμετρικὸν
797 2700 995 2764 εἰπεῖν,
1033 2699 1089 2762 ὃς
1122 2699 1180 2752 ἔν
1213 2697 1490 2767 ἀνομοίοις
1537 2697 1834 2768 ὁμοιότητα

269 2790 546 2860 φυλάττειο
589 2791 824 2860 μάλιστα
856 2791 914 2843 δὲ
946 2790 1126 2854 καλῶς
1159 2791 1226 2843 ἂν
1255 2790 1400 2844 εἴποι
1435 2791 1832 2859 πνευματικὸν,

266 2881 346 2934 ὅτι
376 2883 469 2933 ναὶ
494 2880 880 2946 ἁποστολικὸν,
909 2872 969 2933 οὗ
997 2879 1204 2949 θεωρία
1234 2880 1330 2934 καὶ
1358 2880 1443 2933 τό·
1483 2879 1604 2948 «Μὴ
1633 2880 1832 2940 πάντες

267 2974 572 3036 ἀπόστολοι,
607 2992 626 3025 ›
675 2974 770 3028 καὶ
797 2975 867 3028 τὰ
906 2972 1059 3040 ὲξῆςο
1090 2975 1228 3041 ὅπερ
1272 2972 1375 3045 καὶ
1397 2971 1463 3024 σὺ
1492 2967 1552 3024 εὖ
1577 2971 1754 3034 εἰδὼς.
1789 2965 1835 3026 ὦ

269 3069 702 3142 μεγαλομόναχε,
733 3069 880 3138 ὅμως
913 3069 974 3122 ού
1007 3067 1180 3131 Θέλεις
1205 3065 1552 3134 ὲξακριόοὖν·
1579 3065 1676 3128 ὡς,
1710 3066 1826 3134 εῐγε

1931 1775 2040 1830 bile
2077 1774 2386 1844 componis,
2415 1783 2472 1830 ut
2514 1775 2754 1844 postulat
2782 1777 2968 1844 regula
2998 1793 3014 1840 ;
3043 1792 3168 1831 nam
3200 1779 3515 1832 communis

1933 1869 2076 1924 ratio
2116 1868 2171 1922 in
2243 1868 2401 1922 nobis
2461 1871 2788 1924 conturbata
2845 1879 2973 1937 est;
3037 1884 3140 1925 nec
3204 1871 3515 1925 recordaris

1932 1961 2131 2015 abesse
2163 1959 2581 2027 fraternitatem,
2613 1971 2669 2017 et
2715 1963 3038 2028 amicitiam,
3092 1964 3327 2017 etvitam
3365 1977 3516 2018 com-

1932 2068 2176 2116 munem,
2208 2061 2263 2108 et
2311 2068 2696 2124 quamcunque
2762 2055 3233 2119 communitatem,
3256 2055 3386 2124 (non
3422 2070 3516 2108 so-

1932 2143 2041 2199 lam
2095 2143 2220 2200 dico
2263 2145 2629 2213 spiritualcm,
2677 2146 2771 2202 sed
2838 2146 3141 2216 quamlibet
3189 2146 3397 2215 aliam),
3421 2145 3513 2201 ubi

1933 2236 2085 2292 deest
2101 2236 2450 2292 rationabilis
2475 2238 2780 2306 aequalitas,
2807 2237 3048 2306 itemque
3067 2235 3323 2307 loquendi
3348 2237 3518 2292 liber-

1933 2335 2040 2382 tas.
2078 2324 2212 2390 Quae
2241 2326 2386 2381 enim
2416 2328 2630 2383 diversa
2688 2339 2744 2383 et
2773 2329 3064 2398 inaequalia
3117 2336 3267 2393 sunt,
3300 2343 3518 2399 semper

1935 2419 2344 2483 disturbantur,
2378 2419 2485 2474 nisi
2534 2419 2861 2475 ordinentur
2903 2422 3117 2476 ratione
3170 2437 3332 2492 quam
3389 2436 3518 2491 geo-

1935 2512 2220 2568 metricam
2277 2512 2478 2582 aliquis
2538 2520 2718 2582 potest
2767 2513 2951 2568 dicere
3002 2514 3422 2569 similitudinem
3457 2513 3512 2566 in

1935 2603 2307 2662 dissimilibus
2366 2615 2663 2671 servatam,
2699 2617 2752 2662 et
2807 2605 3051 2662 tuamne
3092 2607 3433 2677 spiritualem
3463 2615 3518 2660 et

1935 2698 2315 2766 apostolicam,
2378 2699 2538 2767 cujus
2593 2700 2708 2755 haec
2746 2710 2832 2758 est
2870 2700 3121 2756 them-ia:
3162 2718 3182 2752 ι
3222 2699 3341 2754 Non
3404 2714 3522 2752 om-

1935 2803 2036 2844 nes
2079 2791 2336 2859 apostoli,
2370 2809 2390 2843 »
2426 2799 2480 2848 ct
2511 2791 2718 2862 reliqua
2747 2794 2786 2826 ¹¹
2816 2811 2830 2858 ;
2870 2792 3014 2862 quod
3074 2791 3282 2862 optime
3343 2791 3514 2854 nosti,

1938 2893 1972 2936 ο
2027 2895 2223 2948 magne
2296 2884 2589 2949 monacbe,
2641 2886 2928 2952 perficere,
2960 2892 3146 2938 autem
3215 2897 3326 2936 non
3392 2877 3516 2936 riis:

1937 2987 2092 3038 nam,
2120 2982 2172 3028 te
2221 2975 2468 3041 volente,
2513 2990 2744 3031 necesse
2787 2983 2911 3030 erat
2965 2973 3266 3044 quemlibet
3296 2973 3517 3028 obvium

1935 3065 2184 3128 fratrem,
2217 3075 2278 3120 ut
2327 3066 2506 3134 decet,
2534 3090 2561 3124 ιι
2608 3077 2662 3124 te
2711 3069 2902 3133 statui,
2941 3067 3032 3122 ubi
3068 3066 3375 3136 oportebat.

266 3168 393 3223 αὐτὸ
464 3169 695 3239 ἧθελες,
763 3166 932 3236 ἐχρῆν
1002 3183 1062 3217 σε
1140 3163 1586 3235 προσφερόμενον
1641 3161 1868 3226 ἅπασιν,
1941 3163 2016 3226 ὡς
2067 3161 2338 3233 ἔπρεπεν,
2375 3162 2754 3232 άπκαθιστᾷν
2799 3161 3033 3215 ἕκαστον
3085 3159 3340 3229 ἀδελφὸν,
3387 3157 3518 3214 ἔνθα

264 3261 388 3318 ἔδει.

329 3354 419 3407 νδ’.
465 3355 695 3417 Πάντως
719 3354 774 3407 δὲ
810 3355 891 3408 δεῖ
917 3354 1012 3408 τὸν
1043 3353 1143 3423 μὲν
1174 3354 1310 3421 μετὰ
1347 3351 1549 3422 ἀρετῆς
1587 3365 1829 3417 ι-ιρακτι⁶

261 3445 352 3497 κον
381 3446 802 3512 ἑγκαθιστὰνειν
847 3448 961 3506 τοῖς
1012 3444 1472 3514 μοναστηριακοῖς
1515 3442 1832 3509 πράγμασι,

260 3538 347 3591 τὸν
374 3539 428 3590 δὲ
459 3539 726 3592 δοκοῦντα
765 3538 863 3606 μὲν
895 3537 1112 3605 εὐφυῶς
1147 3537 1293 3604 ἔχειν
1328 3534 1659 3603 ἐπιπρέπειν
1689 3532 1836 3601 ἔργῳ

259 3630 505 3702 τοιούτῳ,
543 3633 621 3700 μή
636 3649 714 3684 πω
737 3630 793 3682 δὲ
833 3629 1287 3699 πληροφοροῦντα
1320 3627 1420 3695 τὴν
1452 3626 1709 3691 τοιαύξην
1747 3622 1836 3676 δύο

259 3737 442 3790 κησιν,
473 3722 834 3791 παραδιδόναι
869 3721 946 3789 τῷ
980 3720 1100 3772 κατ’
1127 3719 1329 3789 ἀρετὴν
1375 3715 1750 3786 πραγματικῷ
1778 3717 1835 3767 ὲν

258 3816 365 3875 τοῖς
403 3815 526 3878 ἔξωο
586 3814 673 3866 ἵνα
726 3812 1154 3880 συνεζευγμένας
1186 3812 1404 3877 ἐκείνῳ,
1451 3803 1540 3860 οἷα
1576 3808 1669 3860 καὶ
1709 3806 1836 3876 βοῦς

261 3907 556 3976 ἀπείρατος
612 3905 927 3975 ἔργατείας,
979 3906 1222 3975 μανθάνῃ
1279 3904 1688 3972 συγγεωργεῖν·
1739 3901 1836 3953 καὶ

262 3998 448 4067 μαθὼν
487 3999 593 4068 μὲν
621 3996 965 4066 ἁποταχθείη
991 3997 1084 4048 καὶ
1113 3995 1276 4058 αὐτὸς
1307 3998 1364 4056 ἐς
1389 3994 1516 4063 βοῦν
1541 3993 1838 4064 ἐργατικὴν

261 4091 599 4145 διδάσκαλονο
635 4091 869 4161 σκληρὸς
915 4091 972 4142 δὲ
1004 4090 1276 4151 απεκῦὰς,
1328 4089 1405 4151 ὡς
1457 4089 1551 4141 καὶ
1607 4087 1838 4156 ἄροτρον

261 4184 596 4255 συντρίϐειν,
621 4183 718 4236 καὶ
739 4182 956 4251 ἄμαξαν
984 4184 1285 4253 κατακλᾷν,
1305 4183 1400 4235 καὶ
1423 4180 1598 4244 οὕτως
1621 4183 1838 4251 ἀχρεῖος

259 4272 418 4339 εἶναι,
451 4275 782 4346 ἐπιταχθείη
816 4276 946 4330 ἄλλο
1002 4293 1056 4327 τι
1115 4275 1278 4342 ἔργον
1320 4275 1517 4336 ποιεῖν,
1552 4273 1618 4325 δι’
1663 4267 1725 4326 οὗ
1761 4272 1836 4343 μὴ

258 4368 369 4438 ἔχει
399 4369 671 4438 βλάπτειν
699 4369 758 4422 τὸ
800 4369 1186 4439 μοναστήριονσ
1225 4367 1288 4420 οὐ
1323 4366 1431 4437 μὴν
1472 4366 1616 4422 οὕτω
1666 4365 1838 4435 σκλη-

263 4461 608 4529 ροτράχηλον
631 4458 993 4530 ἐληλεγμένου
1029 4455 1384 4528 ὑπερτιθέναι
1423 4454 1518 4509 καὶ
1557 4455 1838 4523 προτιμᾶ-

259 4551 381 4606 σθαι
405 4551 503 4606 τοῦ
534 4552 844 4620 ταλαεργοῦ
881 4552 978 4604 καὶ
1004 4549 1284 4619 σώφρονος
1338 4547 1552 4601 ἐκείνου
1585 4547 1727 4616 βοὸς,
1760 4547 1837 4609 ὡς

2007 3345 2098 3400 54.
2132 3345 2362 3412 Oportet
2420 3345 2580 3412 plane
2613 3344 2876 3413 optimum
2927 3343 3238 3413 operarium
3278 3342 3521 3414 negotiis

1939 3439 2257 3492 monasterii
2311 3453 2371 3491 se
2403 3437 2700 3507 applicare,
2752 3435 3141 3505 hominemque
3197 3438 3289 3506 qui
3358 3445 3521 3489 natus

1937 3533 2152 3586 videtur
2181 3532 2246 3584 ad
2288 3533 2406 3585 haec
2435 3546 2604 3598 onera
2653 3545 2913 3599 prospere
2979 3531 3206 3600 agenda,
3258 3529 3336 3581 illi
3368 3527 3522 3597 operi

1939 3639 1999 3679 se
2027 3623 2316 3687 addicere;
2343 3623 2700 3700 enmquequi
2736 3623 2875 3677 hanc
2892 3636 3044 3689 spem
3075 3635 3182 3674 non
3215 3619 3390 3684 aBert,
3423 3634 3524 3686 op-

1939 3720 2074 3772 timo
2132 3718 2386 3784 olierario
2428 3719 2481 3771 in
2524 3717 2688 3771 rebus
2741 3714 3107 3771 exterioribus
3141 3715 3394 3778 tradere;
3432 3710 3523 3766 cui

1937 3811 2251 3879 colligatus,
2271 3819 2331 3862 ut
2377 3808 2478 3864 bos
2511 3809 2702 3862 arandi
2751 3807 2996 3870 nescius,
3053 3806 3229 3860 discat
3261 3820 3366 3860 una
3402 3818 3525 3858 ara-

1939 3919 2018 3958 re.
2072 3902 2140 3957 Et
2210 3915 2336 3956 cum
2398 3900 2673 3964 didicerit,
2733 3901 2850 3970 ipse
2901 3909 2960 3954 ut
3017 3899 3114 3954 bos
3177 3899 3392 3968 operari
3423 3896 3524 3949 do-

1938 4009 2070 4050 cens
2139 4004 2455 4059 statuetur;
2499 4009 2530 4048 e
2591 4001 2780 4048 contra
2850 4006 2972 4046 cum
3025 3991 3276 4045 indoctos
3339 4001 3525 4042 evase-

1937 4089 2030 4156 rit,
2064 4088 2135 4141 ita
2176 4095 2236 4142 ut
2294 4097 2533 4141 aratrum
2596 4085 2950 4153 confringat,
3003 4083 3305 4152 plaustrum
3366 4094 3523 4132 rum-

1939 4187 2053 4251 pat,
2083 4189 2135 4235 et
2183 4180 2258 4236 sit
2301 4179 2535 4241 inutilis,
2582 4178 2651 4233 ad
2710 4173 2932 4244 aliquod
3010 4172 3156 4227 aliud
3185 4186 3324 4240 opus
3373 4169 3523 4223 ordi-

1939 4271 2183 4338 nabitur,
2235 4285 2268 4324 a
2320 4284 2432 4340 quo
2491 4268 2878 4324 detrimentum
2941 4263 3338 4320 monasterium
3412 4275 3522 4314 non

1938 4363 2140 4433 capiat.
2198 4359 2384 4430 Neque
2439 4359 2740 4415 indomitus
2789 4359 2887 4412 bos
2949 4356 3366 4426 anteponendos
3415 4361 3520 4416 est,

1937 4457 1993 4504 et
2047 4448 2221 4518 magis
2261 4446 2638 4512 honorandus,
2683 4460 2844 4515 quam
2897 4445 2986 4499 ille
3037 4443 3248 4512 peritus
3297 4447 3351 4495 et
3435 4453 3526 4495 sa-

1940 4542 2115 4612 piens,
2157 4541 2234 4596 ita
2275 4549 2336 4595 ut
2407 4540 2768 4610 posteriorem
2839 4535 3316 4590 condemnandum
3386 4549 3526 4603 pone

257 4645 420 4698 αὐτὸν
455 4644 564 4715 μὲν
599 4645 946 4715 παρατηρεῖν
993 4640 1479 4710 καταγνωστικῶς,
1514 4640 1594 4709 τῷ
1625 4640 1683 4692 δὲ
1730 4656 1832 4692 κα.-

1942 4635 2220 4699 observes,
2246 4631 2594 4703 prioremque
2621 4630 2865 4694 emittas,
2894 4643 3069 4697 neque
3099 4630 3201 4681 hoc
3223 4627 3407 4692 modo,
3429 4626 3524 4681 sed

255 4735 477 4808 κούργῳ
511 4736 712 4805 ἐκείνῳ
737 4737 950 4805 ἐφιέναι
990 4733 1056 4788 τά
1087 4735 1389 4805 γεωργικά·
1422 4733 1522 4786 οὐκ
1561 4732 1694 4785 αὐτὸ
1732 4731 1834 4801 μό-

255 4844 364 4892 νον,
401 4829 545 4882 ἀλλὰ
580 4827 678 4881 καὶ
709 4829 973 4898 περιορᾷν
997 4828 1208 4880 ἐκεῖνον
1235 4825 1691 4894 κατασκιρτῶντα
1734 4823 1836 4892 τῆς

253 4920 462 4988 ἀλωῆς,
498 4919 630 4973 οὔτε
665 4916 935 4982 ἀλοῶντα,
969 4917 1046 4982 ὡς
1082 4917 1158 4988 μὴ
1209 4917 1379 4987 φιμοῦ
1417 4915 1656 4978 δέεσθαι,
1697 4915 1834 4969 ἀλλὰ

252 5014 371 5084 είκῆ
414 5013 786 5067 κατεσθίοντα
829 5013 898 5066 τὰ
953 5011 1270 5081 δράγματα,
1320 5007 1445 5064 οὔτε
1492 5009 1836 5079 ἀπεχόμενον

252 5105 346 5160 τοῦ
378 5110 725 5180 σπαράττειν
751 5109 812 5162 τὸ
855 5109 1124 5179 τρόφιμον
1156 5108 1254 5160 σὺν
1281 5107 1360 5174 τῷ
1409 5107 1501 5157 καὶ
1531 5105 1834 5172 ἀμύνεσθαι

254 5198 508 5267 κέρασιν,
546 5198 710 5263 εἴτις
740 5198 1113 5270 προσπελάσει
1144 5197 1342 5250 ἐθέλων
1374 5193 1716 5250 ἀποκωλύειν
1737 5193 1832 5247 τοῦ

252 5288 738 5360 καταδιδρὼσκειν
769 5290 838 5344 τὰ
867 5293 967 5361 τῆς
1000 5290 1190 5359 μονῆς.

316 5388 416 5437 γε’.
454 5383 574 5434 Καὶ
629 5383 798 5453 ἐχρῆν
836 5384 934 5453 μὲν
976 5366 1136 5436 οὕτω
1160 5381 1427 5448 γίνεσθαι,
1465 5381 1542 5443 ὼς
1597 5378 1828 5448 ἔφαμενο

251 5472 312 5525 ού
334 5473 556 5542 γίνεται
588 5473 672 5531 δέ.
705 5474 806 5526 Διὰ
828 5475 920 5541 τί;
951 5475 1075 5528 Ὀτι
1113 5475 1213 5544 τῆς
1254 5473 1462 5536 ἅλωνος
1509 5471 1829 5537 ἀπελαθεὶς,

327 5633 368 5663 ¹¹
408 5634 426 5686 l
477 5633 614 5687 Cor.
678 5647 776 5696 xu,
809 5632 901 5687 ἓξ).

1940 4743 2066 4782 cum
2117 4725 2306 4781 rideas
2333 4724 2388 4778 in
2444 4737 2570 4778 area
2655 4722 2980 4782 saltantem,
3014 4734 3120 4773 non
3177 4719 3524 4772 triturantem

1941 4829 2003 4875 ut
2061 4833 2125 4873 os
2181 4816 2396 4887 alligari
2451 4831 2559 4872 non
2620 4815 2695 4870 sit
2752 4828 3022 4876 necesse,
3059 4813 3152 4866 scd
3219 4809 3527 4878 manipulos

1940 4909 2148 4982 passim
2217 4918 2528 4978 carpentem
2557 4945 2572 4968 ,
2624 4923 2651 4958 a
2714 4905 2836 4960 cibo
2901 4902 3115 4959 edendo
3195 4915 3300 4954 non
3379 4897 3526 4952 desio

1942 5013 2198 5068 stentem,
2239 5011 2293 5057 et
2348 5002 2614 5057 cornibus
2667 5005 3023 5063 avertentem,
3058 4997 3104 5048 si
3157 4995 3282 5063 quis
3313 4990 3526 5045 accedit

1944 5113 2014 5155 n-c
2056 5098 2200 5153 bona
2241 5093 2559 5150 monasterii
2619 5092 2919 5162 disperdat,
2957 5089 3338 5157 impediturus.

2013 5377 2101 5431 55.
2127 5373 2202 5429 Ita
2229 5373 2349 5428 fieri
2378 5373 2688 5442 oportebat,
2723 5377 2781 5421 ut
2812 5366 3051 5419 diximus
3074 5378 3088 5426 ;
3111 5372 3212 5412 nec
3229 5368 3408 5411 tamen
3439 5353 3525 5411 fa-

1939 5479 2086 5526 ctum
2131 5477 2236 5525 est.
2288 5465 2464 5533 Quam
2510 5465 2580 5518 ob
2613 5460 2878 5517 causam?
2915 5457 3040 5526 quia
3104 5470 3171 5508 ex
3217 5468 3341 5507 area
3391 5463 3523 5521 pro-
