3992 6240
460 314 564 377 779

1167 314 1594 375 EUSTA'I‘HII
1631 314 1731 373 ΤΗ
1745 311 2036 373 ESSALO.‘

2149 313 2384 371 iENSlS
2409 314 2461 372 Μ
2473 314 2972 375 ΕΤιιοΡΟιιΤίΕ

3627 318 3739 382 780

461 446 633 501 neque
671 433 1008 502 comparatis
1070 428 1460 503 locupletatus.
1517 431 1581 486 Et
1614 432 1811 487 deinde
1835 446 1903 486 ne
1934 430 2036 502 qui:

2168 445 2305 498 μων,
2335 427 2458 481 οὔτε
2516 428 2752 501 ὓπαρξιν
2784 430 3254 503 περιϐεϐλημένος
3279 469 3295 495 ,
3334 431 3461 487 οὔτε
3515 434 3734 505 κτῆσιν.

460 524 786 581 recordatus
816 540 1003 582 rerum
1047 526 1379 597 priscarum,
1412 527 1478 582 ad
1511 541 1605 582 eas
1634 515 1828 581 Ite-rum
1858 539 2041 596 regre-

461 614 660 684 diatur,
681 617 846 672 etiam
887 632 1041 674 novre
1083 620 1481 690 comparationi
1508 619 1826 674 renuntiare
1852 634 2039 675 mone-

460 717 567 769 tur.
597 711 713 765 sive
753 712 1153 781 comparationi
1204 702 1329 783 μοὶὶ
1368 713 1595 780 primum
1629 711 1905 777 secundas,
1930 727 2038 783 qua

460 801 660 855 iterum
696 800 838 857 foret
872 804 1193 870 saecularis,
1237 811 1293 858 et
1342 804 1646 875 respiciens
1687 815 1835 859 retro
1868 823 1886 856 ι
1928 817 2036 858 non

459 901 619 961 aptus
649 910 817 967 regno
837 895 931 953 Dei
958 898 1036 961 ης
1068 917 1087 950 ι
1115 908 1171 953 et
1203 913 1427 969 prorsus
1450 899 1706 953 columna
1743 899 2035 961 fatuitatis.

459 987 499 1041 si
542 986 613 1041 ita
641 987 996 1060 intelligenda
1048 1000 1131 1047 est
1160 993 1213 1046 in
1245 990 1551 1061 Scripturis
1602 1002 1762 1064 prout
1808 994 2035 1061 audisti,

459 1079 707 1133 columna
765 1084 953 1136 uxoris
1003 1082 1164 1146 Loth,
1205 1098 1429 1155 propter
1468 1087 1549 1142 sal
1586 1087 1939 1154 infatuatum,
1976 1097 2035 1142 ut

458 1173 788 1240 accepimus,
813 1175 958 1243 quod
990 1184 1279 1245 paternum
1323 1178 1581 1244 fratrem,
1611 1196 1729 1235 non
1755 1182 1933 1235 minus
1970 1194 2036 1237 ac

458 1281 653 1320 terram
679 1266 941 1334 fertilem,
974 1269 1027 1323 in
1062 1268 1243 1324 lacum
1276 1271 1517 1327 sterilem
1552 1273 1844 1328 c0nvertit.

518 1530 608 1586 59.
628 1532 762 1599 Qua:
790 1551 913 1589 cum
935 1537 1008 1592 ita
1036 1539 1167 1603 sint,
1191 1550 1244 1594 et
1263 1555 1372 1596 non
1391 1543 1570 1607 aliter,
1599 1544 1870 1615 volebam,
1890 1565 1921 1602 o
1937 1565 2033 1619 pa-

457 1636 562 1676 tres
578 1625 776 1686 nostri,
798 1640 896 1680 ros
918 1628 988 1680 ab
1018 1642 1126 1683 uno
1149 1629 1343 1688 saltem
1367 1632 1531 1688 trium
1560 1634 1832 1691 dictorum
1859 1640 2032 1695 malo-

456 1727 574 1766 rum
595 1715 896 1785 abstinere.
912 1717 1243 1791 Plerumque
1265 1734 1446 1779 autem
1467 1726 1826 1783 exciditboua
1844 1731 2034 1786 volun-

456 1802 726 1859 taleulti
754 1809 900 1862 cnim
934 1820 1061 1865 ante
1092 1819 1400 1879 tonsuram,
1430 1817 1865 1888 sicutncxpertus
1892 1839 2033 1890 sum,
2071 1789 2112 1845 Β

454 1901 720 1962 ,ιιιειιιιυπι
753 1912 861 1952 non
889 1900 1084 1956 radere
1103 1913 1287 1973 caput,
1324 1915 1538 1962 tantum
1567 1926 1745 1981 neque
1781 1923 2033 1984 paterna,

453 2000 627 2057 neque
659 2004 974 2064 comparata
1013 1997 1156 2055 bona
1207 2000 1505 2072 deponere,
1538 2007 1808 2064 curabant
1838 2010 1884 2065 si
1913 2028 2036 2081 qua:

454 2081 762 2172 habebant;
797 2087 895 2141 sed
951 2090 1126 2145 vitam
1168 2095 1553 2153 monachicam
1607 2102 1845 2172 amplexi
1903 2113 2036 2160 sunt

453 2169 589 2225 sicut
611 2166 792 2230 nautae
814 2177 879 2231 ad
912 2181 1282 2252 navigandum
1317 2202 1441 2242 cum
1461 2192 1611 2260 gravi
1634 2166 1878 2260 pondere
1899 2212 2035 2252 eun-

451 2271 567 2330 tes,
601 2265 962 2361 solummodo
1003 2276 1217 2345 capillis
1273 2280 1475 2351 capitis
1521 2286 1799 2354 nudati,et
1820 2291 2033 2361 reliquo

452 2356 633 2450 saeculi
653 2358 782 2429 iugo
822 2365 1057 2431 gravati,
1100 2368 1265 2425 etiam
1325 2384 1450 2443 post
1500 2385 1804 2436 tonsuram.
1856 2356 2031 2450 Quam

455 2446 602 2537 multi
662 2452 827 2506 etiam
854 2457 946 2524 qui
979 2457 1190 2527 seipsos
1221 2466 1417 2532 patriis
1438 2476 1492 2521 et
1513 2474 1845 2537 comparatis
1871 2446 2032 2534 rebus

456 2535 916 2612 iespoliavcrunt,
955 2558 1010 2603 et
1050 2561 1237 2619 postea
1282 2556 1412 2609 tacti
1462 2535 1781 2625 poenitentia
1833 2553 2029 2620 novam

454 2631 916 2696 comparationem
949 2640 1242 2705 pessimam
1303 2659 1687 2717 susceperunt.
1718 2650 1809 2725 va:
1850 2665 2030 2711 autem

452 2718 658 2816 flumini
684 2722 763 2776 illi
803 2728 900 2794 qui
929 2729 1031 2784 tria
1083 2734 1188 2786 ista
1226 2739 1540 2807 complevit,
1569 2741 1662 2810 qui
1700 2718 1915 2802 duabus
1940 2765 2031 2802 re-

456 2823 552 2865 ons
583 2824 710 2868 ante
744 2825 1027 2877 tonsuram
1082 2828 1340 2894 sepositis
1400 2846 1542 2887 nova
1608 2835 1818 2891 addidit
1863 2854 2033 2910 seque

456 2902 720 2974 triplicem
779 2913 939 2968 istam
977 2922 1188 2987 peccati
1232 2930 1485 2979 catenam
1514 2928 1582 2981 ad
1613 2928 2028 2989 suﬂ‘ocationem

450 2995 701 3068 implicit.

521 3270 610 3326 60.
632 3272 702 3327 Et
759 3276 918 3333 hodie
944 3280 1089 3349 apud
1137 3298 1239 3340 nos
1269 3290 1571 3357 reperimus
1603 3294 1825 3365 aliquod
1852 3299 2036 3358 simile

453 3376 626 3433 genus
661 3380 856 3423 eorum
891 3374 985 3442 qui
1025 3389 1090 3428 ex
1134 3385 1361 3434 tonsura
1419 3386 1847 3454 negotiationem
1889 3390 2034 3448 fece-

454 3466 600 3524 runt,
631 3473 862 3530 eamque
884 3479 1079 3521 secure
1099 3482 1377 3527 exercent.
1403 3473 1713 3533 Lucrantur
1736 3482 1879 3538 enim
1910 3502 2033 3541 cum

454 3562 645 3605 rarnes
700 3568 807 3606 non
866 3555 1055 3620 edunt,
1107 3575 1394 3632 paucoque
1432 3568 1559 3623 cibo
1608 3579 1738 3625 sunt
1769 3580 2035 3643 contenti,

454 3646 507 3691 ct
562 3649 818 3707 potentes
884 3660 994 3700 non
1039 3661 1363 3706 reverentur
1397 3656 1489 3724 qui
1522 3672 1839 3730 comparata
1871 3668 2039 3722 recti-

454 3730 665 3800 galibus
705 3737 915 3793 exactis
967 3741 1246 3799 minuunt.
1294 3745 1495 3804 Vincas
1569 3768 1702 3822 ergo
1765 3755 2034 3826 plantant,

456 3823 645 3881 hortos
664 3828 871 3893 colunt,
899 3832 1327 3903 multiplicantes
1358 3855 1554 3910 pecora
1587 3823 1779 3903 omnis
1795 3823 2039 3920 generis,

454 3921 508 3968 ct
556 3917 682 3973 aliis
735 3921 1068 3981 animalibus
1113 3926 1351 3995 dilectis,
1402 3946 1533 3988 oves
1566 3933 1661 3991 Dei
1724 3917 1917 3995 sinunt
1943 3917 2042 3998 va;

454 4007 591 4076 gari.
657 4010 793 4067 nihil
832 4013 1162 4071 intentatum
1202 4020 1543 4093 relinquunt,
1597 4041 1709 4097 quo
1777 4032 2040 4088 mundani

454 4108 774 4167 appareant,
814 4120 924 4159 non
962 4108 1241 4178 vulgares,
1298 4127 1432 4168 sane
1489 4131 1623 4172 vero
1654 4131 2037 4191 pmpotentes,

455 4199 515 4243 ut
539 4191 648 4248 sint
691 4194 918 4254 arbores
957 4201 1233 4267 caelestes,
1286 4221 1395 4259 non
1422 4206 1579 4276 juxta
1630 4222 1754 4267 eum
1786 4215 1878 4283 qui
1908 4218 2037 4273 illud

453 4282 735 4353 sapienter
765 4293 1171 4362 contemplatus
1213 4305 1317 4362 est,
1345 4298 1438 4353 sed
1469 4301 1576 4355 alio
1634 4282 1819 4366 motio,
1889 4308 2040 4365 sicut

454 4377 593 4434 σ-ωιο
610 4379 904 4449 destinati,
942 4393 998 4439 et
1058 4387 1228 4443 humo
1260 4390 1478 4448 inserti.
1524 4395 1590 4449 Et
1648 4396 1876 4455 lucifero
1918 4405 2040 4472 qui-

2150 519 2306 584 Εἷτα.
2352 523 2438 576 ἵνα
2492 523 2569 595 μὴ
2624 522 2734 577 τῶν
2771 526 3058 596 προτέρων
3111 526 3461 596 μνησάμενος
3527 530 3737 585 ἐπανο-

2147 616 2332 687 δρὰμῃ
2357 633 2443 679 τις
2485 616 2650 670 πάλιν
2698 616 2777 679 είς
2819 617 3023 681 ἐκεῖνα,
3068 623 3530 687 προσαπαιτείται
3555 624 3732 694 ἀρνή-

2148 708 2347 763 σασθαι
2383 708 2586 762 αὐτίκα
2611 709 2705 762 καὶ
2728 709 2829 779 τὴν
2860 709 3171 779 ἐπίκτησιν,
3203 711 3303 764 εἶτ’
3333 711 3429 766 οὖν
3460 713 3561 784 τὴν
3588 717 3731 785 μετά

2145 798 2320 854 ταῦτα
2351 800 2565 871 κτῆσιν,
2617 798 2715 873 τὴν
2753 800 3035 870 δευτέραν,
3069 800 3138 853 δι’
3169 796 3236 871 ἦς
3269 803 3361 855 τοῦ
3411 803 3528 872 βίου
3566 800 3731 870 αὖθις

2144 892 2379 960 γίνεται,
2442 896 2537 947 καὶ
2594 896 2674 958 εἰς
2726 893 2798 947 τά
2832 895 3010 948 ὀπίσω
3053 896 3371 965 στρέφεται,
3406 897 3600 961 ἄθετος
3651 898 3731 953 ὢν
3786 942 3793 959 ,

2144 986 2226 1047 είς
2257 983 2537 1052 βασιλείαν
2564 986 2834 1056 οὐρανῶν.
2883 988 2978 1038 καὶ
3024 987 3353 1057 αὐτόχρημα
3388 988 3561 1057 στήλη
3608 1007 3727 1059 μω-

2145 1080 2291 1150 ρίας,
2347 1080 2399 1131 εἴ
2424 1098 2476 1132 τι
2532 1080 2639 1150 χρὴ
2669 1079 2843 1142 οὕτως
2878 1080 2974 1149 τὴν
3012 1080 3088 1140 ὡς
3117 1080 3382 1148 ἦκουσας,
3437 1082 3725 1151 γραφικὴν

2142 1171 2242 1241 τῆς
2273 1171 2366 1224 τοῦ
2407 1171 2531 1225 Λὼτ
2572 1171 2832 1240 γυναικὸς
2875 1170 3204 1225 ὲκλαϐέσθαι
3257 1172 3464 1241 στήλην
3521 1173 3615 1226 διά
3663 1173 3726 1227 τὺ

2146 1263 2557 1334 μωραινὸμενον
2582 1262 2741 1326 ἆλας,
2771 1262 2845 1326 ὡς
2869 1261 3274 1334 παρελάϐομεν·
3308 1263 3336 1316 ὃ
3386 1264 3477 1318 τὸν
3519 1283 3724 1337 πατρι-

2142 1356 2237 1408 κὸν
2267 1355 2497 1424 ἀδελφὸν
2534 1355 2902 1427 ἀποκαθιστᾷ,
2935 1356 3009 1420 ὡς
3038 1351 3127 1410 οἷα
3175 1358 3271 1411 καὶ
3303 1358 3407 1428 γῆν
3440 1359 3728 1429 καρποφόο

2145 1459 2259 1518 ρον,
2288 1448 2369 1511 είς
2403 1447 2585 1517 ἅλμην
2617 1446 2840 1516 ἄγονον.

2221 1539 2317 1593 νϐ’.
2362 1534 2624 1609 Ἐχόντων
2656 1539 2747 1595 οὖν
2774 1538 2984 1593 τούτων
3030 1539 3206 1604 οὓτως
3237 1538 3320 1611 (οὐ
3360 1541 3468 1611 γὰρ
3499 1530 3725 1610 ἄλλως),

2141 1631 2334 1701 ἤθελον
2365 1631 2486 1700 μὲν,
2520 1631 2639 1697 ἑνὸς
2669 1634 2800 1700 γοῦν
2823 1631 2933 1686 τῶν
2963 1633 3279 1703 εἰρημένων
3312 1632 3487 1703 τριῶν
3520 1634 3727 1702 ἀπέχε-

2142 1725 2268 1778 σθαι
2305 1726 2471 1794 ὑμᾶς,
2523 1719 2569 1779 ῶ
2609 1726 2874 1797 ἡμέτεροι
2929 1726 3238 1796 πατερικοί.
3283 1724 3614 1781 ’Δποπίπτω
3665 1726 3726 1779 δὲ

2147 1817 2426 1872 κάνταῦθα
2474 1818 2568 1871 τοῦ
2599 1818 2807 1888 ἀγαθοῦ
2858 1818 3171 1889 θελήματος
3221 1819 3279 1873 ὲν
3318 1820 3433 1882 τοῖς
3485 1818 3721 1873 πλείοσι.

2145 1909 2338 1963 Πολλοὶ
2373 1910 2471 1980 μὲν
2498 1911 2608 1980 γὰρ
2647 1911 2756 1982 πρδ
2785 1911 2885 1983 τῆς
2929 1912 3134 1980 κουρᾶς
3164 1910 3536 1980 ἐμελέτησαν,
3582 1910 3727 1963 καθὰ

2145 1999 2514 2070 πεπείραμαι,
2543 2000 2737 2071 ῶσπερ
2768 1999 2844 2071 μὴ
2873 2000 2974 2070 τὴν
2998 1999 3243 2070 κεφαλὴν
3284 2000 3546 2069 ἐκκόψαι,
3578 1999 3726 2054 οὕτω

2146 2092 2288 2160 μήτε
2324 2090 2581 2162 ὓπαρξιν,
2616 2092 2757 2162 μήτε
2787 2090 2982 2158 κτῆσιν
3010 2091 3328 2162 σκορπίσαι,
3374 2090 3429 2144 εἴ
3462 2091 3589 2145 τινά
3617 2110 3724 2146 που

2144 2181 2241 2235 καὶ
2280 2176 2448 2252 εἶχον·
2481 2181 2617 2235 ἀλλά
2644 2182 2910 2253 έμφορτοι
2945 2182 3038 2235 τοῦ
3068 2180 3367 2253 μοναχικοῦ
3400 2181 3523 2251 βίου
3565 2185 3727 2251 γενέ-

2145 2275 2289 2339 σθαι,
2322 2275 2456 2329 ὡσεὶ
2490 2276 2585 2329 καὶ
2610 2274 2911 2346 ναύκληροι
2953 2273 3114 2347 βαρεῖ
3139 2275 3321 2348 φόρτῳ
3355 2275 3413 2339 ὲς
3434 2276 3723 2330 ναυτιλίαν

2149 2369 2517 2440 στελλόμενοι,
2547 2368 2691 2440 θριξὶ
2721 2369 2913 2440 μόναις
2952 2369 3280 2439 κεφαλικαῖς
3316 2370 3721 2441 ἐζημιωμένω-

2141 2460 2202 2515 τὸ
2231 2461 2288 2514 δέ
2319 2479 2383 2529 γε
2421 2459 2608 2514 λοιπὸν
2638 2460 2781 2515 κατά
2809 2460 2924 2531 βίον
2951 2462 3172 2533 φορτίον
3198 2460 3600 2533 ὲπηχθισμένοι
3625 2465 3722 2521 καὶ

2145 2552 2284 2623 μετά
2319 2552 2379 2605 τὸ
2406 2551 2712 2622 κούρευμα.
2740 2552 2900 2606 Ὅσοι
2918 2551 2975 2605 δὲ
3012 2553 3106 2606 καὶ
3138 2553 3555 2621 ἀπεγύμνωσαν
3588 2555 3722 2609 ἑαυ-

2140 2646 2270 2710 τοὺς
2318 2645 2427 2700 τῶν
2460 2646 2824 2716 ὑπαρξάντων
2870 2646 2967 2700 καὶ
3010 2644 3119 2698 τῶν
3159 2644 3500 2715 κτηθέντων,
3551 2649 3727 2716 μεται-

2144 2737 2307 2807 μελον
2336 2738 2701 2800 ἀναλαϐόντες
2722 2739 2780 2791 ἐν
2810 2739 2924 2802 τοῖς
2963 2738 3102 2807 μετά
3143 2738 3339 2803 ταῦτα,
3369 2738 3469 2808 τὴν
3504 2741 3720 2809 ὲπάρα-

2140 2847 2233 2884 τον
2270 2832 2562 2902 ἐπίκτησιν
2615 2830 2846 2885 εἴλοντο.
2880 2830 3018 2885 Οὐαὶ
3074 2830 3130 2885 δὲ
3184 2830 3296 2892 τοῖς
3345 2832 3439 2885 καὶ
3470 2831 3542 2885 τά
3590 2834 3722 2902 τρία

2142 2924 2757 2994 πραγματευσαμένοις
2792 2924 2842 2977 οἶ
2880 2923 3312 2993 ταμιευσάμενοι
3342 2923 3410 2976 τά
3451 2923 3592 2994 πρὸς
3622 2924 3722 2989 τῆς

2142 3002 2347 3088 κουρᾶς
2375 3017 2489 3082 δύο,
2541 3016 2877 3087 προσέθεντο
2928 3018 3022 3070 καὶ
3073 3018 3145 3070 τά
3200 3017 3299 3087 τῆς
3344 3017 3716 3087 ὲπικτήσεως,

2054 3137 2099 3199 C
2142 3111 2376 3181 σχοινίον
2404 3109 2682 3180 ἁμαρτίας
2712 3109 2870 3163 τοῦτο
2900 3108 3196 3180 τρίπλοκον
3218 3109 3297 3172 είς
3322 3108 3567 3181 ἀγχόνην
3596 3110 3718 3180 σφί.

2138 3219 2223 3256 σιν
2248 3202 2433 3264 αὐτοῖς
2464 3202 2882 3269 ὲπιπλέξαντες.

2207 3290 2271 3358 ξ’.
2308 3290 2420 3344 Καὶ
2470 3291 2669 3361 ἔχομεν
2723 3291 2966 3362 σήμερον
2997 3293 3055 3346 ἔν
3104 3295 3219 3356 τοῖς
3262 3292 3388 3348 καθ’
3440 3293 3595 3364 ἡμᾶς
3624 3292 3721 3348 καὶ

2136 3383 2380 3439 τοιοῦτόν
2408 3401 2461 3437 τι
2523 3383 2711 3451 φῦλον,
2768 3384 2818 3438 οἳ
2854 3384 2950 3437 τοῦ
3001 3384 3410 3455 κουρεύσασθαι
3441 3386 3504 3440 τὸ
3546 3388 3725 3454 ἔμπο-

2141 3476 2403 3550 ρεὺεσθαι
2440 3475 2752 3542 ἀπὼναντο,
2807 3477 2903 3530 καὶ⁵
2948 3477 3124 3540 ἀδεῶς
3178 3478 3310 3531 αὐτὸ
3340 3477 3719 3549 πλημμελεῖν.

2138 3572 2231 3640 Μὴ
2264 3562 2711 3643 κρεοφαγοῦντές
2754 3586 2814 3623 τε
2864 3569 2997 3641 γὰρ,
3032 3569 3437 3640 κερδαίνουσιν,
3476 3571 3722 3640 ὀλιγοσι-

2138 3663 2361 3726 τοῦντες
2388 3661 2584 3726 οὕτως,
2616 3662 2710 3715 καὶ
2748 3662 2882 3732 μηδὲ
2931 3661 3321 3731 εὐλαϐούμενοι
3352 3662 3650 3730 δυνάστας,
3671 3663 3723 3719 οἳ

2141 3755 2566 3827 φορολογοῦντες
2623 3753 2974 3808 κολούσουσιν
3050 3755 3233 3818 αὐτοῖς
3296 3754 3393 3826 τὴν
3447 3756 3722 3825 ἐμπολήν.

2153 3847 2458 3917 ’Δμπέλους
2478 3863 2537 3900 τε
2563 3840 2658 3899 οὖν
2688 3845 3004 3915 φυτεύουσι,
3031 3845 3125 3899 καὶ
3154 3847 3367 3915 κήπους
3390 3846 3722 3917 τημελοῦσι,

2142 3941 2236 3994 καὶ
2272 3937 2605 4007 ζωογονοῦσι
2648 3938 2911 3999 παντοίας
2963 3937 3187 4006 ἀγέλας,
3236 3938 3493 4007 ἀφιέντες
3526 3940 3598 3993 τά
3626 3937 3722 3993 τοῦ

2141 4031 2279 4085 Θεοῦ
2336 4029 2453 4095 ζῶα
2484 4031 2533 4084 οἱ
2590 4027 2767 4092 ἄλλως
2822 4028 3079 4098 φιλόζωοι
3130 4028 3546 4098 ὲξαλογιζεσθαι
3573 4048 3588 4062 ⁸
3626 4029 3725 4084 καὶ

2143 4122 2323 4176 πάντα
2357 4118 2596 4186 ποιοῦσι,
2640 4115 2721 4173 δι”
2760 4113 2836 4174 ὧν
2863 4118 3315 4191 φιλοτιμήσονται
3364 4119 3464 4174 τοῦ
3508 4121 3723 4190 κόσμου

2144 4208 2283 4267 εἶναι
2310 4225 2325 4242 ⁸
2360 4211 2453 4267 καὶ
2483 4211 2581 4284 οὔχ
2611 4211 2818 4276 ἁπλῶς,
2845 4211 2981 4265 ἀλλά
3013 4211 3298 4283 ἄρχοντες,
3325 4211 3417 4265 ἵνα
3446 4216 3544 4266 καὶ
3565 4213 3725 4267 αὐτοὶ

2144 4304 2288 4375 φυτά
2321 4298 2432 4357 εἷεν
2462 4303 2714 4373 οὐράνια,
2742 4303 2803 4355 οὐ
2831 4301 2974 4357 κατά
3004 4303 3095 4356 τὸν
3129 4303 3306 4371 σοφῶς
3333 4301 3495 4357 τοῦτο
3523 4306 3723 4358 τεθεω-

2148 4396 2376 4468 ρηκότα,
2411 4396 2612 4466 τρόπον
2663 4396 2717 4449 δὲ
2768 4393 2948 4458 ἄλλον,
2981 4394 3057 4458 ὡς
3104 4395 3323 4466 οὐρανῷ
3368 4395 3469 4466 μὲν
3526 4397 3723 4450 ἐπικα-

454 4470 574 4525 dem
603 4471 659 4526 in
692 4475 835 4529 casio
873 4476 1026 4533 brevi
1055 4478 1388 4540 habitavisse
1412 4485 1550 4541 nihil
1583 4490 1809 4560 profuit,
1847 4470 1948 4563 qui
1970 4512 2035 4548 ex

2149 4493 2423 4560 λούμενοι,
2458 4491 2916 4563 προσπεφυκότες
2936 4490 2991 4544 δὲ
3019 4491 3130 4553 τοῖς
3163 4491 3296 4559 περὶ
3320 4490 3421 4560 τὴν
3456 4490 3584 4559 γῆν.
3610 4489 3724 4543 Καὶ

455 4562 568 4619 alto
597 4564 666 4619 ad
707 4564 912 4625 inferos
936 4567 1161 4627 decidit.

528 4748 617 4803 61.
657 4748 872 4817 Quibus
899 4768 1159 4814 sermone
1211 4760 1286 4816 ita
1339 4762 1676 4831 constitutis,
1712 4769 1833 4823 vide
1872 4783 2042 4836 nunc,

457 4856 491 4894 ο
522 4843 941 4916 superbissime,
989 4859 1174 4908 utrum
1235 4854 1338 4911 ista
1378 4857 1507 4919 tria.
1544 4861 1717 4929 patria
1745 4902 1759 4928 ,
1805 4864 2043 4932 pristina

458 4946 515 4989 et.
556 4938 795 4993 recentia
833 4939 975 4997 bona
1027 4945 1219 5015 procul
1278 4949 1643 5022 elongaveris,
1675 4947 1852 5022 neque
1880 4970 2045 5011 onere

458 5030 813 5101 opprimaria,
864 5035 1191 5106 quihusdam
1235 5041 1345 5111 jam
1401 5044 1675 5112 possessis
1724 5060 1847 5099 cum
1882 5047 2045 5116 spiri-

460 5122 609 5177 tuale
659 5124 825 5181 limen
876 5133 1209 5200 prteteriisti,
1243 5142 1297 5191 et
1321 5136 1556 5192 alterum
1600 5148 1787 5208 postea
1820 5157 2043 5209 compa-

458 5216 675 5274 ravisti.
704 5216 772 5274 Et
795 5221 898 5279 hoc
928 5227 1231 5283 verisimile
1277 5238 1384 5285 est.
1411 5230 1636 5286 Collatae
1672 5234 1818 5287 enim
1858 5235 2044 5302 primae

463 5306 669 5363 divitia:
703 5326 813 5366 non
840 5313 960 5370 sine
999 5317 1235 5386 quadam
1270 5320 1614 5388 proclivitate
1667 5321 1734 5375 ad
1785 5337 1872 5376 res
1905 5323 2042 5378 alias

464 5401 836 5470 acquirendas
892 5409 1096 5465 ferunt.
1151 5411 1288 5466 Cum
1340 5414 1561 5485 quidam
1618 5429 1747 5469 vero
1809 5416 1932 5468 vilis
1963 5425 2039 5480 et,

467 5498 527 5546 ut
580 5492 777 5568 aiunt‘,
832 5500 1010 5556 macie
1082 5504 1367 5561 confectus
1441 5505 1654 5575 incepta
1724 5506 2043 5561 monachica

467 5583 600 5651 vita,
629 5589 937 5659 saginatus,
980 5594 1309 5667 pinguescit,
1342 5606 1397 5655 et
1442 5597 1706 5656 dilatatur
1748 5600 2038 5670 plusquam

549 5770 593 5803 “
641 5782 773 5827 Luc.
812 5789 890 5834 ιι,
919 5774 1009 5829 62.

2149 4587 2256 4659 μὴν
2279 4586 2340 4641 τὸ
2372 4584 2594 4656 φαύλως
2628 4584 2880 4651 οὐράνιον
2906 4582 3076 4652 ,οὐδὲν
3109 4581 3202 4636 τὸν
3247 4582 3533 4651 ἑωσφόρον
3575 4580 3724 4651 ὠφέ-

2145 4680 2334 4751 λησεν,
2365 4677 2576 4730 ἐκεῖθεν
2604 4676 2758 4729 κάτω
2787 4673 3046 4728 πεσόντα.

2220 4773 2322 4839 ξω.
2350 4765 2479 4824 Ὧδε
2509 4767 2641 4836 γοῦν
2676 4768 2808 4837 ἡμῖν
2843 4765 3260 4837 καθεσταμένον
3295 4767 3391 4819 καὶ
3432 4765 3590 4821 τοῦδε
3631 4764 3725 4820 τοῦ

2147 4866 2333 4935 λόγου,
2361 4863 2465 4934 ὃρ’,
2490 4857 2535 4916 ὦ
2573 4859 3158 4932 μεγαλοπρεπέστατε,
3191 4858 3240 4911 εἰ
3270 4859 3341 4913 τὰ
3369 4858 3498 4929 τρία
3528 4859 3725 4921 ταῦτα,

2147 4958 2248 5029 τὴν
2275 4953 2532 5024 ὕπαρξιν,
2565 4952 2668 5022 τὴν
2696 4951 2913 5020 κτῆσιν,
2947 4950 3041 5003 καὶ
3076 4951 3177 5019 τὴν
3209 4948 3505 5019 ἐπίκτησιν
3531 4950 3724 5021 πόρρω
3788 4988 3793 5049 ἐ

2149 5045 2481 5110 ἀπετινάξω,
2507 5045 2601 5097 καὶ
2626 5044 2680 5095 εἰ
2716 5043 2791 5112 μὴ
2822 5042 3027 5113 φόρτου
3052 5041 3247 5111 γέμεις
3268 5057 3283 5071 ·
3311 5042 3402 5094 τόν
3434 5043 3535 5112 μὲν
3560 5043 3724 5112 ἔχων,

2147 5141 2237 5195 ὅτε
2262 5137 2357 5192 τοῦ
2396 5134 2771 5205 πνευματικοῦ
2796 5133 3013 5203 λιμένος
3041 5132 3297 5202 γέγονας,
3327 5133 3418 5185 τὸν
3468 5133 3524 5187 δὲ
3553 5151 3721 5205 προσ-

2146 5230 2603 5302 επικτησάμενος.
2640 5227 2748 5280 Καὶ
2785 5226 2891 5296 μὴν
2927 5225 3086 5279 τοῦτο
3113 5226 3226 5297 ἔχει
3256 5243 3309 5278 τι
3341 5229 3437 5281 καὶ
3463 5227 3557 5281 τοῦ
3587 5228 3718 5281 εἰκό-

2148 5344 2261 5386 το
2288 5323 2565 5395 ῐιρόληψις
2595 5322 2703 5389 γὰρ
2736 5319 2921 5389 ἐκείνη
2976 5319 3183 5373 παλαιὰ
3214 5320 3611 5390 χρηματισμοῦ
3640 5319 3720 5374 ὀλ·

2151 5418 2254 5488 κῆς
2274 5433 2418 5478 τινος
2439 5415 2581 5484 λόγῳ
2603 5411 2906 5466 ἐπισπᾶται
2933 5414 3022 5464 καί
3044 5413 3111 5463 τὲ
3133 5412 3191 5475 ἐξ
3208 5414 3573 5482 ὲπικτὴσεως.
3592 5412 3720 5469 Ὅτε

2151 5512 2207 5566 δέ
2238 5529 2320 5574 τις
2354 5508 2574 5572 λεπτὸς,
2626 5504 2742 5569 καὶ,
2773 5506 2848 5570 ὡς
2883 5502 2951 5558 ἂν
3000 5504 3146 5559 είποι
3204 5522 3311 5571 τις,
3360 5506 3618 5577 ὺπέρινος
3659 5507 3719 5573 τῇ

2158 5602 2455 5674 ἰσχνότητι,
2488 5597 2579 5652 τὸν
2616 5597 2826 5671 μονήρη
2874 5594 2989 5666 βίον
3020 5594 3363 5651 ὑπεισελθὼν
3392 5596 3716 5661 λιπαίνεται,
