  <div class='ocr_page' id='page_1' title='image "/cluster/home/n/w/nwhite01/storage/ocr_20150623/135/mdp.39015029921197/398.png"; bbox 0 0 3992 6240; ppageno 0'>
   <div class='ocr_carea' id='block_1_1' title="bbox 261 337 364 398">
    <p class='ocr_par' dir='ltr' id='par_1_1' title="bbox 261 337 364 398">
     <span class='ocr_line' id='line_1_1' title="bbox 261 337 364 398; baseline 0.019 -2"><span class='ocrx_word' id='word_1_1' title='bbox 261 337 364 398; x_wconf 72' lang='grc' dir='ltr'><strong>’Ξ8ὶ</strong></span> 
     </span>
    </p>
   </div>
   <div class='ocr_carea' id='block_1_2' title="bbox 1225 309 2558 424">
    <p class='ocr_par' dir='ltr' id='par_1_2' title="bbox 1225 309 2558 424">
     <span class='ocr_line' id='line_1_2' title="bbox 1225 309 2558 424; baseline 0.014 -19"><span class='ocrx_word' id='word_1_2' title='bbox 1225 309 1323 406; x_wconf 75' lang='lat' dir='ltr'><strong>nr:</strong></span> <span class='ocrx_word' id='word_1_3' title='bbox 1366 348 1835 414; x_wconf 74' lang='lat' dir='ltr'><strong>EMENDANDA</strong></span> <span class='ocrx_word' id='word_1_4' title='bbox 1880 357 2063 417; x_wconf 78' lang='lat' dir='ltr'><strong>VlTA</strong></span> <span class='ocrx_word' id='word_1_5' title='bbox 2100 362 2558 424; x_wconf 72' lang='lat' dir='ltr'><strong>MONACHlCA.</strong></span> 
     </span>
    </p>
   </div>
   <div class='ocr_carea' id='block_1_3' title="bbox 3405 373 3509 438">
    <p class='ocr_par' dir='ltr' id='par_1_3' title="bbox 3405 373 3509 438">
     <span class='ocr_line' id='line_1_3' title="bbox 3405 373 3509 438; baseline 0.048 -4"><span class='ocrx_word' id='word_1_6' title='bbox 3405 373 3509 438; x_wconf 73' lang='lat'><strong>782</strong></span> 
     </span>
    </p>
   </div>
   <div class='ocr_carea' id='block_1_4' title="bbox 262 450 1827 553">
    <p class='ocr_par' dir='ltr' id='par_1_4' title="bbox 262 450 1827 529">
     <span class='ocr_line' id='line_1_4' title="bbox 262 450 1827 529; baseline 0.011 -27"><span class='ocrx_word' id='word_1_7' title='bbox 262 450 593 521; x_wconf 70' lang='grc' dir='ltr'><strong>παχύνεται,</strong></span> <span class='ocrx_word' id='word_1_8' title='bbox 643 454 1000 521; x_wconf 78' lang='grc' dir='ltr'><strong>πλατύνεται,</strong></span> <span class='ocrx_word' id='word_1_9' title='bbox 1047 457 1126 522; x_wconf 80' lang='grc' dir='ltr'><strong>εἰς</strong></span> <span class='ocrx_word' id='word_1_10' title='bbox 1174 459 1298 513; x_wconf 82' lang='grc' dir='ltr'>ὅσον</span> <span class='ocrx_word' id='word_1_11' title='bbox 1331 462 1454 516; x_wconf 78' lang='grc' dir='ltr'><strong>ούδέ</strong></span> <span class='ocrx_word' id='word_1_12' title='bbox 1491 466 1560 517; x_wconf 83' lang='grc' dir='ltr'>τὰ</span> <span class='ocrx_word' id='word_1_13' title='bbox 1589 466 1827 529; x_wconf 73' lang='grc' dir='ltr'>λακκιζά</span> 
     </span>
    </p>
   </div>
   <div class='ocr_carea' id='block_1_5' title="bbox 1930 450 3511 553">
    <p class='ocr_par' dir='ltr' id='par_1_5' title="bbox 1945 472 3511 553">
     <span class='ocr_line' id='line_1_5' title="bbox 1945 472 3511 553; baseline 0.011 -31"><span class='ocrx_word' id='word_1_14' title='bbox 1945 472 2266 527; x_wconf 76' lang='lat' dir='ltr'><strong>animalium</strong></span> <span class='ocrx_word' id='word_1_15' title='bbox 2297 475 2495 540; x_wconf 70' lang='lat' dir='ltr'><strong>olli-lae,</strong></span> <span class='ocrx_word' id='word_1_16' title='bbox 2559 475 2706 546; x_wconf 90' lang='lat' dir='ltr'><strong>quod</strong></span> <span class='ocrx_word' id='word_1_17' title='bbox 2740 478 2807 533; x_wconf 91' lang='lat' dir='ltr'><strong>de</strong></span> <span class='ocrx_word' id='word_1_18' title='bbox 2831 493 3008 535; x_wconf 83' lang='lat' dir='ltr'><strong>carne</strong></span> <span class='ocrx_word' id='word_1_19' title='bbox 3039 495 3148 536; x_wconf 88' lang='lat' dir='ltr'><strong>non</strong></span> <span class='ocrx_word' id='word_1_20' title='bbox 3181 481 3511 553; x_wconf 73' lang='lat' dir='ltr'><strong>intelligitur</strong></span> 
     </span>
    </p>
   </div>
   <div class='ocr_carea' id='block_1_6' title="bbox 265 543 1841 627">
    <p class='ocr_par' dir='ltr' id='par_1_6' title="bbox 265 543 1841 627">
     <span class='ocr_line' id='line_1_6' title="bbox 265 543 1841 627; baseline 0.013 -34"><span class='ocrx_word' id='word_1_21' title='bbox 265 560 409 612; x_wconf 86' lang='grc' dir='ltr'>μενα</span> <span class='ocrx_word' id='word_1_22' title='bbox 440 543 548 599; x_wconf 81' lang='grc' dir='ltr'><strong>τῶν</strong></span> <span class='ocrx_word' id='word_1_23' title='bbox 579 544 940 616; x_wconf 84' lang='grc' dir='ltr'><strong>θρεμμάτων,</strong></span> <span class='ocrx_word' id='word_1_24' title='bbox 974 549 1069 601; x_wconf 77' lang='grc' dir='ltr'>καὶ</span> <span class='ocrx_word' id='word_1_25' title='bbox 1100 550 1200 605; x_wconf 85' lang='grc' dir='ltr'><strong>οὐκ</strong></span> <span class='ocrx_word' id='word_1_26' title='bbox 1231 554 1362 607; x_wconf 84' lang='grc' dir='ltr'>αὐτὸ</span> <span class='ocrx_word' id='word_1_27' title='bbox 1402 555 1462 608; x_wconf 85' lang='grc' dir='ltr'><strong>οὐ</strong></span> <span class='ocrx_word' id='word_1_28' title='bbox 1493 559 1634 611; x_wconf 85' lang='grc' dir='ltr'>κατὰ</span> <span class='ocrx_word' id='word_1_29' title='bbox 1660 563 1841 627; x_wconf 80' lang='grc' dir='ltr'>σάρκα</span> 
     </span>
    </p>
   </div>
   <div class='ocr_carea' id='block_1_7' title="bbox 262 633 1839 718">
    <p class='ocr_par' dir='ltr' id='par_1_7' title="bbox 262 633 1839 718">
     <span class='ocr_line' id='line_1_7' title="bbox 262 633 1839 718; baseline 0.009 -32"><span class='ocrx_word' id='word_1_30' title='bbox 262 633 576 706; x_wconf 82' lang='grc' dir='ltr'>διατριὸἧς,</span> <span class='ocrx_word' id='word_1_31' title='bbox 605 636 722 690; x_wconf 78' lang='grc' dir='ltr'>ἀλλ’</span> <span class='ocrx_word' id='word_1_32' title='bbox 752 639 830 702; x_wconf 87' lang='grc' dir='ltr'><strong>είς</strong></span> <span class='ocrx_word' id='word_1_33' title='bbox 853 640 1112 710; x_wconf 82' lang='grc' dir='ltr'>χρήματα</span> <span class='ocrx_word' id='word_1_34' title='bbox 1141 644 1210 696; x_wconf 75' lang='grc' dir='ltr'>δι’</span> <span class='ocrx_word' id='word_1_35' title='bbox 1235 646 1601 718; x_wconf 82' lang='grc' dir='ltr'>ἐπικτήσεως,</span> <span class='ocrx_word' id='word_1_36' title='bbox 1625 650 1742 713; x_wconf 82' lang='grc' dir='ltr'>πῶς</span> <span class='ocrx_word' id='word_1_37' title='bbox 1771 651 1839 705; x_wconf 82' lang='grc' dir='ltr'><strong>ἂν</strong></span> 
     </span>
    </p>
   </div>
   <div class='ocr_carea' id='block_1_8' title="bbox 267 728 1838 814">
    <p class='ocr_par' dir='ltr' id='par_1_8' title="bbox 267 728 1838 814">
     <span class='ocr_line' id='line_1_8' title="bbox 267 728 1838 814; baseline 0.015 -38"><span class='ocrx_word' id='word_1_38' title='bbox 267 728 530 797; x_wconf 84' lang='grc' dir='ltr'>συστήσει</span> <span class='ocrx_word' id='word_1_39' title='bbox 556 730 793 801; x_wconf 81' lang='grc' dir='ltr'><strong>μοναχὸν</strong></span> <span class='ocrx_word' id='word_1_40' title='bbox 824 732 1018 787; x_wconf 78' lang='grc' dir='ltr'>ἑαυτὸν</span> <span class='ocrx_word' id='word_1_41' title='bbox 1070 731 1230 803; x_wconf 75' lang='grc' dir='ltr'>εἴναι,</span> <span class='ocrx_word' id='word_1_42' title='bbox 1257 739 1354 794; x_wconf 73' lang='grc' dir='ltr'><strong>καὶ</strong></span> <span class='ocrx_word' id='word_1_43' title='bbox 1375 741 1440 795; x_wconf 86' lang='grc' dir='ltr'><strong>ού</strong></span> <span class='ocrx_word' id='word_1_44' title='bbox 1470 745 1651 813; x_wconf 81' lang='grc' dir='ltr'>παχὺν</span> <span class='ocrx_word' id='word_1_45' title='bbox 1683 745 1838 814; x_wconf 78' lang='grc' dir='ltr'>βοῦν,</span> 
     </span>
    </p>
   </div>
   <div class='ocr_carea' id='block_1_9' title="bbox 266 815 602 886">
    <p class='ocr_par' dir='ltr' id='par_1_9' title="bbox 266 815 602 886">
     <span class='ocr_line' id='line_1_9' title="bbox 266 815 602 886; baseline 0.006 -19"><span class='ocrx_word' id='word_1_46' title='bbox 266 815 300 885; x_wconf 80' lang='grc' dir='ltr'>ἦ</span> <span class='ocrx_word' id='word_1_47' title='bbox 338 817 562 886; x_wconf 79' lang='grc' dir='ltr'><strong>μοσχίον</strong></span> <span class='ocrx_word' id='word_1_48' title='bbox 586 837 602 884; x_wconf 85' lang='lat'><strong>;</strong></span> 
     </span>
    </p>
   </div>
   <div class='ocr_carea' id='block_1_10' title="bbox 347 907 1838 989">
    <p class='ocr_par' dir='ltr' id='par_1_10' title="bbox 347 907 1838 989">
     <span class='ocr_line' id='line_1_10' title="bbox 347 907 1838 989; baseline 0.013 -30"><span class='ocrx_word' id='word_1_49' title='bbox 347 907 446 976; x_wconf 62' lang='lat'><strong>53&#39;.</strong></span> <span class='ocrx_word' id='word_1_50' title='bbox 477 909 597 962; x_wconf 74' lang='grc' dir='ltr'>Εἰσὶ</span> <span class='ocrx_word' id='word_1_51' title='bbox 617 911 674 963; x_wconf 84' lang='grc' dir='ltr'>δέ</span> <span class='ocrx_word' id='word_1_52' title='bbox 703 929 849 978; x_wconf 83' lang='grc' dir='ltr'>τινες</span> <span class='ocrx_word' id='word_1_53' title='bbox 897 917 1202 988; x_wconf 83' lang='grc' dir='ltr'>περίφημοι</span> <span class='ocrx_word' id='word_1_54' title='bbox 1246 920 1305 971; x_wconf 91' lang='grc' dir='ltr'><strong>ἐν</strong></span> <span class='ocrx_word' id='word_1_55' title='bbox 1333 923 1444 982; x_wconf 80' lang='grc' dir='ltr'>τοῖς</span> <span class='ocrx_word' id='word_1_56' title='bbox 1475 922 1760 989; x_wconf 75' lang='grc' dir='ltr'><strong>τοιούτοις,</strong></span> <span class='ocrx_word' id='word_1_57' title='bbox 1786 927 1838 979; x_wconf 79' lang='lat' dir='ltr'><strong>oi</strong></span> 
     </span>
    </p>
   </div>
   <div class='ocr_carea' id='block_1_11' title="bbox 267 999 1837 1078">
    <p class='ocr_par' dir='ltr' id='par_1_11' title="bbox 267 999 1837 1078">
     <span class='ocr_line' id='line_1_11' title="bbox 267 999 1837 1078; baseline 0.012 -30"><span class='ocrx_word' id='word_1_58' title='bbox 267 999 367 1050; x_wconf 76' lang='grc' dir='ltr'><strong>καὶ</strong></span> <span class='ocrx_word' id='word_1_59' title='bbox 398 1000 505 1051; x_wconf 77' lang='grc' dir='ltr'><strong>ἀπὸ</strong></span> <span class='ocrx_word' id='word_1_60' title='bbox 536 1006 931 1071; x_wconf 79' lang='grc' dir='ltr'><strong>πραγματειῶν</strong></span> <span class='ocrx_word' id='word_1_61' title='bbox 967 1008 1365 1072; x_wconf 73' lang='grc' dir='ltr'>πλουτίζονται.</span> <span class='ocrx_word' id='word_1_62' title='bbox 1393 1012 1506 1064; x_wconf 74' lang='grc' dir='ltr'><strong>Καὶ</strong></span> <span class='ocrx_word' id='word_1_63' title='bbox 1532 1013 1631 1066; x_wconf 82' lang='grc' dir='ltr'><strong>οὐκ</strong></span> <span class='ocrx_word' id='word_1_64' title='bbox 1662 1013 1726 1067; x_wconf 84' lang='grc' dir='ltr'><strong>ἂν</strong></span> <span class='ocrx_word' id='word_1_65' title='bbox 1757 1017 1837 1078; x_wconf 81' lang='grc' dir='ltr'>εἰς</span> 
     </span>
    </p>
   </div>
   <div class='ocr_carea' id='block_1_12' title="bbox 270 1089 1836 1177">
    <p class='ocr_par' dir='ltr' id='par_1_12' title="bbox 270 1089 1836 1177">
     <span class='ocr_line' id='line_1_12' title="bbox 270 1089 1836 1177; baseline 0.013 -37"><span class='ocrx_word' id='word_1_66' title='bbox 270 1089 412 1142; x_wconf 80' lang='grc' dir='ltr'>πολὺ</span> <span class='ocrx_word' id='word_1_67' title='bbox 467 1091 574 1144; x_wconf 86' lang='grc' dir='ltr'><strong>τῶν</strong></span> <span class='ocrx_word' id='word_1_68' title='bbox 624 1093 887 1149; x_wconf 79' lang='grc' dir='ltr'><strong>τοιούτων</strong></span> <span class='ocrx_word' id='word_1_69' title='bbox 935 1098 1252 1169; x_wconf 73' lang='grc' dir='ltr'><strong>καθάψηται</strong></span> <span class='ocrx_word' id='word_1_70' title='bbox 1285 1102 1316 1170; x_wconf 80' lang='grc' dir='ltr'>ἡ</span> <span class='ocrx_word' id='word_1_71' title='bbox 1349 1105 1643 1174; x_wconf 81' lang='grc' dir='ltr'>συγγραφὴ</span> <span class='ocrx_word' id='word_1_72' title='bbox 1673 1105 1836 1177; x_wconf 76' lang='grc' dir='ltr'>αὕτη,</span> 
     </span>
    </p>
   </div>
   <div class='ocr_carea' id='block_1_13' title="bbox 273 1180 1834 1264">
    <p class='ocr_par' dir='ltr' id='par_1_13' title="bbox 273 1180 1834 1264">
     <span class='ocr_line' id='line_1_13' title="bbox 273 1180 1834 1264; baseline 0.013 -33"><span class='ocrx_word' id='word_1_73' title='bbox 273 1180 352 1252; x_wconf 83' lang='grc' dir='ltr'>μὴ</span> <span class='ocrx_word' id='word_1_74' title='bbox 387 1185 480 1235; x_wconf 77' lang='grc' dir='ltr'><strong>καὶ</strong></span> <span class='ocrx_word' id='word_1_75' title='bbox 519 1183 785 1253; x_wconf 73' lang='grc' dir='ltr'><strong>χαίρωσιν</strong></span> <span class='ocrx_word' id='word_1_76' title='bbox 840 1187 1154 1254; x_wconf 84' lang='grc' dir='ltr'>ἀκούοντες,</span> <span class='ocrx_word' id='word_1_77' title='bbox 1187 1191 1329 1244; x_wconf 86' lang='grc' dir='ltr'><strong>καθὰ</strong></span> <span class='ocrx_word' id='word_1_78' title='bbox 1357 1192 1451 1244; x_wconf 71' lang='grc' dir='ltr'><strong>καὶ</strong></span> <span class='ocrx_word' id='word_1_79' title='bbox 1482 1195 1834 1264; x_wconf 83' lang='grc' dir='ltr'>πράττοντες.</span> 
     </span>
    </p>
   </div>
   <div class='ocr_carea' id='block_1_14' title="bbox 268 1273 1838 1356">
    <p class='ocr_par' dir='ltr' id='par_1_14' title="bbox 268 1273 1838 1356">
     <span class='ocr_line' id='line_1_14' title="bbox 268 1273 1838 1356; baseline 0.011 -33"><span class='ocrx_word' id='word_1_80' title='bbox 268 1273 630 1346; x_wconf 81' lang='grc' dir='ltr'>Παρομαρτεῖ</span> <span class='ocrx_word' id='word_1_81' title='bbox 678 1277 788 1348; x_wconf 87' lang='grc' dir='ltr'><strong>γάρ</strong></span> <span class='ocrx_word' id='word_1_82' title='bbox 825 1297 954 1334; x_wconf 86' lang='grc' dir='ltr'>ποτε</span> <span class='ocrx_word' id='word_1_83' title='bbox 987 1282 1265 1336; x_wconf 74' lang='grc' dir='ltr'>καὶτοῦτο</span> <span class='ocrx_word' id='word_1_84' title='bbox 1303 1287 1414 1349; x_wconf 82' lang='grc' dir='ltr'>τοῖς</span> <span class='ocrx_word' id='word_1_85' title='bbox 1453 1285 1547 1338; x_wconf 82' lang='grc' dir='ltr'>τοῦ</span> <span class='ocrx_word' id='word_1_86' title='bbox 1597 1286 1672 1356; x_wconf 79' lang='grc' dir='ltr'>μὴ</span> <span class='ocrx_word' id='word_1_87' title='bbox 1701 1288 1838 1355; x_wconf 84' lang='grc' dir='ltr'>ἀγα-</span> 
     </span>
    </p>
   </div>
   <div class='ocr_carea' id='block_1_15' title="bbox 268 1364 1838 1448">
    <p class='ocr_par' dir='ltr' id='par_1_15' title="bbox 268 1364 1838 1448">
     <span class='ocr_line' id='line_1_15' title="bbox 268 1364 1838 1448; baseline 0.01 -32"><span class='ocrx_word' id='word_1_88' title='bbox 268 1364 366 1417; x_wconf 77' lang='grc' dir='ltr'>θοῦ</span> <span class='ocrx_word' id='word_1_89' title='bbox 403 1369 683 1436; x_wconf 79' lang='grc' dir='ltr'>ἐρασταῖς,</span> <span class='ocrx_word' id='word_1_90' title='bbox 709 1372 758 1424; x_wconf 76' lang='grc' dir='ltr'>οἳ</span> <span class='ocrx_word' id='word_1_91' title='bbox 787 1372 1080 1443; x_wconf 72' lang='grc' dir='ltr'>ψεγόμενοι</span> <span class='ocrx_word' id='word_1_92' title='bbox 1131 1394 1240 1430; x_wconf 84' lang='grc' dir='ltr'><strong>των</strong></span> <span class='ocrx_word' id='word_1_93' title='bbox 1296 1379 1608 1448; x_wconf 79' lang='grc' dir='ltr'>πρακτέων,</span> <span class='ocrx_word' id='word_1_94' title='bbox 1633 1381 1838 1432; x_wconf 85' lang='grc' dir='ltr'>ἐπιτεί-</span> 
     </span>
    </p>
   </div>
   <div class='ocr_carea' id='block_1_16' title="bbox 266 1460 1838 1538">
    <p class='ocr_par' dir='ltr' id='par_1_16' title="bbox 266 1460 1838 1538">
     <span class='ocr_line' id='line_1_16' title="bbox 266 1460 1838 1538; baseline 0.011 -32"><span class='ocrx_word' id='word_1_95' title='bbox 266 1473 425 1509; x_wconf 89' lang='grc' dir='ltr'>νουσι</span> <span class='ocrx_word' id='word_1_96' title='bbox 456 1460 556 1529; x_wconf 78' lang='grc' dir='ltr'>τὴν</span> <span class='ocrx_word' id='word_1_97' title='bbox 590 1460 886 1532; x_wconf 86' lang='grc' dir='ltr'>ἐπιθυμίαν</span> <span class='ocrx_word' id='word_1_98' title='bbox 927 1465 1004 1528; x_wconf 78' lang='grc' dir='ltr'><strong>είς</strong></span> <span class='ocrx_word' id='word_1_99' title='bbox 1030 1466 1465 1538; x_wconf 70' lang='grc' dir='ltr'>ἀνυπέρϐλητον.</span> <span class='ocrx_word' id='word_1_100' title='bbox 1509 1469 1648 1522; x_wconf 68' lang='grc' dir='ltr'>Ἀλλ’</span> <span class='ocrx_word' id='word_1_101' title='bbox 1680 1471 1838 1524; x_wconf 77' lang='grc' dir='ltr'>αὐτοὶ</span> 
     </span>
    </p>
   </div>
   <div class='ocr_carea' id='block_1_17' title="bbox 271 1547 1837 1630">
    <p class='ocr_par' dir='ltr' id='par_1_17' title="bbox 271 1547 1837 1630">
     <span class='ocr_line' id='line_1_17' title="bbox 271 1547 1837 1630; baseline 0.01 -32"><span class='ocrx_word' id='word_1_102' title='bbox 271 1547 374 1614; x_wconf 76' lang='grc' dir='ltr'>μὲν</span> <span class='ocrx_word' id='word_1_103' title='bbox 410 1550 736 1606; x_wconf 84' lang='grc' dir='ltr'>ποιείτωσαν</span> <span class='ocrx_word' id='word_1_104' title='bbox 769 1554 829 1607; x_wconf 85' lang='grc' dir='ltr'>τὺ</span> <span class='ocrx_word' id='word_1_105' title='bbox 866 1556 1052 1623; x_wconf 85' lang='grc' dir='ltr'>σφίσιν</span> <span class='ocrx_word' id='word_1_106' title='bbox 1077 1559 1289 1625; x_wconf 80' lang='grc' dir='ltr'>ἐφετὸν,</span> <span class='ocrx_word' id='word_1_107' title='bbox 1321 1562 1416 1613; x_wconf 74' lang='grc' dir='ltr'>καὶ</span> <span class='ocrx_word' id='word_1_108' title='bbox 1440 1560 1685 1614; x_wconf 78' lang='grc' dir='ltr'>ἔστωσαν</span> <span class='ocrx_word' id='word_1_109' title='bbox 1707 1562 1837 1630; x_wconf 77' lang='grc' dir='ltr'>ψευ-</span> 
     </span>
    </p>
   </div>
   <div class='ocr_carea' id='block_1_18' title="bbox 263 1637 1834 1719">
    <p class='ocr_par' dir='ltr' id='par_1_18' title="bbox 263 1637 1834 1719">
     <span class='ocr_line' id='line_1_18' title="bbox 263 1637 1834 1719; baseline 0.01 -31"><span class='ocrx_word' id='word_1_110' title='bbox 263 1637 508 1705; x_wconf 85' lang='grc' dir='ltr'>δόμενοι,</span> <span class='ocrx_word' id='word_1_111' title='bbox 536 1641 596 1692; x_wconf 87' lang='grc' dir='ltr'>τὺ</span> <span class='ocrx_word' id='word_1_112' title='bbox 627 1642 769 1695; x_wconf 84' lang='grc' dir='ltr'>κατὰ</span> <span class='ocrx_word' id='word_1_113' title='bbox 793 1643 892 1713; x_wconf 81' lang='grc' dir='ltr'>τὴν</span> <span class='ocrx_word' id='word_1_114' title='bbox 918 1647 1224 1717; x_wconf 80' lang='grc' dir='ltr'>μοναχικὴν</span> <span class='ocrx_word' id='word_1_115' title='bbox 1278 1648 1556 1703; x_wconf 84' lang='grc' dir='ltr'>πολιτείαν</span> <span class='ocrx_word' id='word_1_116' title='bbox 1583 1650 1834 1719; x_wconf 76' lang='grc' dir='ltr'>οὐράνιον</span> 
     </span>
    </p>
   </div>
   <div class='ocr_carea' id='block_1_19' title="bbox 266 1726 1838 1809">
    <p class='ocr_par' dir='ltr' id='par_1_19' title="bbox 266 1726 1838 1809">
     <span class='ocr_line' id='line_1_19' title="bbox 266 1726 1838 1809; baseline 0.01 -31"><span class='ocrx_word' id='word_1_117' title='bbox 266 1726 440 1796; x_wconf 71' lang='grc' dir='ltr'>φυτὸν</span> <span class='ocrx_word' id='word_1_118' title='bbox 472 1729 758 1799; x_wconf 79' lang='grc' dir='ltr'>ἀφιέμενοι</span> <span class='ocrx_word' id='word_1_119' title='bbox 794 1733 1098 1803; x_wconf 76' lang='grc' dir='ltr'>τεθηλέναι,</span> <span class='ocrx_word' id='word_1_120' title='bbox 1127 1735 1232 1800; x_wconf 76' lang='grc' dir='ltr'><strong>ἕως</strong></span> <span class='ocrx_word' id='word_1_121' title='bbox 1256 1735 1321 1790; x_wconf 81' lang='grc' dir='ltr'><strong>ἂν</strong></span> <span class='ocrx_word' id='word_1_122' title='bbox 1365 1737 1398 1808; x_wconf 81' lang='grc' dir='ltr'>ἢ</span> <span class='ocrx_word' id='word_1_123' title='bbox 1426 1739 1636 1809; x_wconf 72' lang='grc' dir='ltr'>καρπὸν</span> <span class='ocrx_word' id='word_1_124' title='bbox 1665 1739 1838 1806; x_wconf 81' lang='grc' dir='ltr'>ἐκφή-</span> 
     </span>
    </p>
   </div>
   <div class='ocr_carea' id='block_1_20' title="bbox 1944 559 3514 639">
    <p class='ocr_par' dir='ltr' id='par_1_20' title="bbox 1944 559 3514 639">
     <span class='ocr_line' id='line_1_20' title="bbox 1944 559 3514 639; baseline 0.01 -26"><span class='ocrx_word' id='word_1_125' title='bbox 1944 559 2038 613; x_wconf 80' lang='lat' dir='ltr'><strong>sed</strong></span> <span class='ocrx_word' id='word_1_126' title='bbox 2071 561 2136 614; x_wconf 86' lang='lat' dir='ltr'><strong>de</strong></span> <span class='ocrx_word' id='word_1_127' title='bbox 2162 563 2317 616; x_wconf 88' lang='lat' dir='ltr'><strong>novis</strong></span> <span class='ocrx_word' id='word_1_128' title='bbox 2371 565 2657 632; x_wconf 84' lang='lat' dir='ltr'><strong>acquisitis</strong></span> <span class='ocrx_word' id='word_1_129' title='bbox 2698 565 2928 634; x_wconf 77' lang='lat' dir='ltr'><strong>divitiis,</strong></span> <span class='ocrx_word' id='word_1_130' title='bbox 2970 573 3248 639; x_wconf 83' lang='lat' dir='ltr'><strong>quomodo</strong></span> <span class='ocrx_word' id='word_1_131' title='bbox 3287 589 3348 630; x_wconf 85' lang='lat' dir='ltr'><strong>se</strong></span> <span class='ocrx_word' id='word_1_132' title='bbox 3397 589 3514 629; x_wconf 73' lang='lat' dir='ltr'><strong>mo-</strong></span> 
     </span>
    </p>
   </div>
   <div class='ocr_carea' id='block_1_21' title="bbox 1945 652 3512 729">
    <p class='ocr_par' dir='ltr' id='par_1_21' title="bbox 1945 652 3512 729">
     <span class='ocr_line' id='line_1_21' title="bbox 1945 652 3512 729; baseline 0.011 -26"><span class='ocrx_word' id='word_1_133' title='bbox 1945 652 2178 706; x_wconf 87' lang='lat' dir='ltr'><strong>nachum</strong></span> <span class='ocrx_word' id='word_1_134' title='bbox 2220 669 2498 720; x_wconf 87' lang='lat' dir='ltr'><strong>esse,non</strong></span> <span class='ocrx_word' id='word_1_135' title='bbox 2557 657 2811 729; x_wconf 62' lang='lat' dir='ltr'><strong>pinguem</strong></span> <span class='ocrx_word' id='word_1_136' title='bbox 2871 662 3088 729; x_wconf 82' lang='lat' dir='ltr'><strong>bovem,</strong></span> <span class='ocrx_word' id='word_1_137' title='bbox 3137 678 3236 719; x_wconf 83' lang='lat' dir='ltr'><strong>seu</strong></span> <span class='ocrx_word' id='word_1_138' title='bbox 3283 666 3512 722; x_wconf 88' lang='lat' dir='ltr'><strong>vitulum</strong></span> 
     </span>
    </p>
   </div>
   <div class='ocr_carea' id='block_1_22' title="bbox 1949 745 2262 814">
    <p class='ocr_par' dir='ltr' id='par_1_22' title="bbox 1949 745 2262 814">
     <span class='ocr_line' id='line_1_22' title="bbox 1949 745 2262 814; baseline 0.006 -18"><span class='ocrx_word' id='word_1_139' title='bbox 1949 745 2207 814; x_wconf 87' lang='lat' dir='ltr'><strong>probabit</strong></span> <span class='ocrx_word' id='word_1_140' title='bbox 2240 746 2262 798; x_wconf 74' lang='grc' dir='ltr'><strong>’ἒ</strong></span> 
     </span>
    </p>
   </div>
   <div class='ocr_carea' id='block_1_23' title="bbox 2012 919 3512 1002">
    <p class='ocr_par' dir='ltr' id='par_1_23' title="bbox 2012 919 3512 1002">
     <span class='ocr_line' id='line_1_23' title="bbox 2012 919 3512 1002; baseline 0.009 -29"><span class='ocrx_word' id='word_1_141' title='bbox 2012 919 2295 976; x_wconf 68' lang='lat' dir='ltr'><strong>62.1nter</strong></span> <span class='ocrx_word' id='word_1_142' title='bbox 2351 923 2452 978; x_wconf 90' lang='lat' dir='ltr'><strong>bos</strong></span> <span class='ocrx_word' id='word_1_143' title='bbox 2519 934 2650 979; x_wconf 88' lang='lat' dir='ltr'><strong>sunt</strong></span> <span class='ocrx_word' id='word_1_144' title='bbox 2713 930 2965 984; x_wconf 77' lang='lat' dir='ltr'><strong>nonnulli</strong></span> <span class='ocrx_word' id='word_1_145' title='bbox 3028 928 3357 986; x_wconf 81' lang='lat' dir='ltr'><strong>illustriores</strong></span> <span class='ocrx_word' id='word_1_146' title='bbox 3415 934 3512 1002; x_wconf 88' lang='lat' dir='ltr'><strong>qui</strong></span> 
     </span>
    </p>
   </div>
   <div class='ocr_carea' id='block_1_24' title="bbox 1941 1012 3527 1081">
    <p class='ocr_par' dir='ltr' id='par_1_24' title="bbox 1941 1012 3527 1081">
     <span class='ocr_line' id='line_1_24' title="bbox 1941 1012 3527 1081; baseline 0.008 -15"><span class='ocrx_word' id='word_1_147' title='bbox 1941 1027 2010 1066; x_wconf 79' lang='lat' dir='ltr'><strong>ex</strong></span> <span class='ocrx_word' id='word_1_148' title='bbox 2039 1012 2406 1081; x_wconf 72' lang='lat' dir='ltr'><strong>negotiatione</strong></span> <span class='ocrx_word' id='word_1_149' title='bbox 2439 1014 2702 1071; x_wconf 85' lang='lat' dir='ltr'><strong>ditantur.</strong></span> <span class='ocrx_word' id='word_1_150' title='bbox 2735 1018 2875 1074; x_wconf 87' lang='lat' dir='ltr'><strong>Istos</strong></span> <span class='ocrx_word' id='word_1_151' title='bbox 2907 1012 3086 1076; x_wconf 76' lang='lat' dir='ltr'><strong>autem</strong></span> <span class='ocrx_word' id='word_1_152' title='bbox 3135 1037 3319 1077; x_wconf 88' lang='lat' dir='ltr'><strong>sermo</strong></span> <span class='ocrx_word' id='word_1_153' title='bbox 3356 1039 3527 1078; x_wconf 73' lang='lat' dir='ltr'><strong>nteus‘</strong></span> 
     </span>
    </p>
   </div>
   <div class='ocr_carea' id='block_1_25' title="bbox 1940 1107 3513 1181">
    <p class='ocr_par' dir='ltr' id='par_1_25' title="bbox 1940 1107 3513 1181">
     <span class='ocr_line' id='line_1_25' title="bbox 1940 1107 3513 1181; baseline 0.008 -25"><span class='ocrx_word' id='word_1_154' title='bbox 1940 1118 2050 1157; x_wconf 83' lang='lat' dir='ltr'><strong>non</strong></span> <span class='ocrx_word' id='word_1_155' title='bbox 2077 1115 2260 1174; x_wconf 73' lang='lat' dir='ltr'><strong>tangat</strong></span> <span class='ocrx_word' id='word_1_156' title='bbox 2291 1107 2550 1172; x_wconf 88' lang='lat' dir='ltr'><strong>multum,</strong></span> <span class='ocrx_word' id='word_1_157' title='bbox 2582 1123 2652 1163; x_wconf 89' lang='lat' dir='ltr'><strong>ne</strong></span> <span class='ocrx_word' id='word_1_158' title='bbox 2678 1109 2883 1164; x_wconf 76' lang='lat' dir='ltr'><strong>auditis</strong></span> <span class='ocrx_word' id='word_1_159' title='bbox 2913 1112 3060 1166; x_wconf 82' lang='lat' dir='ltr'><strong>sicut</strong></span> <span class='ocrx_word' id='word_1_160' title='bbox 3089 1114 3320 1181; x_wconf 79' lang='lat' dir='ltr'><strong>patratis</strong></span> <span class='ocrx_word' id='word_1_161' title='bbox 3348 1115 3513 1168; x_wconf 88' lang='lat' dir='ltr'><strong>rebus</strong></span> 
     </span>
    </p>
   </div>
   <div class='ocr_carea' id='block_1_26' title="bbox 1946 1193 3512 1261">
    <p class='ocr_par' dir='ltr' id='par_1_26' title="bbox 1946 1193 3512 1261">
     <span class='ocr_line' id='line_1_26' title="bbox 1946 1193 3512 1261; baseline 0.01 -15"><span class='ocrx_word' id='word_1_162' title='bbox 1946 1193 2218 1250; x_wconf 66' lang='lat' dir='ltr'><strong>laetentur.</strong></span> <span class='ocrx_word' id='word_1_163' title='bbox 2244 1195 2360 1252; x_wconf 80' lang='lat' dir='ltr'><strong>Hoc</strong></span> <span class='ocrx_word' id='word_1_164' title='bbox 2386 1197 2531 1253; x_wconf 83' lang='lat' dir='ltr'><strong>enim</strong></span> <span class='ocrx_word' id='word_1_165' title='bbox 2558 1199 2761 1254; x_wconf 88' lang='lat' dir='ltr'><strong>accidit</strong></span> <span class='ocrx_word' id='word_1_166' title='bbox 2787 1202 2996 1256; x_wconf 84' lang='lat' dir='ltr'><strong>homini</strong></span> <span class='ocrx_word' id='word_1_167' title='bbox 3027 1205 3228 1258; x_wconf 86' lang='lat' dir='ltr'><strong>bonum</strong></span> <span class='ocrx_word' id='word_1_168' title='bbox 3247 1221 3354 1260; x_wconf 88' lang='lat' dir='ltr'><strong>non</strong></span> <span class='ocrx_word' id='word_1_169' title='bbox 3383 1208 3512 1261; x_wconf 78' lang='lat' dir='ltr'><strong>dili-</strong></span> 
     </span>
    </p>
   </div>
   <div class='ocr_carea' id='block_1_27' title="bbox 1939 1284 3514 1368">
    <p class='ocr_par' dir='ltr' id='par_1_27' title="bbox 1939 1284 3514 1368">
     <span class='ocr_line' id='line_1_27' title="bbox 1939 1284 3514 1368; baseline 0.011 -33"><span class='ocrx_word' id='word_1_170' title='bbox 1939 1284 2111 1352; x_wconf 74' lang='lat' dir='ltr'><strong>genti,</strong></span> <span class='ocrx_word' id='word_1_171' title='bbox 2141 1284 2208 1339; x_wconf 90' lang='lat' dir='ltr'><strong>de</strong></span> <span class='ocrx_word' id='word_1_172' title='bbox 2233 1284 2393 1342; x_wconf 80' lang='lat' dir='ltr'><strong>factis</strong></span> <span class='ocrx_word' id='word_1_173' title='bbox 2414 1287 2510 1357; x_wconf 88' lang='lat' dir='ltr'><strong>qui</strong></span> <span class='ocrx_word' id='word_1_174' title='bbox 2529 1289 2867 1359; x_wconf 82' lang='lat' dir='ltr'><strong>vituperatus</strong></span> <span class='ocrx_word' id='word_1_175' title='bbox 2903 1293 2970 1346; x_wconf 85' lang='lat' dir='ltr'><strong>ad</strong></span> <span class='ocrx_word' id='word_1_176' title='bbox 3015 1293 3225 1363; x_wconf 81' lang='lat' dir='ltr'><strong>majora</strong></span> <span class='ocrx_word' id='word_1_177' title='bbox 3254 1301 3514 1368; x_wconf 87' lang='lat' dir='ltr'><strong>concupi-</strong></span> 
     </span>
    </p>
   </div>
   <div class='ocr_carea' id='block_1_28' title="bbox 1939 1373 3514 1452">
    <p class='ocr_par' dir='ltr' id='par_1_28' title="bbox 1939 1373 3514 1452">
     <span class='ocr_line' id='line_1_28' title="bbox 1939 1373 3514 1452; baseline 0.011 -26"><span class='ocrx_word' id='word_1_178' title='bbox 1939 1373 2138 1428; x_wconf 86' lang='lat' dir='ltr'><strong>scenda</strong></span> <span class='ocrx_word' id='word_1_179' title='bbox 2170 1374 2558 1433; x_wconf 78' lang='lat' dir='ltr'><strong>inﬂammatur.</strong></span> <span class='ocrx_word' id='word_1_180' title='bbox 2581 1379 2690 1448; x_wconf 86' lang='lat' dir='ltr'><strong>Ipsi</strong></span> <span class='ocrx_word' id='word_1_181' title='bbox 2715 1382 2979 1448; x_wconf 77' lang='lat' dir='ltr'><strong>permissa</strong></span> <span class='ocrx_word' id='word_1_182' title='bbox 3011 1385 3340 1452; x_wconf 81' lang='lat' dir='ltr'><strong>compleant,</strong></span> <span class='ocrx_word' id='word_1_183' title='bbox 3367 1403 3514 1444; x_wconf 82' lang='lat' dir='ltr'><strong>mett-</strong></span> 
     </span>
    </p>
   </div>
   <div class='ocr_carea' id='block_1_29' title="bbox 1938 1464 3512 1534">
    <p class='ocr_par' dir='ltr' id='par_1_29' title="bbox 1938 1464 3512 1534">
     <span class='ocr_line' id='line_1_29' title="bbox 1938 1464 3512 1534; baseline 0.009 -18"><span class='ocrx_word' id='word_1_184' title='bbox 1938 1464 2154 1520; x_wconf 88' lang='lat' dir='ltr'><strong>dacium</strong></span> <span class='ocrx_word' id='word_1_185' title='bbox 2190 1476 2484 1534; x_wconf 82' lang='lat' dir='ltr'><strong>ostentent,</strong></span> <span class='ocrx_word' id='word_1_186' title='bbox 2504 1473 2778 1526; x_wconf 59' lang='lat' dir='ltr'><strong>caelestem</strong></span> <span class='ocrx_word' id='word_1_187' title='bbox 2802 1473 2924 1526; x_wconf 70' lang='lat' dir='ltr'><strong>vita:</strong></span> <span class='ocrx_word' id='word_1_188' title='bbox 2941 1467 3274 1530; x_wconf 79' lang='lat' dir='ltr'><strong>monachicae</strong></span> <span class='ocrx_word' id='word_1_189' title='bbox 3300 1491 3512 1530; x_wconf 86' lang='lat' dir='ltr'><strong>ramum</strong></span> 
     </span>
    </p>
   </div>
   <div class='ocr_carea' id='block_1_30' title="bbox 1939 1555 3516 1628">
    <p class='ocr_par' dir='ltr' id='par_1_30' title="bbox 1939 1555 3516 1628">
     <span class='ocr_line' id='line_1_30' title="bbox 1939 1555 3516 1628; baseline 0.01 -19"><span class='ocrx_word' id='word_1_190' title='bbox 1939 1555 2228 1613; x_wconf 78' lang='lat' dir='ltr'><strong>ﬂorescere</strong></span> <span class='ocrx_word' id='word_1_191' title='bbox 2258 1561 2594 1628; x_wconf 88' lang='lat' dir='ltr'><strong>permittant,</strong></span> <span class='ocrx_word' id='word_1_192' title='bbox 2643 1563 2817 1618; x_wconf 87' lang='lat' dir='ltr'><strong>donec</strong></span> <span class='ocrx_word' id='word_1_193' title='bbox 2849 1565 2932 1619; x_wconf 89' lang='lat' dir='ltr'><strong>vel</strong></span> <span class='ocrx_word' id='word_1_194' title='bbox 2961 1565 3188 1621; x_wconf 76' lang='lat' dir='ltr'><strong>aﬂ’erant</strong></span> <span class='ocrx_word' id='word_1_195' title='bbox 3210 1568 3421 1624; x_wconf 82' lang='lat' dir='ltr'><strong>fruetus</strong></span> <span class='ocrx_word' id='word_1_196' title='bbox 3448 1569 3516 1624; x_wconf 82' lang='lat' dir='ltr'><strong>ad</strong></span> 
     </span>
    </p>
   </div>
   <div class='ocr_carea' id='block_1_31' title="bbox 1937 1649 3516 1731">
    <p class='ocr_par' dir='ltr' id='par_1_31' title="bbox 1937 1649 3516 1731">
     <span class='ocr_line' id='line_1_31' title="bbox 1937 1649 3516 1731; baseline 0.009 -29"><span class='ocrx_word' id='word_1_197' title='bbox 1937 1664 2076 1717; x_wconf 85' lang='lat' dir='ltr'><strong>quos</strong></span> <span class='ocrx_word' id='word_1_198' title='bbox 2105 1649 2220 1704; x_wconf 88' lang='lat' dir='ltr'><strong>nati</strong></span> <span class='ocrx_word' id='word_1_199' title='bbox 2255 1660 2404 1717; x_wconf 90' lang='lat' dir='ltr'><strong>sunt,</strong></span> <span class='ocrx_word' id='word_1_200' title='bbox 2441 1668 2706 1722; x_wconf 89' lang='lat' dir='ltr'><strong>quosque,</strong></span> <span class='ocrx_word' id='word_1_201' title='bbox 2741 1663 2799 1708; x_wconf 90' lang='lat' dir='ltr'><strong>ut</strong></span> <span class='ocrx_word' id='word_1_202' title='bbox 2829 1657 2946 1712; x_wconf 92' lang='lat' dir='ltr'><strong>vult</strong></span> <span class='ocrx_word' id='word_1_203' title='bbox 2982 1658 3145 1722; x_wconf 85' lang='lat' dir='ltr'><strong>Deus,</strong></span> <span class='ocrx_word' id='word_1_204' title='bbox 3195 1676 3305 1714; x_wconf 89' lang='lat' dir='ltr'><strong>non</strong></span> <span class='ocrx_word' id='word_1_205' title='bbox 3335 1663 3516 1731; x_wconf 78' lang='lat' dir='ltr'><strong>proie-</strong></span> 
     </span>
    </p>
   </div>
   <div class='ocr_carea' id='block_1_32' title="bbox 1937 1735 3284 1815">
    <p class='ocr_par' dir='ltr' id='par_1_32' title="bbox 1937 1735 3284 1815">
     <span class='ocr_line' id='line_1_32' title="bbox 1937 1735 3284 1815; baseline 0.013 -26"><span class='ocrx_word' id='word_1_206' title='bbox 1937 1747 2088 1804; x_wconf 74' lang='lat' dir='ltr'><strong>ruut,</strong></span> <span class='ocrx_word' id='word_1_207' title='bbox 2111 1735 2194 1792; x_wconf 86' lang='lat' dir='ltr'><strong>vel</strong></span> <span class='ocrx_word' id='word_1_208' title='bbox 2222 1741 2399 1796; x_wconf 91' lang='lat' dir='ltr'><strong>securi</strong></span> <span class='ocrx_word' id='word_1_209' title='bbox 2438 1745 2640 1798; x_wconf 79' lang='lat' dir='ltr'><strong>resecti</strong></span> <span class='ocrx_word' id='word_1_210' title='bbox 2672 1744 2724 1798; x_wconf 90' lang='lat' dir='ltr'><strong>in</strong></span> <span class='ocrx_word' id='word_1_211' title='bbox 2759 1745 2937 1815; x_wconf 75' lang='lat' dir='ltr'><strong>ignem</strong></span> <span class='ocrx_word' id='word_1_212' title='bbox 2973 1748 3284 1806; x_wconf 87' lang='lat' dir='ltr'><strong>mittantur.</strong></span> 
     </span>
    </p>
   </div>
   <div class='ocr_carea' id='block_1_33' title="bbox 262 1825 3524 1924">
    <p class='ocr_par' dir='ltr' id='par_1_33' title="bbox 262 1825 3524 1924">
     <span class='ocr_line' id='line_1_33' title="bbox 262 1825 3524 1924; baseline 0.008 -51"><span class='ocrx_word' id='word_1_213' title='bbox 262 1838 454 1885; x_wconf 83' lang='grc' dir='ltr'>νωσιν,</span> <span class='ocrx_word' id='word_1_214' title='bbox 483 1825 561 1886; x_wconf 80' lang='grc' dir='ltr'>εἰς</span> <span class='ocrx_word' id='word_1_215' title='bbox 587 1825 646 1880; x_wconf 80' lang='grc' dir='ltr'>ὃν</span> <span class='ocrx_word' id='word_1_216' title='bbox 675 1831 1003 1898; x_wconf 79' lang='grc' dir='ltr'>πεφυκότες,</span> <span class='ocrx_word' id='word_1_217' title='bbox 1029 1832 1179 1901; x_wconf 85' lang='grc' dir='ltr'>ὅμως</span> <span class='ocrx_word' id='word_1_218' title='bbox 1203 1833 1263 1886; x_wconf 82' lang='grc' dir='ltr'>οὗ</span> <span class='ocrx_word' id='word_1_219' title='bbox 1309 1835 1702 1906; x_wconf 80' lang='grc' dir='ltr'>προὸἀλλονται</span> <span class='ocrx_word' id='word_1_220' title='bbox 1731 1833 1911 1899; x_wconf 78' lang='grc' dir='ltr'>αὐτὸν,</span> <span class='ocrx_word' id='word_1_221' title='bbox 1936 1833 2010 1898; x_wconf 86' lang='grc' dir='ltr'>ὡς</span> <span class='ocrx_word' id='word_1_222' title='bbox 2043 1837 2328 1924; x_wconf 56' lang='grc' dir='ltr'>ἐπιτάρσει</span> <span class='ocrx_word' id='word_1_223' title='bbox 2385 1839 2518 1902; x_wconf 83' lang='grc' dir='ltr'>Θεός</span> <span class='ocrx_word' id='word_1_224' title='bbox 2542 1856 2554 1868; x_wconf 72' lang='grc' dir='ltr'><strong>ο</strong></span> <span class='ocrx_word' id='word_1_225' title='bbox 2624 1839 2656 1908; x_wconf 76' lang='grc' dir='ltr'>ἢ</span> <span class='ocrx_word' id='word_1_226' title='bbox 2728 1839 2866 1894; x_wconf 79' lang='grc' dir='ltr'>ἀλλὰ</span> <span class='ocrx_word' id='word_1_227' title='bbox 2907 1844 2974 1914; x_wconf 81' lang='grc' dir='ltr'>τῇ</span> <span class='ocrx_word' id='word_1_228' title='bbox 3043 1843 3198 1916; x_wconf 76' lang='grc' dir='ltr'>ἀξίνῃ</span> <span class='ocrx_word' id='word_1_229' title='bbox 3271 1863 3524 1902; x_wconf 56' lang='grc' dir='ltr'>κατακφ.</span> 
     </span>
    </p>
   </div>
   <div class='ocr_carea' id='block_1_34' title="bbox 263 1918 1146 1996">
    <p class='ocr_par' dir='ltr' id='par_1_34' title="bbox 263 1918 1146 1996">
     <span class='ocr_line' id='line_1_34' title="bbox 263 1918 1146 1996; baseline 0.014 -27"><span class='ocrx_word' id='word_1_230' title='bbox 263 1918 485 1983; x_wconf 78' lang='grc' dir='ltr'>πέντες,</span> <span class='ocrx_word' id='word_1_231' title='bbox 518 1919 784 1988; x_wconf 80' lang='grc' dir='ltr'>γένωνται</span> <span class='ocrx_word' id='word_1_232' title='bbox 816 1925 911 1977; x_wconf 77' lang='grc' dir='ltr'>τοῦ</span> <span class='ocrx_word' id='word_1_233' title='bbox 955 1929 1146 1996; x_wconf 85' lang='grc' dir='ltr'>πυρός.</span> 
     </span>
    </p>
   </div>
   <div class='ocr_carea' id='block_1_35' title="bbox 342 2014 1827 2100">
    <p class='ocr_par' dir='ltr' id='par_1_35' title="bbox 342 2014 1827 2100">
     <span class='ocr_line' id='line_1_35' title="bbox 342 2014 1827 2100; baseline 0.003 -22"><span class='ocrx_word' id='word_1_234' title='bbox 342 2014 443 2082; x_wconf 61' lang='grc' dir='ltr'><strong>ξγκ</strong></span> <span class='ocrx_word' id='word_1_235' title='bbox 466 2016 541 2069; x_wconf 75' lang='grc' dir='ltr'><strong>Σὺ</strong></span> <span class='ocrx_word' id='word_1_236' title='bbox 603 2017 661 2068; x_wconf 85' lang='grc' dir='ltr'>δὲ</span> <span class='ocrx_word' id='word_1_237' title='bbox 711 2020 936 2090; x_wconf 77' lang='grc' dir='ltr'>μοναχὲ,</span> <span class='ocrx_word' id='word_1_238' title='bbox 965 2023 994 2076; x_wconf 87' lang='grc' dir='ltr'>ὁ</span> <span class='ocrx_word' id='word_1_239' title='bbox 1030 2026 1166 2095; x_wconf 80' lang='grc' dir='ltr'>πρὸς</span> <span class='ocrx_word' id='word_1_240' title='bbox 1215 2025 1498 2095; x_wconf 85' lang='grc' dir='ltr'>ἀλήθειαν,</span> <span class='ocrx_word' id='word_1_241' title='bbox 1535 2029 1827 2100; x_wconf 79' lang='grc' dir='ltr'>μελέτησον</span> 
     </span>
    </p>
   </div>
   <div class='ocr_carea' id='block_1_36' title="bbox 1930 2014 3520 2100">
    <p class='ocr_par' dir='ltr' id='par_1_36' title="bbox 2013 2021 3520 2098">
     <span class='ocr_line' id='line_1_36' title="bbox 2013 2021 3520 2098; baseline 0.005 -21"><span class='ocrx_word' id='word_1_242' title='bbox 2013 2024 2101 2078; x_wconf 80' lang='lat'><strong>63.</strong></span> <span class='ocrx_word' id='word_1_243' title='bbox 2155 2021 2235 2076; x_wconf 89' lang='lat' dir='ltr'><strong>Tu</strong></span> <span class='ocrx_word' id='word_1_244' title='bbox 2276 2033 2483 2088; x_wconf 85' lang='lat' dir='ltr'><strong>autem,</strong></span> <span class='ocrx_word' id='word_1_245' title='bbox 2514 2024 2728 2081; x_wconf 79' lang='lat' dir='ltr'><strong>sincere</strong></span> <span class='ocrx_word' id='word_1_246' title='bbox 2759 2028 3050 2090; x_wconf 80' lang='lat' dir='ltr'><strong>monacho.</strong></span> <span class='ocrx_word' id='word_1_247' title='bbox 3081 2044 3241 2092; x_wconf 87' lang='lat' dir='ltr'><strong>cura,</strong></span> <span class='ocrx_word' id='word_1_248' title='bbox 3272 2027 3364 2086; x_wconf 97' lang='lat' dir='ltr'><strong>Dei</strong></span> <span class='ocrx_word' id='word_1_249' title='bbox 3387 2045 3520 2098; x_wconf 55' lang='grc' dir='ltr'>ξτες</span> 
     </span>
    </p>
   </div>
   <div class='ocr_carea' id='block_1_37' title="bbox 265 2106 1826 2192">
    <p class='ocr_par' dir='ltr' id='par_1_37' title="bbox 265 2106 1826 2192">
     <span class='ocr_line' id='line_1_37' title="bbox 265 2106 1826 2192; baseline 0.01 -34"><span class='ocrx_word' id='word_1_250' title='bbox 265 2106 368 2158; x_wconf 78' lang='grc' dir='ltr'><strong>σὺν</strong></span> <span class='ocrx_word' id='word_1_251' title='bbox 416 2106 556 2179; x_wconf 79' lang='grc' dir='ltr'>Θεῷ,</span> <span class='ocrx_word' id='word_1_252' title='bbox 600 2111 694 2162; x_wconf 64' lang='grc' dir='ltr'><strong>κα)¹</strong></span> <span class='ocrx_word' id='word_1_253' title='bbox 746 2113 884 2180; x_wconf 84' lang='grc' dir='ltr'>μάθε</span> <span class='ocrx_word' id='word_1_254' title='bbox 933 2115 1111 2181; x_wconf 86' lang='grc' dir='ltr'>καλῶς</span> <span class='ocrx_word' id='word_1_255' title='bbox 1148 2117 1480 2175; x_wconf 76' lang='grc' dir='ltr'>ἐπικτᾶσθαι</span> <span class='ocrx_word' id='word_1_256' title='bbox 1537 2123 1678 2192; x_wconf 73' lang='grc' dir='ltr'>μετὰ</span> <span class='ocrx_word' id='word_1_257' title='bbox 1730 2123 1826 2191; x_wconf 84' lang='grc' dir='ltr'>τὴν</span> 
     </span>
    </p>
   </div>
   <div class='ocr_carea' id='block_1_38' title="bbox 259 2199 1829 2278">
    <p class='ocr_par' dir='ltr' id='par_1_38' title="bbox 259 2199 1829 2278">
     <span class='ocr_line' id='line_1_38' title="bbox 259 2199 1829 2278; baseline 0.012 -28"><span class='ocrx_word' id='word_1_258' title='bbox 259 2199 606 2270; x_wconf 85' lang='grc' dir='ltr'>ἀπόκαρσιν·</span> <span class='ocrx_word' id='word_1_259' title='bbox 654 2204 939 2259; x_wconf 79' lang='grc' dir='ltr'>καὶτοῦτο</span> <span class='ocrx_word' id='word_1_260' title='bbox 989 2207 1064 2278; x_wconf 77' lang='grc' dir='ltr'>μὴ</span> <span class='ocrx_word' id='word_1_261' title='bbox 1115 2211 1391 2275; x_wconf 86' lang='grc' dir='ltr'>ἁπλοϊκῶς</span> <span class='ocrx_word' id='word_1_262' title='bbox 1446 2212 1646 2278; x_wconf 78' lang='grc' dir='ltr'>οὕτως,</span> <span class='ocrx_word' id='word_1_263' title='bbox 1694 2216 1829 2270; x_wconf 79' lang='grc' dir='ltr'>ἀλλὰ</span> 
     </span>
    </p>
   </div>
   <div class='ocr_carea' id='block_1_39' title="bbox 260 2290 1829 2372">
    <p class='ocr_par' dir='ltr' id='par_1_39' title="bbox 260 2290 1829 2372">
     <span class='ocr_line' id='line_1_39' title="bbox 260 2290 1829 2372; baseline 0.015 -32"><span class='ocrx_word' id='word_1_264' title='bbox 260 2290 406 2357; x_wconf 81' lang='grc' dir='ltr'>πρὸς</span> <span class='ocrx_word' id='word_1_265' title='bbox 436 2291 685 2364; x_wconf 78' lang='grc' dir='ltr'>διπλόην,</span> <span class='ocrx_word' id='word_1_266' title='bbox 709 2295 777 2368; x_wconf 80' lang='grc' dir='ltr'>ἢν</span> <span class='ocrx_word' id='word_1_267' title='bbox 807 2298 1018 2366; x_wconf 80' lang='grc' dir='ltr'>φθάσας</span> <span class='ocrx_word' id='word_1_268' title='bbox 1042 2301 1280 2369; x_wconf 70' lang='grc' dir='ltr'>ἤκουσας</span> <span class='ocrx_word' id='word_1_269' title='bbox 1308 2304 1541 2360; x_wconf 82' lang='grc' dir='ltr'>ἐνώπιον</span> <span class='ocrx_word' id='word_1_270' title='bbox 1566 2307 1724 2372; x_wconf 82' lang='grc' dir='ltr'>Θεοῦ,</span> <span class='ocrx_word' id='word_1_271' title='bbox 1753 2308 1829 2371; x_wconf 87' lang='grc' dir='ltr'>ὡς</span> 
     </span>
    </p>
   </div>
   <div class='ocr_carea' id='block_1_40' title="bbox 261 2378 1826 2466">
    <p class='ocr_par' dir='ltr' id='par_1_40' title="bbox 261 2378 1826 2466">
     <span class='ocr_line' id='line_1_40' title="bbox 261 2378 1826 2466; baseline 0.015 -35"><span class='ocrx_word' id='word_1_272' title='bbox 261 2382 361 2432; x_wconf 73' lang='grc' dir='ltr'><strong>καὶ</strong></span> <span class='ocrx_word' id='word_1_273' title='bbox 384 2378 411 2433; x_wconf 85' lang='grc' dir='ltr'><strong>ό</strong></span> <span class='ocrx_word' id='word_1_274' title='bbox 434 2385 711 2454; x_wconf 84' lang='grc' dir='ltr'>κουρεύων</span> <span class='ocrx_word' id='word_1_275' title='bbox 739 2387 1102 2460; x_wconf 79' lang='grc' dir='ltr'>ἐξεφώνησεν,</span> <span class='ocrx_word' id='word_1_276' title='bbox 1127 2389 1185 2448; x_wconf 82' lang='grc' dir='ltr'><strong>εὖ</strong></span> <span class='ocrx_word' id='word_1_277' title='bbox 1221 2395 1396 2460; x_wconf 72' lang='grc' dir='ltr'>εἰδὼς,</span> <span class='ocrx_word' id='word_1_278' title='bbox 1426 2399 1479 2450; x_wconf 91' lang='grc' dir='ltr'><strong>τί</strong></span> <span class='ocrx_word' id='word_1_279' title='bbox 1502 2397 1703 2466; x_wconf 83' lang='grc' dir='ltr'>ἐλάλει,</span> <span class='ocrx_word' id='word_1_280' title='bbox 1733 2401 1826 2454; x_wconf 78' lang='grc' dir='ltr'>καὶ</span> 
     </span>
    </p>
   </div>
   <div class='ocr_carea' id='block_1_41' title="bbox 257 2469 1828 2564">
    <p class='ocr_par' dir='ltr' id='par_1_41' title="bbox 257 2469 1828 2564">
     <span class='ocr_line' id='line_1_41' title="bbox 257 2469 1828 2564; baseline 0.015 -40"><span class='ocrx_word' id='word_1_281' title='bbox 257 2469 338 2535; x_wconf 76' lang='grc' dir='ltr'>ὡς</span> <span class='ocrx_word' id='word_1_282' title='bbox 369 2475 531 2538; x_wconf 78' lang='grc' dir='ltr'>αὐτὸς</span> <span class='ocrx_word' id='word_1_283' title='bbox 558 2473 707 2541; x_wconf 76' lang='grc' dir='ltr'>οἶδας</span> <span class='ocrx_word' id='word_1_284' title='bbox 739 2481 876 2550; x_wconf 76' lang='grc' dir='ltr'>πρὸς</span> <span class='ocrx_word' id='word_1_285' title='bbox 905 2483 1212 2554; x_wconf 83' lang='grc' dir='ltr'>ἀκρίῦειαν,</span> <span class='ocrx_word' id='word_1_286' title='bbox 1247 2490 1340 2542; x_wconf 74' lang='grc' dir='ltr'><strong>καὶ</strong></span> <span class='ocrx_word' id='word_1_287' title='bbox 1371 2489 1447 2553; x_wconf 83' lang='grc' dir='ltr'>ὡς</span> <span class='ocrx_word' id='word_1_288' title='bbox 1467 2493 1518 2544; x_wconf 79' lang='lat' dir='ltr'><strong>ol</strong></span> <span class='ocrx_word' id='word_1_289' title='bbox 1551 2492 1828 2564; x_wconf 80' lang='grc' dir='ltr'>παρεστῶ-</span> 
     </span>
    </p>
   </div>
   <div class='ocr_carea' id='block_1_42' title="bbox 260 2569 1828 2654">
    <p class='ocr_par' dir='ltr' id='par_1_42' title="bbox 260 2569 1828 2654">
     <span class='ocr_line' id='line_1_42' title="bbox 260 2569 1828 2654; baseline 0.015 -38"><span class='ocrx_word' id='word_1_290' title='bbox 260 2581 357 2628; x_wconf 90' lang='grc' dir='ltr'><strong>τες</strong></span> <span class='ocrx_word' id='word_1_291' title='bbox 417 2569 783 2638; x_wconf 78' lang='grc' dir='ltr'>ἠκροάσαντο.</span> <span class='ocrx_word' id='word_1_292' title='bbox 845 2575 1122 2639; x_wconf 75' lang='grc' dir='ltr'>Ἤκουσας</span> <span class='ocrx_word' id='word_1_293' title='bbox 1155 2577 1234 2644; x_wconf 78' lang='grc' dir='ltr'><strong>δὲ,</strong></span> <span class='ocrx_word' id='word_1_294' title='bbox 1285 2581 1379 2633; x_wconf 75' lang='grc' dir='ltr'>καὶ</span> <span class='ocrx_word' id='word_1_295' title='bbox 1425 2582 1730 2654; x_wconf 80' lang='grc' dir='ltr'>ἁπηρνήσω</span> <span class='ocrx_word' id='word_1_296' title='bbox 1766 2589 1828 2639; x_wconf 83' lang='grc' dir='ltr'><strong>οὐ</strong></span> 
     </span>
    </p>
   </div>
   <div class='ocr_carea' id='block_1_43' title="bbox 258 2657 1845 2746">
    <p class='ocr_par' dir='ltr' id='par_1_43' title="bbox 258 2657 1845 2746">
     <span class='ocr_line' id='line_1_43' title="bbox 258 2657 1845 2746; baseline 0.017 -37"><span class='ocrx_word' id='word_1_297' title='bbox 258 2657 364 2727; x_wconf 82' lang='grc' dir='ltr'>τὴν</span> <span class='ocrx_word' id='word_1_298' title='bbox 394 2659 581 2722; x_wconf 85' lang='grc' dir='ltr'>ἁπλῶς</span> <span class='ocrx_word' id='word_1_299' title='bbox 635 2663 732 2715; x_wconf 80' lang='grc' dir='ltr'><strong>καὶ</strong></span> <span class='ocrx_word' id='word_1_300' title='bbox 761 2665 924 2718; x_wconf 75' lang='grc' dir='ltr'>’κατὰ</span> <span class='ocrx_word' id='word_1_301' title='bbox 954 2683 1006 2719; x_wconf 91' lang='grc' dir='ltr'><strong>τι</strong></span> <span class='ocrx_word' id='word_1_302' title='bbox 1059 2671 1296 2740; x_wconf 83' lang='grc' dir='ltr'>μονῆρες</span> <span class='ocrx_word' id='word_1_303' title='bbox 1325 2674 1616 2746; x_wconf 79' lang='grc' dir='ltr'>ἐπίκτησιν</span> <span class='ocrx_word' id='word_1_304' title='bbox 1642 2695 1656 2709; x_wconf 85' lang='grc'><strong>⁹</strong></span> <span class='ocrx_word' id='word_1_305' title='bbox 1691 2679 1845 2736; x_wconf 64' lang='grc' dir='ltr'>ἀλλᾶε</span> 
     </span>
    </p>
   </div>
   <div class='ocr_carea' id='block_1_44' title="bbox 259 2751 1824 2836">
    <p class='ocr_par' dir='ltr' id='par_1_44' title="bbox 259 2751 1824 2836">
     <span class='ocr_line' id='line_1_44' title="bbox 259 2751 1824 2836; baseline 0.016 -35"><span class='ocrx_word' id='word_1_306' title='bbox 259 2751 589 2818; x_wconf 83' lang='grc' dir='ltr'>προσέκειτο</span> <span class='ocrx_word' id='word_1_307' title='bbox 625 2756 682 2806; x_wconf 86' lang='grc' dir='ltr'><strong>ἐν</strong></span> <span class='ocrx_word' id='word_1_308' title='bbox 712 2759 824 2820; x_wconf 87' lang='grc' dir='ltr'>τοῖς</span> <span class='ocrx_word' id='word_1_309' title='bbox 865 2759 982 2812; x_wconf 87' lang='grc' dir='ltr'>τότε</span> <span class='ocrx_word' id='word_1_310' title='bbox 1023 2762 1206 2815; x_wconf 75' lang='grc' dir='ltr'>καὶτὸ</span> <span class='ocrx_word' id='word_1_311' title='bbox 1247 2783 1264 2814; x_wconf 86' lang='grc' dir='ltr'>ι</span> <span class='ocrx_word' id='word_1_312' title='bbox 1309 2765 1408 2834; x_wconf 77' lang='grc' dir='ltr'><strong>τὴν</strong></span> <span class='ocrx_word' id='word_1_313' title='bbox 1445 2767 1776 2836; x_wconf 70' lang='grc' dir='ltr'>ίδιόιζουσαν,</span> <span class='ocrx_word' id='word_1_314' title='bbox 1803 2791 1824 2826; x_wconf 71' lang='grc' dir='ltr'><strong>ι</strong></span> 
     </span>
    </p>
   </div>
   <div class='ocr_carea' id='block_1_45' title="bbox 260 2840 1834 2935">
    <p class='ocr_par' dir='ltr' id='par_1_45' title="bbox 260 2840 1834 2935">
     <span class='ocr_line' id='line_1_45' title="bbox 260 2840 1834 2935; baseline 0.017 -41"><span class='ocrx_word' id='word_1_315' title='bbox 260 2840 292 2894; x_wconf 84' lang='grc' dir='ltr'><strong>ὃ</strong></span> <span class='ocrx_word' id='word_1_316' title='bbox 314 2845 510 2898; x_wconf 91' lang='grc' dir='ltr'>ταυτόν</span> <span class='ocrx_word' id='word_1_317' title='bbox 541 2847 657 2899; x_wconf 85' lang='grc' dir='ltr'>ἐστι</span> <span class='ocrx_word' id='word_1_318' title='bbox 687 2847 764 2916; x_wconf 82' lang='grc' dir='ltr'>τῷ</span> <span class='ocrx_word' id='word_1_319' title='bbox 797 2868 816 2900; x_wconf 76' lang='grc' dir='ltr'>ι</span> <span class='ocrx_word' id='word_1_320' title='bbox 862 2852 959 2922; x_wconf 85' lang='grc' dir='ltr'>τήν</span> <span class='ocrx_word' id='word_1_321' title='bbox 991 2871 1074 2908; x_wconf 86' lang='grc' dir='ltr'><strong>σοι</strong></span> <span class='ocrx_word' id='word_1_322' title='bbox 1106 2856 1250 2928; x_wconf 86' lang='grc' dir='ltr'>μόνῳ</span> <span class='ocrx_word' id='word_1_323' title='bbox 1282 2858 1418 2914; x_wconf 76' lang='grc' dir='ltr'>ἰδίαν</span> <span class='ocrx_word' id='word_1_324' title='bbox 1441 2876 1456 2891; x_wconf 80' lang='lat'><strong><em>°</em></strong></span> <span class='ocrx_word' id='word_1_325' title='bbox 1488 2881 1508 2914; x_wconf 68' lang='grc' dir='ltr'>ι</span> <span class='ocrx_word' id='word_1_326' title='bbox 1546 2863 1633 2917; x_wconf 79' lang='grc' dir='ltr'><strong>ἵνα</strong></span> <span class='ocrx_word' id='word_1_327' title='bbox 1664 2864 1740 2935; x_wconf 78' lang='grc' dir='ltr'>μὴ</span> <span class='ocrx_word' id='word_1_328' title='bbox 1768 2867 1834 2920; x_wconf 75' lang='grc' dir='ltr'><strong>τὸ</strong></span> 
     </span>
    </p>
   </div>
   <div class='ocr_carea' id='block_1_46' title="bbox 258 2933 1830 3024">
    <p class='ocr_par' dir='ltr' id='par_1_46' title="bbox 258 2933 1830 3024">
     <span class='ocr_line' id='line_1_46' title="bbox 258 2933 1830 3024; baseline 0.016 -39"><span class='ocrx_word' id='word_1_329' title='bbox 258 2933 662 3002; x_wconf 85' lang='grc' dir='ltr'>Σολομώντειον</span> <span class='ocrx_word' id='word_1_330' title='bbox 687 2941 862 2997; x_wconf 85' lang='grc' dir='ltr'>ἐκεῖνο</span> <span class='ocrx_word' id='word_1_331' title='bbox 895 2950 1247 3018; x_wconf 82' lang='grc' dir='ltr'>παρανοήσας</span> <span class='ocrx_word' id='word_1_332' title='bbox 1275 2951 1336 3003; x_wconf 84' lang='grc' dir='ltr'><strong>τό</strong></span> <span class='ocrx_word' id='word_1_333' title='bbox 1359 2967 1375 2982; x_wconf 86' lang='grc'><strong>·</strong></span> <span class='ocrx_word' id='word_1_334' title='bbox 1408 2971 1425 3003; x_wconf 85' lang='grc' dir='ltr'>ι</span> <span class='ocrx_word' id='word_1_335' title='bbox 1469 2953 1534 3006; x_wconf 86' lang='grc' dir='ltr'>Ἠ</span> <span class='ocrx_word' id='word_1_336' title='bbox 1560 2957 1710 3024; x_wconf 87' lang='grc' dir='ltr'>πηγή</span> <span class='ocrx_word' id='word_1_337' title='bbox 1746 2975 1830 3010; x_wconf 88' lang='grc' dir='ltr'><strong>σοι</strong></span> 
     </span>
    </p>
   </div>
   <div class='ocr_carea' id='block_1_47' title="bbox 257 3025 1840 3118">
    <p class='ocr_par' dir='ltr' id='par_1_47' title="bbox 257 3025 1840 3118">
     <span class='ocr_line' id='line_1_47' title="bbox 257 3025 1840 3118; baseline 0.015 -41"><span class='ocrx_word' id='word_1_338' title='bbox 257 3025 358 3080; x_wconf 79' lang='grc' dir='ltr'>τοῦ</span> <span class='ocrx_word' id='word_1_339' title='bbox 399 3027 594 3092; x_wconf 75' lang='grc' dir='ltr'>ὕδατος</span> <span class='ocrx_word' id='word_1_340' title='bbox 633 3031 778 3086; x_wconf 73' lang='grc' dir='ltr'>ἔστω</span> <span class='ocrx_word' id='word_1_341' title='bbox 829 3034 956 3101; x_wconf 78' lang='grc' dir='ltr'>ίδία,</span> <span class='ocrx_word' id='word_1_342' title='bbox 995 3055 1014 3088; x_wconf 73' lang='grc' dir='ltr'><strong>ι</strong></span> <span class='ocrx_word' id='word_1_343' title='bbox 1066 3039 1392 3099; x_wconf 76' lang='grc' dir='ltr'>ἐξιδιοῠσθαι</span> <span class='ocrx_word' id='word_1_344' title='bbox 1425 3043 1730 3118; x_wconf 78' lang='grc' dir='ltr'>μελετήσῃς</span> <span class='ocrx_word' id='word_1_345' title='bbox 1767 3049 1840 3100; x_wconf 81' lang='grc' dir='ltr'>τὸ-</span> 
     </span>
    </p>
   </div>
   <div class='ocr_carea' id='block_1_48' title="bbox 260 3120 1829 3205">
    <p class='ocr_par' dir='ltr' id='par_1_48' title="bbox 260 3120 1829 3205">
     <span class='ocr_line' id='line_1_48' title="bbox 260 3120 1829 3205; baseline 0.011 -33"><span class='ocrx_word' id='word_1_346' title='bbox 260 3123 405 3190; x_wconf 82' lang='grc' dir='ltr'>μετὰ</span> <span class='ocrx_word' id='word_1_347' title='bbox 436 3120 532 3192; x_wconf 76' lang='grc' dir='ltr'>τὴν</span> <span class='ocrx_word' id='word_1_348' title='bbox 565 3124 766 3191; x_wconf 85' lang='grc' dir='ltr'>κουρὰν</span> <span class='ocrx_word' id='word_1_349' title='bbox 796 3125 1055 3196; x_wconf 75' lang='grc' dir='ltr'>ἐπιρρέον</span> <span class='ocrx_word' id='word_1_350' title='bbox 1093 3146 1174 3183; x_wconf 85' lang='grc' dir='ltr'><strong>σοι</strong></span> <span class='ocrx_word' id='word_1_351' title='bbox 1199 3131 1442 3198; x_wconf 72' lang='grc' dir='ltr'>ὁθενοῦν,</span> <span class='ocrx_word' id='word_1_352' title='bbox 1485 3135 1622 3188; x_wconf 82' lang='grc' dir='ltr'>ἀλλὰ</span> <span class='ocrx_word' id='word_1_353' title='bbox 1661 3153 1829 3205; x_wconf 85' lang='grc' dir='ltr'>μετο-</span> 
     </span>
    </p>
   </div>
   <div class='ocr_carea' id='block_1_49' title="bbox 255 3211 1830 3295">
    <p class='ocr_par' dir='ltr' id='par_1_49' title="bbox 255 3211 1830 3295">
     <span class='ocr_line' id='line_1_49' title="bbox 255 3211 1830 3295; baseline 0.011 -32"><span class='ocrx_word' id='word_1_354' title='bbox 255 3211 490 3282; x_wconf 83' lang='grc' dir='ltr'>χετεύῃς</span> <span class='ocrx_word' id='word_1_355' title='bbox 519 3214 670 3277; x_wconf 83' lang='grc' dir='ltr'>αύτὺ,</span> <span class='ocrx_word' id='word_1_356' title='bbox 705 3213 834 3268; x_wconf 77' lang='grc' dir='ltr'>ἔνθα</span> <span class='ocrx_word' id='word_1_357' title='bbox 867 3219 1112 3287; x_wconf 67' lang='grc' dir='ltr'>πρέπειι</span> <span class='ocrx_word' id='word_1_358' title='bbox 1142 3223 1236 3272; x_wconf 79' lang='grc' dir='ltr'><strong>καὶ</strong></span> <span class='ocrx_word' id='word_1_359' title='bbox 1272 3223 1552 3292; x_wconf 84' lang='grc' dir='ltr'>προεστὼς</span> <span class='ocrx_word' id='word_1_360' title='bbox 1586 3226 1686 3295; x_wconf 81' lang='grc' dir='ltr'><strong>μὲν</strong></span> <span class='ocrx_word' id='word_1_361' title='bbox 1719 3245 1830 3282; x_wconf 88' lang='grc' dir='ltr'>κοι-</span> 
     </span>
    </p>
   </div>
   <div class='ocr_carea' id='block_1_50' title="bbox 256 3304 1828 3390">
    <p class='ocr_par' dir='ltr' id='par_1_50' title="bbox 256 3304 1828 3390">
     <span class='ocr_line' id='line_1_50' title="bbox 256 3304 1828 3390; baseline 0.011 -35"><span class='ocrx_word' id='word_1_362' title='bbox 256 3304 504 3372; x_wconf 85' lang='grc' dir='ltr'>νότητος,</span> <span class='ocrx_word' id='word_1_363' title='bbox 563 3307 1033 3380; x_wconf 73' lang='grc' dir='ltr'>ἀποκαταστήοῃς</span> <span class='ocrx_word' id='word_1_364' title='bbox 1090 3310 1223 3364; x_wconf 78' lang='grc' dir='ltr'>αὐτὸ</span> <span class='ocrx_word' id='word_1_365' title='bbox 1275 3315 1342 3382; x_wconf 84' lang='grc' dir='ltr'>τῇ</span> <span class='ocrx_word' id='word_1_366' title='bbox 1413 3322 1828 3390; x_wconf 75' lang='grc' dir='ltr'>μοναστηριακῇ</span> 
     </span>
    </p>
   </div>
   <div class='ocr_carea' id='block_1_51' title="bbox 253 3393 1832 3480">
    <p class='ocr_par' dir='ltr' id='par_1_51' title="bbox 253 3393 1832 3480">
     <span class='ocr_line' id='line_1_51' title="bbox 253 3393 1832 3480; baseline 0.012 -35"><span class='ocrx_word' id='word_1_367' title='bbox 253 3393 550 3466; x_wconf 76' lang='grc' dir='ltr'>δεξαμενῇ,</span> <span class='ocrx_word' id='word_1_368' title='bbox 585 3397 659 3460; x_wconf 83' lang='grc' dir='ltr'>ὡς</span> <span class='ocrx_word' id='word_1_369' title='bbox 694 3399 760 3451; x_wconf 83' lang='grc' dir='ltr'><strong>ἂν</strong></span> <span class='ocrx_word' id='word_1_370' title='bbox 805 3404 871 3469; x_wconf 81' lang='grc' dir='ltr'>τῇ</span> <span class='ocrx_word' id='word_1_371' title='bbox 920 3404 1072 3472; x_wconf 85' lang='grc' dir='ltr'>κοινῇ</span> <span class='ocrx_word' id='word_1_372' title='bbox 1133 3405 1450 3478; x_wconf 82' lang='grc' dir='ltr'>συνεισέλθῃ</span> <span class='ocrx_word' id='word_1_373' title='bbox 1515 3411 1710 3480; x_wconf 77' lang='grc' dir='ltr'>κτήσει</span> <span class='ocrx_word' id='word_1_374' title='bbox 1735 3413 1832 3466; x_wconf 80' lang='grc' dir='ltr'><strong>καὶ</strong></span> 
     </span>
    </p>
   </div>
   <div class='ocr_carea' id='block_1_52' title="bbox 250 3486 1832 3567">
    <p class='ocr_par' dir='ltr' id='par_1_52' title="bbox 250 3486 1832 3567">
     <span class='ocr_line' id='line_1_52' title="bbox 250 3486 1832 3567; baseline 0.009 -29"><span class='ocrx_word' id='word_1_375' title='bbox 250 3487 386 3538; x_wconf 84' lang='grc' dir='ltr'>αὑτό</span> <span class='ocrx_word' id='word_1_376' title='bbox 409 3502 424 3516; x_wconf 78' lang='grc' dir='ltr'><strong>ο</strong></span> <span class='ocrx_word' id='word_1_377' title='bbox 451 3486 697 3554; x_wconf 83' lang='grc' dir='ltr'>ὑφεστὼς</span> <span class='ocrx_word' id='word_1_378' title='bbox 729 3488 806 3552; x_wconf 85' lang='grc' dir='ltr'><strong>δὲ,</strong></span> <span class='ocrx_word' id='word_1_379' title='bbox 829 3491 922 3541; x_wconf 76' lang='grc' dir='ltr'><strong>καὶ</strong></span> <span class='ocrx_word' id='word_1_380' title='bbox 957 3489 1128 3555; x_wconf 73' lang='grc' dir='ltr'>οὕτως</span> <span class='ocrx_word' id='word_1_381' title='bbox 1154 3493 1634 3564; x_wconf 83' lang='grc' dir='ltr'>ἐλαττονούμενος,</span> <span class='ocrx_word' id='word_1_382' title='bbox 1660 3515 1832 3567; x_wconf 73' lang='grc' dir='ltr'>προσο</span> 
     </span>
    </p>
   </div>
   <div class='ocr_carea' id='block_1_53' title="bbox 252 3578 1828 3661">
    <p class='ocr_par' dir='ltr' id='par_1_53' title="bbox 252 3578 1828 3661">
     <span class='ocr_line' id='line_1_53' title="bbox 252 3578 1828 3661; baseline 0.009 -32"><span class='ocrx_word' id='word_1_383' title='bbox 252 3578 468 3648; x_wconf 74' lang='grc' dir='ltr'>ιιγάγῃς</span> <span class='ocrx_word' id='word_1_384' title='bbox 497 3579 575 3646; x_wconf 84' lang='grc' dir='ltr'>τῷ</span> <span class='ocrx_word' id='word_1_385' title='bbox 621 3582 1032 3653; x_wconf 81' lang='grc' dir='ltr'>καθηγουμένῳ,</span> <span class='ocrx_word' id='word_1_386' title='bbox 1067 3585 1151 3636; x_wconf 81' lang='grc' dir='ltr'>ἵνα</span> <span class='ocrx_word' id='word_1_387' title='bbox 1200 3588 1406 3649; x_wconf 81' lang='grc' dir='ltr'>ἐκεῖνος</span> <span class='ocrx_word' id='word_1_388' title='bbox 1467 3589 1566 3657; x_wconf 79' lang='grc' dir='ltr'><strong>μὲν</strong></span> <span class='ocrx_word' id='word_1_389' title='bbox 1629 3590 1828 3661; x_wconf 78' lang='grc' dir='ltr'>ποιήσῃ</span> 
     </span>
    </p>
   </div>
   <div class='ocr_carea' id='block_1_54' title="bbox 251 3666 1828 3749">
    <p class='ocr_par' dir='ltr' id='par_1_54' title="bbox 251 3666 1828 3749">
     <span class='ocr_line' id='line_1_54' title="bbox 251 3666 1828 3749; baseline 0.01 -32"><span class='ocrx_word' id='word_1_390' title='bbox 251 3666 316 3718; x_wconf 86' lang='grc' dir='ltr'><strong>τὸ</strong></span> <span class='ocrx_word' id='word_1_391' title='bbox 343 3668 654 3732; x_wconf 75' lang='grc' dir='ltr'>κανονικδν,</span> <span class='ocrx_word' id='word_1_392' title='bbox 688 3671 721 3737; x_wconf 86' lang='grc' dir='ltr'>ή</span> <span class='ocrx_word' id='word_1_393' title='bbox 778 3669 833 3722; x_wconf 82' lang='grc' dir='ltr'>δὲ</span> <span class='ocrx_word' id='word_1_394' title='bbox 864 3673 921 3724; x_wconf 86' lang='grc' dir='ltr'><strong>ἐν</strong></span> <span class='ocrx_word' id='word_1_395' title='bbox 953 3675 1035 3725; x_wconf 77' lang='grc' dir='ltr'><strong>σοὶ</strong></span> <span class='ocrx_word' id='word_1_396' title='bbox 1084 3675 1352 3744; x_wconf 77' lang='grc' dir='ltr'>σεμνότης</span> <span class='ocrx_word' id='word_1_397' title='bbox 1395 3676 1696 3748; x_wconf 80' lang='grc' dir='ltr'>φυλάξηται</span> <span class='ocrx_word' id='word_1_398' title='bbox 1730 3681 1828 3749; x_wconf 79' lang='grc' dir='ltr'><strong>τὴν</strong></span> 
     </span>
    </p>
   </div>
   <div class='ocr_carea' id='block_1_55' title="bbox 250 3757 1825 3840">
    <p class='ocr_par' dir='ltr' id='par_1_55' title="bbox 250 3757 1825 3840">
     <span class='ocr_line' id='line_1_55' title="bbox 250 3757 1825 3840; baseline 0.01 -31"><span class='ocrx_word' id='word_1_399' title='bbox 250 3757 324 3810; x_wconf 85' lang='grc' dir='ltr'><strong>δι’</strong></span> <span class='ocrx_word' id='word_1_400' title='bbox 381 3759 728 3830; x_wconf 76' lang='grc' dir='ltr'>ἐπικτήσεως</span> <span class='ocrx_word' id='word_1_401' title='bbox 770 3763 1283 3838; x_wconf 77' lang='grc' dir='ltr'>πολυκτημοσύνην,</span> <span class='ocrx_word' id='word_1_402' title='bbox 1317 3769 1393 3832; x_wconf 86' lang='grc' dir='ltr'>ὡς</span> <span class='ocrx_word' id='word_1_403' title='bbox 1423 3772 1825 3840; x_wconf 82' lang='grc' dir='ltr'>παρήγγελται,</span> 
     </span>
    </p>
   </div>
   <div class='ocr_carea' id='block_1_56' title="bbox 255 3849 1827 3930">
    <p class='ocr_par' dir='ltr' id='par_1_56' title="bbox 255 3849 1827 3930">
     <span class='ocr_line' id='line_1_56' title="bbox 255 3849 1827 3930; baseline 0.01 -30"><span class='ocrx_word' id='word_1_404' title='bbox 255 3849 354 3901; x_wconf 74' lang='grc' dir='ltr'>καὶ</span> <span class='ocrx_word' id='word_1_405' title='bbox 387 3850 484 3921; x_wconf 79' lang='grc' dir='ltr'><strong>τὴν</strong></span> <span class='ocrx_word' id='word_1_406' title='bbox 526 3853 776 3907; x_wconf 80' lang='grc' dir='ltr'>ἐντεῦθεν</span> <span class='ocrx_word' id='word_1_407' title='bbox 828 3857 1214 3928; x_wconf 84' lang='grc' dir='ltr'>ἀσχημοσύνην</span> <span class='ocrx_word' id='word_1_408' title='bbox 1243 3875 1256 3888; x_wconf 80' lang='grc'><strong><em>⁸</em></strong></span> <span class='ocrx_word' id='word_1_409' title='bbox 1303 3861 1372 3913; x_wconf 72' lang='grc' dir='ltr'>δι’</span> <span class='ocrx_word' id='word_1_410' title='bbox 1405 3863 1470 3930; x_wconf 78' lang='grc' dir='ltr'>ἢν</span> <span class='ocrx_word' id='word_1_411' title='bbox 1520 3862 1827 3917; x_wconf 84' lang='grc' dir='ltr'>κεκώλυται</span> 
     </span>
    </p>
   </div>
   <div class='ocr_carea' id='block_1_57' title="bbox 249 3941 1826 4025">
    <p class='ocr_par' dir='ltr' id='par_1_57' title="bbox 249 3941 1826 4025">
     <span class='ocr_line' id='line_1_57' title="bbox 249 3941 1826 4025; baseline 0.011 -35"><span class='ocrx_word' id='word_1_412' title='bbox 249 3941 368 4003; x_wconf 89' lang='grc' dir='ltr'>τοῖς</span> <span class='ocrx_word' id='word_1_413' title='bbox 403 3944 727 4010; x_wconf 73' lang='grc' dir='ltr'>μονάζουσιν</span> <span class='ocrx_word' id='word_1_414' title='bbox 767 3946 827 3998; x_wconf 91' lang='grc' dir='ltr'><strong>ού</strong></span> <span class='ocrx_word' id='word_1_415' title='bbox 876 3947 999 4016; x_wconf 82' lang='grc' dir='ltr'>δίχα</span> <span class='ocrx_word' id='word_1_416' title='bbox 1038 3951 1518 4020; x_wconf 82' lang='grc' dir='ltr'>παρασημάνσεως</span> <span class='ocrx_word' id='word_1_417' title='bbox 1566 3955 1624 4006; x_wconf 86' lang='grc' dir='ltr'><strong>τὸ</strong></span> <span class='ocrx_word' id='word_1_418' title='bbox 1670 3955 1704 4025; x_wconf 82' lang='grc' dir='ltr'>ἢ</span> <span class='ocrx_word' id='word_1_419' title='bbox 1734 3971 1826 4008; x_wconf 86' lang='grc' dir='ltr'>κε-</span> 
     </span>
    </p>
   </div>
   <div class='ocr_carea' id='block_1_58' title="bbox 252 4033 1824 4109">
    <p class='ocr_par' dir='ltr' id='par_1_58' title="bbox 252 4033 1824 4109">
     <span class='ocr_line' id='line_1_58' title="bbox 252 4033 1824 4109; baseline 0.01 -26"><span class='ocrx_word' id='word_1_420' title='bbox 252 4033 511 4101; x_wconf 73' lang='grc' dir='ltr'>κτῆσθαι,</span> <span class='ocrx_word' id='word_1_421' title='bbox 567 4035 1124 4104; x_wconf 71' lang='grc' dir='ltr'>ἧπροσεπικτᾶσθαι,</span> <span class='ocrx_word' id='word_1_422' title='bbox 1155 4042 1294 4094; x_wconf 77' lang='grc' dir='ltr'>ἀλλὰ</span> <span class='ocrx_word' id='word_1_423' title='bbox 1341 4045 1400 4096; x_wconf 67' lang='grc' dir='ltr'>τὸ</span> <span class='ocrx_word' id='word_1_424' title='bbox 1446 4045 1686 4109; x_wconf 73' lang='grc' dir='ltr'>ἰδιάζονο</span> <span class='ocrx_word' id='word_1_425' title='bbox 1735 4047 1824 4099; x_wconf 81' lang='grc' dir='ltr'><strong>ἵνα</strong></span> 
     </span>
    </p>
   </div>
   <div class='ocr_carea' id='block_1_59' title="bbox 249 4124 1824 4209">
    <p class='ocr_par' dir='ltr' id='par_1_59' title="bbox 249 4124 1824 4209">
     <span class='ocr_line' id='line_1_59' title="bbox 249 4124 1824 4209; baseline 0.01 -32"><span class='ocrx_word' id='word_1_426' title='bbox 249 4124 422 4178; x_wconf 79' lang='grc' dir='ltr'>πολλὰ</span> <span class='ocrx_word' id='word_1_427' title='bbox 450 4128 594 4209; x_wconf 73' lang='grc' dir='ltr'>κακὰ</span> <span class='ocrx_word' id='word_1_428' title='bbox 618 4128 865 4201; x_wconf 75' lang='grc' dir='ltr'>ἐκφύγῃς</span> <span class='ocrx_word' id='word_1_429' title='bbox 896 4132 1241 4202; x_wconf 78' lang='grc' dir='ltr'>ἀκτημονῶν.</span> <span class='ocrx_word' id='word_1_430' title='bbox 1289 4135 1690 4200; x_wconf 74' lang='grc' dir='ltr'>Πολυσύνθετος</span> <span class='ocrx_word' id='word_1_431' title='bbox 1713 4139 1824 4209; x_wconf 69' lang='grc' dir='ltr'>γὰρ</span> 
     </span>
    </p>
   </div>
   <div class='ocr_carea' id='block_1_60' title="bbox 250 4207 1823 4301">
    <p class='ocr_par' dir='ltr' id='par_1_60' title="bbox 250 4207 1823 4301">
     <span class='ocr_line' id='line_1_60' title="bbox 250 4207 1823 4301; baseline 0.01 -33"><span class='ocrx_word' id='word_1_432' title='bbox 250 4207 528 4287; x_wconf 62' lang='grc' dir='ltr'>φαυλότης</span> <span class='ocrx_word' id='word_1_433' title='bbox 565 4222 657 4271; x_wconf 76' lang='grc' dir='ltr'>καὶ</span> <span class='ocrx_word' id='word_1_434' title='bbox 685 4220 746 4272; x_wconf 84' lang='grc' dir='ltr'>τὸ</span> <span class='ocrx_word' id='word_1_435' title='bbox 775 4222 1229 4292; x_wconf 83' lang='grc' dir='ltr'>πολυκτημονεῖν,</span> <span class='ocrx_word' id='word_1_436' title='bbox 1323 4229 1418 4279; x_wconf 80' lang='grc' dir='ltr'>καὶ</span> <span class='ocrx_word' id='word_1_437' title='bbox 1466 4228 1628 4299; x_wconf 79' lang='grc' dir='ltr'>ζῆλος</span> <span class='ocrx_word' id='word_1_438' title='bbox 1683 4207 1823 4301; x_wconf 41' lang='lat'><strong>1:19;-</strong></span> 
     </span>
    </p>
   </div>
   <div class='ocr_carea' id='block_1_61' title="bbox 248 4311 1819 4392">
    <p class='ocr_par' dir='ltr' id='par_1_61' title="bbox 248 4311 1819 4392">
     <span class='ocr_line' id='line_1_61' title="bbox 248 4311 1819 4392; baseline 0.01 -33"><span class='ocrx_word' id='word_1_439' title='bbox 248 4315 465 4374; x_wconf 81' lang='grc' dir='ltr'>έπεται,</span> <span class='ocrx_word' id='word_1_440' title='bbox 483 4311 575 4363; x_wconf 79' lang='grc' dir='ltr'>καὶ</span> <span class='ocrx_word' id='word_1_441' title='bbox 598 4311 734 4381; x_wconf 77' lang='grc' dir='ltr'>ἔρις,</span> <span class='ocrx_word' id='word_1_442' title='bbox 754 4313 846 4366; x_wconf 80' lang='grc' dir='ltr'><strong>καὶ</strong></span> <span class='ocrx_word' id='word_1_443' title='bbox 866 4315 1198 4385; x_wconf 79' lang='grc' dir='ltr'>ἀδιακρισία,</span> <span class='ocrx_word' id='word_1_444' title='bbox 1221 4321 1313 4369; x_wconf 75' lang='grc' dir='ltr'><strong>καὶ</strong></span> <span class='ocrx_word' id='word_1_445' title='bbox 1330 4321 1650 4390; x_wconf 78' lang='grc' dir='ltr'>περιττότης</span> <span class='ocrx_word' id='word_1_446' title='bbox 1667 4323 1819 4392; x_wconf 84' lang='grc' dir='ltr'>κενὴ,</span> 
     </span>
    </p>
   </div>
   <div class='ocr_carea' id='block_1_62' title="bbox 248 4400 1818 4480">
    <p class='ocr_par' dir='ltr' id='par_1_62' title="bbox 248 4400 1818 4480">
     <span class='ocr_line' id='line_1_62' title="bbox 248 4400 1818 4480; baseline 0.011 -30"><span class='ocrx_word' id='word_1_447' title='bbox 248 4400 343 4451; x_wconf 79' lang='grc' dir='ltr'>καὶ</span> <span class='ocrx_word' id='word_1_448' title='bbox 375 4400 537 4470; x_wconf 80' lang='grc' dir='ltr'>ἡδονὴ</span> <span class='ocrx_word' id='word_1_449' title='bbox 565 4401 622 4455; x_wconf 82' lang='grc' dir='ltr'>δὲ</span> <span class='ocrx_word' id='word_1_450' title='bbox 660 4404 886 4470; x_wconf 82' lang='grc' dir='ltr'>ματαία,</span> <span class='ocrx_word' id='word_1_451' title='bbox 914 4408 1009 4458; x_wconf 70' lang='grc' dir='ltr'><strong>καὶ</strong></span> <span class='ocrx_word' id='word_1_452' title='bbox 1031 4408 1158 4473; x_wconf 80' lang='grc' dir='ltr'>δόξα</span> <span class='ocrx_word' id='word_1_453' title='bbox 1182 4411 1346 4478; x_wconf 77' lang='grc' dir='ltr'>ὁμοία</span> <span class='ocrx_word' id='word_1_454' title='bbox 1369 4426 1384 4438; x_wconf 88' lang='grc'><strong>·</strong></span> <span class='ocrx_word' id='word_1_455' title='bbox 1409 4405 1487 4473; x_wconf 72' lang='grc' dir='ltr'>οἷς</span> <span class='ocrx_word' id='word_1_456' title='bbox 1520 4415 1612 4465; x_wconf 66' lang='grc' dir='ltr'><strong>καὶ</strong></span> <span class='ocrx_word' id='word_1_457' title='bbox 1633 4415 1818 4480; x_wconf 80' lang='grc' dir='ltr'>αὐτοῖς</span> 
     </span>
    </p>
   </div>
   <div class='ocr_carea' id='block_1_63' title="bbox 245 4491 1819 4573">
    <p class='ocr_par' dir='ltr' id='par_1_63' title="bbox 245 4491 1819 4573">
     <span class='ocr_line' id='line_1_63' title="bbox 245 4491 1819 4573; baseline 0.014 -34"><span class='ocrx_word' id='word_1_458' title='bbox 245 4491 274 4539; x_wconf 79' lang='grc' dir='ltr'><strong>ὁ</strong></span> <span class='ocrx_word' id='word_1_459' title='bbox 299 4491 506 4559; x_wconf 79' lang='grc' dir='ltr'>κυρίως</span> <span class='ocrx_word' id='word_1_460' title='bbox 539 4492 768 4561; x_wconf 67' lang='grc' dir='ltr'>μυναχδς</span> <span class='ocrx_word' id='word_1_461' title='bbox 802 4495 1132 4561; x_wconf 68' lang='grc' dir='ltr'>ἀπετάξατο,</span> <span class='ocrx_word' id='word_1_462' title='bbox 1164 4499 1308 4552; x_wconf 81' lang='grc' dir='ltr'><strong>καθὰ</strong></span> <span class='ocrx_word' id='word_1_463' title='bbox 1337 4502 1430 4555; x_wconf 83' lang='grc' dir='ltr'><strong>καὶ</strong></span> <span class='ocrx_word' id='word_1_464' title='bbox 1455 4504 1519 4572; x_wconf 84' lang='grc' dir='ltr'>τῇ</span> <span class='ocrx_word' id='word_1_465' title='bbox 1547 4502 1819 4573; x_wconf 80' lang='grc' dir='ltr'>λαϐροφα-</span> 
     </span>
    </p>
   </div>
   <div class='ocr_carea' id='block_1_64' title="bbox 249 4581 1819 4668">
    <p class='ocr_par' dir='ltr' id='par_1_64' title="bbox 249 4581 1819 4668">
     <span class='ocr_line' id='line_1_64' title="bbox 249 4581 1819 4668; baseline 0.013 -38"><span class='ocrx_word' id='word_1_466' title='bbox 249 4581 366 4652; x_wconf 77' lang='grc' dir='ltr'>γίᾳ,</span> <span class='ocrx_word' id='word_1_467' title='bbox 400 4584 465 4652; x_wconf 76' lang='grc' dir='ltr'>ἢν</span> <span class='ocrx_word' id='word_1_468' title='bbox 500 4585 598 4636; x_wconf 83' lang='grc' dir='ltr'><strong>οὐκ</strong></span> <span class='ocrx_word' id='word_1_469' title='bbox 631 4585 696 4637; x_wconf 86' lang='grc' dir='ltr'>ἂν</span> <span class='ocrx_word' id='word_1_470' title='bbox 733 4585 845 4655; x_wconf 69' lang='grc' dir='ltr'>ἔχοι</span> <span class='ocrx_word' id='word_1_471' title='bbox 876 4587 950 4658; x_wconf 84' lang='grc' dir='ltr'>μὴ</span> <span class='ocrx_word' id='word_1_472' title='bbox 982 4591 1352 4656; x_wconf 76' lang='grc' dir='ltr'>ἐγκαλεῖσθαι,</span> <span class='ocrx_word' id='word_1_473' title='bbox 1379 4595 1498 4646; x_wconf 86' lang='grc' dir='ltr'>κατ’</span> <span class='ocrx_word' id='word_1_474' title='bbox 1525 4595 1659 4648; x_wconf 79' lang='grc' dir='ltr'>ἰδίαν</span> <span class='ocrx_word' id='word_1_475' title='bbox 1682 4615 1819 4668; x_wconf 90' lang='grc' dir='ltr'>χρη-</span> 
     </span>
    </p>
   </div>
   <div class='ocr_carea' id='block_1_65' title="bbox 247 4673 1422 4751">
    <p class='ocr_par' dir='ltr' id='par_1_65' title="bbox 247 4673 1422 4751">
     <span class='ocr_line' id='line_1_65' title="bbox 247 4673 1422 4751; baseline 0.008 -26"><span class='ocrx_word' id='word_1_476' title='bbox 247 4673 639 4743; x_wconf 74' lang='grc' dir='ltr'>ματιζόμενος.</span> <span class='ocrx_word' id='word_1_477' title='bbox 699 4676 758 4729; x_wconf 86' lang='lat'><strong>&#39;0</strong></span> <span class='ocrx_word' id='word_1_478' title='bbox 840 4678 950 4747; x_wconf 78' lang='grc' dir='ltr'><strong>γὰρ</strong></span> <span class='ocrx_word' id='word_1_479' title='bbox 1012 4679 1102 4732; x_wconf 80' lang='grc' dir='ltr'>τοῦ</span> <span class='ocrx_word' id='word_1_480' title='bbox 1170 4681 1422 4751; x_wconf 73' lang='grc' dir='ltr'>μείζονος</span> 
     </span>
    </p>
   </div>
   <div class='ocr_carea' id='block_1_66' title="bbox 245 4765 1812 4845">
    <p class='ocr_par' dir='ltr' id='par_1_66' title="bbox 245 4765 1812 4845">
     <span class='ocr_line' id='line_1_66' title="bbox 245 4765 1812 4845; baseline 0.01 -29"><span class='ocrx_word' id='word_1_481' title='bbox 245 4765 494 4828; x_wconf 75' lang='grc' dir='ltr'>ὕποπτος</span> <span class='ocrx_word' id='word_1_482' title='bbox 527 4768 594 4819; x_wconf 82' lang='grc' dir='ltr'>ἂν</span> <span class='ocrx_word' id='word_1_483' title='bbox 645 4769 732 4838; x_wconf 73' lang='grc' dir='ltr'>εἴη</span> <span class='ocrx_word' id='word_1_484' title='bbox 767 4770 872 4838; x_wconf 82' lang='grc' dir='ltr'>οὐχ</span> <span class='ocrx_word' id='word_1_485' title='bbox 915 4771 1114 4839; x_wconf 74' lang='grc' dir='ltr'>ἥκιστα</span> <span class='ocrx_word' id='word_1_486' title='bbox 1176 4775 1270 4836; x_wconf 79' lang='grc' dir='ltr'><strong>καὶ</strong></span> <span class='ocrx_word' id='word_1_487' title='bbox 1306 4775 1398 4827; x_wconf 84' lang='grc' dir='ltr'><strong>ἐπὶ</strong></span> <span class='ocrx_word' id='word_1_488' title='bbox 1430 4776 1777 4845; x_wconf 56' lang='grc' dir='ltr'>τῷῥλάττονι</span> <span class='ocrx_word' id='word_1_489' title='bbox 1799 4795 1812 4808; x_wconf 77' lang='grc'><strong><em>⁸</em></strong></span> 
     </span>
    </p>
   </div>
   <div class='ocr_carea' id='block_1_67' title="bbox 245 4857 1818 4935">
    <p class='ocr_par' dir='ltr' id='par_1_67' title="bbox 245 4857 1818 4935">
     <span class='ocr_line' id='line_1_67' title="bbox 245 4857 1818 4935; baseline 0.011 -28"><span class='ocrx_word' id='word_1_490' title='bbox 245 4857 433 4924; x_wconf 76' lang='grc' dir='ltr'>μεῖξον</span> <span class='ocrx_word' id='word_1_491' title='bbox 468 4857 526 4910; x_wconf 72' lang='grc' dir='ltr'>δὲ</span> <span class='ocrx_word' id='word_1_492' title='bbox 570 4859 785 4922; x_wconf 77' lang='grc' dir='ltr'>πάντως</span> <span class='ocrx_word' id='word_1_493' title='bbox 815 4864 842 4912; x_wconf 79' lang='grc' dir='ltr'><em>ὁ</em></span> <span class='ocrx_word' id='word_1_494' title='bbox 878 4862 1105 4932; x_wconf 82' lang='grc' dir='ltr'>ἄκαιρος</span> <span class='ocrx_word' id='word_1_495' title='bbox 1166 4868 1554 4935; x_wconf 76' lang='grc' dir='ltr'>χρηματισμὸς</span> <span class='ocrx_word' id='word_1_496' title='bbox 1583 4870 1675 4921; x_wconf 76' lang='grc' dir='ltr'>τοῦ</span> <span class='ocrx_word' id='word_1_497' title='bbox 1725 4871 1818 4924; x_wconf 81' lang='grc' dir='ltr'>λα-</span> 
     </span>
    </p>
   </div>
   <div class='ocr_carea' id='block_1_68' title="bbox 239 4948 1814 5029">
    <p class='ocr_par' dir='ltr' id='par_1_68' title="bbox 239 4948 1814 5029">
     <span class='ocr_line' id='line_1_68' title="bbox 239 4948 1814 5029; baseline 0.011 -31"><span class='ocrx_word' id='word_1_498' title='bbox 239 4948 561 5016; x_wconf 79' lang='grc' dir='ltr'>θροφαγεῖν.</span> <span class='ocrx_word' id='word_1_499' title='bbox 591 4951 699 5001; x_wconf 71' lang='grc' dir='ltr'><strong>Καὶ</strong></span> <span class='ocrx_word' id='word_1_500' title='bbox 735 4952 841 5020; x_wconf 75' lang='grc' dir='ltr'>μὴν</span> <span class='ocrx_word' id='word_1_501' title='bbox 877 4955 1106 5023; x_wconf 77' lang='grc' dir='ltr'>μοναχὸς</span> <span class='ocrx_word' id='word_1_502' title='bbox 1129 4957 1197 5008; x_wconf 71' lang='grc' dir='ltr'><strong>τὰ</strong></span> <span class='ocrx_word' id='word_1_503' title='bbox 1233 4958 1368 5025; x_wconf 74' lang='grc' dir='ltr'>πρὸς</span> <span class='ocrx_word' id='word_1_504' title='bbox 1397 4959 1644 5029; x_wconf 84' lang='grc' dir='ltr'>δαπάνην</span> <span class='ocrx_word' id='word_1_505' title='bbox 1683 4979 1814 5015; x_wconf 79' lang='grc' dir='ltr'>συν-</span> 
     </span>
    </p>
   </div>
   <div class='ocr_carea' id='block_1_69' title="bbox 240 5040 1815 5108">
    <p class='ocr_par' dir='ltr' id='par_1_69' title="bbox 240 5040 1815 5108">
     <span class='ocr_line' id='line_1_69' title="bbox 240 5040 1815 5108; baseline 0.008 -15"><span class='ocrx_word' id='word_1_506' title='bbox 240 5040 389 5104; x_wconf 78' lang='grc' dir='ltr'>άγων</span> <span class='ocrx_word' id='word_1_507' title='bbox 419 5040 560 5108; x_wconf 80' lang='grc' dir='ltr'>τάχα</span> <span class='ocrx_word' id='word_1_508' title='bbox 623 5042 689 5094; x_wconf 83' lang='grc' dir='ltr'>ἂν</span> <span class='ocrx_word' id='word_1_509' title='bbox 730 5044 1118 5098; x_wconf 79' lang='grc' dir='ltr'>καταϐαλεῑταί</span> <span class='ocrx_word' id='word_1_510' title='bbox 1151 5065 1202 5099; x_wconf 87' lang='grc' dir='ltr'><strong>τι</strong></span> <span class='ocrx_word' id='word_1_511' title='bbox 1249 5050 1343 5102; x_wconf 74' lang='grc' dir='ltr'><strong>καὶ</strong></span> <span class='ocrx_word' id='word_1_512' title='bbox 1375 5051 1466 5102; x_wconf 79' lang='grc' dir='ltr'><strong>ἐπὶ</strong></span> <span class='ocrx_word' id='word_1_513' title='bbox 1495 5052 1815 5106; x_wconf 85' lang='grc' dir='ltr'>ἀπολαύσει.</span> 
     </span>
    </p>
   </div>
   <div class='ocr_carea' id='block_1_70' title="bbox 228 5128 1858 5214">
    <p class='ocr_par' dir='ltr' id='par_1_70' title="bbox 228 5128 1858 5214">
     <span class='ocr_line' id='line_1_70' title="bbox 228 5128 1858 5214; baseline 0.01 -31"><span class='ocrx_word' id='word_1_514' title='bbox 228 5128 426 5200; x_wconf 71' lang='grc' dir='ltr'>Μέρος</span> <span class='ocrx_word' id='word_1_515' title='bbox 460 5131 515 5182; x_wconf 86' lang='grc' dir='ltr'><strong>δὲ</strong></span> <span class='ocrx_word' id='word_1_516' title='bbox 544 5133 644 5184; x_wconf 71' lang='grc' dir='ltr'>οὐκ</span> <span class='ocrx_word' id='word_1_517' title='bbox 697 5135 982 5202; x_wconf 76' lang='grc' dir='ltr'>ἐλάχιστον</span> <span class='ocrx_word' id='word_1_518' title='bbox 1044 5138 1400 5204; x_wconf 81' lang='grc' dir='ltr'>ἀπολαύσεως</span> <span class='ocrx_word' id='word_1_519' title='bbox 1440 5143 1496 5196; x_wconf 84' lang='grc' dir='ltr'><strong>ἐν</strong></span> <span class='ocrx_word' id='word_1_520' title='bbox 1527 5149 1814 5214; x_wconf 81' lang='grc' dir='ltr'>κοσμικοῑς</span> <span class='ocrx_word' id='word_1_521' title='bbox 1855 5178 1858 5182; x_wconf 91' lang='grc'><strong>-</strong></span> 
     </span>
    </p>
   </div>
   <div class='ocr_carea' id='block_1_71' title="bbox 245 5221 1815 5296">
    <p class='ocr_par' dir='ltr' id='par_1_71' title="bbox 245 5221 1815 5296">
     <span class='ocr_line' id='line_1_71' title="bbox 245 5221 1815 5296; baseline 0.011 -26"><span class='ocrx_word' id='word_1_522' title='bbox 245 5221 341 5288; x_wconf 71' lang='grc' dir='ltr'><strong>μὲν</strong></span> <span class='ocrx_word' id='word_1_523' title='bbox 372 5221 434 5272; x_wconf 79' lang='grc' dir='ltr'>τὸ</span> <span class='ocrx_word' id='word_1_524' title='bbox 464 5227 682 5290; x_wconf 81' lang='grc' dir='ltr'>φαγεῖν,</span> <span class='ocrx_word' id='word_1_525' title='bbox 714 5227 772 5276; x_wconf 83' lang='grc' dir='ltr'><strong>ἐν</strong></span> <span class='ocrx_word' id='word_1_526' title='bbox 813 5228 1067 5294; x_wconf 82' lang='grc' dir='ltr'>μοναχοῖς</span> <span class='ocrx_word' id='word_1_527' title='bbox 1097 5229 1152 5279; x_wconf 79' lang='grc' dir='ltr'><strong>δὲ</strong></span> <span class='ocrx_word' id='word_1_528' title='bbox 1183 5231 1241 5280; x_wconf 83' lang='grc' dir='ltr'><strong>ού</strong></span> <span class='ocrx_word' id='word_1_529' title='bbox 1272 5230 1355 5295; x_wconf 77' lang='grc' dir='ltr'><strong>τὸ,</strong></span> <span class='ocrx_word' id='word_1_530' title='bbox 1385 5233 1696 5296; x_wconf 80' lang='grc' dir='ltr'>ἀσυνθέτως</span> <span class='ocrx_word' id='word_1_531' title='bbox 1739 5234 1815 5286; x_wconf 81' lang='grc' dir='ltr'><strong>εἰ·</strong></span> 
     </span>
    </p>
   </div>
   <div class='ocr_carea' id='block_1_72' title="bbox 235 5314 1814 5395">
    <p class='ocr_par' dir='ltr' id='par_1_72' title="bbox 235 5314 1814 5395">
     <span class='ocr_line' id='line_1_72' title="bbox 235 5314 1814 5395; baseline 0.011 -34"><span class='ocrx_word' id='word_1_532' title='bbox 235 5314 380 5376; x_wconf 82' lang='grc' dir='ltr'>πεῖν,</span> <span class='ocrx_word' id='word_1_533' title='bbox 420 5317 615 5381; x_wconf 80' lang='grc' dir='ltr'>φαγεῖν</span> <span class='ocrx_word' id='word_1_534' title='bbox 668 5317 819 5382; x_wconf 72' lang='grc' dir='ltr'>(αὐτὸ</span> <span class='ocrx_word' id='word_1_535' title='bbox 857 5317 967 5386; x_wconf 77' lang='grc' dir='ltr'>γὰρ</span> <span class='ocrx_word' id='word_1_536' title='bbox 1019 5319 1315 5387; x_wconf 78' lang='grc' dir='ltr'>πάγκοινόν</span> <span class='ocrx_word' id='word_1_537' title='bbox 1361 5324 1554 5395; x_wconf 88' lang='grc' dir='ltr'>ἐστιν),</span> <span class='ocrx_word' id='word_1_538' title='bbox 1590 5324 1721 5378; x_wconf 73' lang='grc' dir='ltr'>ἀλλὰ</span> <span class='ocrx_word' id='word_1_539' title='bbox 1756 5326 1814 5379; x_wconf 86' lang='grc' dir='ltr'><strong>τὸ</strong></span> 
     </span>
    </p>
   </div>
   <div class='ocr_carea' id='block_1_73' title="bbox 236 5403 1810 5485">
    <p class='ocr_par' dir='ltr' id='par_1_73' title="bbox 236 5403 1810 5485">
     <span class='ocr_line' id='line_1_73' title="bbox 236 5403 1810 5485; baseline 0.011 -32"><span class='ocrx_word' id='word_1_540' title='bbox 236 5403 623 5474; x_wconf 74' lang='grc' dir='ltr'>λαθροφαγεῖν,</span> <span class='ocrx_word' id='word_1_541' title='bbox 659 5408 686 5460; x_wconf 78' lang='grc' dir='ltr'>ὅ</span> <span class='ocrx_word' id='word_1_542' title='bbox 708 5412 902 5464; x_wconf 86' lang='grc' dir='ltr'>ταυτόν</span> <span class='ocrx_word' id='word_1_543' title='bbox 949 5414 1065 5465; x_wconf 74' lang='grc' dir='ltr'>ἐστι</span> <span class='ocrx_word' id='word_1_544' title='bbox 1097 5413 1171 5481; x_wconf 83' lang='grc' dir='ltr'>τῷ</span> <span class='ocrx_word' id='word_1_545' title='bbox 1205 5415 1371 5484; x_wconf 77' lang='grc' dir='ltr'>ἡδέως</span> <span class='ocrx_word' id='word_1_546' title='bbox 1416 5420 1609 5485; x_wconf 81' lang='grc' dir='ltr'>φαγεῖν</span> <span class='ocrx_word' id='word_1_547' title='bbox 1632 5430 1645 5445; x_wconf 87' lang='grc'><em>’</em></span> <span class='ocrx_word' id='word_1_548' title='bbox 1675 5417 1810 5470; x_wconf 78' lang='grc' dir='ltr'>καθ-</span> 
     </span>
    </p>
   </div>
   <div class='ocr_carea' id='block_1_74' title="bbox 233 5496 1809 5579">
    <p class='ocr_par' dir='ltr' id='par_1_74' title="bbox 233 5496 1809 5579">
     <span class='ocr_line' id='line_1_74' title="bbox 233 5496 1809 5579; baseline 0.01 -34"><span class='ocrx_word' id='word_1_549' title='bbox 233 5496 317 5546; x_wconf 86' lang='grc' dir='ltr'><strong>ότι</strong></span> <span class='ocrx_word' id='word_1_550' title='bbox 354 5496 450 5549; x_wconf 78' lang='grc' dir='ltr'>καὶ</span> <span class='ocrx_word' id='word_1_551' title='bbox 483 5498 691 5567; x_wconf 81' lang='grc' dir='ltr'>κλοπῆς</span> <span class='ocrx_word' id='word_1_552' title='bbox 745 5499 889 5569; x_wconf 84' lang='grc' dir='ltr'>ὕδωρ</span> <span class='ocrx_word' id='word_1_553' title='bbox 933 5503 1198 5571; x_wconf 63' lang='grc' dir='ltr'>γλυκερὸν</span> <span class='ocrx_word' id='word_1_554' title='bbox 1228 5505 1518 5575; x_wconf 79' lang='grc' dir='ltr'>γράφεται.</span> <span class='ocrx_word' id='word_1_555' title='bbox 1553 5510 1647 5560; x_wconf 80' lang='grc' dir='ltr'><strong>Ἐν</strong></span> <span class='ocrx_word' id='word_1_556' title='bbox 1670 5510 1809 5579; x_wconf 72' lang='grc' dir='ltr'>τάχα</span> 
     </span>
    </p>
   </div>
   <div class='ocr_carea' id='block_1_75' title="bbox 242 5587 1807 5670">
    <p class='ocr_par' dir='ltr' id='par_1_75' title="bbox 242 5587 1807 5670">
     <span class='ocr_line' id='line_1_75' title="bbox 242 5587 1807 5670; baseline 0.012 -34"><span class='ocrx_word' id='word_1_557' title='bbox 242 5587 400 5652; x_wconf 77' lang='grc' dir='ltr'>μόνον</span> <span class='ocrx_word' id='word_1_558' title='bbox 428 5590 455 5640; x_wconf 82' lang='grc' dir='ltr'>ὁ</span> <span class='ocrx_word' id='word_1_559' title='bbox 488 5589 729 5652; x_wconf 73' lang='grc' dir='ltr'>τοιοῦτος</span> <span class='ocrx_word' id='word_1_560' title='bbox 759 5591 910 5666; x_wconf 71' lang='grc' dir='ltr'>ἅγιος</span> <span class='ocrx_word' id='word_1_561' title='bbox 957 5599 1386 5663; x_wconf 71' lang='grc' dir='ltr'>χρηματιστικὸς</span> <span class='ocrx_word' id='word_1_562' title='bbox 1421 5599 1634 5668; x_wconf 80' lang='grc' dir='ltr'>νομίσοι</span> <span class='ocrx_word' id='word_1_563' title='bbox 1671 5601 1807 5670; x_wconf 83' lang='grc' dir='ltr'>ἀγα-</span> 
     </span>
    </p>
   </div>
   <div class='ocr_carea' id='block_1_76' title="bbox 309 5768 1322 5864">
    <p class='ocr_par' dir='ltr' id='par_1_76' title="bbox 309 5768 1322 5864">
     <span class='ocr_line' id='line_1_76' title="bbox 309 5768 1322 5864; baseline 0.015 -47"><span class='ocrx_word' id='word_1_564' title='bbox 309 5771 348 5797; x_wconf 79' lang='grc'><strong>¹³</strong></span> <span class='ocrx_word' id='word_1_565' title='bbox 375 5768 548 5864; x_wconf 34' lang='lat' dir='ltr'><strong>‘I’rov.</strong></span> <span class='ocrx_word' id='word_1_566' title='bbox 586 5785 636 5829; x_wconf 84' lang='lat' dir='ltr'><strong>v,</strong></span> <span class='ocrx_word' id='word_1_567' title='bbox 677 5771 756 5823; x_wconf 83' lang='lat' dir='ltr'><strong>l7.</strong></span> <span class='ocrx_word' id='word_1_568' title='bbox 839 5773 879 5804; x_wconf 77' lang='lat'>“</span> <span class='ocrx_word' id='word_1_569' title='bbox 929 5772 1095 5829; x_wconf 66' lang='lat' dir='ltr'><strong>Et‘tli.</strong></span> <span class='ocrx_word' id='word_1_570' title='bbox 1126 5775 1210 5838; x_wconf 77' lang='grc'><strong>10,</strong></span> <span class='ocrx_word' id='word_1_571' title='bbox 1270 5776 1322 5832; x_wconf 80' lang='grc'><strong>6.</strong></span> 
     </span>
    </p>
   </div>
   <div class='ocr_carea' id='block_1_77' title="bbox 1881 2113 3516 2190">
    <p class='ocr_par' dir='ltr' id='par_1_77' title="bbox 1881 2113 3516 2190">
     <span class='ocr_line' id='line_1_77' title="bbox 1881 2113 3516 2190; baseline 0.007 -25"><span class='ocrx_word' id='word_1_572' title='bbox 1881 2145 1886 2152; x_wconf 91' lang='lat'><strong><em>-</em></strong></span> <span class='ocrx_word' id='word_1_573' title='bbox 1931 2113 2028 2178; x_wconf 89' lang='lat' dir='ltr'><strong>tia,</strong></span> <span class='ocrx_word' id='word_1_574' title='bbox 2063 2123 2117 2168; x_wconf 89' lang='lat' dir='ltr'><strong>et</strong></span> <span class='ocrx_word' id='word_1_575' title='bbox 2140 2114 2292 2168; x_wconf 90' lang='lat' dir='ltr'><strong>disce</strong></span> <span class='ocrx_word' id='word_1_576' title='bbox 2309 2114 2632 2184; x_wconf 87' lang='lat' dir='ltr'><strong>locupletari</strong></span> <span class='ocrx_word' id='word_1_577' title='bbox 2651 2117 2818 2171; x_wconf 89' lang='lat' dir='ltr'><strong>etiam</strong></span> <span class='ocrx_word' id='word_1_578' title='bbox 2843 2129 2966 2187; x_wconf 83' lang='lat' dir='ltr'><strong>post</strong></span> <span class='ocrx_word' id='word_1_579' title='bbox 2997 2128 3314 2185; x_wconf 80' lang='lat' dir='ltr'><strong>tonsuram;</strong></span> <span class='ocrx_word' id='word_1_580' title='bbox 3349 2121 3516 2190; x_wconf 83' lang='lat' dir='ltr'><strong>idque</strong></span> 
     </span>
    </p>
   </div>
   <div class='ocr_carea' id='block_1_78' title="bbox 1929 2205 3516 2280">
    <p class='ocr_par' dir='ltr' id='par_1_78' title="bbox 1929 2205 3516 2280">
     <span class='ocr_line' id='line_1_78' title="bbox 1929 2205 3516 2280; baseline 0.004 -21"><span class='ocrx_word' id='word_1_581' title='bbox 1929 2221 2035 2259; x_wconf 89' lang='lat' dir='ltr'><strong>non</strong></span> <span class='ocrx_word' id='word_1_582' title='bbox 2077 2205 2360 2270; x_wconf 85' lang='lat' dir='ltr'><strong>absolute,</strong></span> <span class='ocrx_word' id='word_1_583' title='bbox 2405 2207 2499 2260; x_wconf 87' lang='lat' dir='ltr'><strong>sed</strong></span> <span class='ocrx_word' id='word_1_584' title='bbox 2558 2222 2626 2261; x_wconf 91' lang='lat' dir='ltr'><strong>eo</strong></span> <span class='ocrx_word' id='word_1_585' title='bbox 2672 2224 2838 2264; x_wconf 91' lang='lat' dir='ltr'><strong>sensu</strong></span> <span class='ocrx_word' id='word_1_586' title='bbox 2891 2224 3000 2280; x_wconf 90' lang='lat' dir='ltr'><strong>quo</strong></span> <span class='ocrx_word' id='word_1_587' title='bbox 3058 2212 3235 2280; x_wconf 89' lang='lat' dir='ltr'><strong>prius,</strong></span> <span class='ocrx_word' id='word_1_588' title='bbox 3295 2211 3351 2265; x_wconf 87' lang='lat' dir='ltr'><strong>in</strong></span> <span class='ocrx_word' id='word_1_589' title='bbox 3386 2227 3516 2272; x_wconf 79' lang='lat' dir='ltr'><strong>con.</strong></span> 
     </span>
    </p>
   </div>
   <div class='ocr_carea' id='block_1_79' title="bbox 1930 2282 3515 2374">
    <p class='ocr_par' dir='ltr' id='par_1_79' title="bbox 1930 2282 3515 2374">
     <span class='ocr_line' id='line_1_79' title="bbox 1930 2282 3515 2374; baseline 0.006 -23"><span class='ocrx_word' id='word_1_590' title='bbox 1930 2305 2124 2368; x_wconf 83' lang='lat' dir='ltr'><strong>specta</strong></span> <span class='ocrx_word' id='word_1_591' title='bbox 2159 2297 2249 2351; x_wconf 89' lang='lat' dir='ltr'><strong>Dei</strong></span> <span class='ocrx_word' id='word_1_592' title='bbox 2302 2282 2608 2363; x_wconf 31' lang='lat' dir='ltr'><strong>audisti,&#39;et</strong></span> <span class='ocrx_word' id='word_1_593' title='bbox 2641 2300 2785 2355; x_wconf 86' lang='lat' dir='ltr'><strong>sicut</strong></span> <span class='ocrx_word' id='word_1_594' title='bbox 2811 2300 3061 2356; x_wconf 88' lang='lat' dir='ltr'><strong>minister</strong></span> <span class='ocrx_word' id='word_1_595' title='bbox 3108 2301 3289 2358; x_wconf 87' lang='lat' dir='ltr'><strong>sciens</strong></span> <span class='ocrx_word' id='word_1_596' title='bbox 3311 2304 3515 2374; x_wconf 85' lang='lat' dir='ltr'><strong>optime</strong></span> 
     </span>
    </p>
   </div>
   <div class='ocr_carea' id='block_1_80' title="bbox 1929 2391 3511 2464">
    <p class='ocr_par' dir='ltr' id='par_1_80' title="bbox 1929 2391 3511 2464">
     <span class='ocr_line' id='line_1_80' title="bbox 1929 2391 3511 2464; baseline 0.005 -20"><span class='ocrx_word' id='word_1_597' title='bbox 1929 2391 2058 2459; x_wconf 84' lang='lat' dir='ltr'><strong>quid</strong></span> <span class='ocrx_word' id='word_1_598' title='bbox 2092 2391 2298 2445; x_wconf 84' lang='lat' dir='ltr'><strong>diceret</strong></span> <span class='ocrx_word' id='word_1_599' title='bbox 2341 2392 2883 2460; x_wconf 83' lang='lat' dir='ltr'><strong>postulavit,etsicut</strong></span> <span class='ocrx_word' id='word_1_600' title='bbox 2920 2394 3034 2464; x_wconf 78' lang='lat' dir='ltr'><strong>ipse</strong></span> <span class='ocrx_word' id='word_1_601' title='bbox 3069 2396 3314 2464; x_wconf 76' lang='lat' dir='ltr'><strong>perfecte</strong></span> <span class='ocrx_word' id='word_1_602' title='bbox 3342 2398 3511 2463; x_wconf 83' lang='lat' dir='ltr'><strong>nosti,</strong></span> 
     </span>
    </p>
   </div>
   <div class='ocr_carea' id='block_1_81' title="bbox 1928 2482 3516 2555">
    <p class='ocr_par' dir='ltr' id='par_1_81' title="bbox 1928 2482 3516 2555">
     <span class='ocr_line' id='line_1_81' title="bbox 1928 2482 3516 2555; baseline 0.005 -19"><span class='ocrx_word' id='word_1_603' title='bbox 1928 2491 1983 2536; x_wconf 89' lang='lat' dir='ltr'><strong>et</strong></span> <span class='ocrx_word' id='word_1_604' title='bbox 2014 2482 2434 2537; x_wconf 85' lang='lat' dir='ltr'><strong>circumstantes</strong></span> <span class='ocrx_word' id='word_1_605' title='bbox 2469 2483 2783 2540; x_wconf 89' lang='lat' dir='ltr'><strong>audierunt.</strong></span> <span class='ocrx_word' id='word_1_606' title='bbox 2803 2483 2921 2539; x_wconf 80' lang='lat' dir='ltr'><strong>Non</strong></span> <span class='ocrx_word' id='word_1_607' title='bbox 2973 2487 3278 2555; x_wconf 85' lang='lat' dir='ltr'><strong>simplicem</strong></span> <span class='ocrx_word' id='word_1_608' title='bbox 3319 2503 3516 2544; x_wconf 82' lang='lat' dir='ltr'><strong>novam</strong></span> 
     </span>
    </p>
   </div>
   <div class='ocr_carea' id='block_1_82' title="bbox 1929 2573 3513 2649">
    <p class='ocr_par' dir='ltr' id='par_1_82' title="bbox 1929 2573 3513 2649">
     <span class='ocr_line' id='line_1_82' title="bbox 1929 2573 3513 2649; baseline 0.005 -25"><span class='ocrx_word' id='word_1_609' title='bbox 1929 2573 2396 2641; x_wconf 84' lang='lat' dir='ltr'><strong>comparationem</strong></span> <span class='ocrx_word' id='word_1_610' title='bbox 2421 2573 2474 2627; x_wconf 90' lang='lat' dir='ltr'><strong>in</strong></span> <span class='ocrx_word' id='word_1_611' title='bbox 2499 2577 2833 2631; x_wconf 86' lang='lat' dir='ltr'><strong>monasterio</strong></span> <span class='ocrx_word' id='word_1_612' title='bbox 2860 2576 3066 2631; x_wconf 83' lang='lat' dir='ltr'><strong>audisti</strong></span> <span class='ocrx_word' id='word_1_613' title='bbox 3085 2586 3138 2634; x_wconf 87' lang='lat' dir='ltr'><strong>et</strong></span> <span class='ocrx_word' id='word_1_614' title='bbox 3165 2579 3513 2649; x_wconf 77' lang='lat' dir='ltr'><strong>repudiasti;</strong></span> 
     </span>
    </p>
   </div>
   <div class='ocr_carea' id='block_1_83' title="bbox 1929 2665 3516 2741">
    <p class='ocr_par' dir='ltr' id='par_1_83' title="bbox 1929 2665 3516 2741">
     <span class='ocr_line' id='line_1_83' title="bbox 1929 2665 3516 2741; baseline 0.004 -21"><span class='ocrx_word' id='word_1_615' title='bbox 1929 2665 2024 2720; x_wconf 89' lang='lat' dir='ltr'><strong>sed</strong></span> <span class='ocrx_word' id='word_1_616' title='bbox 2076 2676 2129 2720; x_wconf 88' lang='lat' dir='ltr'><strong>et</strong></span> <span class='ocrx_word' id='word_1_617' title='bbox 2151 2665 2254 2722; x_wconf 82' lang='lat' dir='ltr'><strong>hoc</strong></span> <span class='ocrx_word' id='word_1_618' title='bbox 2273 2665 2518 2722; x_wconf 88' lang='lat' dir='ltr'><strong>additum</strong></span> <span class='ocrx_word' id='word_1_619' title='bbox 2547 2665 2651 2722; x_wconf 81' lang='lat' dir='ltr'><strong>fuit</strong></span> <span class='ocrx_word' id='word_1_620' title='bbox 2677 2685 2693 2722; x_wconf 90' lang='lat'><strong>:</strong></span> <span class='ocrx_word' id='word_1_621' title='bbox 2720 2687 2738 2722; x_wconf 83' lang='grc' dir='ltr'>ι</span> <span class='ocrx_word' id='word_1_622' title='bbox 2769 2668 3066 2738; x_wconf 82' lang='lat' dir='ltr'><strong>privatam,</strong></span> <span class='ocrx_word' id='word_1_623' title='bbox 3107 2688 3127 2723; x_wconf 79' lang='grc' dir='ltr'><strong>ι</strong></span> <span class='ocrx_word' id='word_1_624' title='bbox 3155 2671 3367 2724; x_wconf 86' lang='lat' dir='ltr'><strong>scilicet</strong></span> <span class='ocrx_word' id='word_1_625' title='bbox 3389 2687 3516 2741; x_wconf 80' lang='lat' dir='ltr'><strong>quae</strong></span> 
     </span>
    </p>
   </div>
   <div class='ocr_carea' id='block_1_84' title="bbox 1932 2758 3514 2829">
    <p class='ocr_par' dir='ltr' id='par_1_84' title="bbox 1932 2758 3514 2829">
     <span class='ocr_line' id='line_1_84' title="bbox 1932 2758 3514 2829; baseline 0.004 -19"><span class='ocrx_word' id='word_1_626' title='bbox 1932 2758 2028 2813; x_wconf 85' lang='lat' dir='ltr'><strong>tibi</strong></span> <span class='ocrx_word' id='word_1_627' title='bbox 2063 2759 2280 2829; x_wconf 86' lang='lat' dir='ltr'><strong>propria</strong></span> <span class='ocrx_word' id='word_1_628' title='bbox 2317 2769 2437 2814; x_wconf 90' lang='lat' dir='ltr'><strong>est:</strong></span> <span class='ocrx_word' id='word_1_629' title='bbox 2476 2776 2546 2814; x_wconf 88' lang='lat' dir='ltr'><strong>ne</strong></span> <span class='ocrx_word' id='word_1_630' title='bbox 2578 2759 2747 2820; x_wconf 86' lang='lat' dir='ltr'><strong>verbo</strong></span> <span class='ocrx_word' id='word_1_631' title='bbox 2803 2759 3117 2817; x_wconf 89' lang='lat' dir='ltr'><strong>Salomonis</strong></span> <span class='ocrx_word' id='word_1_632' title='bbox 3153 2762 3295 2818; x_wconf 88' lang='lat' dir='ltr'><strong>male</strong></span> <span class='ocrx_word' id='word_1_633' title='bbox 3354 2763 3514 2820; x_wconf 80' lang='lat' dir='ltr'><strong>intel-</strong></span> 
     </span>
    </p>
   </div>
   <div class='ocr_carea' id='block_1_85' title="bbox 1933 2850 3514 2927">
    <p class='ocr_par' dir='ltr' id='par_1_85' title="bbox 1933 2850 3514 2927">
     <span class='ocr_line' id='line_1_85' title="bbox 1933 2850 3514 2927; baseline 0.004 -24"><span class='ocrx_word' id='word_1_634' title='bbox 1933 2852 2108 2906; x_wconf 85' lang='lat' dir='ltr'><strong>lecto:</strong></span> <span class='ocrx_word' id='word_1_635' title='bbox 2134 2869 2151 2902; x_wconf 83' lang='grc' dir='ltr'><strong>ι</strong></span> <span class='ocrx_word' id='word_1_636' title='bbox 2176 2850 2375 2905; x_wconf 84' lang='lat' dir='ltr'><strong>Fontes</strong></span> <span class='ocrx_word' id='word_1_637' title='bbox 2399 2866 2551 2920; x_wconf 67' lang='lat' dir='ltr'><strong>aquae</strong></span> <span class='ocrx_word' id='word_1_638' title='bbox 2572 2851 2772 2908; x_wconf 86' lang='lat' dir='ltr'><strong>habeto</strong></span> <span class='ocrx_word' id='word_1_639' title='bbox 2793 2851 2998 2917; x_wconf 66' lang='lat' dir='ltr'><strong>solus,»</strong></span> <span class='ocrx_word' id='word_1_640' title='bbox 3019 2853 3235 2927; x_wconf 84' lang='lat' dir='ltr'><strong>cogites</strong></span> <span class='ocrx_word' id='word_1_641' title='bbox 3253 2869 3377 2922; x_wconf 75' lang='lat' dir='ltr'><strong>qua:</strong></span> <span class='ocrx_word' id='word_1_642' title='bbox 3394 2865 3514 2922; x_wconf 86' lang='lat' dir='ltr'><strong>post</strong></span> 
     </span>
    </p>
   </div>
   <div class='ocr_carea' id='block_1_86' title="bbox 1931 2939 3514 3012">
    <p class='ocr_par' dir='ltr' id='par_1_86' title="bbox 1931 2939 3514 3012">
     <span class='ocr_line' id='line_1_86' title="bbox 1931 2939 3514 3012; baseline 0.003 -18"><span class='ocrx_word' id='word_1_643' title='bbox 1931 2951 2215 2996; x_wconf 81' lang='lat' dir='ltr'><strong>tonsuram</strong></span> <span class='ocrx_word' id='word_1_644' title='bbox 2238 2939 2600 3010; x_wconf 86' lang='lat' dir='ltr'><strong>undecunque</strong></span> <span class='ocrx_word' id='word_1_645' title='bbox 2638 2943 2704 2994; x_wconf 87' lang='lat' dir='ltr'><strong>ad</strong></span> <span class='ocrx_word' id='word_1_646' title='bbox 2725 2951 2776 2995; x_wconf 90' lang='lat' dir='ltr'><strong>te</strong></span> <span class='ocrx_word' id='word_1_647' title='bbox 2798 2941 3070 3006; x_wconf 84' lang='lat' dir='ltr'><strong>venerint,</strong></span> <span class='ocrx_word' id='word_1_648' title='bbox 3093 2941 3366 3012; x_wconf 88' lang='lat' dir='ltr'><strong>privatum</strong></span> <span class='ocrx_word' id='word_1_649' title='bbox 3388 2958 3514 3012; x_wconf 81' lang='lat' dir='ltr'><strong>pos-</strong></span> 
     </span>
    </p>
   </div>
   <div class='ocr_carea' id='block_1_87' title="bbox 1931 3034 3515 3107">
    <p class='ocr_par' dir='ltr' id='par_1_87' title="bbox 1931 3034 3515 3107">
     <span class='ocr_line' id='line_1_87' title="bbox 1931 3034 3515 3107; baseline 0.003 -21"><span class='ocrx_word' id='word_1_650' title='bbox 1931 3034 2257 3100; x_wconf 86' lang='lat' dir='ltr'><strong>sidere;sed</strong></span> <span class='ocrx_word' id='word_1_651' title='bbox 2294 3043 2353 3088; x_wconf 91' lang='lat' dir='ltr'><strong>ut</strong></span> <span class='ocrx_word' id='word_1_652' title='bbox 2402 3034 2492 3088; x_wconf 88' lang='lat' dir='ltr'><strong>illa</strong></span> <span class='ocrx_word' id='word_1_653' title='bbox 2528 3049 2634 3102; x_wconf 80' lang='lat' dir='ltr'><strong>qua</strong></span> <span class='ocrx_word' id='word_1_654' title='bbox 2681 3050 2778 3104; x_wconf 89' lang='lat' dir='ltr'><strong>par</strong></span> <span class='ocrx_word' id='word_1_655' title='bbox 2815 3034 3164 3107; x_wconf 83' lang='lat' dir='ltr'><strong>eritrefcras,</strong></span> <span class='ocrx_word' id='word_1_656' title='bbox 3185 3045 3240 3089; x_wconf 89' lang='lat' dir='ltr'><strong>ut</strong></span> <span class='ocrx_word' id='word_1_657' title='bbox 3259 3036 3515 3104; x_wconf 71' lang='lat' dir='ltr'><strong>pt‘azlatus</strong></span> 
     </span>
    </p>
   </div>
   <div class='ocr_carea' id='block_1_88' title="bbox 1931 3124 3513 3194">
    <p class='ocr_par' dir='ltr' id='par_1_88' title="bbox 1931 3124 3513 3194">
     <span class='ocr_line' id='line_1_88' title="bbox 1931 3124 3513 3194; baseline 0.003 -18"><span class='ocrx_word' id='word_1_658' title='bbox 1931 3124 2312 3178; x_wconf 85' lang='lat' dir='ltr'><strong>communitati</strong></span> <span class='ocrx_word' id='word_1_659' title='bbox 2341 3139 2406 3178; x_wconf 88' lang='lat' dir='ltr'><strong>ea</strong></span> <span class='ocrx_word' id='word_1_660' title='bbox 2424 3125 2768 3194; x_wconf 81' lang='lat' dir='ltr'><strong>receptacula</strong></span> <span class='ocrx_word' id='word_1_661' title='bbox 2795 3125 3118 3180; x_wconf 80' lang='lat' dir='ltr'><strong>monasterii</strong></span> <span class='ocrx_word' id='word_1_662' title='bbox 3154 3142 3424 3191; x_wconf 83' lang='lat' dir='ltr'><strong>reserves,</strong></span> <span class='ocrx_word' id='word_1_663' title='bbox 3454 3127 3513 3181; x_wconf 82' lang='lat' dir='ltr'><strong>iu</strong></span> 
     </span>
    </p>
   </div>
   <div class='ocr_carea' id='block_1_89' title="bbox 1933 3215 3509 3286">
    <p class='ocr_par' dir='ltr' id='par_1_89' title="bbox 1933 3215 3509 3286">
     <span class='ocr_line' id='line_1_89' title="bbox 1933 3215 3509 3286; baseline 0.003 -18"><span class='ocrx_word' id='word_1_664' title='bbox 1933 3215 2210 3270; x_wconf 77' lang='lat' dir='ltr'><strong>fortunam</strong></span> <span class='ocrx_word' id='word_1_665' title='bbox 2255 3215 2500 3269; x_wconf 91' lang='lat' dir='ltr'><strong>omnium</strong></span> <span class='ocrx_word' id='word_1_666' title='bbox 2545 3215 2961 3280; x_wconf 89' lang='lat' dir='ltr'><strong>concurrentia,</strong></span> <span class='ocrx_word' id='word_1_667' title='bbox 2997 3224 3052 3270; x_wconf 90' lang='lat' dir='ltr'><strong>et</strong></span> <span class='ocrx_word' id='word_1_668' title='bbox 3081 3217 3385 3286; x_wconf 84' lang='lat' dir='ltr'><strong>subjectus,</strong></span> <span class='ocrx_word' id='word_1_669' title='bbox 3413 3234 3509 3273; x_wconf 88' lang='lat' dir='ltr'><strong>seu</strong></span> 
     </span>
    </p>
   </div>
   <div class='ocr_carea' id='block_1_90' title="bbox 1933 3305 3512 3378">
    <p class='ocr_par' dir='ltr' id='par_1_90' title="bbox 1933 3305 3512 3378">
     <span class='ocr_line' id='line_1_90' title="bbox 1933 3305 3512 3378; baseline 0.001 -18"><span class='ocrx_word' id='word_1_670' title='bbox 1933 3308 1985 3361; x_wconf 89' lang='lat' dir='ltr'><strong>in</strong></span> <span class='ocrx_word' id='word_1_671' title='bbox 2016 3308 2179 3361; x_wconf 78' lang='lat' dir='ltr'><strong>ferias</strong></span> <span class='ocrx_word' id='word_1_672' title='bbox 2197 3305 2261 3360; x_wconf 88' lang='lat' dir='ltr'><strong>ad</strong></span> <span class='ocrx_word' id='word_1_673' title='bbox 2287 3308 2572 3376; x_wconf 80' lang='lat' dir='ltr'><strong>praelatum</strong></span> <span class='ocrx_word' id='word_1_674' title='bbox 2591 3305 2808 3372; x_wconf 65' lang='lat' dir='ltr'><strong>afferas,</strong></span> <span class='ocrx_word' id='word_1_675' title='bbox 2835 3315 2896 3360; x_wconf 89' lang='lat' dir='ltr'><strong>ut</strong></span> <span class='ocrx_word' id='word_1_676' title='bbox 2916 3307 3006 3361; x_wconf 91' lang='lat' dir='ltr'><strong>hic</strong></span> <span class='ocrx_word' id='word_1_677' title='bbox 3024 3309 3324 3362; x_wconf 87' lang='lat' dir='ltr'><strong>secundum</strong></span> <span class='ocrx_word' id='word_1_678' title='bbox 3351 3325 3512 3378; x_wconf 79' lang='lat' dir='ltr'><strong>regu—</strong></span> 
     </span>
    </p>
   </div>
   <div class='ocr_carea' id='block_1_91' title="bbox 1937 3376 3512 3474">
    <p class='ocr_par' dir='ltr' id='par_1_91' title="bbox 1937 3376 3512 3474">
     <span class='ocr_line' id='line_1_91' title="bbox 1937 3376 3512 3474; baseline 0.003 -23"><span class='ocrx_word' id='word_1_679' title='bbox 1937 3376 2043 3452; x_wconf 81' lang='lat' dir='ltr'><strong>lam</strong></span> <span class='ocrx_word' id='word_1_680' title='bbox 2076 3408 2220 3467; x_wconf 73' lang='lat' dir='ltr'><strong>agat,</strong></span> <span class='ocrx_word' id='word_1_681' title='bbox 2261 3409 2310 3452; x_wconf 87' lang='lat' dir='ltr'><strong>et</strong></span> <span class='ocrx_word' id='word_1_682' title='bbox 2355 3410 2445 3453; x_wconf 89' lang='lat' dir='ltr'><strong>tua</strong></span> <span class='ocrx_word' id='word_1_683' title='bbox 2471 3398 2710 3474; x_wconf 79' lang='lat' dir='ltr'><strong>dignitas</strong></span> <span class='ocrx_word' id='word_1_684' title='bbox 2742 3396 2960 3453; x_wconf 79' lang='lat' dir='ltr'><strong>divitias</strong></span> <span class='ocrx_word' id='word_1_685' title='bbox 2991 3413 3058 3452; x_wconf 74' lang='lat' dir='ltr'><strong>ex</strong></span> <span class='ocrx_word' id='word_1_686' title='bbox 3098 3401 3512 3469; x_wconf 83' lang='lat' dir='ltr'><strong>comparatione</strong></span> 
     </span>
    </p>
   </div>
   <div class='ocr_carea' id='block_1_92' title="bbox 1935 3489 3504 3556">
    <p class='ocr_par' dir='ltr' id='par_1_92' title="bbox 1935 3489 3504 3556">
     <span class='ocr_line' id='line_1_92' title="bbox 1935 3489 3504 3556; baseline 0.002 -13"><span class='ocrx_word' id='word_1_687' title='bbox 1935 3505 2096 3555; x_wconf 76' lang='lat' dir='ltr'><strong>nava,</strong></span> <span class='ocrx_word' id='word_1_688' title='bbox 2132 3499 2192 3544; x_wconf 88' lang='lat' dir='ltr'><strong>ut</strong></span> <span class='ocrx_word' id='word_1_689' title='bbox 2223 3491 2425 3545; x_wconf 86' lang='lat' dir='ltr'><strong>dictum</strong></span> <span class='ocrx_word' id='word_1_690' title='bbox 2450 3498 2556 3556; x_wconf 91' lang='lat' dir='ltr'><strong>est,</strong></span> <span class='ocrx_word' id='word_1_691' title='bbox 2588 3501 2647 3543; x_wconf 90' lang='lat' dir='ltr'><strong>ut</strong></span> <span class='ocrx_word' id='word_1_692' title='bbox 2677 3489 2996 3546; x_wconf 82' lang='lat' dir='ltr'><strong>indecorum</strong></span> <span class='ocrx_word' id='word_1_693' title='bbox 3052 3502 3220 3554; x_wconf 87' lang='lat' dir='ltr'><strong>esset,</strong></span> <span class='ocrx_word' id='word_1_694' title='bbox 3253 3493 3456 3547; x_wconf 86' lang='lat' dir='ltr'><strong>devitet</strong></span> <span class='ocrx_word' id='word_1_695' title='bbox 3490 3511 3504 3546; x_wconf 91' lang='lat'>:</span> 
     </span>
    </p>
   </div>
   <div class='ocr_carea' id='block_1_93' title="bbox 1933 3583 3508 3654">
    <p class='ocr_par' dir='ltr' id='par_1_93' title="bbox 1933 3583 3508 3654">
     <span class='ocr_line' id='line_1_93' title="bbox 1933 3583 3508 3654; baseline 0.001 -18"><span class='ocrx_word' id='word_1_696' title='bbox 1933 3594 2216 3654; x_wconf 84' lang='lat' dir='ltr'><strong>propterea</strong></span> <span class='ocrx_word' id='word_1_697' title='bbox 2249 3583 2536 3638; x_wconf 81' lang='lat' dir='ltr'><strong>monachis</strong></span> <span class='ocrx_word' id='word_1_698' title='bbox 2567 3599 2632 3637; x_wconf 90' lang='lat' dir='ltr'><strong>ne</strong></span> <span class='ocrx_word' id='word_1_699' title='bbox 2663 3584 3014 3653; x_wconf 80' lang='lat' dir='ltr'><strong>acquirerem</strong></span> <span class='ocrx_word' id='word_1_700' title='bbox 3060 3593 3113 3638; x_wconf 86' lang='lat' dir='ltr'><strong>ct</strong></span> <span class='ocrx_word' id='word_1_701' title='bbox 3142 3585 3508 3650; x_wconf 76' lang='lat' dir='ltr'><strong>cumularent,</strong></span> 
     </span>
    </p>
   </div>
   <div class='ocr_carea' id='block_1_94' title="bbox 1934 3674 3508 3744">
    <p class='ocr_par' dir='ltr' id='par_1_94' title="bbox 1934 3674 3508 3744">
     <span class='ocr_line' id='line_1_94' title="bbox 1934 3674 3508 3744; baseline 0.003 -18"><span class='ocrx_word' id='word_1_702' title='bbox 1934 3689 2041 3728; x_wconf 88' lang='lat' dir='ltr'><strong>non</strong></span> <span class='ocrx_word' id='word_1_703' title='bbox 2083 3675 2204 3728; x_wconf 89' lang='lat' dir='ltr'><strong>sine</strong></span> <span class='ocrx_word' id='word_1_704' title='bbox 2240 3674 2547 3737; x_wconf 84' lang='lat' dir='ltr'><strong>reticentia,</strong></span> <span class='ocrx_word' id='word_1_705' title='bbox 2579 3674 2913 3744; x_wconf 84' lang='lat' dir='ltr'><strong>prohibitum</strong></span> <span class='ocrx_word' id='word_1_706' title='bbox 2950 3675 3086 3742; x_wconf 82' lang='lat' dir='ltr'><strong>fuit;</strong></span> <span class='ocrx_word' id='word_1_707' title='bbox 3128 3685 3182 3730; x_wconf 87' lang='lat' dir='ltr'><strong>et</strong></span> <span class='ocrx_word' id='word_1_708' title='bbox 3220 3677 3304 3734; x_wconf 87' lang='lat' dir='ltr'><strong>sic</strong></span> <span class='ocrx_word' id='word_1_709' title='bbox 3337 3679 3508 3730; x_wconf 88' lang='lat' dir='ltr'><strong>multa</strong></span> 
     </span>
    </p>
   </div>
   <div class='ocr_carea' id='block_1_95' title="bbox 1931 3762 3511 3835">
    <p class='ocr_par' dir='ltr' id='par_1_95' title="bbox 1931 3762 3511 3835">
     <span class='ocr_line' id='line_1_95' title="bbox 1931 3762 3511 3835; baseline 0.004 -19"><span class='ocrx_word' id='word_1_710' title='bbox 1931 3762 2071 3816; x_wconf 87' lang='lat' dir='ltr'><strong>m‘ala</strong></span> <span class='ocrx_word' id='word_1_711' title='bbox 2106 3764 2444 3833; x_wconf 87' lang='lat' dir='ltr'><strong>paupertatis</strong></span> <span class='ocrx_word' id='word_1_712' title='bbox 2497 3764 2746 3834; x_wconf 68' lang='lat' dir='ltr'><strong>cﬂ‘ugies.</strong></span> <span class='ocrx_word' id='word_1_713' title='bbox 2778 3763 3057 3835; x_wconf 77' lang='lat' dir='ltr'><strong>Multiplex</strong></span> <span class='ocrx_word' id='word_1_714' title='bbox 3088 3766 3234 3820; x_wconf 88' lang='lat' dir='ltr'><strong>enim</strong></span> <span class='ocrx_word' id='word_1_715' title='bbox 3290 3768 3511 3822; x_wconf 86' lang='lat' dir='ltr'><strong>miseria</strong></span> 
     </span>
    </p>
   </div>
   <div class='ocr_carea' id='block_1_96' title="bbox 1929 3853 3509 3926">
    <p class='ocr_par' dir='ltr' id='par_1_96' title="bbox 1929 3853 3509 3926">
     <span class='ocr_line' id='line_1_96' title="bbox 1929 3853 3509 3926; baseline 0.004 -19"><span class='ocrx_word' id='word_1_716' title='bbox 1929 3853 2265 3918; x_wconf 87' lang='lat' dir='ltr'><strong>divitiarum,</strong></span> <span class='ocrx_word' id='word_1_717' title='bbox 2315 3869 2451 3923; x_wconf 82' lang='lat' dir='ltr'><strong>quas</strong></span> <span class='ocrx_word' id='word_1_718' title='bbox 2477 3857 2775 3911; x_wconf 81' lang='lat' dir='ltr'><strong>comitatur</strong></span> <span class='ocrx_word' id='word_1_719' title='bbox 2805 3856 3030 3926; x_wconf 78' lang='lat' dir='ltr'><strong>invidia,</strong></span> <span class='ocrx_word' id='word_1_720' title='bbox 3057 3858 3209 3922; x_wconf 69' lang='grc' dir='ltr'>νῖκαι,</span> <span class='ocrx_word' id='word_1_721' title='bbox 3229 3859 3509 3921; x_wconf 75' lang='lat' dir='ltr'><strong>confusio,</strong></span> 
     </span>
    </p>
   </div>
   <div class='ocr_carea' id='block_1_97' title="bbox 1925 3946 3513 4020">
    <p class='ocr_par' dir='ltr' id='par_1_97' title="bbox 1925 3946 3513 4020">
     <span class='ocr_line' id='line_1_97' title="bbox 1925 3946 3513 4020; baseline 0.004 -20"><span class='ocrx_word' id='word_1_722' title='bbox 1925 3946 2216 4015; x_wconf 85' lang='lat' dir='ltr'><strong>jactantia,</strong></span> <span class='ocrx_word' id='word_1_723' title='bbox 2259 3947 2511 4016; x_wconf 85' lang='lat' dir='ltr'><strong>voluptas</strong></span> <span class='ocrx_word' id='word_1_724' title='bbox 2577 3963 2713 4002; x_wconf 86' lang='lat' dir='ltr'><strong>vana</strong></span> <span class='ocrx_word' id='word_1_725' title='bbox 2769 3949 3074 4017; x_wconf 84' lang='lat' dir='ltr'><strong>similisque</strong></span> <span class='ocrx_word' id='word_1_726' title='bbox 3133 3949 3338 4020; x_wconf 81' lang='lat' dir='ltr'><strong>gloria,</strong></span> <span class='ocrx_word' id='word_1_727' title='bbox 3373 3969 3513 4019; x_wconf 86' lang='lat' dir='ltr'><strong>quo-</strong></span> 
     </span>
    </p>
   </div>
   <div class='ocr_carea' id='block_1_98' title="bbox 1930 4039 3512 4106">
    <p class='ocr_par' dir='ltr' id='par_1_98' title="bbox 1930 4039 3512 4106">
     <span class='ocr_line' id='line_1_98' title="bbox 1930 4039 3512 4106; baseline 0.003 -16"><span class='ocrx_word' id='word_1_728' title='bbox 1930 4053 2049 4090; x_wconf 89' lang='lat' dir='ltr'><strong>rum</strong></span> <span class='ocrx_word' id='word_1_729' title='bbox 2081 4039 2323 4090; x_wconf 85' lang='lat' dir='ltr'><strong>omnium</strong></span> <span class='ocrx_word' id='word_1_730' title='bbox 2342 4053 2533 4106; x_wconf 82' lang='lat' dir='ltr'><strong>expers</strong></span> <span class='ocrx_word' id='word_1_731' title='bbox 2551 4049 2636 4092; x_wconf 86' lang='lat' dir='ltr'><strong>est</strong></span> <span class='ocrx_word' id='word_1_732' title='bbox 2657 4053 2816 4093; x_wconf 89' lang='lat' dir='ltr'><strong>verus</strong></span> <span class='ocrx_word' id='word_1_733' title='bbox 2858 4040 3181 4104; x_wconf 86' lang='lat' dir='ltr'><strong>monachus,</strong></span> <span class='ocrx_word' id='word_1_734' title='bbox 3204 4048 3261 4093; x_wconf 91' lang='lat' dir='ltr'><strong>ut</strong></span> <span class='ocrx_word' id='word_1_735' title='bbox 3280 4052 3512 4095; x_wconf 77' lang='lat' dir='ltr'><strong>secretae</strong></span> 
     </span>
    </p>
   </div>
   <div class='ocr_carea' id='block_1_99' title="bbox 1931 4127 3509 4197">
    <p class='ocr_par' dir='ltr' id='par_1_99' title="bbox 1931 4127 3509 4197">
     <span class='ocr_line' id='line_1_99' title="bbox 1931 4127 3509 4197; baseline 0 -17"><span class='ocrx_word' id='word_1_736' title='bbox 1931 4127 2396 4192; x_wconf 72' lang='lat' dir='ltr'><strong>manducatinnis,</strong></span> <span class='ocrx_word' id='word_1_737' title='bbox 2425 4129 2492 4181; x_wconf 87' lang='lat' dir='ltr'><strong>de</strong></span> <span class='ocrx_word' id='word_1_738' title='bbox 2513 4141 2621 4196; x_wconf 89' lang='lat' dir='ltr'><strong>qua</strong></span> <span class='ocrx_word' id='word_1_739' title='bbox 2651 4143 2756 4181; x_wconf 89' lang='lat' dir='ltr'><strong>non</strong></span> <span class='ocrx_word' id='word_1_740' title='bbox 2782 4127 3032 4181; x_wconf 88' lang='lat' dir='ltr'><strong>accusari</strong></span> <span class='ocrx_word' id='word_1_741' title='bbox 3063 4143 3168 4181; x_wconf 86' lang='lat' dir='ltr'><strong>non</strong></span> <span class='ocrx_word' id='word_1_742' title='bbox 3193 4139 3374 4194; x_wconf 82' lang='lat' dir='ltr'><strong>potest</strong></span> <span class='ocrx_word' id='word_1_743' title='bbox 3410 4131 3509 4197; x_wconf 87' lang='lat' dir='ltr'><strong>qui</strong></span> 
     </span>
    </p>
   </div>
   <div class='ocr_carea' id='block_1_100' title="bbox 1928 4215 3510 4286">
    <p class='ocr_par' dir='ltr' id='par_1_100' title="bbox 1928 4215 3510 4286">
     <span class='ocr_line' id='line_1_100' title="bbox 1928 4215 3510 4286; baseline 0.001 -17"><span class='ocrx_word' id='word_1_744' title='bbox 1928 4232 2062 4286; x_wconf 91' lang='lat' dir='ltr'><strong>opes</strong></span> <span class='ocrx_word' id='word_1_745' title='bbox 2093 4217 2333 4286; x_wconf 87' lang='lat' dir='ltr'><strong>privatas</strong></span> <span class='ocrx_word' id='word_1_746' title='bbox 2364 4215 2680 4285; x_wconf 82' lang='lat' dir='ltr'><strong>acquisivit.</strong></span> <span class='ocrx_word' id='word_1_747' title='bbox 2735 4215 2834 4280; x_wconf 83' lang='lat' dir='ltr'><strong>Qui</strong></span> <span class='ocrx_word' id='word_1_748' title='bbox 2869 4217 3013 4269; x_wconf 90' lang='lat' dir='ltr'><strong>enim</strong></span> <span class='ocrx_word' id='word_1_749' title='bbox 3047 4216 3114 4269; x_wconf 90' lang='lat' dir='ltr'><strong>de</strong></span> <span class='ocrx_word' id='word_1_750' title='bbox 3147 4218 3341 4286; x_wconf 87' lang='lat' dir='ltr'><strong>majori</strong></span> <span class='ocrx_word' id='word_1_751' title='bbox 3380 4234 3510 4273; x_wconf 77' lang='lat' dir='ltr'><strong>con-</strong></span> 
     </span>
    </p>
   </div>
   <div class='ocr_carea' id='block_1_101' title="bbox 1925 4307 3508 4376">
    <p class='ocr_par' dir='ltr' id='par_1_101' title="bbox 1925 4307 3508 4376">
     <span class='ocr_line' id='line_1_101' title="bbox 1925 4307 3508 4376; baseline -0.001 -14"><span class='ocrx_word' id='word_1_752' title='bbox 1925 4308 2167 4362; x_wconf 88' lang='lat' dir='ltr'><strong>vincitur</strong></span> <span class='ocrx_word' id='word_1_753' title='bbox 2213 4308 2281 4362; x_wconf 92' lang='lat' dir='ltr'><strong>de</strong></span> <span class='ocrx_word' id='word_1_754' title='bbox 2340 4307 2646 4360; x_wconf 88' lang='lat' dir='ltr'><strong>minoribus</strong></span> <span class='ocrx_word' id='word_1_755' title='bbox 2703 4307 2756 4361; x_wconf 92' lang='lat' dir='ltr'><strong>in</strong></span> <span class='ocrx_word' id='word_1_756' title='bbox 2807 4307 3184 4376; x_wconf 87' lang='lat' dir='ltr'><strong>suspicionem</strong></span> <span class='ocrx_word' id='word_1_757' title='bbox 3235 4323 3342 4360; x_wconf 90' lang='lat' dir='ltr'><strong>non</strong></span> <span class='ocrx_word' id='word_1_758' title='bbox 3389 4324 3508 4361; x_wconf 89' lang='lat' dir='ltr'><strong>mo-</strong></span> 
     </span>
    </p>
   </div>
   <div class='ocr_carea' id='block_1_102' title="bbox 1923 4397 3506 4469">
    <p class='ocr_par' dir='ltr' id='par_1_102' title="bbox 1923 4397 3506 4469">
     <span class='ocr_line' id='line_1_102' title="bbox 1923 4397 3506 4469; baseline -0.002 -15"><span class='ocrx_word' id='word_1_759' title='bbox 1923 4400 2102 4455; x_wconf 87' lang='lat' dir='ltr'><strong>dicam</strong></span> <span class='ocrx_word' id='word_1_760' title='bbox 2149 4400 2364 4464; x_wconf 89' lang='lat' dir='ltr'><strong>incidit,</strong></span> <span class='ocrx_word' id='word_1_761' title='bbox 2415 4407 2471 4453; x_wconf 92' lang='lat' dir='ltr'><strong>et</strong></span> <span class='ocrx_word' id='word_1_762' title='bbox 2503 4397 2785 4466; x_wconf 76' lang='lat' dir='ltr'><strong>illegitime</strong></span> <span class='ocrx_word' id='word_1_763' title='bbox 2809 4398 3050 4452; x_wconf 87' lang='lat' dir='ltr'><strong>divitiari</strong></span> <span class='ocrx_word' id='word_1_764' title='bbox 3081 4397 3204 4467; x_wconf 89' lang='lat' dir='ltr'><strong>plus</strong></span> <span class='ocrx_word' id='word_1_765' title='bbox 3227 4407 3312 4454; x_wconf 88' lang='lat' dir='ltr'><strong>est</strong></span> <span class='ocrx_word' id='word_1_766' title='bbox 3333 4414 3506 4469; x_wconf 82' lang='lat' dir='ltr'><strong>quam</strong></span> 
     </span>
    </p>
   </div>
   <div class='ocr_carea' id='block_1_103' title="bbox 1921 4491 3507 4561">
    <p class='ocr_par' dir='ltr' id='par_1_103' title="bbox 1921 4491 3507 4561">
     <span class='ocr_line' id='line_1_103' title="bbox 1921 4491 3507 4561; baseline -0.001 -15"><span class='ocrx_word' id='word_1_767' title='bbox 1921 4501 2134 4548; x_wconf 81' lang='lat' dir='ltr'><strong>secreto</strong></span> <span class='ocrx_word' id='word_1_768' title='bbox 2157 4492 2508 4546; x_wconf 83' lang='lat' dir='ltr'><strong>manducare.</strong></span> <span class='ocrx_word' id='word_1_769' title='bbox 2526 4491 2730 4546; x_wconf 90' lang='lat' dir='ltr'><strong>Deinde</strong></span> <span class='ocrx_word' id='word_1_770' title='bbox 2749 4491 3053 4546; x_wconf 88' lang='lat' dir='ltr'><strong>monachus</strong></span> <span class='ocrx_word' id='word_1_771' title='bbox 3071 4491 3164 4561; x_wconf 91' lang='lat' dir='ltr'><strong>qui</strong></span> <span class='ocrx_word' id='word_1_772' title='bbox 3184 4491 3249 4547; x_wconf 89' lang='lat' dir='ltr'><strong>ad</strong></span> <span class='ocrx_word' id='word_1_773' title='bbox 3271 4491 3507 4548; x_wconf 84' lang='lat' dir='ltr'><strong>mandu-</strong></span> 
     </span>
    </p>
   </div>
   <div class='ocr_carea' id='block_1_104' title="bbox 1920 4583 3507 4654">
    <p class='ocr_par' dir='ltr' id='par_1_104' title="bbox 1920 4583 3507 4654">
     <span class='ocr_line' id='line_1_104' title="bbox 1920 4583 3507 4654; baseline -0.003 -16"><span class='ocrx_word' id='word_1_774' title='bbox 1920 4586 2150 4638; x_wconf 85' lang='lat' dir='ltr'><strong>candum</strong></span> <span class='ocrx_word' id='word_1_775' title='bbox 2185 4583 2416 4654; x_wconf 79' lang='lat' dir='ltr'><strong>colligit,</strong></span> <span class='ocrx_word' id='word_1_776' title='bbox 2441 4598 2568 4638; x_wconf 84' lang='lat' dir='ltr'><strong>mox</strong></span> <span class='ocrx_word' id='word_1_777' title='bbox 2605 4585 2673 4639; x_wconf 82' lang='lat' dir='ltr'><strong>ad</strong></span> <span class='ocrx_word' id='word_1_778' title='bbox 2705 4585 3035 4654; x_wconf 78' lang='lat' dir='ltr'><strong>voluptatein</strong></span> <span class='ocrx_word' id='word_1_779' title='bbox 3066 4583 3272 4653; x_wconf 86' lang='lat' dir='ltr'><strong>aliquid</strong></span> <span class='ocrx_word' id='word_1_780' title='bbox 3287 4583 3507 4639; x_wconf 69' lang='lat' dir='ltr'><strong>‘addct:</strong></span> 
     </span>
    </p>
   </div>
   <div class='ocr_carea' id='block_1_105' title="bbox 1477 4674 1827 4756">
    <p class='ocr_par' dir='ltr' id='par_1_105' title="bbox 1477 4685 1827 4756">
     <span class='ocr_line' id='line_1_105' title="bbox 1477 4685 1827 4756; baseline 0.014 -21"><span class='ocrx_word' id='word_1_781' title='bbox 1477 4685 1827 4756; x_wconf 84' lang='grc' dir='ltr'>ἁλισκόμενος</span> 
     </span>
    </p>
   </div>
   <div class='ocr_carea' id='block_1_106' title="bbox 1930 4674 3509 4756">
    <p class='ocr_par' dir='ltr' id='par_1_106' title="bbox 1941 4674 3509 4743">
     <span class='ocr_line' id='line_1_106' title="bbox 1941 4674 3509 4743; baseline 0.002 -16"><span class='ocrx_word' id='word_1_782' title='bbox 1941 4674 2219 4729; x_wconf 78' lang='lat' dir='ltr'><strong>fruitionis</strong></span> <span class='ocrx_word' id='word_1_783' title='bbox 2255 4674 2400 4727; x_wconf 87' lang='lat' dir='ltr'><strong>enim</strong></span> <span class='ocrx_word' id='word_1_784' title='bbox 2428 4690 2555 4741; x_wconf 88' lang='lat' dir='ltr'><strong>pars</strong></span> <span class='ocrx_word' id='word_1_785' title='bbox 2601 4690 2710 4728; x_wconf 89' lang='lat' dir='ltr'><strong>non</strong></span> <span class='ocrx_word' id='word_1_786' title='bbox 2741 4675 2964 4728; x_wconf 90' lang='lat' dir='ltr'><strong>minima</strong></span> <span class='ocrx_word' id='word_1_787' title='bbox 3010 4675 3155 4743; x_wconf 86' lang='lat' dir='ltr'><strong>apud</strong></span> <span class='ocrx_word' id='word_1_788' title='bbox 3194 4675 3509 4732; x_wconf 81' lang='lat' dir='ltr'><strong>mundanas</strong></span> 
     </span>
    </p>
   </div>
   <div class='ocr_carea' id='block_1_107' title="bbox 1919 4765 3524 4834">
    <p class='ocr_par' dir='ltr' id='par_1_107' title="bbox 1919 4765 3524 4834">
     <span class='ocr_line' id='line_1_107' title="bbox 1919 4765 3524 4834; baseline 0.001 -12"><span class='ocrx_word' id='word_1_789' title='bbox 1919 4776 2003 4822; x_wconf 86' lang='lat' dir='ltr'><strong>est</strong></span> <span class='ocrx_word' id='word_1_790' title='bbox 2029 4765 2294 4820; x_wconf 90' lang='lat' dir='ltr'><strong>comestio</strong></span> <span class='ocrx_word' id='word_1_791' title='bbox 2324 4781 2338 4830; x_wconf 91' lang='lat'><strong>;</strong></span> <span class='ocrx_word' id='word_1_792' title='bbox 2364 4765 2506 4834; x_wconf 88' lang='lat' dir='ltr'><strong>apud</strong></span> <span class='ocrx_word' id='word_1_793' title='bbox 2541 4765 2839 4819; x_wconf 83' lang='lat' dir='ltr'><strong>monachos</strong></span> <span class='ocrx_word' id='word_1_794' title='bbox 2857 4773 3039 4820; x_wconf 85' lang='lat' dir='ltr'><strong>autem</strong></span> <span class='ocrx_word' id='word_1_795' title='bbox 3079 4779 3190 4820; x_wconf 88' lang='lat' dir='ltr'><strong>non</strong></span> <span class='ocrx_word' id='word_1_796' title='bbox 3217 4766 3524 4832; x_wconf 51' lang='lat' dir='ltr'><strong>comestio,</strong></span> 
     </span>
    </p>
   </div>
   <div class='ocr_carea' id='block_1_108' title="bbox 1921 4855 3499 4926">
    <p class='ocr_par' dir='ltr' id='par_1_108' title="bbox 1921 4855 3499 4926">
     <span class='ocr_line' id='line_1_108' title="bbox 1921 4855 3499 4926; baseline 0.001 -14"><span class='ocrx_word' id='word_1_797' title='bbox 1921 4858 1990 4912; x_wconf 89' lang='lat' dir='ltr'><strong>ad</strong></span> <span class='ocrx_word' id='word_1_798' title='bbox 2018 4859 2350 4924; x_wconf 86' lang='lat' dir='ltr'><strong>loquendum</strong></span> <span class='ocrx_word' id='word_1_799' title='bbox 2381 4855 2725 4926; x_wconf 89' lang='lat' dir='ltr'><strong>disjunctim,</strong></span> <span class='ocrx_word' id='word_1_800' title='bbox 2749 4856 2841 4910; x_wconf 90' lang='lat' dir='ltr'><strong>sed</strong></span> <span class='ocrx_word' id='word_1_801' title='bbox 2876 4864 3090 4912; x_wconf 88' lang='lat' dir='ltr'><strong>secreta</strong></span> <span class='ocrx_word' id='word_1_802' title='bbox 3124 4856 3499 4924; x_wconf 83' lang='lat' dir='ltr'><strong>manducatio,</strong></span> 
     </span>
    </p>
   </div>
   <div class='ocr_carea' id='block_1_109' title="bbox 1919 4949 3507 5021">
    <p class='ocr_par' dir='ltr' id='par_1_109' title="bbox 1919 4949 3507 5021">
     <span class='ocr_line' id='line_1_109' title="bbox 1919 4949 3507 5021; baseline -0.001 -15"><span class='ocrx_word' id='word_1_803' title='bbox 1919 4967 2013 5006; x_wconf 89' lang='lat' dir='ltr'><strong>seu</strong></span> <span class='ocrx_word' id='word_1_804' title='bbox 2039 4951 2183 5021; x_wconf 86' lang='lat' dir='ltr'><strong>quod</strong></span> <span class='ocrx_word' id='word_1_805' title='bbox 2212 4949 2355 5004; x_wconf 87' lang='lat' dir='ltr'><strong>idem</strong></span> <span class='ocrx_word' id='word_1_806' title='bbox 2387 4959 2474 5004; x_wconf 87' lang='lat' dir='ltr'><strong>est</strong></span> <span class='ocrx_word' id='word_1_807' title='bbox 2513 4949 2832 5017; x_wconf 74' lang='lat' dir='ltr'><strong>voluptuose</strong></span> <span class='ocrx_word' id='word_1_808' title='bbox 2871 4950 3507 5020; x_wconf 49' lang='lat' dir='ltr'><strong>manducarehquemad-</strong></span> 
     </span>
    </p>
   </div>
   <div class='ocr_carea' id='block_1_110' title="bbox 1923 5028 3499 5111">
    <p class='ocr_par' dir='ltr' id='par_1_110' title="bbox 1923 5028 3499 5111">
     <span class='ocr_line' id='line_1_110' title="bbox 1923 5028 3499 5111; baseline -0.003 -12"><span class='ocrx_word' id='word_1_809' title='bbox 1923 5047 2141 5099; x_wconf 88' lang='lat' dir='ltr'><strong>modum</strong></span> <span class='ocrx_word' id='word_1_810' title='bbox 2164 5043 2373 5098; x_wconf 88' lang='lat' dir='ltr'><strong>dulcior</strong></span> <span class='ocrx_word' id='word_1_811' title='bbox 2395 5058 2518 5098; x_wconf 89' lang='lat' dir='ltr'><strong>esse</strong></span> <span class='ocrx_word' id='word_1_812' title='bbox 2534 5028 2899 5111; x_wconf 81' lang='lat' dir='ltr'><strong>dicitur&#39;aqua</strong></span> <span class='ocrx_word' id='word_1_813' title='bbox 2915 5041 3116 5097; x_wconf 76' lang='lat' dir='ltr'><strong>furata.</strong></span> <span class='ocrx_word' id='word_1_814' title='bbox 3145 5042 3306 5097; x_wconf 82' lang='lat' dir='ltr'><strong>Forte</strong></span> <span class='ocrx_word' id='word_1_815' title='bbox 3330 5056 3499 5096; x_wconf 89' lang='lat' dir='ltr'><strong>unum</strong></span> 
     </span>
    </p>
   </div>
   <div class='ocr_carea' id='block_1_111' title="bbox 1920 5132 3502 5204">
    <p class='ocr_par' dir='ltr' id='par_1_111' title="bbox 1920 5132 3502 5204">
     <span class='ocr_line' id='line_1_111' title="bbox 1920 5132 3502 5204; baseline -0.004 -15"><span class='ocrx_word' id='word_1_816' title='bbox 1920 5136 2121 5188; x_wconf 80' lang='lat' dir='ltr'><strong>bonum</strong></span> <span class='ocrx_word' id='word_1_817' title='bbox 2163 5134 2307 5204; x_wconf 86' lang='lat' dir='ltr'><strong>quod</strong></span> <span class='ocrx_word' id='word_1_818' title='bbox 2335 5135 2487 5189; x_wconf 83' lang='lat' dir='ltr'><strong>vovit</strong></span> <span class='ocrx_word' id='word_1_819' title='bbox 2531 5143 2755 5189; x_wconf 88' lang='lat' dir='ltr'><strong>sanctus</strong></span> <span class='ocrx_word' id='word_1_820' title='bbox 2798 5133 2886 5188; x_wconf 91' lang='lat' dir='ltr'><strong>hic</strong></span> <span class='ocrx_word' id='word_1_821' title='bbox 2915 5133 3220 5202; x_wconf 84' lang='lat' dir='ltr'><strong>negotiator</strong></span> <span class='ocrx_word' id='word_1_822' title='bbox 3248 5132 3300 5186; x_wconf 88' lang='lat' dir='ltr'><strong>i&#39;d</strong></span> <span class='ocrx_word' id='word_1_823' title='bbox 3331 5144 3502 5185; x_wconf 90' lang='lat' dir='ltr'><strong>unum</strong></span> 
     </span>
    </p>
   </div>
   <div class='ocr_carea' id='block_1_112' title="bbox 1923 5221 3496 5309">
    <p class='ocr_par' dir='ltr' id='par_1_112' title="bbox 1923 5221 3496 5309">
     <span class='ocr_line' id='line_1_112' title="bbox 1923 5221 3496 5309; baseline -0.004 -31"><span class='ocrx_word' id='word_1_824' title='bbox 1923 5226 2230 5278; x_wconf 86' lang='lat' dir='ltr'><strong>arbitratur</strong></span> <span class='ocrx_word' id='word_1_825' title='bbox 2291 5227 2535 5288; x_wconf 88' lang='lat' dir='ltr'><strong>habere,</strong></span> <span class='ocrx_word' id='word_1_826' title='bbox 2585 5241 2692 5280; x_wconf 89' lang='lat' dir='ltr'><strong>non</strong></span> <span class='ocrx_word' id='word_1_827' title='bbox 2764 5238 2885 5278; x_wconf 87' lang='lat' dir='ltr'><strong>esse</strong></span> <span class='ocrx_word' id='word_1_828' title='bbox 2946 5222 3169 5309; x_wconf 77' lang='lat' dir='ltr'><strong>omnino</strong></span> <span class='ocrx_word' id='word_1_829' title='bbox 3233 5221 3496 5275; x_wconf 86' lang='lat' dir='ltr'><strong>otiosum.</strong></span> 
     </span>
    </p>
   </div>
   <div class='ocr_carea' id='block_1_113' title="bbox 1922 5311 3500 5389">
    <p class='ocr_par' dir='ltr' id='par_1_113' title="bbox 1922 5311 3500 5389">
     <span class='ocr_line' id='line_1_113' title="bbox 1922 5311 3500 5389; baseline -0.005 -17"><span class='ocrx_word' id='word_1_830' title='bbox 1922 5318 2041 5389; x_wconf 87' lang='lat' dir='ltr'><strong>Ipse</strong></span> <span class='ocrx_word' id='word_1_831' title='bbox 2074 5319 2216 5372; x_wconf 91' lang='lat' dir='ltr'><strong>istud</strong></span> <span class='ocrx_word' id='word_1_832' title='bbox 2251 5333 2358 5372; x_wconf 88' lang='lat' dir='ltr'><strong>nou</strong></span> <span class='ocrx_word' id='word_1_833' title='bbox 2388 5318 2699 5386; x_wconf 75' lang='lat' dir='ltr'><strong>intelligens</strong></span> <span class='ocrx_word' id='word_1_834' title='bbox 2733 5336 2744 5371; x_wconf 94' lang='lat'>:</span> <span class='ocrx_word' id='word_1_835' title='bbox 2780 5334 2798 5366; x_wconf 82' lang='grc' dir='ltr'>ι</span> <span class='ocrx_word' id='word_1_836' title='bbox 2836 5314 3052 5368; x_wconf 86' lang='lat' dir='ltr'><strong>Nullum</strong></span> <span class='ocrx_word' id='word_1_837' title='bbox 3082 5326 3220 5380; x_wconf 89' lang='lat' dir='ltr'><strong>opus</strong></span> <span class='ocrx_word' id='word_1_838' title='bbox 3243 5311 3500 5365; x_wconf 86' lang='lat' dir='ltr'><strong>ruborem</strong></span> 
     </span>
    </p>
   </div>
   <div class='ocr_carea' id='block_1_114' title="bbox 1920 5399 3502 5482">
    <p class='ocr_par' dir='ltr' id='par_1_114' title="bbox 1920 5399 3502 5482">
     <span class='ocr_line' id='line_1_114' title="bbox 1920 5399 3502 5482; baseline -0.007 -17"><span class='ocrx_word' id='word_1_839' title='bbox 1920 5411 2118 5465; x_wconf 74' lang='lat' dir='ltr'><strong>addit“</strong></span> <span class='ocrx_word' id='word_1_840' title='bbox 2156 5429 2174 5462; x_wconf 73' lang='grc' dir='ltr'><strong>ι</strong></span> <span class='ocrx_word' id='word_1_841' title='bbox 2210 5411 2275 5464; x_wconf 87' lang='lat' dir='ltr'><strong>ad</strong></span> <span class='ocrx_word' id='word_1_842' title='bbox 2313 5425 2374 5465; x_wconf 88' lang='lat' dir='ltr'><strong>se</strong></span> <span class='ocrx_word' id='word_1_843' title='bbox 2410 5409 2824 5479; x_wconf 82' lang='lat' dir='ltr'><strong>justiticandutn</strong></span> <span class='ocrx_word' id='word_1_844' title='bbox 2881 5403 3090 5482; x_wconf 84' lang='lat' dir='ltr'><strong>nullum</strong></span> <span class='ocrx_word' id='word_1_845' title='bbox 3151 5415 3296 5469; x_wconf 82' lang='lat' dir='ltr'><strong>opus</strong></span> <span class='ocrx_word' id='word_1_846' title='bbox 3329 5399 3502 5469; x_wconf 73' lang='lat' dir='ltr'><strong>injus~</strong></span> 
     </span>
    </p>
   </div>
   <div class='ocr_carea' id='block_1_115' title="bbox 1919 5490 3495 5565">
    <p class='ocr_par' dir='ltr' id='par_1_115' title="bbox 1919 5490 3495 5565">
     <span class='ocr_line' id='line_1_115' title="bbox 1919 5490 3495 5565; baseline -0.01 -7"><span class='ocrx_word' id='word_1_847' title='bbox 1919 5520 2034 5558; x_wconf 88' lang='lat' dir='ltr'><strong>sum</strong></span> <span class='ocrx_word' id='word_1_848' title='bbox 2067 5517 2190 5558; x_wconf 82' lang='lat' dir='ltr'><strong>esse</strong></span> <span class='ocrx_word' id='word_1_849' title='bbox 2218 5502 2506 5564; x_wconf 79' lang='lat' dir='ltr'><strong>monacho,</strong></span> <span class='ocrx_word' id='word_1_850' title='bbox 2536 5501 2766 5565; x_wconf 77' lang='lat' dir='ltr'><strong>ideoque</strong></span> <span class='ocrx_word' id='word_1_851' title='bbox 2792 5508 2890 5548; x_wconf 86' lang='lat' dir='ltr'><strong>nec</strong></span> <span class='ocrx_word' id='word_1_852' title='bbox 2939 5493 3202 5556; x_wconf 88' lang='lat' dir='ltr'><strong>divitiari,</strong></span> <span class='ocrx_word' id='word_1_853' title='bbox 3226 5490 3495 5562; x_wconf 87' lang='lat' dir='ltr'><strong>siquidem</strong></span> 
     </span>
    </p>
   </div>
   <div class='ocr_carea' id='block_1_116' title="bbox 1914 5584 3491 5666">
    <p class='ocr_par' dir='ltr' id='par_1_116' title="bbox 1914 5584 3491 5666">
     <span class='ocr_line' id='line_1_116' title="bbox 1914 5584 3491 5666; baseline -0.011 -16"><span class='ocrx_word' id='word_1_854' title='bbox 1914 5598 2019 5653; x_wconf 84' lang='lat' dir='ltr'><strong>hoc</strong></span> <span class='ocrx_word' id='word_1_855' title='bbox 2036 5599 2102 5653; x_wconf 86' lang='lat' dir='ltr'><strong>ad</strong></span> <span class='ocrx_word' id='word_1_856' title='bbox 2123 5595 2457 5666; x_wconf 74' lang='lat' dir='ltr'><strong>operantium</strong></span> <span class='ocrx_word' id='word_1_857' title='bbox 2484 5588 2995 5648; x_wconf 49' lang='lat' dir='ltr'><strong>attinetrﬂanileste</strong></span> <span class='ocrx_word' id='word_1_858' title='bbox 3011 5585 3248 5657; x_wconf 83' lang='lat' dir='ltr'><strong>seipsum</strong></span> <span class='ocrx_word' id='word_1_859' title='bbox 3271 5584 3491 5655; x_wconf 84' lang='lat' dir='ltr'><strong>decipit,</strong></span> 
     </span>
    </p>
   </div>
  </div>
