3992 6240
477 374 587 433 ’ἓ83
1197 373 1620 436 EUSTATIIII
1660 374 1948 434 Tl-lESSA
1961 376 2066 435 LO:

2174 374 2419 434 IENSIS
2453 373 3014 434 ΜΕΤΗΟΡΟῌΤᾸΞ
3619 376 3730 438 784

466 485 556 552 qui
609 485 680 537 ita
733 483 1006 555 intelligit.
1060 483 1532 549 Quemadmodum
1583 484 1726 539 enim
1752 483 2059 538 laboriosus

2174 484 2255 534 θον
2281 484 2425 552 ἔχειν
2479 484 2538 534 τὸ
2567 482 2728 549 (καθᾶ
2776 481 3141 548 ὲξωσιώσατο)
3175 500 3193 531 ι
3247 483 3321 553 μὴ
3351 482 3553 552 ἀεργὸς
3582 477 3726 535 εἶναι

469 576 628 629 homo
647 575 926 630 consuevit
945 590 973 627 a
997 575 1228 630 laudatis
1240 576 1490 645 personis
1507 573 1901 636 commendari,
1918 575 2055 628 itaet

2174 577 2240 636 είς
2265 575 2325 626 τὸ
2357 574 2638 636 παντελές.
2675 593 2692 626 ι
2731 574 2839 627 Καί
2885 590 2987 626 που
3046 575 3140 625 καὶ
3179 573 3342 637 αὐτὸς
3377 579 3731 646 παρανοήσας

467 667 753 732 operarius
785 683 803 733 δ
832 666 918 721 cui
973 667 1288 723 contrarius
1328 676 1424 722 est:
1447 666 1679 722 otiosus.
1721 665 1874 722 Licet
1904 665 2050 719 enim

2174 665 2220 716 τὸ
2256 684 2274 716 ι
2325 666 2527 734 Ἔργον
2555 663 2601 718 δ’
2631 665 2783 718 οὐδὲν
2830 665 3056 728 ὄνειδος,
3095 683 3114 718 ι
3150 667 3511 734 προϐαλεῖται
3553 666 3619 720 ἂν
3650 671 3732 730 είς

468 767 620 808 actor
647 767 698 810 et
729 756 870 811 male
899 771 1130 827 Operans
1170 758 1543 827 (κακοεργὸς),
1573 758 1667 828 qui
1700 757 1950 812 eamdem
1980 757 2050 811 ob

2174 757 2440 810 ἱικαίωτιν
2461 759 2521 809 τὸ
2547 775 2565 808 t
2601 758 2766 828 μηδέν
2791 774 2842 810 τι
2875 759 3033 828 ἔργον
3058 757 3194 828 πρὸς
3215 759 3528 827 ὀνειδισμοῦ
3549 756 3724 812 εἶναι.

469 861 687 900 causam
735 847 1042 917 κακοῦργος
1083 848 1319 913 dicitur,
1358 849 1426 902 ab
1503 865 1668 921 opere
1717 857 1770 904 et
1836 851 2051 904 actione

2174 849 2235 918 τῷ
2289 849 2530 919 μοναχῷ,
2587 849 2786 902 οὐκοῦν
2838 849 2975 918 μηδὲ
3009 850 3068 902 τὸ
3107 851 3587 919 χρηματίζεσθαυ
3614 855 3731 919 είγε

469 938 806 1000 tleriventur,
859 939 1001 994 bona
1047 949 1224 994 tamen
1279 942 1520 1010 phrasis,
1606 943 1770 996 solita
1817 943 2044 1004 locutio.

2174 943 2250 994 ιαὶ
2297 941 2428 994 αὐτὸ
2470 943 2549 1004 είς
2579 943 2742 1011 ἔργον
2780 941 3074 1009 ὑπάγεται.
3121 943 3334 1014 Ἀπατᾷ
3363 942 3419 993 δὲ
3455 942 3731 1011 ἀριδή).ως

471 1029 761 1093 sententia,
807 1031 890 1084 lex
923 1030 1086 1094 bona,
1137 1041 1191 1086 et
1234 1032 1374 1087 bene
1405 1032 1624 1088 dicendi
1678 1033 2045 1102 exemplaria,

2174 1033 2353 1087 ἑαυτὸν
2401 1036 2428 1086 6
2459 1033 2601 1087 οὕτω
2656 1033 2817 1088 νοῶν.
2864 1034 3025 1088 Καθά
3059 1035 3170 1105 γάρ
3220 1037 3248 1088 6
3296 1036 3605 1106 πρακτικὸς
3640 1035 3731 1085 ἐπὶ

472 1121 527 1174 in
568 1136 790 1176 sensum
825 1121 1030 1176 bonum
1082 1123 1459 1180 sublimiorem
1501 1134 1554 1178 et
1603 1125 1848 1180 divinum
1881 1125 2052 1178 dedu-

2174 1128 2573 1195 ἐπαινουμένων
2627 1129 2938 1197 προσώπων
2973 1127 3210 1182 εἴθισται
3263 1126 3542 1195 λέγεσθαι,
3590 1124 3737 1178 οὕτω

474 1217 690 1274 xerunt,
718 1211 859 1264 sicut
886 1211 1177 1276 actionem,
1209 1214 1282 1266 ita
1315 1223 1368 1267 et
1393 1230 1530 1281 opus
1559 1224 1613 1269 et
1648 1229 1894 1270 causam.

2174 1219 2257 1271 καὶ
2289 1221 2316 1271 6
2355 1220 2642 1290 ἑργατικός
2665 1237 2678 1250 ο
2704 1212 2747 1286 ᾧ
2781 1220 3019 1283 ἐναντίος
3053 1222 3082 1274 6
3127 1220 3346 1289 ἀεργός.
3383 1221 3448 1274 Ei
3481 1220 3594 1288 γὰρ
3643 1221 3737 1271 aut

471 1299 500 1352 6
525 1300 726 1370 ῥέκτης
751 1302 846 1354 καὶ
875 1304 903 1354 6
937 1304 1238 1373 κακοεργός
1265 1306 1314 1373 (6
1338 1306 1406 1358 δι’
1435 1306 1568 1360 αὐτὸ
1591 1306 1686 1360 καὶ
1717 1306 2048 1378 κακοῦργος)
2091 1308 2238 1380 ἔργῳ
2279 1312 2374 1364 καὶ
2407 1312 2604 1382 πράξει
2636 1314 3122 1384 παρωειυμοῦνται,
3155 1313 3295 1366 ἀλλά
3359 1313 3392 1380 ἡ
3475 1312 3736 1380 ὲνάρετος

477 1393 700 1458 φράσις,
730 1395 764 1462 ἡ
795 1393 922 1456 tea;
953 1395 1257 1460 διάλεκτος,
1290 1398 1322 1466 ἡ
1367 1397 1740 1469 ἀξιωματικὴ,
1801 1399 1862 1452 τὸ
1933 1401 2188 1471 ἐνάρετον
2251 1403 2508 1474 κύρωμα,
2538 1405 2600 1458 τδ
2634 1406 3058 1475 χρηστολογικδν
3091 1407 3327 1474 τύπωμα
3367 1404 3448 1467 εἰς
3517 1401 3736 1471 ἀγαθὴν

476 1484 880 1629 ἀῗεκλήρωσαν
911 1485 1126 1543 ἔννοιαν
1157 1490 1253 1542 καὶ
1280 1489 1496 1561 ὑψηλήν
1527 1507 1542 1523 ·
1573 1493 1671 1545 καὶ
1703 1490 1850 1546 οὓτω
1869 1492 2044 1561 θείαν,
2086 1494 2276 1566 ὥσπερ
2305 1497 2404 1568 τὴν
2445 1497 2672 1570 πρᾶξιν,
2708 1499 2853 1553 οὕτω
2893 1499 2990 1552 καὶ
3019 1497 3081 1552 τὸ
3119 1498 3280 1568 ἔργον
3311 1498 3408 1552 καὶ
3469 1499 3577 1564 τὴν
3648 1497 3736 1548 αἱ·

487 1592 516 1626 τ
548 1593 634 1629 αν.

487 1592 634 1631 τιαν.

548 1690 634 1744 οι.
661 1690 736 1746 De
770 1693 856 1747 his
886 1695 1145 1751 subtilius
1181 1697 1456 1756 disserere
1487 1703 1844 1772 superﬂuum.
1879 1703 2046 1773 Ergo,

2221 1699 2314 1765 ξδ’.
2339 1696 2602 1768 Περιττδν
2638 1699 2696 1750 ὲν
2724 1699 2837 1760 τοῖς
2866 1697 2994 1766 ἀρτι
3019 1697 3384 1766 φυλοκρινεῖν.
3407 1695 3483 1748 06
3531 1695 3740 1748 τοίνυνο

480 1797 513 1830 o
561 1783 827 1840 ntonadhe
872 1787 1052 1852 avide,
1095 1791 1294 1858 cupide
1342 1793 1661 1848 divitiarum
1705 1807 1896 1850 contra
1954 1812 2039 1851 rc-

2174 1785 2440 1858 ixtqttxe
2467 1787 2688 1856 μοναχε,
2741 1788 2834 1839 καὶ
2891 1788 3260 1850 ἀκανονίστως
3307 1788 3737 1858 χρηματιστικὲ.

480 1877 682 1943 gulam,
716 1885 770 1932 et
803 1887 927 1948 post
953 1883 1432 1939 consecrationem
1476 1885 1649 1940 labori
1693 1889 1929 1941 maxime
1957 1888 2048 1942 de-

479 1966 613 2030 dite,
661 1967 730 2021 ab
760 1968 1076 2026 hominibus
1114 1973 1329 2030 natione
1361 1976 1645 2031 utentibus
1691 1992 1803 2032 non
1841 1977 2050 2047 judica-

479 2057 624 2112 heris
667 2072 828 2128 agere
862 2067 928 2114 et
975 2064 1194 2131 operari
1231 2066 1536 2120 secundum
1573 2067 1742 2121 Deum
1803 2069 2048 2138 quandiu

479 2149 535 2202 in
595 2163 661 2202 co
713 2157 859 2206 Sta-tu
911 2155 1296 2221 permanebis;
1354 2157 1468 2212 imo
1527 2174 1659 2213 vero
1710 2161 2048 2230 negmiator,

482 2237 734 2305 otiosus,
793 2251 1102 2309 mercator,
1161 2245 1474 2316 lucripeta,
1541 2250 1768 2304 omnino
1825 2250 2053 2306 saeuia-

483 2331 560 2384 ris
611 2345 849 2397 esse,et
881 2337 1199 2408 quicunque
1237 2338 1382 2395 alius
1432 2343 1604 2410 magis
1648 2357 1811 2412 quam
1865 2359 2059 2398 mona-

489 2423 628 2477 chus
669 2425 966 2494 perfectus.
1000 2428 1076 2482 Te
1119 2431 1234 2498 jam
1275 2431 1592 2488 discernere
1639 2433 1877 2490 arbitror
1905 2436 2048 2503 quod

483 2516 874 2584 at‘quirendum
925 2529 1030 2588 est,
1060 2531 1212 2576 certo
1257 2523 1446 2594 aliquo
1481 2525 1665 2592 modo,
1700 2537 1754 2581 et
1788 2543 1960 2594 usque
1985 2528 2051 2583 ad

485 2605 841 2675 superﬂuum.
878 2607 993 2678 Ego
1033 2620 1215 2665 autem
1255 2626 1377 2666 cum
1424 2615 1632 2683 Optime
1659 2619 1903 2671 noverim
1937 2633 2052 2671 uta-

487 2712 648 2765 gnam
671 2699 1078 2770 illegitimarum
1099 2703 1415 2760 divitiarum
1441 2708 1703 2762 malitiam
1725 2711 1865 2780 apud
1885 2726 2054 2766 sa'cu-

490 2789 629 2845 lares
679 2791 755 2845 tui
809 2792 1034 2859 similes,
1064 2795 1274 2866 aliquid
1301 2813 1502 2854 novum
1538 2802 1948 2870 superaddo,et
1999 2804 2058 2858 [i-

489 2883 677 2940 denter
709 2887 832 2940 dico
853 2893 1164 2946 necessario
1181 2892 1482 2965 aliquando
1505 2904 1556 2948 te
1578 2895 1761 2962 ditari,
1787 2907 1840 2950 et
1865 2911 2057 2965 super-

488 2975 892 3045 eﬂlucre.Quod
913 2997 1017 3038 non
1039 2985 1093 3039 ﬁt
1111 2986 1266 3053 quasi
1291 3001 1356 3040 ex
1378 2985 1515 3042 artis
1535 2986 2055 3046 machinationibus.

490 3069 583 3123 sed
621 3067 714 3124 Dei
755 3074 954 3141 gratia,
985 3089 1114 3146 erga
1148 3076 1342 3146 dignos
1375 3081 1477 3132 hnc
1511 3078 1758 3147 praemio,
1791 3078 1882 3145 qui
1921 3077 2057 3132 nihil

2153 1877 2249 1930 καὶ
2283 1875 2420 1944 μετά
2468 1873 2757 1943 ἐπιορκίας
2807 1875 3190 1944 ἔνεργὲστατε,
3239 1875 3272 1946 ῆ
3327 1877 3667 1942 πρακτικὸς,
3701 1875 3734 1942 ἦ

2154 1965 2447 2035 ἐργατικὸς
2504 1967 2646 2019 κατά
2681 1964 2816 2018 Θεὸν
2873 1962 3015 2018 εἶναι
3071 1966 3310 2038 κριθήσῃ
3346 1967 3499 2035 παρά
3531 1983 3593 2034 γε
3626 1972 3739 2028 τοῖς

2151 2055 2551 2124 νοῦνέχουσιν,
2580 2056 2688 2119 ἓως
2721 2057 2787 2109 ἂν
2834 2057 3082 2120 τοιοῦτος
3117 2059 3288 2127 μένῃς
3310 2074 3323 2087 ·
3354 2058 3491 2111 ἁ).λά
3546 2074 3731 2126 πραγ-

2155 2146 2504 2219 ματευτικὺς,
2523 2149 2616 2200 καὶ
2639 2148 2857 2218 ἀεργὸς,
2876 2149 2968 2201 καὶ
2993 2148 3408 2217 ἐμπορευτικδς,
3437 2149 3534 2200 καὶ
3560 2150 3734 2217 ἐμπο-

2152 2241 2323 2302 λαῐος,
2357 2241 2450 2292 καὶ
2474 2238 2732 2308 κερδῷος,
2751 2241 2848 2292 καὶ
2901 2239 3014 2310 βίος
3053 2239 3511 2310 αὐτόχρημα,καὶ
3563 2241 3740 2292 πάντα

2157 2331 2356 2402 μᾶλλον
2373 2330 2440 2382 τά
2457 2329 2611 2388 ἀλλα,
2631 2330 2663 2399 ἥ
2693 2328 3004 2400 μεγαλόσχη
3015 2332 3374 2400 μος.Ἔγνως,
3397 2326 3582 2399 οἶμαι,
3613 2330 3737 2397 ᾗδη,

2154 2425 2292 2494 ὅπερ
2315 2423 2544 2491 κτητέον
2564 2421 2710 2474 ἔστιν
2754 2414 2813 2474 οὗ
2857 2425 2949 2474 καὶ
2975 2421 3474 2492 ὑπερεκπερισσοῦ.
3513 2422 3660 2489 Ἐγὼ
3681 2420 3739 2474 δὲ

2155 2515 2554 2579 πλεονάζουσαν
2573 2517 2629 2566 ὲν
2642 2517 2754 2576 τοῖς
2768 2514 2859 2567 τοῦ
2883 2514 3022 2568 κατά
3042 2516 3098 2568 σὲ
3119 2515 3236 2586 βίου
3255 2515 3312 2568 εὖ
3335 2515 3494 2577 εἰδὼς
3516 2516 3620 2584 τὴν
3645 2513 3742 2582 τῆς

2154 2608 2388 2679 ἀκαίρου
2408 2607 2652 2676 κτήσεως
2670 2607 3346 2679 κακίαν,’προσεπιτίθημι
3371 2606 3465 2660 καί
3475 2625 3526 2660 τι
3553 2607 3742 2659 πλέον»

2163 2701 2256 2754 καὶ
2276 2699 2421 2767 λέγω
2452 2699 2818 2771 θαρρούντως,
2837 2699 2918 2752 ὅτι
2947 2699 3159 2766 ἀνάγκη
3189 2701 3286 2767 μέν
3312 2700 3428 2752 ἐστι
3459 2699 3554 2751 καὶ
3572 2700 3741 2767 ὕπερ-

2163 2791 2464 2861 κεκτῆσθαί
2498 2791 2555 2843 σέ
2588 2807 2744 2855 ποτε,
2770 2792 2845 2854 ὡς
2876 2791 2972 2845 καὶ
2998 2793 3350 2861 περισσεύειν
3371 2807 3384 2822 ·
3425 2792 3559 2843 αὐτὸ
3585 2791 3642 2843 δὲ
3678 2791 3740 2842 οὗ

2172 2887 2330 2957 μόνον
2380 2882 2523 2935 κατά
2570 2883 2767 2950 τέχνην
2815 2881 3248 2952 περιουσιασμοῦ
3303 2882 3538 2949 γίνεται,
3600 2881 3740 2936 ἀλλά

2164 2979 2259 3032 καὶ
2295 2976 2414 3048 θείᾳ
2445 2980 2629 3049 χάριτι
2677 2979 2788 3038 τοῖς
2827 2975 2999 3040 ἀξίτις
3042 2975 3135 3028 τοῦ
3177 2974 3423 3028 τοιούτου
3461 2973 3656 3028 καλοῦ·
3691 2973 3744 3027 οἶ

2168 3071 2333 3142 μηδὲν
2362 3071 2598 3140 ﬁxo/15;,
2637 3071 2819 3142 πάντα
2857 3067 3175 3138 κατέχουσι.
3223 3067 3332 3120 Καὶ
3371 3065 3600 3136 δηλοῦσι
3644 3082 3739 3117 πεο
3789 3116 3794 3120 ,

492 3163 839 3229 possidentes
893 3141 1081 3222 omnia
1122 3141 1394 3225 obtinent.
1442 3141 1615 3235 Quam
1657 3141 2052 3225 abundantiam

2174 3141 2420 3234 ριουσίαν
2456 3141 2804 3231 τοιαύτηνὶῦ
2840 3160 3000 3228 μόνον
3049 3159 3106 3210 αἱ
3149 3157 3514 3226 εὖαγγελικαὶ
3539 3158 3740 3226 dirupi-

491 3252 650 3307 noliis
700 3257 1001 3312 ostendunt
1032 3274 1136 3313 non
1177 3261 1339 3315 modo
1373 3262 1704 3332 evangelicae
1744 3271 1968 3331 sporta.
2013 3272 2068 3316 el

492 3344 739 3413 Cophilti,
774 3363 986 3404 necnon
1021 3361 1074 3404 et
1093 3351 1468 3421 apostolorum
1501 3361 1614 3408 rete
1645 3355 1864 3422 plenum
1905 3372 1923 3404 ι
1957 3367 2073 3406 ma-

491 3434 612 3502 gnis
647 3437 891 3504 piscibus
923 3450 1142 3493 centum
1165 3441 1562 3510 quinquaginta
1593 3443 1771 3497 tribus
1801 3441 1885 3509 u;
1922 3459 1940 3493 ι
1972 3439 2069 3497 sed

495 3525 672 3580 adhuc
700 3529 841 3596 apud
879 3540 1095 3584 veteres
1130 3540 1184 3584 et
1211 3533 1552 3589 recentiores
1581 3533 2072 3599 auclores,horrea

495 3614 696 3686 absque
730 3618 912 3673 labore
943 3630 995 3675 et
1026 3637 1194 3692 opere
1231 3625 1416 3679 statim
1453 3625 1735 3691 confecta;
1775 3634 1830 3680 et
1868 3625 2074 3696 hydria:

497 3706 688 3761 farinte
731 3712 1029 3779 prophetae,
1076 3715 1169 3783 qui
1205 3714 1334 3770 fatui
1382 3718 1671 3783 subvenit;
1719 3726 1774 3772 et
1813 3732 1908 3771 vas
1951 3732 2076 3787 par-

500 3816 624 3851 vum
653 3802 832 3854 oleum
880 3818 1096 3872 semper
1127 3805 1437 3872 eﬂ'undens,
1482 3809 1700 3877 aliaque
1752 3808 1867 3862 visa
1902 3823 2076 3877 usque

502 3889 566 3940 ad
621 3905 858 3956 pra-setis
901 3892 1185 3948 miracula.
1243 3891 1461 3948 Etenim
1498 3897 1641 3965 apud
1684 3905 1935 3950 nostram
1978 3911 2075 3964 ge-

503 3983 876 4048 netzttionem,
933 3987 983 4040 in
1041 3987 1298 4043 domibus
1350 3986 1461 4043 Deo
1529 3988 1794 4057 acceptis,
1849 3996 2076 4057 experta

502 4083 626 4126 sunt
661 4077 999 4145 receptacula
1029 4093 1148 4148 quae
1183 4079 1368 4132 vinum
1396 4087 1449 4135 et
1474 4079 1651 4134 oleum
1681 4096 1873 4151 magna
1902 4094 2077 4150 quan-

502 4168 673 4233 titate,
707 4185 829 4238 quae
874 4169 960 4223 vix
1001 4171 1282 4226 exhauriri
1332 4179 1568 4243 poterat.
1617 4181 1969 4242 acceperunt,
2020 4172 2076 4226 in

450 4331 452 4334 _
500 4261 700 4326 quibus
779 4261 1018 4317 arbitror
1075 4263 1341 4334 liquorem
1399 4279 1678 4333 nunquam
1733 4260 2077 4321 deiecturum

504 4352 692 4415 fuisse,
729 4353 833 4407 nisi
869 4353 935 4406 ah
968 4354 1354 4410 haurientihus
1401 4355 1730 4410 miraculum
1761 4354 1866 4410 hoc
1905 4354 2081 4408 divul—

502 4453 686 4512 gatum
722 4454 888 4499 esset.
933 4445 1090 4510 Quod
1145 4447 1478 4518 prodigium,
1514 4448 1673 4517 qttasi
1711 4463 1812 4518 pro
1855 4448 2079 4520 agendis

2170 3256 2280 3320 δες,
2339 3255 2433 3308 καὶ
2483 3255 2531 3306 οἱ
2594 3253 2826 3320 κόφινοι,
2874 3250 3067 3304 καὶτὸ
3102 3249 3458 3302 ἀποστολικὸν
3501 3247 3744 3311 δίκτυον,

2171 3349 2310 3419 ὅπερ
2344 3345 2630 3417 ἐμεστώθη
2663 3343 2936 3416 περιττῶς
2968 3345 3084 3406 τοῖς
3107 3343 3250 3412 τρισὶ
3287 3342 3379 3394 καὶ
3406 3341 3746 3410 πεντήκοντα

2174 3439 2273 3494 καὶ
2293 3438 2489 3492 ἑκατὸν
2517 3435 2777 3508 μεγάλοις
2810 3435 3041 3505 ἰχθύσιν,
3071 3433 3209 3502 ἀλλά
3237 3433 3330 3486 καὶ
3360 3433 3424 3485 τὰ
3449 3431 3577 3484 καθ’
3602 3433 3747 3484 ἱστο-

2180 3530 2302 3602 ρίαν
2359 3528 2455 3583 καὶ
2512 3527 2751 3580 παλαιὰν
2797 3528 2894 3579 καὶ
2934 3524 3062 3577 νέαν
3115 3523 3314 3590 αἴφνης
3345 3519 3746 3590 ὲμπιπλάμενα

2175 3623 2344 3694 ὠρεῖα
2371 3623 2495 3692 δίχα
2531 3621 2692 3672 πόνου
2729 3619 2824 3674 καί
2850 3615 3136 3688 ἐργασίας,
3162 3615 3258 3668 καὶ
3283 3615 3316 3683 ἠ
3345 3612 3439 3666 τοῦ
3466 3611 3748 3682 θεραπεύο

2179 3733 2374 3778 σαντος
2417 3712 2576 3784 λιμὸν
2628 3711 2912 3782 προφήτου
2968 3707 3198 3776 ἀλεύρου
3256 3705 3438 3774 ὑδρία,
3488 3704 3583 3757 καὶ
3625 3703 3654 3754 6
3689 3701 3749 3754 τδ

2179 3805 2360 3858 Ελαιον
2385 3801 2656 3862 ἐκϐλύσας
2682 3800 2984 3869 καμψάκης
3025 3798 3106 3860 είς
3153 3798 3379 3850 ἀένναον
3407 3809 3421 3824 ·
3455 3793 3620 3846 ἔτιδὲ
3656 3790 3750 3844 καὶ

2179 3896 2246 3948 τά
2271 3894 2433 3966 μέχρι
2461 3893 2557 3946 νῦν
2584 3892 2891 3962 βλεπόμενα
2919 3889 3206 3958 τεράστια.
3244 3888 3618 3954 Πεπείρανται
3640 3884 3749 3952 γὰρ

2180 3989 2276 4042 καὶ
2303 3989 2361 4039 ὲν
2409 3988 2474 4053 τῇ
2507 3985 2631 4038 καθ’
2674 3984 2825 4053 ἡμᾶς
2852 3983 3018 4052 γενεᾷ
3049 3979 3226 4049 δοχεῖα
3263 3982 3320 4031 ὲν
3356 3978 3528 4040 οἴκοις
3565 3976 3749 4044 θεοφι-

2179 4081 2351 4145 λέσιν,
2383 4073 2529 4132 οἶνον
2557 4077 2652 4130 καὶ
2698 4076 2880 4128 ἔλαιον
2915 4073 3179 4138 στέξαντα
3229 4073 3392 4141 μέχρι
3420 4068 3624 4122 πολλοῦ
3670 4069 3749 4127 είς
3831 4099 3844 4113 ι

2179 4171 2634 4242 δυσεξάντλητον,
2667 4164 2748 4232 οἷς
2776 4167 2894 4220 οὐδὲ
2927 4162 2993 4236 ἦν
3025 4165 3091 4219 ἂν
3122 4163 3420 4230 ἐπιλεῖψαι,
3469 4155 3648 4230 οἶμαι,
3691 4159 3751 4210 τδ

2184 4263 2534 4334 στεγόμενον,
2586 4261 2633 4312 εί
2686 4259 2762 4329 μὴ
2816 4256 3118 4322 ὲξελαλεῖτο
3164 4255 3226 4307 τὸ
3277 4252 3464 4320 θαῦμα
3502 4252 3608 4305 ὑπὸ
3644 4250 3752 4303 τῶν

2183 4354 2608 4424 ἑξαντλούντων.
2659 4351 2960 4420 Ἐκφανθὲν
2989 4349 3045 4401 δὲ
3075 4347 3566 4416 ἀνθομολογήσεως
3607 4344 3750 4410 λόγῳ

2181 4451 2242 4502 τδ
2275 4448 2598 4519 μυστήριον,
2631 4445 2815 4498 οὐκέτι
2847 4442 3028 4511 μένειν
3065 4440 3286 4507 ἀφείθη,
3317 4438 3452 4491 ἀλλά
3482 4437 3747 4502 συνεξέλι-

503 4534 689 4596 gratiis
737 4534 1035 4603 proditum,
1067 4538 1300 4606 amplius
1330 4553 1653 4607 permanere
1699 4556 1806 4593 non
1838 4547 1921 4592 est
1959 4553 2066 4608 per‘

2187 4559 2288 4596 παν
2314 4541 2342 4593 6
2376 4537 2798 4610 μυστηριασμδς
2825 4535 2902 4606 τῷ
2948 4533 3342 4600 ἐξαγγέλματι,
3369 4528 3508 4580 Θεοῦ
3542 4527 3750 4580 οίκονο⁹

505 4623 764 4685 missum,
800 4625 891 4676 sed
913 4624 1226 4680 confessum
1248 4628 1430 4682 statim
1464 4631 1718 4693 cessavit,
1745 4627 1854 4682 Deo
1877 4642 2068 4696 nempe

505 4714 636 4767 illud
684 4725 965 4783 operante,
1001 4717 1118 4772 sive
1158 4732 1378 4788 propter
1425 4720 1676 4774 homines
1713 4720 1816 4773 hoc
1868 4719 2068 4773 beneli—

506 4803 648 4857 cium
677 4816 951 4874 expertos,
986 4807 1098 4861 sive
1146 4821 1368 4880 propter
1393 4809 1712 4868 audientes.
1748 4811 1862 4862 sive
1889 4808 2071 4877 potius

507 4906 727 4966 propter
765 4909 1047 4969 utrosque.

576 5036 664 5091 65.
703 5037 859 5102 Quod
895 5046 1048 5093 recto
1101 5039 1265 5092 modo
1305 5037 1649 5106 acquiercre,
1677 5047 1729 5090 et
1765 5036 1985 5099 addere,
2019 5045 2076 5090 ct

509 5130 677 5183 multa
731 5131 1104 5185 accresceutia
1150 5130 1522 5200 superaddere
1573 5144 1682 5184 non
1724 5129 1796 5184 sit
1832 5129 2078 5198 prohibi-

509 5231 649 5287 tum.
680 5223 788 5292 jam
851 5238 1080 5292 magnus
1118 5220 1222 5276 Joh
1277 5221 1541 5285 ostendit,
1577 5237 1738 5289 quem
1781 5222 1965 5276 multae
1989 5220 2076 5272 tli-

512 5313 657 5368 vitim
692 5329 799 5368 non
838 5313 1240 5382 impediveraut
1273 5313 1407 5381 quin
1459 5311 1602 5365 istud
1641 5313 2014 5366 testimonium
2047 5327 2077 5365 τι

515 5403 624 5458 Deo
654 5406 954 5474 acciperet,
1001 5419 1166 5473 super
1207 5417 1402 5457 omnes
1450 5403 1701 5456 homines
1735 5401 1899 5470 hujus
1944 5411 2076 5454 tem-

515 5496 663 5563 poris
697 5496 763 5549 ad
799 5497 963 5550 Deum
995 5495 1241 5565 proxime
1271 5497 1552 5549 accedere.
1579 5492 1643 5548 Et
1677 5493 1807 5546 tnihi
1831 5493 2081 5546 occurrit

516 5587 730 5656 aliquod
782 5603 971 5643 recens
1017 5586 1346 5658 exemplum,
1391 5602 1500 5657 quo
1531 5587 1690 5642 verba
1724 5601 1840 5641 mea
1885 5586 2085 5639 contir-

519 5688 759 5733 tuantur.

593 5795 632 5825 "
659 5793 791 5849 Joat.
843 5810 955 5862 ut,
978 5805 998 5847 t
1019 5795 1064 5848 l.

2176 4635 2456 4705 μήσαντος
2496 4629 2627 4682 αὐτὸ
2660 4627 2747 4680 ἐπ’
2779 4625 2972 4695 ἀγαθῷ
3022 4625 3054 4694 ἢ
3098 4625 3205 4676 τῶν
3237 4623 3296 4674 τὸ
3331 4619 3496 4673 καλὸν
3545 4617 3745 4671 παθόν-

2171 4723 2368 4792 των,ἢ
2423 4722 2532 4774 τῶν
2589 4719 2872 4790 μαθόντων
2903 4736 2914 4748 ·
2949 4717 3095 4778 εἰκὸς
3149 4716 3204 4767 6‘s
3261 4713 3353 4765 x20.
3404 4712 3472 4763 δι’
3511 4708 3752 4781 ἀμφοτέ-

2177 4835 2324 4888 ρους.

2249 5042 2341 5106 ξεθ.
2370 5040 2490 5089 Ὅτι
2525 5038 2580 5090 δὲ
2614 5038 2706 5089 καὶ
2728 5036 2788 5087 τὸ
2822 5034 3054 5087 κτᾶσθαι
3084 5031 3227 5083 κατὰ
3253 5029 3411 5095 λόγον
3439 5028 3623 5097 ὀρθὸν,
3653 5026 3746 5079 καὶ

2177 5131 2239 5184 τδ
2271 5128 2623 5189 ἐπικτᾶσθαι,
2662 5126 2757 5179 καὶ
2796 5125 2929 5178 αὐτὸ
2973 5123 3030 5175 δὲ
3062 5126 3121 5174 τὸ
3147 5121 3234 5173 διὰ
3268 5120 3471 5188 συχνῆς
3502 5119 3753 5188 προσθήο

2180 5240 2282 5290 κης
2322 5219 2700 5289 ὑπερκτᾶσθαι
2750 5218 2810 5269 οὺ
2859 5214 3190 5274 κεκώλυται,
3225 5211 3438 5278 φθάσας
3476 5210 3580 5276 μὲν
3608 5209 3702 5263 καὶ
3733 5210 3759 5259 ὁ

2185 5314 2356 5382 μέγας
2391 5309 2732 5363 ἐπιστώσατο
2775 5307 2918 5369 Ἰὼϐ,
2945 5306 3003 5358 ὃν
3031 5306 3184 5358 οὐδὲν
3221 5305 3254 5369 ἡ
3289 5299 3755 5369 πολυκτημοσύνη

2183 5405 2425 5458 ἐκώλυσε
2451 5400 2914 5472 μεμαρτυρῆσθαι
2937 5397 3086 5464 παρά
3110 5393 3202 5446 τοῦ
3225 5394 3362 5445 Θεοῦ
3392 5392 3586 5454 αὑτοῦ,
3615 5389 3754 5455 ὑπὲρ

2185 5498 2390 5558 πάντας
2422 5497 2546 5556 τοὺς
2579 5494 2699 5546 τότε
2736 5489 3064 5560 ἀνθρώπους
3094 5485 3369 5553 ἐγγύτατα
3417 5483 3758 5552 παρεστάναι

2186 5585 2336 5658 αὐτῷ
2359 5607 2370 5620 ·
2401 5589 2694 5656 ἐπέρχεται
2727 5583 2783 5636 δέ
2814 5600 2905 5652 μοι
2938 5582 3030 5635 καὶ
3064 5580 3368 5649 προσφάτῳ
3401 5579 3512 5629 τινὶ
3539 5578 3631 5628 τὸν
3669 5571 3753 5624 A6-

2187 5699 2283 5752 γον
2315 5684 2499 5734 τοῦτον
2527 5678 2888 5746 ὑποδείγματι
2922 5671 3328 5727 πιστώσασθαι.
