3992 6240
273 315 384 382 785

1241 314 1344 376 DE
1379 312 1859 380 EMENDANDA
1896 311 2074 375 VlTA
2116 306 2589 375 MONACHICA.

3443 314 3558 381 786'

353 431 451 500 ξξό
475 433 820 505 Μεμνὴμεθα
850 433 948 490 τοῦ
999 433 1058 488 ἐν
1089 431 1320 505 ἀγαθοῖς
1368 434 1654 506 βασιλεῦσι
1688 452 1849 507 περι-

2028 431 2118 488 66.
2159 432 2509 490 Meminimus
2540 429 2832 492 ’Manu'elis
2866 435 3014 492 inter
3063 436 3300 508 optimos
3341 437 3552 508 princi-

276 525 479 580 κλύτου
512 525 771 598 Μανουήλ
797 542 814 558 ο
841 525 1069 598 οἴδαμεν
1123 527 1220 580 καὶ
1247 529 1308 580 τὸ
1355 527 1855 598 μεγαλοπολιτικδν

279 617 664 690 Προδρομικδν
693 621 968 688 σεμνεϊον,
1000 619 1100 690 τὴν
1131 620 1362 692 πέτραν,
1393 621 1452 686 ἐξ
1478 616 1544 694 ἦς
1566 618 1856 690 ψαλμικῶς

275 712 376 766 καὶ
420 710 594 765 ὕδατα
628 713 954 784 ρυἲσκονται
1007 715 1259 784 σωτήρια
1313 716 1430 779 τοῖς
1480 712 1856 782 εὐαγγελικῶς

275 805 458 858 πίνειν
490 804 738 859 ἐθέλουσι
761 821 777 838 ο
815 804 915 859 καὶ
957 806 1080 876 μέλι
1108 805 1168 859 δὲ
1202 804 1532 876 θηλάζουσιν
1563 807 1611 858 οἱ
1650 807 1716 858 ἐκ
1764 823 1850 857 πι-

275 897 444 966 κρίας
480 897 754 968 βιωτικῆς
786 899 926 969 αὐτῇ
968 897 1304 963 πελάζοντες
1334 915 1349 930 ο
1384 899 1464 962 είς
1493 897 1563 968 ἢν
1599 899 1649 950 οἱ
1685 915 1859 950 κατα-

276 987 576 1056 φεύγοντες
602 988 808 1057 λαγωοὶ
835 988 1058 1055 λέοντες
1082 995 1198 1055 τοῖς
1223 987 1612 1060 δαιμονιὼδεσι
1643 989 1864 1059 θηρίοις

275 1081 654 1138 ἑκόαίνουσιν.
697 1082 940 1146 Ἐκεῖνος
991 1083 1057 1154 δὴ
1114 1085 1144 1136 6
1195 1084 1540 1153 μακαριστὸς
1579 1082 1858 1153 βασιλεὺς,

280 1174 508 1244 μυρίαις
541 1175 1082 1246 περιεστοιχισμένος
1114 1177 1421 1246 φροντίσιν,
1473 1172 1560 1239 αἷς
1604 1165 1675 1230 τὰ
1719 1177 1864 1230 κατὰ

277 1267 488 1336 κόσμον
517 1266 664 1337 μέγα
697 1267 1214 1340 διοικονομούμενος
1262 1268 1664 1340 παρεκρούετο,
1710 1270 1861 1322 ἐστιν

283 1354 348 1412 οὗ
379 1360 518 1429 ταχὺ
549 1358 646 1413 καὶ
673 1358 782 1412 τῶν
819 1361 1207 1431 σμικροτάτων
1237 1361 1620 1430 ἐπιμέλεσθαι,
1660 1363 1866 1416 ἀναλα-

284 1451 519 1519 6όμενός
555 1467 687 1503 ποτε
719 1452 802 1515 είς
844 1450 971 1506 νοῦν
1014 1451 1163 1522 ἀωρὶ
1215 1451 1411 1514 νυκτὸς
1439 1452 1619 1518 γάμον
1663 1451 1862 1521 εὐγενῆ

277 1541 585 1613 ἐξαρτύσαι
613 1542 760 1606 (οὐδὲ
796 1543 906 1612 γὰρ
934 1542 1060 1596 οὐδὲ
1098 1542 1296 1607 νύκτες
1351 1544 1627 1598 ἀνέπαυον
1657 1544 1866 1596 ἐκεῖνον

277 1634 626 1703 ἐγρηγορότα
663 1633 806 1705 ὑπὲρ
829 1634 924 1688 τοῦ
964 1636 1194 1706 κόσμου,
1230 1637 1329 1689 καὶ
1362 1635 1716 1705 γυμνάζοντα
1740 1635 1867 1689 ἐαυ-

274 1728 372 1780 τδν
417 1727 618 1797 μικροῦ
671 1728 764 1779 καὶ
794 1728 874 1792 είς
929 1728 1184 1796 ἄϋπνον),
1244 1728 1504 1781 ἐκέλευσε
1534 1728 1864 1799 τελεσθῆναι

1957 541 2055 596 pes
2083 525 2368 595 conspicui
2403 525 2509 597 (6);
2545 528 2802 583 novimus
2842 528 3009 584 etiam
3040 529 3329 586 Prodromi
3355 547 3553 587 mona-

1959 617 2188 672 sterium
2229 618 2285 670 in
2326 617 2462 672 urbe
2498 632 2717 688 magna,
2750 628 2986 689 petram,
3017 635 3047 675 e
3084 636 3363 693 qua-aqua
3399 625 3553 694 psal-

1960 711 2172 775 mistzc,
2241 710 2502 765 salutaris
2553 712 2910 782 cupientibus
2968 714 3283 784 et'augelice
3327 717 3555 782 bibere,

1965 801 2141 858 efﬂuit
2163 819 2184 868 ;
2209 802 2354 857 unde
2379 801 2485 856 mel
2513 814 2718 873 sugunt
2746 808 2839 875 qui
2877 821 2998 861 eam
3030 821 3095 860 ex
3129 822 3320 863 amaro
3347 811 3554 863 saeculo

1962 896 2373 966 propinquant;
2412 895 2467 949 in
2499 911 2662 965 quam
2710 897 3093 970 confugientes
3146 900 3364 972 lepores
3417 902 3556 956 liunt

1964 989 2151 1042 leones
2188 986 2323 1042 feris
2364 986 2656 1043 diabolicis
2689 990 2982 1045 terribiles.
3023 989 3124 1046 Hic
3167 1006 3300 1060 ergo
3361 992 3555 1048 beatus

1967 1094 2086 1145 rex,
2118 1079 2268 1134 mille
2292 1080 2445 1135 curis
2475 1081 2738 1150 stipatus,
2770 1082 2970 1152 quibus
2993 1099 3084 1138 res
3114 1099 3342 1155 magnas
3365 1087 3556 1139 mundi

1965 1171 2362 1228 administrans
2416 1172 2750 1238 insaniebat,
2778 1188 3168 1244 nonnunquam
3193 1177 3260 1231 de
3303 1178 3550 1232 minimis

1965 1264 2130 1319 etiam
2160 1266 2391 1319 curabat
2417 1281 2432 1331 ;
2459 1264 2778 1335 aliquando,
2807 1266 3150 1322 horanoctis
3184 1267 3427 1334 insolita,
3456 1286 3554 1324 co-

1969 1359 2108 1428 gitat
2163 1359 2374 1414 nobiles
2419 1359 2644 1428 nuptias
2685 1359 2954 1429 perficere
2993 1358 3120 1431 (uec
3163 1361 3312 1416 enim
3365 1371 3556 1418 noctes

1969 1452 2103 1524 ipsae
2129 1467 2253 1507 eum
2292 1453 2360 1508 de
2392 1453 2600 1507 mundo
2624 1452 3039 1522 vigilanteni,-et
3072 1455 3317 1524 seipsum
3345 1458 3557 1527 agitan-

1969 1551 2080 1598 tem
2127 1542 2532 1612 aliquantulum
2606 1556 2677 1597 ne
2722 1541 3018 1608 dormiret,
3072 1544 3362 1614 quiescere
3415 1545 3555 1600 siue-

1972 1633 2153 1704 bant),
2183 1643 2238 1688 et
2263 1632 2418 1702 jubet
2463 1632 2756 1688 celebrari.
2795 1633 2927 1688 Erat
2958 1635 3110 1690 locus
3153 1637 3470 1707 nuptiarum
3501 1637 3558 1692 in

1972 1725 2322 1790 Blacbernis,
2355 1742 2386 1780 a
2416 1725 2620 1796 quibus
2650 1725 2815 1782 Petra
2845 1741 2954 1781 non
2985 1727 3144 1800 longe
3171 1727 3342 1784 distat
3369 1746 3385 1797 ;
3423 1739 3560 1786 tem—

273 1815 373 1868 τὸν
399 1815 602 1885 γάμον.
636 1811 746 1868 Ἦν
784 1815 843 1868 δὲ
876 1817 1040 1881 τόπος
1076 1815 1156 1888 τῷ
1191 1817 1356 1888 γάμῳ
1407 1819 1466 1871 τὸ
1500 1819 1559 1871 ὲν
1613 1818 1860 1891 Βλαχέρο

1970 1833 2073 1888 pus
2125 1825 2312 1872 autem
2363 1816 2582 1873 initium
2625 1818 2810 1889 magni
2856 1817 3075 1889 jejunii,
3129 1820 3364 1889 quando
3410 1823 3560 1879 casei

276 1925 403 1970 ναις
437 1907 725 1970 παλάτιον,
750 1900 924 1978 οὗπερ
967 1909 1070 1964 οὐκ
1102 1912 1182 1972 είς
1227 1910 1451 1981 μακρὰν
1482 1911 1514 1982 ὴ
1544 1912 1726 1982 Πέτρα
1783 1914 1868 1966 δι-

277 1999 508 2052 έσταται
528 2017 545 2033 ν
579 2001 771 2069 καιρὶς
801 2001 858 2053 δὲ
884 2005 917 2070 ὴ
944 2003 1043 2071 τῆς
1079 2003 1325 2072 μεγάλης
1355 2003 1610 2073 νηστείας
1638 2003 1866 2075 πρόδροο

277 2109 382 2162 μσς
413 2095 749 2163 τυροφὰγος.
789 2094 881 2159 Ὠς
910 2094 966 2147 δὲ
1012 2096 1062 2148 οἱ
1096 2096 1193 2148 ἐπὶ
1234 2095 1336 2165 τῆς
1367 2095 1670 2166 θεραπείας
1696 2097 1863 2151 seats.

279 2204 485 2255 μασαν,
513 2189 562 2240 εί
598 2189 658 2239 ἐν
697 2188 818 2259 ὥρᾳ
861 2189 1094 2259 τοιαύτῃ
1136 2189 1530 2243 ὲπιτάσσονται
1568 2187 1861 2260 πράγματι

275 2278 525 2349 δεομένῳ
584 2280 779 2350 τριϐῆς
813 2281 1011 2351 καιροῦ
1061 2281 1282 2351 ἱκανῆς,
1319 2282 1413 2334 καὶ
1461 2282 1730 2336 ἐπύθοντο
1762 2283 1858 2335 τοῦ

273 2373 482 2440 ὲπιστη
492 2373 767 2441 μονάρχου
796 2371 1088 2441 βασιλέως,
1109 2374 1227 2438 πῶς
1253 2392 1388 2428 ποτε
1416 2376 1524 2447 ἀρα
1548 2377 1646 2430 καὶ
1668 2375 1862 2441 ἐξανύ-

275 2481 435 2518 acuet
483 2467 543 2518 τὺ
573 2467 878 2537 ἐπίταγμα,
918 2469 1007 2521 ὅτε
1054 2470 1286 2539 οὐδεμία
1315 2473 1595 2542 γαμήλιος
1625 2474 1860 2544 χορηγία

276 2557 594 2621 ὑπόκειται,
625 2559 708 2611 ὅτι
741 2560 817 2629 μὴ
855 2561 1015 2629 μόνον
1046 2561 1116 2615 τά
1149 2562 1251 2632 τῆς
1297 2563 1650 2636 εὐλογήσεως
1672 2579 1690 2598 ο
1715 2567 1862 2619 ἑκεί-

277 2663 370 2708 νος
401 2648 758 2718 ἁναπολήσας
813 2651 896 2713 είς
935 2650 1062 2703 νοῦν
1097 2651 1386 2720 ἀγχινοίας
1438 2651 1605 2723 λόγῳ,
1654 2654 1750 2708 καὶ
1803 2654 1861 2706 ἐν

276 2741 584 2813 ἀδιαστάτῳ
640 2744 819 2813 χρόνῳ
876 2744 977 2814 τὴν
1040 2745 1259 2815 Πέτραν
1307 2746 1683 2818 ἐνθυμηθεὶς,
1731 2747 1859 2818 (φη,

277 2835 505 2887 ἐκεῖθεν
531 2837 868 2905 γενήσεσθαι
897 2837 963 2890 ἂν
985 2837 1049 2891 τὸ
1075 2840 1184 2892 πᾶν
1209 2838 1304 2893 τοῦ
1344 2839 1531 2908 ἔργου.
1558 2843 1666 2894 Καὶ
1697 2841 1859 2905 εὐθὺς

277 2924 545 2989 ιπιτάξας
594 2925 890 2987 ἐξέστειλε.
940 2930 1053 2982 Καὶ
1091 2930 1140 2982 oi
1201 2929 1492 2986 δουλευταὶ
1522 2933 1858 3002 ταχυδρόμοι

277 3017 483 3070 αὐτίκα
517 3019 612 3071 ἐπὶ
647 3018 745 3088 τὴν
784 3019 1000 3091 Πέτραν
1024 3037 1038 3053 ·
1095 3022 1192 3075 καὶ
1250 3023 1547 3077 ἐκόπτοντο
1595 3028 1652 3077 ai
1691 3025 1861 3080 πῦλαι

235 3109 641 3200 ’θερμότεροψ
679 3111 755 3175 ὡς
799 3114 901 3166 οὐκ
931 3115 996 3166 ἂν
1033 3109 1177 3167 εἶναι
1224 3115 1404 3169 δοκεῖν
1433 3115 1495 3168 τὸ
1521 3114 1739 3186 κροῦμα
1765 3118 1860 3169 εύ-

217 3184 260 3248 .’
281 3179 602 3258 παίδευτον.
652 3203 763 3256 Καὶ
796 3201 865 3275 ἦν
900 3205 1044 3257 οὕτω
1093 3205 1348 3276 θόρυϐος.
1403 3208 1514 3259 Kal.
1613 3179 1862 3279 θυρωρὸς
1892 3179 1936 3240 c

280 3290 681 3361 εὐλαϐέστερον
725 3295 974 3364 σκώψας,
1024 3291 1146 3348 εἶτα
1189 3296 1250 3348 τὸ
1285 3298 1461 3350 αίτιον
1493 3296 1590 3349 τοῦ
1616 3299 1860 3368 ταράχου

205 3379 216 3386 ’
287 3384 506 3454 μαθὼν,
542 3387 859 3456 ἀνατρέχει,
902 3391 998 3441 καὶ
1047 3388 1127 3458 τῷ
1163 3391 1476 3459 προεστῶτι
1513 3390 1768 3458 ἀγγέλλει
1802 3389 1864 3443 τὸ

282 3478 591 3545 συμπεσόν.
629 3479 742 3532 Καὶ
799 3481 1007 3543 ἐκεῖνος
1049 3482 1339 3546 ἀσπασίως
1383 3483 1672 3536 ἐπιτάσσει
1725 3483 1864 3534 ἀπου

279 3569 610 3639 τελεσθῆναι
639 3571 700 3623 τὸ
733 3571 944 3641 ἀρέσαν
977 3575 1042 3642 τῇ
1081 3573 1354 3643 βασιλείᾳ.
1396 3576 1507 3627 Καὶ
1559 3576 1676 3644 ἅμα
1705 3574 1864 3643 λόγος

281 3657 459 3729 ὦτος,
491 3665 609 3733 ἅμα
640 3665 804 3736 ἔργον
838 3671 1036 3721 ἐκεῖνο.
1073 3669 1341 3738 Ἐτοιμος
1372 3668 1538 3740 ἄρτος
1573 3671 1826 3733 παντοῖος
1847 3688 1866 3704 ·

280 3758 309 3808 ὁ
345 3757 505 3826 δίκην
553 3760 734 3829 ἀφροῦ
787 3761 883 3813 καὶ
954 3761 1189 3830 σομφδς,
1231 3761 1572 3832 ὑπέρλευκος
1598 3780 1614 3794 ·
1651 3765 1679 3815 ό
1745 3765 1864 3832 μετ’

281 3852 496 3904 ἐκεῖνον
533 3851 659 3905 οὔτε
707 3852 972 3918 τοιοῦτος,
999 3855 1137 3906 ἀλλά
1165 3854 1260 3907 καὶ
1292 3854 1506 3916 ναστός.
1549 3853 1614 3906 Ἥ
1645 3853 1865 3906 πολυει-

251 3942 374 4014 dij;
437 3945 606 4012 μάζα.
661 3939 820 4006 Oho;
877 3945 1198 4016 πρόχειρος,
1231 3946 1292 3997 ού
1355 3945 1518 4014 μόνον
1553 3946 1580 3996 6
1617 3943 1864 4012 στύφων,

281 4036 420 4090 ἀλλὰ
459 4039 557 4089 καὶ
589 4041 616 4091 6
649 4037 963 4107 γλυκάζων.
1009 4040 1075 4092 Ἦ
1105 4039 1613 4109 παραμείιενηκυία
1649 4037 1864 4106 ὀπώρα.

287 4130 355 4184 Ἥ
380 4131 561 4201 άλμὰς
586 4133 763 4187 ἐλαία.
793 4132 967 4204 Τυρδς
990 4132 1248 4204 δαψιλής.
1285 4132 1491 4203 ’ἰχθύες
1512 4131 1830 4201 ταριχευῖοί
1847 4147 1862 4162 ο

281 4227 428 4286 τινὲς
467 4225 525 4277 δὲ
566 4225 660 4278 καὶ
720 4228 784 4278 ὲκ
835 4229 1154 4295 προσφάτου
1213 4226 1532 4288 άλίπαστοι,
1592 4224 1779 4277 πολλοὶ
1809 4223 1865 4276 δὲ

282 4321 376 4370 καὶ
415 4317 630 4381 ἅξωτοί.
673 4319 790 4370 υὺκ
821 4319 1074 4372 ἐνέλιπον
1105 4318 1163 4370 δὲ
1199 4318 1320 4370 οὐδὲ
1355 4317 1436 4370 tbi
1472 4317 1674 4386 ἰχθύων
1705 4332 1867 4368 τετα-

283 4410 587 4478 ριχευμένα
613 4425 629 4440 ο
665 4410 826 4477 γένος
875 4410 1016 4462 αὐτὰ
1048 4409 1336 4479 ἑκάτερον,
1372 4411 1472 4460 ὅσα
1498 4425 1556 4460 τε
1586 4409 1663 4471 εἰς
1697 4409 1866 4462 δυάδα

285 4502 553 4570 πλακώδη
579 4504 945 4572 παράκεινται
971 4501 1404 4571 παραυγάζοντα
1428 4503 1506 4562 εἰς
1525 4498 1864 4570 ὑπέρυθρον,

1900 4544 1946 4601 ι)

1969 1914 2231 1970 eduntur.
2261 1910 2400 1967 Cum
2447 1920 2628 1967 autem
2679 1909 2868 1966 famuli
2915 1910 3273 1979 mirarentur,
3313 1913 3418 1969 sibi
3466 1914 3559 1968 tali

1971 2012 2214 2074 tempore
2271 2017 2409 2074 opus
2452 2003 2712 2074 imperari
2743 2004 2888 2074 quod
2911 2003 3200 2061 intervallo
3229 2007 3366 2061 satis
3397 2007 3560 2078 longe

1969 2097 2274 2167 indigebat,
2315 2106 2515 2152 etcum
2554 2113 2583 2150 a
2625 2112 2751 2165 rege
2789 2097 3025 2167 sapienti
3069 2108 3379 2168 quaererent
3424 2116 3556 2170 quo-

1968 2188 2302 2258 modejussa
2326 2187 2644 2259 implerent,
2663 2204 2790 2244 cum
2815 2190 2955 2245 nihil
2979 2199 3133 2248 esset
3164 2192 3373 2261 nuptiis
3393 2193 3558 2262 regiis

1970 2289 2222 2350 paratum
2255 2279 2365 2336 nisi
2397 2281 2564 2335 verba
2583 2279 3022 2347 benedictionis;
3044 2281 3147 2336 iste
3175 2281 3362 2336 animo
3384 2281 3554 2337 medi-

1968 2382 2116 2428 tatus
2147 2382 2208 2428 ut
2237 2375 2324 2428 vir
2353 2375 2615 2444 prudens,
2655 2382 2712 2428 et
2736 2373 2956 2428 Petram
2986 2374 3260 2444 extemplo
3282 2374 3556 2444 cogitans.

1965 2465 2101 2520 dicit
2129 2463 2329 2520 exinde
2370 2464 2699 2519 trahendqu
2723 2478 2848 2520 esse
2887 2477 3051 2520 omne
3075 2477 3237 2533 opus.
3279 2465 3344 2518 Et
3370 2465 3556 2520 statim

1966 2557 2185 2626 aliquos
2238 2557 2536 2627 delegavit.
2570 2556 2741 2626 Igitur
2782 2555 2974 2612 famuli
3026 2556 3095 2611 ad
3129 2556 3342 2613 Petram
3375 2557 3560 2612 statim

1965 2651 2558 2720 concurrere,januas
2613 2648 2874 2704 ardenter
2937 2649 3285 2720 propulsare,
3337 2659 3398 2703 ut
3442 2649 3555 2717 jam

1966 2755 2077 2795 non
2105 2741 2388 2796 videretur
2412 2741 2697 2796 hominum
2722 2740 3101 2797 modestorum
3125 2740 3407 2810 strepitus.
3427 2740 3562 2798 Erat

1966 2838 2126 2908 plane
2147 2836 2438 2890 tumultus.
2462 2836 2635 2891 Caute
2659 2834 2916 2906 objurgat
2963 2834 3190 2904 janitor,
3232 2843 3306 2899 et,
3344 2834 3560 2904 cognita

1963 2944 2129 2986 causa
2153 2929 2441 2994 tumultus,
2470 2929 2706 2983 recurrit
2729 2941 2848 2982 eam
2861 2925 3124 2996 praefecto
3143 2926 3437 2981 relaturus.
3456 2925 3561 2992 Qui

1965 3024 2198 3078 comiter
2224 3023 2384 3092 jubet
2415 3019 2631 3090 impleri
2676 3019 2940 3089 placitum
2973 3023 3208 3090 regium.
3237 3019 3411 3084 Quem
3444 3033 3561 3073 ser-

1970 3130 2186 3169 monem
2223 3114 2455 3169 eﬂectus
2483 3114 2684 3168 iterum
2717 3112 3100 3183 consequitur.
3133 3113 3366 3168 l’aratur
3401 3113 3559 3182 panis

1971 3209 2154 3262 omnis
2196 3205 2438 3276 generis,
2491 3221 2720 3276 azymus
2763 3214 2820 3260 ct
2857 3205 3254 3270 fermentatus,
3306 3204 3561 3259 albedine

1972 3301 2263 3369 egregius;
2310 3298 2405 3368 qui
2441 3307 2629 3367 postea
2681 3295 2982 3366 apponitur
3035 3310 3144 3350 non
3202 3303 3287 3352 est
3337 3296 3561 3364 similis,

1972 3393 2066 3448 sed
2097 3406 2470 3462 compressus.
2523 3389 2879 3444 Multiformis
2924 3389 3198 3458 placenta.
3232 3387 3432 3443 Vinum
3478 3399 3558 3445 est

1973 3488 2039 3540 ad
2073 3501 2321 3549 manum,
2357 3500 2467 3538 non
2511 3469 2674 3536 mo’do
2710 3497 2858 3547 aere,
2891 3480 2989 3537 sed
3019 3488 3080 3536 et
3104 3480 3282 3537 dulce.
3323 3481 3562 3536 Fructus

1973 3579 2181 3648 Optime
2243 3573 2580 3631 conservati.
2618 3570 2794 3625 Muria
2856 3586 2925 3631 ex
2977 3571 3139 3636 oleo,
3191 3570 3336 3626 casei
3388 3569 3562 3634 varii.

1973 3671 2156 3742 pisces
2195 3669 2312 3724 sole
2346 3668 2575 3732 conditi,
2602 3665 2826 3736 quidam
2852 3671 3124 3728 recentes,
3169 3658 3354 3733 plures
3385 3670 3562 3716 aceto.

1975 3762 2088 3817 Nec
2125 3761 2352 3816 deerant
2409 3775 2512 3814 ova
2557 3757 2791 3828 piscium
2824 3765 3156 3826 congregata
3191 3773 3205 3809 :
3240 3753 3465 3808 totidem
3497 3768 3562 3808 ex

1975 3865 2214 3925 utroque
2249 3868 2482 3924 genere;
2521 3863 2600 3909 tot
2643 3867 2812 3923 super
2849 3850 2991 3906 duos
3027 3849 3247 3904 cotillos
3271 3847 3428 3918 quasi
3471 3861 3564 3901 ru-

1977 3945 2256 3999 bescentia
2303 3951 2674 4014 opponuntur,
2727 3951 2808 3996 tot
2850 3955 3022 4011 super
3079 3939 3359 3995 canistros
3413 3939 3565 4009 nigra

1977 4045 2376 4094 coacervantur
2411 4054 2427 4094 :
2467 4037 2580 4090 haec
2630 4037 2796 4090 allata
2839 4042 2972 4090 sunt
3016 4048 3088 4088 ex
3113 4043 3319 4088 austra
3350 4032 3417 4086 ad
3459 4033 3564 4085 alia

1976 4134 2120 4197 loca,
2161 4141 2216 4188 et
2243 4133 2309 4186 ad
2344 4132 2621 4186 Euxinum
2654 4127 2857 4183 Tanais
2889 4126 3097 4180 attulit.
3135 4125 3252 4181 lsta~
3277 4125 3460 4179 omnia
3484 4124 3564 4178 si-

1979 4228 2091 4282 mul
2137 4226 2370 4281 collecta
2418 4232 2568 4287 sunt,
2616 4233 2668 4276 et
2717 4221 2976 4289 imposita
3013 4218 3182 4274 mulis
3221 4226 3388 4288 atque
3441 4217 3564 4270 aliis

1977 4319 2246 4373 armentis
2281 4315 2516 4370 abducta
2552 4321 2702 4368 sunt.
2751 4310 2967 4375 Quibus
3014 4317 3146 4363 ante
3181 4309 3375 4363 oculos
3419 4306 3566 4376 regis

1978 4409 2270 4479 expositis,
2311 4407 2402 4461 ille
2427 4406 2666 4459 faustum
2697 4414 2981 4471 stuporem
3007 4401 3282 4470 concepit,
3313 4409 3368 4456 et
3398 4401 3564 4454 mira-

1980 4513 2068 4556 tus
2099 4509 2218 4564 est;
2253 4512 2583 4565 omnemque
2618 4505 2940 4564 apparatum
2978 4491 3185 4561 nuptic
3211 4491 3562 4547 invenerunt.

286 4598 382 4648 καὶ
408 4598 508 4648 ὅσα
536 4597 626 4648 ἐπὶ
660 4596 905 4665 ἀρρίχων
945 4595 1156 4665 μέλανα
1193 4594 1456 4664 κέχυνται
1485 4592 1759 4662 σωρηδόνο
1790 4587 1863 4645 ὧν

1973 4592 2184 4646 Exinde
2237 4600 2462 4644 curatus
2494 4597 2579 4642 est
2611 4587 2720 4641 iste
2752 4601 2846 4640 rex
2885 4585 3308 4656 potentissimus
3350 4594 3404 4640 et
3447 4584 3562 4642 Rex

283 4691 524 4757 χορηγὸς
560 4689 624 4740 ὲκ
668 4687 778 4740 τῶν
815 4687 1048 4758 βορείων
1106 4685 1242 4757 πρὸς
1274 4684 1460 4745 ἄλλοις
1494 4683 1688 4746 τόποις
1719 4684 1811 4736 καὶ
1841 4685 1869 4736 ὁ

282 4783 367 4842 εἰς
389 4781 483 4833 τὸν
508 4780 759 4836 Εὔξεινον
783 4780 1063 4834 ἐκϐάλλων
1093 4779 1318 4840 Τάναϊς.
1357 4778 1655 4846 Ἤθροιστο
1693 4775 1868 4830 ταῦτα

281 4871 422 4940 ὁμοῦ
446 4885 463 4899 ⁶
495 4873 588 4924 καὶ
616 4871 1000 4942 ἀναληφθέντα
1033 4870 1132 4923 ἐπί
1162 4887 1221 4922 τε
1254 4869 1499 4939 ἡμιόνων
1549 4869 1643 4921 καὶ
1673 4867 1867 4921 λοιποῦ

284 4965 675 5036 βαστάγμκτος
699 4965 946 5036 ἀπήχθη.
975 4966 1082 5016 Kal.
1115 4966 1199 5026 είς
1223 4963 1348 5032 ὄψιν
1388 4962 1628 5014 πεσόντα
1657 4961 1736 5032 τῷ
1770 4960 1868 5030 βας

284 5057 451 5121 σιλεῖ,
484 5057 681 5127 ἐκείνῳ
715 5059 812 5126 μὲν
845 5057 1284 5126 ὲνεθησαύρισαν
1316 5054 1505 5123 θαῦμα
1543 5052 1863 5120 εύλογητὸν,

285 5151 384 5204 καὶ
409 5149 782 5217 ἠγαλλιάσατο
807 5165 820 5179 '
851 5148 930 5219 τῷ
963 5149 1019 5200 δὲ
1050 5150 1212 5218 γάμῳ
1247 5148 1598 5217 ἐχορήγησαν
1635 5143 1786 5198 ἂπαν
1807 5145 1868 5198 τὸ

287 5242 627 5310 πρόσφορον.
695 5239 983 5294 Ἐντεῦθεν
1038 5239 1385 5310 ἐθεραπεύθη
1421 5241 1448 5292 ὁ
1491 5238 1666 5308 μέγας
1718 5236 1871 5308 βασι-

285 5333 415 5396 λεὺς
453 5335 684 5398 ἐκεῖνος,
748 5333 842 5385 καὶ
900 5332 1161 5402 ἐδοξάσθη
1195 5335 1223 5384 6
1254 5330 1640 5400 παμϐασιλεὺς
1691 5329 1828 5392 Θεός
1854 5346 1868 5360 ·

290 5430 662 5500 συνεδοξάσθη
698 5430 791 5483 καὶ
818 5430 866 5497 [6
893 5428 1198 5497 άγιώτατος
1237 5427 1576 5498 [Ιρόδρομος,
1617 5424 1874 5495 φιλήσας,

287 5524 480 5590 ὥσπερ
513 5523 612 5596 τὴν
650 5524 997 5592 παλαιτάτην
1041 5522 1325 5591 γύμνωσιν
1375 5519 1565 5586 αὑτοῦ,
1595 5517 1741 5572 οὓτω
1778 5519 1875 5571 καὶ

1972 4700 2157 4754 regum
2185 4683 2328 4736 Deus
2349 4681 2689 4752 gloriﬁcatus
2713 4689 2814 4734 est.
2838 4677 2958 4749 Ipse
2976 4687 3203 4733 sanctus
3224 4677 3565 4753 Prodromus

1969 4778 2279 4833 celebratus
2303 4777 2426 4841 fuit,
2449 4776 2544 4844 qui
2593 4775 2735 4829 sicut
2773 4773 2927 4844 prius
2979 4786 3142 4827 suam
3178 4771 3564 4842 exiguitatem,

1971 4871 2053 4924 sic
2108 4878 2304 4939 postea
2365 4864 2713 4920 Prodromici
2779 4862 3104 4920 rnorrasterii
3159 4861 3562 4918 incrementum

1976 4962 2264 5017 dilexerat.
2283 4959 2421 5014 Huic
2447 4958 2694 5013 addenda
2726 4963 2848 5012 erat
2872 4957 3015 5028 regia
3039 4957 3438 5020 remuneratio,
3468 4970 3564 5024 pro

1976 5054 2264 5125 acquisitis
2294 5053 2480 5116 bonis;
2527 5062 2582 5108 et
2611 5067 2681 5106 ea.
2713 5053 2928 5106 fruetus
2959 5057 3080 5106 crat
3148 5047 3564 5105 benevolentiae.

1977 5159 2032 5205 et
2059 5149 2246 5219 iudicii
2275 5146 2599 5217 spiritualis,
2631 5146 2867 5216 pretium
2899 5159 3000 5214 pro
3052 5143 3220 5198 rebus
3256 5137 3561 5203 exhaustis,

1982 5246 2029 5298 si
2075 5258 2182 5297 non
2211 5242 2279 5296 ad
2315 5254 2604 5312 pauperes,
2631 5238 2827 5294 saltem
2853 5237 2919 5291 ad
2956 5235 3118 5288 aliam
3175 5230 3561 5286 necessitatem

1983 5342 2038 5390 et
2059 5334 2305 5390 divinqu
2353 5331 2616 5403 placitum
2649 5327 2946 5398 eroganda.
2983 5323 3178 5379 Vidisti
3210 5339 3340 5392 ergo
3369 5333 3563 5374 noram

1987 5425 2437 5495 acquisitioncm,
2467 5436 2699 5490 eamque
2734 5419 2880 5472 intra
2925 5412 3345 5470 monasterium,
3387 5408 3566 5476 magis

1985 5517 2207 5587 dignam
2269 5517 2549 5571 laudibus.
2597 5509 3000 5581 Acquirendum
3059 5521 3209 5578 ergo,
3257 5513 3312 5559 et
3365 5504 3564 5557 iterum

360 5729 675 5800 (6)Manucl
725 5729 1064 5793 Cumucnus,
1103 5726 1194 5796 qui
1244 5740 1389 5780 anno
1436 5725 1748 5783 “47-1180
1791 5725 1863 5779 Gr

1970 5741 2105 5778 vrum
2143 5720 2426 5792 imperium
2460 5715 2722 5778 obtinuit,
2770 5713 2836 5766 ab
2867 5711 2988 5767 aliis
3037 5711 3351 5766 auctoribus
3382 5707 3564 5764 minus

291 5817 453 5871 quam
500 5821 528 5860 a
562 5816 748 5860 nostro
778 5800 1066 5857 Eustathio
1109 5800 1382 5854 laudatur.
