3992 6240
461 263 560 324 ’ἳὸῖ

1133 258 1555 319 EUSTATI—lll
1602 259 2027 320 THESSALOP

2145 261 2367 324 ENSIS
2416 260 2971 324 ΜΕΤΒΟΡΟΜΤιΕ

3615 273 3722 334 788

459 375 880 445 acquirendum,
911 383 966 430 et
1016 373 1584 446 superacquirendum
1609 383 1693 428 cst
1729 373 2027 439 monachis1

2144 378 2204 428 τὸ
2258 377 2486 446 ὕστερον
2547 378 2614 430 δι’
2669 377 2834 430 αὑτοῦ
2883 379 3140 448 κτητικὶν
3181 381 3280 451 τῆς
3332 382 3720 454 Προδρομικῆς

460 488 560 540 pro
620 487 770 526 more
822 482 927 527 est.
960 469 1135 526 Aliter
1181 472 1328 525 enim
1392 471 1588 526 melius
1631 478 1714 525 est
1744 471 1851 525 illis
1896 471 2038 526 fame

453 563 850 618 miserabiliter
909 562 1137 617 interire
1188 575 1356 630 quam
1414 562 1556 617 bona
1619 561 1790 616 tetita
1843 563 2034 630 acqui-

457 670 601 712 rere.

2149 472 2342 544 μονῆς.
2379 471 2770 542 Ἐπηκολούθει
2795 472 2851 524 δὲ
2881 471 3092 535 τούτοις
3115 473 3315 528 αὐτίκα
3341 478 3434 527 καὶ
3463 477 3719 546 βασιλικὴ

2143 559 2510 629 ἀντισήκωσις
2537 559 2605 612 δι’
2633 562 3036 630 ἐκπικτήσεως,
3071 563 3298 633 Καρπδς
3330 567 3470 636 αὕτη
3507 570 3720 634 εὐγνω-

2141 652 2380 721 μοσύνης
2406 653 2503 706 καὶ
2523 653 2853 723 διακρίσεως
2881 658 3297 726 πνευματικῆς·
3336 662 3528 730 μισθὸς
3555 661 3718 726 ἐξαν-

453 753 725 821 τλήσεως,
749 752 798 800 εἰ
826 749 923 801 καὶ
959 748 1036 818 μὴ
1075 749 1213 818 πρὸς
1267 749 1502 811 πάντας,
1529 745 1645 800 ἀλλ’
1675 745 1773 800 οὖν
1801 746 1880 808 είς
1915 744 2036 798 δέον
2074 743 2249 806 ἄλλως
2278 745 2373 797 καὶ
2399 744 2538 815 Θεῷξ
2561 743 2947 800 εὐαπόδεκτον.
3004 749 3116 803 Καὶ
3184 751 3292 804 ίδοῦ
3365 753 3706 823 ὑπίρκτησις

455 849 554 902 καὶ
582 845 723 915 αὕτη
767 844 1060 914 μοναχικὴ,
1103 845 1272 898 πολὺν
1317 844 1583 897 ἐθέλουσα
1673 841 1764 895 τὸν
1851 841 2098 895 ἔπαινον.
2137 840 2386 910 Κτητὲον
2418 837 2536 904 οῦν,
2570 844 2668 896 καὶ
2699 845 3048 914 ὲπικτητέον,
3070 846 3164 898 καὶ
3185 847 3560 918 ὑπερκτητέον
3585 849 3710 910 τοὺς

456 939 748 1012 μοναχους,
775 937 850 1001 ὡς
889 937 1010 991 δέον
1044 939 1215 992 ἐστίν.
1271 936 1482 998 ’Ἄλλως
1511 935 1568 988 δὲ
1622 935 1843 989 κάλλιον
1875 935 2021 1004 λιμῷ
2049 934 2232 986 θανεῖν
2262 935 2460 998 αὐτοὺς
2496 936 2770 1001 οἴκτιστα,
2804 938 2838 1008 ἢ
2879 941 3229 1006 περικεῖσθαι
3297 942 3492 1010 κτῆσιν
3581 943 3714 995 ἀκα-

452 1036 718 1090 νόνιστον.

519 1197 611 1253 67.
648 1195 783 1252 Cum
821 1209 1130 1250 sermonem
1167 1196 1235 1250 de
1282 1195 1444 1249 rebus
1473 1209 1504 1248 a
1539 1193 1826 1248 monachis
1845 1192 2035 1262 acqui-

453 1291 638 1347 rendis
674 1271 754 1343 sic
798 1287 1216 1362 compleverim,
1259 1287 1407 1341 istud
1455 1302 1674 1356 quoque
1721 1287 1775 1340 in
1828 1300 2035 1340 memo-

451 1384 590 1438 riam
649 1380 1137 1450 revocabo,quod
1203 1380 1369 1434 vetita
1436 1378 1638 1442 habes,
1700 1392 1800 1432 nec
1851 1378 2029 1432 solum

452 1475 652 1538 habes,
675 1472 772 1528 sed
805 1474 983 1530 etiam
1028 1478 1444 1540 perseveranter
1493 1470 1664 1524 habes
1695 1479 1744 1522 et
1792 1469 2034 1532 retines;

450 1581 575 1638 quae
626 1573 807 1620 autent
863 1543 1078 1622 fortiter
1114 1563 1339 1628 habere,
1393 1571 1464 1638 et
1515 1563 1743 1615 firmiter
1796 1562 2034 1615 retinere

2207 1187 2304 1258 ξζ’.
2341 1189 2500 1243 Οῦτω
2553 1189 2608 1241 δὲ
2635 1191 2983 1258 καταστήσας
3026 1191 3123 1244 καὶ
3173 1190 3264 1243 τ’ὸν
3311 1191 3442 1260 περὶ
3476 1191 3726 1260 κτήσεως

2140 1285 2439 1355 μοναχικῆς
2461 1282 2641 1349 λόγον,
2674 1284 2768 1336 καὶ
2804 1282 2872 1335 τά
2905 1282 3071 1335 λοιπὰ
3093 1282 3170 1348 δὲ,
3207 1277 3287 1345 οῖς
3323 1284 3584 1349 ἀπετάξω
3612 1302 3728 1337 κει-

2139 1376 2388 1446 ρόμενος,
2417 1375 2668 1444 ἐκθήσων
2699 1373 2820 1442 ἥκω
2841 1373 3068 1427 κάκεῖνο
3096 1374 3174 1435 είς
3200 1374 3534 1443 ὑπόμνησιν,
3565 1373 3665 1436 ὡς,
3693 1373 3730 1430 a'

2140 1469 2240 1538 μὲν
2267 1467 2646 1540 προσετάχθης
2681 1468 2755 1538 μὴ
2783 1467 2952 1538 ἔχειν,
2980 1469 3038 1519 οὐ
3075 1469 3238 1536 μόνον
3269 1467 3437 1537 ἔχεις,
3465 1467 3606 1521 ἀλλὰ
3632 1471 3726 1521 καὶ

2139 1560 2428 1623 ἐπιτείνεις
2465 1561 2561 1630 τὴν
2590 1560 2677 1613 ἐπ’
2713 1559 2898 1621 αὐτοῖς
2927 1557 3156 1629 ἀντοχὴν
3185 1560 3276 1611 καὶ
3310 1556 3426 1622 ἕξιν
3448 1571 3462 1585 ⁶
3498 1557 3643 1611 ὅσων
3670 1559 3725 1612 δὲ

452 1619 638 1728 ᾗιεευε
670 1671 729 1716 es
769 1666 893 1726 post
927 1654 1243 1710 mandatum
1289 1635 1522 1714 retine-rc
1571 1653 1804 1716 desiisti,
1836 1653 1890 1706 in
1932 1652 2027 1706 hoc

2141 1619 2432 1720 ὲνετάλθης
2483 1619 2767 1719 ἐγκρατῶς
2803 1619 2973 1720 ἔχειν,
3025 1619 3123 1702 κ’ᾆὶ
3146 1649 3318 1720 ἀπρὶξ
3350 1619 3536 1703 αὐτῶν
3600 1650 3727 1703 ἀντ-

450 1762 669 1818 quoque
723 1745 1031 1815 posthabita
1083 1754 1173 1798 tua
1229 1746 1624 1816 promissione,
1673 1746 1728 1799 in
1776 1759 2028 1803 tonsura,

451 1848 579 1894 ante
611 1838 778 1892 Deum
819 1837 1168 1892 invisibiliter
1205 1825 1500 1891 astantem.
1533 1837 1671 1892 Audi
1711 1838 1897 1909 igitur.

518 2163 610 2219 68.
638 2161 875 2219 Necesse
915 2171 1021 2226 est,
1055 2161 1242 2226 homo,
1279 2169 1334 2218 te
1372 2175 1598 2217 servare
1623 2161 1853 2216 fratrum
1884 2178 2036 2218 amo-

450 2268 586 2318 rem,
635 2267 848 2323 pacem,
884 2252 1342 2315 benevolentiam,
1379 2251 1582 2307 divina:
1623 2252 1924 2322 Scriptura
1964 2255 2040 2309 le-

450 2343 626 2398 ctioni
645 2353 708 2395 et
737 2341 1080 2396 meditationi
1115 2344 1341 2407 instare,
1373 2351 1426 2394 et
1454 2341 1560 2396 alia
1581 2357 1764 2412 agere,
1792 2359 1914 2415 quae
1941 2344 2038 2399 tibi

449 2431 734 2484 ncessaria
766 2429 1014 2483 facienda
1057 2428 1247 2483 nullus
1277 2427 1350 2482 de
1377 2429 1536 2483 turba
1571 2430 1796 2500 agnovit
1829 2449 1845 2485 :
1881 2431 2036 2485 Tuus

456 2520 686 2574 fratrum
715 2533 870 2573 amor
904 2519 1125 2572 ubinam
1153 2519 1354 2575 mentis
1385 2519 1456 2576 sit
1474 2521 1736 2576 .ostende.
1763 2520 1876 2577 Nos
1889 2523 2036 2576 enim

449 2612 518 2666 de
547 2611 648 2664 hoc
685 2610 894 2664 conscii
938 2625 1047 2670 non
1119 2626 1329 2666 sumus.
1374 2611 1729 2685 Quaecunque
1773 2617 2038 2672 adversus

457 2702 684 2754 fratrem
712 2703 1083 2770 concupiscis,
1118 2701 1258 2771 agis,
1295 2717 1401 2757 non
1431 2704 1771 2767 cunctando,
1796 2706 1894 2761 sed
1925 2721 2037 2760 uno

461 2795 573 2847 ictu
623 2793 808 2859 oculi,
859 2809 927 2846 ne
989 2793 1279 2847 antecedat
1354 2793 1710 2862 pmnitentia,
1776 2803 2038 2866 tuamque

459 2883 568 2938 vim
619 2891 896 2951 acceptam
947 2883 1223 2948 cohibeat,
1279 2899 1403 2940 cum
1459 2885 1714 2944 irasceris
1767 2887 2037 2942 adversus

456 2979 715 3034 fratrem.
768 2978 832 3032 Et
870 2978 1094 3040 fratrem
1127 2981 1252 3033 dico
1277 2997 1683 3052 quemcunque,
1711 2987 1766 3037 in
1790 2998 2036 3038 comma-9

449 3071 676 3124 nitatem
717 3079 896 3124 tecum
929 3071 1161 3140 feliciter
1207 3073 1539 3142 ingressum,
1581 3091 1706 3130 cum
1750 3090 1875 3129 eum
1910 3074 2034 3130 sine

451 3165 634 3232 gladio
677 3165 912 3219 invadis.
964 3164 1220 3219 Profecto
1273 3166 1420 3220 enini
1465 3182 1576 3222 non
1627 3167 1858 3224 viveret.
1903 3165 2034 3220 Tum

461 3257 839 3326 intelligentia!
870 3258 1060 3311 nescio
1093 3257 1223 3325 quid
1259 3256 1526 3311 attribuas
1568 3257 1746 3322 fratri,
1782 3271 1906 3310 cum
1949 3258 2032 3311 sic

449 3350 738 3418 indulgeas
797 3350 1066 3404 adversus
1105 3365 1227 3403 eum
1268 3348 1683 3418 concupiscibili
1739 3357 1792 3400 et
1844 3348 2032 3401 irasci-

445 3444 541 3496 bili
571 3444 858 3513 appetitui,
906 3442 1012 3496 nisi
1053 3441 1193 3498 forte
1231 3456 1354 3494 cum
1397 3457 1520 3495 eum
1551 3440 1840 3509 cppandis.
1876 3437 2032 3492 Tunc

443 3537 596 3587 enim
655 3544 826 3588 totum
863 3533 1227 3594 intellectum,
1264 3533 1318 3587 id
1359 3547 1556 3602 nempe
1607 3532 1752 3601 quad
1796 3530 2026 3601 judicat,

444 3627 572 3680 huic
600 3636 655 3681 ct
703 3627 834 3684 huic
871 3627 970 3682 soli
999 3626 1309 3693 impendis;
1337 3635 1389 3680 te
1427 3625 1546 3695 ipso
1594 3624 1730 3680 nihil
1791 3623 2028 3686 oﬂcnso,

446 3719 504 3771 in
541 3717 691 3770 illum
729 3726 906 3771 rotam
943 3725 1165 3774 statera
1193 3726 1302 3772 tua
1339 3718 1549 3772 critieac
1579 3717 1765 3771 vertis.
1805 3714 1906 3781 Qui
1930 3729 2032 3768 au-

443 3809 552 3860 tem
599 3807 1004 3864 fraternitatem
1051 3809 1160 3864 isto
1209 3809 1372 3864 modo
1425 3809 1700 3879 despicit,
1753 3807 2030 3876 quomodo

437 3913 628 3968 pacem
659 3899 959 3968 perfectam
988 3901 1194 3956 habere
1227 3900 1499 3956 dicendus
1539 3900 1694 3955 erit?
1732 3899 1853 3952 finis
1881 3898 2025 3951 enim

440 3992 595 4061 pacis
632 4001 718 4046 est
763 4006 922 4047 mes
971 3993 1094 4048 sine
1139 3993 1403 4047 tumultu.
1455 3992 1520 4046 Et
1592 3989 1870 4060 quomodo
1940 3994 2028 4041 tu-

439 4083 671 4138 multum
735 4099 846 4140 non
893 4084 1139 4151 haberet,
1176 4086 1272 4155 qui
1339 4086 1476 4139 iram
1537 4093 1592 4139 et
1630 4082 2030 4152 concupiscen-

437 4177 566 4234 tiam
626 4193 736 4234 non
784 4179 1071 4249 repressit,
1117 4188 1173 4234 et
1207 4183 1312 4234 istc
1360 4177 1524 4234 modo
1569 4178 1816 4232 statuit?
1861 4188 2028 4229 unam

435 4271 682 4340 quidem,
709 4271 1076 4327 saevissimam
1111 4273 1164 4326 in
1199 4273 1422 4328 homine
1450 4273 1656 4339 feram;
1688 4280 1743 4328 ct
1774 4271 2022 4332 alteram,

2139 1742 2381 1813 ἔχεσθαι,
2404 1742 2628 1810 ἀφῆκας
2648 1740 2958 1804 ἀκολούθως
2982 1744 3048 1812 τῇ
3080 1741 3268 1812 ἐντολῇ
3293 1743 3549 1814 κατέχειν
3569 1757 3585 1771 ·
3616 1742 3725 1795 οὐδ’

2138 1835 2374 1888 ἐνταῦθα
2393 1835 2674 1904 φυλάττων
2702 1833 2799 1903 τὴν
2832 1836 2921 1887 ἐπὶ
2945 1835 3080 1888 Θεοῦ
3105 1834 3270 1890 αὐτοῦ
3303 1835 3554 1906 ἀοράτως
3581 1854 3724 1907 παρα

2137 1923 2308 1990 όντος,
2340 1924 2416 1988 ὡς
2475 1921 2622 1987 οἶδας
2644 1965 2660 1989 ,
2696 1925 2752 1976 ὲν
2780 1927 2845 1995 τῇ
2887 1925 3062 1995 κουρᾷ
3093 1941 3186 1977 σου
3237 1924 3557 1980 κατάθεσιν.
3614 1927 3724 1979 Καὶ

2139 2016 2321 2070 τοίνυν
2351 2017 2538 2073 ἄκουε.

2210 2153 2315 2225 ζη’.
2351 2156 2587 2228 ’Δνάγκη
2609 2157 2888 2213 ἐπίκειταί
2920 2173 3027 2220 σοι.
3080 2151 3127 2212 ὦ
3171 2151 3363 2225 οὗτος,
3395 2157 3544 2228 ἔχειν
3604 2157 3722 2226 φιλ-

2139 2247 2419 2315 αδελφίαν,
2452 2248 2772 2318 ἡσυχάζειν,
2803 2247 3209 2308 ὲπιεικεύεσθαι
3233 2288 3249 2315 ,
3269 2248 3500 2319 μελέτης
3555 2265 3724 2319 μετα-

2139 2337 2415 2390 ποιεῖσθαι
2447 2338 2542 2389 καὶ
2581 2338 2945 2406 ἀναγνώσεως
2982 2339 3143 2392 θείων
3179 2338 3409 2404 λογίων,
3463 2339 3560 2391 καὶ
3582 2339 3720 2392 ἄλλα

2140 2430 2425 2500 πράττειν,
2461 2431 2496 2483 ἆ
2539 2448 2622 2494 τις
2652 2431 2758 2483 τῶν
2799 2431 3062 2484 ἁπάντων
3109 2431 3214 2485 οὐκ
3246 2427 3388 2486 οἶδεν
3426 2431 3720 2500 ὲποφείλε-

2141 2521 2264 2573 σθαι
2298 2519 2403 2571 ὑπὸ
2437 2518 2551 2572 σοῦ.
2589 2520 2812 2572 Δείκνυε
2850 2520 2978 2588 γοῦν
3001 2521 3060 2574 τὸ
3088 2519 3434 2590 φιλάδελφον,
3460 2519 3565 2573 ποῦ
3592 2537 3719 2574 ποτε

2138 2607 2318 2678 ψυχῆς
2373 2608 2526 2677 παρά
2576 2609 2661 2660 σοὶ
2719 2611 2916 2662 κεῖται.
2958 2608 3152 2678 Ἡμεῖς
3190 2611 3299 2678 γὰρ
3338 2609 3398 2661 οὑ
3435 2609 3717 2678 συνίεμεν.

2144 2699 2283 2754 Ὅσα
2315 2701 2457 2768 κατὰ
2481 2701 2574 2753 τοῦ
2607 2700 2840 2769 ἀδελφοῦ
2873 2700 3265 2772 ἐπιθυμήσεις,
3303 2704 3500 2764 ποιεῖς,
3532 2703 3630 2754 καὶ
3654 2704 3715 2756 οὗ

2140 2788 2426 2858 χρονίζων,
2451 2788 2588 2842 ἀλλά
2613 2794 2670 2842 ἐν
2692 2791 2891 2859 ἀκαρεῖ
2924 2791 3120 2862 χρόνου
3149 2807 3164 2822 ο
3203 2791 3279 2854 ὡς
3313 2790 3402 2856 ἂν,
3435 2787 3616 2859 οἶμαι,
3641 2791 3716 2862 μὴ

2143 2885 2236 2938 καὶ
2274 2883 2528 2951 φθάσασα
2566 2884 2829 2953 μετάνοια
2855 2884 3122 2956 δράξηταί
3153 2902 3249 2938 σου
3280 2885 3381 2955 τῆς
3428 2887 3716 2956 ἐνεργείας

2064 2979 2106 3036 C
2141 2981 2219 3042 εἰς
2249 2979 2510 3048 κώλυσιν,
2540 2978 2636 3030 ὲάν
2668 2978 2930 3049 θυμωθῇς
2959 2981 3102 3033 κατά
3136 2979 3226 3033 τοῦ
3259 2980 3518 3048 ἀδελφοῦ.
3551 2982 3714 3049 Λέγω

2137 3068 2191 3122 δὲ
2219 3068 2449 3136 ἀδελφὸν
2487 3068 2666 3122 πάντα
2712 3068 2802 3120 τὸν
2851 3071 2930 3132 είς
2965 3069 3256 3124 κοινωνίαν
3293 3069 3390 3141 τὴν
3438 3071 3584 3140 μετά
3620 3069 3716 3125 σοῦ

2134 3160 2338 3230 ἥκοντα
2395 3159 2686 3229 μακάριον,
2733 3159 2780 3212 εἰ
2829 3159 3018 3229 ἄξιφος
3065 3163 3384 3224 ὲπιπίπτεις
3433 3163 3606 3232 αὐτῷ.
3638 3158 3714 3216 *ιι

2134 3252 2242 3319 γὰρ
2277 3250 2342 3302 ἂν
2375 3251 2475 3303 οὐκ
2503 3251 2567 3304 ἂν
2609 3252 2729 3304 οὐδὲ
2759 3251 2879 3322 ἔζη.
2934 3253 3042 3306 Τοῦ
3078 3253 3131 3305 δὲ
3165 3258 3226 3308 ὲν
3266 3257 3351 3308 σοὶ
3401 3253 3718 3322 λογιστικοῦ

2133 3345 2232 3396 οὐκ
2265 3337 2381 3396 οἶδα
2412 3344 2608 3397 ὁπόσον
2655 3347 2954 3415 ἀπονέμεις
2985 3347 3062 3417 τῷ
3096 3347 3336 3418 ἀδελφῷ,
3364 3348 3509 3401 οὕτω
3547 3366 3713 3418 χαριο

2135 3436 2361 3505 ξάμενος
2385 3438 2461 3504 τῷ
2497 3438 2620 3491 κατ’
2653 3438 2817 3491 αὐτοῦ
2846 3439 3234 3510 ἐπιθυμητικῷ
3260 3457 3317 3493 τε
3348 3442 3443 3493 καὶ
3468 3441 3716 3512 θυμικῷ,

2134 3531 2183 3581 εἰ
2211 3529 2287 3600 μὴ
2318 3529 2448 3600 ἄρα,
2480 3530 2568 3584 ὅτε
2604 3531 2945 3600 λογιστεύεις
2977 3533 3162 3586 αὐτόν.
3194 3533 3327 3586 Τότε
3384 3534 3497 3602 γὰρ
3538 3535 3718 3598 ἄλλως

2133 3623 2193 3676 τὸ
2223 3624 2330 3678 πᾶν
2353 3624 2685 3692 λογιστικὸν,
2744 3625 2884 3694 ὅπερ
2914 3626 3032 3678 ἐστὶ
3059 3625 3490 3691 λογιστευτικδν,
3523 3626 3719 3694 ἐκείνῳ

2133 3719 2227 3770 καὶ
2259 3717 2407 3787 μόνῳ
2443 3719 2803 3788 προσνοέμεις,
2839 3718 2899 3770 σὲ
2951 3719 3052 3787 μὲν
3090 3719 3252 3772 αὑτὸν
3306 3719 3464 3772 οὐδέν
3492 3736 3552 3772 τι
3580 3719 3721 3786 λογι-

2133 3808 2357 3870 στεύων.
2395 3809 2520 3861 κατ’
2551 3811 2765 3862 ἐκείνου
2811 3810 2870 3863 δὲ
2897 3809 3185 3863 καθέλκων
3227 3811 3585 3880 φαρισαῖκῶς
3619 3814 3718 3880 τὴν

2133 3903 2308 3973 ῥοπὴν
2334 3903 2432 3970 τῆς
2461 3904 2518 3954 ὲν
2549 3905 2634 3955 σοὶ
2679 3907 2936 3974 κριτικῆς
2970 3905 3333 3972 πλάστιγγος.
3398 3906 3458 3958 '0
3485 3905 3546 3958 δὲ
3574 3906 3717 3959 οὕτω

2131 3992 2231 4059 τὴν
2279 3990 2615 4061 ἀδελφότητα
2665 3991 3052 4062 παραθεωρῶν
3103 3993 3221 4054 πῶς
3276 3991 3341 4046 ἂν
3399 3993 3716 4064 ἡσυχαστὴς

2131 4083 2378 4155 ὁλοτελὴς
2413 4084 2700 4156 κληθήσῃς
2745 4084 3012 4154 Ἡσυχίας
3047 4086 3146 4154 μὲν
3179 4089 3288 4159 γὰρ
3319 4088 3473 4152 τέλος
3501 4093 3713 4162 ἀταρα-

2133 4176 2222 4242 ξία
2241 4176 2422 4246 ψυχῆς
2444 4192 2456 4205 ⁸
2479 4178 2754 4248 ἀτάραχος
2785 4177 2841 4229 δὲ
2874 4177 2991 4241 πῶς
3019 4179 3084 4231 ἂν
3115 4179 3202 4248 εἴη
3230 4181 3258 4231 ὁ
3288 4179 3460 4250 θυμὸν
3495 4183 3594 4252 μὲν
3619 4183 3716 4237 καὶ

2133 4269 2430 4338 ἐπιθυμίαν
2467 4270 2542 4340 μὴ
2585 4269 2862 4334 πατάξας,
2887 4271 2981 4324 καὶ
3010 4269 3153 4322 οὕτω
3173 4271 3379 4337 τάξαςς
3417 4267 3492 4326 ὧν
3521 4275 3581 4326 τὸ
3615 4276 3713 4344 μὲν

435 4331 642 4414 malum
667 4331 940 4430 serpens;
975 4362 1182 4432 quique
1226 4363 1351 4416 istis
1385 4363 1545 4418 malis
1601 4331 2018 4432 intelligentiam

2137 4331 2479 4429 θρασῦτατον
2501 4331 2559 4411 ὲν
2591 4331 2866 4430 ἀνθρώπω
2895 4361 3106 4450 θηρίον,
3145 4363 3206 4414 τὸ
3239 4331 3296 4414 δὲ
3317 4331 3556 4416 ῦπουλον
3576 4382 3589 4396 ·
3615 4331 3715 4417 ιτδν

431 4451 738 4522 applicuit:
769 4451 974 4519 quibus
998 4453 1271 4520 repressis
1295 4451 1642 4507 solummodo
1675 4467 1862 4520 pacem
1893 4464 2014 4503 ant-

431 4556 576 4610 mus,
607 4550 660 4596 et
687 4556 785 4610 per
816 4555 942 4595 eum
981 4549 1132 4596 totus
1163 4543 1327 4598 homo
1360 4544 1646 4598 inveniret.

505 4757 595 4813 69.
633 4755 790 4813 Tunc
823 4761 1057 4829 quaesita
1110 4763 1417 4818 mulatione
1473 4765 1538 4817 de
1567 4764 1686 4817 loco
1719 4763 1786 4816 ad
1817 4764 2016 4826 locum,

433 4865 544 4920 quo
575 4851 724 4920 parvi
759 4851 949 4916 refert,
983 4854 1142 4924 quasi
1199 4855 1264 4908 ad
1323 4855 1622 4908 curandam
1681 4855 2016 4923 passionem,

431 4956 620 5011 pacem
648 4942 850 5000 habere
883 4961 1099 5014 censes,
1159 4947 1254 5003 sed
1309 4962 1366 5001 re
1399 4949 1515 5016 ipsa
1544 4947 1838 5002 tumultum
1899 4963 2012 5000 ma-

429 5035 639 5088 aimum
676 5035 914 5105 invenis,
941 5039 1211 5109 siquidem
1237 5056 1349 5094 non
1407 5041 1802 5108 permittuntur
1839 5057 2004 5112 opera

425 5133 651 5180 externa
687 5131 996 5196 quamlibet
1040 5132 1238 5185 malam
1275 5133 1630 5201 cupiditatem
1673 5135 2006 5203 expellentia

427 5233 529 5273 nec
556 5220 776 5276 interna
802 5232 858 5277 et
887 5223 939 5277 in
972 5223 1162 5291 primis
1195 5225 1345 5278 verbi
1374 5226 1464 5278 Dei
1500 5227 2004 5291 meditatio,tectio,

425 5319 502 5375 et,
538 5313 696 5380 quasi
733 5315 802 5369 de
829 5315 1220 5384 antistrophis,
1274 5317 1506 5372 relectio
1543 5333 1556 5368 :
1593 5333 1698 5372 nec
1724 5321 1924 5374 ardens
1956 5329 2010 5372 et

427 5399 672 5461 practica
693 5401 1007 5466 meditatio,
1032 5401 1544 5471 qualtueditatione,
1563 5415 1623 5456 ut
1654 5405 1729 5457 ait
1748 5403 1918 5460 David
1939 5405 2007 5471 “,

2131 4451 2391 4520 λογισμὸν
2415 4451 2471 4504 δὲ
2508 4451 2780 4516 ὑποτάξας
2816 4457 3008 4515 κακοῖς
3036 4453 3319 4517 τοιούτοις,
3353 4450 3430 4509 ὧν
3462 4473 3713 4510 πεπετα-

2134 4535 2349 4606 γμένων
2394 4539 2626 4608 ἡσυχίαν
2656 4535 2812 4608 εὗρεν
2865 4540 2932 4592 ἂν
2979 4543 3006 4594 ὁ
3066 4541 3212 4606 νοῦς,
3257 4543 3352 4596 καὶ
3380 4544 3448 4598 δι’
3484 4545 3652 4599 αὑτοῦ
3686 4549 3714 4599 ό

2130 4629 2253 4691 ὅλος
2283 4628 2380 4682 ἄνθ
2393 4647 2596 4700 ρωπος.

2202 4768 2298 4833 ξθ’.
2350 4749 2617 4822 Ἐὖταῦθα
2673 4770 2731 4823 δὲ
2793 4773 3101 4841 μεθοδεὺων
3152 4775 3300 4826 ἔστιν
3352 4770 3417 4828 οῦ
3477 4776 3715 4839 τοπικὴν

2129 4861 2467 4932 ὲξωτερικὴν
2520 4865 2874 4934 μετάστασιν,
2927 4868 3002 4930 ὡς
3050 4868 3142 4920 ἐπὶ
3187 4867 3459 4939 θεραπείᾳ
3508 4869 3603 4921 τοῦ
3638 4871 3714 4922 πά

2123 4954 2273 5017 θους,
2300 4957 2547 5025 νομίζεις
2570 4956 2670 5026 μὲν
2699 4958 3000 5029 ἡσυχάζειν
3022 4974 3035 4987 ·
3069 4961 3220 5029 ἔχεις
3253 4959 3308 5011 δὲ
3332 4962 3442 5029 ἄρα
3468 4963 3592 5014 τότε
3621 4963 3715 5014 τὸν

2121 5045 2382 5113 μέγιστον
2433 5048 2672 5119 τάραχον
2696 5087 2711 5109 ,
2752 5051 2854 5102 οὐκ
2898 5051 3192 5121 ἀφιέμενος
3248 5053 3374 5105 οὔτε
3415 5054 3558 5124 πρὸς
3599 5056 3715 5116 τοῖς

2119 5136 2226 5199 ἔξω
2255 5137 2441 5207 ἔργοις
2486 5136 2652 5206 εἶναι,
2683 5141 2753 5193 δι’
2777 5135 2853 5196 ὧν
2891 5143 3248 5196 ἀποσοϐεῖται
3289 5145 3444 5198 πᾶσα
3491 5146 3710 5215 πονηρὰ

2118 5227 2440 5298 ὲνθύμησις,
2500 5230 2626 5284 οὔτε
2657 5234 2794 5304 πρὸς
2833 5237 2946 5298 τοῖς
2989 5234 3160 5300 ἔνδον,
3187 5231 3262 5289 ὧν
3291 5237 3594 5304 κεφάλαιον
3641 5239 3710 5287 τὰ

2116 5318 2238 5374 Θεῖα
2267 5322 2425 5390 λόγια
2450 5322 2824 5395 μελετώμενα,
2852 5329 2947 5379 καὶ
2975 5326 3120 5380 οὕτω
3173 5328 3585 5398 γινωσκόμενα,
3611 5329 3708 5381 καὶ

2113 5413 2493 5485 ἀντιστρόφως
2528 5417 2586 5470 δέ
2625 5435 2745 5479 πως
2793 5420 2985 5488 φάναι,
3039 5419 3558 5490 ἀναγινωσκόμενα,
3604 5422 3701 5472 καὶ

426 5491 738 5545 exar‘desc‘it
772 5492 940 5562 ignis,
974 5500 1031 5546 et
1085 5496 1314 5550 omissis
1373 5495 1498 5551 aliis
1536 5498 1846 5551 commodis
1871 5513 2010 5566 prae-

2137 5504 2256 5558 ιῦτω
2290 5507 2639 5578 μελετώμενα
2674 5511 3016 5580 ἐμπράκτως
3061 5513 3156 5565 καὶ
3186 5512 3506 5583 ἑνθέρμως·
3547 5510 3614 5587 ἦς
3639 5513 3703 5582 δὴ

496 5692 538 5719 ¹⁶
562 5689 700 5745 Ps-al.
734 5709 958 5760 surtu,
979 5694 1029 5749 4.
