3992 6240
201 276 390 354 ,789

1241 233 1340 340 De
1368 276 1851 339 EMENDANDA
1892 281 2072 338 vrm
2113 283 2586 346 momcntca.

3449 303 3553 364 790

289 396 521 470 μελέτης
554 396 652 451 καὶ
709 393 841 466 πῦρ,
893 393 1196 456 Δαυῖτικῶς
1252 396 1448 461 εἰπεῖν,
1480 394 1853 462 ὲξανάπτεται,

1973 397 2138 452 claris
2163 439 2178 464 ,
2203 415 2312 455 non
2349 404 2511 458 modo
2567 417 2783 462 onmem
2828 407 3092 464 malitiam
3127 414 3427 481 consumit,
3458 419 3552 472 scd

287 483 456 560 ὥπερ
487 491 548 543 οὗ
584 489 745 558 μόνον
773 487 935 557 ἔργον
965 487 1109 558 μέγα
1136 488 1197 540 τὸ
1233 489 1629 558 κατεμπιπρᾷν
1651 488 1868 544 ἃπασαν

287 584 482 637 κακίαν
519 583 735 644 ύλαίαν,
784 581 920 636 ἀλλὰ
957 581 1055 634 καὶ
1118 581 1381 648 φωτίζειν
1441 581 1635 651 λύχνον
1684 582 1778 635 τὸν
1808 582 1869 634 ἐν

287 677 422 745 ἡμῖν
451 675 540 727 διὰ
576 673 818 744 Κυρίου,
856 672 916 739 ὃς
967 673 1191 742 φωτίζει
1217 674 1279 726 ού
1321 673 1483 743 μόνον
1537 671 1868 745 προφητικὸν

286 764 506 836 λύχνον,
540 765 679 819 ἀλλὰ
709 768 804 819 καὶ
830 765 1013 820 πάντα
1035 763 1343 834 ἄνθρωπον,
1365 763 1716 818 ἀνατείνοντα
1738 766 1868 830 τοὺς

286 858 604 929 ὀφθαλμοὺς
635 857 718 920 εἰς
753 857 951 910 αὐτόν’
1010 857 1105 909 καὶ
1131 857 1192 910 οὐ
1226 857 1353 921 τοὺς
1385 859 1734 928 σωματικοὺς
1765 861 1868 929 μό-

285 967 399 1013 νον,
429 949 568 1003 ἀλλὰ
597 948 701 1020 πρὸ
732 948 912 1002 αὐτῶν
943 948 1236 1014 τοὺςδκατέι
1275 948 1478 1018 ψυχὴν,
1509 947 1604 1014 οὓς
1645 950 1740 1004 καὶ
1770 967 1868 1005 κυ-

285 1041 422 1114 ρίως
453 1041 684 1111 λύχνους
711 1040 808 1093 τοῦ
838 1041 1094 1112 σώματος
1119 1040 1369 1108 οἴδαμεν.

357 1131 421 1187 0'.
474 1133 740 1204 Ἀπόφαθι
771 1134 975 1195 τοίνυν,
1008 1127 1052 1187 ὦ
1075 1134 1630 1204 μεγαλομόναχε,καὶ
1659 1134 1717 1188 τὸ
1735 1137 1868 1206 ἠσυο

285 1227 494 1294 χαστὴς
548 1226 846 1294 λέγεσθαι,
899 1227 1007 1290 ἕως
1063 1227 1130 1280 ἂν
1166 1226 1340 1300 ψεύδῃ
1375 1227 1466 1280 τὸν
1517 1230 1864 1300 φιλάδελφον.

291 1315 593 1383 Ἀρπάξει;
625 1317 705 1378 εἰς
737 1316 981 1386 ἐμφανὲς
1010 1353 1026 1378 ,
1069 1316 1298 1386 ἐρίζει-ς,
1326 1317 1592 1385 ὑϐρίζεις,
1623 1319 1866 1390 βλασφη-

285 1411 433 1477 μεῖς,
460 1410 638 1462 πάντα
670 1413 844 1475 ποιεῖς
885 1411 952 1465 τὰ
974 1410 1202 1465 τοιαῦτα
1231 1411 1328 1466 ἐπὶ
1353 1412 1590 1484 ἀδελφῷ.
1623 1414 1746 1478 Πῶς
1769 1412 1864 1469 οὖν

287 1503 376 1555 τὸν
403 1500 650 1557 τοιοῦτον
681 1501 891 1568 φιλείς;
922 1501 1046 1566 Πῶς
1071 1505 1130 1556 δὲ
1163 1504 1460 1575 τολμήσεις
1484 1506 1660 1558 εἰπεῖν
1691 1501 1866 1562 ἐπιει-

283 1593 570 1656 κεύεσθαι,
594 1593 835 1655 τοιοῦτος
870 1592 980 1658 ὦν;
1049 1594 1354 1648 Ἐπιείκεια
1398 1595 1502 1664 μὲν
1531 1597 1640 1668 γὰρ
1677 1599 1862 1669 παρά·

282 1684 513 1756 θραυσίς
561 1686 711 1739 ἐστιν
745 1685 879 1738 ίδίου
912 1685 1124 1739 δικαίου
1168 1687 1475 1751 ἐθελούσιος
1511 1691 1605 1744 ἐπὶ
1634 1693 1859 1764 είρήνῃ-

1974 500 2027 543 ct
2060 489 2341 546 lucernam
2369 509 2468 562 per
2513 493 2804 553 Dominum
2853 501 3128 570 accendit,
3151 504 3242 572 qui
3279 505 3555 562 illuminat

1973 589 2172 652 praeter
2211 582 2496 640 lucernam
2544 589 2846 660 prophetae,
2895 600 2952 648 et
2980 608 3198 650 omnem
3250 595 3551 662 hominem,

1972 672 2320 729 attollentem
2349 675 2416 731 ad
2444 692 2504 732 se
2527 681 2739 748 oculos,
2766 695 2875 736 non
2901 687 3242 754 corporales,
3259 687 3356 742 sed
3379 690 3552 757 magis

1971 764 2310 834 Spirituales,
2344 782 2483 836 quos
2542 773 2766 842 proprie
2826 774 3110 832 lucernam
3150 779 3399 849 corporis
3429 795 3552 837 esse

1971 872 2247 915 novrmus.

2043 1129 2130 1186 70.
2162 1130 2292 1188 Noli
2354 1131 2546 1201 igitur,
2577 1147 2612 1189 ο
2663 1148 2859 1204 magne
2911 1139 3201 1205 monache,
3231 1139 3342 1196 dici
3404 1143 3553 1212 paci-

1969 1223 2129 1289 ficus,
2163 1223 2293 1279 dum
2324 1223 2614 1280 frustraris
2666 1223 2898 1280 fratrum
2938 1212 3203 1284 amorem.
3258 1229 3551 1289 Manifesto

1966 1315 2112 1374 enim
2136 1313 2413 1382 disputas,
2441 1317 2756 1384 contendis,
2779 1320 3118 1377 conviciaris
3135 1361 3150 1387 ,
3180 1323 3547 1394 blasphemas,

1966 1416 2021 1462 et
2040 1408 2227 1462 omnia
2257 1407 2378 1464 istis
2407 1409 2614 1464 similia
2637 1421 2829 1466 contra
2857 1412 3080 1470 fratrem
3099 1417 3217 1485 agis
3240 1431 3398 1480 ;eum.
3419 1432 3551 1489 ergo

1965 1501 2246 1570 quomodo
2277 1501 2506 1570 diligis?
2529 1504 2680 1558 Talis
2738 1519 2862 1560 cum
2918 1507 2998 1562 sis
3022 1546 3040 1570 ,
3073 1523 3180 1578 qua
3214 1508 3397 1565 fronte
3455 1524 3554 1564 au-

1967 1593 2125 1648 debis
2152 1595 2261 1649 dici
2292 1594 2640 1651 benevolus?
2662 1596 2759 1652 Est
2789 1601 2935 1655 enim
2958 1602 3338 1658 benevolentia
3358 1603 3552 1660 volun-

1968 1687 2089 1741 tarii
2117 1687 2260 1755 juris
2290 1691 2498 1760 proprii
2516 1693 2698 1747 cessio
2718 1695 2790 1748 ob
2812 1693 3016 1750 bonum
3042 1697 3212 1766 pacis;
3238 1699 3332 1767 qui
3362 1707 3547 1757 autem

282 1755 396 1832 δδὲ
430 1781 526 1834 καὶ
559 1780 633 1832 τὰ
686 1781 796 1833 τῶν
825 1780 1002 1835 ἄλλων
1031 1782 1236 1846 ἀδίκως
1285 1755 1712 1858 ὲξιδιαζόμενος,
1742 1755 1853 1842 ὀύκ

1969 1780 2111 1835 bona
2149 1791 2470 1838 caeterorum
2514 1787 2660 1856 rapit
2691 1787 2915 1856 injuste,
2947 1792 3224 1860 quomodo
3251 1792 3551 1851 benevolus

282 1870 391 1942 ἱχω
414 1873 580 1936 νοεῖν,
611 1873 761 1936 ὅπως
796 1872 864 1926 ἂν
889 1871 974 1943 εἴη
1006 1874 1284 1944 ἐπιεικής.

351 1975 452 2025 οα’.
481 1969 547 2022 Τί
589 1986 680 2038 μοι
729 1971 905 2026 πλείω
955 1971 1017 2025 ἐν
1071 1971 1185 2032 τοῖς
1228 1967 1492 2031 τοιούτοις
1551 1967 1860 2040 τρίϐεσθαι,

279 2061 400 2125 tibi:
435 2060 495 2114 δν
528 2062 1038 2132 κεφαλαιώσασθαι,
1069 2065 1150 2118 ὃτι
1170 2061 1316 2127 οὔτε,
1344 2062 1381 2118 ἃ
1403 2063 1635 2121 κατέθου
1667 2069 1860 2142 ’ποιεῖν⁹

279 2153 566 2222 πράττεις,
599 2153 722 2208 οὒτε
760 2156 871 2209 τῶν
904 2156 1314 2226 άπηρνημένων
1352 2157 1568 2227 ἀπέχῃς
1599 2158 1724 2212 ὅθεν
1764 2152 1864 2216 καὶ

280 2248 687 2318 ἀπέστραπται
716 2251 866 2319 παρὰ
897 2253 982 2304 σοὶ
1035 2253 1095 2303 τὸ
1134 2250 1557 2320 σκοπιμὼτατον
1595 2255 1694 2322 τῆς
1727 2271 1862 2309 κου-

282 2341 408 2410 ρᾶς.
445 2342 626 2404 Ποιεῖς
651 2359 709 2395 τε
741 2342 872 2414 γὰρ,
921 2343 1021 2396 ὅσα
1057 2342 1131 2413 μὴ
1185 2344 1376 2412 ἐχρῆν,
1428 2345 1524 2398 καὶ
1551 2344 1754 2415 ἀπέχῃ,
1787 2339 1865 2400 ὧν

279 2431 384 2485 οὐκ
418 2432 584 2502 ἐχρῆν
604 2445 621 2462 ο
655 2433 750 2486 καὶ
799 2433 923 2485 ἀντὶ
953 2434 1096 2488 κατὰ
1140 2436 1302 2503 σῶμα
1335 2437 1431 2488 καὶ
1459 2434 1640 2505 ψυχὴν
1672 2436 1860 2491 διπλοῦ

277 2522 359 2592 τῷ
387 2523 500 2576 δντι
522 2524 814 2594 ἀνθρώπου
847 2524 1058 2588 ἀλλοῖος
1105 2526 1425 2589 ἀποϐαίνεις
1457 2526 1682 2590 διπλοῦς
1707 2543 1722 2558 ⁶
1759 2529 1862 2597 ἆγ-

277 2613 460 2681 γελος,
482 2609 563 2678 οἷς
593 2615 833 2686 ὑπέσχου
851 2632 866 2648 ⁸
898 2617 1190 2682 ἄνθρωπος
1214 2619 1244 2671 ὁ
1271 2617 1472 2688 τυχὼν,
1505 2617 1584 2680 οἷς
1611 2620 1826 2690 ἐργάζῃ
1843 2637 1859 2652 ⁹

278 2702 466 2767 ἔνθεος
492 2705 560 2759 τὰ
589 2705 713 2771 ἔξω,
748 2708 808 2760 ού
839 2708 1088 2775 φιλόθεος
1125 2709 1193 2762 τὰ
1224 2709 1375 2772 ἐντός
1395 2727 1410 2742 ·
1449 2709 1575 2763 οὔτε
1621 2711 1752 2775 Θεὸς
1784 2730 1863 2766 τι-

277 2796 508 2866 θέμενος
537 2801 595 2852 ὲν
626 2799 704 2871 τῷ
755 2803 1072 2865 καταλύειν,
1130 2803 1269 2856 ὅπου
1319 2805 1687 2875 ἑφωδιάσθης,
1735 2805 1858 2860 οὔτε

277 2888 514 2957 ἅγγελος
555 2893 858 2963 γινόμενος,
893 2897 1032 2964 πρὸς
1062 2894 1122 2948 ὃν
1161 2895 1533 2966 ἐσχημάτισαι
1555 2914 1570 2928 ο
1602 2897 1723 2951 οὐδὲ
1753 2901 1860 2968 μὴν

275 2981 560 3052 ἄνθρωπος
588 2985 786 3053 μένων,
837 2985 866 3036 ὁ
896 2987 1030 3056 πρὸς
1057 2986 1325 3057 ἀλήθειαν
1350 3005 1366 3021 ο
1420 2989 1730 3057 ὲπαγωγδς,
1777 2985 1861 3052 οἷς

1970 1889 2095 1932 esse
2127 1877 2324 1944 possit,
2359 1878 2670 1950 intelligere
2705 1897 2943 1952 nequeo.

2041 1964 2128 2018 7|.
2169 1965 2313 2032 Quid
2379 1979 2560 2024 autem
2615 1970 2672 2024 in
2729 1971 2813 2027 his
2855 1975 3091 2044 amplius
3157 1991 3377 2044 verser,
3418 1993 3546 2034 cum

1969 2054 2097 2110 licet
2120 2056 2305 2112 dicere
2336 2061 2654 2115 summatim
2691 2071 2742 2118 te
2775 2079 2886 2120 non
2928 2080 3095 2137 agere
3126 2083 3248 2138 quae
3270 2071 3544 2140 promise-

1971 2161 2081 2213 ras,
2110 2149 2178 2203 ab
2198 2149 2280 2205 eis
2303 2151 2504 2220 quibus
2535 2155 2961 2214 renuntiaveras
2979 2174 3090 2214 non
3121 2144 3434 2219 abstinere?
3465 2165 3546 2220 Ita

1967 2240 2222 2296 inversus
2278 2252 2364 2297 est
2389 2243 2514 2301 ﬁnis
2535 2254 2813 2303 'tonsuraa.
2861 2251 2993 2320 Agis
3055 2253 3202 2308 enim
3260 2271 3381 2325 qua:
3434 2273 3544 2312 non

1966 2335 2293 2402 oportebat;
2323 2351 2445 2407 quae
2466 2355 2574 2392 non
2599 2341 2908 2410 Oportebat,
2934 2345 3145 2400 omittis
3168 2365 3181 2399 :
3201 2362 3300 2415 pro
3321 2349 3545 2406 homine

1965 2425 2200 2496 duplicis
2225 2431 2572 2498 substantiae,
2607 2435 2855 2503 corporis
2886 2443 2942 2490 et
2995 2438 3213 2502 animm,
3266 2441 3326 2495 ﬁt
3379 2441 3542 2497 aliter

1965 2517 2189 2588 duplex,
2218 2522 2450 2590 angelus
2471 2539 2534 2578 ex
2564 2526 2877 2594 promissis,
2901 2538 2954 2583 et
2976 2528 3144 2584 homo
3161 2546 3224 2583 ex
3249 2533 3542 2602 operibus;

1965 2610 2188 2666 divinus
2220 2624 2400 2680 extra,
2436 2615 2577 2670 intra
2609 2618 2720 2673 Deo
2738 2619 3002 2685 odibilis;
3036 2635 3135 2676 nec
3168 2621 3312 2678 Deus
3337 2623 3538 2692 factus,

1965 2716 2089 2757 cum
2119 2705 2220 2756 iter
2251 2705 2531 2774 inceptum
2556 2709 3029 2780 relinquis,neque
3050 2714 3279 2782 angelus
3296 2716 3361 2768 ad
3377 2729 3541 2784 quem
3643 2703 3652 2715 ’

1966 2796 2242 2860 formaris,
2275 2812 2454 2866 neque
2515 2807 2695 2854 tamen
2741 2802 2904 2856 homo
2947 2801 3015 2856 ad
3048 2803 3333 2857 veritatem
3361 2819 3543 2860 rema-

1965 2903 2136 2952 nens;
2187 2889 2255 2944 iis
2281 2892 2377 2958 qui
2431 2891 2628 2944 faciem
2676 2871 2986 2957 intuentur,
3028 2895 3336 2961 adeundus,
3374 2904 3427 2952 et
3461 2897 3545 2952 fu-

1963 2980 2238 3048 gientibus
2299 2981 2353 3035 in
2409 2983 2804 3048 interioribus;
2851 2987 3036 3043 suavis
3087 2987 3156 3042 ad
3209 2989 3424 3056 faciem,
3485 2999 3542 3046 et
3643 3051 3646 3053 Α

275 3074 594 3144 προφαίνῃ·
635 3075 922 3144 φευκτέος,
976 3070 1060 3139 οἷς
1105 3077 1462 3147 ὲνδομυχετς·
1522 3080 1728 3145 γλυκὺς
1782 3081 1853 3134 τὰ

1962 3085 2187 3126 amarus
2248 3073 2307 3127 in
2366 3073 2511 3139 imo;
2575 3076 2983 3138 pulcherrimus
3040 3077 3345 3146 facie,ubi
3395 3084 3541 3138 sistit

273 3162 624 3234 ιεεπιπολῆς,
672 3167 945 3234 άγλευκὴς
998 3167 1068 3220 τὰ
1105 3168 1165 3232 ἐς
1201 3168 1369 3237 βάθος
1394 3183 1410 3199 ο
1443 3169 1737 3234 κάλλιστος
1773 3173 1853 3234 είς

1961 3163 2154 3218 oculus
2190 3165 2497 3231 hominum,
2524 3175 2579 3222 et
2606 3169 2772 3225 corde
2793 3171 3171 3240 turpissimus,
3199 3175 3291 3228 ubi
3316 3175 3540 3246 inSpicit

275 3261 589 3326 πρόσωπον,
638 3254 698 3314 οὗ
747 3263 1087 3318 καθικνεῖται
1129 3263 1255 3333 ὄψις
1308 3265 1638 3336 ἀνθρώπου·
1675 3268 1855 3338 αῐσχι-

272 3365 402 3414 στος
435 3353 532 3422 τὴν
561 3355 810 3422 καρδίαν,
846 3356 926 3418 είς
948 3355 1017 3426 ἢν
1043 3353 1376 3425 δμϐαθύνων
1422 3356 1660 3426 βλέπειό
1684 3358 1850 3422 Θεός·

273 3440 532 3514 λαμπρὸς
559 3447 620 3497 τὸ
651 3446 906 3515 κονίαμα,
957 3445 1166 3516 σαπρὸς
1196 3446 1266 3501 τὰ
1321 3448 1495 3510 ἐντός.
1553 3447 1716 3502 Ὅθεν
1753 3450 1853 3503 ούκ

271 3533 412 3597 οἶδα,
457 3536 507 3588 εί
555 3536 630 3606 μὴ
670 3535 768 3599 τὰς
803 3536 998 3607 τρίχας
1051 3538 1114 3591 ὲκ
1153 3539 1250 3607 τῆς
1283 3539 1533 3608 κεφαλῆς
1559 3556 1656 3591 σου
1683 3541 1844 3594 ἀπώ-

273 3625 474 3690 λεσας·
504 3621 580 3683 ὧν
602 3627 723 3681 οὐδὲ
741 3627 874 3698 γοῦν
908 3630 1036 3699 μίαν
1070 3629 1370 3684 ἀπόλλυσιν
1397 3631 1427 3683 ὁ
1458 3630 1571 3696 ζῶν
1613 3633 1850 3700 εὐαγγε-

269 3715 464 3780 λικῶς.

338 3808 439 3864 06'.
469 3796 595 3863 Ἐπί
616 3811 830 3874 τούτοις
859 3809 970 3879 ἐγὼ
1002 3810 1401 3883 ἑκπλήττομαι,
1421 3813 1847 3884 ἐνθυμούμενος,

269 3895 355 3956 οἶα
389 3903 491 3972 μὲν
523 3903 632 3972 πρὸ
653 3903 764 3954 τῶν
813 3902 1025 3956 ἀδύτων
1074 3903 1172 3957 τοῦ
1194 3903 1478 3958 θειοτάτου
1517 3907 1648 3960 ναοῦ
1677 3908 1847 3961 έστῶ·

271 4007 358 4054 τις
405 3990 900 4060 ἀνθομολογοὼται
927 3993 978 4044 οί
1014 3991 1158 4045 κατὰ
1207 3992 1269 4046 σὲ
1297 3993 1389 4046 τὸν
1427 3993 1635 4064 κόσμον
1667 3995 1850 4050 λιπόν-

270 4099 393 4148 τες,
451 4085 545 4136 καὶ
599 4078 688 4136 οἷα
738 4085 834 4137 καὶ
875 4085 974 4137 ὅσα
1032 4085 1535 4156 μυστηριάζονταιο
1578 4088 1744 4157 ἡλίκα
1790 4090 1846 4144 δὲ

270 4174 654 4244 πλημμελοῦσι
688 4177 824 4242 μετὰ
851 4177 951 4245 τὴν
972 4177 1068 4232 τοῦ
1101 4179 1407 4248 μυστηρίου
1429 4179 1677 4249 τελετήν.
1720 4182 1846 4235 Ἐκ-

267 4265 482 4318 δύονται
509 4267 608 4335 μὲν
640 4267 748 4337 γὰρ
779 4270 872 4320 τὸν
901 4269 1132 4324 παλαιὸν
1165 4269 1476 4339 ἄνθρωπον,
1520 4270 1620 4341 τὴν
1647 4271 1842 4342 ἀρχὴν,

267 4352 346 4420 οἷς
403 4358 729 4413 ἀποδύονται
764 4359 832 4412 τὰ
885 4360 1029 4413 κατὰ
1057 4366 1265 4430 κόσμον
1320 4363 1501 4432 ἄμφια
1529 4379 1545 4395 ⁸
1608 4364 1704 4415 καὶ
1743 4363 1844 4431 τὴν

1953 3264 2234 3312 scrutator
2282 3257 2462 3326 Deus;
2513 3263 2837 3331 splendidus
2878 3263 3226 3331 indumento,
3255 3281 3307 3323 et
3339 3270 3540 3326 intrin-

1955 3360 2120 3402 secus
2150 3359 2467 3417 corruptus.
2511 3348 2704 3420 Itaque
2736 3355 2920 3409 nescio
2951 3371 3135 3412 annon
3173 3359 3406 3430 capillos
3443 3377 3538 3418 ca-

1955 3440 2085 3509 pitis
2142 3443 2221 3494 tui
2282 3443 2606 3511 perdideris,
2673 3459 2911 3514 quorum
2968 3461 3038 3502 ne
3080 3463 3252 3504 unum
3311 3451 3532 3520 quidem

1953 3533 2137 3602 perdit
2175 3534 2269 3604 qui
2301 3535 2434 3590 vivit
2457 3535 2781 3607 evangelica

2025 3805 2112 3860 72.
2155 3804 2331 3874 Super
2360 3808 2476 3863 haec
2513 3809 2710 3876 miror,
2764 3825 2887 3867 cum
2942 3816 3126 3885 cogito
3154 3833 3274 3886 qua:
3297 3820 3362 3874 ad
3398 3822 3532 3888 ady-

1953 3904 2068 3952 tum
2102 3898 2286 3967 templi
2317 3898 2497 3954 sancti
2554 3899 2807 3958 homines
2857 3904 2926 3958 de
2983 3907 3190 3962 mundo
3239 3923 3527 3976 exeuntes.

1951 3985 2097 4040 sicut
2127 3994 2209 4051 tu,
2238 3987 2622 4056 promiserint,
2651 3990 2854 4060 quibus
2873 4002 2925 4046 et
2951 3997 3176 4063 quantis
3208 3998 3440 4065 ritibus;
3475 4009 3530 4053 et

1949 4077 2136 4152 qualia
2201 4079 2515 4149 compleant
2581 4089 2707 4150 post
2763 4083 3066 4152 perfectam
3136 4089 3524 4150 initiationem,

1947 4177 2173 4231 Exuunt
2225 4172 2368 4230 enim
2419 4180 2656 4226 veterem
2711 4173 3008 4242 hominem,
3051 4186 3104 4232 et
3157 4190 3525 4248 potestatem,

1947 4261 2169 4331 quando
2224 4267 2408 4312 vestes
2472 4259 2782 4315 mundanas
2823 4261 3144 4331 deponunt;
3192 4274 3245 4320 ct
3292 4270 3527 4338 objectis

1949 4350 2247 4420 splendidis
2273 4348 2633 4414 vestimentis,
2656 4351 2888 4407 detritos
2902 4354 3228 4421 panniculus
3245 4361 3526 4430 accipiunt

267 4450 517 4518 λειότητα
552 4451 1052 4521 καταρριπτοῦντες
1078 4451 1557 4521 ἁναλαμϐάνονται
1584 4455 1749 4524 ῥάκη,
1772 4454 1840 4508 δι’

1961 4445 2144 4513 jnibus
2170 4450 2482 4511 promptum
2533 4442 2600 4496 ad
2651 4445 2966 4513 cupidinem
2996 4461 3199 4526 corpus
3235 4451 3522 4522 placatur;

265 4533 338 4591 ὧν
370 4539 534 4606 σῶμα
558 4539 913 4594 κολακεύεται
947 4541 1346 4611 καταψώμενον
1370 4543 1450 4605 είς
1478 4545 1844 4614 τρυφὴν,άλλ’

267 4629 387 4681 οὐδὲ
417 4629 568 4682 λίνεα
620 4631 1018 4701 περικείμενοι,
1053 4633 1372 4703 τραχύτητα
1401 4634 1459 4686 δὲ
1492 4634 1662 4705 αὐτὴν
1699 4637 1842 4690 ἐκεί-

265 4736 384 4784 νην,
419 4720 494 4780 ὼς
517 4721 584 4773 ἂν
608 4723 752 4775 εῐποι
771 4740 874 4786 τις,
907 4724 1005 4795 τὴν
1039 4724 1129 4779 διὰ
1168 4726 1371 4796 τριχῶν
1391 4766 1406 4792 ,
1432 4721 1521 4789 αἶς
1553 4727 1844 4796 ἐπώνυμος

263 4813 292 4864 6
325 4812 502 4881 μέγας
529 4813 826 4882 Τριχινᾶςο
856 4809 931 4868 ὧν
979 4817 1039 4870 τὸ
1074 4819 1325 4887 κέντημα
1367 4818 1497 4871 ὡσεὶ
1529 4818 1622 4872 καὶ
1648 4821 1845 4874 κυνόσ-

263 4906 418 4958 Εατοι
478 4906 572 4958 καὶ
602 4907 794 4960 κάκτοι
840 4910 933 4962 καὶ
965 4910 1160 4978 ράμνοι
1181 4927 1196 4942 υ
1233 4913 1330 4962 καὶ
1356 4909 1440 4977 ἐφ’
1472 4911 1690 4979 ἑκάστῳ
1716 4912 1842 4964 ἐπι.

262 4997 472 5067 θὴματι
493 5000 715 5069 ἑπαοιδὴ
746 5001 1094 5072 πνευματικὴ
1122 5003 1430 5055 ὲκλαλεῖται
1456 5002 1599 5072 λόγῳ
1616 5003 1841 5075 τελετῆς

263 5091 342 5153 είς
394 5091 650 5158 εὐλογίαν
701 5093 795 5145 τοῦ
839 5094 1140 5162 ἐνδύματος
1171 5137 1185 5158 ,
1241 5096 1693 5166 ἐπιφωνουμένης
1743 5098 1841 5166 τῆς

263 5189 425 5254 ἁγίας
457 5189 706 5260 Τριὰδος.
765 5192 837 5243 Τὸ
876 5191 974 5260 μὲν
1005 5191 1113 5257 γὰρ
1147 5191 1312 5259 χιτὼν
1353 5189 1706 5258 δικαιοσύνης
1747 5193 1841 5245 καὶ

263 5280 637 5347 ἀγαλλιάσεως
658 5283 989 5346 τελεστικῶς
1042 5284 1394 5352 ὀνομάζεται,
1431 5283 1489 5336 τὸ
1516 5283 1572 5336 δὲ
1599 5283 1840 5348 ἁκακίας

262 5375 553 5443 περιϐολὴ,
585 5376 646 5426 τὸ
672 5376 728 5428 δὲ
776 5377 1186 5444 περικεφαλαία
1221 5375 1460 5440 ἐλπίδος,
1486 5377 1585 5444 τῆς
1618 5376 1701 5433 είς
1732 5393 1840 5428 σω-

262 5466 480 5537 τηρίων
513 5468 607 5518 καὶ
634 5468 762 5521 ἀλλο
795 5467 939 5538 ζώνη
971 5468 1347 5538 σωφροσύνης,
1405 5466 1500 5520 καὶ
1534 5465 1835 5536 δυνάμεως,

261 5560 357 5610 καὶ
408 5558 701 5627 ἀληθείας·
738 5559 830 5614 καί
880 5577 933 5612 τι
963 5561 1148 5629 ἕτερον
1208 5560 1522 5627 ἐτοιμασίας
1555 5559 1839 5628 είρηναίας

261 5649 551 5719 σύμϐολον.
581 5651 767 5704 Ἔστιν
814 5653 872 5704 ἐν
932 5654 1114 5714 αὐτοῖς
1167 5652 1263 5704 καὶ
1299 5655 1526 5719 σημεῖον
1578 5649 1834 5720 σταυροῦ.

261 5743 556 5815 Μυστήρια
582 5744 755 5800 ταῦτα
789 5746 988 5811 πάντα,
1021 5746 1288 5815 στόματος
1317 5743 1612 5810 ἀγγελικοῦ
1645 5743 1834 5813 δεόμε-

1947 4536 2027 4589 eis
2061 4534 2480 4589 circumdantur
2509 4549 2625 4588 non
2676 4543 2858 4591 vestes
2891 4537 3068 4605 lineae,
3099 4539 3196 4616 sed
3220 4543 3338 4597 ista:
3366 4558 3524 4614 aspe-

1948 4642 2043 4689 rat,
2108 4633 2189 4690 et,
2241 4625 2394 4680 dicct’
2437 4625 2656 4697 aliquis,
2704 4643 2770 4682 ex
2828 4628 3064 4698 capillis,
3115 4632 3260 4688 unde
3322 4635 3524 4691 dicitur

1947 4732 2204 4788 magnum
2259 4717 2534 4784 cilicium,
2578 4728 2633 4773 et
2683 4733 2916 4789 quorum
2968 4723 3144 4776 aculei
3193 4730 3523 4796 cynosbato,

1947 4811 2166 4866 tribulis
2221 4817 2274 4865 et
2303 4810 2552 4865 rhamnis
2584 4812 2792 4869 similes
2841 4823 3004 4881 sunt;
3067 4823 3122 4869 et
3179 4831 3523 4889 quaecunque

1946 4907 2264 4974 imponitur,
2290 4904 2554 4974 repetitur
2574 4906 2812 4977 hymnus
2835 4906 3137 4978 spiritualis
3154 4909 3310 4979 juxta
3352 4911 3519 4966 ritum

1946 4997 2274 5052 initiationis
2301 4997 2367 5051 ad
2398 4997 2840 5054 benedictionem
2887 5000 3230 5068 vestimenti,
3270 5001 3519 5057 invocata

1945 5098 2134 5146 sancta
2189 5090 2482 5146 Trinitate.
2516 5092 2700 5148 Unum
2751 5092 2896 5147 enim
2946 5091 3004 5147 in
3059 5093 3234 5147 sacris
3297 5103 3520 5146 vocatur

1937 5183 2129 5238 tunica
2160 5182 2389 5252 justitia:
2433 5193 2487 5238 et
2535 5183 2962 5251 exsultationis;
3023 5185 3255 5238 alterum
3289 5183 3514 5253 palliqu

1945 5272 2358 5342 simplicitatis;
2399 5282 2451 5328 et
2495 5275 2716 5329 tertium
2780 5275 2933 5346 galea
2978 5274 3094 5343 spei
3131 5273 3199 5327 ad
3245 5273 3513 5339 salutem;

1944 5367 2093 5421 aliud
2127 5367 2405 5437 cingulum
2439 5367 2836 5436 temperantiae,
2857 5376 2911 5420 et
2939 5365 3305 5427 fortitudinis,
3336 5373 3390 5419 et
3416 5380 3515 5420 ve-

1942 5460 2163 5525 ritatis;
2205 5469 2257 5513 et
2287 5458 2568 5528 quoddam
2609 5457 2758 5510 aliud
2803 5455 3109 5524 symbolum
3159 5455 3402 5525 pacificate
3429 5456 3507 5510 in~

1941 5553 2102 5607 dolis.
2137 5552 2282 5605 lntcr
2308 5552 2421 5605 liam
2459 5563 2544 5606 est
2573 5551 2734 5603 etiam
2763 5547 2978 5615 sig-num
3003 5548 3207 5602 crucis.
3239 5545 3370 5612 Qua:
3392 5562 3512 5601 om-
3581 5562 3584 5563 '

1941 5642 2030 5696 nia
2048 5643 2324 5712 mysteria,
2350 5651 2404 5694 ut
2423 5642 2887 5708 cxpliccntur,ore
2907 5638 3154 5708 angelico
3175 5640 3506 5708 indigerent.

1941 5735 2006 5791 Et
2030 5745 2156 5789 tunc
2174 5735 2442 5803 porrectio
2471 5731 2592 5786 libri
2620 5738 2932 5786 sanctorum
2966 5730 3371 5801 evangeliorum
3391 5729 3509 5801 ipsa
