3992 6240
316 307 338 380 ι
352 308 430 380 93'

1247 316 1348 376 DE
1387 313 1872 377 EMENDANDA
1905 313 2089 375 ινιτ-Α
2139 281 2603 374 nemorum.

3491 323 3594 384 791

315 430 565 496 σιώσεως
607 431 679 485 τὰ
711 432 864 485 κάτω
896 430 1263 494 ἐκλείποντες.
1308 430 1796 496 Πῳσανάπτονται
1843 428 1902 482 δὲ

2039 439 2072 479 ο
2093 427 2235 495 quod
2261 426 2330 480 de
2351 428 2593 482 tenebris
2615 428 2974 486 saecularibus
2989 432 3305 501 egrediatur
3325 435 3391 487 ad
3416 433 3597 490 lumen

317 524 412 577 καὶ
441 523 598 592 φῶτα
627 525 826 589 πυκνὰ,
867 523 943 587 ὡς
986 523 1095 576 ἀπο
1131 521 1392 593 ammon
1449 523 1643 575 σκότου
1676 521 1758 585 είς
1789 520 1906 590 φῶς

318 617 539 682 ἐξιόντι,
567 616 826 685 ἀγγέλοις
875 633 935 669 τε
988 616 1198 684 πρέπον
1247 614 1343 667 καὶ
1374 611 1706 683 ἀνθρώποις,
1733 614 1907 682 ἀγγε-

318 706 489 770 λικῶς
524 709 916 778 προελομένοις
953 707 1128 778 βιοῦν.
1771 716 1782 721 ”

388 797 497 864 ος’.
531 801 639 852 Καὶ
681 799 908 868 τοιαύτη
966 800 1065 867 μὲν
1090 839 1104 863 ,
1134 800 1274 869 ὅπερ
1323 799 1558 868 ἔφαμεν,
1591 797 1624 863 ή
1654 796 1906 867 καταρχὴ

321 892 420 959 τῆς
453 891 698 962 μεγάλης
733 893 963 961 κουρᾶς,
1011 891 1088 953 ὡς
1115 892 1578 962 εὐπεριγράπτως
1625 889 1906 942 ἐκθέσθαι.

333 983 477 1035 Ἀλλ’
512 985 601 1036 ὅτε
635 982 825 1052 καιρὸς
857 981 1136 1054 παρέλθοι,
1172 965 1370 1036 ὁπόσον
1395 979 1646 1044 ἑκάστοις
1684 980 1739 1033 ai
1777 995 1911 1049 προ-

320 1078 564 1149 αιρέσεις
597 1081 960 1149 μετρήσουσι,
991 1081 1082 1132 καὶ
1108 1080 1136 1132 ὁ
1157 1080 1370 1150 δαίμων
1407 1077 1648 1146 ἀθλητὰς
1679 1074 1907 1137 τούτους

325 1171 616 1226 ἰδὼν“κατ’
661 1171 829 1262 αξτοῦ
878 1173 1320 1240 ἀποδυσαμένους
1380 1167 1772 1239 ἀντεπεξέλθῃ,
1831 1166 1908 1230 ὡς

326 1265 536 1326 ἐκεῖνος
570 1260 680 1317 οἶδε
711 1259 1026 1335 τεχνᾶσθαι,
1083 1265 1177 1317 κα).
1225 1261 1545 1334 προσϐαλεί,
1583 1261 1675 1314 καὶ
1715 1259 1906 1326 πρῶτα

330 1356 434 1424 μὲν
491 1357 931 1426 ἀκροΰολίσεται,
983 1355 1174 1427 ὥσπερ
1224 1355 1435 1409 ἐκείνου
1490 1353 1715 1424 τρόπος,
1747 1352 1781 1422 ἢ
1813 1353 1908 1405 καὶ

325 1445 484 1516 λόχον
519 1448 856 1518 μεθοδεύσει,
913 1447 1107 1501 ἔπειτα
1143 1451 1236 1501 καὶ
1276 1447 1524 1517 φανερὰν
1551 1447 1735 1514 μάχην
1769 1445 1907 1514 σιδρο

327 1542 502 1610 ῥήξει,
539 1541 632 1594 καὶ
662 1544 1078 1612 ἀντιπρόσωπον
1106 1543 1561 1612 ἀναιδευσάμενος
1587 1541 1686 1613 τὴν
1721 1540 1907 1610 παρά·

327 1632 502 1696 ταξιν·
517 1633 637 1686 τότε
655 1632 718 1702 δὴ
734 1632 883 1686 ἐστιν
899 1633 1027 1686 ἰδεῖν
1046 1633 1161 1703 (καί
1184 1650 1245 1701 γε
1266 1632 1539 1703 βλέπομεν
1557 1634 1606 1685 οί
1629 1652 1692 1686 συ
1708 1629 1906 1696 λιὲντες

328 1725 614 1795 δμφανῶς)
635 1727 904 1798 διαφορὰν
930 1729 1039 1780 τῶν
1070 1727 1382 1798 μοναχικῶς
1399 1727 1474 1798 τῷ
1493 1726 1612 1797 Θεῷ
1639 1744 1906 1794 στρατευ-

331 1819 587 1888 σαμένων
641 1819 848 1889 μυρίαν
885 1821 1034 1891 ὅσην.
1059 1821 1124 1874 Oi
1169 1822 1267 1890 μὲν
1295 1821 1403 1892 γὰρ
1430 1822 1792 1891 μεμνημένοι,
1817 1816 1908 1874 ὅτι

330 1929 390 1966 τε
414 1911 837 1980 στρατεύονται,
875 1915 968 1966 καὶ
1017 1914 1098 1966 ὅτι
1128 1913 1260 1978 Θεός
1300 1917 1448 1967 ἐστιν
1483 1917 1510 1968 ὁ
1545 1914 1912 1986 στρατολογή-

331 2021 435 2068 σας
468 2005 688 2068 αὐτοὺς,
711 1998 756 2073 ᾧ
787 2005 880 2058 κα).
902 2006 1357 2075 ὲπονομάζονται,
1393 2010 1488 2062 καὶ
1537 2007 1942 2078 ἡκριόωμένοιρ

333 2095 392 2147 τι.
419 2096 684 2165 πράττειν
731 2095 1033 2164 ὀφείλουσι,
1065 2099 1160 2151 καὶ
1209 2097 1622 2168 ἐνθυμούμενοι,
1669 2100 1770 2153 ὅσα
1821 2101 1916 2153 κα).

339 2187 705 2260 ἀπῃτήθησαν
729 2191 902 2248 ποιεῖν
931 2192 1025 2243 καὶ
1055 2191 1374 2259 κατέθεντο,
1413 2194 1504 2245 καὶ
1543 2192 1916 2262 λαμϐάνοντες

334 2281 428 2333 ἐπὶ
455 2279 602 2345 νοῦν,
642 2282 808 2334 τίνων
839 2283 1259 2347 ἀπαναστάντες
1303 2284 1428 2336 ὅποι
1465 2282 1916 2355 προσεχώρησαν,

333 2375 431 2427 κα)⁵
474 2374 550 2437 ὼς
584 2374 770 2428 οὐκέτι
803 2376 907 2445 γῆς
958 2375 1098 2428 εἰσιν
1133 2377 1433 2447 ἄνθρωποι,
1464 2376 1588 2430 οὐδὲ
1619 2378 1756 2446 πρὸς
1788 2379 1920 2448 σύρ-

334 2482 438 2528 arat;
466 2466 932 2537 ἀνθαμιλλῶνται,
966 2468 1106 2521 ἀλλά
1157 2468 1295 2538 πρὸς
1322 2468 1390 2520 τὰ
1439 2468 1795 2538 πνευματικά
1823 2469 1922 2538 τῆς

339 2557 603 2628 πονηρίας
675 2559 1180 2626 ἀνταγωνίζονται·
1243 2559 1648 2623 ἀναπολοῦντες
1711 2561 1770 2613 δὲ
1825 2564 1924 2614 καὶ

337 2653 502 2722 ηλὶκα
536 2656 634 2724 μὲν
674 2653 987 2717 ἐλπίζουσιν
1025 2653 1229 2722 ἀγαθὰ,
1284 2654 1636 2722 νικήσαντες,
1667 2655 1831 2709 ὁποῖα
1867 2655 1926 2708 δὲ

338 2745 640 2808 πείσονται,
677 2747 1174 2815 προσχωρήσαντες
1198 2747 1311 2809 τοῖς
1343 2745 1401 2809 ἐξ
1451 2744 1620 2814 ὕψους
1656 2745 1927 2814 πολεμοῦ-

339 2854 428 2890 σιν
477 2837 732 2906 ἐχθροῖςο
800 2837 1027 2906 φέρουσι
1089 2837 1210 2907 μὲν,
1269 2837 1573 2906 πάσχοντες
1625 2839 1796 2908 μυρία
1827 2838 1928 2890 ὅσα

337 2928 514 2993 δεινὰ,
538 2928 632 2981 καὶ
654 2928 1144 2997 τραυματίζονται,
1192 2929 1287 2982 καὶ
1318 2927 1546 2996 ἀλγοῦσι
1577 2929 1816 2990 πάντως,
1838 2927 1928 2980 ἵνα

339 3019 403 3073 τὸ
438 3019 740 3090 φερέπονον
780 3018 966 3080 αὐτοῖς
1020 3015 1412 3086 δοκιμάζηται.
1454 3018 1614 3072 Ἔστι
1642 3018 1699 3071 δὲ
1742 3010 1804 3070 οὗ
1836 3020 1930 3072 καὶ

1940 1773 1982 1828 Β

2011 527 2314 580 congruum
2341 516 2550 585 angelis
2576 524 2628 570 et
2660 518 3112 591 lto:nittibus,qui
3137 522 3322 578 vivere
3340 534 3398 579 ttt
3421 527 3596 595 auge-ii

2010 605 2320 673 elegerunt.

2087 778 2172 832 76.
2222 779 2354 833 Tale
2379 792 2485 849 est,
2513 795 2572 838 ut
2587 787 2850 854 diximus,
2881 807 3087 860 magnae
3113 803 3358 849 tonsurae
3384 795 3601 851 initium

2011 874 2158 941 quod
2205 874 2342 930 satis
2373 879 2585 946 prolixe
2617 886 2996 950 exposuimus.
3033 887 3168 942 Cum
3209 904 3340 942 vero
3385 899 3604 958 tempus

2009 966 2308 1032 elﬂuxcrit,
2359 979 2628 1036 quantum
2677 972 2976 1044 unicuique
3039 977 3149 1031 l’ata
3212 981 3494 1044 tribuent;
3547 992 3604 1037 et

2009 1073 2138 1113 cum
2171 1057 2426 1114 diabolus
2453 1059 2578 1114 illos
2605 1062 2842 1119 athletas
2877 1078 3068 1122 contra
3095 1084 3153 1123 se
3184 1072 3476 1139 expeditus
3515 1076 3601 1126 itt-

2012 1153 2186 1208 tuitus
2212 1155 2663 1224 aggredictnr,ut
2696 1159 2814 1226 ipse
2849 1162 3341 1231 novitmacbiuari,
3361 1171 3600 1237 primum

2006 1244 2191 1315 jacula
2228 1254 2283 1300 et
2319 1247 2550 1315 sagittas
2582 1250 2772 1318 procul
2811 1251 3088 1319 injicieus,
3123 1270 3273 1313 more
3313 1259 3604 1320 solito.vt-l

2010 1350 2212 1405 parans
2246 1337 2514 1404 insidias;
2543 1337 2744 1395 deinde
2778 1341 2943 1395 etiam
2971 1344 3314 1402 manifestam
3370 1366 3606 1420 pugnam

2009 1427 2148 1484 facie
2171 1429 2236 1485 ad
2260 1431 2453 1486 l‘ariem
2485 1432 2663 1488 iniens
2701 1444 2758 1488 ct
2780 1436 2987 1506 absque
3034 1437 3233 1496 timore
3275 1457 3604 1510 conserens;

2012 1529 2142 1574 tunc
2161 1523 2414 1590 c0gnosci
2435 1533 2638 1592 potest,
2657 1535 2711 1580 et
2731 1541 2832 1582 nos
2849 1529 3010 1596 periti
3033 1529 3279 1588 videmus
3297 1537 3610 1598 manifeste.

2011 1626 2173 1680 quam
2206 1614 2444 1668 maxime
2478 1614 2700 1671 ditl'erre
2722 1621 3027 1676 monachos
3050 1622 3160 1678 Deo
3198 1625 3517 1684 militantes.
3550 1634 3612 1687 Hi

2009 1704 2156 1756 enim
2176 1717 2446 1760 memores
2467 1721 2528 1760 se
2551 1707 2754 1764 milites
2779 1726 2924 1776 esse,
2945 1715 3294 1786 conscriptos
3325 1735 3356 1772 a
3387 1687 3614 1788 θεοξέω

2014 1811 2126 1868 quo
2149 1799 2312 1854 etiam
2333 1816 2533 1857 nomen
2562 1814 2934 1875 acceperunt;
2961 1809 3203 1866 scientes
3246 1816 3452 1882 optime
3479 1821 3614 1886 quid

2018 1906 2182 1963 agere
2243 1895 2518 1963 debeant,
2576 1901 2883 1970 cogitantes
2951 1918 3076 1972 quae
3147 1903 3399 1962 facienda
3473 1912 3611 1980 jussi

2018 1983 2226 2040 fuerint
2251 1996 2307 2041 et
2333 1991 2726 2058 promiserint;
2758 1991 3142 2063 iutelligentes
3172 1998 3320 2052 unde
3349 2001 3612 2066 exierint,

2021 2087 2081 2134 et
2112 2094 2222 2148 quo
2251 2081 2361 2137 sint
2385 2085 2688 2154 progressi,
2719 2101 2782 2140 se
2795 2103 2904 2141 nott
2936 2103 3064 2144 esse
3091 2093 3330 2161 amplius
3360 2094 3615 2152 homines

2021 2182 2293 2240 terrenos,
2319 2191 2499 2245 neque
2519 2194 2762 2249 pugnare
2784 2191 2977 2237 contra
2996 2200 3241 2253 carnem,
3263 2187 3358 2242 sed
3379 2191 3614 2259 pmliari

1959 2330 1964 2335 1
2021 2267 2287 2322 adversus
2337 2269 2570 2342 spiritus
2623 2273 2924 2342 nequitiae;
2979 2279 3398 2337 considerantes
3446 2284 3614 2339 etiam

2028 2360 2218 2430 qualia
2248 2362 2392 2417 bona
2435 2372 2562 2433 post
2602 2365 2893 2420 victoriam
2935 2370 3049 2424 sint
3083 2375 3381 2440 speranda,
3412 2387 3616 2445 quanta

2026 2457 2170 2509 mala
2193 2457 2477 2513 subeunda
2500 2459 2569 2516 iis
2586 2460 2683 2532 qui
2723 2463 2964 2520 inimicis
2983 2465 3052 2519 de
3091 2468 3202 2522 alto
3225 2467 3621 2530 dimicantibus

2025 2559 2358 2603 cesserunt:
2385 2553 2659 2619 patientes
2686 2554 2836 2609 mille
2865 2557 3088 2622 damna,
3119 2559 3392 2615 sull'eruut
3424 2574 3478 2617 et
3503 2567 3620 2618 vul-

2015 2649 2323 2706 nerantur,
2352 2649 2408 2695 et
2425 2657 2645 2697 omnem
2679 2646 2918 2699 dolorem
2938 2651 3324 2718 experiuntur.
3353 2663 3412 2708 ut
3435 2670 3622 2710 remus

2029 2743 2254 2790 tteretur
2283 2736 2549 2804 patientia
2581 2752 2704 2790 sua.
2729 2739 3044 2807 Aliquando
3067 2757 3216 2806 vero,
3246 2744 3358 2800 Deo
3384 2748 3621 2815 volente,

2031 2840 2140 2880 non
2171 2828 2434 2882 sinuntur
2473 2829 2546 2883 ita
2586 2844 2646 2884 se
2675 2831 2903 2897 habere,
2938 2843 2998 2887 ut
3044 2847 3350 2906 agnoscant
3397 2855 3458 2894 se
3499 2856 3625 2896 esse

2033 2919 2306 2982 homines,
2335 2932 2504 2989 atque
2523 2937 2796 2977 memores
2822 2923 2914 2978 Dei
2941 2925 3006 2978 ad
3029 2942 3152 2978 eum
3187 2939 3357 2981 totam
3379 2932 3624 2988 victoria:

2034 3010 2262 3078 gloriam
2317 3011 2578 3065 referant.
2625 3010 2746 3065 Mox
2791 3026 2973 3068 autem
3014 3019 3187 3071 erecti
3219 3027 3386 3087 atque
3409 3032 3624 3078 stantes

311 3109 797 3180 -συμποδίζονται,
858 3109 1326 3179 παραχωροῦντος
1366 3109 1530 3172 Θεοῦ,
1583 3108 1918 3163 διατίθεσθαι

2036 3101 2104 3172 [lii
2130 3102 2276 3156 enim
2309 3116 2464 3166 cum,
2486 3103 2692 3157 cadunt
2756 3121 2869 3159 non
2916 3110 3363 3182 perturbantur),
3392 3114 3623 3170 vulnera

309 3231 312 3234 ~
341 3201 544 3264 αὐτοὺς
567 3199 740 3263 οὓτως
769 3200 851 3263 εἷς
879 3218 939 3253 τε
976 3200 1275 3269 ἐπίγνωσιν
1302 3200 1396 3254 τοῦ
1421 3198 1745 3270 ἀνθρώπους
1768 3195 1929 3264 εἶναι,

342 3297 440 3348 καὶ
462 3293 552 3346 ἵνα
573 3292 710 3346 Θεοῦ
751 3292 1117 3363 μεμνημένοι,
1149 3293 1298 3362 αὐτῷ
1326 3291 1811 3363 προσλογίζωνται
1834 3293 1933 3362 τῆς

342 3385 504 3454 νίκης
530 3383 592 3436 τὸ
615 3384 745 3437 πᾶν·
774 3385 915 3452 ταχὺ
945 3383 1006 3435 δὲ.
1036 3385 1185 3453 ὅμως
1223 3383 1687 3452 ἀνασφὰλλοντες,
1719 3383 1817 3436 καὶ
1845 3383 1936 3453 ὀρ-

345 3475 606 3545 θούμενοι
639 3477 724 3548 (οὐ
752 3476 861 3546 γὰρ
883 3474 1032 3528 ἐστιν
1064 3475 1265 3538 αὐτοὺς
1297 3473 1776 3545 καταρῤαχθῆναι,
1805 3475 1934 3529 ὅταν

345 3569 638 3634 πέσωσιν),
679 3568 1242 3638 ἀντιτραυματίζουσι
1270 3567 1400 3629 τοὺς
1423 3566 1481 3632 ὲξ
1511 3566 1673 3637 ἀέρος
1705 3565 1932 3635 βάλλον-

343 3679 467 3726 τας,
499 3661 595 3715 καὶ
619 3661 850 3731 δυνάμει
889 3659 1025 3714 Θεοῦ
1051 3659 1220 3732 (καθά
1261 3660 1358 3713 καὶ
1388 3660 1633 3730 ἥκουσας
1673 3660 1930 3730 κειρόμε-

345 3769 456 3818 νος,
495 3745 539 3805 ὦ
581 3751 806 3822 μοναχέ·
839 3751 900 3805 οὗ
929 3751 1102 3821 δήπου
1134 3753 1244 3820 γὰρ
1291 3749 1636 3820 ἀνθρωπίνῃ)
1697 3767 1930 3822 προτρο-

313 3847 521 3914 -πάδην
576 3842 800 3913 φεύγειν
854 3846 979 3906 τοὺς
1034 3843 1302 3912 δαίμονας
1366 3842 1796 3911 ἀναγκάζουσιν,
1853 3844 1929 3907 ὡς

2033 3194 2288 3249 mtbereis
2331 3195 2586 3249 hostibus
2619 3196 2874 3268 inﬂigunt
2906 3200 3150 3254 vicissim
3182 3221 3198 3270 ;
3229 3218 3395 3274 atque
3428 3209 3629 3266 vit-tute

2033 3285 2220 3340 divina
2274 3290 2356 3357 (ut
2405 3290 2614 3345 audisti
2679 3291 2822 3347 inter
2884 3303 3196 3364 tonsuram,
3229 3304 3293 3354 I’o
3329 3307 3624 3369 mouaclte,

2045 3383 2234 3450 procul
2261 3381 2430 3438 dubio
2478 3401 2588 3439 non
2626 3387 2888 3455 humana)
2917 3389 3197 3448 daemones
3255 3394 3408 3450 fusos
3455 3398 3509 3450 iu
3549 3399 3632 3452 lu-

2041 3486 2164 3541 gam
2221 3474 2359 3528 adeo
2399 3475 2727 3545 reprimunt,
2777 3489 2836 3533 ut
2889 3481 3127 3548 amplius
3188 3487 3393 3539 reverti
3432 3496 3486 3541 et
3546 3490 3631 3543 in-

2040 3579 2270 3634 surgere
2309 3582 2432 3620 .non
2478 3568 2742 3624 audeant.
2796 3570 3034 3627 Tantum
3075 3575 3282 3630 bonum
3327 3587 3414 3632 est
3455 3579 3630 3636 virtus

2041 3659 2227 3724 fortis,
2258 3661 2565 3731 notitiaque
2601 3662 2790 3732 gloria:
2833 3681 2932 3736 per
2961 3682 3083 3722 eam
3131 3682 3487 3740 comparata.
3522 3675 3634 3729 ltu-

2035 3751 2296 3820 possibile
2346 3753 2494 3808 enim
2557 3765 2644 3810 est
2699 3756 2979 3812 hominem
3037 3759 3121 3814 sic
3172 3760 3427 3816 edoctum
3487 3762 3638 3819 illius

2037 3845 2325 3907 oblivisci.
2350 3856 2402 3901 et
2435 3849 2489 3901 in
2533 3850 2807 3903 contraria
2834 3850 3034 3906 delabi.

349 3939 488 4009 μηδὲ
508 3937 714 4009 τολμᾷν
743 3937 914 3992 εἰσέτι
943 3937 1350 4007 ἐπιστραφῆναι
1381 3938 1476 3989 καὶ
1508 3937 1924 4003 ἀντιτάξασθαι.
1965 3938 2224 3992 Τοιοῦτον
2245 3941 2355 4011 γὰρ
2385 3944 2418 4010 ἡ
2456 3943 2732 4013 ἐγκρατὴς
2790 3943 2990 4014 ἀρετὴ,
3038 3946 3134 3999 κα)⁵
3165 3946 3229 4002 τὸ
3307 3916 3506 4018 μαθεῖν
3567 3950 3640 4005 δι’

309 4061 320 4066 -
347 4034 998 4120 αὐτῆςίὲπιστημονικῶς
1027 4035 1088 4088 τὸ
1121 4035 1307 4089 καλόν.
1359 4035 1437 4087 Οὐ
1467 4033 1578 4106 γὰρ
1618 4033 1700 4087 ἔτι
1761 4037 1792 4089 ὁ
1851 4033 1994 4090 οὕτω
2037 4035 2230 4108 μαθὼν
2256 4037 2478 4092 δύναται
2512 4040 2820 4111 ἀπομαθεῖν
2856 4041 3022 4110 αὐτὸ,
3069 4044 3166 4098 κα),
3203 4046 3443 4115 ἑτεροῖος
3490 4046 3638 4101 διεκ-

315 4149 318 4152 ’
349 4129 564 4182 πεσεῖν.

423 4218 522 4284 οζ¹.
555 4219 665 4273 Καὶ
691 4220 742 4272 oi
782 4219 1024 4273 τοιοῦτοι
1065 4221 1187 4290 μὲν,
1241 4222 1290 4273 οἱ
1343 4220 1486 4290 μετά
1535 4219 1598 4273 τὸ
1655 4219 1940 4274 θειότατον

358 4313 507 4383 μέγα
550 4310 836 4382 κούρευμα
882 4313 983 4380 τὴν
1049 4311 1407 4381 καθήκουσαν
1477 4311 1667 4374 αὐτοῖς
1715 4311 1941 4381 μνήμην

355 4423 418 4459 τε
453 4406 547 4458 κα).
576 4404 821 4474 ἀγωνίαν
871 4402 1391 4472 ἀναλαμϐανόμενοι
1459 4403 1797 4472 (λογίζονται
1832 4402 1942 4469 γὰρ

359 4501 443 4562 είς
471 4495 730 4566 γνώσεως
761 4495 936 4548 τύπον
969 4496 1068 4562 τήν
1100 4509 1158 4545 τε
1187 4495 1246 4545 ἐν
1279 4493 1398 4562 χρῷ
1447 4491 1656 4560 κουρὰν
1691 4493 1789 4546 καὶ
1843 4492 1943 4562 τὴν

357 4589 471 4642 τῶν
495 4589 638 4641 κατά
670 4589 875 4657 κόσμον
906 4586 1132 4656 ἁμερίων
1184 4585 1494 4654 ὑπόδυσιν),
1543 4583 1842 4638 κάντεῦθεν
1874 4584 1951 4645 ὡς

365 4681 535 4751 μηδέν
565 4697 616 4733 τι
645 4681 1023 4748 περικείμενοι
1058 4678 1178 4748 βίον
1205 4677 1394 4748 βάρος,
1424 4679 1483 4730 ἐν
1512 4679 1579 4747 τῇ
1609 4675 1837 4745 ἀληθείᾳ
1859 4674 1952 4728 τοῦ

362 4771 500 4824 Θεοῦ
534 4771 826 4840 ψαλμικῶς
863 4769 1186 4840 πορεύονται
1214 4784 1228 4799 ο
1257 4768 1315 4821 ὃν
1345 4770 1438 4821 καὶ
1466 4767 1800 4834 ἐνδέδυνται,
1823 4767 1956 4819 πολ-

362 4863 443 4914 λοι
471 4863 630 4915 αὐτοὶ
652 4865 745 4914 καὶ
793 4861 980 4931 σχεδόν
1009 4877 1062 4912 τι
1097 4859 1374 4930 πανταχοῦ
1406 4860 1507 4929 γῆς
1534 4859 1954 4928 διεσπαρμένοι,

362 4958 462 5024 τῆς
489 4971 549 5005 τε
596 4955 947 5023 οἰκουμένης,
981 4955 1076 5020 κα“ι
1097 4956 1198 5024 ὅση
1229 4953 1369 5023 μηδὲ
1395 4949 1506 5005 οἶδε
1544 4949 1954 5004 κατοικεῖσθαι’

361 5045 430 5098 δι’
463 5039 538 5098 ὧν
562 5049 669 5102 ,καὶ
694 5046 930 5108 σώζεται
953 5047 980 5098 ὁ
1011 5046 1237 5114 κόσμος,
1265 5044 1384 5114 Θεῷ
1419 5045 1512 5096 καὶ
1552 5043 1698 5113 μόνῳ
1731 5041 1826 5096 καὶ
1849 5044 1962 5095 εἰσ-

367 5141 454 5192 αεὶ
511 5141 982 5209 προσανεχόντων,
1013 5140 1109 5190 καὶ
1145 5138 1592 5208 ἀγγελικώτερον
1614 5137 1786 5192 ὄντων
1825 5139 1963 5209 πρὸς

367 5230 539 5298 αὐτῷ,
587 5232 796 5300 κόσμου
835 5231 891 5283 δὲ
946 5232 1020 5300 μὴ
1065 5231 1592 5300 ὲπιστρεφομένων,
1639 5231 1722 5282 ὅτι
1752 5229 1825 5299 μὴ
1854 5232 1963 5298 ἀρα

369 5319 514 5370 κατά
541 5336 607 5386 γε
658 5320 720 5372 τὸ
777 5321 1092 5389 μεμνῆσθαι
1155 5321 1316 5390 ἡμῶν
1367 5320 1464 5372 καὶ
1527 5319 1961 5389 ὑπερεὺχεσθαι.

369 5411 504 5463 Οὐδὲ
531 5412 642 5479 γὰρ
668 5411 790 5464 οὐδὲ
821 5415 1030 5483 τροφῆς
1055 5412 1379 5483 ἐπίστροφοι
1400 5413 1450 5464 οί
1479 5415 1741 5479 τοιοῦτοι,
1773 5413 1966 5470 ὁποίαν

370 5504 406 5572 ἡ
437 5483 510 5572 τῖς
537 5507 802 5574 χορηγεῖ,
829 5503 902 5566 ὡς
937 5505 1005 5556 δι’
1052 5504 1224 5572 αὐτῆς
1256 5505 1507 5572 γίνεσθαι
1561 5503 1719 5566 αὖθις
1765 5505 1965 5565 αὐτοὺς

371 5592 482 5646 τῶν
512 5579 780 5663 περίγῆν
809 5611 826 5626 ο
856 5595 981 5646 ἐπεὶ
1013 5595 1205 5664 τρέφει
1254 5596 1450 5657 αὐτοὺς
1485 5595 1594 5647 τῶν
1627 5594 1758 5665 περὶ
1790 5595 1896 5662 γῆν
1940 5598 1969 5649 ὀ

375 5683 531 5749 Θεὸς,
571 5684 1187 5754 νέκταρ·ὲνσταλάζων,
1247 5688 1345 5740 καὶ
1388 5686 1699 5756 ἀμϐροσίαν
1741 5686 1970 5749 ἐντιθεὶς

381 5777 482 5842 τὴν
543 5776 675 5846 παρ’
725 5776 898 5848 αὐτῷ,
954 5779 1046 5832 καὶ
1080 5777 1223 5833 οὕτω
1262 5777 1431 5832 ποιῶν
1476 5777 1728 5846 ἐξαρκεῖν
1774 5778 1969 5843 αὐτοὺς

2120 4216 2208 4272 77.
2263 4213 2329 4268 Hi
2357 4229 2490 4284 ergo
2544 4225 2668 4285 post
2711 4214 3096 4272 admirabilem
3125 4225 3182 4271 et
3211 4233 3464 4290 magnam
3514 4231 3636 4278 ton-

2047 4323 2257 4372 suram,
2291 4317 2516 4376 accepta
2547 4308 2814 4360 memoria
2843 4318 2896 4362 et
2923 4308 3119 4365 militia
3142 4312 3278 4380 ipsis
3307 4314 3489 4368 oblata
3511 4316 3634 4387 (pro

2049 4399 2339 4467 disciplina
2381 4399 2664 4467 accipiunt
2715 4408 3004 4454 tonsuram
3033 4414 3338 4469 externam,
3368 4417 3422 4460 et
3466 4409 3634 4478 depo-

2049 4493 2303 4545 sitionem
2357 4491 2763 4543 mundanorum
2818 4491 3321 4569 indumentorum),
3376 4499 3640 4568 nulloque

2053 4583 2322 4654 deinceps
2373 4582 2583 4650 graVati
2637 4595 2809 4637 onere
2835 4587 3112 4650 saeculari,
3167 4588 3313 4644 inter
3368 4591 3639 4658 psalmos,

2055 4675 2111 4730 in
2140 4674 2376 4729 veritate
2400 4674 2519 4738 Dei,
2561 4688 2726 4744 quem
2761 4673 3060 4730 induerunt
3121 4680 3303 4746 multi,
3354 4681 3642 4752 progredi-

2059 4777 2249 4834 untur,
2281 4781 2617 4836 quocunque
2638 4772 2914 4818 terrarum
2941 4776 2993 4820 et
3021 4768 3177 4823 orbis
3222 4769 3642 4841 disperguntur,

2059 4863 2124 4915 ad
2151 4862 2273 4915 loca
2296 4862 2459 4915 etiam
2477 4858 2895 4926 inltabitabilia;
2918 4860 3166 4916 salvatur
3181 4864 3420 4918 mundus
3440 4881 3530 4934 per
3551 4882 3646 4921 eos

2061 4955 2170 5009 Deo
2202 4954 2364 5007 unice
2389 4963 2444 5007 et
2482 4969 2704 5022 semper
2732 4955 3013 5020 intentos,
3033 4956 3361 5012 assistentes
3387 4959 3463 5024 ei,
3500 4961 3644 5014 sicut

2065 5046 2263 5113 angeli,
2287 5046 2549 5099 tuundum
2578 5059 2684 5098 non
2713 5056 2972 5100 curantes
2999 5048 3104 5100 nisi
3139 5049 3206 5101 ad
3237 5050 3639 5102 recordantium

2067 5137 2242 5193 nostri
2277 5147 2331 5191 et
2359 5137 2633 5191 orandum
2687 5153 2787 5207 pro
2819 5139 2998 5193 nobis.
3023 5137 3212 5208 Neque
3237 5141 3301 5194 de
3329 5140 3454 5194 cibo
3481 5143 3644 5194 etiam

2067 5246 2230 5299 quem
2289 5239 2434 5284 terra
2469 5231 2700 5299 porrigit.
2749 5232 2972 5285 solliciti
3004 5245 3155 5297 sunt,
3187 5232 3342 5301 quasi
3377 5248 3470 5300 per
3517 5248 3646 5287 eum

2069 5324 2268 5378 iterum
2297 5323 2441 5377 inter
2501 5333 2752 5378 terrenos
2801 5323 3161 5386 habt-rentur,
3220 5324 3491 5390 siquidem
3535 5339 3642 5388 nu-

2069 5414 2168 5468 trit
2206 5416 2356 5482 ipsos
2395 5416 2559 5479 Deus,
2619 5428 2779 5468 terra:
2811 5421 3000 5467 nectar
3057 5414 3333 5468 distillatts
3377 5416 3649 5470 ambrosi-

2072 5518 2269 5572 umque
2317 5520 2472 5558 suam
2526 5504 2815 5572 adjiciens,
2879 5503 3160 5571 ipsosque,
3221 5504 3370 5558 nullo
3428 5516 3647 5574 sumpto

2071 5597 2218 5657 cibo,
2283 5605 2596 5652 sustentans
2646 5611 2740 5663 per
2774 5596 3136 5665 quadraginta
3169 5597 3310 5660 dies,
3339 5608 3392 5651 et
3433 5599 3502 5653 ad
3541 5599 3650 5654 alia

2075 5689 2340 5758 temporis
2406 5690 2579 5757 spatia
2659 5696 2861 5756 quanta
2927 5688 3277 5746 tradiderunt
3331 5691 3422 5761 qui
3498 5702 3654 5763 gesta

2079 5778 2171 5835 Dei
2211 5789 2589 5836 natravcrunt.
