3992 6240
418 283 536 350 795

1139 275 1565 340 EUSTATHII
1609 272 1906 335 THESSA
1917 267 2374 334 LONICENSIS
2415 268 2989 333 METRO-POLITE

3569 275 3670 339 796

419 401 725 472 ἀγιύστους
756 395 1017 467 βρώσεων
1043 391 1125 455 εἰς
1151 387 1665 461 τεσσαρακοντάδας
1690 403 1748 439 τε
1789 383 2007 456 ἡμερῶν
2045 385 2139 439 καὶ
2168 387 2248 450 εἰς
2280 385 2498 458 ἑτεροῖα
2555 387 2697 440 ποσὰ
2731 384 2949 455 καιροῦ,
2989 384 3150 440 ὁποῖα
3190 388 3582 458 παραδιδόασιν
3637 402 3681 453 οἱ

415 502 488 556 τὰ
513 500 634 554 θεῖα
663 495 1092 566 ἐξιστοροῦντες.

489 597 578 652 78.
618 597 769 651 Idem
801 607 1000 648 corvos
1049 591 1220 645 mittit
1260 589 1326 644 ad
1365 584 1790 641 ministrantlum
1821 582 1996 638 cibum

2182 575 2284 646 o'q'.
2323 577 2542 649 Ὀδηγεῖ
2575 578 2630 632 δέ
2664 581 2690 631 ὀ
2723 579 2884 642 αὐτὸς
2918 581 3012 634 καὶ
3041 581 3284 652 κόρακας
3319 582 3399 643 εἰς
3429 593 3684 652 χορηγίαν

415 690 486 745 iis
539 687 632 757 qui
706 687 753 740 ei
806 687 904 740 illo
953 685 1116 739 modo
1151 682 1420 745 serviunt,
1458 682 1773 747 quicunque
1809 680 1918 730 sint
1948 675 2004 729 hi

416 779 573 836 corvi
601 797 615 833 :
645 779 762 833 sive
794 784 1065 847 apparent
1114 784 1172 830 et
1218 773 1471 828 feruntur
1498 769 1723 826 aetherei
1754 768 1825 823 ob
1852 767 2006 821 vola-

415 884 567 938 tum,
609 873 727 928 sive
756 869 986 933 terreni,
1024 868 1294 938 siquidem
1351 865 1556 920 multos
1588 869 1802 917 ascetas
1837 862 2005 914 latro-

415 983 516 1022 nes
572 965 708 1020 moti
770 979 798 1018 a
855 963 962 1018 Deo
1021 963 1330 1025 enutriunt,
1382 955 1662 1025 sicutlupi
1695 953 1862 1022 raptis
1889 954 2006 1006 ovi-

415 1062 542 1124 ltus,
598 1068 652 1112 et
705 1055 994 1126 publicani
1049 1054 1237 1115 etiam,
1303 1051 1476 1120 quiet
1525 1047 1852 1117 acquirendi
1883 1044 2004 1100 zelo

415 1151 600 1221 corvis
655 1146 1056 1202 annumerandi
1090 1154 1240 1208 sunt,
1275 1157 1526 1212 quosque
1561 1140 1706 1194 Deus
1727 1140 1806 1194 sic
1835 1138 2004 1192 ﬂectit

417 1244 486 1297 ad
519 1244 746 1301 bonum.
797 1250 856 1294 ιιι
891 1251 1089 1294 ascetze
1118 1239 1301 1292 cibum
1331 1237 1548 1290 facilem
1591 1244 1644 1288 et
1677 1233 1882 1286 bonum
1915 1231 2001 1284 in-

416 1338 659 1398 veniant,
693 1343 752 1385 ttt
785 1346 1004 1401 pmnam
1031 1345 1060 1384 a
1087 1330 1250 1383 malis
1289 1340 1588 1396 sumptam;
1620 1333 1677 1377 ut
1707 1324 1810 1393 ipsi
1837 1323 2002 1392 largi-

417 1437 571 1481 entes
628 1432 790 1493 agant
847 1421 1053 1492 aliquid
1110 1422 1339 1484 bonum,
1375 1421 1504 1472 dum
1563 1429 1834 1470 memores
1869 1421 2003 1468 sunt

415 1519 802 1587 eleemosym‘;
841 1525 896 1568 ut
924 1521 1154 1568 maereat
1192 1510 1469 1572 diabolus,
1496 1510 1709 1578 quieos
1741 1505 1999 1573 inspirat,

416 1611 534 1664 visa
587 1609 642 1662 in
683 1607 764 1662 eis
804 1605 995 1674 optimi
1046 1605 1188 1673 ignis
1225 1602 1483 1665 flamma;
1529 1614 1598 1654 ne
1654 1599 1758 1668 ipsi
1813 1597 2002 1651 totali-

419 1713 503 1755 ter
528 1702 927 1756 obliviscantur
978 1712 1038 1752 se
1089 1697 1201 1751 Deo
1242 1698 1493 1758 subesse,
1554 1692 1848 1760 casterique
1897 1691 2000 1744 hoc

415 1794 580 1847 modo
619 1793 686 1846 ad
733 1791 967 1846 similem
1031 1787 1424 1843 misericordia:
1462 1784 1636 1840 zelum
1693 1781 2001 1837 accendan-

2108 671 2314 740 τρορῆς
2339 670 2449 722 τῶν
2479 669 2623 722 οὕτω
2662 671 3080 741 θεραπευόντων
3132 671 3318 736 αὐτον,
3349 670 3604 736 οὕστινας
3629 673 3685 744 δὴ

2105 763 2332 826 τούτους
2359 763 2644 831 λογιστέον
2688 764 2931 834 κόρακας
2964 781 2978 796 ο
3027 765 3088 818 τὸ
3124 765 3225 835 μὲν
3265 767 3687 836 προφαινόμενον

2108 855 2204 910 καὶ
2233 854 2641 925 ἱστορούμενον,
2711 857 2839 920 τοὺς
2896 857 3116 926 ἁερίους
3163 856 3251 910 διὰ
3294 859 3356 911 τὸ
3393 859 3683 927 πτητικόν·

2106 947 2208 1015 ἤδη
2261 946 2320 1000 δὲ
2364 947 2462 1001 καὶ
2501 947 2628 1009 τοὺς
2665 949 3019 1015 περιγείους·
3069 947 3122 1000 εἴ
3169 964 3235 1017 γε
3288 947 3520 1011 πολλοὺς
3583 948 3682 1001 τῶν

2105 1037 2462 1108 ἀσκουμένων
2485 1038 2536 1090 οἱ
2580 1040 2840 1109 πειραταὶ
2870 1038 3058 1092 θεόθεν
3105 1039 3526 1109 ὐποκινούμενοι
3569 1041 3684 1110 τρέ-

2108 1143 2324 1192 φουσιν,
2377 1124 2512 1177 (bo-sl.
2537 1129 2635 1182 καὶ
2676 1125 2830 1179 λύκοι
2874 1126 2965 1180 διὰ
3025 1127 3282 1196 ἁρπαγῆς
3311 1127 3515 1195 ἀρνίων
3541 1143 3555 1157 ⁸
3602 1130 3687 1180 καί

2105 1231 2210 1266 που
2253 1216 2344 1268 καὶ
2374 1217 2715 1284 πρηκτῆρες,
2756 1214 2913 1287 οὐςή
2949 1217 3272 1288 ἁρπακτικὴ
3330 1219 3562 1289 βορότης
3602 1220 3687 1286 ἐγ-

2104 1309 2306 1377 γρὰςρει
2331 1307 2403 1371 ὡς
2426 1310 2504 1370 εἰς
2550 1310 2815 1379 κόρακας,
2847 1309 2984 1361 Θεοῦ
3021 1311 3116 1362 καὶ
3142 1311 3300 1364 τοῦτο
3334 1313 3688 1382 οἰκονομοῦν-

2103 1420 2194 1466 τος
2219 1405 2296 1464 εἰς
2341 1402 2571 1470 ἀγαθόν·
2619 1404 2704 1456 ἵνα
2737 1404 2826 1456 καὶ
2871 1405 2919 1456 οἱ
2971 1403 3168 1466 αὐτοὺς
3201 1405 3438 1473 ἀσκηταὶ
3491 1404 3689 1457 ἄπονον

2105 1497 2199 1550 καὶ
2227 1494 2431 1565 ταύτην
2465 1495 2674 1565 τροφὴν
2721 1495 2932 1564 ἀγαθὴν
2983 1494 3182 1564 ἔχοιεν,
3232 1493 3306 1558 ὡς
3343 1491 3429 1547 οἷα
3461 1496 3522 1560 ἐξ
3561 1497 3687 1548 ἀνα-

2108 1584 2233 1650 ξίων
2264 1584 2421 1649 ἀξίαν
2446 1583 2807 1654 ἐξαγομένην,
2840 1585 2936 1637 καὶ
2976 1587 3025 1638 οἱ
3053 1585 3439 1655 μεταδιδόντες
3481 1586 3682 1653 ἀγαθο-

2105 1682 2367 1750 πραγοίεν
2408 1679 2493 1747 ἐφ’
2521 1678 2838 1742 ὁποσονοῦν,
2872 1679 3026 1732 αὐτοί
3056 1696 3111 1732 τε
3149 1681 3497 1750 μεμνημένοι
3536 1679 3688 1750 ἐλεη-

2105 1773 2380 1844 μοσύνης’
2439 1773 2508 1825 δι’
2535 1773 2600 1844 ἢν
2647 1773 2760 1842 ἔχοι
2800 1772 2864 1824 ἂν
2914 1771 3094 1840 θλίψιν
3123 1774 3150 1824 ό
3189 1773 3386 1834 αὐτοὺς
3418 1773 3691 1826 ὑποκινῶν

417 1898 528 1940 tur.
577 1886 637 1939 Si
699 1884 846 1938 enim
897 1899 962 1937 ex
999 1882 1094 1935 tali
1125 1895 1279 1935 more
1306 1889 1358 1935 et
1393 1879 1506 1931 vita
1545 1876 1720 1931 ferina
1749 1871 1996 1944 procedit

2106 1867 2337 1936 δαίμων,
2389 1864 2605 1934 βλέπων
2662 1867 2720 1917 ἐν
2772 1864 2955 1928 αὐτοῖς
2986 1864 3325 1935 ἐμπύρευμα
3355 1865 3690 1935 θερμότητος

415 1977 785 2046 eleemosyna,
833 1973 990 2043 quasi
1029 1972 1134 2027 mel
1189 1985 1255 2025 ex
1285 1985 1382 2024 ore
1416 1965 1757 2029 devorantis,
1796 1978 1996 2019 secun-

2106 1958 2338 2028 ἁγαθῆς,
2377 1959 2471 2009 καὶ
2503 1957 2656 2010 αὐτοὶ
2689 1957 2746 2010 δὲ
2791 1957 2867 2026 μὴ
2911 1956 3194 2020 παντελῶς
3254 1957 3692 2010 ἐκλανθάνωνται

413 2069 545 2124 dum
595 2044 934 2136 scripturas,
968 2074 1178 2134 quanto
1215 2063 1388 2133 magis
1420 2077 1484 2116 ex
1520 2059 1841 2116 [nominibus
1875 2056 1996 2126 lege

2106 2050 2196 2106 τοῦ
2223 2051 2330 2104 ὑπὸ
2359 2049 2478 2120 Θεῷ
2515 2044 2684 2103 εἶναι·
2720 2053 2816 2104 καὶ
2848 2049 2936 2103 ἵνα
2965 2050 3021 2102 δὲ
3048 2049 3127 2121 τῷ
3171 2050 3360 2120 τρόπῳ
3388 2048 3568 2118 τούτῳ
3603 2053 3694 2105 καὶ

413 2160 601 2231 divina
632 2159 884 2224 dire-etis,
913 2167 968 2213 et
999 2165 1207 2226 quanto
1238 2155 1417 2223 majus
1437 2154 1582 2210 idem
1613 2152 1822 2206 bonum
1855 2162 1987 2220 pro-

411 2253 571 2308 cedet
598 2253 622 2306 τ

2104 2145 2259 2200 ἄλλοι
2288 2142 2424 2213 πρὸς
2451 2143 2642 2212 ὅμοιον
2670 2141 3150 2211 ἐκθερμαίνωνται
3183 2141 3348 2210 ζῆλον
3373 2143 3468 2194 τοῦ
3497 2145 3689 2196 ἐλεεῖν.

2117 2235 2181 2288 Ei
2211 2234 2318 2304 γὰρ
2347 2233 2411 2286 ἐκ
2428 2233 2670 2286 τοιούτου
2697 2232 2860 2303 ἤθους
2881 2233 2977 2287 καὶ
3012 2232 3130 2302 βίου
3166 2233 3434 2304 θηριακοῦ
3461 2235 3687 2305 ὲλεημο·

411 2348 549 2420 σύνη
575 2365 844 2420 προεισιν,
880 2348 958 2412 ὡς
989 2348 1058 2402 ἂν
1100 2349 1149 2400 εί
1202 2349 1300 2402 καὶ
1352 2347 1409 2411 ἐξ
1443 2345 1698 2408 ἐσθοντος
1750 2342 1894 2412 μέλι,
1931 2337 1994 2392 τὺ
2032 2330 2343 2405 γραφικόν·
2378 2329 2533 2400 πόσῳ
2563 2330 2800 2400 μάλιστα
2831 2331 2894 2383 ἐκ
2925 2330 3032 2383 τῶν
3059 2330 3200 2402 λόγῳ
3260 2329 3391 2402 θείῳ
3455 2332 3692 2386 διοικου-

416 2447 620 2516 μένων,
673 2447 769 2500 καὶ
819 2445 1137 2500 ποσαπλοῦν
1168 2445 1232 2497 τὸ
1265 2445 1400 2496 αὐτὸ
1449 2443 1659 2512 ἀγαθὸν
1708 2437 2092 2504 ἐξελεύσεται;

489 2543 577 2598 79.
618 2545 710 2599 Sic
775 2558 908 2614 ergo
972 2542 1082 2597 Deo
1117 2543 1351 2596 ducente
1383 2550 1438 2594 et
1466 2555 1496 2594 a
1532 2536 1996 2605 corvisjllustres

417 2636 514 2691 Dei
575 2635 835 2690 monachi
884 2636 1262 2688 enutriuntur.
1293 2632 1348 2687 Si
1388 2643 1569 2688 autem
1609 2646 1772 2702 quem
1808 2629 1995 2684 cibum

415 2727 566 2780 domi
608 2740 806 2796 parare
849 2727 1064 2788 volunt,
1096 2740 1266 2794 parva
1299 2739 1430 2779 cura
1457 2725 1526 2779 de
1583 2733 1729 2778 terra
1759 2731 1845 2777 est
1877 2721 1992 2775 illis

415 2820 622 2891 (neque
685 2819 830 2874 enim
895 2833 1016 2874 eam
1080 2819 1321 2881 turbant,
1377 2818 1554 2873 lautas
1597 2817 1790 2887 epulas
1843 2829 1996 2885 qna:-

413 2923 644 2979 rentes,
684 2912 828 2968 sicut
859 2913 950 2982 qui
983 2926 1012 2966 a
1040 2919 1213 2966 matre
1245 2912 1516 2966 laetantur
1549 2910 1568 2980 )
1599 2927 1614 2973 ;
1668 2910 1763 2965 sed
1793 2909 1996 2964 herbas

415 3020 540 3075 qua:
570 3015 764 3075 sponte
799 3005 1134 3075 germinant,
1178 3005 1520 3074 evangelicas
1573 3003 1839 3064 locustas,
1875 3000 1989 3054 fru-

415 3107 539 3154 etus
568 3098 763 3153 obvios
794 3098 1052 3152 arborum
1096 3096 1389 3168 colligunt,
1427 3103 1750 3166 naturaeque
1783 3092 1992 3148 beneﬁ-

415 3191 519 3248 ciis
559 3189 838 3246 fruuntur.
1570 3198 1581 3208 '

2171 2522 2273 2580 οϐ’.
2315 2525 2426 2579 Καὶ
2453 2523 2596 2578 οὕτω
2629 2524 2728 2593 μὲν
2757 2523 3084 2593 όδηγοῦντος
3113 2523 3251 2578 Θεοῦ
3287 2525 3382 2578 καὶ
3409 2524 3504 2578 διά
3529 2525 3694 2592 κορά-

2101 2631 2215 2670 κων
2241 2615 2290 2668 οἱ
2324 2613 2421 2667 τοῦ
2457 2612 2594 2666 Θεοῦ
2626 2614 2854 2682 μεγάλοι
2905 2617 3134 2684 μοναχοὶ
3164 2614 3485 2684 τρέφονται.
3549 2616 3611 2667 Ei
3641 2615 3695 2668 δέ

2099 2725 2153 2762 τι
2182 2707 2388 2779 τροφῆς
2422 2708 2640 2761 οἴκοθεν
2675 2707 2927 2760 ἐθέλουσι
2983 2709 3081 2761 καὶ
3139 2708 3297 2762 αὐτοὶ
3345 2707 3691 2778 πορίζεσθαι,

2097 2799 2260 2868 ὀλίγα
2293 2800 2393 2868 τῆς
2425 2799 2526 2868 γῆς
2563 2799 2727 2868 μέλον
2755 2800 2942 2863 αὐτοῖς
2992 2800 3077 2870 (οὐ
3117 2801 3221 2870 γὰρ
3263 2801 3695 2873 παρενοχλοῦσιν

2101 2892 2265 2962 αὐτῇ,
2320 2889 2618 2960 ζητοῦντες
2676 2890 2960 2963 τρυφερὰν
3005 2892 3245 2957 δίαιταν,
3313 2894 3416 2947 ὅσα
3458 2894 3556 2946 καὶ
3586 2894 3694 2948 ἀπὸ

2100 2985 2311 3056 μητρὸς
2339 2986 2388 3038 οἱ
2433 2983 3098 3058 γαλακτοτροφούμενοι),
3126 2985 3264 3039 ἀλλὰ
3296 2985 3541 3056 βοτανῶν
3569 2987 3694 3057 ape--

2097 3077 2352 3146 πόμενοι,
2385 3077 2509 3132 ὅσαι
2542 3077 2843 3146 αὐτόματοι
2867 3076 3115 3145 φύονται,
3137 3079 3231 3131 καὶ
3260 3078 3502 3148 ἀκρίδων
3533 3079 3697 3146 εὐαγ-

2097 3170 2355 3238 γελικῶν,
2411 3171 2509 3224 καὶ
2569 3170 2895 3241 ἀκροδρύων
2944 3171 3055 3224 τῶν
3099 3171 3559 3242 παρατυχόντων,
3595 3172 3699 3240 ἁφ-

2096 3263 2376 3317 οσιοῦνται
2401 3264 2499 3334 τὴν
2517 3264 2819 3336 θεραπείαν
2843 3268 2944 3335 τῆς
2978 3263 3216 3332 φύσεως.

483 3372 571 3427 80.
611 3373 965 3443 Qumcunque
1019 3383 1200 3426 autem
1249 3371 1500 3426 homines
1535 3371 1664 3426 boni
1715 3369 1768 3423 in
1801 3369 1996 3424 munda

2182 3354 2255 3410 π’.
2294 3354 2398 3410 Οἷα
2413 3355 2471 3409 δὲ
2506 3358 2604 3409 καὶ
2637 3359 2685 3409 oi
2714 3357 2859 3411 κατά
2915 3356 3120 3425 κόσμον
3170 3355 3376 3422 ἀγαθοὶ
3413 3355 3699 3427 ἄνθρωποι

412 3463 471 3518 in
517 3466 641 3518 illos
675 3474 912 3534 parent,
944 3480 1004 3521 se
1059 3465 1294 3519 invicem
1353 3465 1407 3519 in
1443 3465 1643 3519 bonum
1681 3463 1996 3526 incitantes,

411 3558 543 3628 quid
567 3559 752 3612 dicere
780 3558 1020 3629 expedit,
1042 3574 1166 3612 cum
1181 3562 1293 3613 sint
1320 3559 1580 3614 omnibus
1599 3566 1748 3618 nota,
1778 3571 1880 3611 nec
1909 3571 1998 3611 re-

417 3650 626 3704 latione
677 3651 956 3719 indigeant
985 3651 1108 3704 ?Ab
1130 3652 1237 3706 illis
1268 3651 1412 3705 enim
1452 3654 1590 3706 adeo
1620 3651 1918 3719 replentur,
1938 3658 2001 3703 ut

413 3742 622 3795 alteros
651 3742 947 3811 adiuvent,
982 3751 1041 3795 ut
1086 3746 1280 3797 horrea
1326 3759 1424 3798 sua
1464 3744 1518 3796 in
1553 3752 1782 3796 caeteros
1821 3741 2000 3796 eﬂun-

416 3831 573 3897 dant,
599 3849 664 3887 ex
692 3833 1034 3892 abundantia
1060 3835 1181 3888 sine
1213 3835 1420 3897 labore,
1451 3847 1480 3884 a
1512 3832 1622 3887 Deo
1653 3840 1993 3898 comparata,

415 3938 522 3978 nec
570 3924 754 3990 cultis,
794 3925 906 3978 nec
951 3925 1182 3980 consitis
1213 3926 1380 3994 agris.
1415 3925 1560 3978 sicut
1611 3925 1813 3977 bonum
1847 3923 1993 3976 istud

415 4028 618 4070 manna
671 4019 867 4086 pluens
911 4017 978 4071 de
1007 4017 1171 4082 ccelo,
1227 4025 1283 4073 et
1326 4032 1490 4072 omne
1527 4017 1992 4071 delectatnentutn

417 4109 626 4162 mensis
671 4108 928 4174 aii'erens,
978 4121 1244 4179 quantum
1308 4109 1454 4163 Deus
1481 4107 1781 4169 benedicit,
1814 4121 1994 4175 quan-

416 4209 530 4257 tum
557 4203 694 4258 satis
719 4210 773 4257 et
799 4203 920 4273 plus
949 4217 1114 4273 quam
1146 4217 1370 4256 necesse
1394 4209 1500 4256 est.

486 4456 578 4511 8t.
610 4452 714 4510 Ubi
771 4453 882 4524 jam
937 4452 1078 4522 apud
1148 4452 1400 4510 homines
1443 4453 1520 4510 sic
1563 4463 1787 4523 agentes
1831 4456 1997 4511 vesti-

417 4549 566 4618 gium
615 4546 839 4602 malitiae
890 4561 1053 4615 quam
1111 4550 1489 4612 ejuraverunt,
1542 4550 1686 4604 sicut
1713 4558 1841 4605 ante
1907 4549 1994 4604 di-

417 4651 568 4697 ctum
604 4641 716 4695 est?
739 4640 873 4704 Quae
897 4639 1048 4693 deest
1070 4639 1137 4693 tle
1159 4641 1244 4697 his
1267 4641 1584 4705 virtutibus,
1615 4656 1754 4712 quas
1776 4643 1877 4697 soli
1907 4644 1992 4697 itt-

2107 3448 2239 3518 περὶ
2263 3449 2394 3511 τοὺς
2419 3447 2697 3510 τοιούτους
2723 3449 3043 3518 τεχνῶνται,
3075 3447 3329 3517 ἀλλήλοις
3357 3449 3420 3510 ἐς
3452 3449 3514 3501 τὸ
3533 3448 3702 3502 καλὸν

2106 3539 2504 3609 ἁμιλλώμενοι,
2535 3540 2589 3593 τί
2628 3538 2736 3610 χρὴ
2785 3541 2881 3592 καὶ
2913 3538 3118 3607 λέγειν,
3154 3540 3478 3609 ἐγνωσμένα
3530 3543 3702 3595 πᾶσιν

2103 3633 2256 3697 ὂντα,
2285 3633 2380 3686 καὶ
2413 3632 2658 3701 ἱστορίας
2689 3631 2844 3684 οὐδὲν
2874 3631 3139 3699 δεόμενας
3173 3633 3238 3685 Οἳ
3271 3631 3700 3701 περιουσιάζου-

2105 3741 2194 3780 σιν
2239 3725 2442 3786 αὐτοὺς
2471 3725 2531 3786 ἐς
2579 3722 2836 3776 τοσοῦτον
2870 3723 2966 3776 καὶ
2995 3723 3216 3792 ἐτέρους
3244 3723 3571 3790 ἐπωφελεῖν,
3600 3723 3701 3777 καὶ

2105 3816 2493 3885 ἐξερεύγεσθαι
2543 3815 2613 3868 τὰ
2654 3815 2882 3868 ἐκείνων
2915 3818 3138 3884 ταμιεῖα
3175 3815 3232 3880 ἐξ
3276 3818 3460 3870 αὐτῶν
3490 3820 3572 3880 εἰς
3605 3819 3702 3873 ἄλ.

2103 3907 2228 3970 λους
2249 3908 2394 3978 λόγῳ
2437 3905 2880 3975 περιουσιασμοῦ
2909 3907 3374 3975 ἀπραγματεύτου
3401 3910 3499 3963 καὶ
3529 3910 3698 3963 αὐτό-

2102 4013 2293 4068 χρημα
2350 3997 2670 4066 θεοκτήτου,
2717 3997 2977 4066 ἄσπαρτα
3011 3996 3108 4050 καὶ
3157 3997 3427 4068 ἀνήροτα,
3462 3999 3540 4062 ὡς
3565 4000 3702 4069 ἀλη-

2104 4087 2211 4150 θῶς
2242 4087 2383 4140 καλά
2407 4087 2586 4140 ταῦτα
2620 4085 2799 4154 μάννα
2835 4085 3169 4155 βρεχόμενον
3203 4088 3432 4154 ἄνωθεν,
3469 4091 3566 4144 καὶ
3590 4108 3696 4145 πο·-

2101 4179 2300 4234 λυειδεί
2331 4178 2615 4249 μορφώσει
2653 4177 2934 4246 τραπέζας
2958 4177 3454 4246 ἐξαρτύον,όποίας
3479 4182 3702 4240 εὐλογεῐ

2101 4273 2257 4336 Θεὸς,
2287 4271 2380 4325 καὶ
2407 4275 2488 4335 εἰς
2517 4272 2860 4341 αὐτάρκειαν
2891 4269 2990 4341 τὴν
3012 4273 3235 4338 αὐτίκα,
3266 4273 3362 4326 ml.
3387 4274 3470 4337 είς
3503 4275 3701 4345 περίσ-

2104 4382 2306 4434 saepe.

2171 4466 2284 4515 πα’.
2323 4459 2429 4514 Ποῦ
2461 4459 2642 4514 τοίνυν
2677 4463 2734 4514 ἐν
2760 4462 2873 4520 τοῖς
2901 4459 3046 4514 οὕτω
3077 4458 3254 4528 βιοῦσι
3287 4459 3490 4522 κακίας
3521 4462 3695 4530 ἴχνος,

2102 4553 2170 4623 ἢν
2203 4551 2594 4621 ἀπωμόσαντο,
2627 4553 2770 4606 καθὰ
2819 4552 3270 4623 προεκτέθειται;
3318 4552 3460 4604 Ποία
3487 4553 3547 4607 δέ
3583 4553 3696 4606 τῶν

2104 4642 2318 4712 ἀρετῶν
2348 4643 2605 4705 ἀπέσται,
2641 4642 2708 4704 ἃς
2737 4642 3210 4712 παρηγγέλθησαν
3237 4634 3383 4694 οὗτοι
3412 4644 3506 4694 καὶ
3538 4643 3695 4712 μόνοι

415 4740 502 4788 ter
547 4730 846 4785 monachos
881 4732 1261 4799 praetulerunt,
1291 4731 1494 4800 quibus
1525 4733 1632 4787 hoc
1654 4734 1881 4787 verbum
1916 4739 1994 4787 est

2106 4733 2163 4787 ἐν
2199 4736 2490 4803 μοναχοῖς;
2521 4735 2570 4787 οἳ
2611 4735 2795 4787 καὶτὸ
2847 4753 2866 4786 t
2900 4734 2990 4788 ναὶ
3024 4755 3042 4786 ι
3085 4733 3472 4802 συγκλείοντες
3506 4738 3588 4797 εἰς
3632 4735 3695 4788 τὸ

414 4831 500 4878 est
529 4822 824 4892 significat,
880 4823 1084 4892 quique
1127 4821 1271 4877 istud
1307 4839 1413 4878 non
1444 4840 1557 4880 suae
1588 4833 1836 4880 tonsurae
1882 4839 1990 4882 non

413 4913 638 4969 fallunt?
661 4912 816 4982 Apud
841 4927 959 4974 eos,
982 4921 1038 4969 et
1060 4912 1205 4982 apud
1253 4913 1399 4968 solos
1421 4929 1518 4967 eos
1558 4913 1769 4967 habitat
1799 4915 1992 4978 virtus,

415 5008 558 5078 apud
608 5021 702 5062 eos
736 5007 910 5062 virtus
940 5005 1037 5060 Dei
1075 5005 1312 5075 perfecte
1358 5005 1509 5073 agit;
1551 5003 1658 5074 ipsi
1710 5003 1992 5068 Christum

417 5101 771 5156 invisibiliter
828 5108 1120 5161 astantem,
1197 5099 1342 5153 sicut
1412 5112 1537 5150 eum
1610 5097 1993 5163 tonderentur,

418 5199 500 5250 sic
531 5195 586 5249 in
656 5203 933 5263 posterum
1008 5192 1319 5246 intuentur.
1369 5188 1478 5256 Ipsi
1526 5190 1898 5242 meminerunt
1925 5189 1992 5242 ad

417 5301 581 5354 quem
637 5285 996 5346 accesserint,
1052 5281 1140 5335 cui
1176 5282 1289 5334 sint
1345 5280 1596 5350 ascripti,
1633 5282 1838 5349 quibus
1906 5297 1994 5337 re-

417 5378 814 5432 nuntiaverint.
879 5373 1107 5436 llorum,
1155 5383 1210 5426 et
1239 5371 1433 5426 horum
1501 5375 1663 5428 modo
1713 5376 1994 5445 proprium

419 5479 501 5523 est
533 5469 693 5524 tinent
724 5471 906 5538 magni
945 5469 1165 5522 habitus
1197 5466 1360 5534 digne
1385 5467 1636 5520 oratione
1658 5468 1993 5521 abEetrlesia

415 5577 582 5631 super
656 5564 804 5632 ipsos
869 5563 1124 5624 recitata,
1185 5569 1239 5616 et
1281 5558 1841 5630 irreprehensibiliter
1899 5559 1994 5612 atl-

413 5652 665 5720 implere,
725 5665 888 5722 atque
968 5655 1055 5722 pie
1094 5665 1148 5708 et
1172 5662 1360 5708 sancte
1427 5667 1486 5706 se
1555 5651 1775 5715 Ital-ere,
1859 5651 1989 5704 dttm

415 5752 665 5795 sanctum
734 5743 822 5796 Dei
879 5745 1130 5798 timorem
1193 5747 1245 5799 in
1306 5746 1422 5800 suis
1480 5743 1770 5800 animabus
1807 5741 1986 5798 nutri-

2101 4824 2212 4889 ναὶ,
2247 4843 2267 4878 ι
2303 4826 2397 4878 καὶ
2427 4826 2488 4877 τὸ
2529 4845 2545 4876 t
2580 4823 2641 4878 οὒ
2673 4844 2692 4876 ι
2752 4825 2810 4877 δὲ
2836 4826 2935 4894 τῆς
2967 4827 3168 4894 κουρᾶς
3229 4825 3302 4894 μὴ
3338 4825 3691 4894 ψευδόμενοι.

2113 4915 2204 4970 Ἐν
2233 4917 2416 4979 αὐτοῖς
2449 4917 2547 4970 καὶ
2594 4917 2776 4984 μόνοις
2811 4918 2845 4985 ἡ
2887 4917 3114 4986 ἀλήθεια
3147 4919 3431 4970 κατοικεί-
3466 4921 3524 4970 ἐν
3559 4917 3686 4970 τού-

2100 5026 2216 5072 τοις
2247 5011 2279 5079 ή
2307 5008 2404 5062 τοῦ
2437 5009 2572 5063 Θεοῦ
2597 5009 2826 5078 δύναμις
2852 5010 3080 5072 ἐντελῶς
3121 5011 3335 5078 ἐνεργεῖ
3353 5025 3370 5038 ·
3413 5011 3572 5064 αὐτοὶ
3598 5011 3694 5063 τὸν

2101 5102 2339 5172 Χριστὸν
2370 5103 2618 5172 ἀοράτως
2680 5102 2950 5172 παρόντα,
3009 5100 3202 5170 ὥσπερ
3253 5101 3484 5154 ἔϐλεπον
3524 5104 3583 5155 ὲν
3609 5101 3693 5169 τῷ

2105 5192 2409 5262 κείρεσθαι,
2454 5191 2597 5244 οὕτω
2625 5191 2721 5244 xa‘t
2748 5195 2804 5243 ἐν
2832 5191 2943 5253 τοῖς
2975 5190 3196 5258 ἐφεξῆς.
3227 5191 3393 5242 Αὐτοὶ
3434 5191 3690 5259 μέμνην-

2105 5300 2216 5342 ται,
2240 5283 2344 5335 τίνι
2382 5283 2480 5350 μέν
2517 5282 2848 5351 προσῆλθον,
2899 5283 3008 5334 τίνι
3039 5281 3094 5334 δὲ
3133 5280 3551 5350 συνταξάμενοι,
3603 5280 3693 5332 τί·

2111 5389 2194 5424 σιν
2225 5373 2590 5437 ἁπετάξαντο.
2635 5372 2856 5424 Τούτων
2893 5372 3010 5424 ἐστι
3051 5372 3144 5425 καὶ
3194 5371 3374 5439 μόνων
3415 5369 3480 5422 τδ
3510 5369 3698 5440 ἀμέμ-

2105 5481 2256 5525 πτως
2303 5465 2445 5518 κατὰ
2501 5465 2598 5534 τὴν
2645 5463 2733 5516 ἐπ’
2781 5465 2964 5525 αὐτοῖς
3014 5462 3480 5530 ἐκκλησιαστικὴν
3521 5461 3695 5534 εὐχὴν

2103 5557 2196 5609 καὶ
2229 5557 2606 5626 ἁκαταδιρίτως
2644 5556 2738 5609 τὸν
2773 5556 2974 5610 σκοπὸν
3020 5555 3270 5622 ἐξανύειν
3322 5553 3417 5605 τοῦ
3450 5553 3695 5622 μεγάλου

2103 5649 2407 5717 σχήματος,
2463 5647 2557 5700 καὶ
2593 5647 2842 5710 εὐλαϐῶς
2897 5647 3043 5716 ἔχειν
3100 5645 3197 5700 καὶ
3247 5645 3466 5714 σεμνῶς
3522 5646 3581 5697 ἐν
3610 5641 3697 5712 τῷ

2099 5741 2318 5810 τρέφειν
2356 5742 2411 5792 ἐν
2443 5738 2589 5802 ψυχῇ
2642 5739 2846 5793 τέλειον
2873 5741 3037 5802 φόϐον
3079 5739 3169 5791 τοῦ
3221 5737 3380 5793 θεοῦ.
3418 5739 3482 5792 Oi
3510 5733 3689 5791 τοιοῦ-
