3992 6240
305 272 410 335 797

1233 275 1330 338 DE
1369 275 1847 340 EMENDANDA
1892 275 2072 336 VITA
2116 276 2587 342 MONACIIICA.

3475 286 3586 351 793

307 405 392 442 τοι
439 385 620 456 πάσης
649 385 922 457 κοσμικῆς
985 387 1389 459 ἀπηλλάγησαν
1437 388 1760 458 ἐπιθυμίας,
1797 391 1893 442 καὶ

2013 398 2115 444 ιηι.
2173 390 2278 460 ipsi
2337 409 2365 444 ιι
2406 391 2652 451 utrolibet
2707 392 2986 449 mundana
3033 395 3477 466 concupiscentia
3524 421 3585 458 se

275 479 278 482 ’
307 481 420 536 τῶν
453 483 592 534 κατὰ
630 481 811 551 σάρκα
859 484 1162 551 συγγενῶν,
1198 484 1506 554 ἀνθρώπων
1538 483 1741 554 δηλαδὴ
1795 483 1891 537 καὶ

311 572 522 638 παθῶν,
578 566 660 634 οἷς
701 573 749 624 οἱ
781 573 1049 638 ἐμπαθεῖς
1087 573 1286 642 μικροῦ
1313 575 1421 627 δεῖν
1471 575 1566 629 καὶ
1596 573 1890 628 συνουσιὼ-

313 665 459 737 μεθα
485 665 624 718 κατὰ
649 664 906 734 σύντηξιν
932 665 1032 736 τὴν
1063 669 1128 722 ἐκ
1158 666 1380 734 φαύλων
1436 667 1752 732 συνηθειῶν.
1784 668 1893 721 Αὐ-

311 761 398 813 τοὶ
421 757 512 814 τὸν
539 755 634 814 τοῦ
663 757 800 811 Θεοῦ
844 759 1134 828 ἄνθρωπον
1169 759 1539 823 ἀνεκαίικισαν,
1595 761 1894 828 ἐνδυσάμε-

311 868 394 904 νοι
523 850 616 904 τοῦ
654 847 892 904 παλαιοῦ
923 852 1185 906 ἀποθέσει
1219 853 1310 905 τόν
1355 852 1510 917 νέον,
1565 851 1622 916 ὃς
1669 853 1896 921 ἐκτίσθη

313 943 438 995 κατ’
472 942 656 994 εἰκόνα
692 939 848 996 Θεοῦ.

387 1079 501 1134 πθ.
547 1078 641 1149 Τῷ
671 1079 902 1150 τοιούτῳ
960 1079 1180 1149 μοναχῷ
1211 1081 1244 1150 ἡ
1276 1080 1377 1150 τῆς
1429 1080 1718 1149 μετανοίας
1751 1079 1899 1149 ἠνοι-

313 1191 444 1227 κται
487 1173 629 1243 θύρα
663 1174 807 1226 κατὰ
845 1172 947 1242 τὴν
972 1171 1182 1243 ἀψευδῆ
1208 1175 1309 1241 τῆς
1340 1174 1545 1242 κουρᾶς
1575 1173 1894 1242 ὑπόσχεσιν,

315 1269 410 1322 καὶ
432 1267 463 1318 6
492 1267 729 1336 χρηστὸς
753 1264 920 1332 ζυγὸς
971 1265 1137 1336 ἤρθη,
1189 1266 1285 1318 καὶ
1310 1266 1371 1318 τδ
1408 1265 1642 1336 ἐλαφρὸν
1665 1266 1898 1320 ἐϐαστά-

316 1362 420 1433 χθη
459 1360 702 1430 φορτίον.
754 1359 847 1412 Ἐν
890 1358 968 1428 τῷ
997 1358 1140 1411 οὕτω
1172 1359 1376 1430 βιοῦντι
1410 1361 1505 1413 καὶ
1532 1362 1559 1411 6
1593 1359 1897 1428 άγιώτατος

316 1453 555 1524 σταυρὸς
587 1451 672 1505 ἐπ’
697 1451 864 1520 ὤμων
904 1452 1004 1519 μὲν
1031 1453 1333 1522 φερόμενος
1362 1454 1443 1514 εἰς
1495 1454 1810 1523 Κυρηναῖον
1831 1451 1898 1504 ἂν

315 1547 536 1616 Σίμωνα
565 1545 824 1598 εἰκονὶσοι
845 1544 937 1596 τόν
962 1545 1186 1614 αἴροντα
1211 1559 1226 1576 ·
1269 1546 1332 1599 ἐκ
1369 1548 1473 1616 γῆς
1530 1546 1586 1599 δὲ
1617 1547 1778 1598 αὐτὸν
1814 1547 1900 1599 αἴ-

317 1655 449 1710 ρων,
499 1639 594 1691 καὶ
634 1637 1137 1708 προσπατταλεύων
1175 1637 1254 1707 τῷ
1289 1638 1381 1691 τοῦ
1416 1638 1554 1691 Θεοῦ
1583 1638 1754 1708 πόθῳ,
1802 1638 1900 1691 καὶ

2003 483 2424 552 clongavcrunt,
2475 495 2526 538 et
2552 501 2582 540 a
2611 486 2865 555 cognatis
2897 487 3199 543 secundum
3231 504 3480 554 carnem,
3517 495 3584 550 al)

1999 575 2319 632 hominibus
2365 579 2580 633 scilicet
2613 587 2669 633 tt
2711 580 3084 649 passionihus,
3127 581 3328 652 quibus
3356 583 3580 638 obnoxii

1997 666 2112 722 fere
2163 669 2668 727 eonsnhstantiales
2718 687 2932 736 sumus,
2985 681 3212 742 prepter
3241 677 3588 730 commistio-

1997 774 2119 814 nem
2172 778 2202 814 e
2234 776 2398 827 prava
2431 765 2849 819 conversitione
2883 775 3258 820 consecutam.
3297 765 3358 820 lli
3410 768 3586 820 homi—

1996 868 2122 908 nem
2151 854 2245 908 Dei
2277 867 2636 925 renovarunt,
2695 859 2950 926 ilcposito
2987 860 3156 915 veteri
3216 869 3271 915 et
3325 875 3465 915 novo
3504 862 3585 913 io-

1999 946 2156 1011 duto,
2191 947 2284 1017 qui
2317 947 2384 1001 ad
2419 949 2712 1018 imaginem
2747 949 2842 1005 Dei
2875 962 3094 1008 creatus
3135 961 3240 1009 est.

2077 1081 2167 1134 82.
2199 1081 2334 1136 Huic
2370 1083 2642 1137 monacho
2675 1091 2863 1154 aperta
2888 1091 2971 1140 est
3001 1087 3342 1154 pmnitentize
3378 1088 3578 1155 janua.

1999 1174 2300 1230 secundum
2326 1189 2576 1230 veraeem
2598 1187 2840 1230 tonsura:
2861 1178 3315 1232 constitutionem
3342 1196 3360 1243 ς
3385 1179 3578 1249 jugut'u

2008 1281 2184 1324 suave
2209 1268 2486 1322 sublatum
2524 1276 2630 1331 est,
2663 1276 2716 1322 et
2753 1267 3056 1337 baiulatum
3098 1254 3239 1325 onus
3280 1271 3416 1326 leve.
3472 1271 3583 1326 [io-

2000 1361 2203 1414 minetn
2236 1359 2318 1412 sic
2347 1359 2622 1414 viventem
2655 1373 2790 1414 crux
2823 1359 3175 1415 sanctissima
3200 1361 3446 1416 humeris
3483 1363 3582 1416 im-

1999 1451 2178 1520 posita
2225 1459 2598 1504 assumentem
2649 1450 2889 1505 similem
2935 1449 3146 1526 Simoni
3205 1451 3280 1504 illi
3327 1452 3586 1523 Cyrenaeo

2001 1541 2185 1607 eliicit;
2218 1551 2275 1596 et
2307 1556 2432 1596 cum
2487 1557 2612 1596 eum
2659 1557 2692 1598 e
2736 1553 2880 1598 terra
2933 1543 3204 1599 elevatum
3243 1543 3467 1613 conligit
3495 1545 3585 1598 Dei

2001 1635 2296 1700 desiderio,
2325 1643 2380 1690 et
2409 1635 2529 1706 ejus
2556 1649 2751 1692 carnes
2811 1636 3010 1693 timore
3039 1636 3257 1692 Domini
3321 1639 3585 1706 percutit,

315 1730 574 1800 καθηλὼν
610 1733 674 1782 ἐκ
710 1728 801 1782 τοῦ
833 1728 1000 1798 φόδου
1029 1728 1196 1782 αὐτοῦ
1235 1730 1336 1793 τὰς
1369 1730 1578 1800 σάρκας
1606 1731 1702 1784 τοῦ
1729 1733 1901 1800 ἀσκη-

2011 1731 2079 1784 ita
2135 1739 2195 1785 ut
2261 1737 2439 1784 morte
2510 1727 2868 1799 compatienti
2938 1729 3240 1786 cruciﬁxus
3311 1729 3585 1794 videatur,

315 1822 435 1885 τοῦ,
471 1821 543 1884 ὡς
575 1820 753 1873 δοκεῖν
787 1819 1159 1890 σταυροῦσθαι
1205 1823 1271 1891 τῇ
1299 1821 1566 1889 νεκρὼσει
1599 1825 1696 1892 τῆς
1723 1823 1900 1892 ἐμπα-

317 1916 493 1976 θείας,
524 1917 602 1976 εἰς
629 1913 875 1983 μιμητὴν
907 1915 1070 1967 αὐτον
1103 1915 1298 1981 άνυψοῖ
1317 1915 1408 1966 τοῦ
1445 1915 1701 1983 Σωτῆρος
1743 1915 1900 1984 ἡμῶν

326 2007 505 2076 Ἰησοῦ
558 2006 833 2076 Χριστοῦ·
866 2006 942 2070 ὡς
1003 2007 1141 2075 μετὰ
1191 2007 1295 2076 τὴν
1346 2006 1656 2076 σταύρωσιν
1693 2007 1901 2071 ταύτην

313 2101 560 2168 ταφέντα
591 2102 656 2170 τῇ
691 2097 833 2150 κατὰ
871 2097 1005 2150 Θεὸν
1045 2099 1374 2152 ταπεινώσει
1427 2098 1792 2167 ἐξαναστῆναι
1821 2101 1902 2162 εἰς

319 2191 468 2261 ζωὴν
497 2191 744 2250 αἰωνίαν,
775 2189 868 2242 καὶ
901 2191 1120 2260 ἐμφανῆ
1145 2193 1440 2261 γενόμενον
1467 2194 1582 2254 τοῖς
1612 2191 1777 2244 αὐτὸν
1809 2207 1904 2258 φιο

317 2283 474 2338 λοῦτι
523 2284 791 2354 μαθηταῖς
821 2321 836 2346 ,
902 2284 1000 2336 καὶ
1065 2285 1331 2354 τεράστια
1390 2283 1895 2354 κατεργασάμενον,

321 2362 699 2448 ἀναληφθῆναι
732 2379 812 2437 εἰς
847 2375 939 2428 τὸν
965 2376 1191 2446 ὕψιστον
1231 2377 1472 2447 Πατέρα,
1505 2378 1601 2430 καὶ
1642 2376 1902 2446 κληρονο-

321 2473 493 2540 μῆσαι
522 2470 630 2521 τῶν
662 2468 824 2522 αὐτοῦ
865 2468 1108 2534 ἀγαθῶν,
1136 2471 1230 2521 καὶ
1256 2470 1637 2540 ἀναδραμόντα
1664 2469 1745 2531 εἰς
1775 2467 1902 2521 εὐθὺ

317 2564 502 2632 εὑρεῖν
528 2565 835 2616 ἀνάπαυσιν
863 2567 928 2634 τῇ
957 2564 1122 2616 αὐτοῦ
1153 2563 1323 2633 ψυχῇ,
1347 2563 1490 2617 καθὰ
1518 2565 1544 2615 6
1578 2564 1719 2616 κατα
1743 2562 1903 2616 πνεῦο

323 2673 400 2725 μα
435 2659 637 2726 κείρων
677 2657 838 2709 αὐτὸν
872 2657 1161 2721 ἐπεύξατο.

393 2775 506 2836 πγ¹.
539 2767 629 2837 Τῷ
658 2765 884 2838 τοιούτῳ
907 2768 1000 2820 καὶ
1037 2769 1063 2820 6
1107 2767 1394 2840 κούριμος,
1421 2768 1494 2832 ὡς
1535 2767 1677 2822 οὕτω
1711 2769 1901 2840 φάναι,
1978 2765 1986 2769 ’

319 2861 418 2932 τῆς
450 2861 670 2930 τελετῆς
720 2860 900 2942 γάμος
956 2859 1202 2929 προέϐη,
1261 2862 1351 2913 καὶ
1409 2863 1436 2914 6
1483 2862 1904 2932 ἁχειροποίητος

319 2953 602 3022 ἐθεωρήθη
626 2952 874 3021 νυμφὼν,
917 2952 1012 3004 καὶ
1041 2954 1074 3020 ἡ
1101 2952 1309 3006 ἄνωθεν
1333 2952 1394 3018 ἐξ
1424 2954 1655 3024 οὖρανοῦ
1688 2955 1903 3023 ὑφαντὴ

323 3045 558 3115 ἐπετέθη
591 3044 770 3112 στολὴ,
803 3044 896 3096 καὶ
928 3043 1092 3097 τᾶλλα
1128 3045 1305 3097 πάντα
1332 3047 1753 3116 προσήρμοσται
1782 3046 1901 3099 θεο-

2005 1822 2262 1878 eumdem
2321 1821 2391 1876 ad
2443 1820 2805 1877 imitationem
2839 1820 3148 1878 Salvatoris
3215 1822 3392 1878 nostri
3455 1820 3585 1877 Jesu

2003 1914 2212 1969 Christi
2251 1915 2437 1986 erigit.
2476 1914 2541 1970 Et
2577 1921 2702 1984 post
2742 1915 2886 1968 hanc
2919 1913 3356 1968 immolationem
3400 1913 3588 1982 sepul-

2007 2014 2094 2062 tus
2124 2007 2312 2062 divina
2363 2007 2672 2062 humilitate
2707 2017 2958 2075 resurget
2993 2005 3048 2060 iu
3077 2007 3244 2060 vitam
3281 2014 3583 2070 aeternam;

2005 2101 2268 2170 visusque
2323 2099 2614 2170 discipulis
2659 2113 2785 2154 eum
2849 2097 3242 2165 diligentibus,
3294 2097 3587 2166 clarusque

2008 2192 2292 2247 miraculis
2340 2207 2467 2262 quae
2521 2200 2781 2263 operatus
2813 2198 2922 2256 est,
2966 2201 3283 2246 assumetur
3345 2191 3414 2245 ad
3477 2190 3584 2245 Pa-

2007 2294 2147 2340 trem
2172 2287 2477 2345 excelsum.
2515 2285 2656 2340 bona
2681 2285 2804 2355 ejus
2831 2285 3085 2352 accipiet,
3118 2285 3340 2353 vitaque
3361 2281 3586 2338 evolans

2007 2379 2251 2442 requiem
2280 2379 2478 2432 animm
2511 2393 2625 2431 suae
2659 2377 2926 2442 inveniet,
2958 2389 3122 2446 quam
3188 2389 3313 2429 eum
3351 2373 3586 2428 tondens

2006 2469 2368 2540 spiritualiter
2401 2469 2793 2539 spoponderat.

2077 2765 2165 2822 85.
2217 2764 2356 2821 Huic
2405 2775 2457 2821 et
2526 2765 2838 2821 convivium
2910 2763 3153 2834 nuptiale
3215 2769 3481 2825 tonsurae,
3530 2766 3590 2815 ut.

1980 2857 2079 2912 'ita
2127 2860 2332 2926 dicam,
2393 2859 2691 2930 opponitur
2729 2877 2742 2924 ;
2777 2859 2904 2913 huic
2958 2866 3242 2913 ostensum
3312 2863 3398 2910 est
3443 2870 3588 2924 nup-

2007 2950 2132 3006 tiale
2159 2952 2470 3006 cubiculum
2493 2967 2598 3005 non
2635 2965 2793 3004 manu
2828 2949 3054 3011 factum,
3088 2961 3250 3018 atque
3307 2947 3375 3002 de
3400 2947 3532 3010 alto,
3556 2960 3588 2999 ε

2007 3048 2149 3103 coelo
2184 3044 2356 3099 vestis
2391 3041 2594 3100 textilis
2642 3043 2802 3096 allata
2842 3049 2965 3106 est,
2996 3056 3060 3095 ac
3091 3051 3284 3097 caetera
3337 3040 3589 3108 pulcher-

321 3138 508 3206 πρεπῆ
546 3137 852 3206 μυστήριαο
880 3127 953 3189 ὧν
987 3137 1016 3203 ἡ
1051 3134 1264 3197 ἕκθεσις
1292 3115 1611 3205 ταμιεύεται
1640 3129 1738 3204 μὲν
1768 3137 1902 3208 ἱερο-

2011 3141 2150 3194 rima
2173 3137 2428 3210 mysteria
2457 3137 2868 3191 accommodata
2890 3142 3040 3200 sunt,
3067 3150 3298 3205 quorum
3323 3135 3584 3204 explana-

321 3230 612 3301 γραφικῶς
646 3228 849 3298 βίὸλοις
881 3227 1144 3298 Πατέρων
1173 3227 1514 3295 ἁγιωτάτων,
1542 3229 1591 3281 οἳ
1621 3229 1688 3280 τα
1715 3227 1904 3280 τοιαῦθ

322 3340 392 3375 τα
421 3324 482 3398 ’ἐξ
532 3321 934 3390 ἀποκαλύψεων
985 3320 1425 3390 ἐνομοθέτησαν
1476 3319 1787 3374 ἐκλαλεῖται
1823 3320 1901 3386 δὲ,

321 3413 412 3466 ὅτε
454 3414 859 3483 προσφέρονται
894 3411 972 3481 τῷ
999 3412 1118 3480 Θεῷ
1152 3413 1199 3465 0i
1235 3414 1374 3465 κατᾶ
1404 3410 1622 3481 πνεῦμα
1648 3428 1903 3480 παγκρα-

319 3508 557 3569 τεασταὶ,
588 3509 680 3559 καὶ
730 3505 1050 3569 ἐξακούεται
1093 3507 1206 3568 τοῖς
1259 3505 1758 3574 παρατυγχάνουσι.
1795 3505 1904 3555 Καὶ

323 3601 738 3672 συντηρούμενα
776 3599 877 3669 μὲν
908 3596 1208 3667 βελτιοῦσιν
1236 3599 1314 3659 εἰς
1346 3599 1521 3650 κοινόν
1543 3613 1556 3628 °
1595 3597 1672 3667 μὴ
1704 3596 1907 3665 φυλατο

322 3695 529 3765 τόμενα
554 3693 633 3756 δὲ,
683 3692 776 3744 τὸν
808 3691 1112 3758 ταξάμενον
1171 3690 1271 3762 μὲν
1332 3689 1649 3759 βλάπτουσι,
1695 3690 1816 3751 τοὺς
1849 3688 1905 3741 δὲ

321 3788 542 3849 λοιποὺς
588 3783 1028 3846 σκανδαλίζουσι,
1074 3784 1168 3836 καὶ
1200 3782 1260 3834 τὸ
1289 3783 1584 3836 σκάνδαλον
1619 3783 1679 3836 ού
1726 3783 1786 3835 τὸ
1812 3801 1907 3836 τυ-

322 3881 440 3953 χὸν,
464 3877 577 3930 ἀλλ’
607 3872 718 3929 οἷον
749 3878 828 3937 εἰς
861 3875 1066 3944 βλάϐην
1093 3875 1281 3945 κοινὴν
1319 3874 1710 3946 άποτελευτᾷν,
1769 3891 1906 3928 καυ-

321 3972 694 4043 τηριάζουσαν
754 3967 1013 4039 καρδίας,
1057 3965 1132 4030 ὡς
1181 3967 1282 4021 οὐκ
1341 3966 1407 4019 ἂν
1464 3970 1491 4019 6
1547 3965 1680 4029 Θεὸς
1737 3965 1906 4036 θερα-

326 4066 574 4120 πεύοιτο.

405 4181 510 4236 126'.
539 4181 648 4236 Kal.
689 4179 883 4234 τοιοίδε
919 4177 1018 4247 μὲν
1064 4177 1114 4231 0i
1144 4176 1244 4248 τὴν
1271 4175 1425 4230 θείαν
1468 4175 1674 4248 κουρὰν
1703 4173 1906 4240 τιμῶν-

323 4295 439 4341 τες,
479 4276 573 4329 καὶ
596 4273 689 4328 ὑπ’
730 4271 900 4340 αὐτῆς
949 4269 1272 4338 τιμώμενοι.
1304 4267 1412 4322 Καὶ
1445 4269 1554 4320 εἰσὶ
1578 4266 1811 4320 τοιοῦτοι
1857 4266 1907 4319 οι

328 4372 386 4422 ἐν
412 4369 586 4439 ὄρεσι,
617 4367 712 4420 καὶ
745 4363 1053 4435 σπηλαίοις,
1091 4362 1186 4414 καὶ
1221 4361 1469 4431 ρωχμαῖς
1492 4358 1622 4428 γῆς,
1649 4358 1744 4411 καὶ
1775 4357 1905 4410 στύ-

2013 3234 2164 3288 natio
2231 3231 2432 3284 tradita
2495 3239 2743 3283 servatur
2789 3231 2844 3282 in
2900 3228 3060 3284 libris
3107 3235 3428 3284 sanctorum
3486 3227 3586 3282 Pa-

2013 3335 2158 3380 trum
2193 3324 2286 3395 qui
2319 3340 2378 3375 ea
2410 3339 2476 3377 ex
2506 3322 2841 3375 revelatione
2891 3319 3298 3373 constituerunt
3326 3335 3341 3384 ;
3373 3326 3426 3372 et
3459 3334 3584 3388 pro-

2013 3419 2224 3484 fertur,
2273 3433 2394 3472 cum
2443 3416 2756 3486 spiritunles
2816 3415 3032 3468 athlette
3087 3414 3196 3469 Deo
3235 3411 3586 3478 oﬂeruntur,

2013 3520 2067 3566 et
2105 3512 2174 3565 ab
2227 3511 2542 3565 astantibus
2612 3507 2854 3562 auditur.
2890 3507 3022 3573 Quae
3071 3508 3358 3561 observata
3398 3507 3588 3561 melio-

2015 3621 2130 3658 rem
2194 3602 2433 3658 reddunt
2488 3601 2935 3657 conin‘iunitatem
2978 3616 2993 3664 ;
3041 3608 3095 3653 et
3162 3614 3267 3652 non
3313 3600 3586 3654 custodita

2014 3697 2388 3752 instituentem
2413 3695 2723 3755 vulnerant,
2743 3691 2984 3760 reliquos
3003 3699 3186 3745 autem
3213 3690 3587 3747 scandalizaut

2014 3804 2123 3842 non
2169 3801 2499 3856 quocunque
2549 3783 2830 3847 seandalo,
2869 3782 2964 3837 sed
2988 3791 3234 3836 vertente
3287 3783 3341 3836 in
3373 3784 3590 3837 ruinam
3641 3841 3648 3848 ,

2017 3879 2342 3944 multorum,
2372 3879 2425 3931 in
2457 3875 2644 3932 cordis
2677 3875 3086 3930 indurationcm
3117 3875 3220 3945 ipsi
3277 3875 3384 3930 Deo
3433 3875 3588 3932 insa-

2015 3973 2275 4028 nabﬂenn

2087 4172 2178 4227 ει.
2208 4169 2372 4226 Tales
2396 4177 2524 4224 sunt
2555 4168 2646 4238 qui
2681 4168 2922 4221 divinam
2951 4174 3236 4220 tonsuram
3276 4168 3589 4233 honestam,

1980 4331 1983 4334 _
2018 4275 2073 4322 et
2095 4265 2166 4320 ab
2199 4280 2262 4318 ea
2287 4265 2673 4317 honestantur.
2708 4260 2866 4313 Tales
2909 4268 3038 4314 sunt
3069 4258 3160 4327 qui
3195 4260 3246 4312 in
3284 4264 3585 4326 montibus,

2016 4359 2072 4412 in
2091 4357 2287 4418 antris,
2318 4355 2371 4407 in
2408 4353 2619 4408 ﬁssuris
2654 4362 2831 4416 terrae,
2853 4351 2905 4404 iu
2929 4351 3221 4414 columnis,
3249 4366 3416 4421 super
3437 4353 3590 4405 clau-

325 4463 465 4526 λοις,
496 4461 591 4514 καὶ
619 4457 988 4526 ἐγκλεισμοίς,
1031 4455 1126 4509 καὶ
1156 4453 1272 4506 ὅσοι
1311 4451 1459 4504 ἄλλοι
1495 4449 1791 4512 πολυειδῶς
1816 4451 1905 4501 τὸν

2015 4447 2166 4509 stris,
2201 4453 2257 4497 ct
2299 4445 2611 4512 quicunque
2644 4443 2906 4495 mundum
2951 4441 3096 4494 mille
3141 4442 3319 4495 modis
3355 4441 3590 4496 diversis

327 4556 535 4623 κόσμον
569 4549 924 4620 κρύπτονται.
962 4548 1128 4618 Γέμει
1156 4545 1212 4598 δὲ
1235 4541 1509 4602 πολιτείας
1534 4539 1790 4610 τοιαύτης
1815 4538 1911 4593 καὶ

329 4652 365 4718 ἡ
398 4647 477 4718 τῷ
500 4647 616 4699 ὄντι
643 4641 1060 4711 Μεγαλόπολις,
1101 4640 1162 4691 τὸ
1208 4635 1305 4689 τοῦ
1350 4634 1561 4703 κόσμου
1614 4632 1832 4694 κάλλος.
1883 4631 1910 4684 6

327 4742 428 4810 τῆς
460 4740 562 4807 γῆς
589 4736 751 4798 καλὸς
778 4735 873 4789 καὶ
903 4732 1107 4796 γλυκὺς
1131 4726 1441 4799 ὀφθαλμόςο
1473 4726 1608 4778 ὅπου
1641 4724 1734 4776 καὶ
1761 4723 1910 4791 λόγοι

330 4829 662 4900 ἀρετῶντες,
700 4826 798 4881 καὶ
825 4826 1038 4892 ἐλλογοι
1061 4821 1252 4891 ἀρεταί
1274 4837 1289 4852 ·
1333 4820 1402 4891 ἣν
1429 4819 1484 4873 et
1507 4835 1591 4875 τις
1621 4817 1794 4882 ἐξέλοι
1815 4815 1911 4868 τοῦ

331 4925 571 4991 κόσμου,
617 4921 828 4992 μήποτε
852 4919 953 4970 οὐκ
999 4917 1064 4970 ἂν
1089 4917 1170 4969 ἔτι
1195 4914 1318 4968 οὐδὲ
1344 4912 1548 4981 κόσμον
1582 4909 1744 4964 αὐτὸν
1774 4907 1913 4961 εἶναι

335 5019 563 5086 ἀφήσοι.
613 5013 829 5082 Ταύτης
861 5009 1129 5081 τρόφιμον
1180 5008 1326 5062 άπσν
1363 5004 1568 5074 ἀγαθόν
1591 5019 1605 5035 ο
1638 5003 1735 5056 καὶ
1762 5001 1814 5053 εἴ
1859 5017 1914 5053 τι

335 5112 392 5164 δὲ
419 5108 600 5164 ἄλλοθί
637 5123 736 5158 που
768 5102 1172 5171 παραφαίνεται
1205 5099 1390 5165 καλὸν,
1425 5096 1634 5149 ἐκεῖθεν
1682 5091 1913 5148 ἐκπέτα-

337 5219 448 5256 τιι.
486 5196 816 5268 Παράδεισός
843 5211 924 5257 τις
956 5191 1116 5262 αὐτὴ,
1149 5193 1208 5243 οὔ
1243 5191 1537 5258 τέσσαρσιν
1568 5181 1913 5246 ἐκϐλύζουσα

338 5293 606 5363 ποταμοῖς
637 5289 915 5358 μεγάλοις,
953 5286 1087 5339 ἀλλὰ
1123 5283 1335 5352 μυρίοις
1369 5283 1517 5342 ὅσοις
1547 5317 1562 5338 ,
1597 5277 1789 5332 ἄλλοτε
1820 5275 1915 5326 ἄ).-

337 5388 452 5448 λοις
482 5382 982 5452 ἁναστομουμέιοις
1029 5379 1110 5440 εἰς
1157 5377 1444 5445 ἀπόρρυτα
1491 5375 1764 5442 χεύματα,
1824 5367 1916 5419 καὶ

339 5479 568 5550 γλυκέα,
611 5476 709 5529 καὶ
765 5474 1034 5544 πλήσμια.
1089 5467 1306 5535 Ταύτης
1355 5465 1449 5530 καὶ
1487 5465 1547 5516 τὸ
1600 5461 1764 5550 κύτος
1793 5459 1914 5527 μὲν,

339 5549 462 5622 ὅσον
494 5565 753 5636 ἐμϐαδὸν,
819 5563 1170 5632 μεμέστιιιται
1205 5555 1640 5624 μεγαλοσλὴμων
1683 5549 1914 5618 ἀνδρῶν,

340 5659 390 5711 οἱ
423 5657 598 5728 φωτὸς
647 5653 995 5724 ἐκφαίνονται
1031 5646 1235 5706 στῦλοι,
1272 5647 1516 5698 κάτωθεν
1577 5643 1675 5713 μὲν
1710 5641 1916 5708 ἐκλάμ-

342 5769 557 5816 ποντες,
601 5749 1004 5819 οὐρανομήκεις
1051 5743 1106 5796 δὲ
1147 5745 1266 5804 ταῖς
1301 5740 1594 5806 ὲκφάνςεσι
1654 5734 1743 5786 τοῦ
1777 5736 1915 5786 κατὰ

2019 4538 2320 4608 effugiunt.
2374 4536 2486 4590 llnc
2535 4534 2750 4588 vivendi
2812 4534 3022 4587 ratione
3070 4534 3226 4603 plena
3270 4543 3350 4588 est
3396 4533 3592 4590 civitas

1982 4695 1990 4703 ,
2017 4648 2212 4688 revera
2255 4628 2628 4700 Megalopolis,
2655 4628 3007 4696 pulchritudo
3033 4626 3243 4690 mundi,
3273 4628 3500 4696 pulcher
3535 4637 3593 4683 et

2015 4726 2196 4782 dulcis
2219 4733 2384 4778 terra:
2416 4723 2634 4784 oculus,
2669 4720 2764 4774 ubi
2795 4719 2966 4774 virtus
3001 4731 3087 4774 est
3125 4721 3344 4786 rationi,
3371 4731 3427 4775 et
3451 4723 3594 4777 ratio

2014 4817 2254 4882 virtuti;
2303 4829 2467 4884 quam
2497 4812 2539 4866 si
2595 4810 2720 4881 quis
2751 4811 2818 4864 de
2880 4811 3084 4876 mundo
3131 4813 3423 4873 avellerct,
3477 4812 3596 4882 ipso

1983 4895 2254 4958 'mundus
2285 4901 2525 4971 amplius
2568 4915 2674 4954 non
2724 4898 3041 4953 exsisteret.
3073 4897 3211 4953 lluic
3253 4901 3595 4955 cibusmnne

2016 4997 2258 5059 bonum;
2317 4994 2362 5048 si
2423 4991 2549 5060 quid
2600 4991 2894 5059 pulchrum
2949 4990 3152 5045 alicubi
3193 4989 3426 5055 videtur,
3463 4991 3590 5045 inde

2017 5087 2318 5142 derivatur.
2373 5085 2496 5154 ipsa
2527 5082 2750 5152 quidam
2813 5082 3102 5150 paradisus
3136 5097 3244 5134 non
3294 5082 3405 5151 jam
3455 5096 3590 5150 qua-

2018 5187 2143 5232 tuor
2210 5175 2422 5246 magnis
2471 5172 2791 5226 ﬂuminibus
2864 5171 3124 5239 irrigatus
3163 5212 3178 5236 ,
3205 5172 3299 5224 sed
3329 5170 3592 5238 millequi

2019 5269 2124 5324 alia
2152 5267 2282 5322 alibi
2316 5273 2522 5320 exeunt
2562 5265 2613 5318 in
2664 5264 2860 5317 ﬂuvios
2921 5271 3264 5324 ctnanantes,
3304 5262 3492 5316 dulces
3540 5273 3596 5316 et.

2017 5359 2230 5429 plenos.
2265 5354 2438 5424 Hujus
2470 5355 2702 5418 viscera,
2753 5371 2873 5423 qua:
2905 5350 3222 5405 habitahilia
3270 5359 3420 5414 sunt,
3477 5367 3595 5404 ma-

2019 5464 2157 5520 gnos
2188 5447 2338 5501 viros
2365 5455 2614 5515 portant,
2645 5443 2739 5511 qui
2789 5442 3044 5494 videntur
3093 5439 3367 5492 columnzr
3431 5439 3595 5505 lucis,

2020 5541 2160 5595 infra
2187 5541 2426 5604 elucent,
2481 5547 2536 5590 et
2601 5535 2667 5588 ad
2713 5532 2911 5585 caelum
2974 5529 3292 5600 perlingunt
3342 5533 3598 5600 exemplo

2020 5635 2140 5688 vita:
2176 5646 2378 5687 saneta:
2431 5638 2485 5682 et
2531 5627 2648 5682 sole
2714 5622 2982 5678 clarioris.
3044 5621 3199 5684 lianc
3257 5622 3601 5678 circumdant

2023 5739 2076 5780 ut
2112 5724 2316 5779 circulo
2346 5720 2519 5788 major
2569 5717 2836 5777 circulus,
2898 5714 2981 5768 vel
3031 5714 3194 5769 etiam
3247 5715 3392 5770 sicut
3443 5715 3601 5783 polus
