3992 6240
426 287 539 352 7’39
1138 280 1563 350 EUSTATHII
1603 274 2138 348 THESSALONIC
2149 284 2373 347 ENSIS
2396 281 2979 361 ,ME‘I‘BOPOLITE
3610 286 3718 353 800

429 407 583 471 cadi,
630 398 814 462 vicina
873 404 1232 469 monasteria,
1273 403 1396 457 lora
1457 403 1607 457 varia
1652 411 1709 457 et
1770 402 1878 457 vita
1940 403 2005 470 pi:

2140 402 2266 457 θεὸν
2294 400 2704 473 ήλιοὸολοῦντος
2735 404 2873 475 βίου.
2903 404 3233 476 Περιθεουσι
3260 407 3319 463 δὲ
3348 407 3547 476 αὐτὴν,
3574 407 3716 463 καθὰ

432 501 673 557 diversa.
721 499 936 566 Quibus
993 498 1211 568 objacct
1271 495 1621 563 Propontidis
1694 494 1923 557 fretum,
1954 493 2008 546 al

2142 494 2221 546 ιαί
2258 509 2345 556 τις
2381 492 2580 558 κύκλος
2611 496 2705 547 ἐπὶ
2741 495 2947 564 κύκλῳ,
2997 497 3096 552 καὶ
3145 498 3312 562 αὐτὸς
3346 500 3544 571 μέγας,
3582 498 3718 553 ὡσεὶ

435 593 691 663 ingressu
725 607 898 660 usque
943 590 1010 645 ad
1069 591 1269 644 molem
1317 588 1542 643 Euxini.
1591 587 1810 654 Quibus
1861 585 2011 641 bonis

2144 584 2225 638 καί
2270 602 2357 650 τις
2386 586 2646 653 οὐράνιος
2710 588 2898 653 πόλος,
2949 589 3018 643 τὰ
3076 591 3240 662 πέριξ
3289 590 3594 662 ἐξωτερικά
3634 608 3720 644 σε·

434 686 684 740 ditantur
713 693 768 739 et
798 684 993 738 insulae
1013 696 1154 751 quas
1186 682 1279 736 illa
1325 682 1488 737 habet
1523 680 1845 749 Prepontis.

2144 678 2317 745 ανεῖα,
2353 677 2421 732 τά
2456 680 2555 732 καὶ
2583 679 2859 735 πολύτοπα
2892 685 2957 753 τῇ
2993 682 3163 747 θέσει,
3195 685 3289 737 καὶ
3318 683 3396 754 τῷ
3426 685 3570 737 κατὰ
3586 683 3720 738 Θεὸν

437 782 538 852 βίῳ
569 780 911 850 πολύτροπα.
943 777 1573 851 Προδέωηταιδὲαύτὰ
1597 778 1687 831 καὶ
1718 777 1877 845 ὁτῆς
1935 774 2309 844 Προποντίδος
2368 774 2573 841 αὐλὼν,
2649 777 2790 846 πρὸς
2842 779 3062 849 κουρῶν
3116 782 3279 852 μέχρι
3329 785 3426 837 καὶ
3490 785 3570 842 είς
3621 784 3719 845 τὰς

433 878 693 944 Εὐξείνου
727 876 1018 948 προϐολὰς,
1067 877 1163 929 καί
1194 892 1297 930 που
1335 876 1430 930 καὶ
1458 873 1680 945 ἑφεξῆς.
1750 870 2050 927 Πλουτοῦσι
2088 869 2146 923 δὲ
2182 869 2371 935 καλοῖς
2409 873 2789 937 τοιούτοιςκαὶ
2817 875 2992 947 νῆσοι,
3023 876 3154 941 όσας
3255 879 3557 951 Προποντὶς
3622 876 3721 931 αῦ-

432 991 503 1044 τη
539 974 750 1037 κλύζει.

506 1072 788 1129 85.ῬΙθιι8
819 1078 949 1128 sunt
979 1071 1083 1126 ista
1118 1070 1452 1127 monasteria
1495 1072 1684 1126 ovium
1733 1083 2020 1127 sacrarum

2204 1062 2309 1118 π’.
2342 1065 2455 1120 Καὶ
2488 1064 2754 1136 γέμουσιν
2793 1066 2851 1120 αί
2894 1066 3146 1121 τοιαῦται
3181 1066 3719 1139 μάνδραιποιμνίων

432 1168 698 1237 gregibus
755 1163 1087 1230 innumeris,
1129 1172 1192 1217 ut
1260 1163 1342 1219 ait
1407 1161 1720 1233 Scriptura,
1786 1162 2008 1217 aliarum

2142 1157 2293 1228 πρῶν
2321 1157 2602 1227 γραφικῆς
2630 1156 2832 1229 ἀγέλης
2878 1159 3104 1230 μυρίας,
3141 1160 3496 1231 κεκαρμένης
3550 1160 3718 1232 ἄλλης

434 1260 560 1315 aliis
599 1258 778 1313 modis
808 1267 1117 1311 toasarum.
1167 1255 1372 1311 Omnes
1416 1271 1547 1312 vero
1582 1256 1668 1311 ~ad
1727 1254 2010 1310 dexteram

2142 1249 2389 1319 ιλλαχοῦ.
2424 1248 2541 1315 Τῆς
2577 1248 2761 1317 δεξιᾶς
2802 1251 3004 1315 πάντες
3050 1243 3197 1306 οῦτοι
3234 1252 3457 1323 μερίδος
3487 1250 3586 1307 τοῦ
3620 1255 3718 1322 ἀρ-

438 1354 534 1408 Dei
565 1352 807 1422 pastoris
843 1358 1129 1419 pastorum
1174 1350 1481 1419 pertinent.
1527 1346 1648 1403 Non
1689 1346 1837 1403 enim
1874 1346 2014 1403 inter

2143 1342 2444 1412 ίιποίμενος
2463 1339 2623 1394 Θεοῦ.
2640 1341 2862 1412 Ἐρίφια
2890 1344 3002 1415 γὰρ
3032 1345 3092 1398 ἐν
3115 1344 3326 1409 αὐτοῖς,
3352 1347 3418 1415 τῇ
3448 1346 3719 1419 ἀριστερᾷ

437 1463 536 1501 eos
559 1447 726 1509 basdi,
769 1444 834 1498 ad
861 1443 1148 1499 sinistram
1179 1441 1473 1507 reservati,
1534 1440 1849 1496 lasciviunt.
1900 1440 2013 1512 Ipsa

2142 1435 2430 1504 τρέποντα,
2485 1434 2587 1488 οὐκ
2625 1433 2810 1505 ἔχουσι
2856 1438 3255 1508 κατασκιρτᾷν.
3313 1438 3569 1510 Μάνδραι
3620 1440 3718 1494 καὶ

437 1534 800 1599 monasteria,
826 1534 958 1589 licet
988 1548 1123 1591 oves
1151 1532 1262 1587 alio
1301 1547 1496 1596 sensu,
1536 1531 1647 1587 alio
1679 1541 1861 1587 tamen
1906 1531 2013 1588 leo-

2141 1518 2306 1593 ιῦται,
2336 1527 2389 1579 εί
2421 1527 2515 1580 καὶ
2542 1525 2721 1591 ἄλλως
2763 1526 3078 1596 προδάτων,
3105 1530 3244 1585 ἀλλά
3285 1531 3491 1603 τρόπον
3527 1531 3717 1603 ἕτερον

438 1646 536 1686 nes
595 1596 907 1694 includunt,
987 1625 1192 1697 quibus
1268 1624 1457 1679 nullus
1502 1624 1671 1694 lupus
1746 1624 2014 1681 insultare

2136 1620 2381 1687 λεόντων,
2414 1613 2492 1673 ὧν
2531 1617 2710 1684 οὐδεὶς
2767 1617 2932 1684 λύκος
2987 1620 3103 1692 εχει
3153 1596 3712 1694 κατακαέχήσασέαι.

437 1723 626 1780 audet.
661 1724 715 1777 In
756 1723 846 1777 his
895 1718 1340 1774 archimandrin
1397 1734 1589 1775 omnes
1642 1718 1844 1774 milites
1868 1733 2013 1789 egre-

2139 1711 2195 1765 υί
2221 1710 2277 1764 δὲ
2321 1712 2380 1765 ἐν
2405 1711 2591 1775 αὐτοῖς
2611 1711 3040 1782 άρχιμανδρῖται
3067 1714 3287 1770 ὁπλῖται
3310 1714 3516 1778 πάντες
3545 1714 3715 1768 ἔνθεοι

435 1818 507 1886 ιιἰί
566 1825 696 1871 sunt
756 1815 1085 1885 egregiaque
1132 1827 1283 1865 arma
1324 1812 1528 1867 ierunt.
1584 1809 1703 1877 Qua
1757 1825 1892 1881 ergo
1937 1824 2011 1864 ra-

2141 1803 2223 1856 ιιαὶ
2255 1802 2325 1856 τὰ
2364 1803 2527 1859 ὅπλα.
2586 1802 2710 1867 Πῶς
2744 1803 2882 1874 μένς
2943 1805 3103 1858 Κατὰ
3135 1805 3249 1860 τῶν
3290 1808 3350 1860 ὲν
3375 1806 3500 1877 βίῳ,
3534 1802 3617 1871 οἷς
3651 1809 3717 1861 τὰ

437 1908 634 1965 tione?
663 1908 942 1963 Adversus
968 1904 1285 1967 saeculares,
1318 1903 1543 1973 quando
1566 1903 1847 1957 mundana
1878 1916 1908 1956 a
1941 1917 2013 1957 se-

2140 1899 2371 1966 ιιοτμικᾶ
2419 1897 2722 1967 πειρῶνται
2777 1897 3017 1965 ἀπάγειν
3076 1899 3189 1953 ἀπό
3232 1915 3293 1953 τε
3346 1900 3503 1968 σφῶν
3535 1901 3716 1955 αὐτῶν

430 2001 571 2069 ipsis
608 2009 665 2055 et
697 2015 727 2053 a
759 1997 951 2053 mundi
987 1996 1300 2051 fautoribus
1332 2005 1592 2051 avertere
1631 2002 1937 2060 conantur;
1971 2014 2000 2050 e

2136 1992 2220 2042 καὶ
2242 1989 2353 2043 τῶν
2382 1976 2782 2058 κοσμοπαθῶν·
2814 1990 2882 2045 τά
2910 1990 3082 2045 πλείω
3101 1991 3157 2046 δὲ
3183 1991 3323 2063 ὑπὲρ
3352 1992 3448 2047 τοῦ
3480 1992 3712 2063 κόσμου,

435 2092 762 2161 plerumque
806 2089 1247 2161 propter-ipsum
1283 2088 1549 2143 mundum
1575 2102 1740 2156 quem
1772 2102 1841 2142 ex
1875 2086 2011 2141 inor

2138 2078 2184 2131 ὂν
2214 2079 2273 2145 ἐξ
2302 2081 2580 2151 ἀκοσμίας
2630 2082 3002 2149 ἐπανάγουσιν
3035 2084 3118 2146 είς
3172 2083 3233 2139 τὸ
3271 2086 3714 2156 κοσμιώτατον,

433 2183 628 2239 dinato
650 2182 717 2234 ad
751 2181 1070 2236 ordinatum
1116 2187 1349 2243 statum,
1382 2178 1451 2233 ad
1488 2177 1774 2233 decentem
1803 2186 1860 2230 et
1893 2192 2009 2245 pro-

2140 2174 2223 2226 καὶ
2253 2171 2549 2244 εὔσχημον,
2579 2178 2675 2231 καὶ
2705 2174 2953 2245 ὲγγίζον,
2980 2176 3056 2237 ὼς
3084 2170 3198 2230 οἷόν
3227 2179 3287 2231 τέ
3316 2180 3456 2245 ἐστι,
3483 2178 3590 2250 βίῳ
3620 2197 3716 2249 με·

436 2275 645 2330 ximum
707 2272 833 2328 vita:
874 2271 1154 2342 perfectae,
1197 2280 1468 2341 quantum
1523 2268 1643 2325 ﬁeri
1684 2276 1890 2339 potest,
1937 2282 2012 2323 τε·

2134 2265 2522 2336 γαλοσχήμονι.
2549 2269 2664 2321 Ούκ
2692 2268 2843 2323 ἐστιν
2877 2270 2937 2323 ιν
2968 2271 3155 2335 αὐτοῖς
3198 2272 3384 2342 εὑρεῖν
3414 2272 3576 2343 ῦλην,
3628 2274 3710 2326 ὅτι

433 2369 669 2421 ducunt.
717 2365 779 2419 in
825 2364 962 2433 ipsis
1006 2362 1240 2417 materia
1270 2359 1386 2431 jam
1439 2373 1552 2414 non
1583 2358 1883 2429 reperitur,
1915 2358 2009 2415 nis;

2137 2352 2205 2424 μὴ
2239 2354 2410 2426 μόνην
2430 2355 2532 2425 τὴν
2555 2359 2745 2426 τιμίαν
2774 2356 2917 2427 Θεῷ,
2948 2361 3016 2429 τῇ
3048 2359 3267 2430 πυρίνῳ
3305 2358 3545 2430 κεφαλῇ,
3570 2360 3713 2415 καθά

434 2456 571 2523 Deo,
631 2457 801 2527 capiti
845 2456 1047 2525 ignito,
1092 2454 1312 2520 idonea,
1375 2454 1527 2509 sicut
1569 2452 1841 2522 scriptum
1899 2460 2010 2518 est;

2136 2448 2476 2518 γέγραπταιο
2625 2453 2726 2513 τὰς
2781 2451 2976 2515 ὑλαίας
3021 2451 3303 2516 κλίνοντες
3359 2453 3619 2521 κεφαλάς
3661 2454 3712 2507 ei

434 2566 545 2620 qua
586 2550 680 2619 qui
719 2548 1007 2603 materiale
1059 2555 1224 2616 caput
1254 2545 1550 2607 inclinant,
1608 2550 1664 2598 et
1711 2544 2010 2614 evangelia

2135 2541 2499 2609 εὐαγγελικιῖλς
2528 2542 2840 2615 κειρόμενοι
2890 2542 3243 2612 εὐλογοῦνται
3271 2544 3365 2597 καὶ
3389 2545 3711 2613 άγιάζονται

436 2641 754 2705 tondentur,
786 2640 1185 2694 benedicuntur
1205 2644 1263 2692 et
1301 2636 1541 2707 perfecte
1581 2635 2012 2691 sanctiﬁcantur.

1063 2647 1185 2692 ntur
1205 2644 1263 2692 et
1301 2636 1541 2707 perfecte
1581 2635 2023 2691 sanctiﬁcantur.
2126 2629 2207 2694 τίς
2236 2631 2639 2687 ἑντελέστατον.

506 2733 594 2789 86.
621 2733 865 2787 Alteram
900 2732 1184 2786 materiam
1215 2730 1268 2784 bi
1295 2730 1524 2797 habent,
1558 2744 1671 2786 non
1694 2736 1807 2803 tam
1831 2728 2027 2784 veren-

2196 2723 2305 2789 πξν.
2359 2725 2584 2795 Ἔχουσι
2637 2727 2731 2780 καὶ
2777 2728 2970 2800 ἑτέραν
3011 2728 3146 2798 ὕλην
3185 2730 3374 2791 αὐτοὶ.
3423 2730 3524 2800 οὐχ
3571 2730 3714 2783 οὕτω

436 2827 584 2892 dam,
613 2825 920 2894 subjectum
957 2838 1087 2879 vero
1111 2823 1298 2878 carnis
1331 2823 1690 2893 passionibus
1711 2839 1728 2890 ;
1752 2822 1836 2879 vel
1863 2829 1926 2876 ut
1947 2821 2012 2877 lo-

2138 2814 2335 2884 τιμίαν,
2375 2816 2474 2887 τὴν
2520 2817 2661 2870 κατά
2700 2819 2961 2888 σάρκινον
2996 2819 3206 2882 πάθοςο
3248 2821 3424 2873 είπεῖν
3465 2819 3525 2873 δὲ
3558 2823 3714 2891 ἀκρι-

426 2932 577 2986 quar
606 2915 829 2985 rectius,
853 2929 973 2969 eam
1023 2913 1238 2984 pridem
1284 2911 1586 2979 habebant,
1613 2927 1722 2983 qua
1778 2923 2002 2968 recente]

2137 2906 2407 2978 ὅέστερον,
2441 2909 2752 2977 φθάσαντες
2768 2910 2871 2982 ἤδη
2896 2911 3053 2983 ἔσχον
3072 2913 3263 2983 αὐτὴν,
3291 2916 3358 2986 ἣν
3388 2916 3488 2967 καὶ
3509 2915 3713 2984 νοερῶς

435 3013 686 3062 cremata
716 3014 769 3059 et
801 3003 1057 3073 deposito
1095 3003 1201 3057 hoc
1239 3002 1540 3067 materiali,
1593 3017 1775 3072 usque
1803 3003 1859 3056 in
1921 3002 2011 3056 im-

2139 3002 2643 3071 ιατεμπρήσαντες,
2675 3001 2768 3056 καὶ
2795 3003 2857 3056 τὸ
2888 3004 3075 3057 ὑλαῖον
3105 3003 3280 3070 οὕτως
3305 3006 3486 3059 ἐκεῖνο
3516 3004 3715 3059 ἀποθέ-

441 3098 755 3153 materiales
808 3094 1155 3151 substantias
1189 3094 1420 3151 resoluti
1453 3134 1469 3159 ,
1500 3093 1613 3151 Deo
1648 3095 2017 3161 addicuntur;

2138 3108 2283 3162 μενοι
2315 3095 2409 3147 καὶ
2446 3092 2521 3157 ὡς
2553 3096 2633 3158 εἰς
2659 3094 2853 3149 άῡλίαν
2882 3097 3394 3168 άπολεπτυνάμενοι
3415 3141 3431 3165 ,
3468 3098 3610 3169 πρὸς
3636 3098 3714 3169 τῷ

437 3193 709 3261 istantque
735 3188 1020 3243 materiam
1059 3196 1271 3258 ponunt
1302 3188 1486 3243 cilium
1515 3186 1659 3256 ignis
1691 3194 1744 3242 et
1778 3185 2013 3240 ﬂamma!

2137 3185 2240 3254 θεῷ
2268 3187 2534 3254 γίνονται,
2560 3187 2660 3257 τὴν
2678 3189 2940 3259 τοιαύτην
2959 3188 3090 3261 ὓλην
3111 3190 3336 3260 ἔξαμμα
3351 3193 3713 3262 ποιησάμενοι

437 3283 772 3353 spiritualis,
811 3279 979 3335 veluti
1013 3294 1272 3350 vaporem
1317 3278 1382 3333 ad
1414 3276 1887 3333 exardescendum
1933 3274 2013 3330 fa-

2133 3276 2294 3347 πυρδς
2321 3277 2414 3330 καὶ
2441 3277 2622 3345 φωτὸς
2652 3278 2870 3351 νοητοῦ,
2888 3279 2998 3334 ὖσα
3027 3281 3123 3333 καὶ
3147 3281 3352 3350 ἀτμίδα
3374 3282 3676 3346 εὺέξαπτον
3695 3301 3709 3314 ·

435 3376 633 3440 citem;
668 3373 939 3444 siquidem
991 3380 1242 3427 sanctmn
1294 3370 1561 3440 Spiritum
1615 3369 1888 3440 sapientia
1937 3367 2011 3423 di-

2138 3368 2245 3419 ιπεί
2288 3384 2371 3421 τοι
2420 3368 2512 3421 καὶ
2553 3360 2740 3438 ἀτμίδι
2785 3372 2999 3425 καπνοῦ
3047 3374 3082 3442 ἡ
3135 3372 3388 3443 Θειοτάτη
3440 3374 3607 3442 σοφία
3654 3374 3714 3427 τὺ

437 3471 562 3523 vina
585 3468 641 3521 in
673 3465 977 3537 Scripturis
1000 3463 1217 3519 confert
1273 3465 1460 3534 vapori
1495 3462 1655 3527 fumi,
1692 3462 1904 3532 vapori,
1937 3461 2013 3515 itt-

2139 3458 2276 3528 ἱγιον
2307 3459 2530 3531 Πνεῦμα
2557 3477 2620 3513 συ
2630 3460 3006 3533 μσολογραφεῖ
3027 3465 3404 3534 θεωρητικῶς,
3432 3466 3598 3520 ὁποία
3632 3484 3715 3531 τις

438 3576 630 3631 quam,
660 3560 804 3614 thuri
862 3568 988 3612 ante
1024 3567 1385 3626 conspectum
1416 3555 1508 3611 Dei
1532 3555 1718 3611 oblato
1743 3568 2014 3625 congruo,

2140 3551 2288 3623 ίτμὶς
2324 3554 2421 3606 καὶ
2457 3553 2536 3625 τῷ
2574 3552 2884 3626 θυμιάματι
2920 3557 3224 3627 ἐπιπρέπει
3258 3557 3337 3626 τῷ
3379 3562 3716 3612 κατευθυνο-

440 3670 565 3709 cum
610 3654 811 3721 aliquis
838 3666 1006 3706 orans
1034 3659 1185 3705 recta
1211 3649 1297 3704 via
1328 3649 1395 3704 ad
1430 3650 1599 3703 Deum
1627 3648 1862 3704 tollitur.

2138 3649 2274 3716 μένῳ
2304 3645 2534 3700 ἐνώπιον
2557 3646 2714 3712 Θεοῦ,
2739 3649 2827 3700 ὅτε
2859 3666 2945 3715 τις
2973 3650 3415 3720 προσευχόμενος
3452 3652 3714 3716 ἰθυτενῶς

2122 3736 2494 3804 ἁνωφορεῖται
2529 3739 2667 3809 πρὸς
2705 3740 2889 3794 αὐτόν.

512 3832 602 3887 87.
642 3831 795 3886 lianc
852 3831 1165 3894 materiam,
1196 3846 1227 3885 e
1261 3846 1367 3899 qua
1419 3830 1744 3886 accenditur
1810 3831 1953 3902 ignis
1988 3847 2020 3886 a

2196 3829 2305 3893 πζκ
2339 3830 2556 3899 Ταύτην
2586 3832 2685 3902 τὴν
2717 3831 2873 3902 ῦλην,
2905 3832 2974 3885 δι’
3003 3827 3072 3906 ἦς
3099 3833 3401 3889 άνάπτεται
3431 3838 3551 3908 φῶς
3576 3841 3715 3893 ἀπο-

441 3925 604 3980 Patre
627 3923 898 3977 luminum
945 3938 1010 3977 ex
1044 3921 1408 3978 similitudine
1435 3923 1498 3977 ad
1552 3939 1700 3989 eum,
1740 3921 2017 3994 signiﬁca-

2139 3920 2463 3990 ταλλόμεγον
2491 3923 2556 3975 ἐκ
2588 3923 2684 3975 τοῦ
2714 3924 2823 3976 τῶν
2849 3925 3042 3992 φώτων
3065 3926 3275 3997 Πατρὸς
3305 3931 3372 4000 τῇ
3403 3931 3543 4000 πρὸς
3571 3933 3715 3985 ἐκεί-

441 4029 553 4072 tam
583 4016 761 4073 cereis
788 4015 1132 4086 lampadibus
1156 4015 1339 4086 magni
1365 4026 1562 4071 ascetae
1618 4016 1895 4072 tonsurati
1931 4015 2017 4071 in-

2140 4031 2213 4065 νον
2248 4013 2604 4083 ἀφομοιιὶισει,
2649 4014 2743 4069 καὶ
2769 4017 2827 4069 ὲν
2857 4020 2980 4079 ταῖς
3008 4018 3094 4072 διὰ
3133 4019 3307 4090 κηροῦ
3340 4021 3632 4092 λαμπάσιν
3664 4026 3716 4080 οῖ

441 4112 662 4177 dicant;
721 4123 881 4178 quas,
927 4108 970 4161 si
1022 4112 1089 4163 de
1159 4108 1238 4162 eis
1302 4122 1519 4163 rursum
1563 4115 1647 4163 est
1689 4108 2017 4178 investigan-

2136 4106 2435 4177 κειρόμενοι
2482 4104 2709 4178 μεγάλοι
2752 4111 2993 4180 ἀσκηταὶ
3038 4112 3431 4182 σημειοῦνται·
3465 4115 3535 4181 ἃς
3578 4117 3637 4171 ετ
3656 4137 3712 4173 τι

440 4203 595 4269 dum,
628 4199 895 4270 nuptiales
924 4198 1121 4270 aliquis
1148 4197 1314 4264 dicet,
1361 4200 1776 4269 comprehensis
1816 4203 2016 4272 nuptiis

2138 4198 2229 4268 (ρὴ
2262 4198 2355 4252 καὶ
2389 4200 2553 4253 πάλιν
2589 4201 2985 4272 λεπτολογῆσαι
3013 4204 3081 4256 τά
3110 4206 3231 4260 κατ’
3266 4206 3460 4273 αὐτάς,
3491 4210 3571 4273 ὡς
3596 4206 3714 4265 οἷον

440 4313 469 4348 a
490 4294 780 4351 sacerdme
800 4304 964 4347 antea
994 4292 1322 4348 benedictis.
1351 4291 1527 4362 Hujus
1544 4295 1686 4348 enim
1706 4294 1848 4364 ignis
1867 4305 1920 4348 et
1943 4296 2016 4350 lu-

2140 4289 2426 4360 rapquoo;
2459 4276 2577 4363 ἐρεῖ
2613 4309 2720 4359 τις,
2766 4298 2861 4347 τὸν
2903 4297 3167 4367 ἀνωτέρω
3204 4298 3534 4369 τελούμενον
3565 4305 3716 4375 ἱερο-

442 4386 608 4442 minis
630 4386 782 4457 signa
806 4394 936 4438 sunt
959 4384 1103 4438 cerei
1127 4385 1220 4453 qui
1251 4394 1380 4440 tunc
1403 4385 2018 4456 accenduntur,quique

2134 4402 2229 4456 πρε
2241 4386 2353 4449 πῶς
2375 4388 2552 4457 γάμον
2578 4388 3004 4461 ἐνθυμούμενος.
3038 4391 3110 4445 Σύ
3120 4393 3293 4463 μὸολα
3320 4394 3432 4466 γὰρ
3458 4400 3710 4454 τοιούτου

442 4493 609 4548 supra
633 4493 849 4532 onmem
886 4477 1164 4530 Πίιιιιιιιιιιιι
1213 4476 1506 4546 refulgent.
1556 4478 1735 4534 Taedae
1779 4480 1925 4534 enim
1968 4489 2018 4534 et

2131 4479 2304 4548 πυρδς
2333 4482 2429 4533 καὶ
2465 4480 2642 4548 φωτὸς
2680 4482 2728 4533 oi
2763 4482 3134 4552 ἀναπτόμενοι
3164 4487 3470 4557 τηνικαῦτα
3511 4494 3707 4560 κηροὶ,

441 4583 640 4626 caetera
670 4570 814 4638 ligna
851 4585 972 4638 rpite
1005 4569 1250 4638 proferet
1280 4571 1481 4641 aliquis
1508 4610 1524 4636 ,
1552 4581 1608 4626 et
1630 4573 1875 4626 bitumen
1901 4613 1915 4635 ,
1967 4584 2017 4628 et

2134 4564 2200 4626 ὧν
2230 4571 2291 4623 τὸ
2319 4572 2519 4642 σεμνὸν
2543 4574 2683 4643 ὑπὲρ
2714 4576 2890 4629 πάντα
2925 4576 2995 4628 τὰ
3025 4578 3381 4644 ὲκκαιόμενα.
3408 4582 3580 4652 Δᾲδες
3610 4586 3710 4652 μὲν

443 4663 612 4731 adeps
649 4670 703 4716 et
731 4662 913 4715 omnis
937 4662 1155 4731 generis
1189 4665 1442 4727 materia.
1470 4679 1501 4719 e
1522 4679 1627 4733 qua
1652 4664 1795 4733 ignis
1819 4678 2019 4719 accen-

2129 4664 2235 4733 γάρ
2264 4666 2360 4719 καὶ
2393 4665 2558 4720 λοιπά
2595 4664 2746 4731 ξύλα,
2781 4669 2946 4722 ὁποῖά
2965 4686 3047 4733 τις
3077 4669 3145 4723 ἂν
3175 4670 3344 4730 εἴποι.
3377 4676 3471 4727 καὶ
3503 4677 3705 4744 νάφθα.

412 4797 415 4800 .
444 4754 592 4809 ditur
620 4761 675 4808 et
702 4753 820 4809 sive
852 4751 1036 4816 facile,
1069 4755 1278 4824 absque
1326 4766 1592 4825 tempore,
1625 4757 1774 4811 dicet
1795 4756 1988 4827 aliquis

2134 4759 2222 4810 καὶ
2278 4759 2521 4830 πιμελὴ,
2579 4760 2674 4814 καὶ
2726 4761 2890 4831 λοιπὴ
2937 4762 2995 4816 δὲ
3053 4764 3285 4817 παντοία
3337 4765 3462 4837 ὕλη,
3522 4769 3593 4821 δι’
3640 4767 3710 4843 ἦς

445 4845 562 4901 sive
592 4845 816 4916 perdiu,
883 4846 1057 4900 lucem
1086 4862 1196 4902 non
1225 4857 1334 4902 tam
1377 4848 1675 4919 fulgentem
1722 4850 1978 4905 etnittnnt
2004 4887 2021 4915 ,

2129 4848 2423 4905 άνάπτεται
2463 4852 2597 4922 πῦρ,
2633 4851 2747 4906 εἴτε
2782 4855 2932 4925 ῥᾷον,
2972 4854 3068 4908 καὶ
3103 4855 3180 4918 ὡς
3209 4856 3387 4909 εἰπεῖν
3420 4860 3705 4931 ἀχρόνως,

444 4938 666 5009 qualem
723 4952 848 4992 cera
903 4938 1171 4993 ostendit.
1237 4939 1442 4993 Czctera
1496 4940 1643 4994 enim
1702 4939 1812 4995 luci
1872 4938 2020 4995 festae

2132 4941 2238 4995 εἴτε
2303 4944 2398 4996 καὶ
2458 4948 2888 5015 παρατατικῶς,
2944 4947 3042 5016 οὐχ
3104 4946 3248 5002 οὕτω
3299 4950 3444 5004 κατὰ
3504 4954 3708 5025 πολλὴν

446 5032 604 5086 triste
629 5030 839 5099 aliquid
863 5030 1105 5102 jungunt
1136 5048 1150 5086 :
1204 5046 1403 5087 sensus
1428 5031 1600 5088 odore
1647 5032 1918 5103 aﬂiigunt,
1967 5042 2022 5088 et

2133 5037 2431 5108 σεμνότητα
2458 5039 2575 5106 φῶς
2600 5037 2921 5105 ἐξάπτουσιν
2944 5043 3212 5111 ὁπωσοῦν,
3236 5043 3311 5109 ὡς
3335 5049 3362 5099 ό
3385 5049 3559 5118 κηρὸς
3577 5048 3709 5102 αὐτὸ

424 5141 646 5196 ,νςιροιδε
675 5124 943 5191 mordaci,
980 5139 1278 5195 corporum
1314 5125 1547 5179 nitorem
1583 5125 1736 5179 fumo
1765 5123 2000 5195 squalidt

2128 5125 2413 5191 δεξιοῦται.
2447 5130 2529 5183 Τὰ
2565 5132 2663 5202 μὲν
2691 5132 2802 5202 γάρ
2830 5133 2967 5188 ἄλλα
2993 5138 3059 5206 τῇ
3089 5136 3185 5189 τοῦ
3216 5139 3391 5205 φωτὸς
3426 5140 3704 5213 ἱλαρότητι

446 5220 676 5285 frcdant,
711 5228 769 5274 ut
792 5219 1001 5274 diceret
1033 5230 1215 5290 poeta.
1249 5219 1385 5275 Cera
1429 5217 1574 5272 enim
1626 5234 1854 5274 accensa
1908 5234 2020 5273 non

2129 5223 2521 5292 παραπήγνυσι
2556 5224 2651 5277 καί
2692 5242 2744 5278 τι
2779 5226 3139 5296 σκυθρωπόν·
3170 5232 3461 5300 αἰσθήσεις
3491 5251 3551 5286 τε
3598 5240 3705 5305 γάρ

446 5313 550 5368 nisi
575 5314 752 5368 lucem
781 5312 1018 5366 maxime
1049 5311 1342 5365 innocuatn
1364 5311 1601 5380 praebet;
1632 5323 1688 5366 et
1717 5312 1811 5382 qui
1834 5327 2018 5367 ceram

2127 5311 2386 5367 λυποῦσιν
2425 5315 2618 5383 ὀδμαῖς
2648 5317 2744 5371 καὶ
2778 5319 2938 5391 άτμῷ
2970 5321 3257 5389 δάκνοντι,
3287 5324 3384 5376 καὶ
3431 5328 3703 5396 σωμάτων

445 5404 719 5466 accendit,
778 5412 1039 5468 usurpata
1108 5400 1280 5455 veteri
1324 5412 1614 5454 cantorum
1682 5403 2016 5457 sententia:

2127 5404 2517 5475 στιλπνότητας
2552 5411 2937 5475 καταικίζουσι
2959 5454 2974 5478 ,
3004 5415 3203 5485 καπνῷ
3235 5419 3703 5489 μεμορυγμένας.

449 5511 469 5545 ι
493 5494 713 5561 Αὺειμιε
753 5493 904 5547 fumo
928 5491 1098 5546 Musis
1129 5488 1552 5544 sacriﬁcandum
1602 5508 1622 5541 ι
1647 5505 1792 5559 esse,
1823 5498 1878 5545 et
1902 5490 2025 5561 ipse

2126 5498 2267 5552 εἴποι
2294 5499 2362 5552 ἂν
2384 5502 2610 5572 ποιητής
2631 5520 2647 5536 ο
2683 5505 2854 5576 κηροῦ
2880 5506 2934 5559 δὲ
2957 5507 3180 5579 ἔξαμμα
3211 5510 3365 5564 οὐδὲν
3396 5511 3529 5567 ἄλλο
3557 5515 3702 5567 to.“

444 5584 630 5640 dicere
667 5594 847 5656 potest
877 5602 937 5639 se
981 5582 1284 5639 accendere
1316 5583 1496 5652 ignem
1540 5582 1693 5637 fumo
1740 5594 2017 5639 carentem

2124 5589 2154 5661 ἢ
2192 5591 2307 5659 φῶς
2338 5592 2546 5646 ἄλυπον
2581 5596 2885 5666 ἀκραιφνές
2910 5616 2924 5630 ·
2959 5603 3051 5654 καὶ
3087 5601 3199 5672 ἔχει
3237 5605 3479 5658 παλαιάν
3510 5622 3700 5677 παροι-

447 5685 611 5744 atque
644 5678 877 5732 omnino
905 5678 1220 5731 innoxium.
1263 5675 1401 5731 Vere
1428 5677 1572 5730 enim
1604 5692 1795 5748 puram
1838 5677 2015 5733 lucem

2126 5681 2255 5749 μίαν
2285 5683 2600 5754 παραξέσας
2629 5687 2657 5740 ὁ
2690 5689 2782 5741 τὸν
2811 5691 2984 5761 κηρὸν
3013 5693 3289 5755 ἀνάπτων,
3326 5696 3453 5750 καθ’
3485 5698 3553 5769 ἢν
3582 5698 3700 5761 ταῖς

445 5765 647 5819 emittit
687 5784 833 5831 cera,
886 5784 1007 5834 quae
1055 5769 1286 5825 Athenis
1333 5784 1489 5825 sacro
1520 5772 1627 5836 igni
1666 5782 1720 5829 et
1752 5780 2015 5842 perpetuo

2123 5774 2365 5841 Μούσαις
2391 5777 2608 5835 ἄκαπνα
2645 5780 2863 5839 θύουσιν
2892 5786 2940 5838 oi
2969 5786 3159 5850 ἀοιδοὶ,
3192 5788 3373 5856 λέγειν
3398 5797 3490 5846 καὶ
3516 5791 3694 5854 αὐτὸς,
