3992 6240
300 366 399 431 8οὶ

1233 368 1330 427 DE
1372 345 1840 429 sume-mm
1883 366 2058 425 rm
2095 368 2570 430 MONACIIICA.

3486 367 3594 431 80?.

299 487 385 538 ὅτι
415 483 526 552 πῦρ
552 481 772 535 ἐκκαίει
807 482 1080 546 ἀκαπνον,
1112 483 1206 536 καὶ
1241 484 1348 553 μὴν
1376 485 1469 536 καὶ
1496 484 1704 537 ἄλυπον
1741 485 1798 546 ἐς
1831 481 1892 534 τὸ

2029 484 2251 553 ’rytanei
2285 485 2361 551 (9)
2386 485 2655 538 inservire
2683 484 2908 539 dicitur.
2937 483 3091 540 Certe
3139 492 3228 540 est
3261 485 3428 540 etiam
3464 500 3596 556 pro-

301 581 430 632 πᾶν.
483 577 642 628 Ἔστι
692 577 803 645 γὰρ
855 575 1078 646 ἀληθῶς
1122 566 1300 644 φωτὸς
1345 577 1590 647 καθαροῦ
1630 578 1816 648 ὀχημα
1863 578 1891 630 ὀ

301 670 496 738 κηρὸς,
549 666 606 728 ὃς
661 669 757 720 καὶ
803 666 881 736 τῷ
927 669 1396 737 πρυτανευομένῳ
1465 667 1716 737 μυστικῷ
1759 667 1894 737 πυρὶ

313 762 575 832 Ἀθήνῃσι
611 760 1020 829 καθυπουργεῖν
1052 777 1183 813 ποτε
1221 762 1300 822 είς
1333 760 1611 830 ἐνδελεχὲς
1646 761 1891 827 λέγεται.

303 857 512 920 Σεμνὸν
547 855 602 907 δὲ
636 853 729 906 τοῦ
771 853 944 922 κηρςῦ
980 855 1076 906 καὶ
1112 855 1196 906 ὃτι
1230 855 1294 906 ὲκ
1329 853 1544 922 μυρίων
1581 853 1762 906 καλῶν
1795 856 1889 906 ἀνα

305 947 615 1013 θολογεῖται
646 969 658 979 ·
707 939 783 998 ὧν
826 947 902 1015 τῷ
951 947 1260 1016 κεράσματι
1313 945 1764 1014 σκευωρούμενος
1814 947 1895 1008 εἰς

306 1039 494 1108 δοχεῖα
529 1040 702 1108 σεμνά
740 1039 902 1108 φύσει
932 1039 1022 1092 διὰ
1052 1040 1114 1091 τὸ
1143 1040 1268 1092 κατ’
1302 1039 1442 1092 αύτά
1472 1038 1582 1089 τῶν
1614 1037 1894 1108 συρίγγων

308 1131 587 1196 ἑξάγωνον
608 1171 622 1192 ,
667 1131 758 1183 καὶ
796 1129 970 1191 οὕτως
1006 1128 1410 1197 αἰνιγματίζων
1441 1128 1542 1198 τὴν
1572 1128 1896 1198 τελειότητα

311 1223 528 1291 (ἐπειδὴ
565 1223 658 1274 καὶ
689 1224 908 1292 πρῶτος
948 1226 1008 1275 ὲν
1041 1221 1303 1292 ἀριθμοῖς
1337 1220 1563 1283 τελείοις
1604 1220 1903 1289 πεφιλοσό-

2003 574 2181 644 prium
2210 577 2353 644 quod
2376 592 2406 629 e
2435 578 2624 631 multis
2647 578 2804 634 bonis
2827 579 3179 648 componitur
3205 579 3408 648 quibus
3441 579 3600 633 colli-

2007 668 2204 738 gendis
2231 668 2284 723 in
2316 673 2662 739 receptacula
2702 672 2854 726 mirae
2880 683 3095 727 naturae
3115 682 3334 742 prepter
3360 673 3600 726 alveolos

2001 775 2097 816 Sex
2129 761 2395 816 lateribus
2421 765 2779 832 compositos,
2811 765 3228 831 inservit,etsic
3245 764 3600 834 perfectionis

2003 854 2220 920 signum
2270 862 2356 906 est
2409 857 2556 922 (cum
2591 857 2800 922 primus
2843 860 2897 912 in
2932 858 3191 926 perfectis
3232 856 3482 910 numeris
3509 869 3598 908 se-

2003 949 2198 1000 narius
2242 947 2525 1014 judicetur
2556 961 2585 999 a
2627 947 3035 1019 philosophis);
3066 959 3122 1004 et
3167 951 3454 1018 pulchrum
3491 949 3600 1001 mel

2005 1035 2098 1090 dat
2138 1040 2444 1106 repositum
2489 1039 2544 1090 in
2597 1039 2717 1094 suis
2757 1040 3027 1106 alveolis;
3069 1042 3218 1111 quod
3255 1041 3455 1095 deinde
3502 1054 3602 1093 ex-

2011 1143 2270 1198 pressum
2331 1139 2388 1183 ct
2443 1131 2704 1185 eductum
2761 1133 2985 1200 regibus
3029 1145 3081 1188 et
3123 1135 3464 1204 pauperibus
3508 1132 3601 1186 dat

2014 1224 2333 1288 sanitatem,
2370 1223 2542 1294 ﬁtque
2577 1225 2822 1279 omnium
2854 1227 3081 1279 bonum.

311 1336 482 1390 φηται
510 1319 538 1371 ὁ
572 1318 632 1383 ἓξ
660 1318 940 1389 ἀριθμὸς),
975 1316 1398 1371 ὲναποτίθεσθαι
1428 1317 1614 1371 δίδωσι
1644 1317 1708 1369 τὸ
1742 1316 1906 1370 καλὸν
1948 1317 2072 1388 μέλι
2127 1322 2252 1381 ταῖς
2292 1319 2426 1390 παρ’
2472 1319 2621 1388 αὐτῷ
2703 1321 2982 1390 σήραγξι·
3037 1321 3132 1372 καὶ
3203 1320 3426 1374 ἐπειδὰν
3471 1320 3606 1372 αὐτὸ

311 1415 535 1468 πιεσθέν
571 1415 856 1486 ὲκφορηοῇ
881 1457 895 1477 ,
928 1413 1211 1485 βασιλεῦσι
1241 1413 1535 1483 προσφορά
1574 1416 1654 1478 εἰς
1686 1414 1901 1482 ὑγίειαν
1938 1417 2033 1470 καὶ
2067 1416 2318 1486 πένησιν,
2347 1416 2422 1480 ὡς
2451 1418 2807 1488 παγκόσμιον
2839 1417 3030 1474 καλόν.

385 1509 498 1578 πη¹.
542 1507 675 1565 Εἶτα
717 1512 810 1564 καὶ
855 1513 888 1580 ἡ
935 1510 1216 1582 ἀποθήκη,
1253 1513 1281 1563 ὁ
1330 1512 1523 1581 κηρὸς,
1569 1512 1651 1573 εἰς
1695 1511 1902 1576 ἀγαθὸν

2081 1511 2171 1568 88.
2196 1514 2401 1570 Deinde
2417 1516 2846 1580 receptaculum,
2867 1516 2984 1570 sive
3002 1529 3155 1582 cera,
3170 1529 3425 1583 magnam
3446 1513 3608 1570 offert

316 1604 461 1670 μέγα
499 1604 746 1656 συντελεῖ
785 1604 922 1674 (τὴν
946 1603 1212 1673 ἔκφανσίν
1239 1621 1386 1674 φημι
1419 1603 1722 1673 τοῦζφωτὸς
1743 1605 1784 1673 ),
1815 1605 1904 1658 ἵνα

2029 1603 2306 1658 uilitatem
2331 1605 2554 1675 (nempe
2585 1605 2810 1660 luminis
2837 1605 3264 1674 ostensionem),
3290 1613 3346 1659 ut
3370 1606 3463 1674 qni
3493 1608 3606 1659 uti-

315 1695 394 1764 τῷ
438 1696 536 1765 μὲν
569 1696 996 1766 κειμηλιωθέντι
1035 1697 1312 1766 μέλιτιτά
1350 1696 1504 1760 ἐντὸς
1536 1698 1587 1750 οἱ
1626 1697 1905 1769 χρώμενοι

2029 1709 2138 1750 nur
2161 1697 2322 1750 melle
2345 1697 2493 1753 intus
2517 1698 2753 1752 collecto
2779 1697 3059 1762 laetemur;
3089 1705 3257 1766 atque
3285 1713 3351 1751 ex
3381 1696 3606 1751 vasibus

317 1787 794 1860 παρηγορώμεθα,
843 1791 957 1852 τοῖς
1012 1790 1070 1842 δὲ
1119 1789 1214 1842 τοῦ
1262 1790 1481 1859 μέλιτος
1529 1790 1774 1859 ἀγγείοις
1823 1789 1906 1858 τῷ

2029 1787 2216 1850 nellis,
2253 1801 2400 1849 cera,
2438 1788 2671 1843 multam
2699 1791 3052 1844 curationem
3083 1789 3239 1842 intus
3270 1787 3606 1850 habeamus,

318 1881 476 1953 κηρῷ
501 1883 707 1950 μυρίαν
731 1882 831 1954 τὴν
860 1881 1013 1944 ἐντὸς
1033 1881 1397 1952 ψυχαγωγίαν
1419 1881 1662 1952 ἔχοιμεν,
1688 1882 1904 1946 εὐεξίας

2029 1879 2097 1931 sic
2158 1879 2389 1933 invento
2436 1879 2698 1934 sanitatis
2748 1881 3028 1934 universae
3075 1877 3351 1945 remedio,
3384 1885 3440 1933 et
3487 1877 3608 1932 sole

319 1991 379 2026 τε
413 1973 766 2044 παντοδαπῆς
792 1975 1089 2045 φάρμακον
1131 1975 1296 2028 αὑτὸν
1336 1975 1770 2044 ἐξευρίσκοντες,
1813 1976 1908 2028 καὶ

2029 1969 2188 2025 ι1ιθιιο
2223 1971 2496 2027 adversus
2518 1972 2701 2026 omnis
2731 1975 2950 2042 generis
2975 1971 3268 2033 tenebras,
3305 1985 3429 2040 qua:
3459 1969 3608 2024 bona

321 2067 462 2136 ἡλίῳ
509 2067 565 2119 δὲ
599 2066 897 2137 ἀντίμιμον
945 2067 1091 2120 κατά
1129 2067 1360 2130 σκότους
1411 2066 1672 2120 παντοίου
1700 2082 1715 2096 ·
1765 2067 1908 2138 ἀπερ

2029 2063 2146 2118 Iulli
2166 2063 2494 2120 inferiorum
2513 2079 2808 2134 corporum
2825 2065 3058 2119 Creator
3076 2073 3206 2136 natu
3217 2079 3288 2116 rae
3307 2063 3605 2118 concessit.

323 2158 508 2223 ἀγαθά
555 2156 735 2210 οὐδενΐ
783 2158 896 2211 τῶν
951 2158 1105 2211 κάτω
1151 2161 1421 2228 σωμάτων
1465 2161 1495 2211 ό
1545 2159 1648 2228 τῆς
1694 2161 1910 2228 φύσεως

2029 2157 2178 2213 llulta
2207 2159 2353 2213 enim
2385 2158 2490 2213 alia
2513 2159 2697 2213 dulcia
2735 2159 2791 2212 in
2820 2161 3025 2212 mundo
3052 2164 3207 2222 sunt,
3239 2155 3410 2208 multa
3439 2155 3603 2208 etiam

325 2253 667 2320 Δημιουργὸς
706 2251 969 2317 ἀπέταξε.
999 2251 1200 2305 ῐῙολλαὶ
1240 2254 1340 2322 μὲν
1385 2252 1494 2320 γάρ
1529 2253 1587 2304 ὲν
1613 2254 1690 2321 τῷ
1720 2253 1912 2321 κόσμῳ

325 2346 421 2397 καὶ
451 2345 606 2399 ἄλλαι
643 2345 984 2412 γλυκύτητες
1007 2363 1021 2378 ο
1054 2345 1231 2397 πολλὰ
1262 2346 1318 2398 δὲ
1353 2347 1444 2398 καὶ
1480 2346 1670 2414 φῶτα,
1705 2347 1774 2398 τὰ
1812 2346 1912 2414 μὲν

327 2437 611 2506 αὐτόματα
638 2437 781 2489 κειτὰ
809 2453 861 2490 τι
883 2438 1134 2499 αἱωνίζον
1158 2438 1606 2506 διεκφαινόμενει,
1637 2438 1713 2503 ,τά
1738 2438 1793 2490 δὲ
1821 2439 1914 2490 καὶ

327 2531 468 2599 πρὸς
521 2545 644 2581 τινα
694 2529 909 2597 καιρόν.
968 2529 1228 2581 Τοιοῦτον
1275 2529 1332 2582 δέ
1383 2547 1436 2582 τι
1491 2529 1646 2582 οὐδὲν
1701 2530 1913 2598 πέφηνε

329 2620 547 2689 δύασμα
569 2660 583 2682 ,
623 2621 810 2674 ὁποῖον
837 2621 912 2690 τῷ
957 2621 1251 2691 μελισσείῳ
1281 2622 1461 2692 κηρίῳ
1486 2621 1911 2692 ὲντεθεὼρηται.

329 2714 563 2775 Μέλιτός
590 2730 649 2766 τε
678 2715 786 2784 γὰρ
814 2713 1130 2786 γλυκύτητα
1151 2715 1234 2778 τίς
1255 2716 1586 2782 ἀναγγελεῖς
1613 2718 1708 2768 καὶ
1733 2714 1914 2786 κηροῦ

331 2805 390 2858 δὲ
415 2806 528 2874 φῶς
548 2806 632 2868 τίς
663 2806 729 2858 ἀν
759 2806 927 2872 ἀξίως
958 2807 1358 2876 ἀποσεμνυνεῖ;
1389 2806 1560 2860 Ἔνθα
1590 2810 1684 2861 καὶ
1711 2809 1919 2878 μυστή-

337 2915 453 2966 ριον
490 2898 632 2966 μέγα
661 2900 774 2960 τοῖς
808 2899 950 2952 κατά
980 2899 1114 2954 Θεὸν
1146 2901 1358 2969 βιοῦσιν
1391 2900 1698 2971 ὲνδομυχεῖ,
1731 2903 1918 2970 Κηρός

334 3008 396 3044 τε
429 2991 540 3061 γὰρ
568 2991 942 3061 ἀναπτόμενος
968 2993 1047 3055 είς
1075 2994 1193 3061 φῶς
1217 2995 1245 3046 ὁ
1275 2993 1396 3056 ὅλος
1425 2994 1741 3055 ἀναλύεται,
1767 2995 1920 3048 οὐδέν

339 3099 395 3132 τι
437 3084 664 3150 σημεῖον
706 3084 1106 3150 ὲγκαταλεῖπον
1141 3085 1337 3138 ἑαυτοῦ
1371 3085 1510 3156 μετὰ
1548 3085 1647 3155 τὴν
1689 3086 1873 3139 σϐέσιν
1904 3102 1917 3115 ·

335 3168 465 3224 οὔτε
495 3174 604 3240 γὰρ
634 3172 843 3242 τέφραν
863 3183 886 3236 ,‘
910 3173 1032 3226 οὔτε
1066 3192 1118 3227 τι
1149 3175 1436 3244 κάπνισμα
1467 3174 1563 3230 σὺν
1595 3176 1671 3246 τῷ
1701 3177 1839 3247 μηδὲ
1867 3193 1922 3231 τι

2012 2251 2247 2319 lumina,
2283 2252 2456 2308 altera
2529 2259 2894 2322 spontaneam
2945 2259 3380 2322 perpetuamque
3428 2247 3606 2301 lucem

2013 2345 2349 2409 emittentia,
2374 2347 2544 2400 altera
2568 2345 2634 2400 ad
2667 2351 2888 2414 tempus
2916 2343 3210 2415 fulgentia.
3241 2341 3433 2396 Simile
3455 2341 3608 2395 aliud

2015 2439 2217 2509 duplex
2251 2438 2606 2494 commodum
2637 2439 2849 2492 nullum
2884 2449 2991 2502 est,
3047 2439 3194 2492 sicut
3225 2438 3277 2490 in
3322 2451 3447 2491 cera
3473 2437 3611 2489 mel-

2016 2529 2098 2586 lea
2132 2531 2434 2586 invenitur.
2462 2531 2635 2586 Mellis
2660 2532 2804 2585 enim
2834 2529 3178 2583 dulcedinem
3213 2529 3344 2596 quid
3381 2525 3609 2596 aequat?

2021 2625 2230 2679 Lumen
2267 2639 2410 2679 cerae
2439 2623 2565 2694 quis
2603 2624 2772 2695 digne
2804 2621 3142 2677 aemulatur?
3165 2621 3243 2676 Ibi
3273 2621 3408 2675 latet
3443 2621 3612 2674 etiam

2020 2720 2340 2789 mysterium
2369 2732 2624 2783 magnum
2655 2717 2723 2772 iis
2751 2718 2844 2787 qui
2869 2715 3178 2773 secundum
3204 2715 3376 2770 Deum
3397 2711 3612 2768 vivunt.

2019 2810 2160 2869 Cera
2201 2811 2350 2866 enim
2393 2825 2632 2866 accensa
2661 2810 2727 2864 ad
2762 2809 3056 2866 lucendnm
3098 2815 3212 2862 tota
3240 2804 3612 2867 consumitur,

2023 2903 2349 2973 nullumque
2365 2907 2450 2959 sui
2469 2905 2758 2974 vestigium
2783 2915 2906 2973 post
2921 2899 3312 2957 cremationem
3330 2897 3614 2966 relinquit,

2023 3011 2199 3065 neque
2222 2996 2458 3057 cineres,
2486 3010 2664 3065 neque
2705 2995 2944 3061 fumum,
2995 3008 3173 3063 neque
3212 2992 3452 3061 aliquem
3477 2989 3616 3044 feto-

2024 3101 2140 3140 rem
2175 3086 2414 3156 reponit.
2438 3085 2646 3141 Eodem
2672 3085 2836 3140 modo
2861 3087 3026 3140 homo
3049 3085 3361 3153 spiritualis
3381 3093 3612 3137 tonsura

2025 3189 2411 3242 consecratus,
2438 3181 2580 3234 sicut
2612 3179 2892 3249 promisit,
2924 3179 3168 3247 seipsum
3207 3176 3272 3229 ad
3308 3171 3607 3229 lucendum

338 3262 606 3332 δύσοδμον
638 3265 962 3335 ἀποφέρειν.
998 3267 1108 3320 Καὶ
1145 3268 1430 3337 ἄνθρωπος
1454 3268 1510 3320 δὲ
1540 3267 1638 3340 τὴν
1671 3287 1921 3338 πνευμα-

2029 3271 2304 3336 accendit,
2339 3273 2525 3328 volatu
2582 3271 2748 3326 celeri
2796 3270 2864 3325 ad
2919 3271 3088 3325 Deum
3118 3269 3377 3332 tendens,
3429 3265 3613 3346 [mimo

337 3353 502 3424 τικὴν
530 3358 733 3424 κουρὰν
766 3359 994 3423 τέλειος,
1027 3357 1172 3412 καθά
1207 3358 1508 3430 ἐκύρωσεν,
1537 3362 1620 3423 είς
1654 3361 1769 3428 φῶς
1798 3363 1926 3414 ἑαυ-

337 3450 434 3500 τὸν
462 3449 726 3514 ἀνάπτει,
759 3450 908 3522 ὀξείᾳ
949 3453 1096 3522 φορᾷ
1130 3453 1264 3522 πρὸς
1306 3453 1439 3507 Θεὸν
1470 3454 1892 3524 ἀνατεινόμενος
1913 3495 1928 3519 ,

343 3541 443 3595 καὶ
489 3541 569 3610 τῷ
607 3544 813 3612 πρώτῳ
858 3545 998 3612 φωτὶ
1039 3543 1369 3612 φιλονεικῶν
1419 3546 1671 3614 ἐγγίσαι,
1717 3547 1809 3598 καὶ
1857 3547 1932 3610 ὡς

343 3637 524 3688 εἰπεῖν
569 3635 913 3706 συναφθῆναι
933 3676 947 3701 ,
980 3638 1076 3690 καὶ
1121 3638 1290 3708 μηδὲν
1327 3656 1379 3691 τι
1409 3641 1468 3692 ὲν
1493 3641 1608 3703 τοῖς
1639 3641 1791 3692 κάτω
1819 3639 1934 3692 λεί-

343 3727 512 3794 ψανον
534 3729 720 3781 ὑλαῖον
748 3731 986 3798 ἀφεῖναι,
1013 3729 1080 3783 δι’
1101 3725 1163 3785 οὗ
1196 3731 1291 3783 καὶ
1318 3730 1584 3798 δύσοδμόν
1615 3748 1668 3784 τι
1693 3733 1931 3803 ὲκφήνῃ,
2005 3731 2009 3736 ’

342 3817 463 3868 ἀλλ’
507 3817 588 3880 εἰς
621 3819 800 3889 ὀσμὴν
832 3819 1412 3891 εύωδίαςίλογισθῆναι
1445 3819 1522 3891 τῷ
1564 3822 1708 3892 Θεῷ,
1741 3818 1820 3885 οἷς
1870 3825 1936 3875 ὲκ

343 3909 454 3961 τῶν
484 3912 634 3964 κάτω
660 3911 896 3981 κηλίδων
928 3912 1158 3976 ἀσπιλος
1188 3915 1268 3976 εἰς
1292 3914 1384 3966 τὸν
1414 3913 1806 3986 ὑπερκάϐαρον
1840 3916 1934 3968 καὶ

347 4004 650 4072 ὑπεράγιον
690 4003 822 4057 Θεὸν
861 4003 1225 4075 ἀναϐέϐηκεν.

418 4095 530 4147 πθ¹.
553 4094 710 4146 Οὕτω
733 4093 1086 4163 φιλοσοφοῦσι
1109 4096 1258 4160 τοὺς,
1283 4096 1358 4160 ὡς
1380 4095 1606 4168 ἐρρέθη,
1629 4098 1937 4168 γαμηλίους

348 4186 554 4258 κηροὺς
593 4189 642 4240 οἱ
686 4187 1133 4254 Μεγαλοπολῖται
1167 4189 1530 4260 εὐσχήμονες.
1571 4190 1730 4244 Οὕτω
1770 4193 1940 4259 φωτί-

349 4280 502 4343 Coos:
551 4278 680 4341 τοὺς
717 4277 749 4347 ἢ
784 4279 881 4349 τὴν
919 4278 1044 4346 ὄψιν
1075 4269 1647 4350 ὲστενοχωρημένους,
1691 4283 1723 4351 ἢ
1761 4284 1842 4344 είς
1873 4284 1939 4336 τὸ

349 4369 460 4421 πᾶν
498 4368 931 4438 τυφλώττοντας.
979 4368 1136 4422 Οὕτω
1173 4368 1499 4422 παιδεύουσι
1542 4369 1672 4433 τοὺς
1705 4371 1807 4423 ὅσα
1839 4371 1938 4424 καὶ

351 4463 460 4516 ἀπὸ
508 4464 736 4525 σκότους
767 4465 860 4517 καὶ
905 4465 1133 4533 ἐρέϐους
1174 4465 1270 4518 καὶ
1303 4464 1505 4532 ζόφου,
1547 4465 1583 4518 ἀ
1618 4465 1682 4535 δὴ
1713 4465 1807 4519 καὶ
1836 4467 1938 4519 ὅσα

351 4551 578 4608 τοιαῦτα
607 4556 633 4605 ὁ
669 4554 822 4606 κάτω
852 4553 964 4623 βίος
996 4555 1361 4624 ἐπικέκληται
1389 4596 1404 4621 ,
1437 4556 1518 4619 εἰς
1551 4557 1612 4609 τὸ
1643 4560 1742 4626 τῆς
1774 4573 1939 4626 μονα-

2033 3366 2231 3421 lumini
2269 3366 2499 3436 cupiens
2555 3363 3024 3435 appropinquare,
3066 3369 3142 3422 et.
3193 3370 3250 3414 ut
3311 3359 3386 3412 ita
3412 3356 3614 3417 dicam,

2031 3456 2291 3526 conjungi
2319 3472 2334 3522 ;
2378 3455 2705 3522 nullumque
2743 3453 2987 3507 materia:
3020 3449 3318 3520 vestigium
3350 3446 3616 3501 emittens

2035 3547 2273 3604 fetidum
2303 3547 2530 3604 odorem
2562 3547 2903 3614 relinquere,
2947 3541 3044 3598 sed
3069 3543 3242 3611 magis
3286 3540 3339 3594 in
3389 3538 3614 3594 odorem

2033 3640 2324 3697 suavitatis
2366 3654 2394 3693 a
2434 3639 2544 3694 Deo
2570 3637 2840 3708 reputari,
2878 3649 3059 3706 neque
3099 3618 3131 3687 ά
3170 3643 3388 3690 terrena
3416 3645 3616 3686 concc-

2033 3734 2222 3805 ptione
2259 3735 2405 3788 fetus
2462 3733 2876 3798 immaculatus,
2927 3730 2996 3786 ad
3060 3739 3143 3784 ter
3190 3742 3388 3784 nurum
3439 3735 3496 3780 et
3539 3733 3620 3779 ter

2035 3836 2288 3885 sanctum
2319 3827 2490 3884 Deum
2513 3827 2763 3883 elevatur

2107 4100 2197 4155 89.
2227 4100 2302 4153 Eo
2346 4101 2508 4154 modo
2559 4114 2714 4154 ceras
2781 4096 3082 4165 nuptiales,
3125 4101 3185 4146 ut
3252 4091 3462 4146 dictum
3481 4095 3620 4170 'est,

2036 4193 2246 4248 nobiles
2298 4192 2696 4262 Megalopolitae
2732 4189 3003 4258 iudicant.
3042 4185 3134 4240 Sic
3172 4184 3484 4238 illuminant
3522 4181 3624 4235 lto-

2037 4287 2214 4342 mines
2238 4285 2357 4340 visu
2383 4285 2700 4339 debilitatos
2720 4321 2737 4347 .
2783 4291 2878 4336 aut
2909 4279 3139 4334 omnino
3164 4291 3359 4332 caecos.
3395 4275 3488 4332 Sic
3521 4274 3624 4328 (lo-

2037 4386 2165 4434 cent
2181 4379 2432 4432 homines
2450 4393 2479 4432 a
2502 4375 2771 4438 tenebris,
2790 4373 2978 4437 erebo,
2998 4371 3251 4440 caligine,
3273 4367 3358 4423 vel
3375 4381 3624 4438 quocun-

2038 4487 2144 4542 que
2165 4471 2283 4541 pari
2311 4470 2534 4524 nomine
2563 4475 2796 4523 vocetur
2820 4466 2936 4519 vita
2968 4464 3217 4525 inferior,
3255 4460 3352 4530 qui
3391 4473 3625 4528 progre-

2042 4563 2271 4618 diuntur
2297 4561 2365 4613 ad
2400 4559 2586 4614 lumen
2619 4557 2956 4612 monachicae
2984 4557 3131 4616 vitae,
3197 4553 3346 4606 velut
3376 4549 3444 4604 de
3477 4557 3622 4602 terra

353 4644 512 4713 χικῆς
547 4644 825 4708 πολιτείας
853 4646 1149 4717 προϊόντας
1173 4647 1310 4715 φῶς,
1341 4647 1441 4701 ὅσα
1467 4647 1564 4702 καὶ
1589 4648 1700 4702 ἀπὸ
1723 4650 1826 4718 γῆς
1856 4649 1921 4712 είς

2042 4651 2111 4706 ad
2145 4651 2350 4705 aethera
2398 4649 2520 4704 sine
2561 4647 2798 4713 nebula;
2840 4646 2929 4700 cui
2992 4658 3100 4698 non
3157 4640 3506 4696 attendentes
3553 4638 3629 4692 si-

354 4735 444 4788 τὸν
479 4735 741 4804 ἀνέφελον
781 4735 1014 4808 αἰθέρα·
1047 4731 1220 4808 οὗπερ
1262 4736 1313 4790 οἱ
1353 4738 1428 4809 μὴ
1477 4739 1940 4808 ἐπιστρεφόμενοι

355 4827 596 4878 ἴστωσαν
617 4863 631 4890 ,
663 4825 738 4889 ὡς
769 4827 860 4880 ἀεὶ
897 4829 956 4880 ὲν
993 4829 1172 4906 σκότῳ
1208 4828 1494 4897 διάγουσιν
1526 4829 1810 4900 ἀλαμπεῖ,
1843 4831 1940 4884 καὶ

355 4917 507 4988 αὐτῷ
533 4919 595 4971 οὐ
618 4918 760 4972 κατά
779 4920 904 4981 τοὺς
933 4905 1305 4993 Κιμμερίους,
1332 4915 1413 4986 οἷς
1445 4922 1537 4976 καὶ
1566 4923 1718 4992 ἥλιος
1743 4921 1942 4992 ἐλλάμ-

356 5028 479 5065 πειν
505 5011 727 5079 λέγεταί
764 5029 915 5078 ποτε,
949 5013 1086 5067 ἀλλά
1117 5015 1261 5068 κατά
1280 5015 1409 5078 τοὺς
1436 5017 1494 5066 ὲν
1527 5015 1656 5086 σκιᾷ
1681 5014 1939 5080 Θανάτου,

358 5107 421 5175 τῇ
461 5105 558 5158 καὶ
592 5104 734 5175 ὑπὲρ
765 5106 956 5171 σκότος
981 5109 1299 5178 ταρτάριον.
1327 5106 1394 5163 Oi
1432 5108 1478 5163 δ’
1506 5106 1660 5161 αὐτοὶ
1692 5108 1942 5176 Μεγαλο-

359 5195 596 5263 πολῖται,
629 5199 677 5250 οἱ
708 5197 808 5270 τὴν
835 5201 1218 5268 πνευματικὴν
1247 5187 1528 5254 πολιτείαν
1559 5198 1807 5270 μεγάλοι,
1843 5200 1940 5252 καὶ

360 5287 418 5340 τὸ
443 5287 736 5358 μοναχικὸν
769 5289 936 5358 μέλαν
959 5291 1022 5343 τὸ
1050 5292 1192 5343 κατά
1214 5289 1313 5361 τὴν
1345 5290 1558 5344 ἔνδυσιν
1581 5291 1676 5344 καὶ
1708 5291 1805 5353 τάς
1825 5291 1938 5344 λοι-

361 5378 466 5440 πάς
506 5377 566 5431 δὲ
617 5379 770 5449 ἱερὰς
809 5381 1130 5452 ἀμπεχόνας
1161 5381 1458 5446 πολυειδῶς
1493 5383 1800 5450 ἀνάγουσι,
1843 5385 1940 5437 καὶ

363 5469 630 5542 φωτεινὴν
665 5469 899 5540 θεωρίαν
929 5476 993 5545 τῇ
1027 5473 1250 5546 τοιαύτῃ
1284 5472 1513 5545 μελανία
1552 5474 1938 5542 ὲναυγάζουσι.

429 5627 508 5699 (9)
557 5627 920 5700 rPrytaneum
973 5630 1128 5683 locus
1187 5637 1306 5683 erat
1368 5631 1620 5688 Athenis.
1673 5632 1764 5685 ubi
1835 5633 1917 5687 ci-

367 5698 522 5754 vibus
549 5699 644 5768 jus
668 5698 985 5761 dicebatur,
1012 5710 1065 5753 et
1097 5700 1328 5764 publicis
1355 5701 1670 5769 sumptibus
1705 5702 1915 5756 nutric-

367 5777 566 5823 nantur
582 5770 895 5839 quicunque
918 5771 984 5824 de
1009 5784 1066 5822 re
1095 5772 1312 5839 publica
1332 5772 1470 5824 bene
1513 5772 1692 5824 meriti
1733 5780 1914 5826 erant.

368 5841 425 5892 tn
450 5853 515 5895 eo
545 5838 720 5896 altare
753 5839 989 5899 positum
1015 5838 1132 5896 erat
1184 5841 1293 5902 igni
1321 5855 1481 5895 sacro
1530 5850 1584 5896 et
1623 5851 1892 5905 perpetuo

2044 4745 2200 4794 stunt
2229 4777 2248 4806 ,
2275 4745 2332 4792 et
2364 4737 2419 4790 in
2480 4735 2726 4791 tenebris
2776 4733 3095 4805 caliginosis
3127 4731 3390 4786 videntur
3455 4728 3622 4782 vitam

2043 4839 2229 4896 agere,
2271 4839 2383 4878 non
2447 4823 2594 4878 sicut
2659 4821 2963 4886 Cimmerii,
3017 4833 3156 4889 quos
3217 4815 3513 4888 aliquando
3562 4815 3632 4871 ii-

2041 4915 2317 4970 luminare
2367 4913 2452 4968 sol
2502 4911 2731 4977 dicitur,
2760 4910 2858 4967 sm]
2907 4913 3054 4965 sicut
3097 4907 3297 4978 sepulti
3329 4908 3382 4960 in
3433 4904 3623 4959 umbra

2045 5004 2240 5058 mortis
2271 5003 2604 5058 obscuriore
2635 5003 2898 5057 tartareis
2952 4999 3218 5056 tenebris.
3272 4997 3380 5066 ipsi
3442 5005 3622 5048 autem

2042 5095 2459 5168 Megalopolim,
2485 5097 2594 5151 vita
2631 5095 2906 5166 spirituali
2941 5095 3144 5163 magni,
3176 5092 3393 5156 nigrum
3429 5098 3623 5139 mona-

2047 5190 2278 5244 chorum
2311 5188 2552 5244 colorem
2585 5188 2700 5244 suis
2735 5185 3092 5246 indumentis,
3116 5191 3170 5236 et
3191 5179 3422 5246 reliquis
3449 5174 3623 5230 vesti-

2010 5314 2023 5327 -
2043 5283 2149 5338 bus
2181 5284 2401 5338 diverse
2427 5290 2729 5346 ostentant,
2769 5281 2987 5346 istaqne
3029 5275 3248 5345 nigritie
3273 5271 3620 5342 splendorem

2044 5376 2187 5432 lucis
2249 5387 2363 5432 sum
2411 5385 2634 5448 augent.
2701 5375 3023 5443 lntelligunt
3078 5368 3229 5425 enim
3261 5380 3365 5420 nec
3428 5362 3628 5418 oblivi-

2053 5478 2285 5526 scuntur
2345 5469 2538 5541 (quod
2611 5467 2852 5535 absit!)
2905 5479 3010 5520 non
3087 5469 3316 5533 propter
3386 5457 3626 5515 colorem

2025 5633 2081 5688 in
2133 5631 2398 5685 honorem
2433 5626 2613 5682 Vesta;
2641 5623 3000 5684 destinatum,
3049 5616 3210 5683 cuius
3260 5631 3396 5672 cura
3442 5614 3628 5671 viduis

2026 5701 2375 5762 mulieribus,
2414 5693 2817 5768 Prytanitidum
2852 5691 3075 5747 nomine
3102 5729 3118 5756 ,
3163 5704 3272 5745 non
3319 5688 3631 5760 virginibus

2026 5769 2362 5827 demandata
2397 5776 2536 5824 erat.
