3992 6240
424 365 530 424 803

1153 367 1193 424 E
1208 365 1571 424 USTATHII
1614 365 2057 424 Tl—lESSALON
2075 365 2371 424 ICENSIS
2415 365 2981 425 METllOPOLlT:E

3585 362 3691 426 804

424 476 708 536 eximium,
770 484 990 542 propter
1037 475 1501 542 pulchritudinem
1537 495 1566 530 a
1600 480 1849 547 patribus
1883 477 1989 530 elc-

2097 472 2299 528 Νοοῦσι
2329 477 2460 546 γὰρ,
2490 477 2585 529 καὶ
2615 477 2677 529 ού
2705 477 2881 544 δήπου
2911 475 3254 543 παρανυούσι
3292 473 3394 544 (μὴ
3423 475 3687 542 γένοιτο),

421 578 563 618 ctam
598 567 764 621 fuisse
799 567 1250 622 vestimentorum
1287 571 1592 638 nigritiem,
1616 586 1682 624 eo
1702 571 1848 638 quod
1875 569 1994 623 \ili-

421 669 506 711 tas
527 660 594 709 de
619 659 1023 726 pulchritudine
1043 661 1455 717 excusationem
1481 677 1591 718 non
1612 663 1832 716 haberet
1860 680 1872 716 :
1898 664 1994 717 sed

423 766 555 802 mine
601 758 822 817 propter
878 753 1186 821 symbolum
1238 754 1366 810 vitae
1427 764 1632 810 sancta:
1687 770 1993 825 congruum

424 843 593 894 cleCIa
618 853 720 896 est.

485 935 575 988 90.
613 933 914 992 Monacbos
963 939 1160 992 decent
1215 938 1540 994 indumenta
1575 941 1768 1011 nigra,
1805 949 1866 994 ut
1900 957 1995 1011 per

418 1042 504 1089 ea,
566 1028 716 1082 velut
771 1044 866 1098 per
917 1041 1157 1096 noctem,
1219 1032 1514 1087 videantur
1562 1044 1712 1089 astra
1772 1033 1994 1088 virtutis

417 1119 650 1174 lucentia
685 1121 737 1175 in
773 1123 874 1178 eis.
903 1123 1055 1176 Sient
1090 1125 1236 1178 enim
1275 1133 1439 1180 nocte
1465 1136 1614 1180 astra
1652 1127 1818 1180 libere
1847 1129 1996 1181 scin-

415 1211 628 1271 tillant,
680 1213 762 1266 sic
802 1215 902 1266 sub
959 1214 1130 1282 nigris
1183 1216 1359 1269 sacris
1398 1217 1740 1271 indumentis
1774 1217 1996 1270 elucere

411 1303 575 1356 debet
621 1306 797 1359 virtus
831 1321 957 1360 vere
991 1307 1191 1360 lucida.
1233 1308 1395 1362 Aliud
1434 1321 1692 1378 praeterea
1724 1310 1996 1377 signiﬁcat

416 1398 517 1450 ista
552 1397 824 1465 nigrities,
841 1398 1053 1452 scilicet
1073 1400 1456 1454 absconditum
1483 1416 1603 1456 esse
1626 1402 1825 1456 debere
1843 1418 1998 1457 asce-

415 1497 524 1537 tam
563 1487 628 1538 ad
669 1487 924 1554 pietatem
960 1489 1202 1559 seipsutn
1233 1503 1580 1547 exercentem
1615 1533 1631 1554 ,
1675 1510 1783 1548 non
1815 1495 1992 1550 videri

412 1577 572 1639 velle,
603 1586 662 1630 ut
719 1594 944 1640 revera,
994 1595 1100 1632 non
1151 1585 1338 1649 specie
1375 1589 1558 1648 tenus,
1617 1583 1802 1652 justus
1871 1595 1995 1641 ante

414 1666 586 1722 Deum
631 1671 809 1740 possit
849 1673 1026 1740 palam
1067 1673 1254 1728 dicere
1293 1691 1307 1728 :
1358 1692 1375 1726 ι
1423 1675 1481 1728 1η
1524 1678 1778 1732 noctibus
1815 1679 1994 1733 extol-

411 1761 466 1817 lo
509 1778 610 1831 ego
665 1780 858 1819 manus
915 1780 1066 1819 meas
1115 1767 1182 1819 ad
1227 1776 1418 1820 sancta
1451 1769 1516 1834 ¹⁶,
1564 1787 1580 1818 ι
1627 1770 1792 1838 idque
1839 1774 1990 1839 psal-

409 1855 523 1909 lere
568 1855 638 1908 ob
687 1867 842 1909 actus
892 1869 1142 1912 secretos
1202 1866 1255 1912 et
1303 1849 1693 1914 absconditos.
1754 1863 1988 1931 insuper

407 1948 561 2017 jubet
623 1948 792 2002 vestis
857 1949 1084 2004 omnino
1145 1951 1300 2020 nigra
1338 1955 1664 2009 monachum
1705 1955 1986 2010 etelestem

410 2056 535 2095 esse
599 2041 899 2097 virtutibus
941 2043 1079 2106 suis,
1151 2043 1344 2111 sicque
1402 2061 1566 2113 super
1632 2045 1806 2102 caelos
1879 2047 1988 2099 Deo

409 2131 870 2200 appropinquare.
917 2130 1197 2186 Cmruleus
1245 2135 1390 2188 enim
1429 2136 1645 2190 videtur
1689 2137 1841 2191 color
1873 2152 1988 2192 raso

411 2220 610 2283 lorum,
653 2221 808 2290 juxta
855 2237 1079 2278 veraces
1128 2224 1508 2294 philosophos,
1554 2227 1648 2296 qui
1683 2229 1822 2282 hanc
1852 2244 1988 2283 cauo

409 2325 525 2363 sam
567 2299 846 2376 asserunt,
887 2313 989 2368 hoc
1038 2313 1214 2368 locum
1256 2316 1458 2372 habere
1491 2319 1558 2373 ad
1606 2317 1805 2373 bonum
1853 2336 1987 2375 ocu-

412 2398 588 2451 lorum
620 2401 980 2468 intuentium,
1002 2413 1223 2482 propter
1241 2407 1988 2477 medietatemconjunctione

409 2499 780 2546 extremorum
842 2495 1048 2563 Optime
1100 2497 1488 2566 etiormatam,
1551 2501 1623 2554 ita
1696 2512 1756 2556 ut
1809 2519 1987 2573 neque

412 2583 652 2650 perfecta
708 2586 958 2642 albedine
1001 2590 1245 2660 fulgeat,
1303 2608 1478 2663 neque
1538 2595 1721 2663 spissa
1761 2599 1987 2666 nigritia

413 2677 786 2734 abscondatur
822 2718 839 2748 ,
908 2679 1102 2750 sicque
1192 2685 1367 2738 nostri
1467 2687 1717 2758 corporis
1797 2692 1986 2749 oculos

411 2764 592 2820 laedat.
1085 2782 1087 2784 '

480 3037 570 3092 9|.
625 3039 893 3104 Audisne,
931 3058 1126 3112 magne
1184 3049 1470 3114 ni0nache,
1507 3052 1670 3118 quale
1700 3053 1900 3107 cadum
1939 3062 1990 3110 te

409 3129 546 3182 ellici
575 3128 766 3198 jubeat
818 3146 1004 3186 sermo
1050 3138 1252 3190 verus?
1300 3135 1481 3194 Laadis
1520 3140 1805 3202 laedentes.
1839 3151 1895 3197 ct
1935 3152 1989 3197 te

409 3221 587 3289 ipsum
639 3220 693 3274 in
748 3222 961 3292 primis,
1013 3226 1238 3294 quando
1284 3228 1514 3284 intueris
1566 3247 1661 3287 eos
1709 3241 1800 3302 qui
1837 3235 1903 3287 ad
1938 3245 1989 3288 te

407 3316 700 3381 accedunt,
755 3317 872 3372 sive
923 3318 1001 3372 sis
1059 3321 1286 3374 omnino
1317 3322 1493 3392 niger,
1550 3325 1665 3379 sive
1705 3327 1991 3394 splendide

408 3408 646 3476 fulgens.
706 3405 823 3462 Tua
877 3410 1024 3463 enim
1087 3412 1211 3465 sisti
1275 3413 1327 3466 in
1385 3416 1565 3469 medio
1628 3428 1876 3487 oportet,
1936 3429 1992 3474 et

407 3496 529 3550 ideo
565 3513 686 3550 cum
721 3497 937 3563 virtute,
971 3500 1243 3570 siquidem
1278 3503 1332 3556 in
1367 3505 1546 3559 medio
1597 3516 1706 3560 stat
1736 3507 1991 3575 qnzelibet

405 3593 606 3645 virtus.
639 3591 896 3662 Tcipsum
936 3595 1102 3666 igitur
1132 3606 1279 3650 recte
1306 3597 1517 3666 judica,
1577 3610 1638 3654 ut
1691 3603 1770 3656 sis
1809 3603 1987 3669 niger,

407 3699 675 3751 quantum
723 3702 948 3742 necesse
997 3699 1104 3754 est,
1157 3697 1321 3759 atque
1371 3693 1540 3745 etiam
1616 3693 1811 3758 albus;
1856 3694 1992 3748 illud

406 3779 627 3854 quidem
671 3788 732 3834 ut
774 3781 952 3836 virtus
999 3789 1090 3836 tua
1136 3783 1527 3851 abscondatur,
1579 3795 1633 3839 et
1682 3787 1991 3841 adtinentur

407 3874 598 3927 Ittnhra
639 3873 922 3936 salutaris,
966 3889 1070 3928 non
1105 3875 1326 3940 mortis,
1362 3886 1415 3930 et
1450 3894 1605 3933 mens
1639 3877 1991 3948 demergatur

407 3965 459 4018 in
498 3965 794 4031 profundas
823 3968 1147 4030 sententias,
1171 3977 1227 4022 et
1263 3970 1334 4022 sit
1357 3970 1500 4023 nocti
1525 3971 1747 4033 similis,
1773 3971 1992 4039 quando

405 4058 580 4114 malos
636 4057 779 4113 feres
811 4059 1041 4116 moleste
1075 4067 1127 4114 et
1168 4061 1248 4116 eis
1292 4061 1592 4116 irasceris:
1645 4062 1724 4116 sic
1773 4062 1991 4120 diabolo

405 4149 784 4216 absconderis,
843 4153 910 4207 ab
942 4167 1008 4206 eo
1057 4151 1318 4224 ant‘ugere
1374 4154 1665 4208 conaberis
1719 4165 1884 4224 atque
1936 4157 1989 4209 in

403 4256 605 4295 vanum
664 4243 913 4298 laborare
981 4245 1222 4300 desines.
1298 4244 1413 4300 lloc
1477 4246 1622 4302 enim
1690 4248 1991 4318 symbolice
2059 4248 2064 4252 ’

404 4334 585 4388 innuit
646 4337 899 4390 monachi
939 4338 1365 4404 indumentum,
1427 4341 1596 4408 nocti.
1626 4355 1929 4411 congruum
1975 4382 1990 4406 ,

2021 1815 2068 1872 Β

2100 566 2163 620 οὐ
2210 569 2353 620 κατά
2385 586 2438 620 τι
2483 568 2838 638 χρωματικὸν
2873 567 3154 637 ἐξαίρετον
3194 566 3524 635 ὲπιλεγῆναι
3577 569 3691 630 τοῖς

2099 660 2348 729 πατράσι
2368 661 2428 711 τὸ
2455 660 2551 712 τοῦ
2593 661 2915 730 φορήματος
2955 658 3124 728 μέλαν
3157 663 3225 710 τά
3251 675 3314 724 γε
3345 661 3426 720 εἰς
3460 657 3686 720 κάλλος,

2097 752 2180 806 ὅτι
2222 753 2348 823 μηδ’
2383 754 2448 807 ἂν
2487 753 2603 823 ἔχοι
2639 753 2970 822 συνηγορίαν
3000 752 3094 804 ἐπὶ
3138 750 3326 804 κάλλει
3358 753 3417 804 τὸ
3443 751 3685 814 εὐτελές.

2096 845 2307 899 Ούκοῦν
2329 847 2598 916 ὲπεκρίθη
2626 847 2718 899 ἐπὶ
2752 846 3047 914 συμϐόλοις
3077 844 3175 914 βίῳ
3204 844 3334 916 Θείῳ
3355 845 3689 914 πρέπουσιν.

2168 941 2224 1004 ιι·
2283 938 2614 1008 Ἐπιπρέπει
2659 939 2770 1008 γὰρ
2813 939 2876 991 τὸ
2925 936 3034 990 τῶν
3079 936 3303 1004 ἀμφίων
3353 936 3524 1007 μέλαν
3573 939 3688 997 τοῖς

2100 1032 2358 1100 μοναχοῖς
2398 1032 2479 1092 είς
2514 1030 2578 1083 τὸ
2609 1030 2677 1084 δι’
2713 1031 2880 1083 αὐτοῦ
2913 1032 3017 1083 ὃσα
3051 1031 3144 1083 καί
3181 1047 3330 1091 τινος
3362 1028 3560 1090 νυκτὸς
3595 1030 3689 1080 ὲκ-

2096 1121 2390 1186 φαίνεσθαι
2430 1121 2558 1182 τοὺς
2587 1121 2688 1189 τῆς
2728 1123 2932 1190 ἀρετῆς
2964 1123 3200 1190 ἀστέρας
3231 1122 3290 1174 ὲν
3331 1120 3518 1178 αὐτοῖς
3551 1137 3688 1186 προ-

2095 1213 2431 1281 λάμποντας.
2475 1216 2564 1277 Ὠς
2603 1215 2713 1284 γὰρ
2748 1216 2805 1266 ὲν
2833 1215 2989 1266 νυκτὶ
3017 1213 3497 1285 παρῤησιάζονται
3529 1212 3690 1264 ἀστέ-

2100 1323 2190 1376 ρες
2215 1309 2295 1369 εἰς
2321 1308 2521 1374 φαῦσιν
2543 1348 2559 1370 ,
2592 1306 2736 1360 οὕτω
2762 1309 2855 1361 καὶ
2885 1310 2940 1360 ἑν
2967 1309 3081 1371 τοῖς
3114 1307 3274 1373 ίερὼς
3305 1305 3687 1374 μελαμφόροις

2094 1399 2371 1466 ὀφείλεται
2419 1400 2764 1468 παμφαίνειν
2795 1402 2828 1465 ή
2889 1399 3024 1466 πρὸς
3075 1398 3334 1468 ἀλήθειαν
3385 1397 3684 1467 φωτοειδὴς

2095 1491 2287 1560 ἀρετή.
2320 1491 2426 1544 Καὶ
2452 1492 2627 1553 ἄλλως
2655 1491 2712 1544 δὲ
2747 1491 3016 1560 σύμϐολον
3049 1491 3111 1542 τὸ
3147 1490 3392 1544 τοιοῦτον
3426 1490 3684 1558 μέλασμα

2093 1584 2188 1636 τοῦ
2227 1584 2336 1636 δεῖν
2378 1579 2522 1636 εἶναι
2566 1583 2911 1654 κρύπτεσθαι
2943 1582 3224 1653 ἀρετῶντα
3265 1581 3357 1636 τὸν
3399 1581 3683 1649 ἀσκητὴν,

2098 1679 2190 1730 καὶ
2219 1676 2296 1747 μὴ
2330 1678 2636 1748 φανητιᾷν·
2669 1677 2757 1730 ἴνα
2785 1677 2864 1744 τῷ
2897 1677 3032 1740 ὄντι,
3068 1679 3165 1731 καὶ
3199 1676 3273 1747 μὴ
3307 1677 3444 1744 πρὸς
3479 1693 3688 1742 φαντα-

2098 1770 2243 1832 σίαν,
2273 1771 2415 1832 ὅσιος
2437 1768 2512 1822 ὢν
2547 1769 2627 1838 τῷ
2660 1769 2800 1837 Θεῷ,
2834 1771 2934 1842 ἔχῃ
2958 1770 3103 1826 οὓτω
3132 1772 3224 1824 καὶ
3265 1769 3429 1833 αὐτὸς
3461 1770 3683 1838 αὐχεῖν,

2093 1862 2177 1915 ὅτι
2218 1864 2276 1916 ὲν
2313 1865 2432 1922 ταῖς
2471 1863 2621 1927 νυξὶν
2662 1863 2882 1932 ἐπαίρει
2919 1862 3018 1927 τάς
3060 1865 3252 1933 χεῖρας
3285 1861 3456 1915 αὑτοῦ
3491 1864 3573 1917 είς
3617 1861 3686 1912 τὰ

2093 1956 2258 2022 ἅγια,
2291 1955 2512 2024 ψάλλων
2538 1957 2674 2009 αὐτὸ
2706 1957 2794 2010 διὰ
2828 1957 2888 2008 τὸ
2916 1956 3025 2008 τῶν
3056 1954 3313 2024 πράξεων
3347 1953 3555 2021 ἀφανὲς
3590 1956 3685 2005 καὶ

2092 2047 2562 2116 ἀπανηγύριστον.
2589 2048 2710 2099 Ἐτι
2743 2046 2999 2117 βούλεται
3023 2048 3081 2099 τὸ
3113 2047 3183 2099 δι’
3212 2046 3337 2100 ὅλου
3375 2047 3550 2113 μέλαν
3582 2044 3684 2111 ἆμ-

2091 2155 2214 2207 φιον
2244 2139 2340 2192 καὶ
2375 2139 2550 2200 ἄλλως
2579 2138 2833 2206 οὐράνιον
2864 2140 2992 2200 ταῖς
3023 2139 3247 2208 ἀρεταῖς
3277 2134 3420 2189 εἶναι
3455 2137 3547 2187 τὸν
3586 2153 3681 2203 μο-

2090 2229 2347 2293 νάξοντα,
2379 2231 2474 2284 καὶ
2500 2229 2645 2282 οὕτω
2673 2230 2794 2301 Θεῷ
2823 2229 2902 2300 τῷ
2929 2227 3319 2300 ύπερουρανίῳ
3351 2227 3680 2291 πελάζοντα.

2092 2323 2202 2376 Καὶ
2237 2325 2345 2393 γάρ
2373 2341 2457 2376 τοι
2486 2323 2629 2377 κατά
2661 2322 2783 2386 τοὺς
2812 2323 2948 2392 ὀρθὰ
2980 2320 3415 2391 φιλοσοφοῦντας
3447 2320 3682 2372 κυάνεον

2091 2417 2189 2468 καὶ
2213 2415 2272 2468 τὸ
2300 2417 2551 2486 οὐράνιον
2590 2417 2931 2485 διαφαίνεται
2961 2415 3163 2484 χρῶμα
3185 2427 3203 2445 ⁸
3249 2413 3299 2467 οἳ
3333 2415 3428 2468 καὶ
3456 2411 3685 2465 αἰτιολο-

2090 2505 2248 2574 γοῦσι
2274 2494 2645 2576 προσπίπτειν
2668 2507 2800 2560 αὐτὸ
2823 2506 3066 2559 τοιοῦτον
3087 2507 3205 2568 ταῖς
3235 2505 3345 2557 τῶν
3372 2505 3682 2574 βλεπόντων

2089 2599 2281 2670 ὄψεσιν
2315 2600 2403 2652 ἐπ’
2433 2599 2673 2670 ὠφελείᾳ
2701 2599 2791 2653 διὰ
2819 2599 2919 2667 τὴν
2952 2599 3078 2652 κατ’
3107 2597 3238 2651 αὐτὸ
3271 2598 3549 2666 μεσότητα
3569 2638 3584 2660 ,
3621 2594 3680 2648 εὖ

2093 2694 2242 2765 μάλα
2289 2693 2642 2762 κεκραμένην
2695 2696 2762 2762 τῇ
2817 2691 2925 2745 τῶν
2967 2693 3156 2762 ἄκρων
3198 2690 3559 2744 συνελεύσει·
3608 2690 3680 2752 ὠς

2093 2787 2232 2856 μήτε
2263 2785 2562 2854 διακρίνειν
2589 2787 2655 2854 τῇ
2685 2783 2914 2852 ἀκράτῳ
2941 2783 3253 2852 λευκότητι,
3287 2784 3426 2850 μήτε
3454 2779 3682 2848 συγχρίο

2092 2895 2202 2932 νειν
2229 2880 2296 2947 τῇ
2329 2876 2612 2946 κατάκρας
2643 2874 2896 2946 μελανία,
2925 2876 3020 2928 καὶ
3056 2874 3203 2928 οὓτω
3233 2873 3499 2945 βλάπτειν
3527 2873 3588 2926 τὸ
3622 2875 3679 2926 ἐν

2093 2972 2228 3041 ⁴ἡμῖν
2255 2970 2483 3023 ὀπτικδν
2511 2969 2573 3022 τὸ
2606 2969 2746 3021 κατά
2773 2985 2835 3036 γε
2867 2968 3050 3038 σῶμα.

2015 3074 2060 3136 C
2163 3060 2274 3129 ιμ’.
2315 3062 2584 3128 Ἀκούεις,
2615 3055 2659 3114 ὦ
2693 3061 2835 3131 μέγα
2872 3059 3108 3130 μοναχὲ.
3144 3060 3328 3114 ὁποῖόν
3355 3075 3484 3112 τινα
3519 3057 3683 3126 ούραο

2093 3157 2182 3209 νὺν
2214 3154 2310 3208 καὶ
2346 3154 2405 3206 σὲ
2439 3154 2467 3205 ὁ
2501 3154 2659 3222 ὀρθὸς
2690 3152 2850 3220 λόγος
2880 3149 3026 3206 εἶναι
3070 3151 3364 3221 βούλεται;
3406 3151 3681 3212 Βλάπτεις

2093 3250 2225 3310 τοὺς
2269 3246 2646 3316 βλάπτονταςο
2701 3246 2763 3298 οὐ
2817 3244 2924 3315 μὴν
2974 3245 3031 3297 δὲ
3080 3243 3219 3296 ἀλλά
3270 3246 3365 3298 καὶ
3415 3241 3679 3307 σεαυτὸν,

2090 3335 2337 3403 ὁπηνίκα
2371 3333 2711 3402 ὲντρανίσεις
2743 3335 2858 3397 τοῖς
2892 3334 3039 3387 κατά
3075 3333 3154 3396 σὲ,
3187 3333 3301 3386 εἴτε
3337 3332 3475 3402 πρὸς
3511 3333 3682 3401 ἄκρον

2095 3425 2518 3498 μεμελέινωσαι,
2562 3425 2672 3477 εἴτε
2717 3424 3068 3494 προλάμπεις
3113 3427 3357 3495 ἄκρατα.
3402 3424 3527 3493 Χρὴ
3575 3424 3685 3494 γὰρ

2090 3520 2461 3577 διατεθεῖσθαι
2499 3522 2566 3574 τὰ
2605 3522 2660 3573 ἐν
2693 3521 2778 3573 σοὶ
2809 3521 2993 3588 μέσως
3034 3521 3130 3574 καὶ
3165 3519 3341 3595 οὕτως
3383 3520 3680 3588 ἐναρέτους,

2092 3615 2207 3681 εἴγε
2239 3613 2472 3682 μεσότης
2496 3612 2667 3681 ἀρετὴ
2699 3613 2871 3665 πᾶσα.
2902 3612 3224 3682 Κατακίρνα
3247 3610 3430 3664 τοίνυν
3456 3610 3684 3662 σεαυτὸν

2093 3707 2406 3775 θεαρέστως
2428 3720 2442 3735 ο
2477 3705 2572 3757 καὶ
2610 3703 2999 3774 μελαινόμενος
3023 3745 3038 3768 ,
3069 3705 3155 3772 ἐφ’
3187 3705 3309 3756 ὅσον
3341 3703 3559 3772 χρεὼν,
3591 3703 3684 3754 καὶ

2092 3794 2160 3852 αὖ
2193 3797 2355 3850 πάλιν
2388 3795 2934 3864 διαλευκαινόμενος,
2965 3796 3027 3848 τὸ
3059 3797 3158 3866 μὲν
3189 3795 3372 3855 ποίει,
3415 3794 3682 3863 κρύπτων

2092 3891 2190 3961 τὴν
2218 3893 2274 3942 ὲν
2306 3891 2390 3943 σοὶ
2429 3890 2651 3959 ἀρετὴν,
2687 3890 2780 3941 καὶ
2809 3891 2969 3941 σκιὰν
2996 3889 3260 3942 ἐκτείνων
3293 3890 3588 3956 σωτήριον,
3621 3888 3680 3938 οὐ

2097 3991 2205 4052 μὴν
2227 3982 2457 4036 Θανάτου
2476 3999 2492 4016 ·
2518 3983 2612 4035 καὶ
2631 3981 2953 4050 ἐμϐαθύνων
2975 3981 3272 4044 Θειοτάτοις
3298 3982 3567 4048 νοήμασι,
3593 3980 3685 4032 καὶ

2093 4077 2251 4128 νυκτὶ
2273 4072 2468 4134 ἐοικὼς
2493 4073 2562 4127 τὰ
2585 4075 2836 4138 ὑπώπια,
2865 4074 2954 4126 ὅτε
2979 4073 3350 4126 δυσκολαίνων
3373 4071 3685 4141 ἀγριαίνεις

2094 4167 2238 4219 κατὰ
2270 4166 2473 4226 κακίας
2501 4181 2514 4196 ’
2546 4165 2642 4218 καὶ
2672 4164 3056 4234 κρυπτόμενος
3085 4165 3140 4217 δὲ
3170 4164 3264 4217 τὸν
3295 4164 3556 4234 δαίμονα,
3592 4163 3686 4215 καὶ

2093 4259 2237 4312 οὕτω
2268 4257 2556 4312 λανθάνειν
2584 4257 2748 4310 αὐτὸν
2778 4255 3145 4326 πειρώμενος,
3170 4257 3266 4308 καὶ¹
3291 4257 3402 4326 μὴν
3433 4257 3529 4308 καὶ
3555 4255 3685 4308 ἀνα·

2096 4351 2406 4419 παυόμενος
2435 4349 2529 4401 τοῦ
2560 4349 2695 4418 περὶ
2719 4348 2788 4401 τά
2813 4347 2949 4401 κενά
2977 4347 3218 4417 μοχθεῖν.
3259 4348 3547 4400 Ἀπονεύει
3577 4346 3686 4412 γάρ

402 4425 458 4480 id
497 4427 641 4497 quod
696 4444 801 4484 nox
835 4446 1075 4500 quoque,
1136 4449 1258 4502 quae
1302 4433 1564 4489 sensibus
1595 4450 1850 4505 soporem
1885 4436 1989 4490 im-

2099 4459 2183 4495 τοι
2216 4442 2312 4496 καὶ
2341 4443 2420 4504 είς
2458 4441 2592 4495 αὐτὸ
2615 4439 2966 4510 συμϐολικῶς
2987 4440 3048 4492 τὸ
3079 4440 3174 4492 τού
3207 4439 3510 4510 μοναχικοῦ
3547 4440 3684 4507 σχήο

404 4521 596 4588 periit,
634 4524 828 4576 sortita
855 4532 962 4578 cst.

473 4709 562 4764 92.
598 4709 746 4764 Talis
803 4726 929 4765 cum
979 4710 1052 4766 sit
1095 4711 1342 4782 nigrities
1387 4722 1501 4778 tua,
1555 4724 1786 4768 canatur
1831 4713 1898 4768 de
1929 4723 1984 4769 te

403 4805 508 4858 ista
545 4803 817 4858 sententia
867 4822 881 4858 :
921 4822 938 4855 ι
986 4802 1153 4874 Nigra
1209 4821 1364 4870 sum,
1409 4807 1503 4860 sed
1569 4807 1806 4861 formosa
1843 4808 1884 4839 "
1915 4808 1976 4860 .’›

405 4895 582 4949 Aliter
641 4896 788 4948 enim
857 4898 1145 4964 pulchrum
1227 4914 1334 4950 non
1433 4907 1539 4958 est,
1620 4899 1765 4967 quod
1835 4913 1983 4951 mere

404 4987 622 5058 nigrum
647 4987 767 5054 esti,
801 4988 1068 5056 siquidem
1122 4991 1315 5045 mortis
1347 4989 1608 5044 indicium
1637 4990 1795 5044 estin
1829 4989 1985 5043 inﬁr-

405 5081 693 5136 mitatibus
741 5083 1040 5152 corporeis.
1099 5081 1410 5152 Aliquando
1463 5090 1644 5136 tamen
1697 5083 1982 5151 pulchrum

405 5174 651 5242 videtur,
701 5174 747 5231 si
835 5177 981 5241 quod
1051 5183 1436 5230 ornamentum
1494 5175 1737 5228 additur.
1822 5175 1984 5231 Lanis

405 5268 580 5336 nigris
637 5275 1049 5336 anteponuntur
1130 5268 1302 5336 nigra:
1353 5266 1503 5319 corvi
1561 5266 1804 5335 plumae,
1875 5283 1983 5323 non

405 5359 752 5428 simpliciter,
791 5362 887 5415 sed
928 5364 1150 5429 quando
1198 5360 1351 5427 juxta
1403 5358 1575 5412 altera
1611 5359 1763 5426 nigra
1797 5360 1984 5415 confe-

407 5461 624 5508 runtur.
669 5451 782 5506 lloe
817 5468 948 5522 ergo
977 5451 1162 5514 modo,
1205 5452 1306 5504 hac
1341 5467 1618 5517 tncnsma,
1663 5452 1816 5520 niger
1842 5463 1983 5508 esto.

409 5541 670 5596 Similiter
709 5544 786 5598 sis
837 5545 1015 5606 albus,
1074 5545 1278 5599 virtute
1328 5544 1573 5606 elucens,
1613 5545 1792 5597 lumen
1852 5545 1987 5598 veri-

409 5635 536 5686 tatis
561 5635 850 5702 cmittens,
883 5646 1038 5700 rupta
1081 5636 1248 5690 densa
1297 5635 1603 5706 hypocrisis
1633 5635 1866 5700 nebula;
1913 5635 1992 5691 sic

484 5807 936 5877 "Psalmnxm,
979 5813 1033 5865 Ξ.
1111 5812 1383 5879 "Cant.t,
1416 5814 1467 5866 4.

2099 4550 2270 4604 ματος
2300 4534 2586 4604 νύκτερον,
2615 4532 2643 4585 ὃ
2671 4534 2765 4586 καὶ
2797 4533 2831 4603 ἡ
2861 4532 2993 4602 πρὸς
3021 4531 3274 4602 αἴσθησιν
3294 4531 3684 4600 ἀναπαύσιμος

2093 4627 2191 4693 νὺξ
2225 4627 2600 4696 κεκλήρωται.

2164 4717 2272 4788 ηβν.
2321 4717 2594 4786 Τοιαύτης
2625 4714 2792 4786 οὔσης
2827 4717 2888 4769 ὲν
2935 4723 3021 4768 σοὶ
3058 4715 3396 4786 μελάνσεως,
3435 4714 3612 4784 ᾀδέτω
3651 4714 3680 4775 ἡ

2091 4811 2234 4863 κατά
2268 4811 2327 4863 σὲ
2356 4809 2573 4879 διαρτία
2597 4810 2656 4862 τὸ
2689 4829 2706 4860 ι
2735 4809 2984 4864 Μέλαινα
3009 4803 3151 4861 εῖναι
3183 4808 3277 4862 καὶ
3305 4807 3468 4876 καλή.
3501 4825 3522 4856 ι
3556 4806 3682 4857 Ἀλ-

2077 4899 2197 4963 ,λως
2232 4901 2341 4971 γὰρ
2369 4901 2428 4953 ού
2461 4898 2624 4951 καλὸν
2652 4899 2711 4951 τὸ
2748 4897 2920 4967 μέλαν
2955 4897 3167 4960 ἀπλῶς,
3194 4895 3308 4962 εἴγε
3342 4895 3440 4946 καὶ
3476 4893 3677 4963 νεκρῶ-

2082 4993 2232 5064 ,σεώς
2279 4994 2398 5044 ἐστι
2433 4989 2706 5057 σύμϐολον
2743 4990 2800 5041 ὲν
2854 4988 3136 5058 καχεξίαις
3177 4987 3549 5056 σωματικαῖς.
3599 4984 3680 5051 lli}

2081 5083 2282 5153 ¹μέντοι
2307 5083 2399 5135 καὶ
2432 5084 2562 5135 αὐτὸ
2594 5081 2758 5134 καλὸν
2784 5077 2924 5134 εἶναι
2957 5080 3233 5147 φαίνεται,
3262 5079 3314 5130 εί
3349 5094 3453 5129 που
3487 5076 3601 5146 ἔχει
3630 5092 3679 5126 τι

2094 5176 2481 5245 ἐπικόσμημα.
2505 5175 2870 5242 Σεμνύνονται
2895 5173 3026 5242 γοῦν
3056 5173 3149 5226 καὶ
3192 5174 3250 5225 ὲν
3281 5170 3454 5241 ἐρίοις
3484 5172 3678 5239 μελαν-

2097 5268 2289 5336 αυγέσι
2333 5269 2402 5319 τὰ
2455 5267 2664 5338 κοραξά
2706 5268 2804 5337 οὐχ
2855 5266 3066 5328 ἁπλῶς.
3101 5264 3240 5318 ἀλλὰ
3275 5263 3580 5333 παραθέσει
3615 5262 3675 5328 τῇ

2097 5361 2234 5430 πρὸς
2279 5361 2491 5426 ἑτεροῖα
2520 5359 2744 5429 μέλανα.
2779 5359 2891 5412 Καὶ
2921 5357 3063 5412 οὕτω
3091 5357 3189 5426 μὲν
3219 5357 3314 5409 καὶ
3345 5358 3404 5417 ἐς
3429 5355 3676 5407 τοτοῦτον

2096 5455 2250 5522 γίνου
2277 5451 2368 5504 τοῦ
2395 5451 2646 5521 μέλανος.
2671 5452 3058 5504 Διαλευκαίνου
3074 5450 3150 5514 δὲ,
3175 5449 3410 5516 λάμπων
3425 5449 3673 5514 ἀρεταῖς,

2099 5545 2194 5597 καὶ
2229 5541 2490 5610 ἀληθείας
2519 5543 2898 5596 ἀποῖισκεύων
2929 5541 3066 5610 φῶς,
3106 5543 3197 5593 καὶ
3227 5541 3287 5591 τὸ
3317 5541 3420 5608 τῆς
3453 5539 3677 5606 ὑποκρί·

2103 5633 2239 5699 σεως
2277 5634 2411 5704 βαθὺ
2443 5635 2600 5704 νέφος
2631 5637 2853 5705 ῥηγνὺς,
2887 5637 2979 5688 καὶ
3007 5632 3152 5688 οὕτω
3181 5633 3246 5686 λα
3256 5634 3437 5704 pit-pb;
3469 5629 3674 5685 ἐκεῖθεν
