3992 6240
422 368 519 433 301

424 574 586 643 quale
646 573 981 644 profundum
1045 577 1103 626 et
1155 575 1428 625 secretum
1501 566 1831 635 mysticum,
1885 558 2012 613 talis

425 667 734 735 spiritualis
756 664 975 735 albedo,
998 673 1058 719 ut
1083 676 1195 717 non
1217 662 1289 716 sit
1312 660 1572 721 obscura,
1594 665 1761 725 atque
1789 656 2014 723 ignaros

425 732 467 811 a-
504 765 653 810 recta
699 755 784 809 via
834 732 1140 808 declinans.
1200 749 1263 804 Et
1305 750 1513 804 utinam
1563 746 1715 802 velut
1757 743 2013 799 columna

429 849 571 917 ignis
613 847 815 917 fulgeat
838 860 945 900 nox
974 843 1293 899 monachica
1322 840 1388 895 ad
1412 839 1824 892 salvandoseos
1837 834 1928 904 qui
1951 833 2017 887 de

429 939 786 995 intellectuali
814 938 1049 1009 (Egypto
1075 936 1144 992 ad
1178 948 1379 991 terram
1405 929 1788 1002 promissionis
1814 928 2016 996 migra-

431 1033 588 1087 bunt.
656 1030 835 1086 Simili
880 1029 1042 1084 modo
1070 1027 1270 1082 nubem
1343 1024 1567 1078 induere
1621 1021 1866 1090 cogitans
1928 1017 2016 1071 ille

435 1140 667 1194 magnus
723 1138 914 1179 revera
964 1120 1295 1181 monachus,
1330 1133 1400 1172 ne
1451 1125 1711 1185 appareat
1742 1128 1876 1167 neve
1932 1110 2017 1164 vi-

434 1218 634 1272 deatur
691 1216 760 1271 ab
814 1213 1160 1274 hominibus,
1258 1225 1367 1265 nou
1451 1205 1779 1275 simpliciter
1844 1203 2016 1258 nubes

433 1309 738 1378 procellosa
790 1306 897 1361 erit
943 1314 1000 1358 et
1054 1303 1241 1367 uosia,
1298 1299 1393 1354 sed
1449 1297 1633 1351 lucida
1693 1294 1896 1357 nubes,
1958 1305 2018 1348 ut

433 1396 713 1450 scribitur.
736 1393 852 1459 Qua
878 1392 1234 1447 absconditus
1264 1389 1345 1445 sol
1374 1386 1593 1443 virtutis
1611 1399 1722 1439 non
1744 1383 2017 1452 extemplo

435 1486 685 1549 irradiat,
717 1484 813 1540 sed
858 1483 1015 1555 quasi
1060 1481 1373 1536 inhabitans
1404 1478 1502 1541 ibi,
1536 1487 1783 1545 tempore
1817 1490 2019 1546 oppor-

435 1584 594 1639 tuno,
630 1574 893 1644 fulgidum
927 1581 1095 1642 caput
1139 1558 1390 1636 inclinat,
1432 1589 1452 1623 ι
1477 1580 1736 1639 tanquam
1779 1582 2017 1634 sponsus

437 1669 666 1723 illustris
712 1666 1016 1738 procedens
1059 1665 1128 1722 de
1177 1666 1423 1719 thalamo
1464 1678 1565 1719 suo
1615 1663 1685 1729 ιθ,
1724 1682 1744 1714 ι
1790 1662 1859 1717 de
1906 1675 2016 1730 quo

437 1762 611 1815 imber
656 1760 845 1815 deﬂuit
893 1758 961 1813 ad
1014 1759 1247 1813 dandam
1273 1758 1441 1813 vitam
1493 1757 1749 1823 idoneus,
1779 1765 1838 1809 ut
1888 1752 2015 1809 talis

1094 357 1517 422 EUSTATHH
1556 346 2315 415 THESSALONICENSIS
2357 345 2410 404 Μ
2425 344 2516 402 ΕΤ
2528 338 2930 401 ΠΟΡΟΙᾹΤΕ
3400 404 3407 405 ί

425 483 633 546 μείονι
666 480 909 538 tenebrat
935 476 1077 546 eius,
1125 476 1201 530 ita
1255 481 1311 529 et
1339 472 1525 528 lumen
1569 470 1776 540 ejus",
1810 468 1862 522 id
1892 474 2001 530 est,

2123 465 2257 517 νοῐτο
2284 461 2353 516 ἂν
2385 459 2690 532 προσφυῶς
2734 458 2829 511 καὶ
2858 472 2921 508 το
2942 473 2955 486 ·
2995 472 3014 505 ι
3061 452 3149 514 Ὠς
3172 451 3233 503 τὸ
3278 446 3469 508 σκότος
3495 442 3701 546 pons-71:.

3590 309 3708 384 80$

2117 552 2262 609 οὕτω
2314 554 2412 607 καὶ
2441 553 2504 606 τὺ
2527 550 2645 621 φῶς
2693 549 2866 620 αὐτῆς
2888 562 2905 578 ο
2944 567 2964 598 ι
2998 543 3302 603 τουτέστιν,
3331 540 3408 602 ὡς
3458 536 3525 590 τὸ
3560 533 3703 604 βαθὺ

2117 649 2215 702 καὶ
2247 648 2527 718 μυστικῶς
2555 644 2812 717 κρύφιον,
2851 641 2997 695 οὕτω
3026 637 3124 692 καὶ
3153 635 3214 688 τὺ
3245 632 3452 703 νοερῶς
3481 627 3703 683 διάλευ-

2119 759 2215 795 κον
2238 756 2254 772 ο
2295 741 2385 794 ἵνα
2422 738 2498 809 μὴ
2538 736 2638 803 νὺξ
2670 736 2919 805 ἀφεγγὴς
2953 733 3063 801 εἴη,
3099 730 3195 805 καξι
3234 725 3408 786 οὕτως
3442 720 3705 776 ἀποπλα-

2117 832 2267 885 νῶσα
2292 831 2397 901 τῆς
2445 832 2616 902 ὀρθῆς
2644 829 2770 891 τοὺς
2809 827 2884 898 μὴ
2943 822 3202 894 εὐμαθῶς
3229 817 3403 886 αὐτῆς
3451 815 3699 884 ἔχοντας.

2118 924 2247 978 Εἴθε
2277 925 2334 978 δὲ
2364 924 2451 995 εἴη
2499 925 2597 978 καὶ
2637 921 2817 988 στύλῳ
2845 918 3020 989 πυρὸς
3042 913 3142 985 τὴν
3191 908 3497 982 μοναχικὴν
3525 904 3702 973 φωτί-

2119 1014 2309 1080 ζεσθαι
2340 1015 2531 1077 νύκτα,
2559 1014 2635 1077 ὡς
2660 1009 2993 1081 περισώζειν
3013 1010 3140 1069 τοὺς
3161 1005 3270 1059 ἀπὸ
3300 1002 3582 1071 Αἰγύπτου
3604 996 3701 1064 τῆς

2117 1108 2419 1179 νοουμένης
2447 1109 2527 1170 εἰς
2547 1107 2649 1174 τὴν
2682 1106 2782 1173 τῆς
2808 1091 3703 1179 ἐπαγγελίας,ἐπαναστρέψοντσς

2116 1176 2261 1267 γῆνξ
2276 1198 2436 1266 Λόγῳ
2472 1195 2533 1249 δὲ
2577 1194 2752 1264 ὁμοίῳ
2788 1190 2883 1246 καὶ
2913 1192 3075 1258 νέφος
3118 1182 3455 1267 ὑποδύεσθαι
3493 1176 3707 1244 λογιζέ-

2088 1332 2091 1333 ν
2121 1264 2282 1361 μενος
2315 1290 2344 1341 ὁ
2374 1264 2452 1360 τῷ
2477 1288 2593 1342 ὄντι
2627 1285 2942 1358 μεγαλοσχή
2953 1300 3094 1351 μων,
3119 1279 3195 1342 ὡς
3220 1264 3315 1330 ὲπῖ
3342 1271 3582 1343 ἀφανείᾳ
3611 1271 3705 1322 καὶ

2116 1382 2320 1454 κρύψει
2355 1384 2422 1451 τῇ
2447 1380 2593 1433 κατὰ
2624 1379 2857 1448 κόσμον,
2890 1376 2987 1443 οὐχ
3017 1372 3207 1433 ἁπλῶς
3236 1369 3391 1423 ἔσται
3428 1369 3592 1434 νέφος
3621 1364 3707 1414 ai-

2116 1473 2367 1544 γιδῶδες,
2410 1473 2506 1528 καὶ
2529 1471 2675 1525 οὕτω
2714 1468 3066 1542 φθοροποιὸν,
3097 1464 3237 1518 ἀλλὰ
3258 1460 3461 1531 νεφέλη
3498 1456 3709 1526 φαιδρὰ

2118 1565 2265 1622 κατὰ
2299 1566 2361 1620 τὸ
2412 1565 2805 1636 γραφόμενον·
2867 1564 2928 1615 ὲν
3057 1557 3443 1630 κρυπτόμενος
3494 1553 3527 1612 ό
3581 1547 3708 1602 κατ’

2117 1659 2320 1732 ἀρετὴν
2351 1659 2505 1730 ἥλιος
2535 1658 2637 1712 οὐκ
2668 1654 3083 1726 ἐξαφανίζεται,
3119 1650 3235 1705 ἀλλ’
3266 1648 3343 1709 ὡς
3371 1642 3486 1698 οἷον
3518 1645 3702 1698 οἱκουο

2121 1750 2294 1821 ρήσας
2330 1749 2470 1813 ἐκεῖ,
2507 1749 2568 1802 ἐν
2616 1744 2798 1816 καιρῷ
2827 1743 3084 1814 λαμπρὸς
3113 1739 3452 1811 προκύπτει,
3491 1753 3511 1786 ι
3541 1736 3705 1786 ὁποῖα

440 1853 741 1908 monachus
775 1867 808 1907 e
834 1851 990 1922 plebe
1009 1857 1063 1904 et
1093 1849 1421 1921 proceribus
1444 1856 1805 1904 consecratus
1837 1844 2014 1916 possit

2123 1813 2333 1909 ὲνῦοξος
2353 1840 2588 1911 νυμφίος
2617 1841 2682 1894 εκ
2704 1813 2914 1892 παστοῦ
2933 1813 3124 1889 αῦτοῦ’
3149 1852 3169 1886 ι
3192 1834 3287 1888 καὶ
3308 1831 3375 1884 δι’
3399 1826 3466 1901 ἧς
3494 1828 3703 1922 ὄμϐρος

440 1943 643 1997 imitari
710 1953 1000 1999 venturum
1056 1960 1077 1994 ι
1133 1957 1300 2013 super
1361 1940 1536 1997 nubes
1583 1954 1707 1995 cum
1746 1944 2016 2009 petestate

396 2106 399 2111 η
440 2050 635 2106 magna
678 2044 731 2090 et
758 2035 1047 2103 majestate
1083 2034 1152 2088 ³⁸.
1186 2052 1205 2086 ι

507 2306 599 2362 97.
646 2306 741 2360 llla
795 2304 965 2368 nube,
1010 2319 1108 2359 seu
1157 2307 1341 2373 potius
1376 2302 1572 2357 nebula
1604 2311 1817 2367 saucta,
1846 2300 2018 2370 Virgo

443 2399 804 2467 figurabatur,
840 2396 1003 2452 modo
1059 2397 1279 2464 quidem
1336 2397 1525 2464 utique
1577 2393 1889 2455 altissimo.
1923 2392 2019 2446 scd

438 2488 705 2559 gradatim
748 2486 1119 2556 prchortnanti
1145 2502 1328 2540 verum
1365 2485 1692 2540 monachum
1723 2483 1790 2538 ad
1822 2483 2018 2542 simili-

442 2580 686 2634 tudinem
728 2578 838 2633 Deo
885 2587 1195 2647 acceptam.
1232 2575 1349 2642 Sic,
1393 2583 1450 2631 et
1498 2576 1662 2647 etiam
1710 2576 1926 2637 melius.
1965 2575 2019 2631 in

441 2670 578 2724 urbe
634 2667 815 2736 magni
869 2666 1219 2721 Constantini
1274 2666 1465 2720 incolae
1527 2666 1726 2735 amplis
1777 2666 2022 2720 vestibus

443 2759 644 2823 induti,
678 2758 748 2815 ob
781 2756 1003 2813 easdem
1047 2758 1325 2820 rationes,
1382 2766 1440 2813 et
1470 2756 1651 2826 plures
1681 2765 1736 2809 et
1767 2755 2023 2810 meliores

439 2853 600 2918 alias,
636 2834 791 2921 nigro
813 2852 1001 2907 colore
1025 2861 1318 2915 ornantur,
1351 2851 1570 2919 nigrum
1601 2850 1705 2904 boc
1735 2850 2024 2919 spirituale

444 2940 699 3005 induunt,
749 2953 907 2994 sacra
960 2939 1050 2994 illa
1110 2939 1449 2995 obscuritate
1517 2953 1618 3008 pro
1660 2939 1874 3009 refugio
1918 2940 2023 2995 sibi

444 3041 781 3102 comparata.
806 3031 935 3098 Qui,
963 3046 996 3086 ο
1025 3034 1290 3090 monacbe
1326 3032 1473 3104 apud
1496 3048 1598 3088 nos
1626 3046 1846 3103 magne.
1883 3041 1938 3088 et
1966 3042 2025 3087 ut

2120 1936 2414 2007 ῥήγνυται,
2449 1932 2743 2001 ζωογονεῖν
2792 1931 3132 2001 δυνάμενοςο
3169 1926 3257 1980 ἵνα
3289 1923 3435 1977 οὕτω
3473 1921 3572 1974 καὶ
3606 1920 3706 1988 δή-

2119 2043 2244 2098 μιος
2265 2027 2361 2081 καὶ
2381 2024 2610 2084 δυνατὸς
2634 2021 3073 2092 ἀποτελούμενος
3099 2020 3130 2072 ὁ
3162 2016 3409 2078 τοιοῦτος
3438 2011 3703 2084 μοναχὸς,

2117 2118 2233 2190 ἔχοι
2262 2116 2552 2189 μιμεῖσθαι
2586 2115 2679 2169 τὸν
2717 2114 2812 2167 ἐπὶ
2859 2112 3097 2180 νεφέλης
3144 2106 3513 2176 ἐλευσόμενον
3539 2120 3706 2171 τερα-

2119 2211 2284 2273 στίως
2317 2196 2473 2277 μετὰί
2488 2207 2778 2276 δυνάμεως
2809 2204 2906 2257 καὶ
2938 2202 3101 2271 δόξης
3128 2199 3358 2268 πολλῆς.
3396 2210 3397 2213 ‘

2190 2300 2296 2370 QC.
2324 2300 2568 2370 Τοιούτῳ
2593 2300 2771 2364 νέφει,
2801 2293 3164 2365 καιριώτερον
3191 2290 3247 2343 δὲ
3276 2288 3483 2362 νεφέλῃ
3513 2287 3706 2356 φάναι,

2120 2394 2217 2448 καὶ
2261 2395 2296 2463 ἡ
2343 2393 2623 2458 πάναγνος
2679 2387 2958 2458 Παρθένος
3006 2382 3343 2438 ἀπείκασται
3371 2397 3383 2412 ·
3420 2382 3570 2451 λόγῳ
3607 2379 3709 2447 μὲν

2121 2483 2298 2547 ἄλλως
2324 2481 2666 2551 ὑψηλοτάτῳ,
2701 2475 3028 2550 ῥυθμίζοντι
3054 2473 3114 2528 δὲ
3139 2473 3232 2526 τὸν
3265 2472 3437 2535 ὅντως
3469 2471 3708 2541 μοναχὸν

2123 2579 2203 2640 είς
2240 2576 2541 2646 ὁμοιότητα
2591 2571 2710 2641 Θεῷ
2757 2569 3129 2638 ἀρέσκουσαν.
3170 2563 3329 2618 Οὕτω
3379 2564 3476 2617 καὶ
3534 2562 3707 2615 εἰσέτι

2126 2669 2335 2740 βέλτιον
2367 2669 2415 2720 oi
2444 2668 2543 2737 τῆς
2572 2664 2667 2718 τοῦ
2709 2663 2950 2733 μεγάλου
2980 2659 3403 2714 Κωνσταντίνου
3437 2660 3704 2731 τρόφιμοι

2127 2760 2635 2833 μεγαλοσχήμονες.
2669 2757 2781 2817 καὶ,
2801 2755 2897 2808 ἐπὶ
2925 2753 3194 2815 τοιούτοις
3244 2750 3448 2819 λόγοις,
3496 2752 3590 2803 καὶ
3621 2750 3703 2801 ἐτι

2126 2852 2339 2906 πλείοσι
2374 2853 2471 2905 καὶ
2530 2850 2832 2920 κρείττοσι,
2876 2849 2942 2916 τῇ
2998 2846 3144 2900 κατὰ
3176 2844 3441 2915 μελανίαν
3497 2841 3702 2911 χρὼσει

2125 2944 2509 3003 καλλύνονται,
2542 2943 2639 2996 καὶ
2667 2941 3005 3010 παράσημον
3035 2937 3173 2991 αὐτὸ
3199 2925 3578 3004 πνευματικὸν
3602 2947 3705 2985 πε-

2130 3037 2419 3106 ρίκεινται,
2456 3035 2552 3086 καὶ
2578 3031 2724 3085 οὕτω
2758 3032 2950 3092 σκότος
2999 3029 3144 3098 ἱερὸν
3176 3026 3337 3079 τοῦτο
3369 3023 3704 3093 ἀποκρυφὴν

446 3126 677 3194 teipsum
708 3124 941 3181 libenter
973 3128 1223 3182 nominas
1246 3163 1264 3190 ,
1302 3140 1499 3196 magna
1565 3140 1836 3194 persona.
1895 3140 2017 3180 cum

2126 3130 2341 3190 ἑαυτοῖς
2372 3126 2616 3179 τίθενται
2637 3141 2652 3158 ο
2696 3124 2786 3191 ὑφ’
2815 3118 2891 3179 ὧν
2930 3123 3071 3192 τάχα
3100 3122 3168 3174 ἂν
3203 3118 3624 3187 ὀνειδιζόμενος,
3654 3109 3702 3169 ὦ

443 3218 821 3288 increpatione
848 3227 901 3275 te
933 3220 1088 3289 plura
1124 3230 1180 3275 et
1213 3219 1547 3288 sapientiora
1578 3220 1859 3284 docerent,
1906 3219 2016 3274 sci-

442 3311 571 3365 licet
595 3321 647 3367 tc
677 3312 877 3368 nubem
916 3311 1162 3368 futurum
1196 3313 1453 3368 athereis
1504 3312 1747 3369 tenebris
1780 3312 2019 3365 circum—

445 3400 620 3453 fusam
639 3416 656 3465 ;
673 3401 717 3454 si
736 3416 864 3455 vero
886 3417 994 3456 non
1017 3400 1254 3456 lucidam
1273 3410 1328 3456 et
1354 3401 1784 3457 abscondentcm
1803 3402 2013 3465 lutncn,

444 3486 493 3542 si
531 3503 637 3542 uou
701 3489 1089 3559 fulgurantem,
1145 3492 1337 3548 saltem
1378 3506 1553 3563 aquas
1618 3492 2016 3564 parturientem

445 3578 647 3646 quibus
701 3580 961 3651 irrigatur
1011 3593 1158 3638 terra
1202 3598 1312 3638 non
1363 3582 1524 3638 modo
1570 3583 1870 3651 sensibilis,
1920 3584 2015 3639 sed

442 3669 610 3723 etiam
640 3670 1046 3735 intellectualis,
1074 3673 1236 3728 homo
1268 3674 1498 3739 scilicet,
1534 3683 1592 3728 ut
1622 3677 1674 3730 iu
1707 3684 1762 3730 te
1787 3675 2016 3745 implea-

450 3762 773 3816 turtbeoria
822 3778 978 3832 aquae
1035 3764 1089 3819 in
1141 3765 1396 3821 tetbcreis
1427 3766 1641 3841 nebulis
1677 3767 2013 3839 caliginosw.

445 3851 657 3909 Poteris
695 3853 841 3909 enim
878 3862 932 3910 et
982 3864 1038 3911 tu
1090 3863 1291 3913 terram
1323 3856 1688 3922 madefacere,
1738 3866 1798 3913 ut
1846 3858 2020 3914 Thcs-

443 3942 610 4004 bites.
637 3959 737 4015 pro
768 3943 882 4000 Deo
911 3946 1002 4015 qui
1031 3945 1085 3999 iu
1118 3946 1257 4002 caelo
1288 3957 1342 4001 et
1379 3949 1432 4000 in
1465 3956 1610 4004 terra
1643 3947 1831 4002 omnia
1867 3948 2016 4015 fecit,

445 4052 783 4107 quaecunque
840 4037 992 4103 vult.
1074 4049 1128 4093 ct
1183 4038 1277 4093 dat
1337 4040 1454 4094 suis
1519 4039 1769 4096 fidelibus
1825 4042 2014 4098 eadem

444 4141 725 4200 peragere.

705 4287 726 4318 Ι

512 4420 603 4476 98.
656 4418 732 4473 'l‘e
800 4418 1078 4472 docebunt
1148 4417 1312 4470 etiam
1379 4417 1816 4489 Megalopolitani
1908 4434 2017 4474 non

2121 3222 2181 3274 ὲν
2213 3219 2348 3291 ἡμῖν
2381 3215 2641 3288 μεγαλείε
2678 3217 2902 3287 μοναχὲ,
2931 3215 3029 3270 καὶ
3051 3214 3126 3278 ὡς
3158 3213 3318 3277 αὐτὸς
3346 3213 3562 3283 χαίρεις
3587 3212 3707 3265 ὀνο·

2124 3312 2316 3384 μάζιον
2346 3311 2599 3376 σεαυτὸν,
2654 3310 2803 3376 μέγα
2848 3307 3172 3378 πρόσωπον,
3210 3304 3470 3366 ὰκούσοις
3506 3303 3576 3357 ἂν
3619 3303 3703 3365 εἰς

2120 3400 2297 3455 πλείω
2349 3399 2445 3452 καὶ
2498 3399 2843 3467 σαφεστέραν
2898 3396 3161 3468 μάθησιν,
3209 3397 3293 3450 ὅτι
3347 3394 3550 3462 νεφέλη
3600 3394 3705 3465 μὲν

2119 3491 2425 3558 ὲξὰπαντος
2482 3489 2772 3552 εἰκονικῶς
2835 3489 2934 3560 ἔσῃ
2998 3488 3447 3560 περισεὸλημένη
3503 3486 3704 3549 σκότος

2119 3585 2305 3655 ἀέριον
2331 3602 2344 3614 ·
2377 3583 2473 3636 ἐὰν
2498 3582 2555 3636 δὲ
2592 3583 2669 3652 μὴ
2699 3581 2928 3650 φαιδρὰ,
2960 3582 3058 3635 καὶ
3084 3581 3199 3652 φῶς
3230 3579 3579 3650 κρύπτουσα,
3608 3579 3708 3633 καὶ

2121 3677 2624 3740 ἑκτινάσσουσαεὶς
2652 3675 2890 3747 λάμψιν,
2914 3675 3055 3737 τέως
3076 3674 3211 3742 γοῦν
3233 3675 3378 3743 ὕδωρ
3404 3673 3703 3737 ὠδίνουσα,

2116 3770 2186 3822 δι’
2217 3761 2279 3824 οὗ
2309 3769 2589 3822 πιαίνεται
2616 3769 2711 3836 γῆ,
2738 3768 2802 3821 οὐ
2839 3767 3004 3838 μόνον
3032 3768 3067 3838 ἠ
3093 3765 3352 3835 αἰσθητὴ,
3381 3764 3519 3817 ἀλλὰ
3549 3765 3649 3817 καὶ
3671 3763 3707 3833 ἡ

2119 3867 2388 3933 νοουμένη
2422 3862 2546 3917 κατ’
2588 3862 2911 3930 ἄνθρωπονο
2948 3862 3025 3925 ὠς
3063 3863 3133 3917 ἂν
3180 3861 3571 3930 παρακολουθῇ
3610 3861 3710 3913 καὶ

2121 3956 2208 4007 σοὶ
2257 3955 2463 4025 θεωρία
2516 3956 2798 4009 σκοτεινοῦ
2848 3954 3043 4018 ὓδατος
3073 3957 3133 4007 ιν
3178 3956 3439 4022 νεφέλαις
3496 3956 3707 4024 ἀέρων.

2125 4047 2322 4099 Ἔσται
2355 4046 2463 4117 γὰρ
2497 4049 2594 4100 καὶ
2622 4048 2706 4101 σοὶ
2739 4046 3083 4119 καταϐρέξαι
3118 4045 3260 4116 ὑετῷ
3285 4047 3387 4117 τὴν
3420 4048 3526 4115 γῆν
3558 4047 3709 4100 κατὰ

2119 4138 2214 4197 τὸν
2240 4137 2513 4206 Θεσϐίτην
2548 4138 2696 4209 λόγῳ
2729 4138 2888 4203 Θεοῦ,
2943 4138 3002 4201 ὃς
3040 4140 3100 4192 ἰν
3138 4136 3217 4208 τῷ
3247 4137 3469 4207 οὐρανῷ
3519 4138 3619 4190 καὶ
3649 4140 3710 4190 ἐν

2123 4231 2190 4299 τῇ
2220 4231 2291 4299 γῇ
2331 4229 2503 4282 ποιῶν
2527 4230 2732 4294 πάντα,
2760 4230 2863 4284 ὅσα
2890 4229 3092 4294 ἐθέλει,
3125 4229 3313 4284 δίδωσι
3340 4231 3437 4283 καὶ
3465 4234 3583 4295 τοῖς
3606 4232 3709 4285 αὑ·-

2114 4321 2218 4381 ,τοῦ
2254 4322 2625 4392 θεραπευταῖς
2664 4326 2843 4379 ¹ποιεῖν
2873 4324 3060 4391 ὃμοια.

2196 4413 2305 4480 ιιη’.
2342 4412 2467 4464 Ἔτι
2505 4411 2785 4478 διδάξουσι
2821 4430 2880 4466 σε
2913 4415 2963 4467 οἱ
3011 4414 3466 4480 Μεγαλοπολῖται
3494 4418 3592 4470 καὶ
3620 4406 3709 4472 ὅτι

444 4520 628 4566 mento
656 4508 888 4575 occulta,
920 4507 1324 4573 dissimulante,
1376 4510 1524 4565 intus
1551 4510 1734 4564 abdita
1788 4523 1843 4565 et
1891 4510 2017 4568 abs-

2123 4504 2184 4557 οὐ
2209 4504 2349 4557 κατὰ
2375 4504 2435 4556 τὸ
2456 4505 2691 4574 κρύφιον
2715 4505 2815 4573 τῆς
2838 4504 3041 4575 ψυχῆς,
3060 4508 3157 4559 καὶ
3184 4507 3705 4579 βυσσοδομευτικδν,

448 4612 622 4667 trusa,
662 4600 894 4669 ideoque
927 4601 1237 4661 tenebrosa,
1253 4600 1514 4656 invisibili
1527 4610 1581 4657 et
1599 4602 2021 4667 incomprehen-

448 4691 619 4751 sibili,
671 4700 725 4746 te
773 4690 984 4746 nebulae
1024 4689 1197 4747 fuisse
1249 4703 1672 4762 comparatum;
1720 4708 1855 4749 sane
1887 4709 2018 4749 vero

450 4781 653 4837 virtute
682 4796 816 4861 [quae
843 4782 1067 4852 plausus
1105 4799 1214 4840 non
1260 4785 1512 4854 requirit,
1541 4794 1596 4840 et
1622 4800 1728 4840 non
1754 4795 2016 4856 apparet;

449 4874 542 4928 lux
574 4889 696 4929 vera
723 4887 845 4929 esse
871 4874 1061 4941 debes,
1088 4877 1366 4933 etcircum
1385 4883 1439 4932 te
1467 4877 1561 4931 tali
1594 4877 1756 4932 modo
1781 4876 2020 4932 abscon-

446 4965 617 5028 deris,
648 4966 817 5020 instar
851 4964 967 5030 Dei,
997 4982 1158 5036 quem
1191 4966 1536 5023 circumdant
1558 4966 1769 5022 nebula
1793 4976 1847 5022 et
1878 4975 2018 5021 tem-

448 5066 708 5128 pestates.
758 5055 878 5113 Non
920 5074 1050 5128 ergo
1083 5058 1404 5128 simpliciter
1451 5058 1700 5114 occultus
1738 5059 1872 5124 eris,
1918 5059 2015 5129 scd

446 5159 499 5205 te
539 5151 760 5220 cingent
783 5150 983 5220 aliqua:
1023 5152 1281 5213 tenebrae,
1317 5149 1636 5218 obtegentes
1687 5150 1869 5204 lumen
1904 5151 2017 5204 vir-

445 5245 598 5312 tutis,
629 5243 775 5315 quod
813 5243 1218 5300 dissimulatum
1252 5240 1491 5312 prodibit
1514 5250 1717 5306 tamen,
1749 5244 2017 5313 aliterque

447 5337 751 5408 apparebit,
784 5344 839 5393 te
870 5336 1063 5400 invito,
1094 5334 1237 5389 sicut
1267 5332 1464 5389 lucidis
1510 5333 1853 5401 lampadibus
1882 5350 2017 5390 con-

447 5430 628 5498 tingit.
665 5428 817 5482 Talia
864 5428 1069 5483 lumina
1119 5425 1297 5495 diligit
1326 5422 1486 5479 Pater
1537 5425 1805 5478 luminum
1846 5424 2012 5491 Deus,

449 5520 659 5575 scilicet
700 5521 846 5575 bona
895 5534 1102 5589 opera,
1150 5533 1385 5588 quorum
1424 5518 1562 5572 ecbo
1603 5517 1751 5573 velut
1792 5533 2014 5587 percre-

2120 4598 2217 4650 καὶ
2263 4597 2585 4668 ὲνδόμυχον,
2627 4599 2729 4653 καὶ
2757 4598 3015 4661 ὓπουλον,
3045 4601 3144 4652 καὶ
3191 4600 3336 4653 οὕτω
3391 4604 3700 4667 σκοτεινδν,

2122 4689 2220 4741 καὶ
2251 4688 2512 4760 ἀόρατον,
2550 4690 2652 4743 καλ⁸
2708 4692 3087 4761 ἀκατανόητον
3135 4692 3516 4764 ἑξομοιωθήοτι
3565 4696 3707 4766 πρὸς

2122 4781 2377 4851 νεφέλην,
2419 4781 2557 4835 ἀλλὰ
2600 4782 2746 4836 κατὰ
2788 4781 2851 4835 τδ
2899 4781 3334 4853 ἀθριὰμὸευτον,
3374 4787 3475 4838 καὶ
3524 4785 3705 4846 οὕτως

2122 4872 2463 4940 ἀνέκφαντον
2492 4872 2590 4944 τῆς
2623 4874 2683 4927 ὲν
2722 4875 2808 4928 σοὶ
2862 4875 3100 4946 ἀρετῆς·
3139 4875 3282 4929 ὥστε
3318 4876 3384 4928 σὺ
3432 4877 3535 4948 μὲν
3585 4877 3707 4946 φῶς

2124 4965 2453 5037 αὐτόχρημα
2473 4966 2715 5034 ὀφείλεις
2744 4963 2910 5030 εἶναι,
2936 4971 3066 5039 περὶ
3088 4970 3146 5023 δέ
3165 4986 3224 5022 σε
3247 4969 3453 5040 κρύψις
3475 4971 3705 5040 τοιαύτη

2124 5056 2282 5111 ἔσται
2315 5059 2549 5128 μιμήσει
2579 5057 2718 5112 Θεοῦ
2740 5075 2754 5089 ·
2788 5052 2849 5112 οὗ
2896 5059 3086 5129 κύκλῳ
3116 5064 3316 5130 νεφέλη
3358 5064 3453 5113 καὶ
3478 5064 3704 5130 γνόφος.

2125 5150 2341 5204 Οὐκοῦν
2371 5150 2432 5203 ού
2463 5151 2740 5213 σκοτεινὸς
2768 5149 2871 5222 ἔσῃ
2903 5150 3118 5216 ἁπλῶς,
3158 5152 3295 5205 ἀλλὰ
3334 5152 3614 5206 κυκλώσει
3642 5169 3704 5205 σε

2125 5242 2186 5298 τὸ
2220 5241 2482 5309 ζοφῶδες,
2518 5242 2937 5313 ὲπικρύπτοντα
2984 5244 3046 5296 τὸ
3086 5244 3208 5296 κατ’
3238 5237 3445 5314 ἀρετὴν
3485 5244 3605 5313 φῶς
3627 5259 3646 5274 ο
3671 5242 3703 5295 8

2126 5334 2221 5386 καὶ
2250 5335 2635 5404 κρυπτόμενον
2658 5335 2810 5403 ὅμως
2842 5335 3230 5405 ὲκδραμεῑται,
3275 5336 3457 5399 ἄλλως
3488 5339 3697 5404 φαῖνον,

2125 5423 2223 5476 καὶ
2259 5426 2352 5477 σοῦ
2387 5424 2462 5494 μὴ
2494 5424 2743 5489 θέλοντος
2762 5443 2777 5459 ·
2800 5427 2989 5479 ὁποῖόν
3007 5444 3063 5480 τι
3085 5427 3181 5480 καὶ
3211 5426 3343 5497 περὶ
3374 5428 3446 5481 τὰ
3470 5429 3702 5499 λαμπρὰ

2125 5518 2295 5588 φανία
2345 5518 2581 5584 γίνεται.
2617 5519 2861 5574 Τοιαῦτα
2914 5520 3068 5588 φῶτα
3110 5518 3259 5587 φιλεῖ
3294 5519 3323 5570 ό
3360 5521 3547 5588 πατὴρ
3594 5518 3701 5572 τῶν

448 5625 583 5679 pans
606 5613 814 5667 tonitru
866 5613 1024 5682 longe
1046 5619 1296 5678 resonat;
1326 5624 1559 5685 quorum
1588 5609 1769 5681 fulgor
1799 5609 2015 5666 videtur

2123 5613 2319 5680 φώτων
2346 5611 2499 5677 Θεὸς,
2535 5612 2721 5682 ἀγαθὰ
2758 5612 3007 5684 δηλονότι
3039 5611 3176 5683 ἔργα
3199 5605 3323 5668 ίῶν
3366 5614 3396 5666 ό
3430 5607 3565 5683 ἦχος
3596 5612 3697 5664 ὅσα

519 5786 1012 5856 ’Ῥεολοιιχχτιιῃ
1056 5789 1141 5845 12.
1218 5791 1264 5822 ’⁸
1297 5789 1441 5847 Psal.
1478 5805 1633 5857 xvut,
1668 5791 1720 5844 6.
1800 5790 1842 5821 ’ί
1884 5790 2015 5844 Luc.
2058 5805 2175 5858 nt,
2208 5789 2300 5847 27.
