3992 6240
248 225 355 290 809

1180 237 1276 298 DE
1315 239 1794 306 DANDA
1831 248 2010 311 VITA
2049 257 2518 324 MONACHICA;

3420 272 3525 339 8ἶο

249 345 350 398 καὶ
383 344 588 417 βροντὴ
637 349 986 422 τρανεστάτη
1044 356 1266 424 μακρὰν
1320 357 1638 428 ἐξηγεῖται·
1676 356 1752 418 ὧν
1806 365 1830 433 ἡ

1945 372 1998 426 in
2043 382 2210 440 terra,
2249 394 2436 434 coram
2476 379 2796 438 hominibus
2821 382 3144 454 refulgens;
3176 400 3524 458 quorumth

249 440 512 512 ἀστραπὴ
534 443 722 510 φαίνει
751 447 819 515 τῇ
842 447 1167 518 οἰκουμένῃ,
1190 448 1488 518 λάμπουσα
1517 453 1836 524 ἔμπροσθεν

245 533 361 586 τῶν
397 535 709 604 ἀνθρώπων
735 549 751 568 ⁶
783 529 858 589 ὧν
895 537 928 608 ἡ
966 539 1104 608 ὀδμὴ
1135 541 1198 593 ού
1253 541 1400 596 θείου
1437 545 1573 609 ὄζει,
1610 546 1726 599 ἀλλ’
1755 548 1836 611 είς

250 627 489 696 οὐρανὸν
520 628 685 682 αὐτὸν
720 628 932 699 εὐώδης
960 631 1270 688 ἀναϐαίνει.
1589 697 1592 700 ,

322 717 429 786 ιϐ’.
469 720 712 789 Τοιούτῳ
756 721 888 788 γοῦν
927 722 1117 792 λάμπε
1151 725 1310 793 φωτί.
1348 730 1457 782 Καὶ
1499 729 1835 799 δραμοῦνται

251 814 457 874 πάντες
488 813 581 866 ἐπὶ
637 815 718 880 σὲ,
751 816 847 867 καὶ
888 817 1158 884 ἀνάψουσι
1191 821 1288 872 καὶ
1325 821 1478 874 αὐτοὶ
1527 823 1834 893 μεταλήψει

250 905 318 971 τῇ
379 904 488 955 ἀπὸ
544 904 636 956 σού
674 905 830 973 φῶτα
876 907 1062 973 ὅμοια.
1116 910 1228 963 Καί
1287 928 1405 973 πως
1457 912 1833 982 ἁμιλλώμενοι

249 990 558 1060 λαμπάδων
617 993 806 1060 ἀγῶνα
856 997 1046 1050 τοῦτον
1096 999 1378 1053 τελέσουσι
1427 1003 1517 1054 διὰ
1574 1001 1704 1069 σοῦ,
1753 1005 1834 1076 τῷ

250 1087 421 1136 παντὶ
462 1088 796 1156 σεμνότερον
832 1087 926 1142 τοῦ
956 1090 1014 1141 ὲν
1046 1093 1158 1154 τοίς
1201 1092 1368 1146 πάλαι
1417 1095 1828 1165 ίστορουμένσυ.

255 1177 399 1245 ’Πδη
425 1177 482 1230 δὲ
517 1179 611 1231 καὶ
641 1180 784 1250 ὑπὲρ
816 1181 882 1234 τὰ
906 1183 1014 1235 τῶν
1036 1184 1399 1255 Νικομηδέων
1429 1187 1584 1255 φῶτα
1615 1190 1675 1240 ἐν
1701 1192 1836 1244 ἀκα-

254 1272 342 1338 ρεῖ
379 1272 653 1342 πολλαχοῦ
687 1276 791 1342 γῆς
835 1273 933 1344 τὴν
971 1277 1030 1328 ἐν
1077 1279 1159 1331 σοὶ
1188 1278 1384 1344 δείξεις
1428 1281 1832 1349 φωτοφάνειαν.

251 1364 505 1431 Λάμπων
539 1365 726 1433 μέντοι
760 1365 1018 1419 σύστελλε
1052 1368 1112 1421 τὸ
1136 1369 1327 1440 ἄγριον
1351 1372 1621 1441 πυρῶδες,
1653 1373 1722 1426 δι’
1742 1367 1833 1428 οὖ-

251 1473 362 1523 περ
409 1456 467 1508 αἱ
510 1457 716 1522 φαῦλαι
749 1457 995 1524 νεφέλαι,
1033 1460 1080 1510 οἱ
1127 1460 1293 1515 δεινοὶ
1333 1462 1582 1532 μοναχοὶ,
1626 1463 1686 1514 rb
1727 1481 1833 1515 πα-

247 1546 528 1614 ραπῖπτον
553 1549 1014 1616 καταφλέγουσιν,
1040 1550 1114 1616 ὡς
1142 1553 1419 1623 ἄγρωστις
1442 1555 1578 1623 ξηρὰ
1613 1555 1831 1626 βρωθή-

247 1652 402 1688 σεται
433 1639 574 1691 κατὰ
610 1640 702 1692 τὸν
754 1640 911 1708 ἅγιον
946 1641 1174 1720 ᾚσαῖαν
1223 1643 1326 1696 ὑπὸ
1368 1646 1576 1715 πυρός’
1627 1645 1717 1698 ἔσο
1772 1647 1829 1700 δὲ

243 1730 532 1798 ταμιεύων
574 1732 705 1785 αὐτὸ
740 1733 890 1795 ὕλαις
920 1734 1102 1799 ἀξίαις
1131 1735 1380 1801 καύσεως
1406 1737 1822 1808 ὲπιτιμητικῆς,

243 1821 439 1883 ὁποίας
476 1823 681 1885 πολλὰς
710 1826 737 1876 ὀ
771 1825 956 1888 ύλαῑος
985 1827 1222 1895 ἀναφύει
1251 1828 1388 1898 βίος.

323 1921 392 1980 ρ’.
424 1915 676 1969 Συνελείν
707 1917 816 1988 γὰρ
844 1919 904 1970 τὸ
950 1921 1060 1973 πᾶν
1099 1922 1158 1974 ὲν
1211 1921 1538 1992 βραχυτάτῳ
1560 1939 1575 1952 ·
1631 1924 1830 1996 νεφέλῃ

246 2005 431 2072 φωτὸς
465 2007 703 2078 ὀφείλεις
749 2008 1091 2074 εἰκάζεσθαι,
1125 2012 1185 2065 ού
1228 2013 1337 2084 μὴν
1380 2013 1828 2086 ὲκπυρηνιζούσῃ

247 2103 574 2168 κεραυνοὺς,
607 2104 790 2157 ὁποῖόν
834 2123 886 2156 τι
921 2107 1314 2176 κεραυνοϐόλον
1346 2107 1599 2174 φαίνεται
1646 2109 1827 2176 νέφος,

247 2195 347 2246 καὶ
376 2195 403 2244 ὁ
437 2195 511 2262 μὴ
541 2195 845 2258 Δαυῐτικῶς
874 2198 1240 2268 ἐναδολεσχῶν
1261 2201 1317 2252 ὲν
1352 2200 1463 2263 τοῖς
1493 2199 1588 2254 τοῦ
1620 2202 1828 2272 Κυρίου

246 2285 634 2354 δικαιώμασιν,
684 2287 822 2341 ἀλλὰ
883 2289 1289 2360 καταφλυαρῶν
1330 2290 1675 2362 βλασφήμως
1738 2295 1832 2347 καὶ

247 2378 538 2444 διαὸόλως,
575 2372 650 2432 ὦν
681 2379 749 2431 ἂν
781 2380 1050 2449 βούλοιτο,
1092 2383 1188 2436 καὶ
1215 2382 1393 2446 οὕτως
1430 2385 1616 2454 ἀφιείς
1657 2386 1832 2455 χάλα-

249 2468 354 2532 ζαν
386 2471 482 2522 καὶ
514 2473 683 2541 πυρὸς
708 2472 1017 2544 ἄνθρακας,
1046 2474 1342 2545 ψαλμικῶς
1370 2478 1547 2531 εἰπεῖν
1578 2478 1646 2531 δι’
1673 2474 1748 2533 ὧν
1774 2480 1834 2532 τὸ

247 2563 345 2617 τοῦ
378 2565 674 2633 πυρόεντος
698 2566 872 2637 θυμοῦ
897 2571 1333 2640 σκιαγραφεῖται
1360 2573 1703 2643 νεκροποιόν.
1731 2573 1834 2627 Οὗ-

249 2671 358 2718 τως
381 2657 414 2725 ἠ
448 2656 557 2726 ἐμὴ
589 2658 754 2712 πάλαι
787 2661 939 2722 πόλις
972 2662 1073 2730 τὴν
1107 2664 1414 2735 μοναχικὴν
1449 2665 1835 2738 μελαμφορίαν

254 2753 517 2815 σεμνυνεῑ
574 2750 1175 2823 φιλενδεικτικώτερον.
1223 2754 1437 2818 Ἀλλως
1499 2757 1682 2824 μέντοι
1734 2760 1836 2812 οὐκ

254 2838 651 2911 ἀπηκρίϐωται
707 2843 768 2896 τὸ
819 2844 989 2913 μέλαν
1028 2845 1228 2917 χρῶμα
1287 2848 1673 2919 προκαθῆσθαι
1725 2851 1836 2904 τῶν

251 2930 429 2985 ἄλλων
491 2933 812 3005 ὑπερφυῶς,
869 2937 917 2989 εί
976 2936 1038 2990 τὸ
1094 2937 1190 2991 τοῦ
1247 2940 1611 2995 ἁποστολικοῦ
1671 2942 1838 3013 ἤθους

1941 465 2078 520 odor
2119 484 2224 522 non
2265 471 2496 539 sulphur
2526 472 2660 540 olet,
2693 476 2790 531 sed
2815 491 2940 530 cum
2969 476 3268 549 fragrantia
3315 481 3382 536 ad
3414 498 3527 537 co}-

1941 559 2048 612 Ium
2091 561 2266 629 ipsum
2301 566 2570 620 ascendit.

2009 740 2096 796 99.
2131 741 2246 796 llac
2279 743 2444 811 igitur
2481 746 2601 800 luce
2635 747 2862 816 refulge.
2893 746 3049 803 Tune
3102 764 3296 803 omnes
3358 751 3422 804 ad
3474 759 3526 804 te

1939 845 2292 898 concurrent,
2333 836 2646 906 similiaque
2703 840 2910 894 Iumina
2944 840 3042 894 abs
3087 851 3136 896 te
3207 851 3527 896 mutuantes

1938 929 2264 993 accendent,
2298 939 2376 992 et,
2407 930 2563 998 quasi
2598 932 2808 1000 agmine
2843 930 3007 996 facto,
3037 934 3184 986 illam
3210 935 3522 1003 lampadnm

1939 1036 2172 1090 pugnam
2223 1022 2393 1074 altera
2446 1022 2748 1090 antiquitus
2810 1024 3007 1078 tradita
3046 1026 3397 1080 illustriorem
3431 1042 3526 1094 [ιι-ι’

1939 1122 1991 1166 te
2019 1113 2332 1168 conficient.
2375 1114 2496 1168 Mox
2539 1130 2704 1182 super
2739 1114 3176 1171 Nicomediensia
3205 1118 3433 1179 lumina,
3470 1121 3523 1172 in

1937 1204 2049 1259 ictu
2080 1205 2246 1270 oculi,
2283 1205 2486 1276 ubique
2509 1215 2781 1261 terrarum
2808 1207 2983 1259 lucem
3021 1216 3168 1260 tuam
3204 1209 3520 1278 patefacics.

1935 1297 2192 1352 Attamen
2247 1314 2370 1352 cum
2429 1297 2686 1366 fulgebis,
2753 1313 2956 1351 saevum
3009 1299 3188 1366 ignem
3220 1304 3523 1368 comprime

1936 1405 2045 1458 quo
2075 1379 2248 1446 nubes
2272 1406 2479 1456 vacuae,
2518 1390 2800 1444 metuendi
2835 1391 3092 1444 monachi
3125 1392 3389 1460 quidquid
3429 1408 3520 1446 oc-

1936 1482 2110 1536 currit
2128 1481 2518 1544 incendunt,et
2548 1481 2671 1550 igne
2689 1479 3038 1535 comburitur
3070 1497 3294 1549 gramen
3319 1482 3524 1536 siccum

1936 1573 2237 1631 secundum
2282 1583 2536 1628 sanctum
2580 1574 2797 1628 Isaiam.
2829 1571 2987 1628 lluuc
3042 1573 3222 1643 ignem
3253 1573 3376 1628 fove
3400 1589 3523 1626 ma-

1938 1669 2072 1720 teria
2101 1666 2563 1722 eoudemnatione
2600 1675 2655 1719 et
2713 1667 3055 1720 crrmatioue
3083 1665 3272 1736 digna,
3304 1664 3521 1734 qualem

1934 1757 2165 1810 multam
2205 1754 2363 1809 affert
2392 1756 2502 1808 vita
2539 1756 2868 1810 matet‘iulis.

2005 1934 2128 1990 100.
2181 1933 2300 1989 Jam
2352 1949 2478 1988 vero
2542 1934 2865 1988 brevissime
2946 1948 3056 1986 rem
3107 1932 3521 1987 concludamus.

1934 2029 2154 2084 Lucida:
2192 2029 2327 2084 nubi
2358 2027 2523 2082 debes
2577 2026 2896 2091 assimilari,
2927 2009 3035 2081 non
3070 2035 3251 2078 autent
3305 2024 3522 2077 fulmini

1931 2123 2268 2187 coruscanti,
2321 2130 2379 2175 ut
2414 2131 2680 2191 apparent
2745 2121 2918 2174 nubes
2975 2118 3182 2172 fulmen
3225 2118 3520 2188 jacicntcs,

1931 2228 1986 2272 et
2034 2217 2200 2270 homo
2238 2215 2331 2284 qui
2364 2230 2468 2269 non
2531 2213 2663 2266 dicit
2714 2227 2836 2266 cum
2881 2210 3524 2280 Davidejustificationes

1937 2309 2177 2372 Domini,
2212 2307 2308 2363 sed
2338 2305 2712 2375 blasphemias
2745 2315 2801 2359 et
2835 2303 3146 2358 calumnias
3171 2341 3188 2364 .
3236 2311 3524 2371 utcunque

1935 2404 2191 2466 voluerit,
2229 2401 2583 2469 multiplicat,
2626 2399 2819 2470 sicque
2849 2399 3178 2468 grandinem
3227 2405 3283 2452 et
3331 2395 3526 2453 carbu—

1938 2505 2035 2544 nes
2070 2489 2213 2558 ignis
2251 2488 2476 2554 emittit,
2515 2497 2572 2542 ut
2605 2489 2784 2544 dicam
2813 2504 2935 2542 cum
2973 2485 3289 2548 Psalmisla,
3321 2485 3525 2554 quibus

1937 2584 2271 2638 describitur
2307 2582 2465 2653 plaga
2520 2582 2772 2637 mortalis
2799 2596 3044 2635 accensa:
3074 2580 3170 2634 irae
3203 2595 3216 2630 :
3255 2577 3346 2632 Sic
3405 2592 3524 2630 mea

1939 2683 2099 2728 vetus
2144 2672 2340 2727 civitas
2378 2673 2566 2742 nigras
2614 2671 3013 2727 monachorum
3052 2679 3238 2725 vestes
3273 2668 3528 2738 magnili-

1939 2777 2029 2824 cat
2055 2777 2106 2822 ct
2141 2775 2407 2822 ostentat.
2453 2767 2570 2821 Non
2603 2777 2785 2822 tamen
2821 2781 3012 2821 verum
3056 2774 3138 2820 est
3175 2763 3392 2833 nigrum
3434 2777 3529 2816 co-

1943 2863 2113 2920 lorem
2149 2862 2364 2916 caeteris
2399 2861 2677 2916 coloribus
2712 2861 2852 2914 mire
2883 2867 3172 2928 prmstare,
3208 2857 3252 2912 si
3309 2871 3525 2908 morum

1941 2955 2372 3024 apostolieorum
2427 2952 2717 3016 indicium,
2775 2950 3150 3020 erangclicam
3201 2945 3528 3004 similitudi-

251 3026 600 3095 ἐπάγγελμα,
628 3029 724 3081 καὶ⁹
745 3029 843 3098 τὴν
867 3030 1234 3102 εύαγγελικὴν
1267 3033 1586 3104 ὁμοιότητα,
1623 3037 1717 3089 καὶ
1739 3037 1830 3106 τὴν

1943 3059 2090 3108 nem,
2155 3051 2317 3111 atque
2365 3041 2607 3094 divinam
2659 3039 2965 3093 claritatem
3019 3051 3046 3088 a
3094 3032 3366 3088 monacho
3397 3031 3527 3101 quis

253 3118 442 3172 θεόθεν
477 3120 746 3189 ἑλλαμψιν
800 3123 1072 3195 ἀφέληταί
1111 3142 1196 3186 τις
1236 3125 1332 3179 τοῦ
1389 3126 1630 3200 μοναχοῦ
1659 3146 1671 3160 ·
1709 3129 1835 3183 καθ’

249 3216 318 3284 ἣν
353 3217 412 3267 ὲν
437 3217 503 3285 τῇ
533 3214 693 3284 δῆθεν
735 3217 929 3288 σκοτίᾳ
969 3217 1069 3287 τῆς
1103 3218 1492 3289 μελαμφορίας
1541 3219 1658 3289 φῶς
1691 3220 1836 3275 θειό-

249 3327 413 3380 τερον
441 3313 552 3374 τοῖς
585 3311 721 3380 ὀρθὰ
749 3312 1193 3382 πολιτευομένοις
1218 3313 1548 3383 ὲκφλέγεται
1579 3315 1674 3370 καὶ
1702 3332 1810 3386 προ
1836 3344 1837 3347 η

248 3403 460 3472 λάμπει
486 3403 798 3474 ἔμπροσθεν
839 3404 948 3458 τῶν
987 3405 1247 3460 τοιούτων
1299 3407 1628 3478 ἀνθρώπων,
1662 3408 1712 3461 εί
1742 3411 1836 3461 καὶ

246 3497 274 3546 ὀ
311 3495 456 3549 κατὰ
487 3497 649 3566 σῶμα
705 3497 972 3566 κρύπτειν
1002 3500 1133 3552 αὐτὸ
1166 3502 1430 3571 πειρᾶται
1480 3500 1697 3569 μόδιοςο
1733 3501 1830 3566 ὡς,

249 3590 306 3640 ετ
335 3604 399 3653 γε
437 3588 498 3640 τὸ
532 3588 776 3642 τοιοῦτον
809 3590 1065 3659 οὐράνιον
1091 3590 1230 3660 φῶς,
1264 3592 1324 3645 τὸ
1371 3592 1624 3660 ήλιιὶδες,
1658 3591 1834 3645 εἰπεῖν

245 3680 306 3732 δὲ
364 3679 606 3750 άληθῶς,
655 3681 794 3751 ὑπὲρ
826 3682 1001 3752 ἥλιον,
1055 3685 1156 3753 τῆς
1212 3683 1518 3754 μοναχικῆς
1569 3684 1833 3754 μελανίας

249 3771 540 3840 ἀπαγάγοι
570 3791 675 3837 τις,
723 3775 911 3842 ὅμοιόν
950 3792 1010 3826 τε
1052 3775 1265 3844 γίνεται
1316 3775 1647 3845 τηνικαῦτα,
1681 3777 1755 3843 ὡς
1785 3779 1834 3832 εί

251 3868 349 3920 καὶ
378 3864 585 3935 ἄνθραξ
614 3865 728 3938 πῦρ
763 3865 994 3934 φλόγεον
1031 3867 1262 3933 στέγων,
1292 3863 1415 3920 εἶτα
1456 3867 1709 3932 σ6εσοε¹ις
1738 3870 1834 3924 καὶ

248 3959 609 4028 ἀμαυρωθεὶς
640 3961 722 4022 εἰς
757 3959 1110 4028 μελάντερον,
1145 3959 1279 4028 ἠΰτε
1332 3959 1524 4027 πίσσα,
1558 3963 1744 4015 οὐκέτι
1774 3962 1833 4015 τὸ

249 4051 544 4121 πρεσϐεῖον
579 4051 676 4104 τοῦ
711 4051 953 4121 χρηστοῦ
996 4050 1291 4120 ἄνθρακος,
1339 4053 1480 4106 ἀλλὰ
1513 4054 1831 4124 μελάσματι

252 4142 404 4213 μόνῳ
453 4143 932 4214 ἀπομνημόνευμα
961 4143 1176 4198 ἐκείνου
1225 4145 1526 4216 περισώζει
1562 4149 1676 4211 τοῖς
1707 4147 1828 4218 βλέ-

245 4251 468 4291 πουσιν.

323 4327 426 4397 ρα’.
455 4329 556 4396 Εἴη
582 4330 638 4383 δὲ
666 4329 733 4383 ἂν
761 4330 857 4384 καὶ
887 4329 1376 4402 θεωρητικώτερον
1407 4334 1506 4404 μιᾷ
1532 4334 1633 4402 μὲν
1656 4335 1829 4409 ταύτῃ

243 4425 432 4494 χροιᾷ,
466 4427 532 4493 τῇ
572 4425 714 4478 κατὰ
736 4425 826 4478 τὸν
869 4426 1196 4495 μονάζοντα,
1224 4426 1470 4496 νομίζειν
1501 4430 1715 4502 χαίρειν
1739 4431 1829 4483 τὴν

245 4516 606 4586 παμϐασιλέα
637 4517 868 4588 Κύριον,
915 4512 976 4574 οὗ
1010 4517 1151 4572 καλὰ
1183 4519 1253 4573 τὰ
1289 4521 1466 4575 πάντα
1514 4522 1828 4592 ποιήματα⁶

245 4607 570 4674 ἐξουθενοῦν
608 4609 665 4663 δὲ
721 4611 788 4663 τὰ
840 4611 1007 4664 λοιπά
1063 4611 1358 4682 χρώματα,
1403 4614 1480 4677 ὡς
1539 4613 1673 4684 μηδὲ
1713 4614 1833 4677 ἑνὸς

243 4702 432 4755 αὐτῶν
453 4704 712 4771 ἀφιέντος
746 4705 842 4757 τὸν
870 4703 1014 4759 αὐτὰ
1045 4705 1517 4776 περιϐεϐλημένον
1541 4707 1828 4773 ἀξιοῦσθαι

245 4792 350 4861 τῆς
383 4795 466 4856 είς
485 4793 580 4846 τὸν
617 4795 949 4864 παράδεισον
991 4795 1349 4859 είσελεύσεως
1375 4813 1388 4828 ’
1429 4796 1488 4850 ὃν
1523 4798 1623 4851 οὐκ
1658 4798 1723 4851 ἂν
1749 4801 1828 4853 εἴ·

243 4901 430 4952 ποιμι,
474 4885 590 4937 ἁλλ’
621 4886 741 4938 οὐδὲ
770 4887 1163 4957 ὲνθυμηθείην,
1199 4889 1560 4960 μελανδρύοις
1604 4891 1703 4960 μὲν
1734 4909 1829 4944 τε-

242 4975 474 5045 θηλέναι
510 4979 607 5031 καὶ
647 4978 877 5042 ἐΰένοις,
935 4981 1031 5033 καὶ
1075 4981 1224 5044 ὅσοις
1265 4981 1446 5044 ἄλλοις
1490 4985 1550 5035 ού
1597 4983 1760 5054 μόνον
1790 4986 1824 5055 ή

239 5066 448 5137 καρδία
475 5067 534 5119 τὺ
567 5068 736 5138 μέλαν
766 5069 948 5138 φέρει,
986 5069 1122 5124 ἀλλὰ
1165 5071 1260 5123 καὶ
1297 5072 1329 5141 ἠ
1367 5071 1556 5142 ἐλάτης
1595 5074 1825 5145 τοιούτῳ

238 5159 553 5224 πυκάζεται
589 5161 879 5233 χρώματι·
913 5164 1154 5234 δένδροις
1200 5165 1258 5217 δὲ
1305 5166 1381 5236 μὴ
1416 5168 1824 5240 ἐνευθηνεῖσθαι

239 5253 338 5307 καὶ
365 5255 621 5323 καρποῖς,
662 5246 734 5307 ὦ)
767 5255 862 5308 καὶ
913 5255 1052 5326 ἄνθη
1093 5258 1307 5321 πάντως
1340 5259 1581 5330 ἀνάλογα
1623 5261 1823 5331 προϐέ-

238 5343 498 5412 ϐληνται,
530 5341 611 5408 οἷς
639 5345 903 5416 ελλάμπει
928 5349 1167 5414 φανότης
1189 5349 1534 5420 λευκότητο;,
1555 5353 1684 5424 φίλη
1710 5356 1822 5418 τοῖς

235 5435 334 5488 τοῦ
368 5436 548 5504 φωτὸς
585 5439 865 5507 ἀγγέλοις.
902 5441 964 5494 Εἰ
1009 5441 1067 5494 δέ
1103 5459 1187 5504 τις
1222 5444 1330 5496 τῶν
1381 5448 1820 5516 ἑριστικωτέρων

233 5526 378 5596 πρὸς
408 5527 531 5578 λίαν
567 5529 708 5582 πάνυ
747 5531 890 5599 μέγα
922 5531 1188 5600 σέμνωμα
1222 5533 1321 5601 τῆς
1351 5536 1732 5605 μελαμφορίας
1761 5537 1820 5588 τὸ

231 5619 492 5684 οὐράνιον
546 5621 940 5693 ἀντιπροςρέρει
997 5623 1249 5686 κυάνεον,
1294 5627 1392 5677 καὶ
1430 5627 1488 5677 τὸ
1537 5626 1676 5679 κατᾶ
1710 5628 1819 5696 γῆν

232 5711 332 5767 καὶ
383 5711 667 5767 θάλασσαν
721 5716 890 5784 μέλαν
917 5715 1171 5788 (μέλαινα
1206 5715 1316 5785 γὰρ
1365 5721 1458 5772 καὶ
1511 5721 1696 5791 εκείνη
1725 5724 1822 5778 καὶ

520 5813 790 5877 ΡΑτιιοι..
823 5815 934 5877 Gn.
973 5813 1284 5878 CXXXV.

1940 3137 2277 3207 dempserit,
2323 3134 2527 3203 quibus
2562 3133 2728 3188 rebus
2777 3131 2830 3185 in
2889 3131 2990 3184 hac
3038 3127 3181 3200 nigri
3212 3124 3524 3180 indumenti

1939 3229 2304 3293 obscuritate,
2331 3229 2422 3282 lux
2449 3226 2698 3281 ctelestis
2729 3222 2874 3293 apud
2906 3232 3087 3278 rectos
3121 3219 3373 3275 homines
3403 3217 3524 3271 elu-

1947 3333 2059 3387 cet,
2090 3334 2143 3378 et
2175 3323 2346 3392 fulget
2388 3322 2442 3375 in
2487 3327 2788 3388 conspectu
2833 3315 3120 3370 hominum
3147 3354 3162 3376 ,
3212 3315 3341 3366 licet
3395 3326 3516 3365 eam

1940 3417 2159 3473 modius
2192 3414 2443 3485 corporis
2471 3411 2806 3467 obumbrare
2840 3415 3096 3464 conetur.
3127 3403 3183 3458 Si
3220 3404 3346 3472 quis
3376 3405 3521 3458 enim

1939 3514 2082 3567 hanc
2138 3512 2316 3564 lucem
2343 3508 2623 3562 caelestem
2651 3504 2912 3567 solarem,
2940 3500 3113 3570 magis
3156 3511 3337 3553 autem
3371 3497 3524 3566 plus-

1938 3620 2102 3677 quam
2160 3604 2422 3664 solarem,
2461 3616 2491 3655 e
2527 3597 2704 3668 nigris
2759 3595 3010 3650 monachi
3058 3592 3305 3647 vestibus
3364 3589 3523 3642 aufe-

1938 3707 2060 3762 rat,
2109 3707 2228 3756 tum
2272 3694 2497 3758 accidit,
2554 3690 2714 3762 quasi
2790 3688 2958 3743 carbo
3004 3687 3186 3756 ignem
3240 3682 3524 3736 ardentem

1936 3793 2216 3851 entittens,
2263 3797 2319 3841 et
2365 3800 2491 3840 mox
2537 3783 2870 3844 exstinctus,
2913 3779 3285 3846 redactusque
3335 3771 3402 3827 ad
3439 3773 3527 3826 ni-

1937 3885 2184 3955 gritiem,
2219 3891 2282 3936 ut
2314 3880 2402 3950 pix
2461 3879 2572 3948 jam
2636 3875 2898 3932 carbonis
2945 3873 3098 3928 utilis
3129 3872 3346 3926 titulum
3381 3869 3528 3921 ami-

1939 3980 2036 4043 sit,
2067 3986 2121 4032 et
2153 3976 2272 4032 sola
2311 3974 2532 4045 nigritie
2570 3971 2894 4027 memoriam
2923 3965 3089 4038 hujus
3121 3972 3308 4022 servat
3333 3961 3526 4018 viden-

1939 4073 2110 4127 tibus.

2009 4338 2136 4392 lOl.
2176 4340 2240 4392 Et
2277 4338 2463 4393 forsan
2501 4342 2647 4390 esset
2695 4333 2856 4388 nimis
2884 4329 3236 4386 temerarium
3271 4327 3374 4382 hoc
3411 4342 3525 4380 uno

1935 4431 2142 4496 colore,
2177 4429 2503 4485 nimiarbico
2531 4442 2749 4498 nempe,
2795 4423 3036 4495 gaudere
3088 4421 3292 4492 Regem
3331 4436 3522 4490 regum

1936 4524 2232 4581 Dominum
2264 4521 2546 4584 arbitrari,
2575 4520 2736 4588 cujus
2765 4531 2928 4588 opera
2967 4515 3153 4571 omnia
3191 4515 3332 4570 bona
3367 4522 3522 4580 sunt,

1933 4623 1986 4670 et
2013 4614 2259 4682 reliquos
2285 4613 2360 4666 ita
2395 4612 2684 4680 despicere
2708 4610 2924 4665 colores
2950 4617 3028 4670 ut,
3062 4623 3172 4661 uno
3195 4622 3386 4660 eorum
3430 4606 3525 4660 de-

1935 4705 2178 4764 ficiente.
2211 4704 2376 4758 homo
2395 4704 2478 4758 eis
2509 4698 2972 4769 circumscriptus
2994 4714 3104 4753 non
3135 4697 3338 4768 dignus
3366 4696 3522 4750 iuve-

1933 4799 2116 4853 niatur
2134 4798 2224 4868 qui
2255 4795 2642 4851 introducatur
2665 4795 2720 4848 in
2747 4793 3087 4864 paradisum.
3106 4792 3210 4859 Qui
3233 4791 3525 4862 paradisus

1932 4909 2036 4949 nec
2067 4893 2354 4956 dicendus,
2388 4905 2488 4945 nec
2522 4889 2850 4960 cogitandus
2880 4887 3102 4958 quidem
3152 4897 3235 4942 est
3271 4887 3523 4941 consitus

1933 4986 2108 5058 nigris
2130 4984 2468 5056 quercubus,
2495 4993 2547 5039 et
2562 4988 2760 5048 ebeno,
2779 4993 2832 5039 et
2853 4997 3189 5052 quacunque
3204 4981 3308 5036 alia
3326 4981 3522 5036 arbore

1927 5091 1976 5137 et
2021 5095 2117 5136 cor
2149 5081 2368 5149 nigrum
2406 5081 2554 5135 intus
2593 5079 2827 5143 habens,
2879 5088 2934 5132 et
2992 5079 3250 5132 universa
3287 5076 3520 5129 materia

1932 5173 2039 5226 hoc
2076 5170 2265 5226 colore
2303 5171 2590 5238 inficitur;
2626 5177 2680 5224 et
2739 5185 2845 5222 non
2888 5167 3171 5222 abundare
3205 5163 3520 5228 arboribus.

1927 5277 1979 5324 et
2012 5267 2307 5326 fructibus,
2335 5275 2388 5319 et
2413 5262 2640 5318 floribus
2674 5263 2944 5318 similibus
2977 5258 3284 5329 productis,
3318 5256 3372 5310 in
3398 5256 3525 5323 qui-

1928 5361 2029 5414 lius
2063 5350 2297 5427 refulget
2325 5356 2490 5411 nimia
2511 5356 2704 5411 albedo
2739 5354 2946 5422 angelis
2968 5351 3060 5405 Dei
3093 5355 3348 5418 accepta.
3379 5346 3441 5399 Et
3467 5347 3510 5402 si

1924 5454 2050 5523 quis
2083 5453 2352 5522 sephista,
2379 5449 2445 5504 ad
2488 5448 2790 5519 augendam
2848 5459 3101 5515 magnam
3148 5450 3200 5495 et
3225 5441 3514 5494 sublimem

1927 5546 2064 5614 nigri
2122 5543 2432 5599 indumemi
2486 5541 2853 5609 dignitatem,
2910 5534 3163 5591 conferat
3213 5532 3515 5588 caeruleum

1925 5638 2152 5701 caelum,
2199 5645 2401 5689 terram
2457 5643 2510 5687 et
2547 5647 2692 5685 mare
2729 5632 2948 5701 nigrum
2987 5630 3142 5700 (sunt
3170 5627 3317 5683 enim
3360 5630 3516 5698 nigra

1926 5730 2038 5782 haec
2070 5731 2124 5781 et
2170 5725 2362 5794 istud),
2397 5734 2450 5779 ct
2482 5739 2604 5776 mox
2650 5721 2874 5778 omissis
2904 5722 3162 5777 maximis
3197 5721 3512 5787 elementis,

3093 5815 3168 5880 26
