3992 6240
426 333 534 401 815

1145 319 1580 388 EUSTATHII
1620 309 2390 378 TI—IESSALONICENSIS
2426 301 3003 369 METBOPOLITE

3611 297 3720 362 διε

429 448 597 504 rubra
631 447 812 502 ferens
869 443 1191 498 indumenta
1227 437 1540 506 cximiaqne
1595 429 2011 504 pulchritudine
2042 475 2048 487 ,

2160 426 2217 478 αὶ
2262 427 2289 478 ὁ
2341 424 2546 493 Κύριος
2596 418 3042 495 προσέχειαὺτῷ
3091 419 3147 482 ἐς
3179 417 3457 482 τοσοῦτον,
3501 416 3579 479 ὼς
3617 418 3716 470 καὶ

422 542 786 598 e:ub‘esccns.
816 537 930 590 vult
955 539 1182 602 insuper
1207 531 1396 586 oculos
1440 528 1721 582 hominum
1753 523 2014 592 eil‘ugere,

430 635 619 701 sicque
651 648 678 685 a
711 631 827 683 fera
855 629 1106 681 homines
1129 627 1432 679 devorante
1460 619 1835 680 absconditur;
1864 625 2018 681 tunc,

440 737 494 779 ut
531 723 808 784 arbitror,
847 720 918 774 ob
954 719 1092 772 hanc
1137 729 1378 779 causam,
1419 713 1579 768 titulo
1615 708 1868 764 monachi
1912 707 2018 760 Deo

441 816 692 875 proximi,
728 815 898 882 nigris
931 809 1269 864 indumentis
1303 805 1482 860 vestiti
1519 819 1623 857 non
1652 801 1885 855 carebit.
1920 798 2018 852 llic

454 910 582 961 :nim
607 909 760 976 quasi
791 909 944 977 nigro
969 903 1135 972 sepia:
1160 901 1272 968 (l0)
1299 902 1548 962 humore,
1571 895 1756 948 colore
1781 895 2020 946 obscuro

425 999 856 1064 'circumdatur;
913 995 1004 1050 ille
1055 1001 1238 1046 autem
1296 990 1470 1044 instar
1521 987 1762 1058 loliginis
1809 986 2022 1055 liquore

446 1092 632 1156 rubro,
667 1098 726 1142 ut
759 1095 949 1144 narrat
993 1085 1262 1141 naturalis
1305 1083 1563 1150 historia,
1601 1079 1887 1136 inimicum
1923 1094 2023 1149 po—

441 1190 552 1241 test
589 1182 802 1253 fugare.

457 1501 460 1504 .
514 1449 639 1505 107.
671 1447 736 1503 Et
763 1447 1022 1516 quoniam
1054 1446 1308 1501 albedine
1338 1453 1392 1500 et
1434 1445 1557 1500 luce
1594 1444 1716 1515 ejus
1749 1444 2026 1500 distrahor

442 1541 511 1596 ad
545 1556 665 1595 eam
699 1540 942 1604 reﬂecte,
967 1539 1198 1609 ejusque
1243 1538 1416 1608 gratia
1451 1537 1810 1608 cupientibus
1835 1538 2026 1592 audire

442 1634 767 1688 memorabo
796 1647 919 1702 quae
946 1631 1267 1700 aliquando,
1316 1646 1440 1686 cum
1477 1632 1771 1684 maximam
1807 1631 2023 1684 urbium

446 1723 912 1793 perambularem.
961 1723 1069 1776 vidi
1115 1739 1241 1792 ego,
1311 1730 1366 1777 et
1417 1731 1611 1777 sancta
1650 1722 1723 1775 ibi
1785 1723 2021 1777 ecclesia

444 1831 656 1869 mecum
703 1823 758 1869 et
801 1814 1014 1885 reliqua
1065 1817 1227 1869 turba
1261 1829 1426 1883 quam
1481 1815 1738 1873 maxima.
1787 1814 2028 1885 Tempus

445 1915 564 1958 erat
595 1920 717 1959 cum
749 1903 1098 1976 Megalopoli,
1119 1906 1172 1959 in
1199 1916 1372 1960 matre
1405 1915 1722 1961 nostrarum
1756 1905 2030 1961 Ecclesia-

445 2011 586 2063 rmu,
627 2012 823 2067 magno
852 1997 970 2064 ejus
1009 1997 1252 2067 pontifici
1291 1999 1587 2054 assistebat
1618 1999 1779 2056 Pater
1813 2010 2030 2071 patrum

447 2089 502 2142 in
536 2089 868 2143 Alexandria
908 2107 1086 2160 usque
1140 2091 1324 2158 hodie,
1374 2102 1601 2147 sanctus
1651 2093 2030 2149 Eleuther-ius.

447 2181 610 2236 Circa
637 2197 765 2236 eum
815 2182 906 2236 alii
931 2184 1286 2239 Alexandrini
1314 2184 1520 2240 diversi
1556 2185 1759 2242 coloris
1787 2186 2032 2250 Stabant,

449 2273 592 2328 inter
617 2290 756 2343 quos
785 2285 945 2332 erant
974 2277 1223 2334 seniores
1260 2279 1542 2343 monachi,
1577 2280 1828 2349 pulchris
1862 2280 2033 2334 vestio

451 2370 554 2427 bus
593 2373 652 2426 ut
689 2372 828 2440 apud
865 2386 965 2425 nos
994 2372 1198 2424 ornati.
1241 2371 1369 2425 Erat
1402 2373 1629 2441 quidam
1668 2373 1722 2427 iu
1766 2375 1908 2428 albis
1956 2376 2038 2428 in-

452 2467 756 2529 dumentis,
788 2475 968 2520 erecta
1002 2475 1238 2528 statura,
1269 2467 1424 2536 niger
1451 2476 1700 2534 aspectu,
1737 2467 1834 2522 sed
1868 2483 2042 2538 angit-

456 2566 578 2611 stus
608 2569 660 2612 et
695 2559 892 2624 dignus
941 2573 1102 2628 quem
1140 2557 1506 2612 intuerentur.
1545 2558 1683 2612 Huic
1729 2576 1830 2627 pro
1877 2561 2040 2628 pallio

456 2649 641 2702 tunica
663 2649 830 2713 linea,
853 2649 1207 2716 resplcmlens
1236 2649 1375 2704 sicut
1402 2653 1491 2704 lux
1519 2669 1533 2714 ;
1564 2652 1616 2705 in
1641 2652 1764 2706 sinu
1792 2654 1959 2707 densa
1990 2662 2044 2706 et

458 2739 565 2794 lata
601 2741 798 2803 vestis.
848 2756 1000 2794 more
1035 2752 1248 2804 nostro,
1317 2741 1384 2795 ad
1420 2743 1707 2796 humerum
1757 2745 2042 2799 sinistrum

461 2835 603 2888 linea
667 2845 816 2888 recta
869 2835 1244 2889 contrahitur.
1304 2833 1481 2904 Caput
1544 2837 1762 2905 tegebat
1818 2845 2045 2906 operto-

460 2924 601 2979 rium
635 2940 700 2978 ex
729 2924 890 2994 longa
927 2925 1075 2980 tenui
1134 2933 1191 2980 et
1231 2925 1353 2979 alba
1390 2931 1496 2980 tela
1538 2927 1998 2981 circumvolutum
2029 2966 2046 2992 ,

461 3029 663 3076 tterum
702 3021 843 3074 sicut
903 3021 952 3074 in
1007 3031 1186 3090 gente.
1233 3019 1520 3074 llominem
1573 3023 1915 3075 mirabantur
1954 3022 2046 3090 qui

2127 518 2384 587 θαύματα
2423 518 2490 572 δι’
2516 516 2684 570 αὐτοῦ
2731 516 3000 573 ἐκτελεῖν,
3031 513 3194 566 όποία
3233 511 3406 565 πολλὰ
3448 511 3717 580 οἷδαμενς

2128 612 2189 664 Ei
2227 611 2285 664 δέ
2315 613 2343 664 ό
2373 609 2516 662 οὕτω
2545 609 2729 678 φορῶν
2762 606 2971 678 ἐρυθρὰ
3015 604 3233 673 ἱμάτια,
3264 604 3360 656 καὶ
3404 604 3543 674 πρὸς
3579 605 3719 656 κάλ-

2126 704 2217 766 λος
2251 703 2506 772 ἐνάρετον
2541 699 2925 772 ἐρευθόμενος,
2953 697 3128 750 ἐθέλει
3161 698 3254 748 καὶ
3277 694 3597 764 ὀφθαλμοὺς
3624 697 3722 748 άν-

2127 797 2364 866 θρώπων
2393 796 2702 860 λανθάνειν,
2731 795 2826 846 κοιλ⁵
2857 793 2998 846 οὕτω
3032 791 3335 863 κρύπτεται
3361 791 3455 842 τὸν
3497 789 3721 858 ἀνθρω-

2129 889 2399 959 πόλεθρον
2434 889 2601 958 θῆρα,
2649 889 2747 940 οὐκ
2788 886 2874 949 ἂν,
2933 882 3115 954 οἶμαι,
3163 884 3273 937 οὐδ’
3327 882 3568 936 ἐνταῦθα.
3612 881 3724 932 ὑπδ

2127 978 2222 1032 τοῦ
2278 981 2422 1033 κατὰ
2487 979 2624 1031 Θεὸν
2693 976 3178 1047 μελαμφοροῦντος
3239 973 3720 1044 παρελαθήσεται.

2128 1065 2296 1135 Οὗτος
2326 1071 2426 1140 μὲν
2469 1071 2601 1140 γὰρ,
2635 1070 2736 1122 ὅσα
2786 1071 2882 1122 καὶ¹
2914 1068 3067 1121 θολὸν
3117 1069 3318 1136 σηπίας
3358 1067 3607 1136 μέλανα,
3660 1067 3727 1116 τὸ

2127 1166 2232 1233 τῆς
2261 1164 2429 1234 χρόας
2457 1163 2710 1234 ἀμαυρὸν
2744 1161 3061 1231 περίκειται
3085 1175 3098 1188 ·
3127 1165 3154 1214 ὁ
3177 1161 3255 1223 δέ,
3289 1161 3391 1214 ὅσα
3413 1161 3509 1213 καὶ
3535 1159 3730 1222 τευθὶς

2097 1255 2407 1340 οθολώματι
2450 1255 2668 1326 ἐρυθρῷ
2710 1253 2852 1306 κατὰ.
2905 1251 3112 1320 ζωῖκῆς
3149 1252 3396 1322 ἱστορίας
3450 1251 3726 1320 ἔμφασιν,

2129 1349 2424 1418 ἐκφεύγειν
2451 1348 2540 1401 τὸν
2574 1345 2933 1414 ὀλοθρεύοντα
2965 1343 3212 1396 δύναται.

2202 1439 2302 1511 ρξ’.
2354 1439 2496 1494 Ἀλλ’
2537 1441 2726 1507 ἐπειδὴ
2782 1457 2849 1508 με
2907 1439 2968 1493 τὸ
3018 1436 3212 1489 λευκὸν
3267 1436 3348 1489 ἔτι
3403 1436 3731 1506 περιέλκειν

2130 1534 2306 1588 ἐθέλει
2340 1534 2428 1588 διὰ
2458 1534 2519 1586 τὸ
2565 1533 2687 1588 κατ’
2721 1533 2852 1587 αὐτὸ
2898 1530 3181 1601 φωτεινδν,
3223 1530 3516 1583 ἀναϐλὲπω
3552 1532 3732 1583 πάλιν

2131 1629 2210 1690 είς
2241 1629 2443 1689 ἐκεῖνο,
2482 1627 2578 1680 καὶ
2605 1626 2769 1695 χάριν
2799 1622 2962 1677 αὐτοῦ
2995 1621 3388 1691 συγγράψομαι
3411 1624 3529 1684 τοῖς
3555 1623 3726 1690 φιλα-

2133 1720 2460 1790 κροάμοσιν,
2494 1719 2522 1772 ὃ
2557 1720 2654 1772 καὶ
2689 1717 2800 1785 ἐγώ
2841 1734 2972 1769 ποτε
3008 1711 3174 1779 εἶδον,
3221 1716 3309 1766 ὅτε
3362 1715 3738 1784 περιεπόλουν

2130 1813 2228 1882 τὴν
2264 1813 2536 1881 μεγίστην
2564 1811 2678 1868 τῶν
2707 1811 2937 1872 πόλεων,
2962 1808 3056 1862 καὶ
3089 1810 3186 1862 σὺν
3220 1809 3348 1877 ἐμοὶ
3379 1807 3548 1877 λογὰς
3573 1811 3737 1878 [spio-

2131 1907 2270 1975 τάτη
2329 1906 2536 1970 ἐκεῖσε,
2593 1905 2690 1958 καὶ
2751 1903 2937 1969 λοιπὸς
2991 1902 3047 1954 δέ
3090 1903 3285 1972 μυρίος
3339 1902 3464 1964 ὅσος
3516 1903 3737 1971 ὅμιλος.

2135 1993 2295 2065 Εἷχεν
2343 1997 2376 2064 ἠ
2414 1996 2522 2048 τῶν
2557 1995 2678 2048 καθ’
2717 1996 2868 2063 ἡμᾶς
2921 1993 3229 2063 ἐκκλησιῶν
3286 1994 3472 2062 μήτηρ
3521 1993 3579 2046 ἓν
3625 2012 3740 2045 τινι

2136 2087 2318 2158 καιρῷ
2373 2088 2900 2159 ουμπαρεδρεύοντα
2950 2087 3028 2156 τῷ
3078 2087 3199 2139 κατ’
3253 2087 3426 2156 αὐτὴν
3484 2088 3740 2156 μεγέστιει

2141 2184 2397 2254 ἀρχιερεῖ
2429 2184 2523 2236 καὶ
2549 2183 2642 2235 τὸν
2664 2185 2724 2236 ἐν
2764 2180 3148 2251 Ἀλεξανδρείᾳ
3184 2180 3351 2250 μέχρι
3375 2182 3469 2233 καὶ
3497 2181 3578 2243 εἰς
3609 2182 3743 2249 ἄρτι

2143 2277 2402 2346 πατέρων
2429 2277 2667 2348 πατέρα,
2704 2277 2793 2330 τὸν
2822 2274 3162 2346 ἡγιασμένον
3208 2274 3549 2343 Ἐλευθέριον
3572 2291 3585 2304 ·
3637 2277 3739 2328 καὶ

2142 2370 2497 2440 περιίσταντο
2529 2372 2736 2423 ἐκεῖνον
2759 2369 2908 2424 ἄλλοι
2934 2385 2991 2421 τε
3009 2369 3116 2420 τῶν
3139 2367 3544 2438 Ἀλεξανδρέων
3572 2369 3743 2421 πολύ-

2143 2480 2378 2533 χρωμοι,
2421 2465 2480 2515 ἐν
2523 2456 2604 2524 οἷς
2649 2461 2743 2514 καὶ
2797 2461 3126 2530 μονάζοντες
3164 2460 3424 2530 γεραραὶ,
3467 2461 3744 2529 ἀμπισχό-

2150 2573 2303 2626 μενοι
2348 2554 2597 2624 κοσμίως
2641 2553 2782 2607 κατὰ
2814 2553 2940 2616 τοὺς
2973 2554 3030 2605 ἐν
3064 2553 3219 2622 ἡμῖν.
3262 2551 3370 2602 Καί
3409 2568 3496 2611 τις
3531 2554 3587 2604 δὲ
3619 2553 3745 2605 λευ-

2149 2647 2408 2717 κοφόρος,
2442 2646 2648 2718 ὑψηλὸς
2693 2646 2901 2708 ἐκεῖνος
2937 2645 2996 2696 τὸ
3042 2645 3357 2715 ἀνάστημα,
3395 2646 3750 2715 μελάγγρως

2151 2741 2249 2809 μὲν
2275 2740 2426 2803 ίδεῖν,
2462 2735 2523 2792 εὖ
2561 2739 2619 2793 δέ
2653 2736 3008 2808 χαρακτῆρος
3042 2736 3201 2805 ἔχων,
3237 2737 3336 2791 καὶ
3382 2737 3514 2800 θέας
3545 2738 3702 2802 ἄξιος
3730 2755 3746 2770 ·

2149 2833 2302 2901 κτὶή
2333 2831 2573 2901 ἁναὸολὴ
2608 2830 2759 2900 αὐτῷ
2781 2830 2958 2891 λίνεος
2986 2828 3174 2898 χιτὼν,
3218 2829 3476 2896 λάμπων,
3511 2832 3614 2883 ὅσα
3647 2833 3753 2884 καὶ

2153 2924 2270 2992 φῶς
2293 2941 2306 2953 °
2345 2916 2405 2977 οὗ
2431 2926 2490 2976 τὺ
2519 2923 2642 2976 καθ’
2690 2923 2836 2991 ἡμᾶς
2870 2921 3009 2992 βαθὺ
3060 2923 3153 2972 καὶ
3194 2923 3370 2976 πλατὺ
3404 2923 3750 2992 προκόλπιον

2156 3017 2505 3071 ἀπεστένωτο
2573 3018 2705 3082 περὶ
2765 3018 2856 3069 τὴν
2912 3017 3204 3087 ἀριστερὸν
3274 3011 3431 3088 ὦμον
3504 3019 3756 3086 ἰθαγενΞῖ

461 3113 742 3168 videbant.
771 3111 910 3167 Vere
937 3115 1083 3167 enim
1119 3114 1186 3166 al;
1223 3114 1450 3168 humero
1490 3124 1544 3168 et
1580 3130 1799 3169 sursum
1834 3117 2042 3169 emine-

2154 3112 2371 3182 τρόπῳ·
2433 3114 2526 3164 καὶ
2567 3113 2628 3164 τὸ
2661 3111 2927 3180 κάλυμμα
2977 3112 3032 3164 δέ
3074 3115 3223 3182 αὐτῷ
3257 3114 3357 3181 τῆς
3391 3112 3660 3181 κεφαλῆς,
3694 3112 3757 3176 ἐξ

462 3206 553 3259 bat
605 3221 774 3275 supra
829 3213 1098 3260 astantes.
1154 3205 1219 3258 Et
1276 3222 1378 3276 ego
1430 3207 1582 3260 illum
1637 3207 1964 3272 admiratus,
2016 3221 2046 3260 a

459 3295 701 3364 quodam
737 3295 960 3352 homine
999 3296 1160 3351 istius
1198 3300 1377 3367 magni
1409 3297 1692 3366 pontificis
1734 3299 2048 3367 quaerebam

461 3391 723 3454 quisnam
756 3397 904 3444 esset
938 3389 1031 3444 hic
1062 3389 1142 3442 vir
1187 3391 1482 3459 praecelsus
1530 3401 1583 3445 et
1625 3391 1766 3445 albis
1793 3391 2042 3446 indutus.

462 3480 658 3535 Audivi
693 3496 819 3536 esse
853 3497 978 3535 eum
1009 3481 1460 3536 arehidiaconum
1501 3483 1788 3539 catholicae
1813 3483 2048 3537 Alexan-

463 3571 750 3625 drinorum
789 3570 1052 3626 Ecclesiae
1077 3613 1092 3632 ,
1131 3573 1466 3642 plurimique
1497 3589 1525 3626 a
1559 3577 1871 3644 patriarcha
1899 3577 2048 3630 aesti-

468 3664 628 3716 mari.
657 3663 799 3729 Quid
842 3664 1009 3733 ergo?
1039 3663 1208 3718 Istum
1236 3679 1267 3720 e
1287 3680 1445 3719 sacra
1475 3669 1904 3736 congregatione
1933 3684 2054 3733 pro—

467 3757 676 3820 iiciam,
713 3773 746 3810 o
775 3757 1180 3826 gloriosissime
1209 3758 1495 3824 monache,
1527 3775 1594 3814 eo
1629 3761 1771 3828 quod
1809 3777 1916 3816 non
1963 3761 2056 3816 ha-

466 3848 668 3912 buerit,
702 3849 845 3904 sicut
879 3863 1014 3917 ego,
1053 3858 1107 3902 ct
1137 3848 1280 3902 sicut
1331 3860 1409 3915 tu,
1459 3851 1669 3920 nigram
1699 3861 1928 3919 vestem,
1957 3853 2054 3908 sed

469 3942 598 3996 nive
647 3941 1064 3998 caudidiorem?
1119 3942 1366 4006 Minime,
1436 3944 1531 3999 sed
1583 3946 1895 4000 orationem
1937 3947 2059 4016 ejus

470 4035 820 4111 admitterem
881 4043 942 4090 ut
1000 4037 1289 4106 apostolici
1358 4039 1485 4104 viri,
1537 4038 1664 4102 licet
1705 4049 1761 4094 tu
1813 4040 1954 4096 forte
2002 4041 2058 4097 id

471 4126 818 4182 reformides.
835 4127 936 4183 llic
960 4129 1202 4195 enim,ut
1228 4128 1423 4200 loquar
1439 4130 1772 4199 evangelice.
1800 4139 1858 4184 ut
1885 4131 2058 4186 lilimn

472 4220 708 4275 vestitus
755 4229 897 4288 erat,
925 4221 1042 4277 sive
1069 4230 1127 4277 ut
1161 4221 1363 4292 fulgida
1401 4223 1720 4293 margarita.

2151 3203 2346 3273 ὀθόνης
2380 3204 2598 3271 μακρᾶς
2637 3203 2733 3254 καὶ
2773 3202 2977 3272 λεπτῆς
3018 3207 3112 3257 καὶ
3157 3204 3363 3270 λευκῆς
3403 3205 3753 3273 εἰλιγμένον,

2144 3287 2390 3350 ’ἔσκεπεν
2414 3297 2604 3368 αὐτὴν,
2635 3298 2868 3361 ἐθνικῶς
2894 3300 2991 3350 καὶ
3015 3299 3166 3352 αὐτό.
3205 3299 3316 3352 Καὶ
3347 3299 3669 3368 ἐθαύμαζον
3702 3299 3758 3352 οἱ

2142 3388 2390 3459 δὸρῶντες
2438 3390 2528 3443 τὸν
2564 3390 2872 3461 ἄνθρωπον.
2899 3387 3006 3444 Ἦν
3041 3393 3150 3462 γὰρ
3195 3391 3412 3462 άληθῶς
3461 3393 3647 3462 ὠμίας
3691 3375 3755 3446 ἐν

2153 3486 2266 3548 τοῖς
2289 3484 2425 3547 ἐκεῖ,
2473 3482 2569 3537 καὶ
2602 3483 2880 3552 ὑπεράνω.
2931 3485 2973 3536 Τ
2978 3484 3201 3554 εθηπὼς
3234 3484 3328 3537 οὖν
3365 3485 3460 3536 καὶ
3511 3486 3626 3553 ἐγὼ
3658 3487 3762 3537 τὸν

2153 3575 2342 3644 ἄνδρα,
2376 3576 2592 3646 ἠρόμην
2636 3577 2746 3629 τῶν
2790 3593 2911 3630 τινα
2945 3576 3041 3630 τοῦ
3090 3576 3255 3630 καλοῦ
3298 3576 3518 3630 ἐκείνου
3570 3579 3761 3646 ἀρχιεο

2158 3672 2318 3741 ρέως,
2351 3671 2501 3733 ὅστις
2534 3672 2652 3724 ποτ’
2694 3671 2761 3725 ἂν
2810 3671 2894 3740 εἴη
2941 3673 2968 3724 ό
3005 3671 3254 3740 προέχων
3289 3671 3502 3733 ἐκεῖνος
3533 3672 3760 3740 λευχείο

2161 3779 2300 3832 μων.
2353 3764 2460 3815 Καὶ
2492 3763 2721 3832 ἔμαθον,
2768 3763 2851 3816 ὅτι
2903 3761 3342 3833 πρωτοδιάκονος
3377 3758 3446 3832 ἦν
3490 3764 3592 3832 τῆς
3647 3766 3766 3816 τῶν

2173 3852 2576 3923 Ἀλεξανδρέων
2602 3853 2904 3924 καθολικῆς
2945 3853 3300 3924 Ίῦκκλησίας,
3331 3855 3428 3906 καὶ
3451 3854 3530 3916 ὡς
3557 3855 3764 3907 πολλοῦ

2163 3949 2394 4017 τιμᾶται
2424 3947 2501 4015 τῷ
2536 3947 2873 4016 πατριάρχῃ.
2909 3946 2974 3997 Τί
3001 3940 3131 4010 οὗν;
3173 3944 3522 4008 ἐξουδενώσω
3543 3949 3760 3998 ἐκεῖνον

2167 4040 2271 4109 τῆς
2305 4041 2457 4110 ἱερᾶς
2507 4040 2856 4109 ὀμηγύρεως,
2903 4031 2951 4090 ὧ
3004 4037 3224 4090 κύδιστε
3283 4039 3512 4108 μοναχέ,
3561 4042 3644 4091 ὅτι
3679 4041 3757 4109 μὴ

2173 4131 2293 4186 κατ’
2326 4131 2428 4202 ἐμὲ
2458 4133 2554 4184 καὶ
2583 4131 2726 4184 κατὰ
2758 4130 2815 4182 σὲ
2850 4128 3194 4200 μελάγχιμον
3225 4124 3337 4197 εἷχε
3369 4130 3594 4199 στολὴν,
3619 4131 3757 4184 ἀλλὰ

2174 4221 2377 4295 λευκὴν
2426 4225 2567 4295 ὑπὲρ
2621 4224 2814 4294 χιόνα;
2866 4221 3182 4291 Οὗμενουν·
3234 4221 3373 4275 ἀλλὰ
3426 4223 3608 4294 ἔχοιμι
3658 4229 3764 4294 τὴν

472 4319 685 4372 ἐκείνου
736 4319 924 4390 εὐχὴν,
959 4321 1036 4383 ὼς
1083 4321 1450 4374 ἀποστολικοῦ
1498 4320 1714 4390 ἀνδρὸς,
1765 4321 1814 4374 εί
1860 4321 1955 4375 καὶ
1993 4322 2057 4375 σὺ
2096 4326 2260 4395 τυχὸν
2312 4325 2495 4386 ὀκνεῖς
2535 4324 2692 4378 αὑτό.
2735 4321 3045 4376 Ἐνεόέδυτο
3076 4318 3187 4390 γὰρ
3257 4320 3403 4374 κατά
3467 4339 3520 4374 τι
3572 4323 3764 4392 κρίνον

473 4418 568 4470 καὶ
609 4416 797 4482 αὐτὸς,
851 4418 1232 4486 εὐαγγελικῶς
1277 4419 1493 4471 εἰπεῖν’
1537 4419 1638 4488 ἤδη
1693 4418 1750 4471 δέ
1796 4420 2063 4476 καὶκατὰ
2103 4422 2388 4490 λευκοφαῆ
2431 4424 2744 4491 μάργαρον.

551 4514 670 4570 108.
703 4514 860 4580 Quod
895 4515 1057 4570 nobis
1080 4514 1247 4570 semel
1281 4516 1558 4586 apparuit,
1627 4517 1812 4572 forsan
1870 4519 2055 4574 simile
2090 4527 2136 4581 ι)

475 4614 560 4660 est
593 4608 839 4674 pulchra:
869 4609 1024 4661 stolae
1051 4605 1246 4670 Jacob,
1287 4623 1395 4674 qua
1432 4622 1559 4661 eum
1583 4623 1612 4661 a
1642 4617 1798 4677 patre
1833 4611 2066 4665 benedi-

478 4698 717 4751 cendum
756 4710 935 4753 mater
969 4699 1218 4755 Rebecca
1276 4699 1550 4756 induerat.
1585 4700 1665 4755 Tu
1700 4715 1882 4758 autem
1916 4705 2064 4759 nulla

481 4803 544 4843 re
573 4790 676 4843 alia
709 4805 773 4844 ac
805 4792 982 4860 nigris
1007 4793 1349 4848 indumentis
1383 4796 1719 4865 conspicuus
1741 4837 1756 4862 ,
1795 4812 1896 4852 cur
1939 4815 2065 4854 cum

481 4883 666 4938 divina
722 4886 936 4955 peragis
1008 4894 1062 4940 et
1112 4885 1220 4940 Deo
1275 4887 1642 4957 pr0piuquas,
1702 4890 2070 4947 circumdaris

483 4976 605 5030 lana
645 4977 831 5042 rubra,
864 4987 919 5033 et
960 4979 1081 5034 alba
1107 4996 1171 5035 ex
1205 4982 1441 5036 maxima
1479 4993 1666 5051 parte,
1709 4992 2072 5050 sanctumque

486 5079 735 5139 torquem
787 5072 896 5126 fers
943 5073 1224 5138 floridum,
1282 5090 1419 5128 auro
1499 5075 1842 5145 insignitum,
1907 5089 1964 5133 et
2015 5079 2070 5133 in

485 5166 678 5234 longas
712 5164 956 5220 fimbrias
989 5165 1380 5222 desinentem?
1429 5167 1492 5221 Et
1527 5169 1674 5238 quod
1729 5169 1908 5238 majus
1964 5180 2072 5237 esu,

487 5272 612 5310 eum
680 5258 734 5311 in
811 5258 1214 5313 hierarchieam
1272 5259 1673 5312 sublimitatem
1747 5262 2072 5326 ascemlisti,

447 5359 460 5363 ’
486 5365 653 5418 quam
693 5349 861 5406 multo
889 5368 1012 5406 cum
1063 5353 1264 5405 ardore
1297 5352 1743 5419 persequebaris,
1778 5369 1944 5422 quam
2003 5356 2078 5408 ob

491 5458 714 5498 causam
745 5447 941 5500 stolam
981 5459 1195 5500 sacram
1246 5445 1430 5498 induis
1481 5437 1740 5514 fulgidam
1790 5454 1847 5499 et
1900 5448 2081 5516 splen-

468 5536 706 5592 dentem
736 5539 1050 5609 margaritis
1072 5549 1128 5594 et
1159 5537 1437 5606 lapidibus
1472 5537 1732 5606 pretiosis
1760 5553 1922 5608 quam
1950 5555 2084 5595 con-

567 5683 680 5760 (Ιθ)
723 5681 884 5753 Sepia
913 5682 1005 5760 _(la
1065 5682 1238 5752 séche)
1271 5698 1380 5760 _est
1434 5683 1684 5760 quedam
1744 5683 2070 5760 polyporum

499 5754 869 5826 speciemqna:
913 5755 1199 5826 humorem
1235 5754 1814 5826 nigrum'deicorpn're
1853 5758 2073 5811 emittit.

470 5821 690 5891 .Loligo
740 5831 824 5878 est
885 5823 1055 5877 altera
1105 5821 1422 5885 eorumdem
1484 5821 1804 5895 polypo—rum
1856 5829 2071 5893 species

2239 4538 2309 4594 ρη
2331 4559 2345 4574 .
2392 4519 2553 4573 Ἀλλὰ
2570 4517 2730 4571 τοῦτο
2764 4517 2864 4587 μὲν
2885 4514 3098 4581 ἐσάπαξ
3125 4515 3262 4584 ἡμῖν
3293 4514 3418 4567 τότε
3444 4516 3749 4584 κατεφάνη,

2170 4613 2466 4683 παρεοικὺς
2518 4612 2652 4672 ἴσως
2694 4612 2758 4680 τῇ
2804 4608 2945 4680 καλῇ
2997 4608 3158 4680 στολῇ
3207 4605 3302 4660 τοῦ
3347 4606 3579 4671 Ἰακὼϐ,
3625 4608 3748 4676 ἧνή

2176 4710 2366 4780 μήτηρ
2394 4707 2560 4760 αὐτὸν
2613 4705 2885 4758 Ῥεϐέκκα
2917 4703 3268 4773 περιέδυσεν,
3322 4702 3754 4771 εὐλογησὸμενον

2175 4803 2280 4853 ὑπὸ
2320 4799 2413 4854 τοῦ
2460 4798 2705 4868 πατρός·
2752 4797 2816 4850 σὺ
2849 4797 2905 4849 δὲ
2951 4797 2979 4848 ό
3014 4795 3183 4865 μηδὲν
3211 4793 3342 4849 ἄλλο
3377 4792 3578 4862 σεμνὸς
3607 4793 3638 4862 ἦ
3665 4795 3758 4863 τὴν

2179 4893 2465 4965 μελανίαν,
2497 4892 2552 4945 τί
2580 4891 2643 4960 δή
2673 4907 2827 4953 ποτε,
2863 4891 2953 4942 ὅτε
2985 4889 3054 4941 τὰ
3085 4887 3205 4940 θεῖα
3246 4887 3612 4956 λειτουργείς,
3638 4887 3763 4949 ὀμι-

2174 4988 2285 5040 λῶν
2313 4985 2391 5056 τῷ
2421 4985 2564 5055 Θεῷ,
2599 4984 2763 5054 ἐρέαν
2794 4982 3038 5054 ἐρυθρὰν
3072 4979 3405 5052 περιϐάλλῃ,
3437 4979 3536 5032 καὶ⁵
3565 4979 3759 5040 λευκὴν

2182 5081 2240 5132 δὲ
2275 5079 2342 5132 τά
2385 5079 2580 5142 πλείω,
2627 5075 2724 5130 καὶ
2768 5075 2829 5127 τὸ
2879 5073 3312 5145 περιτραχήλιον
3347 5073 3510 5140 ἇγιον
3553 5069 3758 5123 ἄνθινον

2184 5173 2526 5243 περίκεισαι,
2557 5170 2651 5224 καί
2709 5187 2812 5222 που
2847 5167 3038 5238 χρυσῷ
3089 5164 3616 5230 καταπεπασμένον,
3670 5161 3758 5212 καὶ

2185 5267 2266 5328 είς
2313 5266 2661 5334 κροσσωτοὺς
2707 5262 2990 5330 ἀπολῆγον
3022 5258 3466 5330 περιϐλέπτουςς
3504 5259 3579 5311 Τὸ
3617 5257 3668 5309 δὲ
3697 5254 3755 5322 δὴ

2191 5361 2375 5429 μεῖζον
2397 5376 2409 5388 ·
2443 5359 2534 5411 ὅτε
2573 5359 2669 5412 καὶ
2702 5358 2765 5410 σὺ
2791 5355 3198 5426 ’προσαναϐήσῃ
3238 5354 3296 5418 ἐς
3334 5352 3469 5420 ὕψος
3509 5352 3753 5420 ἀρχιερα-

2189 5451 2363 5514 τικὸν,
2408 5450 2437 5503 ὃ
2473 5446 2745 5519 πολλαχοῦ
2788 5446 3163 5520 πραγματεύῃ
3195 5447 3341 5499 κατὰ
3373 5444 3612 5510 σπουδὴν
3640 5441 3755 5494 πολ-

2192 5545 2316 5612 λὴν,
2353 5543 2498 5597 διατί
2529 5542 2766 5612 ἐπενδύῃ
2790 5539 3056 5610 λαμπρὰν
3093 5538 3288 5607 στολὴν
3323 5537 3499 5608 ἱερὰν,
3537 5536 3627 5589 καὶ
3649 5535 3754 5586 οἷαν

2180 5703 2302 5760 qua:
2344 5686 2617 5760 exagitata
2674 5684 2861 5760 rubro
2885 5695 3021 5753 puro
3077 5695 3252 5754 aquas
3303 5681 3505 5756 tingit,
3537 5691 3746 5753 neque:

2185 5757 2650 5832 persequentibus
2679 5757 2912 5825 aufugit.
3123 5759 3126 5762 ’
