3992 6240
1205 345 1630 409 EUSTATHII
1669 344 2436 406 TIIESSALONICENSIS
2476 343 2918 404 METROPOLI
2937 347 3050 406 ΤλΕ

3653 341 3757 407 3’20

481 470 634 524 sicut
671 467 786 540 jam
809 467 1083 534 diximus,
1114 475 1176 522 ut
1200 466 1482 536 repudiata
1505 466 1609 520 ista
1629 464 1902 531 saeculari,
1929 463 2072 519 divi-

2185 468 2412 540 ρόμενος
2441 465 2690 531 ἀπελέξω
2729 466 2825 518 καὶ
2870 467 2970 535 τὴν
3012 461 3350 534 παρρησίαν,
3382 462 3463 526 ὡς
3492 462 3588 516 καὶ
3621 463 3754 529 ιρθὰ-

485 575 615 615 nam
692 559 964 616 invenias.
1017 559 1376 614 Abscondere
1428 574 1562 630 ergo
1617 558 1959 628 plerumque,
2022 568 2077 613 et

483 653 777 722 cxstingue
812 651 1054 707 animum
1085 651 1506 720 jactabundum,
1530 660 1590 705 ut
1622 649 1676 704 in
1710 651 1872 706 terris
1922 665 2077 705 accc-

485 753 576 816 pta
620 745 869 799 mercede
920 745 1130 815 gloriae,
1174 745 1301 799 alibi
1347 760 1451 798 non
1484 743 1696 798 incidas
1727 743 1781 796 in
1818 743 2074 797 tenebras

483 837 772 893 obscuras.
831 836 1130 893 Considera
1175 839 1339 890 etiam
1406 835 1618 905 nigram
1681 835 1833 890 intus
1899 835 2072 889 videri

484 944 880 1000 quamcunque
934 943 1194 997 magnam
1242 929 1587 997 speluncam,
1639 926 1768 995 quia
1800 942 1906 980 non
1942 925 2072 980 illu—

485 1025 734 1080 minatur
766 1036 860 1076 aer
889 1021 1144 1084 interior,
1201 1035 1310 1073 non
1367 1020 1789 1088 attingentibus,
1826 1033 1924 1072 nec
1949 1032 2074 1087 perc

483 1114 819 1178 meantibus,
849 1129 949 1166 nec
1001 1110 1422 1165 transeuntibus
1473 1110 1608 1164 solis
1653 1110 1844 1164 radiis.
1881 1108 1946 1162 Et
1974 1110 2076 1164 ite-

485 1225 607 1263 rum
660 1208 806 1262 scito
839 1204 1024 1261 simile
1053 1203 1258 1272 aliquid
1287 1217 1412 1257 esse
1448 1200 1714 1258 mundum
1741 1215 1865 1256 cum
1899 1201 2073 1268 nigris

483 1297 821 1353 indumentis
872 1296 1018 1348 inter
1073 1293 1300 1348 fratres.
1341 1292 1416 1347 lis
1469 1293 1614 1346 enim
1671 1293 1898 1347 indutus
1956 1309 2071 1345 ma-

479 1407 626 1463 guns
643 1389 946 1442 monachus
974 1386 1086 1456 jam
1115 1401 1225 1439 non
1269 1383 1430 1439 facile
1449 1384 1619 1439 videri
1649 1386 1807 1439 debet
1831 1385 1884 1438 in
1909 1399 2070 1438 mun-

485 1487 625 1539 dana
651 1482 1090 1536 conversatione.
1121 1479 1495 1535 Miscenditus
1527 1494 1586 1534 es
1626 1477 1792 1550 igitur
1825 1479 1877 1532 in
1913 1493 2069 1532 sacra

485 1574 738 1646 nigritie,
764 1575 915 1629 velut
959 1573 1012 1627 in
1060 1573 1347 1642 spelunca.
1398 1569 1465 1625 Et
1501 1571 1630 1640 quid
1669 1572 1722 1626 in
1780 1571 2066 1641 spelunca,

483 1670 539 1723 in
604 1666 922 1729 solitudine,
979 1664 1036 1719 in
1106 1665 1453 1720 habitatione
1513 1666 1752 1734 teipsum
1819 1662 2068 1718 ostendis

485 1760 713 1838 mundo,
747 1757 908 1827 quasi
937 1757 1165 1812 domum
1193 1757 1492 1825 baiulans?
1557 1756 1627 1813 Ut
1676 1757 1808 1826 quid
1863 1758 2065 1811 trium-

2178 577 2376 624 σαντες
2398 561 2630 628 εἴπομεν
2651 575 2664 588 ·
2704 558 2791 611 ἵνα
2824 559 2882 610 ὲν
2902 557 2982 626 τῷ
3017 555 3223 628 ταύτην
3249 554 3522 626 βιωτικῶς
3554 572 3758 624 παραι-
3804 595 3815 606 ..

2175 652 2453 723 τήσασθαι
2487 651 2588 722 τὴν
2617 651 2754 720 πρὸς
2783 649 2918 703 θεον
2955 648 3235 718 εὑρήσεις.
3269 647 3480 700 Οὐκοῦν
3511 647 3756 718 κρύπτου

2174 745 2242 798 τὰ
2269 744 2462 806 πλείω,
2492 743 2591 812 τὴν
2634 741 2930 813 Θρυαλλίδι
2978 740 3070 793 τοῦ
3121 738 3502 810 φανητιασμοῠ
3531 739 3758 792 ουστὲὶρ

2173 837 2305 899 λων,
2358 837 2443 890 ῐνα
2477 836 2552 907 μὴ
2583 836 2676 888 τὸν
2707 834 2899 903 μισθὸν
2932 833 3034 900 τῆς
3070 831 3330 902 mitem;
3365 832 3631 901 ἀποσχὼν
3673 833 3757 884 tv-

2172 928 2349 984 ταῦοα
2381 970 2396 992 ,
2460 929 2542 991 εἰς
2597 927 2852 996 ἀλαμπὲς
2909 927 3028 979 ἐκεῖ
3084 925 3278 987 σκότος
3329 923 3756 996 ἁποκληρωθῇς.

2178 1021 2298 1074 Ἔτι
2329 1020 2633 1090 φιλοσόφει,
2685 1020 2782 1073 καὶ
2814 1020 2897 1072 ὅτι
2953 1017 3129 1087 μέλαν
3182 1015 3551 1087 προφαίνεται
3616 1018 3760 1072 ἅπαν

2178 1114 2324 1182 μέγα
2359 1115 2622 1185 σπήλαιον
2645 1116 2714 1171 τά
2739 1133 2799 1184 γε
2829 1118 2976 1182 ἐντὸς
2996 1119 3087 1174 διὰ
3111 1119 3172 1173 τὺ
3197 1119 3290 1174 τοῦ
3315 1119 3374 1171 ἐν
3395 1119 3549 1190 αὐτῷ
3574 1119 3756 1190 ἀέρος,

2172 1206 2503 1276 ἀφώτιστον.
2541 1209 2616 1262 Οὐ
2648 1211 2761 1281 γὰρ
2794 1211 3085 1266 διικνεῖται
3113 1215 3178 1282 τῇ
3207 1212 3346 1270 θίεει
3377 1211 3476 1266 καὶ
3515 1214 3600 1276 εἰς
3628 1212 3758 1265 αὐτὸ

2173 1300 2523 1355 ἁκτινοϐολία
2573 1301 2728 1372 ἡλίου
2759 1303 3110 1370 φωτίζοντος.
3157 1305 3370 1359 Αὐτίκα
3396 1305 3455 1359 δὲ
3489 1305 3756 1373 συμφιλο-

2173 1392 2327 1460 σόφει
2358 1393 2455 1447 καὶ
2495 1393 2579 1447 ὅτι
2608 1393 2854 1448 τοιοῦτόν
2893 1413 2946 1448 τι
2975 1395 3068 1449 καὶ
3099 1398 3126 1448 6
3171 1395 3262 1450 διὰ
3297 1397 3534 1466 μέλανος
3571 1400 3757 1466 ίματι-

2175 1483 2314 1553 σμοῦ
2337 1485 2544 1554 κόσμος
2567 1487 2626 1538 ὲν
2655 1489 2770 1549 τοῖς
2803 1487 2946 1542 κατὰ
2983 1489 3065 1543 σέ.
3108 1489 3342 1554 Ὑποδὺς
3391 1489 3502 1560 γὰρ
3530 1491 3704 1543 αὐτὸν
3729 1493 3756 1544 ὀ

2175 1575 2348 1642 μέγας
2405 1576 2664 1645 μοναχὸς,
2727 1577 2913 1630 οὐκέτι
2977 1580 3109 1649 ῥᾷον
3156 1578 3364 1647 ὀφείλει
3412 1578 3756 1648 καθορᾶσθαι

2173 1665 2312 1734 πρὸς
2345 1667 2622 1737 κοσμικὴν
2657 1668 2968 1738 συνήθειαν.
2999 1670 3214 1724 Οὐκοῦν
3244 1671 3486 1742 ἐκρὺόης
3519 1671 3621 1726 καὶ
3659 1674 3756 1726 αὖ·

2171 1759 2283 1822 τὸς,
2319 1759 2391 1820 ὡς
2423 1761 2482 1812 ὲν
2515 1760 2791 1832 σπηλαίῳ,
2823 1760 2902 1830 τῷ
2941 1761 3072 1833 θείῳ
3105 1763 3317 1830 μέλανι.
3352 1762 3418 1815 Τί
3451 1763 3588 1832 γοῦν
3610 1765 3757 1834 αὐτῷ

485 1837 696 1927 pharis,
764 1851 922 1921 quasi
976 1851 1071 1922 qui
1125 1861 1450 1919 arroganter
1499 1851 1740 1907 incedit?
1778 1849 1860 1904 Ita
1928 1851 2068 1920 agis,

2181 1851 2448 1922 σπηλαίῳ,
2481 1853 2618 1923 αὐτῇ
2647 1853 3015 1923 κατακρύψει,
3043 1855 3183 1925 αὐτῇ
3217 1856 3495 1924 ἐνοικήσει
3524 1859 3756 1910 σεαυτὸν

481 1949 641 2025 quasi
668 1947 880 2017 aliquid
914 1947 1217 2014 pretiosum
1243 1947 1346 2000 sub
1370 1945 1702 2015 supellectili
1731 1945 1806 1998 sit
1833 1945 2072 2000 abscon-

481 2044 680 2106 ditum,
716 2057 787 2097 ne
817 2041 1090 2106 videatur,
1117 2047 1170 2094 et
1231 2039 1432 2094 deinde
1480 2039 1867 2094 manilestetur
1936 2053 2072 2093 cons

483 2143 566 2188 tra
599 2135 753 2204 prius
783 2131 1098 2188 consilium.
1135 2127 1230 2184 Vel
1295 2130 1430 2199 quid
1491 2145 1632 2198 opus
1688 2137 1807 2184 erat
1864 2137 1917 2190 te
1943 2129 2073 2183 abs-

483 2227 650 2282 condi
684 2227 740 2279 in
789 2225 1078 2294 principio,
1107 2224 1153 2278 si
1181 2224 1288 2278 isto
1320 2223 1484 2278 modo
1544 2223 1599 2277 in
1644 2226 1835 2278 oculos
1869 2224 2073 2278 cadere

481 2319 714 2376 volebas
730 2317 754 2371 Ἰ

571 2502 698 2557 112.
725 2503 965 2571 Squama
999 2498 1246 2570 quaedam
1270 2508 1352 2554 est
1383 2508 1476 2554 tua
1509 2498 1750 2552 exterior
1777 2497 2069 2567 nigrities;

485 2596 633 2650 intra
666 2610 788 2649 eam
825 2603 876 2648 te
907 2594 1159 2648 habitare
1180 2601 1420 2664 Oportet,
1448 2600 1508 2646 ut
1563 2593 1726 2646 talem
1778 2591 2065 2645 hominem

485 2689 663 2743 decet.
696 2686 822 2757 ipsa
854 2697 940 2742 est
969 2687 1126 2757 quasi
1188 2687 1401 2742 concha
1437 2687 1584 2740 circa
1625 2695 1676 2740 te
1713 2704 1726 2740 :
1764 2700 1830 2739 ne
1861 2686 2072 2754 cogites

485 2780 655 2850 igitur
687 2780 892 2834 bonum
926 2794 1052 2835 esse
1099 2789 1148 2834 Ie
1179 2780 1355 2834 solum
1393 2779 1592 2846 videri,
1657 2777 1754 2834 sed
1799 2779 1976 2848 magis
2003 2794 2066 2832 ea

484 2873 752 2929 abscondi
782 2871 1088 2928 secundum
1135 2889 1327 2928 verum
1358 2872 1884 2927 hominem.Cortici
1918 2872 2073 2927 simi-

485 2967 554 3020 lis
579 2977 696 3031 est;
726 2981 862 3022 cura
914 2981 1045 3036 ergo
1079 2966 1148 3020 de
1211 2964 1392 3021 fructu
1449 2965 1687 3019 maxime
1733 2965 2069 3030 necessario,

483 3058 650 3127 cujus
674 3058 851 3128 gratia
875 3067 1064 3113 cortex
1100 3057 1279 3113 factus
1299 3065 1403 3112 est.
1428 3055 1504 3112 Te
1525 3056 1699 3127 ipsum
1719 3057 2071 3122 velasti,cum

2173 1943 2456 2012 ὲκφαίνεις
2484 1944 2561 2016 τῷ
2589 1945 2803 2018 κόσμῳ,
2845 1946 2921 2010 ὡς
2959 1941 3047 2000 οἷα
3081 1948 3388 2018 φερέοικος,
3417 1949 3516 2002 καὶ
3552 1949 3756 2020 θριαμ-

2174 2037 2382 2102 ϐεύεις,
2419 2037 2494 2102 ὡς
2539 2039 3035 2112 λαμπρυνόμενοςς
3071 2041 3256 2111 ὅμοιόν
3288 2059 3343 2094 τι
3375 2042 3576 2106 ποιῶν,
3610 2043 3690 2106 ὡς
3713 2045 3758 2096 εἰ

2173 2131 2268 2186 καί
2293 2149 2343 2186 τι
2379 2133 2487 2186 τῶν
2513 2133 2966 2205 τιμαλφεστέρων
2995 2135 3198 2203 κρυϐὲν
3227 2136 3332 2189 ὑπό
3353 2153 3408 2190 τι
3434 2134 3657 2202 σκεῦος,
3686 2135 3758 2198 ὡς

2175 2225 2270 2280 καὶ
2301 2223 2612 2290 λανθάνειν,
2648 2223 2768 2280 εἶτα
2797 2227 3185 2298 δημοσιεύεται
3208 2228 3368 2300 παρὰ
3388 2227 3488 2300 τὴν
3517 2227 3758 2299 ὲξαρχῆς

2176 2315 2461 2387 πρόθεσιν.
2498 2317 2566 2372 Ἢ
2609 2318 2663 2371 τί
2696 2336 2828 2372 ποτε.
2858 2320 2953 2372 καὶ
2983 2320 3330 2390 κρύπτεσθαί
3361 2337 3419 2374 σε
3446 2321 3549 2391 τὴν
3582 2321 3758 2391 ἀρχὴν

2175 2410 2366 2480 ἐχρῆν,
2393 2412 2442 2466 εί
2474 2410 2647 2474 οὕτως
2676 2411 2870 2482 ἤθελες
2901 2412 3371 2482 περιδλίπεσθαις

2248 2501 2372 2572 ριβ’.
2414 2501 2661 2571 Κέλυφος
2694 2499 2808 2557 οἷον
2847 2505 2911 2558 τὺ
2963 2505 3021 2557 ἐν
3056 2509 3139 2559 σοὶ
3185 2507 3632 2576 προφαινόμενον
3666 2508 3760 2576 μὶ·

2175 2595 2295 2657 λαν,
2328 2596 2424 2650 καὶ
2473 2596 2580 2667 χρὴ
2625 2597 2776 2660 ἐντὸς
2818 2597 2984 2652 αὑτοῦ
3028 2599 3394 2653 κατακεῖσθαι
3426 2616 3511 2661 σε.
3550 2599 3631 2661 ὡς
3665 2602 3757 2653 huc

2175 2689 2382 2759 θρὼπῳ
2411 2691 2623 2762 πρέπον
2655 2691 2902 2762 τοιούτῳ.
2951 2692 3205 2762 Λὲπυρον
3230 2691 3424 2763 ὥσπερ
3468 2693 3607 2746 αὐτὸ
3630 2694 3755 2760 περὶ

2177 2783 2238 2836 σέ
2260 2799 2274 2814 ·
2307 2783 2429 2836 ὅθεν
2468 2784 2527 2836 οὐ
2563 2787 2670 2854 χρὴ
2702 2788 2980 2856 περινοεῖν
3008 2803 3068 2839 σε
3115 2785 3174 2839 τὸ
3221 2786 3385 2839 καλὸν
3422 2785 3482 2839 ὲν
3510 2783 3593 2855 τῷ
3623 2801 3756 2854 προ-

2175 2874 2488 2943 φαινομένῳ
2513 2879 2605 2927 καὶ
2655 2876 2824 2946 μόνῳ,
2860 2875 2996 2929 ἀλλὰ
3028 2877 3265 2946 μάλιστα
3305 2879 3363 2930 ιν
3392 2876 3471 2946 τῷ
3508 2892 3756 2944 κρυπτο-

2179 2969 2324 3039 μένῳ
2363 2968 2430 3020 δι’
2457 2968 2623 3022 αὑτοῦ
2665 2969 2788 3023 κατ’
2819 2969 3110 3040 ἄνθρωπον
3139 2969 3230 3023 τὴν
3263 2969 3453 3030 ὅντως.
3481 2971 3758 3039 Περικαρ·

2176 3063 2288 3132 πίῳ
2319 3062 2518 3117 ἔοικεν.
2564 3062 2860 3133 Ἐπιμελοῦ
2895 3064 3076 3116 τοίνυν
3103 3062 3196 3116 τοῦ
3229 3061 3446 3134 καρποῦ
3474 3061 3572 3114 τοῦ
3597 3063 3759 3128 ἀναγ-

483 3151 822 3222 proposmsti
846 3150 1134 3207 abscondi.
1151 3151 1263 3206 Cur
1285 3164 1419 3219 appa
1429 3150 1540 3205 res?
1564 3148 1730 3204 Existi
1748 3150 1816 3204 de
1834 3150 2070 3204 mundo:

2181 3153 2473 3208 καιοτάτου
2506 3154 2600 3206 καὶ
2635 3147 2700 3207 οὗ
2733 3153 2896 3223 χάριν
2931 3152 2992 3206 τὸ
3019 3152 3410 3222 περικάρπιον.
3456 3149 3758 3218 ἰιφάνισας

483 3260 586 3298 cur
607 3243 811 3300 videris
827 3244 1180 3314 importune?
1201 3243 1500 3298 Teindieet
1519 3243 1716 3304 virtus.
1740 3242 1935 3312 sicque
1951 3256 2063 3296 non

485 3337 778 3406 apparebis
809 3337 1068 3392 libenter.
1105 3337 1228 3391 Alio
1262 3335 1428 3392 modo
1456 3335 1604 3391 enim
1656 3335 2069 3401 manifestatus,

484 3446 597 3486 non
628 3430 819 3487 diﬂers
857 3431 925 3485 ab
955 3431 1035 3485 eis
1063 3429 1156 3501 qui
1191 3429 1480 3484 vendenda
1515 3429 1571 3483 in
1607 3428 1864 3499 compitis
1908 3427 2075 3497 jacti-

485 3533 628 3580 tant.
651 3522 918 3580 Ardet-em
941 3524 1280 3578 mundanum
1307 3522 1455 3576 Velut
1500 3522 1606 3578 sub
1634 3521 1824 3577 cinere
1839 3521 2074 3575 abscon-

487 3617 643 3682 disti,
696 3630 822 3670 cum
851 3612 963 3669 Deo
997 3613 1229 3668 devotus
1257 3629 1315 3668 es
1337 3630 1351 3676 ;
1377 3628 1538 3668 serva
1567 3612 1736 3684 igitur
1771 3627 1897 3667 eum
1929 3621 2073 3666 tem-

489 3723 622 3778 pore
645 3713 958 3776 opportuno
991 3706 1345 3760 excitandum
1374 3723 1387 3761 :
1414 3720 1536 3759 ama
1568 3704 1736 3774 igitur
1767 3705 1906 3760 liber
1926 3718 2071 3759 esse.

487 3799 803 3853 Crucitixus
831 3811 912 3859 es,
977 3797 1120 3851 sicut
1183 3813 1213 3850 a
1263 3797 1537 3867 principio
1565 3798 1617 3851 in
1653 3807 1880 3853 tonsura
1941 3811 2074 3866 spo-

488 3891 758 3962 pondisti.
807 3888 916 3944 llbi
985 3905 1116 3960 ergo
1171 3894 1414 3960 negotia,
1476 3899 1572 3946 aut
1624 3891 1875 3948 homines
1902 3889 1970 3946 ad
2024 3900 2076 3948 te

487 3984 729 4038 clamant
759 3999 772 4037 :
807 3999 826 4032 ι
868 3980 1150 4036 Descende
1202 3997 1348 4036 nunc
1393 3981 1460 4036 de
1501 3996 1684 4048 cruce,
1702 3982 1748 4013 ”
1780 4000 1798 4033 ι
1857 3997 1924 4036 ne
1978 3981 2076 4037 de-

489 4077 750 4140 scendas,
779 4090 810 4130 e
838 4081 1031 4130 contra
1052 4084 1307 4141 exspecta
1338 4072 1517 4128 donec
1542 4074 1722 4129 soluto
1742 4074 1936 4145 spiritu
1965 4089 2075 4130 non

487 4169 813 4230 descendas,
845 4168 940 4224 sed
988 4151 1278 4234 ascendas,
1315 4181 1384 4222 ne
1443 4165 1645 4222 evadas
1672 4167 2075 4224 horrendorum

489 4261 876 4318 scandalorum
911 4276 1063 4316 reus.
1094 4258 1215 4315 Noli
1265 4259 1562 4329 ancipitem
1617 4260 1783 4314 vitam
1846 4259 2073 4328 ducere,

490 4355 584 4430 qui
619 4360 838 4411 unicam
882 4356 1100 4410 vovisti.

565 4617 690 4674 U3.
712 4611 1032 4673 llonachica
1051 4617 1164 4672 vita
1183 4627 1242 4674 ut
1258 4619 1450 4674 mumli
1469 4619 1854 4676 condemnatio
1873 4622 2072 4676 tradita

493 4720 597 4776 est,
624 4719 808 4764 nonut
829 4709 1061 4765 facultas
1082 4711 1269 4766 utendi
1297 4713 1514 4778 ;exitur
1532 4715 1599 4768 ab
1625 4729 1710 4780 eo,
1728 4731 1837 4769 non
1860 4715 2075 4769 vaditur

495 4801 561 4854 ad
596 4817 718 4856 eum
741 4819 756 4869 ;
783 4803 892 4856 vita
928 4813 1011 4858 est
1037 4804 1395 4874 quiescentis,
1421 4823 1530 4862 non
1574 4809 1917 4864 mercatoris.
1951 4807 2076 4862 Tibi

493 4907 676 4953 autem
721 4901 924 4954 mundo
989 4904 1328 4969 renuntiare,
1397 4912 1483 4960 est
1540 4903 1726 4958 addici
1787 4905 2075 4974 lieentize;

435 5003 437 5006 ·
495 4998 650 5043 ῑιιιιιιι
679 5008 697 5040 ι
722 4991 886 5044 etiam
910 5009 928 5043 ι
958 4993 1178 5062 quodin
1206 5001 1429 5048 tonsura
1455 4995 1754 5064 protulisti,
1775 4995 2075 5065 perfectum

495 5098 601 5136 non
629 5087 801 5138 evasit
821 5100 844 5161 ς.
873 5094 1137 5155 tuumque
1171 5106 1188 5139 ι
1210 5103 1320 5141 non
1350 5106 1367 5140 ι
1393 5087 1732 5155 negationem
1761 5092 2025 5143 mentitur
2059 5108 2071 5143 :

443 5181 679 5255 ‘omnia
744 5192 1127 5252 permutantur
1187 5185 1347 5255 quasi
1411 5182 1650 5255 quada'u
1727 5185 2070 5255 antiphrasi,

493 5277 642 5330 aliud
674 5291 771 5341 pro
803 5277 910 5330 alio
947 5279 1193 5347 ponitur.
1239 5276 1610 5348 Interrogatus
1641 5278 1785 5332 enim
1825 5279 1880 5331 in
1915 5293 2072 5334 sacro

492 5367 706 5434 limine,
737 5377 922 5424 utrum
951 5370 1294 5426 consentires
1323 5369 1381 5424 in
1412 5371 1702 5426 mundanis
1739 5371 2076 5426 vanitatibus

489 5459 603 5528 jam
637 5478 743 5514 non
774 5464 1004 5528 versari,
1036 5478 1176 5534 quas
1210 5463 1486 5518 referebat
1527 5464 1899 5534 interrogans,
1924 5465 2075 5520 dicto

496 5552 676 5616 etiam,
720 5553 1023 5619 promisisti
1059 5555 1221 5609 modo
1256 5569 1392 5609 sane
1429 5553 1782 5609 aﬂirmativo.
1813 5553 1928 5610 Iloc
1957 5567 2076 5611 erat

501 5653 648 5699 recte
681 5643 1037 5713 loquentibus
1070 5660 1294 5716 negare.
1346 5645 1554 5704 Exinde
1593 5648 1764 5716 enim,
1803 5655 2071 5720 quantum

571 5818 616 5849 "
638 5817 832 5878 Matth.
868 5837 1044 5887 mm,
1069 5824 1159 5879 40.

2179 3247 2408 3301 σεαυτὸν
2437 3248 2504 3316 τῇ
2533 3245 2793 3316 προθέσει
2825 3244 2919 3297 τοῦ
2969 3243 3335 3314 κρύπτεσθαι.
3369 3242 3436 3295 Τί
3479 3241 3550 3312 δὴ
3589 3258 3760 3310 φανη-

2175 3338 2330 3407 τιᾷςς
2367 3336 2531 3398 Ἐδυς
2558 3336 2622 3388 ἐκ
2655 3334 2750 3388 τοῦ
2796 3333 3028 3404 κόσμου.
3071 3333 3137 3386 Τί
3181 3332 3314 3401 γοῦν
3340 3332 3586 3402 ικφαίνῃ
3611 3332 3761 3400 παρὰ

2177 3430 2408 3500 καιρόν;
2461 3427 2883 3500 Καταμηνυέτω
2911 3443 2972 3480 σε
3011 3427 3045 3497 ἡ
3085 3426 3257 3498 ἀρετή
3285 3442 3298 3455 ·
3328 3426 3424 3478 καὶ
3457 3422 3640 3487 οὕτως
3663 3424 3761 3494 οὐχ

2179 3519 2323 3575 ἑκὼν
2352 3521 2638 3590 ὲκφαίνου.
2677 3519 2871 3583 ’Λλλος
2919 3519 3031 3589 γὰρ
3067 3517 3471 3590 προαγόμενος,
3519 3516 3677 3570 οὐδέν
3711 3533 3759 3568 τι

2178 3613 2460 3684 διαφέρεις
2490 3613 2622 3680 τῶν,
2651 3613 2766 3666 ὅσοι
2798 3610 2938 3665 κατὰ
2961 3611 3058 3672 τὰς
3090 3611 3289 3679 ἀγυιάς
3321 3607 3669 3679 πομπεύουσι
3693 3608 3760 3660 τὰ

2179 3707 2568 3778 ὶμπολώμενα.
2620 3703 2709 3770 Ὠς
2741 3705 2848 3759 ὑπὸ
2885 3704 3078 3775 σποδιᾷ
3105 3721 3216 3758 τινι
3258 3703 3319 3756 τδ
3343 3703 3402 3756 ἰν
3445 3703 3536 3754 σοὶ
3568 3719 3760 3771 κοσμι·

2178 3799 2276 3854 κὸν
2311 3799 2516 3870 θερμὸν
2554 3797 2820 3870 ἔκρυψας,
2855 3797 3192 3866 ἀναθέμενος
3227 3795 3305 3864 τῷ
3345 3795 3490 3866 Θεῷ.
3510 3794 3758 3848 οῠλαττε

2179 3894 2272 3950 οὖν
2303 3894 2436 3948 αὐτὸ
2463 3896 2544 3957 εἰς
2574 3892 2771 3962 ἄναψιν
2800 3889 3089 3960 εὔκαιρον
3113 3889 3309 3958 ἀγάπα
3331 3890 3516 3941 τοίνυν
3540 3885 3762 3958 annos.

2181 3991 2448 4062 ρωμένος.
2527 3984 2915 4058 Ἐσταυρὼθης
2941 4024 2956 4050 ,
3013 3983 3158 4037 καθά
3212 3982 3310 4053 τὴν
3361 3983 3542 4052 ἀρχὴν
3584 3979 3761 4044 ἐπάξω

2179 4079 2522 4151 κειρόμενος.
2549 4079 2613 4132 El
2636 4078 2817 4132 τοίνυν
2839 4079 2871 4148 ἢ
2897 4075 3200 4144 πράγματα
3229 4075 3262 4146 ἢ
3286 4074 3570 4144 ἄνθρωποι
3599 4071 3759 4142 βοῶσι

2179 4172 2320 4244 πρὸς
2353 4172 2449 4224 σέ·
2507 4188 2529 4222 ι
2571 4169 2804 4223 Κατάϐα
2864 4168 2960 4222 νῦν
3012 4167 3121 4222 άπὸ
3157 4165 3252 4220 τοῦ
3307 4164 3549 4232 σταυροῦ
3575 4178 3588 4193 ·
3623 4183 3646 4216 ο
3687 4165 3759 4233 μὴ

2181 4264 2502 4328 κατάϐαινε,
2566 4264 2704 4318 ἀλλὰ
2754 4263 3033 4335 πρόσμενε
3075 4261 3174 4337 τὴν
3229 4259 3320 4313 διὰ
3375 4258 3760 4328 πνευματικῆς

2180 4358 2664 4430 ἀποκαθηλώσεως
2687 4357 2747 4410 οὗ
2779 4356 3106 4423 κατάϐασιν,
3129 4351 3247 4407 ἀλλ’
3269 4353 3444 4414 ὅντως
3470 4351 3758 4405 ἀνάϐασιν·

2185 4452 2275 4506 ἵνα
2311 4450 2386 4522 μὴ
2417 4449 2732 4504 σκανδάλων
2761 4449 2933 4511 αῐτιος
2965 4446 3240 4517 emam;
3271 4444 3488 4499 δεινῶν.
3517 4445 3615 4516 Μὴ
3645 4441 3759 4498 θέλε

2106 4527 2152 4583 θ
2179 4544 2448 4615 ἀμφίϐιος
2475 4538 2640 4609 εἶναι,
2674 4544 2702 4595 6
2732 4541 2988 4612 κυρώσας
3021 4536 3162 4593 εἶναι
3192 4537 3466 4610 μονόῦιος.

2255 4641 2383 4706 ριγ’.
2435 4635 2501 4686 Ἦ
2538 4631 2813 4703 μοναχικὴ
2873 4630 3126 4684 πολιτεία
3159 4631 3370 4699 κόσμου
3404 4628 3759 4697 κατάγνωσις

2181 4723 2322 4780 εἶναι
2361 4725 2601 4790 δέδοται,
2639 4725 2703 4778 οὐ
2763 4724 2874 4795 μὴν
2905 4723 3094 4791 ἔφεσις
3120 4738 3133 4751 ·
3165 4721 3524 4792 ἀναχώρησις
3562 4722 3625 4787 ἐξ
3663 4722 3764 4774 αὖ·

2181 4821 2298 4888 τοῦ,
2344 4821 2406 4872 οὐ
2457 4818 2853 4891 προεχώρησις
2917 4819 3004 4870 ἐπ’
3068 4817 3267 4871 αὐτόν·
3297 4816 3764 4888 ἁπραγμάτευτος

2189 4914 2325 4984 βίος,
2357 4915 2418 4966 οὗ
2449 4911 2967 4984 πραγματευτικός.
2998 4911 3089 4964 Σοὶ
3119 4911 3183 4964 δὲ
3204 4912 3238 4980 ἡ
3262 4909 3357 4961 τοῦ
3379 4909 3594 4978 κόσμου
3627 4907 3766 4962 ἀπόο

2186 5007 2340 5072 ταξις
2387 5006 2667 5076 ἀκοσμίας
2695 5005 2843 5058 ἐστὶν
2872 5003 3144 5068 ἐπίταξις·
3181 5003 3278 5055 καὶ
3325 5001 3455 5054 οὔτε
3485 5002 3549 5054 τδ
3589 5003 3650 5053 ἑν
3682 4999 3765 5053 σοὶ

2193 5118 2213 5152 ι
2245 5100 2339 5153 ναὶ
2376 5117 2397 5151 ε
2451 5099 2510 5152 τὸ
2558 5101 2658 5169 τῆς
2709 5101 2914 5167 κουρᾶς
2960 5100 3043 5162 εἰς
3090 5096 3322 5167 ἀκριῦὲς
3350 5096 3765 5166 ἀπεκϐἑόηκεν,

2184 5192 2260 5254 ὡς
2296 5188 2437 5245 εἶναι
2471 5191 2805 5262 αὐτόχρημα
2845 5209 2864 5242 ι
2893 5190 3008 5244 ναί·
3051 5210 3067 5242 ι
3111 5191 3296 5255 καὶτὸ
3332 5207 3350 5240 ι
3393 5187 3455 5240 οὒ
3497 5207 3516 5239 ι
3549 5187 3611 5240 δὲ
3641 5187 3769 5256 ψεύ-

2184 5285 2340 5338 δεται
2376 5284 2476 5354 τὴν
2521 5284 2778 5353 ἄρνησινο
2818 5283 2896 5347 ὡς
2933 5284 3410 5353 ἀντιμεταχωρείν
3437 5280 3581 5334 αὐτὰ
3625 5279 3768 5348 λόγῳ

2183 5367 2295 5427 οἷον
2347 5373 2890 5444 ἁντιπεριστάσεως,
2942 5373 3038 5426 καὶ
3099 5372 3277 5435 οὕτως
3339 5373 3462 5425 ἀντὶ
3517 5371 3768 5440 ἀλλήλων

2186 5467 2340 5536 παρά
2373 5467 2437 5536 γέ
2491 5484 2576 5519 σοι.
2625 5465 2900 5520 τίσεσθαι.
2948 5465 3339 5535 Ἦρωτημίνος
3389 5465 3499 5534 γὰρ
3535 5463 3636 5516 ἐπὶ
3669 5459 3767 5514 τοῦ

2185 5558 2463 5612 θειοτάτου
2499 5557 2766 5628 βήματος,
2805 5559 2856 5611 εί
2904 5557 3218 5628 ὁμολογεῖς,
3262 5560 3339 5627 μὴ
3371 5556 3432 5608 ἒν
3467 5554 3770 5623 manuari:

2183 5647 2324 5708 εἶναι
2373 5651 2728 5725 φαυλότησιν,
2778 5651 2846 5716 ἃς
2878 5653 2907 5707 6
2931 5650 3160 5723 ἐρωτῶν
3197 5650 3502 5717 ἐξετίθετο,
3535 5645 3767 5703 nactast»
