3992 6240
460 409 568 474 823

463 613 926 682 appropinquant,
977 619 1246 680 quantum
1296 623 1626 664 concessum
1683 618 1788 672 est,
1857 605 2038 676 magni

463 706 572 760 mei
606 703 886 768 monachi,
921 703 1214 772 utriusque
1257 701 1500 757 civitatis
1534 701 1748 767 incoize,
1773 700 1893 770 ejus
1921 715 2042 770 qua:

464 797 609 850 infra
646 811 842 866 magna
877 805 981 858 est,
1011 804 1062 850 et
1093 795 1242 851 illius
1283 809 1403 864 quae
1431 795 1486 849 in
1521 795 1738 863 superis
1775 793 2040 859 maxima,

464 903 635 960 super
667 903 981 944 sermonem
1017 897 1072 944 et
1100 903 1268 960 super
1318 888 1684 943 intellectum.
1715 887 1825 944 Vos
1859 896 2040 943 autem

465 993 651 1038 utrum
714 981 975 1036 oriamini
1028 996 1139 1036 non
1187 981 1297 1036 vidi
1335 997 1476 1055 ego;
1525 982 1617 1036 sed
1652 997 1715 1035 ex
1759 995 1869 1051 quo
1910 993 2047 1036 tent-

471 1092 606 1146 pore
633 1076 919 1130 vobiscum
965 1090 1110 1140 sum,
1160 1083 1365 1130 terram
1400 1075 1570 1129 altero
1599 1075 1811 1130 circulo
1847 1086 2047 1146 prmter

465 1169 801 1240 descriptum
832 1166 1126 1222 circuitum
1168 1176 1532 1236 permeantes,
1553 1183 1769 1238 semper
1797 1170 1850 1222 in
1895 1169 2046 1222 occi-

465 1261 648 1318 dentis
686 1260 936 1331 partibus
981 1259 1314 1326 versamini;
1367 1260 1629 1328 ignoratis
1699 1259 1829 1314 solis
1862 1267 2040 1314 ortum

463 1370 630 1424 quam
685 1353 925 1422 practica
967 1359 1021 1406 et
1061 1351 1270 1405 tlieoria
1296 1391 1310 1416 ,
1354 1353 1622 1422 optimum
1671 1367 1807 1420 par,
1845 1362 2048 1406 norunt

466 1448 742 1510 attollere,
769 1455 824 1499 et
856 1459 966 1515 quo
997 1445 1050 1497 in
1082 1445 1280 1499 coelum
1321 1444 1486 1498 homo
1539 1445 1634 1499 Dei
1672 1445 1871 1500 evolat.
1910 1445 2048 1500 Pra-

467 1542 614 1596 ctica
652 1540 765 1612 (1'2)
795 1541 1020 1597 omnino
1055 1539 1274 1594 diversa
1311 1555 1338 1592 a
1370 1547 1551 1595 vestra
1597 1542 1807 1611 regula,
1831 1550 1884 1598 et
1932 1553 2046 1597 tota

468 1635 576 1689 alia
610 1635 819 1688 theoria
852 1640 1021 1704 atque
1054 1641 1269 1686 nostra.
1303 1630 1434 1698 Qure
1463 1633 1608 1686 enim
1642 1651 1738 1690 vos
1783 1635 1964 1704 agitis,
1995 1646 2049 1689 et

469 1741 590 1795 qua:
629 1723 1179 1794 cogitatis,homines
1212 1724 1466 1793 vulgares
1499 1724 1643 1778 haud
1674 1725 2046 1784 imitarentur.

470 1819 604 1874 Cum
637 1817 782 1872 enim
840 1816 1020 1871 omnis
1050 1815 1374 1870 monachica
1416 1818 1560 1872 actio
1595 1816 1661 1870 ad
1716 1816 2043 1873 imitandum

473 1913 644 1968 Deum
683 1911 778 1981 qui
837 1925 1055 1980 semper
1087 1924 1254 1980 agens
1287 1925 1433 1963 nunc
1459 1921 1511 1962 et
1542 1918 1810 1981 perpetuo
1855 1926 2051 1981 cpera-

471 2015 582 2072 tttr,
610 2012 925 2066 concurrat,
952 2002 1109 2056 aliter
1139 2018 1233 2057 vos
1271 2003 1453 2072 agitis,
1481 2004 1700 2073 negotia
1732 2015 2050 2074 operantes,

472 2113 502 2149 ιι
545 2095 747 2166 quibus
805 2109 1006 2149 nomen
1061 2093 1272 2148 ducunt
1314 2102 1539 2148 exactor
1598 2103 1653 2148 et
1715 2095 2051 2164 negotiator,

475 2206 584 2243 nun
646 2198 828 2242 autem
885 2186 969 2241 vir
1016 2185 1315 2254 practicus,
1371 2193 1430 2239 ut
1482 2187 1740 2257 superius
1787 2187 2054 2245 diximus.

473 2282 607 2338 Nam
661 2279 949 2336 solitudini
987 2287 1199 2332 tantum
1244 2277 1571 2346 adhassistis,
1617 2291 1882 2348 quantum
1943 2293 2058 2336 len-

475 2378 632 2432 toriis
670 2376 956 2440 vinitores,
998 2385 1050 2427 et
1087 2372 1235 2428 cellae
1275 2371 1593 2429 fructuaria:
1641 2375 1730 2430 ille
1780 2379 1869 2430 cui
1925 2391 2058 2431 cura

473 2479 558 2523 c'sl
581 2468 648 2524 de
669 2481 980 2523 cucumere.
1014 2463 1166 2532 Quod
1194 2479 1325 2520 sane
1351 2473 1436 2520 est
1460 2464 1709 2519 multum.
1734 2464 2061 2537 Plerumque

475 2573 657 2617 autem
711 2570 770 2613 ut
800 2559 1066 2614 nomadas
1099 2557 1283 2612 vivere
1315 2558 1588 2628 satagitis,
1617 2556 1738 2612 loca
1776 2573 1875 2628 pro
1925 2559 2062 2615 locis

485 2653 805 2723 frequenter
846 2661 1080 2715 mutare,
1122 2649 1215 2704 ubi
1247 2665 1442 2719 purum
1495 2663 1624 2703 acra
1681 2649 1974 2717 hauriatis,
2007 2659 2060 2704 et

479 2746 696 2812 iungam
732 2743 898 2796 vitam
927 2757 992 2796 eo
1022 2743 1184 2795 modo
1216 2739 1430 2794 vivatis.

1167 401 1596 466 EUSTATHII
1628 399 1923 463 THESSA
1934 397 2078 462 LON
2093 401 2106 458 Ι
2120 400 2388 461 CENSIS
2437 401 3006 463 METllOl’OLlT/E

533 520 658 577 116.
691 519 784 575 Sic
837 517 1106 574 orientem
1158 515 1327 574 solem
1372 517 1689 581 imitantur,
1742 515 1872 569 dum
1933 514 2120 574 DeoA

2224 523 2359 584 ρις’.
2399 518 2510 570 Καὶ
2530 516 2671 570 οὕτω
2709 517 2812 587 μὲν
2843 517 3082 588 ἡλιακὴν
3125 517 3393 588 ἀνατολὴν
3431 519 3730 590 μιμοῦνται

2147 606 2266 677 Θεῷ
2315 609 2778 680 παρεξισούμενοι
2815 609 2956 663 κατά
2989 627 3052 678 γε
3084 607 3147 663 τὸ
3177 610 3463 682 ἐγχωροῦν
3509 614 3559 666 oi
3606 615 3732 684 ἐμοὶ

2147 702 2351 755 ἐκεῖνοι
2392 702 2904 773 μεγαλοσχήμονες,
2935 705 2983 756 οί
3018 703 3228 757 πόλεων
3262 705 3546 776 ἑκατέρων
3577 705 3730 759 πολῖ-

2145 813 2260 862 ται,
2290 797 2390 866 τῆς
2421 813 2481 849 τε
2514 797 2666 850 κάτω
2701 796 2946 867 μεγάλης
2995 799 3089 850 καὶ
3125 799 3225 867 τῆς
3253 799 3367 853 ἄνω
3407 799 3730 870 ὑπερμεγέο

2147 889 2300 956 Θους,
2341 892 2422 944 δτι
2459 893 2553 943 καὶ
2593 891 2738 961 ὑπὲρ
2786 889 2942 959 λόγον
2975 892 3072 944 καὶ
3123 891 3246 944 νοῦν
3292 892 3533 946 ἅπαντα.
3589 893 3730 945 ’Λλϊ

2148 983 2306 1054 ὑμεῖς
2355 985 2404 1036 εί
2450 984 2552 1053 μέν
2584 1001 2714 1037 ποτε
2767 983 3108 1050 ἀνετείλατε,
3145 987 3245 1038 οὐκ
3275 983 3417 1039 εἶδον
3456 985 3592 1054 ἐγὼο
3644 986 3730 1051 ἐξα

2149 1075 2273 1130 ότου
2304 1074 2360 1128 δὲ
2411 1074 2541 1145 ὑμῖν
2572 1074 2917 1144 ὲνετράνισα,
2952 1074 3285 1138 κυκλοῦντες
3335 1075 3604 1128 κυκλοῦτε
3632 1074 3731 1142 τὴν

2149 1170 2254 1240 γῆν
2288 1168 2464 1233 ἄλλως
2499 1169 2650 1236 παρὰ
2681 1168 2744 1222 τὸ
2768 1169 3182 1239 γεγραμμένον,
3214 1171 3308 1223 καὶ
3341 1169 3462 1222 ἐστὲ
3501 1172 3592 1225 ἀεὶ
3623 1172 3730 1224 τῶν

2149 1261 2397 1330 δυσμῶνο
2432 1259 2759 1328 ἀγνοοῦντες
2804 1259 3132 1328 ἀνατολικὴν
3166 1258 3457 1325 ἀνάϐασιν,
3491 1260 3560 1331 ἣν
3593 1265 3734 1330 πρᾶ-

2154 1354 2236 1419 ξις
2271 1355 2364 1407 καὶ
2404 1353 2608 1424 θεωρία
2639 1347 2785 1406 οἳδεν
2819 1353 3067 1419 ἀνάγειν,
3106 1354 3138 1421 ἡ
3175 1351 3316 1422 καλὴ
3349 1353 3584 1422 ξυνωρίς
3615 1371 3628 1384 ·
3663 1355 3732 1408 δι’

2151 1444 2219 1520 ἦς
2261 1449 2343 1510 εἰς
2370 1447 2602 1517 οὐρανὸν
2649 1446 2950 1516 ἀνατρέχει
3008 1444 3147 1497 Θεοῦ
3184 1444 3496 1514 ἄνθρωπος.
3529 1447 3736 1518 Πρᾶξις

2160 1543 2297 1612 ᾶλλη
2334 1541 2614 1603 παντελῶς
2670 1541 2817 1611 παρὰ
2871 1541 2971 1608 τὴν
3007 1541 3064 1592 ἐν
3092 1540 3224 1609 ὑμῖν
3265 1539 3692 1612 πολιτευομένην
3717 1558 3733 1574 ο

2153 1633 2360 1705 θεωρία
2395 1633 2613 1704 ὲτεροία
2645 1630 2850 1701 πάντη,
2884 1631 3108 1694 πάντως
3139 1633 3236 1685 καὶ
3272 1631 3415 1702 αὑτὴ
3452 1637 3608 1704 παρὰ
3638 1636 3739 1704 τὴν

2153 1729 2279 1783 καθ’
2320 1731 2490 1799 ἡμᾶς.
2547 1723 2650 1782 Οἷα
2709 1729 2820 1800 γὰρ
2874 1727 3143 1800 πράττετε
3199 1729 3389 1798 ὑμεῖς,
3432 1733 3528 1784 καὶ
3579 1733 3738 1785 ὁποῖα

2154 1819 2455 1887 θεωρεῖτε,
2509 1818 2620 1872 οὐδ’
2676 1817 2742 1871 ἄν
2817 1818 3066 1886 ἀγελαῖοι
3118 1818 3314 1886 ἀνδρες
3374 1825 3738 1889 μιμῂσαιντσ.

2159 1911 2418 1982 Πράξεως
2477 1911 2588 1982 γάρ
2662 1913 2967 1981 μοναχικῆς
3037 1912 3257 1983 ἁπάσης
3313 1914 3451 1976 πρδς
3503 1915 3743 1985 μίμησιν

2157 2004 2612 2074 ἀπευθυνομένης
2653 2001 2814 2068 Θεοῦ,
2852 2003 2911 2066 ὃς
2949 2004 3036 2056 ἀεὶ
3091 2005 3312 2075 ἐνεργὸς
3366 2005 3465 2071 ῶν,
3509 2008 3618 2070 ἕως
3648 2012 3742 2072 καὶ

2159 2095 2286 2168 ἄρτι
2320 2095 2641 2168 ἐργάζεται,
2700 2096 2854 2166 ὑμεῖς
2902 2096 3079 2160 ἄλλως
3131 2099 3432 2166 ὲνεργεῖτε,
3489 2104 3745 2168 πρακτέα

2162 2192 2549 2261 ἐργαζόμενοι,
2583 2189 2642 2255 ἐξ
2669 2182 2744 2244 ὧν
2777 2191 2804 2243 ὁ
2833 2193 3101 2261 πράκτωρ
3134 2194 3229 2245 καὶ
3266 2192 3294 2243 ὁ
3319 2208 3747 2262 πραγματευτι-

2166 2286 2260 2349 κὸς
2292 2284 2676 2353 ὀνομάζονται,
2712 2284 2772 2336 οὐ
2817 2284 2924 2354 μὴν
2975 2285 3068 2336 καὶ
3117 2284 3144 2336 ὁ
3181 2290 3495 2353 πρακτικὸς
3531 2286 3748 2356 ἄνθρω-

2169 2395 2290 2442 πος,
2332 2376 2477 2430 καθά
2527 2378 2622 2430 καὶ
2677 2377 2988 2445 φθάσαντες
3025 2376 3470 2447 διεγραψάμεθα.
3513 2379 3594 2449 Τῇ
3649 2381 3750 2450 μὲν

2169 2470 2278 2540 γὰρ
2335 2471 2470 2540 μονῇ
2533 2468 2792 2524 τοσοῦτον
2843 2469 3302 2538 προστετήκατε,
3343 2471 3423 2532 είς
3468 2471 3598 2523 ὅσον
3656 2474 3751 2525 xui

2171 2564 2398 2636 σκηναῖς
2461 2562 2511 2614 οἱ
2557 2562 2958 2632 ἀμπελουργοὶ,
3018 2562 3115 2613 καὶ
3168 2561 3653 2632 ὀπωροφυλακίοις
3699 2566 3750 2616 οί

2169 2658 2299 2727 περὶ
2331 2656 2402 2709 τά
2439 2656 2770 2722 σικυήλατα.
2832 2654 2940 2707 Ku‘t
2987 2653 3102 2707 ἔστι
3145 2655 3242 2706 καὶ
3283 2656 3441 2707 τοῦτο
3476 2657 3639 2712 πολύ.
3669 2658 3752 2710 Τά

2170 2748 2342 2802 πλείω
2379 2750 2487 2817 γὰρ
2517 2747 2658 2800 κατὰ
2684 2747 2813 2807 τοὺς
2857 2746 3225 2816 Ἀμαξοδίους
3255 2746 3447 2817 διαζῆν
3480 2765 3753 2819 πραγμα-

479 2837 726 2902 τεύεσθε,
780 2837 877 2890 καὶ
915 2835 1086 2906 συχνὰ
1119 2833 1339 2903 ⁸τόπους
1373 2833 1558 2887 τόπων
1593 2833 1887 2904 ἀμείϐειν,
1924 2837 2054 2894 ἔνθα
2096 2842 2336 2914 καθαρὸν
2389 2844 2528 2912 ἀέρα
2585 2841 2847 2906 σπάσετε,
2899 2839 2967 2894 δι’
3015 2835 3076 2894 οὗ
3121 2842 3181 2892 τὸ
3249 2841 3552 2912 μακρόῦιον
3622 2845 3754 2912 ὑμῖν

483 2931 933 3002 περιγενήσεται.

557 3024 678 3080 ll'l.
722 3023 978 3079 Sanctam
1002 3021 1324 3086 Ecclesium,
1353 3029 1411 3076 ut
1446 3021 1702 3090 arbitror,
1725 3027 2070 3096 concupisci-
2097 3037 2141 3098 ε

485 3118 556 3172 tis
576 3159 590 3184 ,
615 3127 674 3172 ut
704 3118 848 3171 servi
876 3115 1104 3182 Christi,
1135 3124 1186 3169 et
1215 3117 1464 3170 conservi
1506 3117 1715 3183 nostri;
1741 3116 1835 3173 sed
1863 3133 1894 3170 a
1928 3135 2065 3172 con-

488 3210 676 3279 cupito
699 3207 1029 3277 elongamini
1050 3207 1305 3276 operibus
1332 3207 1534 3275 quibus
1568 3209 1870 3276 saepissime
1898 3209 2069 3276 agita-

493 3301 627 3358 u.ini
650 3317 671 3367 ί
697 3298 1001 3370 perfectum
1030 3312 1167 3368 opus
1195 3297 1470 3366 linquitis,
1511 3307 1565 3351 et
1598 3296 1888 3364 iudulgetis
1921 3297 2072 3350 vani-

487 3392 783 3463 tatignihil
818 3392 971 3448 scitis
1011 3389 1298 3462 Spirituale
1333 3405 1441 3458 quo
1485 3389 1611 3444 licet
1635 3389 1846 3458 angelis
1892 3405 2071 3443 annu-

490 3490 714 3552 merari,
744 3495 797 3540 et
825 3487 968 3540 inter
999 3486 1221 3556 pinguia
1252 3495 1306 3538 et
1328 3486 1514 3555 gravia
1550 3482 1844 3538 versamini
1871 3481 2072 3552 quibus

489 3598 646 3639 utens
699 3583 895 3637 devota
931 3582 1041 3634 Deo
1080 3581 1131 3634 itt
1165 3591 1366 3634 terram
1414 3577 1744 3648 deprimitur
1775 3586 1827 3630 et
1881 3590 2072 3630 ascen.

490 3677 620 3734 dere
649 3675 872 3730 desinit.
907 3673 1034 3727 Ideo
1078 3671 1382 3740 discipulus
1430 3679 1611 3725 vester
1644 3684 1740 3739 pro
1781 3667 2070 3738 dignitate,

493 3766 878 3838 intelligentia,
938 3765 1212 3827 decentia,
1249 3772 1304 3818 et
1365 3763 1508 3816 bona
1569 3761 1900 3830 disciplina,
1962 3760 2076 3814 abit

494 3861 630 3918 nihil
658 3861 726 3914 ab
746 3858 924 3916 ascesi
945 3864 1504 3924 consecutus,praeter
1527 3857 1818 3922 quamdam
1850 3853 2077 3908 saecula-

500 3970 613 4008 rem
646 3951 958 4012 scientiam,
989 3963 1222 4018 eamque
1254 3955 1421 4001 totam
1457 3947 1760 4017 vulgarem,
1827 3961 1934 4000 non
1976 3962 2076 4000 no-

499 4049 704 4112 bilem;
763 4042 918 4098 verbi
973 4041 1173 4111 gratia,
1235 4047 1294 4092 ut
1337 4052 1507 4107 pauca
1536 4053 1598 4092 ex
1630 4037 1820 4091 multis
1853 4037 2072 4106 eligam,

504 4139 781 4212 quomodo
833 4148 888 4192 et
950 4143 1215 4207 quantum
1269 4131 1604 4187 frumentum
1647 4140 1901 4195 servent,
1967 4145 2074 4200 quo

501 4247 748 4302 tempore
777 4239 830 4286 et
859 4238 1066 4300 quanto
1105 4226 1284 4298 pretio
1319 4223 1450 4279 illud
1487 4223 1755 4289 vendant;
1804 4226 2073 4276 uri-lenam

499 4325 650 4382 aliud
683 4325 930 4392 dignum,
962 4335 1056 4376 seu
1089 4319 1212 4374 vilis
1245 4318 1425 4388 pretii,
1452 4315 1754 4380 inveniant,
1785 4315 1966 4369 redire
2000 4317 2077 4368 l‘a-

2250 3022 2373 3095 ριξ.
2407 3021 2521 3092 Τῆς
2577 3035 2638 3071 τε
2696 3016 3011 3085 ἁγιωτάτης
3061 3015 3394 3088 Ἐκκλησίας
3422 3017 3752 3088 ἐπιθυμεῖτε

2179 3119 2298 3190 μὲν,
2335 3111 2518 3185 οἶμαι,
2547 3113 2622 3176 ὡς
2653 3111 2832 3164 δοῦλοι
2869 3108 3108 3180 Χριστοῦ
3161 3112 3255 3162 xui
3283 3112 3416 3180 ἡμῖν
3447 3110 3751 3165 σύνδουλοι·

2171 3209 2457 3280 ἀπάγεσθε
2490 3209 2545 3261 δὲ
2569 3207 2664 3260 τοῦ
2692 3205 2890 3274 ἐφετοῦ
2921 3207 3009 3258 διὰ
3039 3206 3101 3258 τὸ
3138 3205 3453 3275 ἐργατικὸν,
3495 3199 3560 3260 οὗ
3589 3208 3754 3275 χάριν

2177 3301 2450 3374 ρἐίᾰεσθε
2499 3299 2564 3351 τὰ
2614 3296 2784 3350 πολλά
2845 3295 2905 3348 τὸ
2938 3294 3039 3365 μὲν
3078 3293 3323 3362 ἀκριϐῶς
3369 3294 3532 3363 ἔργον
3568 3295 3757 3362 ἀφιέν-

2172 3412 2286 3458 τες,
2326 3396 2440 3455 τοῖς
2493 3391 2550 3444 δὲ
2605 3389 2908 3459 παρέργοις
2963 3387 3344 3458 ἐντριϐόμενοι
3372 3402 3387 3418 ο
3426 3389 3524 3440 καὶ
3556 3387 3756 3439 λεπτὸν

2179 3489 2276 3558 μὲν
2302 3486 2502 3546 εἰδότες
2529 3484 2703 3546 οὐδὲν,
2730 3481 2800 3532 δι’
2829 3473 2889 3533 οὖ
2923 3479 3178 3548 ἀγγέλοις
3203 3479 3320 3532 ἔστι
3353 3479 3755 3545 συνάπτεσθαι,

2175 3581 2282 3633 τῶν
2320 3578 2374 3631 δὲ
2410 3577 2632 3646 παχέων
2681 3575 2774 3627 καὶ
2813 3571 2955 3626 οὓτω
3007 3572 3217 3642 βαρέων
3270 3573 3754 3642 μεταποιούμενοι,

2174 3674 2242 3728 δι’
2273 3667 2349 3726 ὧν
2404 3669 2754 3723 κατασπᾶται
2808 3668 2836 3719 ὁ
2891 3665 3170 3728 θεόσδοτος
3227 3670 3352 3728 νους
3385 3667 3466 3728 είς
3500 3670 3629 3737 γῆν,
3662 3666 3755 3720 τοῦ

2176 3765 2576 3834 ἀνωφορεῖσθαι
2605 3759 3038 3833 παραλυόμενος.
3068 3758 3375 3812 Κάντεῦθεν
3399 3761 3426 3812 ὁ
3457 3760 3591 3830 παρ’
3615 3761 3756 3830 ὑμᾶς

2179 3858 2380 3926 φοιτῶν
2428 3856 2549 3907 ἀντὶ
2582 3853 2934 3922 σεμνότητος,
2978 3849 3070 3902 καὶ
3117 3850 3393 3912 συννοίας,
3425 3851 3523 3902 καὶ
3559 3851 3756 3920 εὐπρε-

2178 3951 2358 4015 πείας,
2397 3952 2492 4002 καὶ
2551 3946 2842 4017 μαθήσεως
2875 3943 3110 4013 ἀγαθῆς,
3151 3943 3372 4009 ἄπεισι,
3411 3945 3580 4014 μηδὲν
3622 3948 3756 4000 ἀπο-

2178 4047 2410 4114 νάμενος
2461 4041 2567 4093 τῶν
2616 4035 2961 4110 ἀσκητῶν,ῆ
3010 4039 3180 4106 μόνην
3229 4035 3437 4105 εἴδησιν
3471 4037 3754 4106 βιωτικὴν,

2178 4137 2273 4192 καὶ
2329 4133 2500 4202 αὐτὴν
2540 4133 2642 4186 οὐκ
2689 4132 2912 4200 εὐγενῆ,
2961 4130 3076 4183 ἀλλ’
3118 4130 3196 4192 είς
3251 4129 3309 4181 τὸ
3345 4131 3453 4182 πᾶν
3503 4132 3752 4200 χυδαίαν·

2179 4221 2310 4289 οἷον,
2352 4225 2426 4289 ὡς
2475 4226 2542 4278 ὲκ
2595 4223 2807 4277 πολλῶν
2850 4223 3098 4290 ὀλίγιστα
3131 4223 3319 4292 φάναι,
3378 4222 3496 4286 πῶς
3544 4225 3610 4276 ἂν
3663 4224 3756 4278 xui.

2180 4319 2274 4373 ἐπὶ
2306 4321 2470 4372 πόσον
2502 4318 2850 4388 φυλάξωνται
2879 4317 2938 4369 τὸ
2966 4318 3229 4386 σιτάριον,
3271 4318 3362 4370 xui
3391 4319 3602 4390 πηνίκα
3640 4339 3757 4374 και·

502 4424 676 4482 ciant,
725 4419 918 4486 sicque
965 4413 1032 4468 de
1061 4429 1126 4468 eo
1166 4411 1373 4480 aliquid
1427 4412 1743 4472 lucrentur;
1799 4413 2067 4478 quomodo

2189 4409 2282 4480 ροῦ
2340 4406 2540 4461 πολλοῦ
2583 4411 2898 4476 τιμήματος
2947 4407 3256 4460 ἀποδῶνται
3300 4409 3454 4461 αὐτό·
3491 4410 3658 4462 πάθεν
3703 4411 3758 4464 δὲ

501 4516 667 4566 etiam
698 4510 766 4563 de
821 4509 948 4561 vino
1005 4505 1242 4560 fructum
1283 4502 1522 4573 capiant.
1554 4499 1815 4555 Servandi
1852 4511 1978 4554 sunt
2007 4499 2086 4552 vi-

506 4605 661 4658 nacei
690 4600 834 4655 acini
866 4599 1269 4665 eleetnosynam
1309 4591 1886 4664 puscentibus,_magis
1911 4591 2074 4644 etiam
2123 4649 2129 4654 _

506 4697 686 4751 lurlur
719 4712 732 4748 :
771 4693 972 4746 talibus
1027 4688 1171 4744 enim
1233 4697 1474 4755 tempore
1528 4683 1690 4737 famis
1750 4684 1890 4737 bona
1947 4689 2080 4734 sunt

511 4792 616 4846 ista
646 4787 714 4843 ad
759 4779 1400 4840 nutriendum.Pruximi
1445 4778 1648 4832 domus
1695 4775 1859 4830 bonis
1915 4783 2077 4828 terrae

510 4881 795 4952 repletur:
828 4873 1156 4932 inhabitanti
1212 4872 1396 4943 gravia
1452 4871 1655 4934 tributa
1704 4875 1831 4923 sunt
1890 4865 2078 4934 impo-

514 4975 712 5032 nenda.
748 4973 902 5027 lutus
947 4978 1129 5024 autem
1175 4975 1304 5021 sunt
1345 4963 1543 5018 divites
1583 4961 1830 5015 homines
1867 4972 1930 5012 ex
1985 4971 2078 5010 va-

509 5070 605 5124 riis
648 5063 1132 5134 negotiationibus,
1179 5068 1230 5113 et
1269 5054 1538 5111 aliunde:
1574 5054 1659 5107 his
1696 5053 1936 5106 claustra
1981 5063 2079 5102 au-

504 5159 678 5232 genda
723 5165 874 5212 sunt.
917 5152 1154 5220 Quidam
1192 5167 1222 5204 e
1261 5147 1510 5218 patribus
1545 5144 1776 5215 agellum
1817 5141 2080 5196 excole-ns

505 5259 558 5311 in
583 5252 949 5322 suspicionem
992 5249 1140 5303 venit
1166 5244 1292 5298 inde
1317 5238 1737 5297 lucrifaciendi:
1773 5233 2078 5289 mutandus

503 5357 587 5401 est
621 5356 799 5410 caute,
833 5359 900 5398 ne
946 5341 1096 5396 solus
1129 5335 1398 5392 comedat.
1427 5332 1710 5400 Extemplo
1737 5329 1970 5382 famulus
2013 5326 2079 5380 ad

505 5440 834 5493 reddendam
883 5434 1151 5489 rationem
1200 5429 1450 5499 cogitur;
1495 5434 1548 5478 et
1579 5423 1696 5478 sive
1739 5421 1872 5474 nihil
1919 5419 2081 5472 habet

506 5529 903 5583 condemnatur
933 5535 993 5580 ut
1021 5521 1331 5594 imperitus,
1360 5527 1418 5573 ut
1447 5515 1696 5585 simplex,
1728 5521 1788 5566 ιιι
1815 5513 2076 5575 insanus,

504 5622 620 5674 sive
647 5629 828 5674 autem
863 5618 916 5670 in
962 5615 1250 5670 manifesta
1299 5612 1644 5684 possessione
1675 5607 2076 5675 deprehensus,

578 5755 690 5820 (12)
731 5752 982 5805 Pracu'ca
1039 5759 1155 5820 erat
1198 5745 1610 5820 administratio
1669 5757 1852 5820 rerum
1908 5747 2078 5818 matc-

509 5814 752 5883 rinlinm,
799 5821 906 5875 cibi
956 5829 1012 5874 et
1065 5817 1384 5882 redituunt;
1435 5817 1638 5883 duplex
1691 5814 2071 5883 disttuguitur,

513 5905 620 5944 una
649 5879 810 5956 bona,
840 5889 982 5942 mala
1031 5889 1226 5952 altera,
1266 5879 1385 5952 qua:
1430 5889 1482 5941 id
1515 5879 1681 5939 unum
1730 5879 2068 5944 intendebat,

2183 4501 2276 4554 xui.
2311 4500 2610 4570 εὑρηκότες
2645 4498 2774 4551 ἄλλο
2809 4497 2978 4563 ἀξιον,
3010 4499 3207 4551 ταυτὸν
3225 4498 3270 4551 δ’
3299 4501 3493 4563 εἰπεῖν,
3531 4499 3755 4565 εὔωνον,

2181 4593 2550 4657 είσοδιάσωσι,
2599 4592 2694 4643 xui.
2728 4588 2873 4643 οὕτω
2915 4589 3223 4660 κερδησωσι
3270 4592 3364 4644 καὶ
3417 4591 3485 4645 δι’
3545 4592 3753 4646 αὑτοῦ·

2183 4687 2298 4749 πῶς
2341 4686 2383 4738 δ’
2417 4685 2483 4739 ἂν
2543 4685 2636 4738 καὶ
2691 4685 2784 4736 ἐπὶ
2843 4684 2920 4752 τῷ
2958 4684 3085 4754 οἴνῳ
3120 4684 3294 4736 ταυτὰ
3323 4684 3645 4739 διάθωνται.
3680 4687 3759 4739 Τὰ

2184 4780 2426 4850 γίγαρτα
2452 4777 2760 4846 φυλακτέον
2793 4776 2870 4838 είς
2900 4793 3024 4830 τινα
3046 4775 3425 4847 ἐλεημοσύνην
3458 4779 3571 4842 τοῖς
3592 4779 3761 4830 ἀπαιο

2186 4875 2362 4937 τοῦσι,
2421 4873 2514 4924 καὶ
2571 4871 2648 4934 είς
2705 4870 2866 4925 πλέον
2899 4870 2966 4922 τά
3013 4870 3250 4938 πίτυρα·
3299 4869 3440 4921 καλά
3489 4870 3600 4942 γάρ
3651 4873 3761 4932 τοῖς

2184 4964 2453 5028 τοιούτοις
2490 4965 2588 5016 καὶ
2620 4963 2756 5015 αὑτά
2793 4961 2850 5013 ὲν
2875 4962 3113 5034 ἡμέραις
3146 4961 3307 5032 λιμοῦ
3339 4964 3419 5026 εἰς
3450 4964 3760 5034 χόρτασμα.

2197 5061 2263 5112 Ἢ
2318 5057 2579 5128 παροινία
2641 5055 3012 5124 ἑνευθηνεῖται
3061 5055 3172 5116 τοῖς
3217 5055 3281 5106 ὲκ
3327 5055 3432 5121 γῆς
3493 5055 3761 5123 άγαθοίς’

2188 5151 2581 5226 φορολογητέον
2611 5149 2719 5218 ἄρα
2756 5149 2878 5211 τοὺς
2903 5148 2958 5198 ἐν
2985 5145 3122 5216 αὐτῇ
3159 5145 3482 5216 βαρύτερον.
3531 5147 3593 5198 Ἢ
3631 5149 3766 5197 ἐνοι-

2191 5245 2283 5296 κία
2326 5243 2690 5303 πλουτοῦντας
2723 5239 2836 5308 ἔχει
2879 5238 3080 5307 ἄνδρας
3114 5237 3176 5289 ἐκ
3219 5255 3280 5289 τε
3316 5239 3602 5308 ἐμποριῶν
3630 5255 3767 5291 παν-

2189 5332 2438 5385 τοδαπῶν
2485 5331 2577 5383 καὶ
2630 5330 2898 5383 ἄλλοθεν*
2944 5327 3283 5398 ὲπαυξητέον
3332 5327 3426 5382 οὖν
3479 5331 3665 5391 αυῖοῖς
3707 5327 3769 5382 τὸ

2191 5424 2574 5493 στεγανόμιον.
2616 5420 2872 5489 ’Λδελφὸς
2903 5420 2930 5472 ὁ
2959 5419 3109 5475 δεῖνα
3138 5420 3196 5472 τὸ
3219 5419 3318 5488 τῆς
3344 5423 3513 5491 μονῆς
3545 5417 3771 5490 κτησεί-

2187 5516 2298 5568 διον
2347 5513 2833 5585 ἀμφιπονούμενος
2880 5513 3140 5565 ὑπόνοιαν
3186 5511 3419 5582 πέμπει,
3457 5513 3769 5579 κερδαίνειν

2187 5603 2416 5658 ἐκεῖθεν·
2449 5601 2830 5672 μετελευστέον
2853 5598 2947 5656 οὖν
2966 5602 3127 5654 αὑτὸν
3147 5601 3357 5667 δεξιῶς,
3389 5601 3465 5673 μὴ
3489 5603 3583 5655 καὶ
3608 5617 3771 5673 μονο-

2187 5748 2251 5792 ut
2282 5737 2506 5792 divitias
2529 5735 2864 5792 cumularet.
2907 5735 3133 5790 Theort‘a
3161 5734 3228 5790 de
3257 5736 3424 5806 rebus
3455 5733 3767 5806 spirituali-

2182 5812 2286 5933 blus
2333 5817 2426 5863 aut
2463 5808 2931 5866 intellectualibus
2956 5807 3210 5871 curabat,
3247 5805 3468 5865 litteras
3493 5805 3767 5870 docebat,

2180 5898 2205 5935 e
2238 5899 2286 5934 c.
