3908 6250
399 394 505 464 83]

1117 381 1540 447 EUSTATHII
1579 375 2344 441 THESSALONICENSIS
2374 372 2940 435 METROPOLIT/E

3545 342 3648 437 832

394 507 628 578 gelidos,
662 501 708 558 si
741 497 958 572 quidem
994 511 1089 552 eos
1122 494 1326 566 corrigi
1363 491 1624 564 possibile
1667 499 1773 546 est.
1831 489 1980 544 Talis

2098 487 2390 554 ιαλοῦντες,
2447 487 2584 541 ἀλλά
2637 487 2771 557 πρδς
2791 485 3088 555 ἐξόρθωσιν
3143 485 3252 540 τῶν
3307 486 3443 558 παρ’
3498 490 3649 559 ἡμῖν,

394 613 528 667 ει·εο
563 593 721 666 quasi
746 590 889 662 typis
917 589 1281 651 describatur,
1302 587 1496 640 horum
1523 597 1842 652 magnorum
1863 596 1973 634 mos

395 691 698 743 nacliorum
744 681 1051 749 vulgarium
1088 678 1351 746 practica,
1387 690 1583 743 nempe
1611 689 1730 742 quae
1766 681 1977 743 poetas,

399 790 679 841 cantores,
725 785 780 829 et
829 785 1119 826 numerum
1166 769 1306 833 odit,
1361 782 1481 833 quae
1553 766 1757 819 nullam
1817 764 1980 816 habet

397 880 786 934 venustatem;
825 881 988 936 quam
1040 863 1423 932 prtevidenlcs,
1472 871 1530 913 ut
1588 859 1824 922 videtur,
1881 870 1982 910 an-

397 967 536 1036 tiqui
582 974 634 1016 et
666 963 808 1016 beati
843 975 1000 1030 reges
1043 955 1500 1010 introdueendain
1557 951 1611 1004 in
1645 949 1980 1004 monasteria

398 1076 429 1114 ιι
460 1073 520 1112 se
556 1054 847 1116 aedificata,
896 1049 1001 1103 nisi
1037 1047 1242 1115 aliquid
1290 1044 1569 1114 sapienter
1608 1041 1979 1112 providerent,

400 1157 457 1202 ut
490 1163 708 1218 :eiuum
750 1151 892 1209 erat,
927 1141 1220 1197 consilium
1285 1138 1526 1192 inierunt
1563 1137 1723 1191 istam
1760 1135 1982 1204 illegiti-

401 1257 542 1293 tnain
585 1238 907 1308 practicam,
943 1237 1065 1286 vita:
1096 1230 1437 1284 monachicae
1469 1230 1711 1290 noxiam,
1738 1242 1845 1296 qua
1871 1239 1985 1278 n.0-

402 1331 559 1385 nachi
599 1346 656 1384 sc
686 1330 834 1397 ipsos
864 1325 1119 1377 meliores
1147 1338 1254 1376 non
1281 1321 1539 1381 reddunt,
1559 1329 1610 1372 et
1634 1318 1984 1372 detrahentes

405 1439 500 1478 seu
543 1423 704 1475 aliter
736 1417 1064 1477 insidiantes
1094 1415 1322 1474 licdunt,
1357 1427 1479 1466 cum
1527 1411 1827 1481 ignominia
1859 1423 1987 1478 pro-

403 1514 489 1566 cul
516 1526 542 1562 a
581 1505 919 1562 monasterio
972 1502 1340 1572 repellendam
1377 1516 1538 1566 esse;
1603 1508 1766 1569 atque
1798 1498 1979 1553 addis-

404 1604 631 1658 ccudam
661 1616 806 1664 eam,
850 1612 970 1668 quae
1008 1595 1114 1650 Deo
1145 1602 1298 1664 grata
1341 1603 1450 1656 est,
1502 1593 1758 1646 omnibus
1815 1592 1985 1657 milis,

407 1713 716 1766 nomenque
753 1711 860 1748 non
909 1695 1225 1746 frustratur.
1258 1689 1373 1743 Hoc
1399 1688 1629 1756 perfecit
1677 1687 1823 1757 regia
1858 1703 1986 1756 pro-

402 1791 671 1844 videntia.
721 1785 1002 1854 Pi'aapositi
1060 1791 1190 1837 sunt
1249 1781 1304 1834 in
1365 1781 1578 1850 magnis
1630 1779 1988 1833 monasteriis

2081 581 2136 635 εἴ
2157 581 2208 633 τί
2239 599 2340 634 που
2372 580 2469 632 καὶ
2519 579 2664 632 ἔστιν
2693 578 2750 630 ἐν
2788 578 2903 638 τοῖς
2937 576 3036 630 νῦν
3089 577 3515 647 διορθώσασθαι.
3546 581 3652 633 Καὶ

2080 678 2260 730 τοιάδε
2316 675 2436 746 μὲν,
2468 675 2546 738 ὡς
2579 673 2736 742 τύπῳ
2785 671 3201 736 καθυποδεῖξαι,
3243 673 3277 740 ἡ
3314 672 3423 724 τῶν
3459 672 3651 737 ἐξωτε-

2085 768 2252 838 ρικῶν
2294 766 2544 835 μεγάλων
2600 765 2809 819 τούτων
2850 765 3116 834 νμοναχῶν
3153 765 3457 837 πρακτικὴ.
3491 768 3526 836 ἡ
3561 767 3653 820 καὶ

2084 859 2466 930 παράμουσος,
2516 859 2613 913 καὶ
2666 859 2905 930 ἀπῳδὸς,
2959 860 3054 912 καὶ
3115 858 3512 930 ἀῤῥύθμιστος,
3563 860 3656 913 καὶ

2085 953 2220 1022 πρὸς
2259 951 2524 1021 οὐδεμίαν
2557 951 2885 1022 ἢρμοσμένη
2909 950 3207 1022 ἐμμέλειαν
3235 965 3250 982 ⁸
3291 953 3357 1023 ἣν
3410 951 3486 1015 ὡς
3512 952 3654 1005 ἔοικε

2085 1044 2462 1116 προορώμενοι
2493 1048 2588 1099 καὶ
2625 1045 2673 1098 οἱ
2709 1045 2878 1098 πάλαι
2917 1047 3048 1099 ποτε
3118 1048 3451 1116 μακαριστοὶ
3507 1045 3660 1113 βασι-

2085 1139 2199 1200 λεῖς
2230 1137 2797 1208 ἔμπολιτευσομένην,
2865 1131 2950 1200 οἷς
3007 1138 3163 1191 αὐτοὶ
3221 1137 3661 1210 φροντιστηρίοις

2085 1231 2424 1300 ἡρμόσαντο,
2455 1229 2606 1300 εἰμὴ
2637 1230 3122 1300 προμηθεύσονταί
3172 1249 3225 1285 τι
3289 1232 3475 1300 σοφὸν,
3519 1230 3662 1284 καθά

2086 1317 2200 1376 οἶόν
2227 1341 2283 1376 τε
2317 1318 2409 1392 ἦν,
2437 1322 2623 1376 ἔθεντο
2666 1323 2891 1392 βουλὴν,
2917 1323 2983 1375 δι’
3008 1319 3075 1397 ἧς
3103 1324 3134 1393 ἡ
3194 1323 3294 1394 μὲν
3337 1323 3495 1386 νόθος
3525 1340 3663 1393 πρα-

2087 1415 2250 1482 κτικὴ
2285 1415 2379 1467 καὶ
2410 1414 2488 1484 τῷ
2535 1413 2814 1485 μοναχικῷ
2847 1417 2948 1486 βίῳ
2991 1415 3302 1480 ἐπίϐουλος,
3338 1415 3465 1470 καθ’
3520 1416 3587 1488 ἦν
3613 1418 3661 1470 oi

2091 1508 2424 1577 μονάζοντες
2459 1508 2585 1562 οὗτε
2636 1510 2780 1578 σφᾶς
2813 1510 3012 1572 αὐτοὺς
3062 1509 3359 1580 βελτιοῦσι,
3389 1511 3489 1563 καὶ
3541 1512 3665 1573 τοὺς

2095 1602 2552 1671 παραϐάλλοντας
2602 1604 2657 1656 δὲ
2698 1604 2729 1673 ἢ
2763 1604 2939 1668 ἄλλως
2983 1605 3364 1675 πειρωμένους
3396 1604 3667 1674 βλάπτου-

2090 1710 2194 1754 σιν,
2229 1692 2482 1758 ἐξωθοῖτο
2506 1692 2569 1746 ἂν
2604 1695 3060 1764 σκορακιζομένη
3094 1696 3312 1766 μακράν
3343 1693 3445 1763 τῆς
3473 1695 3664 1763 μονῆς.

2090 1785 2484 1854 ἀντεισάγηται
2516 1785 2572 1838 δὲ
2610 1788 2642 1852 ἡ
2681 1786 3088 1859 θεοφιλὴς,·καὶ
3148 1786 3514 1855 κοινωφελὴς,
3576 1786 3670 1838 καὶ

405 1882 642 1949 praefecti
699 1882 766 1933 de
819 1877 1021 1930 mundo
1072 1872 1364 1942 assumpti,
1429 1881 1488 1925 ut
1551 1883 1746 1926 ascetae
1785 1871 1990 1927 sanctis

2099 1873 2173 1943 μὴ
2200 1875 2552 1946 πλαττομένη
2580 1877 2640 1929 τὸ
2692 1877 2878 1930 ἔνθεον
2928 1879 3122 1949 ὄνομα.
3183 1879 3296 1933 Καὶ
3338 1874 3406 1948 ἦν
3461 1878 3523 1930 τὸ
3573 1879 3668 1947 τῆς

405 1973 661 2041 operibus
690 1967 917 2022 seorsim
945 1965 1239 2028 insmrent,
1269 1971 1322 2015 et
1349 1961 1591 2030 praelecti
1629 1962 1987 2016 turbarentur

406 2079 534 2132 erga
570 2061 847 2132 plurima:
886 2066 960 2121 et,
991 2054 1148 2125 quasi
1181 2054 1404 2123 quidam
1448 2069 1699 2124 aggeres,
1727 2053 1986 2110 [luctibus

405 2153 701 2209 mundanis
733 2149 973 2221 oppositi
1023 2163 1120 2201 eos
1157 2153 1533 2207 coutcrcrcnt,
1570 2143 1815 2199 deviatos
1841 2157 1987 2201 retro

406 2247 780 2306 reﬂectcrent,
818 2252 981 2311 atque
1022 2239 1417 2294 monasterium
1452 2236 1708 2293 (luctibus
1739 2238 1990 2292 inacces-

406 2354 551 2402 sum,
588 2338 633 2390 si
665 2339 735 2390 ita
771 2351 857 2390 res
896 2333 1086 2397 ferret,
1127 2331 1319 2387 saltem
1350 2331 1746 2385 inconcussum
1802 2343 1988 2385 scrva-

408 2446 552 2487 l'Clll.

2093 1965 2384 2036 βασιλικῆς
2415 1967 2636 2037 ἐκείνης
2669 1969 3016 2040 προμηθείας
3047 1970 3202 2032 τέλος
3257 1968 3558 2023 ἐπιστασία
3617 1971 3671 2022 ἐν

2091 2058 2201 2118 τοῖς
2233 2057 2492 2126 μεγάλοις
2529 2059 2806 2126 σεμνείοις
2829 2060 3109 2130 ἀρχόντων
3139 2062 3203 2113 ὲκ
3226 2060 3335 2112 τῶν
3367 2061 3426 2111 ἐν
3453 2060 3671 2129 κόσμῳ,

2089 2149 2180 2201 ἵνα
2210 2150 2260 2202 οἱ
2300 2151 2398 2219 μὲν
2429 2151 2668 2220 ἀσκηταὶ
2695 2155 2804 2206 τῶν
2836 2151 2996 2205 θείων
3026 2148 3136 2206 εἷεν
3199 2152 3377 2223 ἔργων
3425 2153 3672 2219 καταμόο

2092 2257 2212 2304 νας,
2248 2245 2293 2293 οἱ
2317 2242 2373 2294 δὲ
2413 2242 2680 2313 ἄρχοντες
2713 2245 2872 2297 αὐτοὶ
2900 2245 3226 2315 τυρϐἀζοιεν
3278 2245 3409 2314 περὶ
3478 2244 3672 2307 πολλὰ,

2093 2333 2189 2387 καὶ
2219 2334 2294 2396 ὡς
2325 2330 2414 2388 οἷά
2434 2352 2579 2398 τινες
2610 2336 2866 2413 πρόϐολοι
2900 2337 3044 2390 κατά
3074 2336 3338 2406 κυμάτων
3404 2335 3672 2405 βιωτικῶν

2093 2425 2476 2499 ἀνιστάμενοι,
2497 2429 2756 2502 θραύοιεν
2781 2434 2966 2485 ἐκεῖνα
2999 2433 3098 2485 καὶ
3123 2433 3526 2504 ἀποστρέφοιεν
3546 2432 3675 2483 πλα-

407 2535 608 2602 ζόμενοι
640 2525 923 2589 εἰσοπίσω,
959 2525 1017 2578 τὸ
1043 2525 1098 2578 δέ
1158 2523 1408 2594 σεμνεῖον
1464 2521 1790 2592 φυλάττοιεν
1839 2519 2156 2591 ἀκύμαντον
2191 2527 2316 2595 μὲν,
2387 2528 2443 2580 εῐ
2478 2544 2543 2597 γε
2603 2529 2749 2585 οὕτω
2815 2530 3033 2600 φύσεως
3093 2530 3207 2604 ἔχει
3271 2535 3332 2585 τι
3415 2535 3668 2601 πρᾶγμα⁸

406 2633 477 2683 τά
508 2626 678 2679 πλείω
712 2626 769 2678 δὲ
799 2623 1220 2678 ἀκατάσειστον.

483 2765 608 2820 125.
665 2761 888 2829 Seipsos
958 2759 1210 2813 homines
1265 2758 1460 2812 horum
1517 2753 1981 2811 monasteriorum

412 2859 649 2913 libenter
701 2851 1081 2907 subiniserunt
1127 2846 1290 2901 alicui
1329 2847 1500 2900 multa
1539 2845 1648 2900 Deo
1701 2854 1856 2914 grata
1888 2859 1988 2914 po-

411 2948 568 3012 tenti,
627 2959 862 3014 eumque
923 2941 1241 3011 relinquunt
1283 2940 1336 2992 in
1375 2939 1548 3013 primo
1586 2937 1778 2992 ordine
1827 2937 1992 2991 dimi-

385 3045 652 3098 .cattlem,
682 3035 869 3088 omnia
904 3041 1152 3100 agentem
1184 3038 1239 3084 et
1269 3029 1566 3098 patientem
1594 3044 1716 3097 qua:
1740 3028 1808 3082 ad
1842 3029 1990 3096 leges

411 3139 460 3183 et
493 3127 709 3197 iudices
760 3124 1037 3188 attinent;
1072 3131 1128 3178 et
1177 3122 1281 3191 ipsi
1318 3120 1727 3190 tranquillitate
1774 3131 1988 3176 servata

413 3219 483 3273 de
535 3218 825 3273 animabus
859 3225 1076 3280 curant,
1114 3215 1319 3281 unique
1351 3211 1528 3280 operi,
1571 3210 1846 3266 mandatis
1883 3211 1990 3266 sci-

415 3311 544 3364 licet
583 3308 878 3377 implendis
909 3308 1142 3361 instant.
1178 3305 1342 3359 Tales
1369 3313 1500 3360 sunt
1549 3304 1648 3374 ipsi
1678 3343 1695 3369 ,
1738 3313 1792 3359 et
1829 3313 1990 3374 quot-

413 3412 548 3474 quot
572 3401 654 3464 eis
693 3401 907 3462 similes
941 3407 1094 3454 sunt.
1132 3397 1237 3463 Qui
1261 3405 1445 3451 autem
1473 3397 1540 3452 ad
1584 3405 1830 3452 nostrain
1864 3411 1986 3466 pro-
2019 3381 2061 3440 ο

417 3495 693 3551 batiouem
744 3491 943 3546 exinde
1001 3491 1228 3544 veniunt
1275 3489 1460 3552 magni
1515 3500 1755 3552 ascette,
1823 3489 1992 3544 duces

417 3585 706 3648 mundani,
737 3582 966 3651 spiritus
988 3581 1270 3651 exagitati,
1302 3582 1403 3651 ipsi
1435 3583 1571 3636 nihil
1603 3583 1708 3637 nisi
1742 3589 1994 3646 externa,

419 3677 739 3740 materiam,
799 3688 1046 3736 carnem,
1103 3683 1158 3727 et
1187 3689 1298 3728 uno
1357 3674 1522 3728 verbo
1582 3675 1848 3729 mundum
1909 3689 1998 3728 sa-

423 3768 674 3836 pientes;
735 3763 844 3832 ipsi
890 3763 1050 3816 bonis
1094 3767 1338 3818 externis
1372 3765 1564 3833 repleti
1623 3774 1677 3820 et
1725 3766 1879 3820 vacui
1907 3765 1993 3819 iu-

421 3861 601 3918 ternis
663 3866 993 3920 remanent;
1031 3858 1124 3926 qui
1186 3859 1482 3915 nonnullos
1525 3860 1781 3916 fratrese
1810 3860 1996 3916 multis

421 3956 511 4010 vix
547 3951 895 4020 recipientes,
933 3959 1097 4019 atque
1142 3961 1348 4005 sancttn
1397 3951 1660 4006 Ecclesiae
1710 3969 1805 4007 eos
1838 3954 1996 4022 quasi

421 4051 615 4104 clavos
648 4045 980 4106 inserentes,
1024 4044 1124 4112 ipsi
1173 4043 1324 4097 velut
1361 4044 1583 4098 tentorii
1607 4045 1712 4114 pali
1745 4046 1835 4100 alii
1865 4046 1996 4100 alibi

423 4143 665 4211 ﬁguntur
715 4155 730 4191 :
781 4149 1018 4205 quorum
1071 4133 1126 4187 in
1189 4135 1444 4188 inanibus
1491 4149 1591 4204 pro
1646 4136 1909 4205 psalterio
1943 4147 1999 4193 et

422 4234 550 4288 aliis
583 4231 745 4286 libris
790 4230 968 4282 sacris
1017 4226 1451 4282 machinationes
1500 4227 1698 4293 noxia,
1746 4237 1802 4283 et
1837 4244 2000 4300 argu-

424 4333 608 4380 tnenta
645 4328 904 4376 cornuta.
964 4317 1171 4372 Horum
1206 4317 1359 4388 digiti
1393 4319 1507 4387 apti
1540 4330 1672 4374 sunt
1698 4321 1764 4374 ad
1791 4337 2000 4391 suppu-

425 4415 662 4468 tationes
692 4419 746 4464 et
765 4409 1131 4479 sophismata,
1160 4409 1361 4477 quibus
1387 4411 1668 4478 simplices
1693 4411 1996 4482 decipiunt.

427 4509 482 4562 In
549 4508 652 4560 hoc
704 4504 809 4560 sita
841 4511 928 4558 est
987 4503 1170 4557 omnis
1217 4501 1451 4569 tlieoria,
1509 4518 1632 4558 cum
1683 4505 1998 4574 supradicta

426 4599 669 4668 practice
691 4609 1026 4664 congruens.
1051 4593 1170 4648 Non
1201 4595 1347 4649 enim
1376 4596 1638 4664 possibile
1655 4608 1740 4650 est
1761 4598 1832 4650 ibi
1861 4598 2000 4651 hanc

2163 2753 2299 2824 ρκε’.
2330 2755 2451 2808 Είσὶ
2478 2755 2557 2822 δὲ,
2588 2757 2638 2810 οἳ
2663 2756 2773 2811 τῶν
2804 2759 2862 2810 ὲν
2895 2758 3006 2821 τοῖς
3029 2756 3294 2820 τοιούτοις
3345 2772 3670 2826 φροντιστη-

2092 2845 2228 2917 piat;
2254 2848 2348 2901 καὶ
2373 2849 2529 2901 αὐτοὶ
2573 2850 2797 2914 ἑκόντες
2833 2851 2939 2902 ὑπό
2976 2867 3084 2903 τινι
3149 2849 3365 2919 μεγάλα
3409 2848 3668 2918 θεοφιλῶς

2090 2941 2384 3012 δυναμένῳ
2427 2941 2698 3006 τάξαντες
2755 2943 3006 3008 ἑαυτοὺς,
3050 2942 3247 3012 ἐκείνῳ
3304 2941 3408 3011 μὲν
3463 2943 3667 3010 ἐφῆκαν

2094 3034 2509 3104 προμάχεσθαι,
2539 3036 2636 3089 καὶ
2669 3038 2851 3089 πάντα
2882 3038 3079 3100 ποιεῖν,
3113 3037 3209 3088 καὶ
3258 3034 3520 3104 πάσχειν,
3573 3035 3668 3087 ὅσα

2097 3124 2236 3193 πρὸς
2271 3125 2438 3190 νόμου
2497 3125 2594 3178 καὶ
2641 3124 2800 3196 δίκης
2826 3142 2840 3158 ⁸
2895 3127 3051 3180 αὐτοὶ
3081 3127 3138 3178 δὲ
3163 3125 3423 3194 μένοντες
3455 3126 3664 3196 ἦσυχοι,

2095 3216 2285 3286 ψυχῶν
2338 3217 2718 3286 ἐπιμέλονται,
2762 3220 2900 3288 πρὸς
2955 3219 3040 3271 ἐνὶ
3089 3219 3455 3288 τυγχάνοντες
3503 3218 3664 3289 ἔργῳ,

2095 3311 2160 3376 τῇ
2193 3306 2548 3378 ἐκπληρώσει
2579 3307 2690 3361 τῶν
2760 3309 3063 3376 συνταγῶν.
3121 3311 3229 3362 Καὶ
3277 3309 3512 3364 τοιοῦτοι
3576 3311 3666 3379 μὲν

2095 3399 2272 3464 αὐτοὶ,
2308 3401 2405 3454 καὶ
2434 3402 2552 3454 ὅσοι
2583 3400 2706 3456 κατ’
2739 3401 2961 3464 αύτούς.
3009 3401 3075 3455 Ol
3105 3401 3163 3456 δὲ
3196 3402 3286 3456 διά
3314 3406 3520 3473 πείρας
3543 3406 3667 3475 ἡμῖν

2096 3490 2325 3560 ἥκοντες
2367 3491 2558 3546 ἐνθάδε
2590 3493 2823 3562 μεγάλοι
2871 3495 3133 3564 ἀσκηταὶ,
3188 3496 3345 3549 αὐτοὶ
3412 3497 3668 3566 ἄρχοντες

2098 3583 2376 3651 κοσμικοὶ,
2407 3583 2564 3636 αὐτοὶ
2597 3584 2906 3654 τυρϐασταὶ
2945 3589 3343 3657 πνευματικοὶ,
3403 3591 3562 3644 αὐτοὶ
3605 3590 3666 3642 τά

2098 3670 2204 3734 ἔξω
2235 3674 2436 3737 πάντα,
2470 3673 2568 3725 καὶ
2596 3672 2798 3742 ὑλώδη,
2835 3675 2928 3728 καὶ
2992 3677 3255 3744 σαργικά,
3300 3681 3396 3730 καὶ
3449 3680 3511 3732 τὸ
3557 3679 3665 3731 ελον

2100 3767 2278 3816 εἰπεῖν
2311 3764 2572 3835 κοσμικά,
2601 3764 2680 3817 διὸ
2721 3765 2955 3820 καὶτῶν
3015 3768 3171 3831 ἐκτὸς
3224 3769 3662 3840 πεπληρωμένοι,

2101 3857 2355 3909 ύπίκενοι
2390 3858 2499 3909 τῶν
2532 3857 2684 3920 ἐντὸς
2713 3857 2940 3926 ἀγαθῶν
2964 3859 3220 3928 μένουσιν
3240 3875 3255 3891 ·
3283 3860 3334 3913 οἳ
3361 3865 3520 3931 μόγις
3549 3862 3666 3914 πολι

2099 3947 2326 4012 λοστούς
2361 3965 2518 4012 τινας
2549 3949 2817 4019 ἀδελφοὺς
2855 3950 3243 4016 ἀπολαϐόντες,
3296 3955 3393 4007 καὶ
3423 3956 3490 4024 τῇ
3512 3955 3666 4021 ἀγιωο

2101 4041 2243 4112 τάτῃ
2287 4039 2592 4112 Ἐκκλησία
2618 4041 2719 4094 ὃσα
2744 4039 2836 4092 καί
2859 4058 3015 4105 τινας
3038 4043 3204 4113 ἥλους
3237 4046 3663 4115 προσπήξαντες,

2100 4133 2254 4186 αὐτοὶ
2281 4132 2423 4186 καθά
2449 4133 2543 4186 καὶ
2569 4133 2844 4187 πάσσαλοι
2874 4135 3090 4205 σκηνῶν
3114 4135 3264 4189 ἄλλοι
3299 4136 3540 4206 ἀλλαχοῦ
3569 4153 3664 4207 με·

2099 4224 2502 4294 ταπήγνυντσιι.
2531 4223 2641 4276 Καὶ
2671 4226 2796 4280 ἀντὶ
2816 4225 3120 4296 ψαλτηρίου
3159 4229 3252 4281 καὶ
3305 4229 3504 4298 Λοιπῆς
3536 4228 3661 4282 ἀπά-

2105 4333 2203 4384 σης
2236 4315 2387 4383 ἱερᾶς
2419 4315 2602 4384 βίϐλου
2653 4317 2758 4370 ἀνὰ
2785 4321 2976 4387 χεῖρας
3031 4319 3214 4382 αὐτοῖς
3260 4320 3311 4372 oi
3367 4320 3524 4388 ζυγοὶ
3578 4318 3662 4373 τοῦ

2102 4406 2333 4472 ἀδικεῖν,
2397 4407 2491 4460 καὶ
2535 4409 2604 4461 τά
2664 4409 3105 4479 παραλογιστικά
3153 4411 3410 4477 κεράτια.
3475 4414 3582 4466 Καὶ
3618 4413 3661 4463 οἱ

2101 4499 2360 4554 δάκτυλοι
2384 4499 2597 4562 τούτοις
2625 4502 2993 4572 ἀρμόττονται
3025 4500 3164 4572 πρὸς
3189 4503 3555 4572 ὲκλογισμοὺς
3579 4505 3662 4554 καὶ

2103 4592 2578 4664 παραλογισμοὺς,
2603 4592 2672 4646 δι’
2711 4587 2789 4647 ὧν
2841 4594 2937 4648 καὶ
2985 4594 3303 4662 σοφίζονται
3334 4595 3659 4686 τοὺςοχωρι-

427 4689 683 4760 privatim
722 4701 1014 4756 reponere,
1065 4695 1120 4741 et
1151 4686 1299 4740 illam
1351 4686 1484 4740 alibi
1543 4689 1848 4756 privatim;
1897 4686 1990 4742 sed

2104 4686 2310 4750 τικούς.
2340 4687 2448 4739 Καὶ
2496 4685 2661 4738 τοῦτό
2708 4687 2858 4740 ἐστιν
2907 4687 3096 4750 αὐτοῖς
3141 4688 3174 4756 ἡ
3226 4688 3381 4740 πᾶσα
3450 4685 3656 4756 θεωρία,

427 4778 764 4844 coniunctim
795 4777 1102 4830 commisttc
1125 4786 1274 4842 sunt,
1311 4776 1476 4831 rebus
1503 4779 1703 4834 vilibus
1743 4778 1811 4832 ad
1846 4795 1990 4846 prac-

2103 4779 2340 4849 ὲχομένη
2374 4778 2474 4850 τῆς
2508 4778 2706 4831 ἀνόπιν
2764 4779 3072 4848 εἰρημένης
3126 4779 3541 4848 πραγματικῆς.
3595 4778 3656 4829 υῦ

429 4868 594 4922 ticam
656 4867 916 4928 addictis,
973 4875 1028 4922 et
1057 4865 1293 4922 scientia
1351 4867 1420 4922 de
1475 4867 1562 4921 bis
1607 4867 1676 4922 ad
1725 4869 1996 4924 theoriam

427 4973 661 5028 eamque
697 4957 921 5013 minime
950 4958 1312 5026 ingeniosam.

2101 4871 2210 4940 γάρ
2241 4871 2392 4923 ἐστιν
2422 4869 2663 4924 ἐνταῦθα
2712 4871 2821 4941 ἰδίᾳ
2881 4870 2980 4940 μὲν
3034 4869 3242 4940 ταύτην
3301 4872 3518 4933 θέσθαι,
3566 4870 3657 4936 ἰδίᾳ

2101 4962 2158 5014 δὲ
2187 4961 2345 5025 αὖθις
2379 4963 2618 5027 ἐκείνην·
2658 4962 2777 5017 ἀλλ’
2806 4963 3008 5032 ἀναμὶξ
3036 4966 3312 5033 πέφυρται
3348 4966 3538 5028 ταῦτα,
3561 4961 3656 5013 τῶν

433 5054 534 5124 μὲν
565 5052 790 5124 φαύλων
825 5053 906 5116 είς
921 5051 1124 5121 πρᾶξιν
1157 5050 1623 5121 ὁποτεθειμένων,
1671 5049 1784 5106 τῶν
1812 5051 1867 5105 δὲ
1902 5052 1992 5104 ἐπ’
2027 5053 2215 5118 αὐτοῖς
2250 5055 2498 5125 μεθόδων
2547 5057 2630 5118 είς
2681 5055 2924 5126 θεωρίαν
2999 5056 3484 5128 ὑποτεταγμένων,
3576 5056 3654 5111 καὶ

428 5150 604 5221 αὐτὴν
645 5151 866 5204 πάντων
896 5150 997 5202 οὐκ
1023 5148 1268 5218 ἐλλογον.

501 5296 626 5350 126.
657 5294 722 5350 Et
752 5305 812 5349 ut
847 5295 950 5348 alia
1005 5303 1241 5356 taceam,
1283 5292 1576 5346 scientiam
1623 5292 1737 5347 odit
1766 5294 1868 5349 hoc
1900 5309 1994 5366 ge-

429 5403 559 5443 nus.
594 5386 719 5441 Ideo
762 5388 1012 5455 quemvis
1069 5385 1237 5439 alium
1286 5383 1563 5439 heininem
1608 5389 1675 5439 ad
1711 5393 1995 5440 tonsuram

431 5481 780 5534 accedentem
816 5479 1127 5550 recipiunt;
1163 5494 1334 5548 quum
1373 5492 1502 5532 vero
1536 5479 1733 5534 doctus
1776 5479 1997 5548 aliquis,

429 5572 733 5628 litterarum
787 5575 1064 5638 alumnus,
1125 5572 1397 5643 sapientia
1437 5571 1706 5638 imbutus,
1754 5580 1809 5626 et
1842 5571 2000 5627 bonis

428 5661 558 5715 inde
599 5665 951 5718 manantibus
992 5666 1189 5734 plenus
1216 5664 1282 5718 ad
1320 5665 1509 5718 limina
1532 5678 1721 5718 eorum
1758 5664 1995 5726 accedit,

429 5761 485 5804 et
521 5753 621 5806 hoc
654 5755 744 5808 isti
777 5755 1094 5818 audierunt,
1141 5758 1414 5826 extemplo
1448 5757 1575 5812 totis
1615 5757 1825 5812 viribus
1859 5759 1997 5810 iras-

434 5849 655 5893 cuntur.
693 5842 796 5905 Qui
831 5844 968 5898 iram
1002 5859 1097 5912 pro
1142 5846 1309 5901 armis
1350 5849 1702 5918 accipientes,
1746 5865 1865 5904 cum
1899 5863 1997 5904 vo-

2182 5292 2318 5365 ρκζπ
2351 5291 2495 5360 Πρὸς
2531 5292 2644 5362 γὰρ
2672 5287 2742 5346 αὖ
2773 5292 2886 5355 τοῖς
2922 5291 3103 5356 ἄλλοις
3134 5293 3231 5345 καὶ
3284 5291 3559 5363 μισολόγον
3601 5286 3650 5337 τὸ

2104 5385 2353 5438 τοιοῦτον
2375 5384 2545 5452 φῦλόν
2575 5385 2750 5439 ἐστιν.
2780 5384 2843 5437 Οἳ
2877 5384 2944 5436 δι’
2969 5385 3103 5437 αὐτὸ
3138 5385 3318 5438 πάντα
3383 5385 3478 5454 μὲν
3512 5379 3648 5434 ἄλλον

2107 5476 2397 5547 ἄνθρωπον
2422 5476 2837 5545 καταδέχονται,
2872 5475 3314 5546 προσεληλυθότα
3343 5477 3422 5535 είς
3448 5470 3646 5540 κουράν

2106 5570 2194 5622 ὅτε
2224 5569 2279 5622 δὲ
2298 5569 2392 5621 καί
2422 5586 2504 5631 τις
2538 5568 2846 5638 ἐλλόγιμος,
2885 5566 2976 5619 καὶ¹
3004 5567 3352 5637 γραμμάτων
3386 5565 3647 5636 τρόφιμος»

2106 5663 2202 5714 καὶ
2233 5661 2398 5731 σοφίᾳ
2433 5660 2848 5732 κατακώχιμος,
2876 5659 2970 5713 καὶ
3016 5662 3126 5720 τοῖς
3175 5659 3430 5710 ἐντεῦθεν
3476 5649 3646 5720 ἀγωγίο

2110 5771 2231 5823 μοις
2271 5753 2568 5824 ἔμφορτος,
2620 5755 2760 5824 πρὸς
2801 5753 2877 5824 τῷ
2910 5753 3031 5805 κατ’
3061 5751 3263 5811 αὐτοὺς
3315 5750 3493 5821 λιμένι
3519 5744 3647 5813 γένη·

2106 5863 2218 5912 ται,
2271 5849 2363 5899 καὶ
2397 5847 2548 5900 αὐτοὶ
2589 5847 2818 5918 μάθοιεν
2850 5847 3032 5915 τοῦτο,
3088 5845 3288 5900 αὐτίκα
3329 5835 3645 5911 πανθυμαδὸν
