3992 6240
395 227 508 289 833'

1357 235 1452 296 DE
1496 236 1965 300 EMENDANDA
2008 239 2191 303 VITA
2228 241 2691 305 MONACHICA.

3541 237 3649 302 834

397 339 748 409 ὀκριόωνται.
775 343 884 395 Καὶ
913 341 1084 413 όργάς
1116 343 1528 416 ἀναλαϐόμενοι,
1559 349 1659 400 ὅσα
1690 349 1784 402 καὶ
1802 349 1964 413 ὅπλα,

2082 365 2192 406 rare
2239 368 2360 408 eum
2415 367 2522 407 non
2578 357 2829 423 possunt,
2885 361 3037 403 more
3073 345 3650 419 Lmatrygonumﬂt),

401 433 521 483 ἐπεὶ
544 433 619 504 μὴ
635 433 894 488 δύνανται
931 438 1351 506 Λαιστρυγόνων
1405 440 1562 508 δίκην
1591 443 1682 492 τὸν
1725 442 1967 494 τοιοῦτον

403 526 792 596 θοινήσασθαι,
848 529 1000 596 ὅμως
1054 529 1318 593 ἐξωθοῦσι
1369 532 1465 584 τοῦ
1512 532 1752 602 λιμένος,
1803 535 1970 588 λοιδο-

405 621 550 688 ρίαις
576 619 700 669 ἀντὶ
726 617 889 671 λίθων
929 621 1236 690 βάλλοντες.
1271 624 1382 676 Καὶ⁵
1415 624 1754 692 δύσχρηστον
1785 629 1968 691 αὐτοῖς

401 710 493 762 τὸν
519 709 808 777 ἄνθρωπον
829 705 971 764 εἶναι
989 713 1404 785 ἀποφηνάμενοι
1441 716 1600 785 (μηδὲ
1622 719 1730 788 γὰρ
1751 719 1970 772 δέεσθαι

402 801 462 852 τδ
494 803 923 871 φροντιστήριον
951 806 1364 874 γραμματικῶν
1403 808 1660 878 ἀνδρῶν),
1696 811 1971 878 ἀνοίγουσι

403 892 666 956 πλατείας
715 894 884 964 θύρας
919 899 984 966 τῇ
1051 900 1329 968 ἀγροικίᾳ,
1374 901 1468 952 καὶ
1511 902 1739 969 ἀφιᾶσιν
1802 904 1972 972 αὐτὴν

404 983 862 1048 ἐμπολιτεύεσθαι
895 990 961 1056 τῇ
1010 991 1131 1040 κατ’
1185 992 1383 1054 αὐτοὺς
1439 992 1708 1059 ἁγιότητι,
1782 996 1974 1064 πόρρω

405 1076 718 1145 πονούμενοι
744 1079 871 1141 τοὺς
899 1085 1249 1150 γραμματεῖς
1278 1086 1369 1136 τοῦ
1419 1085 1550 1138 Θεοῦ
1585 1103 1599 1116 ο
1625 1087 1674 1138 οἳ
1700 1086 1974 1155 μαθητευ.

406 1163 589 1228 θέντες
628 1167 1002 1235 εὐαγγελικῶς
1040 1174 1121 1234 εἰς
1155 1176 1253 1242 τὴν
1313 1173 1596 1243 βασιλείαν
1650 1178 1758 1230 τῶν
1803 1179 1974 1246 ούρα-

404 1257 529 1320 νῶν,
561 1261 798 1328 χορηγοῦ
815 1279 856 1312 τι
891 1263 1052 1315 καινά
1079 1281 1138 1314 τε
1181 1267 1275 1317 καὶ
1303 1266 1528 1320 παλαιά.
1569 1269 1643 1320 Οὔ
1676 1268 1785 1340 γὰρ
1818 1271 1976 1324 ἐνθυ-

407 1349 634 1418 μοῦνται
694 1353 745 1402 οἱ
796 1352 904 1405 τῶν
961 1355 1365 1426 ἐργαστηρίων,
1422 1359 1471 1411 οἱ
1545 1359 1639 1412 τοῦ
1681 1363 1974 1432 ἀγροτικοῦ

405 1441 549 1510 βίου,
583 1445 631 1495 οἱ
661 1446 761 1512 τῆς
791 1449 1127 1516 χειρομάχου
1162 1450 1425 1516 πληθύος,
1462 1451 1511 1503 οἱ
1553 1453 1720 1521 χύδην
1751 1457 1977 1524 προκεί-

405 1552 579 1602 μενοι,
614 1537 663 1588 οἱ
713 1538 908 1608 ιξωμοῦ
940 1540 1266 1610 ἀποδόμενοι
1289 1543 1388 1612 τὴν
1412 1545 1594 1612 τρίχα,
1628 1548 1675 1598 οἱ
1711 1547 1820 1598 τῶν
1865 1548 1974 1616 ἁμ-

408 1630 618 1698 μάτων,
643 1633 825 1686 οῐτῶν
864 1637 1195 1704 ῥαμμάτων,
1247 1639 1403 1692 πόλιν
1432 1641 1784 1710 γραμμάτων
1829 1644 1970 1695 ὲκεί-

403 1739 500 1792 νην
542 1724 898 1790 πολύκλυτον,
926 1730 959 1799 ἥ
988 1729 1080 1782 καὶ
1114 1731 1251 1801 αὑτὴ
1303 1733 1665 1802 παραδέδοται
1701 1737 1866 1804 ἡμῖν’
1905 1736 1974 1806 ἠν

403 1815 520 1869 δέον
553 1815 754 1887 ζηλοῦν
790 1819 1013 1885 αὐτοὺς,
1047 1822 1138 1873 καὶ
1165 1824 1222 1873 ὲν
1253 1819 1386 1893 αὐτῇ
1451 1825 1973 1896 πολιτογραφεῑσθαι

401 1906 552 1971 θείας
584 1912 748 1979 χάριν
781 1911 995 1979 σοφίας,
1027 1915 1094 1966 δι’
1123 1909 1188 1986 ἧς
1229 1915 1298 1968 τά
1323 1935 1382 1969 τε
1409 1912 1531 1971 θεῖα
1575 1920 1974 1991 φιλοσοφούσης

404 2003 502 2054 καὶ
529 2003 598 2055 τὰ
621 2007 744 2056 κατ’
767 2005 1116 2074 ἀνθρώπους,
1159 2009 1408 2062 ἐνοῦνται
1451 2010 1526 2081 τῷ
1579 2011 1698 2082 Θεῷ
1727 2015 1778 2066 oi
1799 2013 1976 2084 ὀρθῶς

400 2093 498 2146 καὶ
539 2095 766 2157 ἐντελῶς
807 2097 956 2167 αὐτῷ
1002 2101 1457 2171 προσανέχοντες,
1524 2105 1640 2156 ἀλλ’
1707 2106 1861 2158 αὐτοὶ
1913 2106 1974 2158 τὸ

401 2185 772 2254 ἀγράμματον
822 2190 1240 2260 προαιροῦνται,
1293 2195 1388 2246 καὶ
1433 2197 1716 2257 παντελῶς
1765 2199 1972 2251 ’ἰδιωτι-

400 2276 524 2328 κῑνο
560 2275 700 2344 τάχα
737 2277 834 2345 μὲν
863 2279 1279 2349 ,ἐνθυμούμενοι
1322 2284 1418 2336 καὶ
1457 2285 1519 2336 τό
1555 2301 1570 2315 ο
1613 2304 1630 2337 ι
1662 2284 1821 2338 Ἐπεὶ
1869 2287 1970 2339 οὐκ

402 2366 573 2433 ἔγνων
626 2372 1041 2440 γραμματείας,
1117 2375 1502 2446 εἰσελεύσομαι
1569 2380 1627 2431 ὲν
1707 2379 1785 2448 τῷ
1832 2378 1967 2450 οἴκῳ

403 2459 627 2525 Κυρίου.
687 2481 706 2513 ι
739 2463 846 2516 Καὶ
882 2465 1082 2529 ἀθλίως
1110 2470 1518 2537 παρανοοῦντες
1548 2471 1606 2523 τὸ
1656 2472 1964 2538 Δαυῖτικὺν,

2073 450 2252 496 tamen
2278 459 2306 497 a
2346 445 2535 498 limine
2584 442 2893 512 repellunt:
2920 450 2976 496 et
3010 439 3502 510 injuriislapidum
3531 442 3651 494 loco

2073 533 2357 602 impetunt.
2391 534 2450 588 Et
2477 550 2600 589 cum
2635 536 2883 590 inutilem
2921 534 3026 588 sibi
3065 534 3182 588 fore
3206 533 3354 590 hunc
3373 531 3650 585 hominem

2076 640 2450 700 Cognoverunt
2477 631 2780 700 (hominum
2815 633 2960 685 enim
2989 631 3352 683 litteratorum
3374 641 3484 680 non
3507 627 3652 680 iudi-

2072 735 2200 790 gere
2246 722 2686 792 monasterium),
2742 725 2884 776 latas
2931 723 3130 791 januas
3205 720 3462 788 aperiunt
3499 719 3655 772 iuur~

2074 814 2254 877 bonis,
2291 828 2497 882 eosque
2539 815 2680 868 intra
2719 825 2936 870 sanctas
2968 818 3111 870 :edes
3149 815 3346 870 sinunt
3378 816 3650 878 habitare,

2076 905 2264 974 procul
2285 904 2469 959 missis
2491 907 2778 974 discipulis
2813 908 3026 962 Domini
3066 908 3162 978 qui
3191 907 3338 960 docti
3366 909 3652 977 evangelio

2076 998 2130 1052 in
2168 1013 2396 1068 regnum
2420 999 2684 1053 caelorum
2711 1017 2850 1054 nova
2883 1011 2934 1054 et
2974 1014 3158 1056 vetera
3203 999 3493 1056 afferrent.
3533 1000 3650 1054 Non

2075 1090 2220 1142 enim
2251 1090 2500 1144 homines
2529 1093 2961 1158 ergastulorum,
2990 1109 3272 1162 agrorum,
3322 1110 3432 1148 non
3476 1095 3654 1146 turhze

2076 1197 2198 1250 qua:
2239 1181 2432 1251 pugnis
2485 1181 2734 1247 dimicat,
2784 1197 2907 1249 quae
2970 1185 3176 1250 passim
3227 1193 3483 1253 vagatur,
3529 1195 3652 1251 qua:

2075 1273 2308 1342 capillos
2341 1274 2578 1327 frustulo
2606 1274 2762 1343 panis
2815 1273 3023 1341 vendit,
3075 1276 3328 1329 homines
3355 1276 3432 1328 fili
3458 1275 3571 1344 (15)
3598 1282 3654 1326 et

2077 1380 2207 1418 acus
2231 1379 2350 1417 eam
2381 1364 2658 1432 egregiam
2707 1364 2986 1417 civitatem
3045 1363 3356 1418 litterarum
3389 1364 3654 1432 concupi-

2079 1468 2267 1519 scunt,
2303 1473 2424 1526 quae
2465 1457 2626 1510 nobis
2665 1469 2852 1526 aperta
2899 1467 3016 1512 est:
3044 1473 3164 1511 eam
3199 1473 3452 1527 quzerere
3485 1458 3654 1512 debe—

2079 1552 2226 1614 bant,
2261 1560 2313 1605 et
2343 1551 2398 1604 in
2426 1565 2489 1603 ea
2536 1549 2628 1619 jus
2660 1550 2902 1604 civitatis
2965 1550 3260 1619 acquirere
3298 1558 3520 1620 propter
3567 1564 3657 1603 sa.

2081 1643 2335 1711 pientiam
2368 1657 2471 1711 qua
2509 1641 2739 1697 docente
2767 1643 3004 1696 humana
3025 1651 3074 1696 et
3095 1643 3282 1696 divina
3310 1641 3422 1698 Deo
3455 1642 3659 1696 uniun-

2077 1746 2167 1790 tur
2205 1736 2456 1790 homines
2489 1744 2638 1790 recte
2683 1745 2739 1790 et
2772 1735 3012 1804 perfecte
3042 1737 3089 1790 ei
3117 1737 3496 1790 adhaerentes:
3553 1734 3650 1789 sed

2078 1829 2451 1899 ignorantiam
2497 1838 2553 1882 et
2589 1844 2771 1882 veram
2815 1830 3092 1882 insaniam
3130 1828 3233 1897 ipsi
3285 1836 3656 1898 prmponuut,

2076 1920 2308 1975 forsitan
2346 1921 2695 1976 intendentes
2723 1921 2776 1975 in
2812 1922 2944 1976 illud
2977 1942 2991 1976 :
3033 1939 3053 1975 ι
3094 1921 3365 1988 Quoniam
3424 1936 3531 1976 non
3563 1936 3657 1973 co-

2077 2015 2238 2084 gnovi
2325 2015 2718 2076 litteraturam,
2775 2015 3020 2068 introiho
3088 2016 3143 2069 in
3210 2013 3485 2085 potentias
3551 2011 3655 2064 Do-

2078 2105 2211 2158 mini
2240 2105 2286 2136 ’δ
2317 2119 2332 2167 ;
2369 2123 2388 2156 ι
2434 2117 2489 2159 et
2533 2104 2760 2160 verbum
2815 2104 3037 2159 Davidis
3073 2106 3213 2159 male
3267 2105 3654 2173 intelligentes,

2075 2209 2219 2265 smpe
2273 2197 2440 2251 etiam
2489 2213 2556 2252 ex
2624 2197 2916 2252 versiculis
2957 2197 3316 2266 sequentibus
3369 2197 3516 2251 istud
3574 2196 3657 2248 la-

2075 2290 2179 2344 biis
2221 2291 2693 2359 pronuntiantes:
2740 2310 2758 2342 (
2792 2290 3101 2358 Discipulos
3141 2289 3439 2343 indoctos:
3479 2306 3495 2339 ι
3563 2302 3659 2340 ne-

2075 2399 2180 2454 que
2231 2385 2416 2438 Statim
2475 2386 2608 2440 illud
2658 2386 2984 2456 adjicientes
3044 2401 3061 2439 :
3122 2401 3140 2435 ι
3183 2383 3381 2438 Doctus
3440 2380 3657 2438 fecistio

2073 2475 2299 2530 Christe
2327 2477 2494 2534 Deus.
2539 2498 2556 2531 ι

403 2555 770 2622 προφέροντες
793 2557 849 2609 δὲ
880 2559 946 2611 τὰ
974 2560 1142 2614 πλείω
1161 2562 1254 2614 ἐπὶ
1279 2562 1526 2633 γλώττης
1559 2564 1656 2617 καλ⁸
1685 2566 1750 2617 ἐκ
1777 2563 1887 2618 τῶν
1913 2565 2205 2640 ἐσύστερον
2236 2571 2596 2640 ψαλλομένων
2621 2572 2706 2624 τό⁹
2739 2590 2757 2624 ι
2789 2573 2927 2634 Τοὺς
2957 2571 3361 2642 ἀγραμμάτους
3387 2567 3660 2639 μαθητάς.

409 2663 428 2696 ι
478 2645 552 2714 μὴ
580 2652 1161 2718 προσεπισυνείροντες
1191 2654 1247 2708 δὲ
1275 2657 1473 2710 αὐτίκα
1505 2659 1598 2710 καὶ
1633 2658 1693 2710 τό
1727 2671 1742 2688 ⁸
1786 2678 1803 2710 ι
1846 2659 2148 2725 Παιδευτάς
2176 2663 2477 2729 ἀνέδειξας,
2507 2664 2733 2732 Χριστὲ,
2765 2664 2792 2715 ὁ
2821 2663 2953 2726 Θεός
2993 2682 3010 2715 ι

477 2739 614 2806 ρκζ’.
649 2741 787 2794 Εἰπέ
816 2760 927 2810 μοι,
957 2739 1001 2796 ὦ
1021 2747 1319 2816 θεωρητικὲ
1349 2751 1576 2819 μοναχὲ,
1604 2751 1975 2822 ἀγράμματος

401 2829 480 2883 ῶν
507 2833 568 2894 ἐς
598 2834 658 2886 τὸ
697 2837 805 2890 πᾶν
842 2835 913 2906 (τί
937 2837 989 2888 δέ
1029 2856 1116 2907 μοι
1147 2840 1241 2892 ἐπὶ
1275 2842 1333 2893 σὲ
1364 2842 1675 2896 ἀποτείνειν
1699 2844 1790 2898 τὸν
1817 2844 1975 2914 λόγον

403 2924 486 2985 τίς
523 2926 762 2994 κενόν;),
819 2929 955 2982 ἀλλὰ
1007 2931 1138 2997 γοῦν
1182 2932 1664 3004 ὀλιγογρὰμματος
1720 2938 1880 3010 (πρὸς
1913 2941 1974 2993 σὲ

2160 2756 2282 2812 127.
2332 2757 2428 2811 Die
2467 2758 2620 2822 mihi,
2656 2757 2903 2812 theorice
2965 2755 3260 2816 monache,
3309 2753 3402 2824 qui
3435 2738 3662 2808 omnino
3758 2771 3766 2778 ·

2073 2849 2375 2904 illiteratus
2412 2865 2472 2906 es
2528 2849 2644 2918 (sed
2678 2850 2808 2918 quid
2844 2848 2978 2902 mihi
3025 2861 3333 2902 sermonem
3367 2847 3421 2900 in
3458 2859 3659 2899 vanum

2083 2942 2382 2999 extendere
2395 2941 2461 3012 ‘3).
2483 2941 2670 2995 saltem
2690 2941 2780 3010 qui
2809 2956 2979 3008 pauca
3001 2939 3307 3007 cognovisti
3329 2938 3405 3007 (in
3437 2948 3490 2991 te
3509 2938 3657 2991 enim

403 3017 512 3087 γὰρ
538 3017 654 3073 Em.
681 3039 766 3085 τις
789 3021 966 3092 λόγο.)
987 3040 999 3053 ·
1034 3027 1170 3094 πρὸς
1196 3027 1254 3079 δὲ
1289 3030 1384 3079 καὶ
1409 3029 1518 3092 ζῶν
1549 3031 1754 3101 βιοτὴν,
1785 3034 1975 3087 ὁποίαν

2082 3033 2262 3102 aliqua
2291 3041 2374 3087 est
2403 3031 2682 3097 scientia),
2710 3031 2798 3100 qni
2833 3031 3057 3100 insuper
3083 3030 3246 3083 vitam
3269 3027 3409 3097 agis,
3431 3037 3494 3081 ut
3513 3027 3655 3082 disi-

404 3110 635 3178 τρίϐεις,
676 3112 750 3173 ὡς
770 3113 1074 3182 ἐξεοέμεθα
1103 3133 1114 3145 ·
1145 3118 1269 3170 τίνα
1289 3119 1570 3173 παιδεύειν
1596 3123 1976 3190 ἀποστολικῶς

349 3251 353 3253 ,
403 3200 629 3256 δύνασαι
659 3205 738 3267 είς
765 3205 1006 3272 ἀγαθόν;
1050 3209 1119 3261 Ἢ
1153 3211 1374 3275 πάντως
1403 3212 1641 3276 διδάξεις
1680 3218 1799 3284 μὲν,
1833 3216 1975 3286 πλὴν

404 3295 481 3357 ὡς
511 3295 612 3347 οὐκ
639 3296 833 3365 ἀγαπᾷ
874 3301 900 3351 ὁ
931 3300 1063 3363 Θεός
1086 3317 1100 3332 ’
1129 3301 1445 3366 παιδεύσεις
1475 3305 1695 3368 πάντως
1723 3309 1790 3360 τὰ
1837 3308 1974 3362 ἄλλα

405 3387 606 3449 πάντα,
635 3389 776 3462 πλὴν
796 3392 892 3444 τοῦ
917 3395 1176 3463 μονὰζειν
1196 3413 1210 3427 ⁶
1237 3413 1376 3472 κατα
1388 3398 1591 3468 ρτίζεις
1611 3400 1704 3453 τὸν
1729 3401 1974 3472 μαθητὴν

403 3482 706 3536 ἀναπατείν
747 3486 917 3554 συχνὰ
955 3489 1106 3554 παρὰ
1138 3488 1239 3551 τὰς
1270 3491 1603 3561 λεωφόρους,
1636 3491 1974 3562 προκύπτειν

406 3574 516 3629 ἔσω
571 3577 777 3646 θυρῶν,
832 3579 1028 3633 ὁπόσαι
1074 3581 1427 3636 διαπέτανται
1466 3586 1546 3646 εἰς
1577 3585 1809 3653 θεωρίαν
1837 3587 1974 3639 ἐτοξ-

411 3686 540 3739 μην,
579 3670 890 3738 φιλιοῦσθαι
921 3677 1406 3743 παρατυγχάνουσι
1438 3677 1648 3742 λαῖκοῖς
1682 3681 1764 3741 εἰς
1794 3679 1979 3744 ὲπιξέ-

407 3775 602 3830 νωμα·
658 3762 1024 3834 ἀκριϐοῦσθαι
1070 3767 1137 3819 τά
1189 3767 1292 3837 τῆς
1341 3768 1587 3837 ἀγορᾶς·
1639 3769 1978 3834 ὲνεθῑζεσθαι

353 3907 370 3919 ,
404 3849 669 3920 λοετροῖς,
704 3848 785 3916 οἷς
823 3855 955 3924 πρὶν
1002 3856 1105 3908 οὐκ
1149 3857 1411 3926 ὲθάμιζε·
1454 3857 1756 3930 διακρίνειν
1806 3861 1977 3924 οίνου,

408 3943 493 4004 τίς
531 3945 626 4011 μὲν
661 3947 988 4014 εὐπρόσιτος
1020 3951 1101 4009 εἰς
1135 3949 1350 4017 γεῦσιν,
1386 3951 1471 4014 τίς
1501 3951 1558 4005 δὲ
1601 3953 1662 4005 οὐ
1699 3952 1937 4022 χρηστός
1959 3967 1976 3984 ⁸

408 4039 504 4092 καὶ
531 4037 664 4094 αὐτὸ
701 4038 770 4093 τὰ
802 4040 975 4092 πολλά
1024 4042 1145 4094 οὑδὲ
1174 4045 1254 4106 είς
1291 4044 1594 4097 ἀπόλαυσιν
1624 4045 1722 4114 τὴν
1764 4045 1979 4111 ἁπλῶς,

407 4131 524 4184 ἀλλ’
559 4131 646 4208 ἵνα
685 4133 714 4183 ὁ
749 4133 878 4200 πρῖν
919 4133 992 4202 μὴ
1033 4136 1440 4204 πεπειραμένος
1485 4135 1635 4189 οἴνου
1685 4137 1818 4206 μηδὲ
1852 4137 1981 4208 ἄχρι

411 4221 545 4290 γοῦν
571 4205 744 4292 ὀδμῆς
768 4223 862 4275 νῦν
885 4225 1195 4296 ἀρτιμαθὴς
1215 4227 1380 4279 αὑτοῦ
1403 4227 1631 4296 γένηται
1653 4205 1792 4298 προς
1819 4205 1983 4297 θερα-

410 4313 574 4364 πείαν
608 4329 728 4377 σου,
773 4315 869 4366 τοῦ
906 4317 1148 4384 μεγάλου
1187 4317 1402 4388 Πατρός
1427 4335 1440 4349 ·
1496 4321 1979 4389 προσεπιδιδάξεις

2078 3142 2224 3190 mus,
2269 3141 2431 3196 quem
2486 3125 2764 3180 hominem
2837 3125 3041 3193 poteris
3100 3124 3304 3177 bonum
3357 3120 3658 3188 apostolire

2077 3219 2350 3274 edocere?
2407 3219 2512 3271 Aut
2552 3217 2711 3287 plane
2756 3216 3000 3279 docebis,
3055 3215 3150 3270 sed
3217 3229 3326 3268 non
3381 3211 3658 3282 quomodo

2079 3320 2227 3365 amat
2260 3311 2438 3375 Deus;
2471 3326 2592 3364 cum
2615 3309 2802 3363 omnia
2827 3316 3026 3362 caatera
3053 3307 3305 3367 docebis,
3338 3321 3446 3358 non
3473 3313 3655 3358 autem

2081 3401 2473 3454 monasterium
2534 3398 2884 3453 servandum.
2943 3396 3281 3466 Discipulum
3309 3396 3496 3448 erudis
3544 3393 3659 3447 fre-

2080 3501 2313 3562 quenter
2338 3507 2524 3546 errare
2544 3506 2642 3560 per
2661 3491 2793 3555 vias,
2834 3489 3108 3556 inspicere
3136 3489 3278 3542 intra
3311 3495 3498 3556 portas
3535 3502 3658 3556 quae

2082 3594 2286 3653 aperta:
2321 3593 2468 3644 sunt.
2504 3594 2558 3637 et
2587 3593 2794 3651 param
2827 3581 3193 3644 intuentibus,
3247 3580 3510 3647 conjungi
3543 3579 3662 3632 cui-

2082 3678 2213 3731 libet
2247 3677 2388 3731 laico
2419 3677 2474 3730 in
2504 3673 2961 3744 hospitalitatem,
3008 3675 3228 3744 negotia
3265 3673 3504 3726 forensia
3537 3686 3660 3738 per-

2081 3773 2219 3828 ferte
2266 3786 2517 3832 noscere,
2568 3783 2888 3825 assuescere
2934 3768 3143 3823 balneis
3196 3781 3317 3835 quae
3348 3765 3502 3834 prius
3547 3779 3658 3818 non

2081 3863 2504 3934 frequentabat:
2551 3863 2674 3916 vina
2707 3860 3026 3931 degustare,
3064 3871 3312 3928 quaenam
3354 3857 3464 3910 sint
3495 3866 3658 3924 gustu

2083 3957 2293 4023 suavia,
2328 3969 2574 4023 quamam
2630 3946 2930 4021 injucunda
2981 3970 2996 4006 :
3037 3951 3200 4020 idque
3251 3963 3394 4017 saepe
3427 3962 3534 4000 non
3591 3946 3657 3998 ad

2084 4049 2376 4104 fruendum
2408 4045 2752 4116 simpliciter,
2781 4045 2875 4099 sed
2898 4053 2957 4098 ut
2990 4042 3082 4112 qui
3110 4044 3380 4095 hactenus
3425 4039 3657 4106 ignarus

2082 4143 2194 4196 vini
2227 4140 2524 4208 odorisqne
2559 4138 2678 4206 ejus
2714 4143 3076 4198 remanserat,
3115 4133 3246 4185 illud
3285 4144 3432 4184 nunc
3453 4144 3660 4198 cogno-

2083 4244 2204 4291 scat
2227 4235 2292 4289 ad
2317 4233 2742 4288 ministrandom
2777 4229 2873 4282 tibi
2896 4241 3095 4296 magno
3123 4225 3310 4280 Patri:
3339 4222 3491 4276 illum
3523 4237 3660 4290 pra:-

2084 4334 2233 4380 terea
2288 4324 2487 4378 edoces
2518 4321 2709 4376 oculos
2759 4319 2814 4372 in
2849 4331 2960 4370 rem
3019 4317 3274 4385 deligere,
3331 4311 3660 4367 fiducialiter

411 4402 472 4456 δὲ
505 4405 692 4470 αὐτὸν,
744 4407 838 4458 καὶ
892 4407 1082 4470 ἀτενὲς
1114 4387 1358 4476 βλέπειν,
1408 4409 1504 4461 καὶ
1545 4387 1741 4480 τρανὲς
1771 4410 1975 4477 λαλεῖν,

2083 4419 2256 4487 loqui,
2289 4413 2692 4476 contradicere,
2731 4422 3016 4481 procacem
3051 4421 3176 4463 esse
3197 4446 3213 4471 ,
3249 4404 3470 4474 injuriis
3499 4403 3662 4456 dimi-

411 4495 511 4547 καὶ
541 4497 864 4564 ἀντιλαλεῐν,
897 4499 992 4551 καί
1019 4517 1122 4553 που
1147 4501 1244 4552 καὶ
1265 4501 1652 4571 θρασύνεσθαι,
1685 4505 1782 4556 καὶ
1812 4519 1975 4556 κατα-

2082 4523 2229 4572 care,
2254 4521 2317 4562 ea
2343 4503 2527 4560 omnia
2565 4501 2847 4556 contraria
2895 4512 2959 4553 ac
3008 4494 3342 4566 promisisti.
3377 4492 3660 4548 Permittis

409 4587 636 4658 ψάλλειν
657 4589 901 4659 ὕϐρεσιν,
930 4593 1261 4656 ἀπεναντίας
1284 4594 1461 4646 ταῦτα
1483 4595 1685 4661 πάντα,
1711 4589 1793 4659 οἷς
1819 4597 1975 4660 αὐτὸς

2082 4613 2307 4655 manum
2346 4597 2605 4651 attollere
2635 4593 2702 4648 ad
2747 4592 3198 4652 nihilsauctum,
3225 4596 3284 4640 et
3309 4586 3530 4648 baculo,
3571 4583 3660 4638 vel

413 4681 614 4745 ἑτάξω.
684 4682 939 4754 Ἐφήσεις
981 4688 1036 4739 δὲ
1086 4690 1180 4740 καὶ
1234 4690 1425 4758 χεῖρας
1472 4690 1649 4758 αἴρειν
1697 4691 1777 4754 είς
1826 4691 1975 4744 οὐδὲν

2082 4691 2253 4762 magis
2301 4689 2474 4744 ferrea
2508 4686 2655 4754 virga
2683 4684 2762 4739 uti
2789 4698 2897 4738 non
2932 4682 2998 4737 ad
3028 4688 3320 4751 paternum
3354 4677 3614 4734 ducatum
3642 4717 3658 4744 ,

413 4771 573 4842 ἅγιον
593 4791 608 4804 ·
638 4777 733 4828 καὶ
786 4775 1060 4850 βακτηρίᾳ
1092 4779 1208 4849 μὲν,
1245 4777 1441 4834 οὔκουν
1487 4781 1666 4850 ῥάϐδῳ
1695 4781 1752 4834 δὲ
1783 4782 1975 4852 σιδηρᾷ

2082 4787 2168 4842 sed
2207 4783 2273 4840 ad
2305 4779 2578 4837 latrocinii
2623 4777 2826 4833 malum

414 4863 744 4954 κεχρῆσθαι,
769 4867 866 4936 οὐχ
895 4869 972 4931 ὡς
1001 4871 1080 4934 εἰς
1113 4869 1412 4950 ποίμανσιν
1440 4873 1742 4943 πατρικὴν,
1770 4872 1885 4926 ἀλλ’
1914 4873 1990 4936 ὡς

415 4955 494 5016 εἰς
519 4957 772 5026 πημονὴν
789 4958 1110 5033 λῃστρικὴν.

489 5054 632 5118 ρκη’.
694 5051 934 5106 Τοιαῦτα
989 5055 1052 5106 σὺ
1109 5055 1492 5123 ἀντιδιδάξεις,
1545 5057 1573 5110 ό
1618 5057 1984 5129 ἀγράμματος

419 5141 675 5211 μοναχδς,
707 5143 923 5213 ἑτεροῖα
956 5145 1116 5216 μόνα,
1150 5148 1286 5216 πρὸς
1301 5149 1448 5219 ἀπερ
1476 5150 1640 5214 αὐτὸς
1669 5150 1986 5222 παρηγγελ-

490 5321 539 5351 ²⁸
571 5322 720 5377 Psal.
755 5337 887 5387 Lxx,
920 5321 1012 5378 16.

2158 5055 2283 5110 128.
2318 5053 2443 5108 llaec
2473 5049 2721 5116 docebis,
2767 5062 2804 5104 ο
2849 5046 3119 5103 monacho
3169 5044 3471 5101 illitterate,
3525 5053 3660 5094 eon-

2089 5148 2258 5204 traria
2287 5145 2369 5202 eis
2395 5158 2518 5215 qua:
2538 5140 2819 5215 pollicitus
2865 5155 2924 5196 es
2955 5147 3010 5195 et
3043 5135 3386 5207 spopondisti
3416 5142 3656 5186 servare.

493 5453 608 5530 (14)
640 5455 1040 5530 ιαζδινῃᾳοηεδ,
1080 5458 1317 5530 populus
1375 5459 1689 5530 Campanize
1749 5461 1975 5516 moribu:

2093 5461 2148 5516 in
2172 5461 2415 5525 vocibus,
2447 5461 2720 5530 ἀμμάτων
2742 5452 3045 5530 ραμμάτων
3065 5451 3510 5530 οι-γραμμάτων.
3532 5449 3663 5530 Βυιθ

420 5521 613 5602 ferinis
643 5521 870 5602 infamis
898 5521 1482 5602 ;_earnem'_hu:nanam
1515 5521 1749 5586 edebant
1777 5532 1997 5602 (Home-
2098 5532 2291 5602 prima:
2362 5521 2507 5600 saepe
2535 5521 2914 5597 'copulatttu'r,
2952 5521 3390 5598 .signiﬁcantque
3438 5522 3664 5594 proprie

421 5609 534 5654 rus.
559 5593 807 5654 Ovidius.
836 5606 888 5650 et
918 5596 1220 5664 Horatius).

497 5664 610 5736 (15)
646 5665 906 5723 Homines
935 5666 1013 5723 ﬁli
1044 5675 1099 5722 et
1128 5683 1260 5726 acus
1304 5684 1317 5722 :
1351 5667 1439 5724 hic
1493 5669 1820 5728 Eustathius
1853 5669 1994 5728 ludit

2103 5603 2304 5656 nodum
2341 5609 2396 5656 et
2435 5607 2708 5654 suturam.
