  <div class='ocr_page' id='page_1' title='image "/cluster/home/n/w/nwhite01/storage/ocr_20150623/135/mdp.39015029921197/426.png"; bbox 0 0 3992 6240; ppageno 0'>
   <div class='ocr_carea' id='block_1_1' title="bbox 319 223 421 286">
    <p class='ocr_par' dir='ltr' id='par_1_1' title="bbox 319 223 421 286">
     <span class='ocr_line' id='line_1_1' title="bbox 319 223 421 286; baseline -0.039 0"><span class='ocrx_word' id='word_1_1' title='bbox 319 223 421 286; x_wconf 81' lang='grc'><strong>837</strong></span> 
     </span>
    </p>
   </div>
   <div class='ocr_carea' id='block_1_2' title="bbox 1289 227 2661 298">
    <p class='ocr_par' dir='ltr' id='par_1_2' title="bbox 1289 227 2661 298">
     <span class='ocr_line' id='line_1_2' title="bbox 1289 227 2661 298; baseline 0.007 -9"><span class='ocrx_word' id='word_1_2' title='bbox 1289 229 1387 289; x_wconf 82' lang='grc' dir='ltr'><strong>ΒΕ</strong></span> <span class='ocrx_word' id='word_1_3' title='bbox 1429 227 1914 293; x_wconf 71' lang='lat' dir='ltr'><strong>EMENDANDA</strong></span> <span class='ocrx_word' id='word_1_4' title='bbox 1961 231 2137 291; x_wconf 82' lang='lat' dir='ltr'><strong>VlTA</strong></span> <span class='ocrx_word' id='word_1_5' title='bbox 2188 233 2661 298; x_wconf 69' lang='lat' dir='ltr'><strong>MONACHICA.</strong></span> 
     </span>
    </p>
   </div>
   <div class='ocr_carea' id='block_1_3' title="bbox 3474 243 3582 307">
    <p class='ocr_par' dir='ltr' id='par_1_3' title="bbox 3474 243 3582 307">
     <span class='ocr_line' id='line_1_3' title="bbox 3474 243 3582 307; baseline -0.009 0"><span class='ocrx_word' id='word_1_6' title='bbox 3474 243 3582 307; x_wconf 87' lang='lat'><strong>838</strong></span> 
     </span>
    </p>
   </div>
   <div class='ocr_carea' id='block_1_4' title="bbox 320 339 1914 421">
    <p class='ocr_par' dir='ltr' id='par_1_4' title="bbox 320 339 1902 420">
     <span class='ocr_line' id='line_1_4' title="bbox 320 339 1902 420; baseline 0.006 -27"><span class='ocrx_word' id='word_1_7' title='bbox 320 340 457 393; x_wconf 76' lang='grc' dir='ltr'>ἀλλὰ</span> <span class='ocrx_word' id='word_1_8' title='bbox 487 339 749 407; x_wconf 77' lang='grc' dir='ltr'>τεχνικῶς</span> <span class='ocrx_word' id='word_1_9' title='bbox 786 340 1033 406; x_wconf 77' lang='grc' dir='ltr'>ίδιάζεις,</span> <span class='ocrx_word' id='word_1_10' title='bbox 1063 345 1252 414; x_wconf 82' lang='grc' dir='ltr'>σαφῶς</span> <span class='ocrx_word' id='word_1_11' title='bbox 1279 345 1334 399; x_wconf 82' lang='grc' dir='ltr'>δὲ</span> <span class='ocrx_word' id='word_1_12' title='bbox 1359 347 1558 412; x_wconf 80' lang='grc' dir='ltr'>εἰπεῖν,</span> <span class='ocrx_word' id='word_1_13' title='bbox 1590 347 1902 420; x_wconf 69' lang='grc' dir='ltr'>ἐργατικῶς</span> 
     </span>
    </p>
   </div>
   <div class='ocr_carea' id='block_1_5' title="bbox 2022 339 3587 421">
    <p class='ocr_par' dir='ltr' id='par_1_5' title="bbox 2028 352 3587 421">
     <span class='ocr_line' id='line_1_5' title="bbox 2028 352 3587 421; baseline 0.01 -19"><span class='ocrx_word' id='word_1_14' title='bbox 2028 364 2057 402; x_wconf 86' lang='lat' dir='ltr'><strong>e</strong></span> <span class='ocrx_word' id='word_1_15' title='bbox 2087 365 2230 416; x_wconf 86' lang='lat' dir='ltr'><strong>esse,</strong></span> <span class='ocrx_word' id='word_1_16' title='bbox 2271 352 2368 405; x_wconf 87' lang='lat' dir='ltr'><strong>sed</strong></span> <span class='ocrx_word' id='word_1_17' title='bbox 2415 355 2482 406; x_wconf 86' lang='lat' dir='ltr'><strong>de</strong></span> <span class='ocrx_word' id='word_1_18' title='bbox 2530 352 2798 407; x_wconf 83' lang='lat' dir='ltr'><strong>industria</strong></span> <span class='ocrx_word' id='word_1_19' title='bbox 2857 353 3173 418; x_wconf 83' lang='lat' dir='ltr'><strong>secessisse,</strong></span> <span class='ocrx_word' id='word_1_20' title='bbox 3223 365 3296 421; x_wconf 87' lang='lat' dir='ltr'><strong>et,</strong></span> <span class='ocrx_word' id='word_1_21' title='bbox 3349 367 3406 413; x_wconf 93' lang='lat' dir='ltr'><strong>ut</strong></span> <span class='ocrx_word' id='word_1_22' title='bbox 3435 370 3587 418; x_wconf 83' lang='lat' dir='ltr'><strong>recte</strong></span> 
     </span>
    </p>
   </div>
   <div class='ocr_carea' id='block_1_6' title="bbox 324 430 1902 512">
    <p class='ocr_par' dir='ltr' id='par_1_6' title="bbox 324 430 1902 512">
     <span class='ocr_line' id='line_1_6' title="bbox 324 430 1902 512; baseline 0.005 -26"><span class='ocrx_word' id='word_1_23' title='bbox 324 430 570 502; x_wconf 82' lang='grc' dir='ltr'>μοχθεῖς,</span> <span class='ocrx_word' id='word_1_24' title='bbox 609 433 948 502; x_wconf 78' lang='grc' dir='ltr'>σαφέστερον</span> <span class='ocrx_word' id='word_1_25' title='bbox 988 434 1046 486; x_wconf 82' lang='grc' dir='ltr'>δὲ</span> <span class='ocrx_word' id='word_1_26' title='bbox 1096 436 1285 504; x_wconf 77' lang='grc' dir='ltr'>φάναι,</span> <span class='ocrx_word' id='word_1_27' title='bbox 1335 441 1586 509; x_wconf 79' lang='grc' dir='ltr'><strong>τεχνίτου</strong></span> <span class='ocrx_word' id='word_1_28' title='bbox 1627 439 1902 512; x_wconf 78' lang='grc' dir='ltr'><strong>βαναύσου</strong></span> 
     </span>
    </p>
   </div>
   <div class='ocr_carea' id='block_1_7' title="bbox 319 525 1900 606">
    <p class='ocr_par' dir='ltr' id='par_1_7' title="bbox 319 525 1900 606">
     <span class='ocr_line' id='line_1_7' title="bbox 319 525 1900 606; baseline 0.006 -26"><span class='ocrx_word' id='word_1_29' title='bbox 319 525 482 594; x_wconf 83' lang='grc' dir='ltr'>δίκην</span> <span class='ocrx_word' id='word_1_30' title='bbox 511 526 709 596; x_wconf 73' lang='grc' dir='ltr'>κοπιᾷς</span> <span class='ocrx_word' id='word_1_31' title='bbox 729 540 743 556; x_wconf 90' lang='grc'><strong>·</strong></span> <span class='ocrx_word' id='word_1_32' title='bbox 777 526 836 589; x_wconf 82' lang='lat'><em>6;</em></span> <span class='ocrx_word' id='word_1_33' title='bbox 867 528 926 580; x_wconf 82' lang='grc' dir='ltr'>ὲν</span> <span class='ocrx_word' id='word_1_34' title='bbox 955 531 1071 592; x_wconf 89' lang='grc' dir='ltr'>τοῖς</span> <span class='ocrx_word' id='word_1_35' title='bbox 1102 529 1392 597; x_wconf 74' lang='grc' dir='ltr'>ἀγεννέσιν</span> <span class='ocrx_word' id='word_1_36' title='bbox 1423 532 1628 603; x_wconf 75' lang='grc' dir='ltr'>ἔργοις,</span> <span class='ocrx_word' id='word_1_37' title='bbox 1661 533 1732 588; x_wconf 86' lang='grc' dir='ltr'>δι’</span> <span class='ocrx_word' id='word_1_38' title='bbox 1761 531 1836 588; x_wconf 84' lang='grc' dir='ltr'>ὧν</span> <span class='ocrx_word' id='word_1_39' title='bbox 1867 535 1900 606; x_wconf 81' lang='grc' dir='ltr'>ἣ</span> 
     </span>
    </p>
   </div>
   <div class='ocr_carea' id='block_1_8' title="bbox 325 616 1908 696">
    <p class='ocr_par' dir='ltr' id='par_1_8' title="bbox 325 616 1908 696">
     <span class='ocr_line' id='line_1_8' title="bbox 325 616 1908 696; baseline 0.005 -28"><span class='ocrx_word' id='word_1_40' title='bbox 325 616 650 688; x_wconf 82' lang='grc' dir='ltr'>ρυπαίνεται</span> <span class='ocrx_word' id='word_1_41' title='bbox 674 618 708 687; x_wconf 84' lang='grc' dir='ltr'>ἢ</span> <span class='ocrx_word' id='word_1_42' title='bbox 743 620 1138 686; x_wconf 79' lang='grc' dir='ltr'>κατατρίϐεται</span> <span class='ocrx_word' id='word_1_43' title='bbox 1169 622 1227 674; x_wconf 75' lang='lat' dir='ltr'><em>t6</em></span> <span class='ocrx_word' id='word_1_44' title='bbox 1251 623 1416 676; x_wconf 81' lang='grc' dir='ltr'>καλὸν</span> <span class='ocrx_word' id='word_1_45' title='bbox 1448 624 1674 695; x_wconf 80' lang='grc' dir='ltr'>ἄμφιον,</span> <span class='ocrx_word' id='word_1_46' title='bbox 1707 627 1908 696; x_wconf 80' lang='grc' dir='ltr'>ρακεν-</span> 
     </span>
    </p>
   </div>
   <div class='ocr_carea' id='block_1_9' title="bbox 321 709 1904 788">
    <p class='ocr_par' dir='ltr' id='par_1_9' title="bbox 321 709 1904 788">
     <span class='ocr_line' id='line_1_9' title="bbox 321 709 1904 788; baseline 0.006 -26"><span class='ocrx_word' id='word_1_47' title='bbox 321 711 492 773; x_wconf 87' lang='grc' dir='ltr'>δυτεῖ,</span> <span class='ocrx_word' id='word_1_48' title='bbox 527 709 620 762; x_wconf 83' lang='grc' dir='ltr'>καὶ</span> <span class='ocrx_word' id='word_1_49' title='bbox 643 710 787 763; x_wconf 64' lang='grc' dir='ltr'>οὔτω</span> <span class='ocrx_word' id='word_1_50' title='bbox 817 711 1254 784; x_wconf 81' lang='grc' dir='ltr'>κερδαλεώτερον</span> <span class='ocrx_word' id='word_1_51' title='bbox 1275 715 1373 786; x_wconf 79' lang='grc' dir='ltr'>τὴν</span> <span class='ocrx_word' id='word_1_52' title='bbox 1405 718 1604 788; x_wconf 87' lang='grc' dir='ltr'>τέχνην</span> <span class='ocrx_word' id='word_1_53' title='bbox 1635 719 1904 788; x_wconf 77' lang='grc' dir='ltr'>διαχειρί-</span> 
     </span>
    </p>
   </div>
   <div class='ocr_carea' id='block_1_10' title="bbox 324 801 1907 880">
    <p class='ocr_par' dir='ltr' id='par_1_10' title="bbox 324 801 1907 880">
     <span class='ocr_line' id='line_1_10' title="bbox 324 801 1907 880; baseline 0.006 -26"><span class='ocrx_word' id='word_1_54' title='bbox 324 802 496 867; x_wconf 79' lang='grc' dir='ltr'>ζεται.</span> <span class='ocrx_word' id='word_1_55' title='bbox 535 801 852 872; x_wconf 79' lang='grc' dir='ltr'>Θεὼρησον,</span> <span class='ocrx_word' id='word_1_56' title='bbox 909 805 1134 858; x_wconf 74' lang='grc' dir='ltr'>ταπεινὲ</span> <span class='ocrx_word' id='word_1_57' title='bbox 1175 808 1343 878; x_wconf 75' lang='grc' dir='ltr'>ὑψηλέ</span> <span class='ocrx_word' id='word_1_58' title='bbox 1367 822 1380 840; x_wconf 86' lang='grc'>⁶</span> <span class='ocrx_word' id='word_1_59' title='bbox 1411 811 1464 862; x_wconf 81' lang='grc' dir='ltr'>τί</span> <span class='ocrx_word' id='word_1_60' title='bbox 1495 808 1557 880; x_wconf 82' lang='grc' dir='ltr'>δή</span> <span class='ocrx_word' id='word_1_61' title='bbox 1598 810 1727 864; x_wconf 81' lang='grc' dir='ltr'>ποτέ</span> <span class='ocrx_word' id='word_1_62' title='bbox 1757 813 1907 864; x_wconf 76' lang='grc' dir='ltr'>ἐστιν</span> 
     </span>
    </p>
   </div>
   <div class='ocr_carea' id='block_1_11' title="bbox 321 895 1904 971">
    <p class='ocr_par' dir='ltr' id='par_1_11' title="bbox 321 895 1904 971">
     <span class='ocr_line' id='line_1_11' title="bbox 321 895 1904 971; baseline 0.005 -23"><span class='ocrx_word' id='word_1_63' title='bbox 321 899 350 948; x_wconf 98' lang='lat'><strong>6</strong></span> <span class='ocrx_word' id='word_1_64' title='bbox 404 895 676 965; x_wconf 77' lang='grc' dir='ltr'>μοναχόςς</span> <span class='ocrx_word' id='word_1_65' title='bbox 742 897 854 950; x_wconf 69' lang='grc' dir='ltr'><strong>Καὶ</strong></span> <span class='ocrx_word' id='word_1_66' title='bbox 906 898 1100 968; x_wconf 71' lang='grc' dir='ltr'>ἐπειδὴ</span> <span class='ocrx_word' id='word_1_67' title='bbox 1155 898 1280 954; x_wconf 75' lang='grc' dir='ltr'>οὔτε</span> <span class='ocrx_word' id='word_1_68' title='bbox 1329 901 1394 956; x_wconf 75' lang='grc' dir='ltr'>σὺ</span> <span class='ocrx_word' id='word_1_69' title='bbox 1450 902 1778 971; x_wconf 75' lang='grc' dir='ltr'>αὐτομαθῶς</span> <span class='ocrx_word' id='word_1_70' title='bbox 1812 903 1904 956; x_wconf 75' lang='grc' dir='ltr'><strong>τὸν</strong></span> 
     </span>
    </p>
   </div>
   <div class='ocr_carea' id='block_1_12' title="bbox 322 982 1904 1065">
    <p class='ocr_par' dir='ltr' id='par_1_12' title="bbox 322 982 1904 1065">
     <span class='ocr_line' id='line_1_12' title="bbox 322 982 1904 1065; baseline 0.008 -27"><span class='ocrx_word' id='word_1_71' title='bbox 322 988 567 1040; x_wconf 78' lang='grc' dir='ltr'>τοιοῦτον</span> <span class='ocrx_word' id='word_1_72' title='bbox 620 982 790 1053; x_wconf 82' lang='grc' dir='ltr'>οἶδας,</span> <span class='ocrx_word' id='word_1_73' title='bbox 839 987 965 1042; x_wconf 70' lang='grc' dir='ltr'>οὔτε</span> <span class='ocrx_word' id='word_1_74' title='bbox 1020 991 1128 1061; x_wconf 87' lang='grc' dir='ltr'>μὴν</span> <span class='ocrx_word' id='word_1_75' title='bbox 1169 993 1232 1045; x_wconf 74' lang='grc' dir='ltr'>ὲκ</span> <span class='ocrx_word' id='word_1_76' title='bbox 1281 991 1489 1060; x_wconf 79' lang='grc' dir='ltr'>βιΰλίου</span> <span class='ocrx_word' id='word_1_77' title='bbox 1537 993 1682 1062; x_wconf 74' lang='grc' dir='ltr'>ἔχεις</span> <span class='ocrx_word' id='word_1_78' title='bbox 1713 994 1904 1065; x_wconf 81' lang='grc' dir='ltr'>μαθὼν</span> 
     </span>
    </p>
   </div>
   <div class='ocr_carea' id='block_1_13' title="bbox 329 1078 1904 1157">
    <p class='ocr_par' dir='ltr' id='par_1_13' title="bbox 329 1078 1904 1157">
     <span class='ocr_line' id='line_1_13' title="bbox 329 1078 1904 1157; baseline 0.006 -27"><span class='ocrx_word' id='word_1_79' title='bbox 329 1078 470 1147; x_wconf 81' lang='grc' dir='ltr'>(πῶς</span> <span class='ocrx_word' id='word_1_80' title='bbox 514 1083 645 1148; x_wconf 78' lang='grc' dir='ltr'>γὰρ,</span> <span class='ocrx_word' id='word_1_81' title='bbox 677 1081 814 1150; x_wconf 82' lang='grc' dir='ltr'>ὅπερ</span> <span class='ocrx_word' id='word_1_82' title='bbox 849 1081 1025 1150; x_wconf 80' lang='grc' dir='ltr'>μισῶν</span> <span class='ocrx_word' id='word_1_83' title='bbox 1061 1083 1163 1135; x_wconf 83' lang='grc' dir='ltr'>κᾶν</span> <span class='ocrx_word' id='word_1_84' title='bbox 1208 1084 1575 1154; x_wconf 75' lang='grc' dir='ltr'><strong>ἀνοιγόμενον</strong></span> <span class='ocrx_word' id='word_1_85' title='bbox 1605 1085 1742 1157; x_wconf 75' lang='grc' dir='ltr'>ίδῃς,</span> <span class='ocrx_word' id='word_1_86' title='bbox 1773 1087 1904 1156; x_wconf 75' lang='grc' dir='ltr'>χάος</span> 
     </span>
    </p>
   </div>
   <div class='ocr_carea' id='block_1_14' title="bbox 323 1170 1904 1246">
    <p class='ocr_par' dir='ltr' id='par_1_14' title="bbox 323 1170 1904 1246">
     <span class='ocr_line' id='line_1_14' title="bbox 323 1170 1904 1246; baseline 0.006 -22"><span class='ocrx_word' id='word_1_87' title='bbox 323 1171 500 1234; x_wconf 82' lang='grc' dir='ltr'>δοκεῖς</span> <span class='ocrx_word' id='word_1_88' title='bbox 523 1170 746 1241; x_wconf 76' lang='grc' dir='ltr'><strong>βλέπειν</strong></span> <span class='ocrx_word' id='word_1_89' title='bbox 766 1174 909 1226; x_wconf 78' lang='grc' dir='ltr'>κατὰ</span> <span class='ocrx_word' id='word_1_90' title='bbox 936 1173 1030 1226; x_wconf 83' lang='grc' dir='ltr'>σοῦ</span> <span class='ocrx_word' id='word_1_91' title='bbox 1057 1175 1288 1245; x_wconf 88' lang='grc' dir='ltr'>χαῖνον),</span> <span class='ocrx_word' id='word_1_92' title='bbox 1316 1176 1554 1231; x_wconf 79' lang='grc' dir='ltr'>ἄκουσον</span> <span class='ocrx_word' id='word_1_93' title='bbox 1579 1177 1686 1232; x_wconf 84' lang='grc' dir='ltr'><strong>ἀπὸ</strong></span> <span class='ocrx_word' id='word_1_94' title='bbox 1712 1178 1904 1246; x_wconf 77' lang='grc' dir='ltr'>λαλιᾶς</span> 
     </span>
    </p>
   </div>
   <div class='ocr_carea' id='block_1_15' title="bbox 323 1264 1493 1340">
    <p class='ocr_par' dir='ltr' id='par_1_15' title="bbox 323 1264 1493 1340">
     <span class='ocr_line' id='line_1_15' title="bbox 323 1264 1493 1340; baseline 0.008 -24"><span class='ocrx_word' id='word_1_95' title='bbox 323 1266 425 1317; x_wconf 69' lang='grc' dir='ltr'>οὐκ</span> <span class='ocrx_word' id='word_1_96' title='bbox 457 1264 792 1334; x_wconf 80' lang='grc' dir='ltr'>ἀσυμφώνου</span> <span class='ocrx_word' id='word_1_97' title='bbox 826 1269 944 1330; x_wconf 84' lang='grc' dir='ltr'>ταῖς</span> <span class='ocrx_word' id='word_1_98' title='bbox 981 1269 1157 1339; x_wconf 72' lang='grc' dir='ltr'>ἱεραῖς</span> <span class='ocrx_word' id='word_1_99' title='bbox 1185 1269 1493 1340; x_wconf 79' lang='grc' dir='ltr'>διφθέραις.</span> 
     </span>
    </p>
   </div>
   <div class='ocr_carea' id='block_1_16' title="bbox 401 1359 1904 1440">
    <p class='ocr_par' dir='ltr' id='par_1_16' title="bbox 401 1359 1904 1440">
     <span class='ocr_line' id='line_1_16' title="bbox 401 1359 1904 1440; baseline 0.007 -29"><span class='ocrx_word' id='word_1_100' title='bbox 401 1359 501 1429; x_wconf 84' lang='grc' dir='ltr'>ρλ’.</span> <span class='ocrx_word' id='word_1_101' title='bbox 555 1361 810 1430; x_wconf 79' lang='grc' dir='ltr'>Μοναχός</span> <span class='ocrx_word' id='word_1_102' title='bbox 838 1364 953 1414; x_wconf 75' lang='grc' dir='ltr'>ἐστι</span> <span class='ocrx_word' id='word_1_103' title='bbox 982 1364 1204 1432; x_wconf 77' lang='grc' dir='ltr'><strong>πολίτης</strong></span> <span class='ocrx_word' id='word_1_104' title='bbox 1232 1365 1466 1433; x_wconf 78' lang='grc' dir='ltr'>οὐρανοῦ</span> <span class='ocrx_word' id='word_1_105' title='bbox 1485 1382 1500 1398; x_wconf 78' lang='grc' dir='ltr'><strong>ο</strong></span> <span class='ocrx_word' id='word_1_106' title='bbox 1541 1367 1616 1439; x_wconf 77' lang='grc' dir='ltr'>μὴ</span> <span class='ocrx_word' id='word_1_107' title='bbox 1639 1368 1748 1436; x_wconf 73' lang='grc' dir='ltr'><strong>γὰρ</strong></span> <span class='ocrx_word' id='word_1_108' title='bbox 1779 1370 1904 1440; x_wconf 81' lang='grc' dir='ltr'>γῆς,</span> 
     </span>
    </p>
   </div>
   <div class='ocr_carea' id='block_1_17' title="bbox 325 1453 1907 1530">
    <p class='ocr_par' dir='ltr' id='par_1_17' title="bbox 325 1453 1907 1530">
     <span class='ocr_line' id='line_1_17' title="bbox 325 1453 1907 1530; baseline 0.008 -26"><span class='ocrx_word' id='word_1_109' title='bbox 325 1455 375 1506; x_wconf 85' lang='grc' dir='ltr'>εἰ</span> <span class='ocrx_word' id='word_1_110' title='bbox 407 1453 499 1506; x_wconf 77' lang='grc' dir='ltr'>καὶ</span> <span class='ocrx_word' id='word_1_111' title='bbox 540 1455 674 1524; x_wconf 74' lang='grc' dir='ltr'>περὶ</span> <span class='ocrx_word' id='word_1_112' title='bbox 705 1455 810 1523; x_wconf 85' lang='grc' dir='ltr'>γῆν</span> <span class='ocrx_word' id='word_1_113' title='bbox 867 1454 1120 1512; x_wconf 79' lang='grc' dir='ltr'>εἰλεῖται.</span> <span class='ocrx_word' id='word_1_114' title='bbox 1183 1459 1439 1530; x_wconf 77' lang='grc' dir='ltr'>Αἰθέριος</span> <span class='ocrx_word' id='word_1_115' title='bbox 1489 1460 1592 1530; x_wconf 77' lang='grc' dir='ltr'>τὴν</span> <span class='ocrx_word' id='word_1_116' title='bbox 1625 1462 1907 1517; x_wconf 79' lang='grc' dir='ltr'><strong>πολιτείαν</strong></span> 
     </span>
    </p>
   </div>
   <div class='ocr_carea' id='block_1_18' title="bbox 324 1543 1907 1625">
    <p class='ocr_par' dir='ltr' id='par_1_18' title="bbox 324 1543 1907 1625">
     <span class='ocr_line' id='line_1_18' title="bbox 324 1543 1907 1625; baseline 0.006 -27"><span class='ocrx_word' id='word_1_117' title='bbox 324 1543 648 1614; x_wconf 77' lang='grc' dir='ltr'>ἄνθρωπος·</span> <span class='ocrx_word' id='word_1_118' title='bbox 691 1546 1046 1615; x_wconf 79' lang='grc' dir='ltr'>ἀεροὸάμων,</span> <span class='ocrx_word' id='word_1_119' title='bbox 1081 1543 1168 1612; x_wconf 77' lang='grc' dir='ltr'>οἷς</span> <span class='ocrx_word' id='word_1_120' title='bbox 1211 1550 1277 1603; x_wconf 74' lang='grc' dir='ltr'><strong>τὰ</strong></span> <span class='ocrx_word' id='word_1_121' title='bbox 1334 1552 1480 1605; x_wconf 68' lang='grc' dir='ltr'>κατὰ</span> <span class='ocrx_word' id='word_1_122' title='bbox 1523 1554 1628 1623; x_wconf 78' lang='grc' dir='ltr'>γῆν</span> <span class='ocrx_word' id='word_1_123' title='bbox 1659 1555 1907 1625; x_wconf 80' lang='grc' dir='ltr'>ὑπερπέ-</span> 
     </span>
    </p>
   </div>
   <div class='ocr_carea' id='block_1_19' title="bbox 2007 441 3586 515">
    <p class='ocr_par' dir='ltr' id='par_1_19' title="bbox 2007 441 3586 515">
     <span class='ocr_line' id='line_1_19' title="bbox 2007 441 3586 515; baseline 0.008 -21"><span class='ocrx_word' id='word_1_124' title='bbox 2007 441 2218 509; x_wconf 85' lang='lat' dir='ltr'><strong>loquar,</strong></span> <span class='ocrx_word' id='word_1_125' title='bbox 2264 443 2520 511; x_wconf 77' lang='lat' dir='ltr'><strong>Operibus</strong></span> <span class='ocrx_word' id='word_1_126' title='bbox 2569 445 2791 512; x_wconf 78' lang='lat' dir='ltr'><strong>vilibus,</strong></span> <span class='ocrx_word' id='word_1_127' title='bbox 2854 461 2972 503; x_wconf 78' lang='lat' dir='ltr'><strong>seu-</strong></span> <span class='ocrx_word' id='word_1_128' title='bbox 3011 449 3226 515; x_wconf 88' lang='lat' dir='ltr'><strong>melius,</strong></span> <span class='ocrx_word' id='word_1_129' title='bbox 3264 460 3324 505; x_wconf 91' lang='lat' dir='ltr'><strong>ut</strong></span> <span class='ocrx_word' id='word_1_130' title='bbox 3369 449 3586 507; x_wconf 80' lang='lat' dir='ltr'><strong>fabrum</strong></span> 
     </span>
    </p>
   </div>
   <div class='ocr_carea' id='block_1_20' title="bbox 2010 531 3586 611">
    <p class='ocr_par' dir='ltr' id='par_1_20' title="bbox 2010 531 3586 611">
     <span class='ocr_line' id='line_1_20' title="bbox 2010 531 3586 611; baseline 0.011 -28"><span class='ocrx_word' id='word_1_131' title='bbox 2010 531 2246 602; x_wconf 78' lang='lat' dir='ltr'><strong>fatigari,</strong></span> <span class='ocrx_word' id='word_1_132' title='bbox 2301 536 2392 604; x_wconf 90' lang='lat' dir='ltr'><strong>qui</strong></span> <span class='ocrx_word' id='word_1_133' title='bbox 2443 535 2588 590; x_wconf 89' lang='lat' dir='ltr'><strong>inter</strong></span> <span class='ocrx_word' id='word_1_134' title='bbox 2643 537 2768 592; x_wconf 74' lang='lat' dir='ltr'><strong>vilia</strong></span> <span class='ocrx_word' id='word_1_135' title='bbox 2813 552 2977 610; x_wconf 86' lang='lat' dir='ltr'><strong>opera</strong></span> <span class='ocrx_word' id='word_1_136' title='bbox 3025 541 3226 611; x_wconf 88' lang='lat' dir='ltr'><strong>quibus</strong></span> <span class='ocrx_word' id='word_1_137' title='bbox 3281 543 3586 600; x_wconf 72' lang='lat' dir='ltr'><strong>sordesee-</strong></span> 
     </span>
    </p>
   </div>
   <div class='ocr_carea' id='block_1_21' title="bbox 2009 631 3589 708">
    <p class='ocr_par' dir='ltr' id='par_1_21' title="bbox 2009 631 3589 708">
     <span class='ocr_line' id='line_1_21' title="bbox 2009 631 3589 708; baseline 0.01 -32"><span class='ocrx_word' id='word_1_138' title='bbox 2009 632 2088 678; x_wconf 84' lang='lat' dir='ltr'><strong>ret</strong></span> <span class='ocrx_word' id='word_1_139' title='bbox 2119 635 2208 678; x_wconf 90' lang='lat' dir='ltr'><strong>aut</strong></span> <span class='ocrx_word' id='word_1_140' title='bbox 2236 633 2618 684; x_wconf 87' lang='lat' dir='ltr'><strong>contereretur</strong></span> <span class='ocrx_word' id='word_1_141' title='bbox 2654 633 2940 700; x_wconf 87' lang='lat' dir='ltr'><strong>pulchrum</strong></span> <span class='ocrx_word' id='word_1_142' title='bbox 2985 631 3390 704; x_wconf 71' lang='lat' dir='ltr'><strong>indumentum,</strong></span> <span class='ocrx_word' id='word_1_143' title='bbox 3449 651 3589 708; x_wconf 88' lang='lat' dir='ltr'><strong>pau-</strong></span> 
     </span>
    </p>
   </div>
   <div class='ocr_carea' id='block_1_22' title="bbox 2009 715 3585 795">
    <p class='ocr_par' dir='ltr' id='par_1_22' title="bbox 2009 715 3585 795">
     <span class='ocr_line' id='line_1_22' title="bbox 2009 715 3585 795; baseline 0.011 -26"><span class='ocrx_word' id='word_1_144' title='bbox 2009 717 2094 769; x_wconf 86' lang='lat' dir='ltr'><strong>nis</strong></span> <span class='ocrx_word' id='word_1_145' title='bbox 2127 715 2393 786; x_wconf 86' lang='lat' dir='ltr'><strong>intluitur,</strong></span> <span class='ocrx_word' id='word_1_146' title='bbox 2431 729 2485 775; x_wconf 88' lang='lat' dir='ltr'><strong>et</strong></span> <span class='ocrx_word' id='word_1_147' title='bbox 2510 723 2590 777; x_wconf 89' lang='lat' dir='ltr'><strong>sic</strong></span> <span class='ocrx_word' id='word_1_148' title='bbox 2626 725 2797 795; x_wconf 80' lang='lat' dir='ltr'><strong>magis</strong></span> <span class='ocrx_word' id='word_1_149' title='bbox 2842 726 3151 782; x_wconf 79' lang='lat' dir='ltr'><strong>lucriferam</strong></span> <span class='ocrx_word' id='word_1_150' title='bbox 3219 738 3391 784; x_wconf 89' lang='lat' dir='ltr'><strong>artem</strong></span> <span class='ocrx_word' id='word_1_151' title='bbox 3426 746 3585 786; x_wconf 83' lang='lat' dir='ltr'><strong>exer-</strong></span> 
     </span>
    </p>
   </div>
   <div class='ocr_carea' id='block_1_23' title="bbox 2007 805 3587 892">
    <p class='ocr_par' dir='ltr' id='par_1_23' title="bbox 2007 805 3587 892">
     <span class='ocr_line' id='line_1_23' title="bbox 2007 805 3587 892; baseline 0.011 -32"><span class='ocrx_word' id='word_1_152' title='bbox 2007 814 2113 861; x_wconf 88' lang='lat' dir='ltr'><strong>cet.</strong></span> <span class='ocrx_word' id='word_1_153' title='bbox 2168 805 2380 877; x_wconf 76' lang='lat' dir='ltr'><strong>Viden’,</strong></span> <span class='ocrx_word' id='word_1_154' title='bbox 2429 825 2462 865; x_wconf 90' lang='grc' dir='ltr'><strong>ο</strong></span> <span class='ocrx_word' id='word_1_155' title='bbox 2511 825 2698 883; x_wconf 79' lang='lat' dir='ltr'><strong>magne</strong></span> <span class='ocrx_word' id='word_1_156' title='bbox 2752 827 2806 871; x_wconf 89' lang='lat' dir='ltr'><strong>et</strong></span> <span class='ocrx_word' id='word_1_157' title='bbox 2867 817 3108 885; x_wconf 88' lang='lat' dir='ltr'><strong>humilis,</strong></span> <span class='ocrx_word' id='word_1_158' title='bbox 3166 821 3296 892; x_wconf 89' lang='lat' dir='ltr'><strong>quid</strong></span> <span class='ocrx_word' id='word_1_159' title='bbox 3353 823 3424 876; x_wconf 84' lang='lat' dir='ltr'><strong>sit</strong></span> <span class='ocrx_word' id='word_1_160' title='bbox 3465 839 3587 877; x_wconf 79' lang='lat' dir='ltr'><strong>mo-</strong></span> 
     </span>
    </p>
   </div>
   <div class='ocr_carea' id='block_1_24' title="bbox 2008 901 3589 985">
    <p class='ocr_par' dir='ltr' id='par_1_24' title="bbox 2008 901 3589 985">
     <span class='ocr_line' id='line_1_24' title="bbox 2008 901 3589 985; baseline 0.009 -31"><span class='ocrx_word' id='word_1_161' title='bbox 2008 901 2255 956; x_wconf 84' lang='lat' dir='ltr'><strong>nachus?</strong></span> <span class='ocrx_word' id='word_1_162' title='bbox 2285 901 2349 956; x_wconf 86' lang='lat' dir='ltr'><strong>Et</strong></span> <span class='ocrx_word' id='word_1_163' title='bbox 2387 905 2644 972; x_wconf 92' lang='lat' dir='ltr'><strong>quoniam</strong></span> <span class='ocrx_word' id='word_1_164' title='bbox 2695 922 2816 962; x_wconf 90' lang='lat' dir='ltr'><strong>eum</strong></span> <span class='ocrx_word' id='word_1_165' title='bbox 2875 924 2984 963; x_wconf 88' lang='lat' dir='ltr'><strong>non</strong></span> <span class='ocrx_word' id='word_1_166' title='bbox 3036 912 3254 977; x_wconf 77' lang='lat' dir='ltr'><strong>novisti,</strong></span> <span class='ocrx_word' id='word_1_167' title='bbox 3288 929 3464 985; x_wconf 79' lang='lat' dir='ltr'><strong>neque</strong></span> <span class='ocrx_word' id='word_1_168' title='bbox 3492 931 3589 969; x_wconf 79' lang='lat' dir='ltr'><strong>ex-</strong></span> 
     </span>
    </p>
   </div>
   <div class='ocr_carea' id='block_1_25' title="bbox 2008 993 3585 1076">
    <p class='ocr_par' dir='ltr' id='par_1_25' title="bbox 2008 993 3585 1076">
     <span class='ocr_line' id='line_1_25' title="bbox 2008 993 3585 1076; baseline 0.01 -30"><span class='ocrx_word' id='word_1_169' title='bbox 2008 993 2274 1064; x_wconf 80' lang='lat' dir='ltr'><strong>perientia</strong></span> <span class='ocrx_word' id='word_1_170' title='bbox 2299 995 2541 1066; x_wconf 83' lang='lat' dir='ltr'><strong>pmpria,</strong></span> <span class='ocrx_word' id='word_1_171' title='bbox 2591 1011 2766 1068; x_wconf 87' lang='lat' dir='ltr'><strong>neque</strong></span> <span class='ocrx_word' id='word_1_172' title='bbox 2811 1015 2878 1055; x_wconf 79' lang='lat' dir='ltr'><strong>ex</strong></span> <span class='ocrx_word' id='word_1_173' title='bbox 2928 1001 3068 1058; x_wconf 88' lang='lat' dir='ltr'><strong>libro</strong></span> <span class='ocrx_word' id='word_1_174' title='bbox 3094 1003 3390 1076; x_wconf 88' lang='lat' dir='ltr'><strong>(quomodo</strong></span> <span class='ocrx_word' id='word_1_175' title='bbox 3413 1008 3585 1073; x_wconf 90' lang='lat' dir='ltr'><strong>enim,</strong></span> 
     </span>
    </p>
   </div>
   <div class='ocr_carea' id='block_1_26' title="bbox 2011 1087 3587 1163">
    <p class='ocr_par' dir='ltr' id='par_1_26' title="bbox 2011 1087 3587 1163">
     <span class='ocr_line' id='line_1_26' title="bbox 2011 1087 3587 1163; baseline 0.007 -20"><span class='ocrx_word' id='word_1_176' title='bbox 2011 1088 2280 1156; x_wconf 73' lang='lat' dir='ltr'><strong>siquidem</strong></span> <span class='ocrx_word' id='word_1_177' title='bbox 2307 1103 2453 1154; x_wconf 88' lang='lat' dir='ltr'><strong>eum,</strong></span> <span class='ocrx_word' id='word_1_178' title='bbox 2484 1087 2576 1146; x_wconf 87' lang='lat' dir='ltr'><strong>ubi</strong></span> <span class='ocrx_word' id='word_1_179' title='bbox 2606 1090 2811 1147; x_wconf 85' lang='lat' dir='ltr'><strong>videris</strong></span> <span class='ocrx_word' id='word_1_180' title='bbox 2842 1104 3114 1163; x_wconf 88' lang='lat' dir='ltr'><strong>apertum,</strong></span> <span class='ocrx_word' id='word_1_181' title='bbox 3141 1097 3330 1162; x_wconf 83' lang='lat' dir='ltr'><strong>odisti,</strong></span> <span class='ocrx_word' id='word_1_182' title='bbox 3366 1108 3420 1154; x_wconf 91' lang='lat' dir='ltr'><strong>et</strong></span> <span class='ocrx_word' id='word_1_183' title='bbox 3441 1101 3587 1154; x_wconf 86' lang='lat' dir='ltr'><strong>arbi-</strong></span> 
     </span>
    </p>
   </div>
   <div class='ocr_carea' id='block_1_27' title="bbox 2008 1180 3582 1261">
    <p class='ocr_par' dir='ltr' id='par_1_27' title="bbox 2008 1180 3582 1261">
     <span class='ocr_line' id='line_1_27' title="bbox 2008 1180 3582 1261; baseline 0.009 -29"><span class='ocrx_word' id='word_1_184' title='bbox 2008 1183 2177 1235; x_wconf 86' lang='lat' dir='ltr'><strong>traris</strong></span> <span class='ocrx_word' id='word_1_185' title='bbox 2210 1180 2468 1252; x_wconf 76' lang='lat' dir='ltr'><strong>abyssum</strong></span> <span class='ocrx_word' id='word_1_186' title='bbox 2525 1191 2651 1236; x_wconf 83' lang='lat' dir='ltr'><strong>ante</strong></span> <span class='ocrx_word' id='word_1_187' title='bbox 2707 1191 2758 1238; x_wconf 92' lang='lat' dir='ltr'><strong>te</strong></span> <span class='ocrx_word' id='word_1_188' title='bbox 2789 1183 3030 1241; x_wconf 84' lang='lat' dir='ltr'><strong>hiantem</strong></span> <span class='ocrx_word' id='word_1_189' title='bbox 3086 1189 3416 1261; x_wconf 85' lang='lat' dir='ltr'><strong>inspicere);</strong></span> <span class='ocrx_word' id='word_1_190' title='bbox 3451 1190 3582 1246; x_wconf 88' lang='lat' dir='ltr'><strong>audi</strong></span> 
     </span>
    </p>
   </div>
   <div class='ocr_carea' id='block_1_28' title="bbox 2009 1273 3536 1349">
    <p class='ocr_par' dir='ltr' id='par_1_28' title="bbox 2009 1273 3536 1349">
     <span class='ocr_line' id='line_1_28' title="bbox 2009 1273 3536 1349; baseline 0.01 -23"><span class='ocrx_word' id='word_1_191' title='bbox 2009 1285 2140 1340; x_wconf 79' lang='lat' dir='ltr'><strong>ergo</strong></span> <span class='ocrx_word' id='word_1_192' title='bbox 2176 1283 2242 1326; x_wconf 77' lang='lat' dir='ltr'><strong>ex</strong></span> <span class='ocrx_word' id='word_1_193' title='bbox 2274 1287 2529 1328; x_wconf 86' lang='lat' dir='ltr'><strong>sermone</strong></span> <span class='ocrx_word' id='word_1_194' title='bbox 2567 1273 2772 1331; x_wconf 82' lang='lat' dir='ltr'><strong>sanctis</strong></span> <span class='ocrx_word' id='word_1_195' title='bbox 2802 1278 3075 1349; x_wconf 78' lang='lat' dir='ltr'><strong>tympanis</strong></span> <span class='ocrx_word' id='word_1_196' title='bbox 3117 1295 3223 1336; x_wconf 92' lang='lat' dir='ltr'><strong>non</strong></span> <span class='ocrx_word' id='word_1_197' title='bbox 3258 1283 3536 1342; x_wconf 87' lang='lat' dir='ltr'><strong>dissimili.</strong></span> 
     </span>
    </p>
   </div>
   <div class='ocr_carea' id='block_1_29' title="bbox 2081 1363 3588 1443">
    <p class='ocr_par' dir='ltr' id='par_1_29' title="bbox 2081 1363 3588 1443">
     <span class='ocr_line' id='line_1_29' title="bbox 2081 1363 3588 1443; baseline 0.012 -25"><span class='ocrx_word' id='word_1_198' title='bbox 2081 1363 2204 1419; x_wconf 70' lang='lat'><strong>150.</strong></span> <span class='ocrx_word' id='word_1_199' title='bbox 2247 1363 2549 1422; x_wconf 78' lang='lat' dir='ltr'><strong>Monachus</strong></span> <span class='ocrx_word' id='word_1_200' title='bbox 2581 1368 2721 1423; x_wconf 71' lang='lat' dir='ltr'><strong>ciris</strong></span> <span class='ocrx_word' id='word_1_201' title='bbox 2756 1379 2843 1426; x_wconf 83' lang='lat' dir='ltr'><strong>est</strong></span> <span class='ocrx_word' id='word_1_202' title='bbox 2874 1370 3023 1436; x_wconf 71' lang='lat' dir='ltr'><strong>coeli,</strong></span> <span class='ocrx_word' id='word_1_203' title='bbox 3075 1387 3180 1427; x_wconf 92' lang='lat' dir='ltr'><strong>non</strong></span> <span class='ocrx_word' id='word_1_204' title='bbox 3238 1383 3418 1443; x_wconf 68' lang='lat' dir='ltr'><strong>terrm,</strong></span> <span class='ocrx_word' id='word_1_205' title='bbox 3456 1380 3588 1436; x_wconf 88' lang='lat' dir='ltr'><strong>licet</strong></span> 
     </span>
    </p>
   </div>
   <div class='ocr_carea' id='block_1_30' title="bbox 2011 1456 3593 1538">
    <p class='ocr_par' dir='ltr' id='par_1_30' title="bbox 2011 1456 3593 1538">
     <span class='ocr_line' id='line_1_30' title="bbox 2011 1456 3593 1538; baseline 0.008 -26"><span class='ocrx_word' id='word_1_206' title='bbox 2011 1456 2224 1512; x_wconf 84' lang='lat' dir='ltr'><strong>habitet</strong></span> <span class='ocrx_word' id='word_1_207' title='bbox 2296 1459 2350 1511; x_wconf 86' lang='lat' dir='ltr'><strong>in</strong></span> <span class='ocrx_word' id='word_1_208' title='bbox 2412 1470 2497 1513; x_wconf 87' lang='lat' dir='ltr'><strong>ea.</strong></span> <span class='ocrx_word' id='word_1_209' title='bbox 2558 1457 2854 1518; x_wconf 65' lang='lat' dir='ltr'><strong>Ethereus</strong></span> <span class='ocrx_word' id='word_1_210' title='bbox 2893 1474 2976 1519; x_wconf 92' lang='lat' dir='ltr'><strong>est</strong></span> <span class='ocrx_word' id='word_1_211' title='bbox 3025 1464 3191 1521; x_wconf 86' lang='lat' dir='ltr'><strong>homo</strong></span> <span class='ocrx_word' id='word_1_212' title='bbox 3250 1469 3445 1538; x_wconf 75' lang='lat' dir='ltr'><strong>agendi</strong></span> <span class='ocrx_word' id='word_1_213' title='bbox 3509 1487 3593 1524; x_wconf 88' lang='lat' dir='ltr'><strong>ra-</strong></span> 
     </span>
    </p>
   </div>
   <div class='ocr_carea' id='block_1_31' title="bbox 2011 1548 3594 1623">
    <p class='ocr_par' dir='ltr' id='par_1_31' title="bbox 2011 1548 3594 1623">
     <span class='ocr_line' id='line_1_31' title="bbox 2011 1548 3594 1623; baseline 0.009 -21"><span class='ocrx_word' id='word_1_214' title='bbox 2011 1548 2192 1612; x_wconf 83' lang='lat' dir='ltr'><strong>tione;</strong></span> <span class='ocrx_word' id='word_1_215' title='bbox 2220 1565 2315 1620; x_wconf 85' lang='lat' dir='ltr'><strong>per</strong></span> <span class='ocrx_word' id='word_1_216' title='bbox 2336 1565 2516 1606; x_wconf 87' lang='lat' dir='ltr'><strong>aerem</strong></span> <span class='ocrx_word' id='word_1_217' title='bbox 2545 1552 2746 1608; x_wconf 76' lang='lat' dir='ltr'><strong>incedit</strong></span> <span class='ocrx_word' id='word_1_218' title='bbox 2774 1559 3018 1611; x_wconf 88' lang='lat' dir='ltr'><strong>terrestri</strong></span> <span class='ocrx_word' id='word_1_219' title='bbox 3050 1559 3256 1623; x_wconf 85' lang='lat' dir='ltr'><strong>volatu,</strong></span> <span class='ocrx_word' id='word_1_220' title='bbox 3318 1577 3412 1616; x_wconf 81' lang='lat' dir='ltr'><strong>rex</strong></span> <span class='ocrx_word' id='word_1_221' title='bbox 3469 1563 3594 1616; x_wconf 81' lang='lat' dir='ltr'><strong>uni-</strong></span> 
     </span>
    </p>
   </div>
   <div class='ocr_carea' id='block_1_32' title="bbox 322 1637 1914 1720">
    <p class='ocr_par' dir='ltr' id='par_1_32' title="bbox 322 1637 1908 1710">
     <span class='ocr_line' id='line_1_32' title="bbox 322 1637 1908 1710; baseline 0.008 -22"><span class='ocrx_word' id='word_1_222' title='bbox 322 1651 514 1691; x_wconf 83' lang='grc' dir='ltr'>τεται·</span> <span class='ocrx_word' id='word_1_223' title='bbox 537 1637 640 1707; x_wconf 84' lang='grc' dir='ltr'>γῆς</span> <span class='ocrx_word' id='word_1_224' title='bbox 675 1638 899 1709; x_wconf 71' lang='grc' dir='ltr'>ἁπάσης</span> <span class='ocrx_word' id='word_1_225' title='bbox 931 1639 1191 1710; x_wconf 80' lang='grc' dir='ltr'>βασιλεὺς</span> <span class='ocrx_word' id='word_1_226' title='bbox 1221 1643 1312 1695; x_wconf 71' lang='grc' dir='ltr'>διὰ</span> <span class='ocrx_word' id='word_1_227' title='bbox 1340 1643 1400 1696; x_wconf 80' lang='grc' dir='ltr'>τὸ</span> <span class='ocrx_word' id='word_1_228' title='bbox 1430 1645 1553 1698; x_wconf 74' lang='grc' dir='ltr'>κατ’</span> <span class='ocrx_word' id='word_1_229' title='bbox 1589 1644 1777 1699; x_wconf 74' lang='grc' dir='ltr'>εἰκόνα</span> <span class='ocrx_word' id='word_1_230' title='bbox 1811 1647 1908 1702; x_wconf 79' lang='grc' dir='ltr'>τοῦ</span> 
     </span>
    </p>
   </div>
   <div class='ocr_carea' id='block_1_33' title="bbox 2022 1637 3594 1720">
    <p class='ocr_par' dir='ltr' id='par_1_33' title="bbox 2022 1645 3594 1720">
     <span class='ocr_line' id='line_1_33' title="bbox 2022 1645 3594 1720; baseline 0.007 -26"><span class='ocrx_word' id='word_1_231' title='bbox 2022 1654 2182 1695; x_wconf 64' lang='lat' dir='ltr'><strong>versa</strong></span> <span class='ocrx_word' id='word_1_232' title='bbox 2247 1649 2444 1705; x_wconf 66' lang='lat' dir='ltr'><strong>terra},</strong></span> <span class='ocrx_word' id='word_1_233' title='bbox 2509 1645 2601 1712; x_wconf 90' lang='lat' dir='ltr'><strong>qui</strong></span> <span class='ocrx_word' id='word_1_234' title='bbox 2666 1654 2747 1700; x_wconf 58' lang='lat' dir='ltr'><strong>est</strong></span> <span class='ocrx_word' id='word_1_235' title='bbox 2803 1645 2870 1699; x_wconf 89' lang='lat' dir='ltr'><strong>ad</strong></span> <span class='ocrx_word' id='word_1_236' title='bbox 2931 1647 3216 1715; x_wconf 81' lang='lat' dir='ltr'><strong>imaginem</strong></span> <span class='ocrx_word' id='word_1_237' title='bbox 3274 1648 3367 1704; x_wconf 86' lang='lat' dir='ltr'><strong>Dei</strong></span> <span class='ocrx_word' id='word_1_238' title='bbox 3431 1649 3594 1720; x_wconf 71' lang='lat' dir='ltr'><strong>Regis</strong></span> 
     </span>
    </p>
   </div>
   <div class='ocr_carea' id='block_1_34' title="bbox 324 1729 1910 1808">
    <p class='ocr_par' dir='ltr' id='par_1_34' title="bbox 324 1729 1910 1808">
     <span class='ocr_line' id='line_1_34' title="bbox 324 1729 1910 1808; baseline 0.008 -27"><span class='ocrx_word' id='word_1_239' title='bbox 324 1729 723 1797; x_wconf 74' lang='grc' dir='ltr'>παμὸασιλέως</span> <span class='ocrx_word' id='word_1_240' title='bbox 771 1733 934 1797; x_wconf 83' lang='grc' dir='ltr'><strong>Θεοῦ,</strong></span> <span class='ocrx_word' id='word_1_241' title='bbox 968 1733 997 1785; x_wconf 86' lang='grc' dir='ltr'><strong>ὃ</strong></span> <span class='ocrx_word' id='word_1_242' title='bbox 1021 1736 1129 1798; x_wconf 85' lang='grc' dir='ltr'><strong>πᾶς</strong></span> <span class='ocrx_word' id='word_1_243' title='bbox 1167 1735 1268 1806; x_wconf 71' lang='grc' dir='ltr'>μὲν</span> <span class='ocrx_word' id='word_1_244' title='bbox 1299 1735 1587 1807; x_wconf 77' lang='grc' dir='ltr'>ἄνθρωπος</span> <span class='ocrx_word' id='word_1_245' title='bbox 1617 1739 1910 1808; x_wconf 71' lang='grc' dir='ltr'>φυλάττειν</span> 
     </span>
    </p>
   </div>
   <div class='ocr_carea' id='block_1_35' title="bbox 323 1823 1908 1900">
    <p class='ocr_par' dir='ltr' id='par_1_35' title="bbox 323 1823 1908 1900">
     <span class='ocr_line' id='line_1_35' title="bbox 323 1823 1908 1900; baseline 0.008 -27"><span class='ocrx_word' id='word_1_246' title='bbox 323 1823 612 1887; x_wconf 83' lang='grc' dir='ltr'>τέτακται,</span> <span class='ocrx_word' id='word_1_247' title='bbox 641 1824 805 1887; x_wconf 79' lang='grc' dir='ltr'>αὐτὸς</span> <span class='ocrx_word' id='word_1_248' title='bbox 850 1825 907 1877; x_wconf 80' lang='grc' dir='ltr'>δὲ</span> <span class='ocrx_word' id='word_1_249' title='bbox 938 1828 1076 1897; x_wconf 85' lang='grc' dir='ltr'>πρὸς</span> <span class='ocrx_word' id='word_1_250' title='bbox 1106 1829 1185 1898; x_wconf 81' lang='grc' dir='ltr'><strong>τῷ</strong></span> <span class='ocrx_word' id='word_1_251' title='bbox 1216 1827 1385 1899; x_wconf 85' lang='grc' dir='ltr'>κοινῷ</span> <span class='ocrx_word' id='word_1_252' title='bbox 1413 1829 1565 1900; x_wconf 68' lang='grc' dir='ltr'>χρίει</span> <span class='ocrx_word' id='word_1_253' title='bbox 1601 1833 1695 1884; x_wconf 80' lang='grc' dir='ltr'>καὶ</span> <span class='ocrx_word' id='word_1_254' title='bbox 1725 1831 1908 1895; x_wconf 76' lang='grc' dir='ltr'>ίδικῶς</span> 
     </span>
    </p>
   </div>
   <div class='ocr_carea' id='block_1_36' title="bbox 327 1916 1912 1997">
    <p class='ocr_par' dir='ltr' id='par_1_36' title="bbox 327 1916 1912 1997">
     <span class='ocr_line' id='line_1_36' title="bbox 327 1916 1912 1997; baseline 0.007 -30"><span class='ocrx_word' id='word_1_255' title='bbox 327 1916 630 1985; x_wconf 84' lang='grc' dir='ltr'>ὲποφείλει,</span> <span class='ocrx_word' id='word_1_256' title='bbox 696 1920 1068 1991; x_wconf 80' lang='grc' dir='ltr'><strong>μεμνημένος,</strong></span> <span class='ocrx_word' id='word_1_257' title='bbox 1115 1922 1218 1988; x_wconf 84' lang='grc' dir='ltr'>ὅτι,</span> <span class='ocrx_word' id='word_1_258' title='bbox 1266 1923 1506 1993; x_wconf 72' lang='grc' dir='ltr'>ὁπηνίκα</span> <span class='ocrx_word' id='word_1_259' title='bbox 1543 1926 1574 1994; x_wconf 80' lang='grc' dir='ltr'>ἡ</span> <span class='ocrx_word' id='word_1_260' title='bbox 1609 1929 1784 1996; x_wconf 70' lang='grc' dir='ltr'>κουρα</span> <span class='ocrx_word' id='word_1_261' title='bbox 1830 1925 1912 1997; x_wconf 84' lang='grc' dir='ltr'>τῷ</span> 
     </span>
    </p>
   </div>
   <div class='ocr_carea' id='block_1_37' title="bbox 328 2008 1911 2089">
    <p class='ocr_par' dir='ltr' id='par_1_37' title="bbox 328 2008 1911 2089">
     <span class='ocr_line' id='line_1_37' title="bbox 328 2008 1911 2089; baseline 0.008 -30"><span class='ocrx_word' id='word_1_262' title='bbox 328 2008 451 2078; x_wconf 81' lang='grc' dir='ltr'><strong>Θεῷ</strong></span> <span class='ocrx_word' id='word_1_263' title='bbox 474 2009 637 2062; x_wconf 85' lang='grc' dir='ltr'>αὐτὸν</span> <span class='ocrx_word' id='word_1_264' title='bbox 668 2013 1080 2083; x_wconf 79' lang='grc' dir='ltr'><strong>παρεστήσατο,</strong></span> <span class='ocrx_word' id='word_1_265' title='bbox 1110 2014 1205 2067; x_wconf 71' lang='grc' dir='ltr'>καὶ</span> <span class='ocrx_word' id='word_1_266' title='bbox 1236 2015 1368 2068; x_wconf 75' lang='grc' dir='ltr'>αὐτὸ</span> <span class='ocrx_word' id='word_1_267' title='bbox 1399 2016 1688 2088; x_wconf 76' lang='grc' dir='ltr'>ἀπῃτήθη,</span> <span class='ocrx_word' id='word_1_268' title='bbox 1714 2018 1790 2082; x_wconf 84' lang='grc' dir='ltr'><strong>ὡς</strong></span> <span class='ocrx_word' id='word_1_269' title='bbox 1814 2019 1911 2089; x_wconf 80' lang='grc' dir='ltr'><strong>δη-</strong></span> 
     </span>
    </p>
   </div>
   <div class='ocr_carea' id='block_1_38' title="bbox 325 2100 1908 2182">
    <p class='ocr_par' dir='ltr' id='par_1_38' title="bbox 325 2100 1908 2182">
     <span class='ocr_line' id='line_1_38' title="bbox 325 2100 1908 2182; baseline 0.008 -30"><span class='ocrx_word' id='word_1_270' title='bbox 325 2100 464 2170; x_wconf 72' lang='grc' dir='ltr'>λαδὴ</span> <span class='ocrx_word' id='word_1_271' title='bbox 493 2101 766 2171; x_wconf 73' lang='grc' dir='ltr'>ἀπαλιφὲν</span> <span class='ocrx_word' id='word_1_272' title='bbox 793 2102 1074 2172; x_wconf 78' lang='grc' dir='ltr'>βιωτικοῖς</span> <span class='ocrx_word' id='word_1_273' title='bbox 1107 2106 1296 2178; x_wconf 81' lang='grc' dir='ltr'>ὑγροῖς</span> <span class='ocrx_word' id='word_1_274' title='bbox 1318 2109 1380 2162; x_wconf 73' lang='grc' dir='ltr'><strong>τὸ</strong></span> <span class='ocrx_word' id='word_1_275' title='bbox 1409 2109 1531 2162; x_wconf 80' lang='grc' dir='ltr'>κατ’</span> <span class='ocrx_word' id='word_1_276' title='bbox 1558 2110 1723 2164; x_wconf 76' lang='grc' dir='ltr'>αὑτὸν</span> <span class='ocrx_word' id='word_1_277' title='bbox 1742 2113 1908 2182; x_wconf 77' lang='grc' dir='ltr'>ἀρχέ-</span> 
     </span>
    </p>
   </div>
   <div class='ocr_carea' id='block_1_39' title="bbox 325 2193 1906 2278">
    <p class='ocr_par' dir='ltr' id='par_1_39' title="bbox 325 2193 1906 2278">
     <span class='ocr_line' id='line_1_39' title="bbox 325 2193 1906 2278; baseline 0.008 -33"><span class='ocrx_word' id='word_1_278' title='bbox 325 2208 502 2246; x_wconf 81' lang='grc' dir='ltr'>τυπον</span> <span class='ocrx_word' id='word_1_279' title='bbox 568 2193 860 2263; x_wconf 73' lang='grc' dir='ltr'>εἰκόνιαμα</span> <span class='ocrx_word' id='word_1_280' title='bbox 938 2196 1191 2261; x_wconf 83' lang='grc' dir='ltr'>εἰσαῦθις</span> <span class='ocrx_word' id='word_1_281' title='bbox 1258 2197 1591 2257; x_wconf 81' lang='grc' dir='ltr'>ὰνανεώσων</span> <span class='ocrx_word' id='word_1_282' title='bbox 1656 2204 1906 2278; x_wconf 75' lang='grc' dir='ltr'><strong>πολιτείᾳ</strong></span> 
     </span>
    </p>
   </div>
   <div class='ocr_carea' id='block_1_40' title="bbox 330 2288 1911 2374">
    <p class='ocr_par' dir='ltr' id='par_1_40' title="bbox 330 2288 1911 2374">
     <span class='ocr_line' id='line_1_40' title="bbox 330 2288 1911 2374; baseline 0.022 -42"><span class='ocrx_word' id='word_1_283' title='bbox 330 2288 626 2357; x_wconf 78' lang='grc' dir='ltr'>μοναχικῇ.</span> <span class='ocrx_word' id='word_1_284' title='bbox 689 2288 812 2342; x_wconf 82' lang='grc' dir='ltr'>Ἔτι</span> <span class='ocrx_word' id='word_1_285' title='bbox 878 2291 1117 2362; x_wconf 77' lang='grc' dir='ltr'>μοναχός</span> <span class='ocrx_word' id='word_1_286' title='bbox 1177 2294 1296 2348; x_wconf 75' lang='grc' dir='ltr'>ἐστι</span> <span class='ocrx_word' id='word_1_287' title='bbox 1361 2296 1658 2369; x_wconf 76' lang='grc' dir='ltr'><strong>ζωγράφος</strong></span> <span class='ocrx_word' id='word_1_288' title='bbox 1707 2301 1911 2374; x_wconf 66' lang='grc' dir='ltr'>ἀρετῆς</span> 
     </span>
    </p>
   </div>
   <div class='ocr_carea' id='block_1_41' title="bbox 324 2381 1912 2467">
    <p class='ocr_par' dir='ltr' id='par_1_41' title="bbox 324 2381 1912 2467">
     <span class='ocr_line' id='line_1_41' title="bbox 324 2381 1912 2467; baseline 0.011 -35"><span class='ocrx_word' id='word_1_289' title='bbox 324 2381 828 2453; x_wconf 75' lang='grc' dir='ltr'>ἀπηκριϐωμένης.</span> <span class='ocrx_word' id='word_1_290' title='bbox 867 2386 1006 2454; x_wconf 77' lang='grc' dir='ltr'>πρὸς</span> <span class='ocrx_word' id='word_1_291' title='bbox 1049 2387 1116 2457; x_wconf 83' lang='grc' dir='ltr'>ἢν</span> <span class='ocrx_word' id='word_1_292' title='bbox 1150 2389 1208 2442; x_wconf 88' lang='grc' dir='ltr'><strong>αί</strong></span> <span class='ocrx_word' id='word_1_293' title='bbox 1250 2390 1359 2444; x_wconf 82' lang='grc' dir='ltr'>τῶν</span> <span class='ocrx_word' id='word_1_294' title='bbox 1395 2390 1707 2461; x_wconf 73' lang='grc' dir='ltr'>βλεπόντων</span> <span class='ocrx_word' id='word_1_295' title='bbox 1739 2395 1912 2467; x_wconf 72' lang='grc' dir='ltr'>ψυχαὶ</span> 
     </span>
    </p>
   </div>
   <div class='ocr_carea' id='block_1_42' title="bbox 326 2475 1912 2560">
    <p class='ocr_par' dir='ltr' id='par_1_42' title="bbox 326 2475 1912 2560">
     <span class='ocr_line' id='line_1_42' title="bbox 326 2475 1912 2560; baseline 0.015 -38"><span class='ocrx_word' id='word_1_296' title='bbox 326 2475 634 2544; x_wconf 80' lang='grc' dir='ltr'>γράφοιντο</span> <span class='ocrx_word' id='word_1_297' title='bbox 669 2476 756 2531; x_wconf 76' lang='grc' dir='ltr'>ἄν.</span> <span class='ocrx_word' id='word_1_298' title='bbox 791 2478 1001 2549; x_wconf 80' lang='grc' dir='ltr'>Γράφοι</span> <span class='ocrx_word' id='word_1_299' title='bbox 1034 2479 1092 2533; x_wconf 84' lang='grc' dir='ltr'>δὲ</span> <span class='ocrx_word' id='word_1_300' title='bbox 1129 2481 1197 2534; x_wconf 81' lang='grc' dir='ltr'>ἂν</span> <span class='ocrx_word' id='word_1_301' title='bbox 1234 2483 1262 2536; x_wconf 82' lang='lat'><strong>6</strong></span> <span class='ocrx_word' id='word_1_302' title='bbox 1291 2485 1534 2549; x_wconf 80' lang='grc' dir='ltr'>τοιοῦτος</span> <span class='ocrx_word' id='word_1_303' title='bbox 1569 2487 1743 2544; x_wconf 77' lang='grc' dir='ltr'>αὐτὰς</span> <span class='ocrx_word' id='word_1_304' title='bbox 1773 2491 1912 2560; x_wconf 71' lang='grc' dir='ltr'>πρὸς</span> 
     </span>
    </p>
   </div>
   <div class='ocr_carea' id='block_1_43' title="bbox 328 2567 1912 2653">
    <p class='ocr_par' dir='ltr' id='par_1_43' title="bbox 328 2567 1912 2653">
     <span class='ocr_line' id='line_1_43' title="bbox 328 2567 1912 2653; baseline 0.012 -33"><span class='ocrx_word' id='word_1_305' title='bbox 328 2567 642 2638; x_wconf 79' lang='grc' dir='ltr'>ἀκρίϐειαν,</span> <span class='ocrx_word' id='word_1_306' title='bbox 674 2569 772 2624; x_wconf 65' lang='grc' dir='ltr'>ἰὰν</span> <span class='ocrx_word' id='word_1_307' title='bbox 801 2574 963 2641; x_wconf 84' lang='grc' dir='ltr'>σοφὸς</span> <span class='ocrx_word' id='word_1_308' title='bbox 990 2574 1195 2636; x_wconf 78' lang='grc' dir='ltr'>τέλειος</span> <span class='ocrx_word' id='word_1_309' title='bbox 1226 2579 1454 2648; x_wconf 80' lang='grc' dir='ltr'>γένηται</span> <span class='ocrx_word' id='word_1_310' title='bbox 1481 2581 1582 2650; x_wconf 86' lang='grc' dir='ltr'><strong>τὴν</strong></span> <span class='ocrx_word' id='word_1_311' title='bbox 1627 2585 1912 2653; x_wconf 78' lang='grc' dir='ltr'>γραφικὴν</span> 
     </span>
    </p>
   </div>
   <div class='ocr_carea' id='block_1_44' title="bbox 331 2659 1913 2743">
    <p class='ocr_par' dir='ltr' id='par_1_44' title="bbox 331 2659 1913 2743">
     <span class='ocr_line' id='line_1_44' title="bbox 331 2659 1913 2743; baseline 0.011 -31"><span class='ocrx_word' id='word_1_312' title='bbox 331 2659 562 2733; x_wconf 76' lang='grc' dir='ltr'>ταύτην,</span> <span class='ocrx_word' id='word_1_313' title='bbox 615 2661 692 2727; x_wconf 84' lang='grc' dir='ltr'><strong>ὡς</strong></span> <span class='ocrx_word' id='word_1_314' title='bbox 741 2665 838 2716; x_wconf 76' lang='grc' dir='ltr'>καὶ</span> <span class='ocrx_word' id='word_1_315' title='bbox 868 2665 1081 2736; x_wconf 79' lang='grc' dir='ltr'>τρίϐειν</span> <span class='ocrx_word' id='word_1_316' title='bbox 1111 2673 1466 2739; x_wconf 78' lang='grc' dir='ltr'>πνευματικὰ</span> <span class='ocrx_word' id='word_1_317' title='bbox 1500 2673 1790 2743; x_wconf 82' lang='grc' dir='ltr'>χρώματα,</span> <span class='ocrx_word' id='word_1_318' title='bbox 1819 2677 1913 2730; x_wconf 73' lang='grc' dir='ltr'>καὶ</span> 
     </span>
    </p>
   </div>
   <div class='ocr_carea' id='block_1_45' title="bbox 334 2753 1912 2837">
    <p class='ocr_par' dir='ltr' id='par_1_45' title="bbox 334 2753 1912 2837">
     <span class='ocr_line' id='line_1_45' title="bbox 334 2753 1912 2837; baseline 0.011 -33"><span class='ocrx_word' id='word_1_319' title='bbox 334 2753 638 2823; x_wconf 75' lang='grc' dir='ltr'>συγκιρνᾷν</span> <span class='ocrx_word' id='word_1_320' title='bbox 666 2755 760 2808; x_wconf 78' lang='grc' dir='ltr'>καὶ</span> <span class='ocrx_word' id='word_1_321' title='bbox 795 2756 1059 2826; x_wconf 77' lang='grc' dir='ltr'><strong>ἐμμελῶς</strong></span> <span class='ocrx_word' id='word_1_322' title='bbox 1103 2760 1472 2828; x_wconf 68' lang='grc' dir='ltr'>παρατιθέναι</span> <span class='ocrx_word' id='word_1_323' title='bbox 1503 2763 1642 2833; x_wconf 82' lang='grc' dir='ltr'>πρὸς</span> <span class='ocrx_word' id='word_1_324' title='bbox 1678 2765 1912 2837; x_wconf 77' lang='grc' dir='ltr'>ἄλληλα,</span> 
     </span>
    </p>
   </div>
   <div class='ocr_carea' id='block_1_46' title="bbox 332 2843 1912 2928">
    <p class='ocr_par' dir='ltr' id='par_1_46' title="bbox 332 2843 1912 2928">
     <span class='ocr_line' id='line_1_46' title="bbox 332 2843 1912 2928; baseline 0.009 -30"><span class='ocrx_word' id='word_1_325' title='bbox 332 2843 432 2898; x_wconf 84' lang='grc' dir='ltr'><strong>καί</strong></span> <span class='ocrx_word' id='word_1_326' title='bbox 459 2847 702 2914; x_wconf 75' lang='grc' dir='ltr'><strong>μετρεῖν,</strong></span> <span class='ocrx_word' id='word_1_327' title='bbox 731 2846 806 2909; x_wconf 82' lang='grc' dir='ltr'><strong>ὡς</strong></span> <span class='ocrx_word' id='word_1_328' title='bbox 835 2844 944 2902; x_wconf 81' lang='grc' dir='ltr'>οἶδε</span> <span class='ocrx_word' id='word_1_329' title='bbox 978 2847 1274 2920; x_wconf 78' lang='grc' dir='ltr'><strong>ζωγράφος</strong></span> <span class='ocrx_word' id='word_1_330' title='bbox 1309 2856 1607 2925; x_wconf 84' lang='grc' dir='ltr'>τεχνᾶσθαι</span> <span class='ocrx_word' id='word_1_331' title='bbox 1652 2859 1754 2928; x_wconf 77' lang='grc' dir='ltr'><strong>τὴν</strong></span> <span class='ocrx_word' id='word_1_332' title='bbox 1789 2862 1912 2914; x_wconf 82' lang='grc' dir='ltr'>κατ’</span> 
     </span>
    </p>
   </div>
   <div class='ocr_carea' id='block_1_47' title="bbox 332 2937 1915 3021">
    <p class='ocr_par' dir='ltr' id='par_1_47' title="bbox 332 2937 1915 3021">
     <span class='ocr_line' id='line_1_47' title="bbox 332 2937 1915 3021; baseline 0.013 -31"><span class='ocrx_word' id='word_1_333' title='bbox 332 2937 478 2991; x_wconf 72' lang='grc' dir='ltr'>αὐτὰ</span> <span class='ocrx_word' id='word_1_334' title='bbox 509 2941 878 3010; x_wconf 77' lang='grc' dir='ltr'>συμμετρίαν.</span> <span class='ocrx_word' id='word_1_335' title='bbox 911 2944 1169 3010; x_wconf 83' lang='grc' dir='ltr'>Τοιοῦτος</span> <span class='ocrx_word' id='word_1_336' title='bbox 1215 2947 1272 3000; x_wconf 83' lang='grc' dir='ltr'>δὲ</span> <span class='ocrx_word' id='word_1_337' title='bbox 1307 2949 1526 3012; x_wconf 83' lang='grc' dir='ltr'>πάντως</span> <span class='ocrx_word' id='word_1_338' title='bbox 1555 2952 1588 3021; x_wconf 79' lang='grc' dir='ltr'>ἢ</span> <span class='ocrx_word' id='word_1_339' title='bbox 1624 2952 1652 3003; x_wconf 88' lang='grc' dir='ltr'><strong>ὁ</strong></span> <span class='ocrx_word' id='word_1_340' title='bbox 1681 2953 1740 3018; x_wconf 74' lang='grc' dir='ltr'><strong>ἐξ</strong></span> <span class='ocrx_word' id='word_1_341' title='bbox 1780 2954 1915 3009; x_wconf 77' lang='grc' dir='ltr'>ἀνα-</span> 
     </span>
    </p>
   </div>
   <div class='ocr_carea' id='block_1_48' title="bbox 2016 1737 3595 1808">
    <p class='ocr_par' dir='ltr' id='par_1_48' title="bbox 2016 1737 3595 1808">
     <span class='ocr_line' id='line_1_48' title="bbox 2016 1737 3595 1808; baseline 0.008 -22"><span class='ocrx_word' id='word_1_342' title='bbox 2016 1748 2227 1804; x_wconf 76' lang='lat' dir='ltr'><strong>regum,</strong></span> <span class='ocrx_word' id='word_1_343' title='bbox 2279 1750 2441 1802; x_wconf 86' lang='lat' dir='ltr'><strong>qnam</strong></span> <span class='ocrx_word' id='word_1_344' title='bbox 2501 1751 2717 1791; x_wconf 84' lang='lat' dir='ltr'><strong>servare</strong></span> <span class='ocrx_word' id='word_1_345' title='bbox 2777 1737 2976 1792; x_wconf 85' lang='lat' dir='ltr'><strong>debent</strong></span> <span class='ocrx_word' id='word_1_346' title='bbox 3037 1741 3272 1794; x_wconf 83' lang='lat' dir='ltr'><strong>universi</strong></span> <span class='ocrx_word' id='word_1_347' title='bbox 3325 1741 3595 1808; x_wconf 82' lang='lat' dir='ltr'><strong>homines,</strong></span> 
     </span>
    </p>
   </div>
   <div class='ocr_carea' id='block_1_49' title="bbox 2013 1827 3598 1898">
    <p class='ocr_par' dir='ltr' id='par_1_49' title="bbox 2013 1827 3598 1898">
     <span class='ocr_line' id='line_1_49' title="bbox 2013 1827 3598 1898; baseline 0.001 -16"><span class='ocrx_word' id='word_1_348' title='bbox 2013 1835 2068 1882; x_wconf 90' lang='lat' dir='ltr'><strong>et</strong></span> <span class='ocrx_word' id='word_1_349' title='bbox 2095 1827 2210 1896; x_wconf 87' lang='lat' dir='ltr'><strong>ipse</strong></span> <span class='ocrx_word' id='word_1_350' title='bbox 2236 1828 2358 1896; x_wconf 87' lang='lat' dir='ltr'><strong>plus</strong></span> <span class='ocrx_word' id='word_1_351' title='bbox 2393 1841 2554 1897; x_wconf 88' lang='lat' dir='ltr'><strong>quam</strong></span> <span class='ocrx_word' id='word_1_352' title='bbox 2614 1827 2796 1882; x_wconf 82' lang='lat' dir='ltr'><strong>caeteri</strong></span> <span class='ocrx_word' id='word_1_353' title='bbox 2844 1836 2898 1882; x_wconf 89' lang='lat' dir='ltr'><strong>et</strong></span> <span class='ocrx_word' id='word_1_354' title='bbox 2948 1829 3182 1898; x_wconf 84' lang='lat' dir='ltr'><strong>amplius</strong></span> <span class='ocrx_word' id='word_1_355' title='bbox 3247 1838 3481 1897; x_wconf 88' lang='lat' dir='ltr'><strong>tenetur,</strong></span> <span class='ocrx_word' id='word_1_356' title='bbox 3507 1849 3598 1885; x_wconf 81' lang='lat' dir='ltr'><strong>re-</strong></span> 
     </span>
    </p>
   </div>
   <div class='ocr_carea' id='block_1_50' title="bbox 2015 1917 3596 1986">
    <p class='ocr_par' dir='ltr' id='par_1_50' title="bbox 2015 1917 3596 1986">
     <span class='ocr_line' id='line_1_50' title="bbox 2015 1917 3596 1986; baseline 0 -13"><span class='ocrx_word' id='word_1_357' title='bbox 2015 1917 2274 1974; x_wconf 74' lang='lat' dir='ltr'><strong>Cordatus</strong></span> <span class='ocrx_word' id='word_1_358' title='bbox 2329 1931 2408 1983; x_wconf 83' lang='lat' dir='ltr'><strong>se,</strong></span> <span class='ocrx_word' id='word_1_359' title='bbox 2469 1919 2686 1986; x_wconf 84' lang='lat' dir='ltr'><strong>quando</strong></span> <span class='ocrx_word' id='word_1_360' title='bbox 2720 1927 2942 1972; x_wconf 85' lang='lat' dir='ltr'><strong>tonsura</strong></span> <span class='ocrx_word' id='word_1_361' title='bbox 2989 1927 3344 1974; x_wconf 87' lang='lat' dir='ltr'><strong>consecratus</strong></span> <span class='ocrx_word' id='word_1_362' title='bbox 3373 1920 3493 1984; x_wconf 79' lang='lat' dir='ltr'><strong>fuit,</strong></span> <span class='ocrx_word' id='word_1_363' title='bbox 3528 1917 3596 1974; x_wconf 82' lang='lat' dir='ltr'><strong>ad</strong></span> 
     </span>
    </p>
   </div>
   <div class='ocr_carea' id='block_1_51' title="bbox 2015 2010 3595 2074">
    <p class='ocr_par' dir='ltr' id='par_1_51' title="bbox 2015 2010 3595 2074">
     <span class='ocr_line' id='line_1_51' title="bbox 2015 2010 3595 2074; baseline 0.003 -10"><span class='ocrx_word' id='word_1_364' title='bbox 2015 2011 2118 2066; x_wconf 89' lang='lat' dir='ltr'><strong>hoc</strong></span> <span class='ocrx_word' id='word_1_365' title='bbox 2163 2025 2285 2066; x_wconf 90' lang='lat' dir='ltr'><strong>esse</strong></span> <span class='ocrx_word' id='word_1_366' title='bbox 2317 2011 2624 2074; x_wconf 84' lang='lat' dir='ltr'><strong>invitatum,</strong></span> <span class='ocrx_word' id='word_1_367' title='bbox 2658 2022 2717 2064; x_wconf 91' lang='lat' dir='ltr'><strong>ut</strong></span> <span class='ocrx_word' id='word_1_368' title='bbox 2763 2010 3020 2066; x_wconf 70' lang='lat' dir='ltr'><strong>fmdatam</strong></span> <span class='ocrx_word' id='word_1_369' title='bbox 3081 2011 3375 2067; x_wconf 90' lang='lat' dir='ltr'><strong>sudoribus</strong></span> <span class='ocrx_word' id='word_1_370' title='bbox 3437 2029 3595 2068; x_wconf 91' lang='lat' dir='ltr'><strong>mun-</strong></span> 
     </span>
    </p>
   </div>
   <div class='ocr_carea' id='block_1_52' title="bbox 2015 2102 3600 2160">
    <p class='ocr_par' dir='ltr' id='par_1_52' title="bbox 2015 2102 3600 2160">
     <span class='ocr_line' id='line_1_52' title="bbox 2015 2102 3600 2160; baseline 0 -2"><span class='ocrx_word' id='word_1_371' title='bbox 2015 2102 2178 2158; x_wconf 86' lang='lat' dir='ltr'><strong>danis</strong></span> <span class='ocrx_word' id='word_1_372' title='bbox 2219 2103 2629 2157; x_wconf 84' lang='lat' dir='ltr'><strong>similitudinem</strong></span> <span class='ocrx_word' id='word_1_373' title='bbox 2695 2118 2848 2158; x_wconf 91' lang='lat' dir='ltr'><strong>suam</strong></span> <span class='ocrx_word' id='word_1_374' title='bbox 2885 2106 2951 2158; x_wconf 88' lang='lat' dir='ltr'><strong>ad</strong></span> <span class='ocrx_word' id='word_1_375' title='bbox 2990 2104 3154 2158; x_wconf 78' lang='lat' dir='ltr'><strong>Deum</strong></span> <span class='ocrx_word' id='word_1_376' title='bbox 3216 2117 3407 2160; x_wconf 84' lang='lat' dir='ltr'><strong>rursus</strong></span> <span class='ocrx_word' id='word_1_377' title='bbox 3439 2122 3600 2160; x_wconf 78' lang='lat' dir='ltr'><strong>reun-</strong></span> 
     </span>
    </p>
   </div>
   <div class='ocr_carea' id='block_1_53' title="bbox 2017 2195 3598 2268">
    <p class='ocr_par' dir='ltr' id='par_1_53' title="bbox 2017 2195 3598 2268">
     <span class='ocr_line' id='line_1_53' title="bbox 2017 2195 3598 2268; baseline 0.005 -20"><span class='ocrx_word' id='word_1_378' title='bbox 2017 2203 2241 2252; x_wconf 86' lang='lat' dir='ltr'><strong>vaturus</strong></span> <span class='ocrx_word' id='word_1_379' title='bbox 2323 2201 2467 2251; x_wconf 84' lang='lat' dir='ltr'><strong>esset</strong></span> <span class='ocrx_word' id='word_1_380' title='bbox 2546 2195 2802 2268; x_wconf 82' lang='lat' dir='ltr'><strong>aperibus</strong></span> <span class='ocrx_word' id='word_1_381' title='bbox 2877 2198 3218 2254; x_wconf 78' lang='lat' dir='ltr'><strong>monasticis.</strong></span> <span class='ocrx_word' id='word_1_382' title='bbox 3297 2198 3598 2256; x_wconf 78' lang='lat' dir='ltr'><strong>Monachus</strong></span> 
     </span>
    </p>
   </div>
   <div class='ocr_carea' id='block_1_54' title="bbox 2014 2290 3599 2362">
    <p class='ocr_par' dir='ltr' id='par_1_54' title="bbox 2014 2290 3599 2362">
     <span class='ocr_line' id='line_1_54' title="bbox 2014 2290 3599 2362; baseline 0.002 -18"><span class='ocrx_word' id='word_1_383' title='bbox 2014 2290 2197 2361; x_wconf 84' lang='lat' dir='ltr'><strong>pictor</strong></span> <span class='ocrx_word' id='word_1_384' title='bbox 2241 2299 2328 2346; x_wconf 84' lang='lat' dir='ltr'><strong>est</strong></span> <span class='ocrx_word' id='word_1_385' title='bbox 2387 2291 2552 2346; x_wconf 87' lang='lat' dir='ltr'><strong>etiam</strong></span> <span class='ocrx_word' id='word_1_386' title='bbox 2613 2293 2825 2347; x_wconf 73' lang='lat' dir='ltr'><strong>virtutis</strong></span> <span class='ocrx_word' id='word_1_387' title='bbox 2879 2292 3153 2362; x_wconf 61' lang='lat' dir='ltr'><strong>perfecte,</strong></span> <span class='ocrx_word' id='word_1_388' title='bbox 3209 2291 3471 2362; x_wconf 86' lang='lat' dir='ltr'><strong>adquam</strong></span> <span class='ocrx_word' id='word_1_389' title='bbox 3511 2293 3599 2347; x_wconf 83' lang='lat' dir='ltr'><strong>in-</strong></span> 
     </span>
    </p>
   </div>
   <div class='ocr_carea' id='block_1_55' title="bbox 2018 2384 3600 2456">
    <p class='ocr_par' dir='ltr' id='par_1_55' title="bbox 2018 2384 3600 2456">
     <span class='ocr_line' id='line_1_55' title="bbox 2018 2384 3600 2456; baseline -0.001 -17"><span class='ocrx_word' id='word_1_390' title='bbox 2018 2384 2317 2439; x_wconf 63' lang='lat' dir='ltr'><strong>formandae</strong></span> <span class='ocrx_word' id='word_1_391' title='bbox 2371 2393 2494 2440; x_wconf 89' lang='lat' dir='ltr'><strong>sunt</strong></span> <span class='ocrx_word' id='word_1_392' title='bbox 2548 2386 2744 2439; x_wconf 63' lang='lat' dir='ltr'><strong>animus</strong></span> <span class='ocrx_word' id='word_1_393' title='bbox 2805 2384 3159 2440; x_wconf 86' lang='lat' dir='ltr'><strong>intuentium.</strong></span> <span class='ocrx_word' id='word_1_394' title='bbox 3192 2384 3340 2452; x_wconf 86' lang='lat' dir='ltr'><strong>Quas</strong></span> <span class='ocrx_word' id='word_1_395' title='bbox 3384 2388 3448 2438; x_wconf 87' lang='lat' dir='ltr'><strong>ad</strong></span> <span class='ocrx_word' id='word_1_396' title='bbox 3480 2403 3600 2456; x_wconf 84' lang='lat' dir='ltr'><strong>per-</strong></span> 
     </span>
    </p>
   </div>
   <div class='ocr_carea' id='block_1_56' title="bbox 2016 2473 3599 2549">
    <p class='ocr_par' dir='ltr' id='par_1_56' title="bbox 2016 2473 3599 2549">
     <span class='ocr_line' id='line_1_56' title="bbox 2016 2473 3599 2549; baseline 0.003 -19"><span class='ocrx_word' id='word_1_397' title='bbox 2016 2473 2304 2531; x_wconf 79' lang='lat' dir='ltr'><strong>fectionem</strong></span> <span class='ocrx_word' id='word_1_398' title='bbox 2361 2477 2462 2530; x_wconf 77' lang='lat' dir='ltr'><strong>iste</strong></span> <span class='ocrx_word' id='word_1_399' title='bbox 2510 2474 2787 2546; x_wconf 68' lang='lat' dir='ltr'><strong>depinget,</strong></span> <span class='ocrx_word' id='word_1_400' title='bbox 2849 2476 2896 2530; x_wconf 88' lang='lat' dir='ltr'><strong>si</strong></span> <span class='ocrx_word' id='word_1_401' title='bbox 2932 2474 3068 2531; x_wconf 87' lang='lat' dir='ltr'><strong>hanc</strong></span> <span class='ocrx_word' id='word_1_402' title='bbox 3128 2486 3298 2532; x_wconf 85' lang='lat' dir='ltr'><strong>artem</strong></span> <span class='ocrx_word' id='word_1_403' title='bbox 3354 2477 3599 2549; x_wconf 79' lang='lat' dir='ltr'><strong>perfecte</strong></span> 
     </span>
    </p>
   </div>
   <div class='ocr_carea' id='block_1_57' title="bbox 2015 2568 3598 2640">
    <p class='ocr_par' dir='ltr' id='par_1_57' title="bbox 2015 2568 3598 2640">
     <span class='ocr_line' id='line_1_57' title="bbox 2015 2568 3598 2640; baseline 0 -16"><span class='ocrx_word' id='word_1_404' title='bbox 2015 2569 2242 2625; x_wconf 85' lang='lat' dir='ltr'><strong>edoctus</strong></span> <span class='ocrx_word' id='word_1_405' title='bbox 2271 2579 2376 2635; x_wconf 87' lang='lat' dir='ltr'><strong>est,</strong></span> <span class='ocrx_word' id='word_1_406' title='bbox 2432 2569 2478 2626; x_wconf 76' lang='lat' dir='ltr'><strong>si</strong></span> <span class='ocrx_word' id='word_1_407' title='bbox 2533 2568 2726 2626; x_wconf 87' lang='lat' dir='ltr'><strong>didicit</strong></span> <span class='ocrx_word' id='word_1_408' title='bbox 2778 2571 3096 2638; x_wconf 84' lang='lat' dir='ltr'><strong>spirituales</strong></span> <span class='ocrx_word' id='word_1_409' title='bbox 3148 2573 3362 2627; x_wconf 88' lang='lat' dir='ltr'><strong>colores</strong></span> <span class='ocrx_word' id='word_1_410' title='bbox 3397 2580 3598 2640; x_wconf 85' lang='lat' dir='ltr'><strong>terere,</strong></span> 
     </span>
    </p>
   </div>
   <div class='ocr_carea' id='block_1_58' title="bbox 2015 2659 3600 2734">
    <p class='ocr_par' dir='ltr' id='par_1_58' title="bbox 2015 2659 3600 2734">
     <span class='ocr_line' id='line_1_58' title="bbox 2015 2659 3600 2734; baseline 0.001 -17"><span class='ocrx_word' id='word_1_411' title='bbox 2015 2663 2270 2729; x_wconf 81' lang='lat' dir='ltr'><strong>miscere,</strong></span> <span class='ocrx_word' id='word_1_412' title='bbox 2320 2659 2694 2734; x_wconf 79' lang='lat' dir='ltr'><strong>distinguere,</strong></span> <span class='ocrx_word' id='word_1_413' title='bbox 2755 2671 2944 2719; x_wconf 84' lang='lat' dir='ltr'><strong>curate</strong></span> <span class='ocrx_word' id='word_1_414' title='bbox 3016 2662 3288 2729; x_wconf 80' lang='lat' dir='ltr'><strong>conferre,</strong></span> <span class='ocrx_word' id='word_1_415' title='bbox 3341 2673 3396 2720; x_wconf 87' lang='lat' dir='ltr'><strong>et</strong></span> <span class='ocrx_word' id='word_1_416' title='bbox 3453 2682 3600 2720; x_wconf 83' lang='lat' dir='ltr'><strong>meu-</strong></span> 
     </span>
    </p>
   </div>
   <div class='ocr_carea' id='block_1_59' title="bbox 2016 2753 3601 2828">
    <p class='ocr_par' dir='ltr' id='par_1_59' title="bbox 2016 2753 3601 2828">
     <span class='ocr_line' id='line_1_59' title="bbox 2016 2753 3601 2828; baseline 0.001 -19"><span class='ocrx_word' id='word_1_417' title='bbox 2016 2769 2226 2818; x_wconf 88' lang='lat' dir='ltr'><strong>surare,</strong></span> <span class='ocrx_word' id='word_1_418' title='bbox 2278 2753 2422 2809; x_wconf 86' lang='lat' dir='ltr'><strong>sicut</strong></span> <span class='ocrx_word' id='word_1_419' title='bbox 2463 2757 2613 2808; x_wconf 79' lang='lat' dir='ltr'><strong>novit</strong></span> <span class='ocrx_word' id='word_1_420' title='bbox 2671 2753 2846 2824; x_wconf 80' lang='lat' dir='ltr'><strong>pictor</strong></span> <span class='ocrx_word' id='word_1_421' title='bbox 2907 2771 3002 2811; x_wconf 85' lang='lat' dir='ltr'><strong>eas</strong></span> <span class='ocrx_word' id='word_1_422' title='bbox 3062 2753 3198 2812; x_wconf 84' lang='lat' dir='ltr'><strong>scite</strong></span> <span class='ocrx_word' id='word_1_423' title='bbox 3248 2771 3601 2828; x_wconf 88' lang='lat' dir='ltr'><strong>componere.</strong></span> 
     </span>
    </p>
   </div>
   <div class='ocr_carea' id='block_1_60' title="bbox 2017 2844 3602 2915">
    <p class='ocr_par' dir='ltr' id='par_1_60' title="bbox 2017 2844 3602 2915">
     <span class='ocr_line' id='line_1_60' title="bbox 2017 2844 3602 2915; baseline 0.001 -16"><span class='ocrx_word' id='word_1_424' title='bbox 2017 2844 2163 2899; x_wconf 82' lang='lat' dir='ltr'><strong>Talis</strong></span> <span class='ocrx_word' id='word_1_425' title='bbox 2195 2853 2280 2900; x_wconf 87' lang='lat' dir='ltr'><strong>est</strong></span> <span class='ocrx_word' id='word_1_426' title='bbox 2311 2846 2475 2898; x_wconf 90' lang='lat' dir='ltr'><strong>homo</strong></span> <span class='ocrx_word' id='word_1_427' title='bbox 2504 2845 2788 2908; x_wconf 71' lang='lat' dir='ltr'><strong>doctrinae,</strong></span> <span class='ocrx_word' id='word_1_428' title='bbox 2845 2855 2941 2899; x_wconf 90' lang='lat' dir='ltr'><strong>aut</strong></span> <span class='ocrx_word' id='word_1_429' title='bbox 2983 2845 3310 2901; x_wconf 86' lang='lat' dir='ltr'><strong>inventionis</strong></span> <span class='ocrx_word' id='word_1_430' title='bbox 3349 2859 3444 2914; x_wconf 83' lang='lat' dir='ltr'><strong>per</strong></span> <span class='ocrx_word' id='word_1_431' title='bbox 3479 2861 3602 2915; x_wconf 82' lang='lat' dir='ltr'><strong>pra-</strong></span> 
     </span>
    </p>
   </div>
   <div class='ocr_carea' id='block_1_61' title="bbox 2017 2939 3603 3007">
    <p class='ocr_par' dir='ltr' id='par_1_61' title="bbox 2017 2939 3603 3007">
     <span class='ocr_line' id='line_1_61' title="bbox 2017 2939 3603 3007; baseline 0.001 -15"><span class='ocrx_word' id='word_1_432' title='bbox 2017 2939 2256 2998; x_wconf 87' lang='lat' dir='ltr'><strong>cticam;</strong></span> <span class='ocrx_word' id='word_1_433' title='bbox 2302 2953 2532 3007; x_wconf 87' lang='lat' dir='ltr'><strong>quarum</strong></span> <span class='ocrx_word' id='word_1_434' title='bbox 2590 2953 2751 2991; x_wconf 90' lang='lat' dir='ltr'><strong>unam</strong></span> <span class='ocrx_word' id='word_1_435' title='bbox 2813 2953 2907 3006; x_wconf 90' lang='lat' dir='ltr'><strong>per</strong></span> <span class='ocrx_word' id='word_1_436' title='bbox 2965 2939 3304 3006; x_wconf 84' lang='lat' dir='ltr'><strong>sapientiam,</strong></span> <span class='ocrx_word' id='word_1_437' title='bbox 3345 2947 3400 2992; x_wconf 92' lang='lat' dir='ltr'><strong>et</strong></span> <span class='ocrx_word' id='word_1_438' title='bbox 3464 2940 3603 2994; x_wconf 61' lang='lat' dir='ltr'><strong>altec</strong></span> 
     </span>
    </p>
   </div>
   <div class='ocr_carea' id='block_1_62' title="bbox 332 3027 1914 3115">
    <p class='ocr_par' dir='ltr' id='par_1_62' title="bbox 332 3027 1913 3115">
     <span class='ocr_line' id='line_1_62' title="bbox 332 3027 1913 3115; baseline 0.014 -39"><span class='ocrx_word' id='word_1_439' title='bbox 332 3027 611 3115; x_wconf 67' lang='grc' dir='ltr'>γνώσεως,</span> <span class='ocrx_word' id='word_1_440' title='bbox 647 3029 680 3100; x_wconf 77' lang='grc' dir='ltr'><strong>ἢ</strong></span> <span class='ocrx_word' id='word_1_441' title='bbox 714 3031 743 3083; x_wconf 90' lang='lat'><strong>6</strong></span> <span class='ocrx_word' id='word_1_442' title='bbox 781 3031 841 3096; x_wconf 72' lang='grc' dir='ltr'>ἐξ</span> <span class='ocrx_word' id='word_1_443' title='bbox 867 3032 1292 3105; x_wconf 72' lang='grc' dir='ltr'>ἀποκαλύψεως,</span> <span class='ocrx_word' id='word_1_444' title='bbox 1321 3039 1424 3109; x_wconf 84' lang='grc' dir='ltr'><strong>τῆς</strong></span> <span class='ocrx_word' id='word_1_445' title='bbox 1457 3040 1546 3094; x_wconf 85' lang='grc' dir='ltr'>διὰ</span> <span class='ocrx_word' id='word_1_446' title='bbox 1568 3045 1880 3115; x_wconf 81' lang='grc' dir='ltr'>πρακτικῆς</span> <span class='ocrx_word' id='word_1_447' title='bbox 1899 3062 1913 3076; x_wconf 85' lang='grc'><strong>·</strong></span> 
     </span>
    </p>
   </div>
   <div class='ocr_carea' id='block_1_63' title="bbox 2022 3027 3600 3115">
    <p class='ocr_par' dir='ltr' id='par_1_63' title="bbox 2022 3031 3600 3102">
     <span class='ocr_line' id='line_1_63' title="bbox 2022 3031 3600 3102; baseline 0.002 -18"><span class='ocrx_word' id='word_1_448' title='bbox 2022 3046 2136 3084; x_wconf 87' lang='lat' dir='ltr'><strong>ram</strong></span> <span class='ocrx_word' id='word_1_449' title='bbox 2193 3045 2289 3101; x_wconf 88' lang='lat' dir='ltr'><strong>per</strong></span> <span class='ocrx_word' id='word_1_450' title='bbox 2343 3045 2526 3086; x_wconf 80' lang='lat' dir='ltr'><strong>veram</strong></span> <span class='ocrx_word' id='word_1_451' title='bbox 2583 3031 2792 3100; x_wconf 79' lang='lat' dir='ltr'><strong>praxim</strong></span> <span class='ocrx_word' id='word_1_452' title='bbox 2851 3031 3156 3086; x_wconf 82' lang='lat' dir='ltr'><strong>monachus</strong></span> <span class='ocrx_word' id='word_1_453' title='bbox 3229 3032 3458 3098; x_wconf 81' lang='lat' dir='ltr'><strong>obtinet,</strong></span> <span class='ocrx_word' id='word_1_454' title='bbox 3504 3047 3600 3102; x_wconf 87' lang='lat' dir='ltr'><strong>per</strong></span> 
     </span>
    </p>
   </div>
   <div class='ocr_carea' id='block_1_64' title="bbox 334 3111 1916 3204">
    <p class='ocr_par' dir='ltr' id='par_1_64' title="bbox 334 3111 1916 3204">
     <span class='ocr_line' id='line_1_64' title="bbox 334 3111 1916 3204; baseline 0.012 -35"><span class='ocrx_word' id='word_1_455' title='bbox 334 3111 413 3170; x_wconf 79' lang='grc' dir='ltr'>ὧν</span> <span class='ocrx_word' id='word_1_456' title='bbox 445 3118 505 3171; x_wconf 81' lang='grc' dir='ltr'><strong>τὸ</strong></span> <span class='ocrx_word' id='word_1_457' title='bbox 539 3120 639 3190; x_wconf 80' lang='grc' dir='ltr'>μὲν</span> <span class='ocrx_word' id='word_1_458' title='bbox 675 3121 789 3193; x_wconf 77' lang='grc' dir='ltr'>ἔχει</span> <span class='ocrx_word' id='word_1_459' title='bbox 819 3124 909 3177; x_wconf 83' lang='grc' dir='ltr'>διὰ</span> <span class='ocrx_word' id='word_1_460' title='bbox 944 3126 1139 3194; x_wconf 80' lang='grc' dir='ltr'>σοφίαν</span> <span class='ocrx_word' id='word_1_461' title='bbox 1165 3129 1192 3181; x_wconf 91' lang='lat'><strong>6</strong></span> <span class='ocrx_word' id='word_1_462' title='bbox 1221 3129 1495 3199; x_wconf 78' lang='grc' dir='ltr'>μονάζων,</span> <span class='ocrx_word' id='word_1_463' title='bbox 1524 3133 1584 3186; x_wconf 87' lang='grc' dir='ltr'>τὸ</span> <span class='ocrx_word' id='word_1_464' title='bbox 1617 3133 1672 3185; x_wconf 83' lang='grc' dir='ltr'>δὲ</span> <span class='ocrx_word' id='word_1_465' title='bbox 1703 3133 1790 3186; x_wconf 68' lang='grc' dir='ltr'><strong>διὰ</strong></span> <span class='ocrx_word' id='word_1_466' title='bbox 1818 3111 1916 3204; x_wconf 80' lang='grc' dir='ltr'>τῆς</span> 
     </span>
    </p>
   </div>
   <div class='ocr_carea' id='block_1_65' title="bbox 334 3211 1918 3294">
    <p class='ocr_par' dir='ltr' id='par_1_65' title="bbox 334 3211 1918 3294">
     <span class='ocr_line' id='line_1_65' title="bbox 334 3211 1918 3294; baseline 0.013 -31"><span class='ocrx_word' id='word_1_467' title='bbox 334 3211 512 3274; x_wconf 71' lang='grc' dir='ltr'>ὅντως</span> <span class='ocrx_word' id='word_1_468' title='bbox 561 3215 837 3285; x_wconf 80' lang='grc' dir='ltr'>πράξεως,</span> <span class='ocrx_word' id='word_1_469' title='bbox 883 3218 952 3272; x_wconf 85' lang='grc' dir='ltr'><strong>δι’</strong></span> <span class='ocrx_word' id='word_1_470' title='bbox 981 3215 1050 3290; x_wconf 75' lang='grc' dir='ltr'>ἧς</span> <span class='ocrx_word' id='word_1_471' title='bbox 1081 3223 1175 3274; x_wconf 76' lang='grc' dir='ltr'><strong>καὶ</strong></span> <span class='ocrx_word' id='word_1_472' title='bbox 1210 3220 1384 3294; x_wconf 74' lang='grc' dir='ltr'>αὐτῆς</span> <span class='ocrx_word' id='word_1_473' title='bbox 1429 3228 1918 3283; x_wconf 81' lang='grc' dir='ltr'>ἀποκαλύπτονται</span> 
     </span>
    </p>
   </div>
   <div class='ocr_carea' id='block_1_66' title="bbox 335 3307 1917 3381">
    <p class='ocr_par' dir='ltr' id='par_1_66' title="bbox 335 3307 1917 3381">
     <span class='ocr_line' id='line_1_66' title="bbox 335 3307 1917 3381; baseline 0.013 -25"><span class='ocrx_word' id='word_1_474' title='bbox 335 3307 648 3372; x_wconf 81' lang='grc' dir='ltr'>Δαυῖτικῶς</span> <span class='ocrx_word' id='word_1_475' title='bbox 680 3309 955 3381; x_wconf 75' lang='grc' dir='ltr'>ὀφθαλμοὶ</span> <span class='ocrx_word' id='word_1_476' title='bbox 999 3317 1080 3377; x_wconf 82' lang='grc' dir='ltr'><strong>εἰς</strong></span> <span class='ocrx_word' id='word_1_477' title='bbox 1116 3321 1179 3368; x_wconf 80' lang='grc' dir='ltr'><strong>τὸ</strong></span> <span class='ocrx_word' id='word_1_478' title='bbox 1208 3324 1496 3374; x_wconf 83' lang='grc' dir='ltr'>κατανοεῖν</span> <span class='ocrx_word' id='word_1_479' title='bbox 1535 3321 1604 3374; x_wconf 82' lang='grc' dir='ltr'><strong>τὰ</strong></span> <span class='ocrx_word' id='word_1_480' title='bbox 1651 3321 1750 3375; x_wconf 78' lang='grc' dir='ltr'>τοῦ</span> <span class='ocrx_word' id='word_1_481' title='bbox 1780 3321 1917 3376; x_wconf 78' lang='grc' dir='ltr'>Θεοῦ</span> 
     </span>
    </p>
   </div>
   <div class='ocr_carea' id='block_1_67' title="bbox 337 3397 1918 3484">
    <p class='ocr_par' dir='ltr' id='par_1_67' title="bbox 337 3397 1918 3484">
     <span class='ocr_line' id='line_1_67' title="bbox 337 3397 1918 3484; baseline 0.01 -34"><span class='ocrx_word' id='word_1_482' title='bbox 337 3397 622 3467; x_wconf 82' lang='grc' dir='ltr'>θαυμάσια</span> <span class='ocrx_word' id='word_1_483' title='bbox 643 3415 658 3430; x_wconf 86' lang='grc'><strong>·</strong></span> <span class='ocrx_word' id='word_1_484' title='bbox 695 3405 755 3456; x_wconf 70' lang='grc' dir='ltr'><strong>έν</strong></span> <span class='ocrx_word' id='word_1_485' title='bbox 785 3400 866 3465; x_wconf 81' lang='grc' dir='ltr'><strong>οῖς</strong></span> <span class='ocrx_word' id='word_1_486' title='bbox 909 3408 1002 3460; x_wconf 61' lang='grc' dir='ltr'><strong>καὶ⁸</strong></span> <span class='ocrx_word' id='word_1_487' title='bbox 1031 3410 1100 3462; x_wconf 85' lang='grc' dir='ltr'><strong>τὰ</strong></span> <span class='ocrx_word' id='word_1_488' title='bbox 1128 3409 1230 3480; x_wconf 79' lang='grc' dir='ltr'>τῆς</span> <span class='ocrx_word' id='word_1_489' title='bbox 1277 3411 1489 3466; x_wconf 72' lang='grc' dir='ltr'>ἐκείνου</span> <span class='ocrx_word' id='word_1_490' title='bbox 1522 3414 1717 3482; x_wconf 82' lang='grc' dir='ltr'>σοφίας</span> <span class='ocrx_word' id='word_1_491' title='bbox 1743 3414 1918 3484; x_wconf 79' lang='grc' dir='ltr'>ἄδηλα</span> 
     </span>
    </p>
   </div>
   <div class='ocr_carea' id='block_1_68' title="bbox 337 3492 1917 3578">
    <p class='ocr_par' dir='ltr' id='par_1_68' title="bbox 337 3492 1917 3578">
     <span class='ocr_line' id='line_1_68' title="bbox 337 3492 1917 3578; baseline 0.01 -35"><span class='ocrx_word' id='word_1_492' title='bbox 337 3492 436 3546; x_wconf 72' lang='grc' dir='ltr'><strong>καὶ</strong></span> <span class='ocrx_word' id='word_1_493' title='bbox 462 3492 693 3565; x_wconf 83' lang='grc' dir='ltr'>κρύφια.</span> <span class='ocrx_word' id='word_1_494' title='bbox 728 3499 889 3553; x_wconf 86' lang='grc' dir='ltr'>Δυοίν</span> <span class='ocrx_word' id='word_1_495' title='bbox 915 3499 971 3552; x_wconf 84' lang='grc' dir='ltr'>δὲ</span> <span class='ocrx_word' id='word_1_496' title='bbox 998 3502 1228 3569; x_wconf 82' lang='grc' dir='ltr'>τούτων,</span> <span class='ocrx_word' id='word_1_497' title='bbox 1257 3504 1514 3575; x_wconf 82' lang='grc' dir='ltr'>πράξεως</span> <span class='ocrx_word' id='word_1_498' title='bbox 1543 3507 1638 3559; x_wconf 73' lang='grc' dir='ltr'>καὶ</span> <span class='ocrx_word' id='word_1_499' title='bbox 1658 3507 1917 3578; x_wconf 79' lang='grc' dir='ltr'>θεωρίας,</span> 
     </span>
    </p>
   </div>
   <div class='ocr_carea' id='block_1_69' title="bbox 337 3585 1918 3668">
    <p class='ocr_par' dir='ltr' id='par_1_69' title="bbox 337 3585 1918 3668">
     <span class='ocr_line' id='line_1_69' title="bbox 337 3585 1918 3668; baseline 0.011 -32"><span class='ocrx_word' id='word_1_500' title='bbox 337 3587 366 3637; x_wconf 88' lang='lat'><strong>6</strong></span> <span class='ocrx_word' id='word_1_501' title='bbox 390 3585 570 3655; x_wconf 80' lang='grc' dir='ltr'>μέγας</span> <span class='ocrx_word' id='word_1_502' title='bbox 618 3591 851 3661; x_wconf 81' lang='grc' dir='ltr'>μοναχὸς</span> <span class='ocrx_word' id='word_1_503' title='bbox 873 3594 1348 3666; x_wconf 79' lang='grc' dir='ltr'>ἀποστερημένος,</span> <span class='ocrx_word' id='word_1_504' title='bbox 1379 3595 1507 3650; x_wconf 81' lang='grc' dir='ltr'>οὔτε</span> <span class='ocrx_word' id='word_1_505' title='bbox 1540 3598 1831 3668; x_wconf 76' lang='grc' dir='ltr'>ζωγράφος</span> <span class='ocrx_word' id='word_1_506' title='bbox 1851 3601 1918 3654; x_wconf 83' lang='grc' dir='ltr'>ἂν</span> 
     </span>
    </p>
   </div>
   <div class='ocr_carea' id='block_1_70' title="bbox 338 3679 1735 3762">
    <p class='ocr_par' dir='ltr' id='par_1_70' title="bbox 338 3679 1735 3762">
     <span class='ocr_line' id='line_1_70' title="bbox 338 3679 1735 3762; baseline 0.011 -30"><span class='ocrx_word' id='word_1_507' title='bbox 338 3679 430 3749; x_wconf 82' lang='grc' dir='ltr'><strong>εἴη</strong></span> <span class='ocrx_word' id='word_1_508' title='bbox 459 3680 579 3750; x_wconf 80' lang='grc' dir='ltr'><strong>Θεῷ</strong></span> <span class='ocrx_word' id='word_1_509' title='bbox 605 3684 856 3754; x_wconf 78' lang='grc' dir='ltr'>πρέπων,</span> <span class='ocrx_word' id='word_1_510' title='bbox 882 3682 1007 3740; x_wconf 72' lang='grc' dir='ltr'>οὔτε</span> <span class='ocrx_word' id='word_1_511' title='bbox 1029 3688 1322 3759; x_wconf 76' lang='grc' dir='ltr'>ἀληθεύσοι</span> <span class='ocrx_word' id='word_1_512' title='bbox 1351 3691 1443 3746; x_wconf 80' lang='grc' dir='ltr'>τὸν</span> <span class='ocrx_word' id='word_1_513' title='bbox 1477 3691 1735 3762; x_wconf 86' lang='grc' dir='ltr'>μοναχόν.</span> 
     </span>
    </p>
   </div>
   <div class='ocr_carea' id='block_1_71' title="bbox 412 3771 1916 3852">
    <p class='ocr_par' dir='ltr' id='par_1_71' title="bbox 412 3771 1916 3852">
     <span class='ocr_line' id='line_1_71' title="bbox 412 3771 1916 3852; baseline 0.008 -27"><span class='ocrx_word' id='word_1_514' title='bbox 412 3771 552 3842; x_wconf 75' lang='grc' dir='ltr'>ρλα’.</span> <span class='ocrx_word' id='word_1_515' title='bbox 591 3776 709 3839; x_wconf 81' lang='grc' dir='ltr'>Ἔτι</span> <span class='ocrx_word' id='word_1_516' title='bbox 741 3778 938 3848; x_wconf 72' lang='grc' dir='ltr'>κριτὴς</span> <span class='ocrx_word' id='word_1_517' title='bbox 957 3780 984 3832; x_wconf 87' lang='lat'><strong>6</strong></span> <span class='ocrx_word' id='word_1_518' title='bbox 1006 3783 1263 3852; x_wconf 78' lang='grc' dir='ltr'>μοναχὸς,</span> <span class='ocrx_word' id='word_1_519' title='bbox 1293 3782 1534 3846; x_wconf 77' lang='grc' dir='ltr'>δικάζων</span> <span class='ocrx_word' id='word_1_520' title='bbox 1563 3785 1876 3848; x_wconf 82' lang='grc' dir='ltr'>ἀντιπάλοις</span> <span class='ocrx_word' id='word_1_521' title='bbox 1900 3799 1916 3815; x_wconf 89' lang='grc'><strong>·</strong></span> 
     </span>
    </p>
   </div>
   <div class='ocr_carea' id='block_1_72' title="bbox 339 3864 1920 3950">
    <p class='ocr_par' dir='ltr' id='par_1_72' title="bbox 339 3864 1920 3950">
     <span class='ocr_line' id='line_1_72' title="bbox 339 3864 1920 3950; baseline 0.009 -33"><span class='ocrx_word' id='word_1_522' title='bbox 339 3864 437 3918; x_wconf 75' lang='grc' dir='ltr'>καὶ</span> <span class='ocrx_word' id='word_1_523' title='bbox 474 3867 512 3940; x_wconf 69' lang='grc' dir='ltr'><strong>ἡ</strong></span> <span class='ocrx_word' id='word_1_524' title='bbox 554 3868 740 3939; x_wconf 80' lang='grc' dir='ltr'>κρίσις</span> <span class='ocrx_word' id='word_1_525' title='bbox 779 3871 1051 3941; x_wconf 82' lang='grc' dir='ltr'>διχασμὸς</span> <span class='ocrx_word' id='word_1_526' title='bbox 1095 3874 1280 3943; x_wconf 79' lang='grc' dir='ltr'>ψυχῆς</span> <span class='ocrx_word' id='word_1_527' title='bbox 1317 3875 1426 3930; x_wconf 80' lang='grc' dir='ltr'><strong>ἀπὸ</strong></span> <span class='ocrx_word' id='word_1_528' title='bbox 1467 3873 1759 3950; x_wconf 72' lang='grc' dir='ltr'>σώματος,</span> <span class='ocrx_word' id='word_1_529' title='bbox 1785 3875 1920 3930; x_wconf 73' lang='grc' dir='ltr'>ὡσεὶ</span> 
     </span>
    </p>
   </div>
   <div class='ocr_carea' id='block_1_73' title="bbox 341 3959 1920 4037">
    <p class='ocr_par' dir='ltr' id='par_1_73' title="bbox 341 3959 1920 4037">
     <span class='ocr_line' id='line_1_73' title="bbox 341 3959 1920 4037; baseline 0.008 -26"><span class='ocrx_word' id='word_1_530' title='bbox 341 3959 438 4011; x_wconf 79' lang='grc' dir='ltr'>καὶ</span> <span class='ocrx_word' id='word_1_531' title='bbox 473 3959 654 4013; x_wconf 88' lang='grc' dir='ltr'>θανεῖν</span> <span class='ocrx_word' id='word_1_532' title='bbox 697 3963 894 4034; x_wconf 67' lang='grc' dir='ltr'>ἐκρίθη</span> <span class='ocrx_word' id='word_1_533' title='bbox 933 3963 994 4018; x_wconf 83' lang='grc' dir='ltr'><strong>τὸ</strong></span> <span class='ocrx_word' id='word_1_534' title='bbox 1028 3967 1086 4018; x_wconf 84' lang='grc' dir='ltr'>ὲν</span> <span class='ocrx_word' id='word_1_535' title='bbox 1124 3966 1400 4037; x_wconf 82' lang='grc' dir='ltr'>ἀνθρώπῳ</span> <span class='ocrx_word' id='word_1_536' title='bbox 1443 3967 1722 4022; x_wconf 78' lang='grc' dir='ltr'>σύνθετον.</span> <span class='ocrx_word' id='word_1_537' title='bbox 1759 3961 1833 4022; x_wconf 76' lang='grc' dir='ltr'><strong>τὸ</strong></span> <span class='ocrx_word' id='word_1_538' title='bbox 1861 3971 1920 4023; x_wconf 72' lang='grc' dir='ltr'>δὲ</span> 
     </span>
    </p>
   </div>
   <div class='ocr_carea' id='block_1_74' title="bbox 339 4050 1914 4130">
    <p class='ocr_par' dir='ltr' id='par_1_74' title="bbox 339 4050 1914 4130">
     <span class='ocr_line' id='line_1_74' title="bbox 339 4050 1914 4130; baseline 0.007 -27"><span class='ocrx_word' id='word_1_539' title='bbox 339 4050 486 4105; x_wconf 85' lang='grc' dir='ltr'>οὔτω</span> <span class='ocrx_word' id='word_1_540' title='bbox 509 4052 752 4122; x_wconf 74' lang='grc' dir='ltr'>δικάζειν</span> <span class='ocrx_word' id='word_1_541' title='bbox 796 4055 1120 4126; x_wconf 83' lang='grc' dir='ltr'>φιλοσοφίας</span> <span class='ocrx_word' id='word_1_542' title='bbox 1153 4057 1316 4130; x_wconf 74' lang='grc' dir='ltr'>ἔργον</span> <span class='ocrx_word' id='word_1_543' title='bbox 1361 4063 1722 4129; x_wconf 73' lang='grc' dir='ltr'>παραδέδοται</span> <span class='ocrx_word' id='word_1_544' title='bbox 1753 4058 1914 4127; x_wconf 75' lang='grc' dir='ltr'>εἶναι,</span> 
     </span>
    </p>
   </div>
   <div class='ocr_carea' id='block_1_75' title="bbox 339 4139 1918 4224">
    <p class='ocr_par' dir='ltr' id='par_1_75' title="bbox 339 4139 1918 4224">
     <span class='ocr_line' id='line_1_75' title="bbox 339 4139 1918 4224; baseline 0.007 -28"><span class='ocrx_word' id='word_1_545' title='bbox 339 4139 409 4216; x_wconf 71' lang='grc' dir='ltr'>ἧς</span> <span class='ocrx_word' id='word_1_546' title='bbox 453 4144 516 4197; x_wconf 74' lang='grc' dir='ltr'>τὸ</span> <span class='ocrx_word' id='word_1_547' title='bbox 560 4143 712 4210; x_wconf 69' lang='grc' dir='ltr'>τέλος</span> <span class='ocrx_word' id='word_1_548' title='bbox 755 4145 993 4200; x_wconf 67' lang='grc' dir='ltr'>ἐνταῦθα</span> <span class='ocrx_word' id='word_1_549' title='bbox 1047 4150 1331 4219; x_wconf 75' lang='grc' dir='ltr'>ἡνωμένος</span> <span class='ocrx_word' id='word_1_550' title='bbox 1385 4151 1688 4222; x_wconf 83' lang='grc' dir='ltr'>διακρίνειν</span> <span class='ocrx_word' id='word_1_551' title='bbox 1737 4153 1918 4224; x_wconf 79' lang='grc' dir='ltr'>ψυχὴν</span> 
     </span>
    </p>
   </div>
   <div class='ocr_carea' id='block_1_76' title="bbox 344 4235 1921 4316">
    <p class='ocr_par' dir='ltr' id='par_1_76' title="bbox 344 4235 1921 4316">
     <span class='ocr_line' id='line_1_76' title="bbox 344 4235 1921 4316; baseline 0.007 -27"><span class='ocrx_word' id='word_1_552' title='bbox 344 4236 623 4306; x_wconf 81' lang='grc' dir='ltr'>σώματος,</span> <span class='ocrx_word' id='word_1_553' title='bbox 655 4240 750 4292; x_wconf 74' lang='grc' dir='ltr'>καὶ</span> <span class='ocrx_word' id='word_1_554' title='bbox 783 4235 850 4293; x_wconf 73' lang='grc' dir='ltr'>αὖ</span> <span class='ocrx_word' id='word_1_555' title='bbox 883 4239 1049 4295; x_wconf 77' lang='grc' dir='ltr'>πάλιν</span> <span class='ocrx_word' id='word_1_556' title='bbox 1083 4240 1530 4313; x_wconf 79' lang='grc' dir='ltr'>διακεκριμένως</span> <span class='ocrx_word' id='word_1_557' title='bbox 1561 4246 1736 4311; x_wconf 80' lang='grc' dir='ltr'>ἑνοῦν,</span> <span class='ocrx_word' id='word_1_558' title='bbox 1763 4246 1796 4316; x_wconf 79' lang='grc' dir='ltr'>ἢ</span> <span class='ocrx_word' id='word_1_559' title='bbox 1823 4245 1921 4300; x_wconf 68' lang='grc' dir='ltr'>καὶ</span> 
     </span>
    </p>
   </div>
   <div class='ocr_carea' id='block_1_77' title="bbox 343 4329 1921 4408">
    <p class='ocr_par' dir='ltr' id='par_1_77' title="bbox 343 4329 1921 4408">
     <span class='ocr_line' id='line_1_77' title="bbox 343 4329 1921 4408; baseline 0.007 -27"><span class='ocrx_word' id='word_1_560' title='bbox 343 4329 544 4394; x_wconf 53' lang='grc' dir='ltr'>(ἄλλως</span> <span class='ocrx_word' id='word_1_561' title='bbox 577 4334 779 4401; x_wconf 77' lang='grc' dir='ltr'>εἰπεῖν)</span> <span class='ocrx_word' id='word_1_562' title='bbox 808 4333 1040 4404; x_wconf 82' lang='grc' dir='ltr'>νεκροῦν</span> <span class='ocrx_word' id='word_1_563' title='bbox 1081 4333 1183 4404; x_wconf 76' lang='grc' dir='ltr'>μὲν</span> <span class='ocrx_word' id='word_1_564' title='bbox 1211 4335 1273 4388; x_wconf 83' lang='grc' dir='ltr'>τὺ</span> <span class='ocrx_word' id='word_1_565' title='bbox 1310 4334 1420 4399; x_wconf 81' lang='grc' dir='ltr'>ζῶν</span> <span class='ocrx_word' id='word_1_566' title='bbox 1449 4340 1524 4406; x_wconf 74' lang='grc' dir='ltr'>μὴ</span> <span class='ocrx_word' id='word_1_567' title='bbox 1560 4338 1921 4408; x_wconf 71' lang='grc' dir='ltr'>ἐναρμονίοις,</span> 
     </span>
    </p>
   </div>
   <div class='ocr_carea' id='block_1_78' title="bbox 2021 3121 3602 3193">
    <p class='ocr_par' dir='ltr' id='par_1_78' title="bbox 2021 3121 3602 3193">
     <span class='ocr_line' id='line_1_78' title="bbox 2021 3121 3602 3193; baseline 0.001 -17"><span class='ocrx_word' id='word_1_568' title='bbox 2021 3138 2186 3192; x_wconf 83' lang='lat' dir='ltr'><strong>quam</strong></span> <span class='ocrx_word' id='word_1_569' title='bbox 2225 3122 2545 3192; x_wconf 85' lang='lat' dir='ltr'><strong>aperiuntur</strong></span> <span class='ocrx_word' id='word_1_570' title='bbox 2577 3122 2846 3191; x_wconf 86' lang='lat' dir='ltr'><strong>oculi(ut</strong></span> <span class='ocrx_word' id='word_1_571' title='bbox 2893 3121 3078 3176; x_wconf 75' lang='lat' dir='ltr'><strong>Davidi</strong></span> <span class='ocrx_word' id='word_1_572' title='bbox 3113 3122 3356 3193; x_wconf 86' lang='lat' dir='ltr'><strong>accidit)</strong></span> <span class='ocrx_word' id='word_1_573' title='bbox 3410 3123 3476 3177; x_wconf 91' lang='lat' dir='ltr'><strong>ad</strong></span> <span class='ocrx_word' id='word_1_574' title='bbox 3514 3125 3602 3177; x_wconf 82' lang='lat' dir='ltr'><strong>in-</strong></span> 
     </span>
    </p>
   </div>
   <div class='ocr_carea' id='block_1_79' title="bbox 2021 3213 3597 3285">
    <p class='ocr_par' dir='ltr' id='par_1_79' title="bbox 2021 3213 3597 3285">
     <span class='ocr_line' id='line_1_79' title="bbox 2021 3213 3597 3285; baseline -0.001 -14"><span class='ocrx_word' id='word_1_575' title='bbox 2021 3215 2312 3285; x_wconf 83' lang='lat' dir='ltr'><strong>telligenda</strong></span> <span class='ocrx_word' id='word_1_576' title='bbox 2374 3215 2644 3269; x_wconf 87' lang='lat' dir='ltr'><strong>mirabilia</strong></span> <span class='ocrx_word' id='word_1_577' title='bbox 2709 3213 2826 3281; x_wconf 87' lang='lat' dir='ltr'><strong>Dei,</strong></span> <span class='ocrx_word' id='word_1_578' title='bbox 2882 3224 2939 3269; x_wconf 77' lang='lat' dir='ltr'><strong>ct</strong></span> <span class='ocrx_word' id='word_1_579' title='bbox 2981 3228 3046 3270; x_wconf 74' lang='lat' dir='ltr'><strong>ex</strong></span> <span class='ocrx_word' id='word_1_580' title='bbox 3098 3216 3299 3284; x_wconf 88' lang='lat' dir='ltr'><strong>quibus</strong></span> <span class='ocrx_word' id='word_1_581' title='bbox 3337 3226 3467 3270; x_wconf 86' lang='lat' dir='ltr'><strong>sunt</strong></span> <span class='ocrx_word' id='word_1_582' title='bbox 3504 3232 3597 3270; x_wconf 48' lang='lat' dir='ltr'><strong>sae</strong></span> 
     </span>
    </p>
   </div>
   <div class='ocr_carea' id='block_1_80' title="bbox 2021 3307 3597 3378">
    <p class='ocr_par' dir='ltr' id='par_1_80' title="bbox 2021 3307 3597 3378">
     <span class='ocr_line' id='line_1_80' title="bbox 2021 3307 3597 3378; baseline 0.001 -17"><span class='ocrx_word' id='word_1_583' title='bbox 2021 3309 2240 3378; x_wconf 72' lang='lat' dir='ltr'><strong>pientite</strong></span> <span class='ocrx_word' id='word_1_584' title='bbox 2288 3307 2410 3376; x_wconf 85' lang='lat' dir='ltr'><strong>ejus</strong></span> <span class='ocrx_word' id='word_1_585' title='bbox 2442 3308 2700 3377; x_wconf 86' lang='lat' dir='ltr'><strong>mysteria</strong></span> <span class='ocrx_word' id='word_1_586' title='bbox 2753 3307 3346 3377; x_wconf 82' lang='lat' dir='ltr'><strong>incomprehensibilia.</strong></span> <span class='ocrx_word' id='word_1_587' title='bbox 3381 3307 3597 3373; x_wconf 79' lang='lat' dir='ltr'><strong>Quibus</strong></span> 
     </span>
    </p>
   </div>
   <div class='ocr_carea' id='block_1_81' title="bbox 2021 3400 3599 3471">
    <p class='ocr_par' dir='ltr' id='par_1_81' title="bbox 2021 3400 3599 3471">
     <span class='ocr_line' id='line_1_81' title="bbox 2021 3400 3599 3471; baseline 0.003 -17"><span class='ocrx_word' id='word_1_588' title='bbox 2021 3400 2235 3456; x_wconf 84' lang='lat' dir='ltr'><strong>duabus</strong></span> <span class='ocrx_word' id='word_1_589' title='bbox 2268 3401 2450 3464; x_wconf 80' lang='lat' dir='ltr'><strong>rebus,</strong></span> <span class='ocrx_word' id='word_1_590' title='bbox 2480 3414 2674 3470; x_wconf 83' lang='lat' dir='ltr'><strong>nempe</strong></span> <span class='ocrx_word' id='word_1_591' title='bbox 2724 3401 2928 3456; x_wconf 86' lang='lat' dir='ltr'><strong>tlteoria</strong></span> <span class='ocrx_word' id='word_1_592' title='bbox 2973 3408 3027 3456; x_wconf 89' lang='lat' dir='ltr'><strong>et</strong></span> <span class='ocrx_word' id='word_1_593' title='bbox 3064 3403 3215 3471; x_wconf 80' lang='lat' dir='ltr'><strong>praxi</strong></span> <span class='ocrx_word' id='word_1_594' title='bbox 3247 3404 3365 3457; x_wconf 87' lang='lat' dir='ltr'><strong>sine</strong></span> <span class='ocrx_word' id='word_1_595' title='bbox 3400 3403 3599 3471; x_wconf 85' lang='lat' dir='ltr'><strong>quibus</strong></span> 
     </span>
    </p>
   </div>
   <div class='ocr_carea' id='block_1_82' title="bbox 2024 3491 3600 3566">
    <p class='ocr_par' dir='ltr' id='par_1_82' title="bbox 2024 3491 3600 3566">
     <span class='ocr_line' id='line_1_82' title="bbox 2024 3491 3600 3566; baseline 0.003 -20"><span class='ocrx_word' id='word_1_596' title='bbox 2024 3507 2250 3563; x_wconf 73' lang='lat' dir='ltr'><strong>magnus</strong></span> <span class='ocrx_word' id='word_1_597' title='bbox 2279 3494 2587 3548; x_wconf 80' lang='lat' dir='ltr'><strong>monachus</strong></span> <span class='ocrx_word' id='word_1_598' title='bbox 2646 3509 2824 3564; x_wconf 87' lang='lat' dir='ltr'><strong>neque</strong></span> <span class='ocrx_word' id='word_1_599' title='bbox 2863 3493 3041 3563; x_wconf 87' lang='lat' dir='ltr'><strong>pictor</strong></span> <span class='ocrx_word' id='word_1_600' title='bbox 3067 3504 3214 3550; x_wconf 79' lang='lat' dir='ltr'><strong>esset</strong></span> <span class='ocrx_word' id='word_1_601' title='bbox 3243 3491 3356 3550; x_wconf 85' lang='lat' dir='ltr'><strong>Deo</strong></span> <span class='ocrx_word' id='word_1_602' title='bbox 3389 3503 3600 3566; x_wconf 73' lang='lat' dir='ltr'><strong>gratus,</strong></span> 
     </span>
    </p>
   </div>
   <div class='ocr_carea' id='block_1_83' title="bbox 2023 3587 2744 3658">
    <p class='ocr_par' dir='ltr' id='par_1_83' title="bbox 2023 3587 2744 3658">
     <span class='ocr_line' id='line_1_83' title="bbox 2023 3587 2744 3658; baseline 0 -17"><span class='ocrx_word' id='word_1_603' title='bbox 2023 3602 2199 3658; x_wconf 86' lang='lat' dir='ltr'><strong>neque</strong></span> <span class='ocrx_word' id='word_1_604' title='bbox 2227 3599 2391 3642; x_wconf 81' lang='lat' dir='ltr'><strong>verus</strong></span> <span class='ocrx_word' id='word_1_605' title='bbox 2419 3587 2744 3642; x_wconf 83' lang='lat' dir='ltr'><strong>monachus.</strong></span> 
     </span>
    </p>
   </div>
   <div class='ocr_carea' id='block_1_84' title="bbox 2097 3765 3606 3842">
    <p class='ocr_par' dir='ltr' id='par_1_84' title="bbox 2097 3765 3606 3842">
     <span class='ocr_line' id='line_1_84' title="bbox 2097 3765 3606 3842; baseline 0.003 -22"><span class='ocrx_word' id='word_1_606' title='bbox 2097 3766 2221 3821; x_wconf 80' lang='lat' dir='ltr'><strong>l5l.</strong></span> <span class='ocrx_word' id='word_1_607' title='bbox 2252 3765 2429 3824; x_wconf 80' lang='lat' dir='ltr'><strong>Judex</strong></span> <span class='ocrx_word' id='word_1_608' title='bbox 2462 3769 2629 3823; x_wconf 78' lang='lat' dir='ltr'><strong>etiam</strong></span> <span class='ocrx_word' id='word_1_609' title='bbox 2657 3770 2986 3835; x_wconf 85' lang='lat' dir='ltr'><strong>monachus,</strong></span> <span class='ocrx_word' id='word_1_610' title='bbox 3016 3771 3112 3841; x_wconf 88' lang='lat' dir='ltr'><strong>qui</strong></span> <span class='ocrx_word' id='word_1_611' title='bbox 3145 3769 3237 3840; x_wconf 85' lang='lat' dir='ltr'><strong>jus</strong></span> <span class='ocrx_word' id='word_1_612' title='bbox 3285 3770 3420 3826; x_wconf 81' lang='lat' dir='ltr'><strong>dicit</strong></span> <span class='ocrx_word' id='word_1_613' title='bbox 3477 3783 3606 3842; x_wconf 77' lang='lat' dir='ltr'><strong>par-</strong></span> 
     </span>
    </p>
   </div>
   <div class='ocr_carea' id='block_1_85' title="bbox 2023 3860 3605 3933">
    <p class='ocr_par' dir='ltr' id='par_1_85' title="bbox 2023 3860 3605 3933">
     <span class='ocr_line' id='line_1_85' title="bbox 2023 3860 3605 3933; baseline 0.004 -21"><span class='ocrx_word' id='word_1_614' title='bbox 2023 3860 2173 3915; x_wconf 81' lang='lat' dir='ltr'><strong>tibus</strong></span> <span class='ocrx_word' id='word_1_615' title='bbox 2201 3861 2478 3926; x_wconf 83' lang='lat' dir='ltr'><strong>adversis;</strong></span> <span class='ocrx_word' id='word_1_616' title='bbox 2512 3871 2566 3917; x_wconf 83' lang='lat' dir='ltr'><strong>et</strong></span> <span class='ocrx_word' id='word_1_617' title='bbox 2593 3861 2856 3931; x_wconf 82' lang='lat' dir='ltr'><strong>judicium</strong></span> <span class='ocrx_word' id='word_1_618' title='bbox 2889 3863 3164 3933; x_wconf 78' lang='lat' dir='ltr'><strong>separatio</strong></span> <span class='ocrx_word' id='word_1_619' title='bbox 3190 3871 3274 3918; x_wconf 86' lang='lat' dir='ltr'><strong>est</strong></span> <span class='ocrx_word' id='word_1_620' title='bbox 3305 3864 3506 3918; x_wconf 67' lang='lat' dir='ltr'><strong>animm</strong></span> <span class='ocrx_word' id='word_1_621' title='bbox 3549 3875 3605 3919; x_wconf 88' lang='lat' dir='ltr'><strong>et</strong></span> 
     </span>
    </p>
   </div>
   <div class='ocr_carea' id='block_1_86' title="bbox 2022 3953 3608 4025">
    <p class='ocr_par' dir='ltr' id='par_1_86' title="bbox 2022 3953 3608 4025">
     <span class='ocr_line' id='line_1_86' title="bbox 2022 3953 3608 4025; baseline 0.002 -17"><span class='ocrx_word' id='word_1_622' title='bbox 2022 3953 2274 4022; x_wconf 85' lang='lat' dir='ltr'><strong>corporis</strong></span> <span class='ocrx_word' id='word_1_623' title='bbox 2304 3954 2451 4009; x_wconf 90' lang='lat' dir='ltr'><strong>sicut</strong></span> <span class='ocrx_word' id='word_1_624' title='bbox 2478 3956 2615 4010; x_wconf 90' lang='lat' dir='ltr'><strong>mori</strong></span> <span class='ocrx_word' id='word_1_625' title='bbox 2647 3955 2954 4025; x_wconf 85' lang='lat' dir='ltr'><strong>judicatum</strong></span> <span class='ocrx_word' id='word_1_626' title='bbox 3005 3956 3260 4025; x_wconf 84' lang='lat' dir='ltr'><strong>estquod</strong></span> <span class='ocrx_word' id='word_1_627' title='bbox 3303 3958 3357 4010; x_wconf 92' lang='lat' dir='ltr'><strong>in</strong></span> <span class='ocrx_word' id='word_1_628' title='bbox 3383 3956 3608 4011; x_wconf 85' lang='lat' dir='ltr'><strong>homine</strong></span> 
     </span>
    </p>
   </div>
   <div class='ocr_carea' id='block_1_87' title="bbox 2022 4045 3604 4116">
    <p class='ocr_par' dir='ltr' id='par_1_87' title="bbox 2022 4045 3604 4116">
     <span class='ocr_line' id='line_1_87' title="bbox 2022 4045 3604 4116; baseline -0.001 -15"><span class='ocrx_word' id='word_1_629' title='bbox 2022 4046 2389 4116; x_wconf 82' lang='lat' dir='ltr'><strong>compositum</strong></span> <span class='ocrx_word' id='word_1_630' title='bbox 2419 4054 2524 4102; x_wconf 87' lang='lat' dir='ltr'><strong>est.</strong></span> <span class='ocrx_word' id='word_1_631' title='bbox 2576 4045 2710 4112; x_wconf 66' lang='lat' dir='ltr'><strong>Quae</strong></span> <span class='ocrx_word' id='word_1_632' title='bbox 2761 4047 3040 4116; x_wconf 82' lang='lat' dir='ltr'><strong>separatio</strong></span> <span class='ocrx_word' id='word_1_633' title='bbox 3095 4047 3282 4101; x_wconf 84' lang='lat' dir='ltr'><strong>habita</strong></span> <span class='ocrx_word' id='word_1_634' title='bbox 3331 4055 3415 4100; x_wconf 82' lang='lat' dir='ltr'><strong>est</strong></span> <span class='ocrx_word' id='word_1_635' title='bbox 3463 4059 3604 4115; x_wconf 83' lang='lat' dir='ltr'><strong>opus</strong></span> 
     </span>
    </p>
   </div>
   <div class='ocr_carea' id='block_1_88' title="bbox 2025 4139 3604 4209">
    <p class='ocr_par' dir='ltr' id='par_1_88' title="bbox 2025 4139 3604 4209">
     <span class='ocr_line' id='line_1_88' title="bbox 2025 4139 3604 4209; baseline 0.002 -19"><span class='ocrx_word' id='word_1_636' title='bbox 2025 4139 2421 4209; x_wconf 66' lang='lat' dir='ltr'><strong>philosophiae:</strong></span> <span class='ocrx_word' id='word_1_637' title='bbox 2495 4141 2656 4207; x_wconf 85' lang='lat' dir='ltr'><strong>cujus</strong></span> <span class='ocrx_word' id='word_1_638' title='bbox 2715 4151 2914 4208; x_wconf 79' lang='lat' dir='ltr'><strong>scapus</strong></span> <span class='ocrx_word' id='word_1_639' title='bbox 2971 4147 3100 4191; x_wconf 88' lang='lat' dir='ltr'><strong>tunc</strong></span> <span class='ocrx_word' id='word_1_640' title='bbox 3131 4147 3250 4191; x_wconf 87' lang='lat' dir='ltr'><strong>erat</strong></span> <span class='ocrx_word' id='word_1_641' title='bbox 3297 4151 3501 4208; x_wconf 90' lang='lat' dir='ltr'><strong>corpus</strong></span> <span class='ocrx_word' id='word_1_642' title='bbox 3549 4147 3604 4193; x_wconf 86' lang='lat' dir='ltr'><strong>et</strong></span> 
     </span>
    </p>
   </div>
   <div class='ocr_carea' id='block_1_89' title="bbox 2027 4227 3605 4298">
    <p class='ocr_par' dir='ltr' id='par_1_89' title="bbox 2027 4227 3605 4298">
     <span class='ocr_line' id='line_1_89' title="bbox 2027 4227 3605 4298; baseline -0.003 -13"><span class='ocrx_word' id='word_1_643' title='bbox 2027 4231 2266 4285; x_wconf 78' lang='lat' dir='ltr'><strong>animum</strong></span> <span class='ocrx_word' id='word_1_644' title='bbox 2305 4233 2453 4287; x_wconf 86' lang='lat' dir='ltr'><strong>unita</strong></span> <span class='ocrx_word' id='word_1_645' title='bbox 2485 4231 2751 4295; x_wconf 84' lang='lat' dir='ltr'><strong>dividere,</strong></span> <span class='ocrx_word' id='word_1_646' title='bbox 2791 4237 2849 4284; x_wconf 88' lang='lat' dir='ltr'><strong>et</strong></span> <span class='ocrx_word' id='word_1_647' title='bbox 2905 4230 3102 4283; x_wconf 87' lang='lat' dir='ltr'><strong>iterum</strong></span> <span class='ocrx_word' id='word_1_648' title='bbox 3144 4228 3319 4284; x_wconf 83' lang='lat' dir='ltr'><strong>divisa</strong></span> <span class='ocrx_word' id='word_1_649' title='bbox 3368 4227 3605 4298; x_wconf 80' lang='lat' dir='ltr'><strong>conjun—</strong></span> 
     </span>
    </p>
   </div>
   <div class='ocr_carea' id='block_1_90' title="bbox 2029 4319 3602 4394">
    <p class='ocr_par' dir='ltr' id='par_1_90' title="bbox 2029 4319 3602 4394">
     <span class='ocr_line' id='line_1_90' title="bbox 2029 4319 3602 4394; baseline -0.001 -17"><span class='ocrx_word' id='word_1_650' title='bbox 2029 4337 2191 4394; x_wconf 67' lang='lat' dir='ltr'><strong>gere;</strong></span> <span class='ocrx_word' id='word_1_651' title='bbox 2231 4337 2354 4388; x_wconf 83' lang='lat' dir='ltr'><strong>seu,</strong></span> <span class='ocrx_word' id='word_1_652' title='bbox 2392 4323 2534 4392; x_wconf 88' lang='lat' dir='ltr'><strong>quod</strong></span> <span class='ocrx_word' id='word_1_653' title='bbox 2590 4322 2734 4377; x_wconf 83' lang='lat' dir='ltr'><strong>idem</strong></span> <span class='ocrx_word' id='word_1_654' title='bbox 2767 4329 2872 4386; x_wconf 85' lang='lat' dir='ltr'><strong>est,</strong></span> <span class='ocrx_word' id='word_1_655' title='bbox 2936 4319 3245 4376; x_wconf 81' lang='lat' dir='ltr'><strong>interﬁcere</strong></span> <span class='ocrx_word' id='word_1_656' title='bbox 3295 4321 3441 4392; x_wconf 83' lang='lat' dir='ltr'><strong>quod</strong></span> <span class='ocrx_word' id='word_1_657' title='bbox 3489 4335 3602 4376; x_wconf 83' lang='lat' dir='ltr'><strong>non</strong></span> 
     </span>
    </p>
   </div>
   <div class='ocr_carea' id='block_1_91' title="bbox 341 4401 1914 4501">
    <p class='ocr_par' dir='ltr' id='par_1_91' title="bbox 341 4401 1914 4501">
     <span class='ocr_line' id='line_1_91' title="bbox 341 4401 1914 4501; baseline 0.004 -26"><span class='ocrx_word' id='word_1_658' title='bbox 341 4423 643 4492; x_wconf 75' lang='grc' dir='ltr'>ζωογονεῖν</span> <span class='ocrx_word' id='word_1_659' title='bbox 681 4424 742 4477; x_wconf 66' lang='grc' dir='ltr'>δὲ</span> <span class='ocrx_word' id='word_1_660' title='bbox 779 4426 842 4480; x_wconf 82' lang='grc' dir='ltr'><strong>τὸ</strong></span> <span class='ocrx_word' id='word_1_661' title='bbox 878 4401 1310 4497; x_wconf 79' lang='grc' dir='ltr'>νενεκρωμένον.</span> <span class='ocrx_word' id='word_1_662' title='bbox 1347 4401 1537 4482; x_wconf 67' lang='grc' dir='ltr'>Ταθτα</span> <span class='ocrx_word' id='word_1_663' title='bbox 1574 4429 1632 4482; x_wconf 71' lang='grc' dir='ltr'>δὲ</span> <span class='ocrx_word' id='word_1_664' title='bbox 1662 4401 1914 4501; x_wconf 69' lang='grc' dir='ltr'>μοναχδς.</span> 
     </span>
    </p>
   </div>
   <div class='ocr_carea' id='block_1_92' title="bbox 2022 4401 3607 4501">
    <p class='ocr_par' dir='ltr' id='par_1_92' title="bbox 2033 4412 3607 4479">
     <span class='ocr_line' id='line_1_92' title="bbox 2033 4412 3607 4479; baseline -0.001 -9"><span class='ocrx_word' id='word_1_665' title='bbox 2033 4422 2185 4470; x_wconf 85' lang='lat' dir='ltr'><strong>recte</strong></span> <span class='ocrx_word' id='word_1_666' title='bbox 2227 4413 2467 4479; x_wconf 81' lang='lat' dir='ltr'><strong>vivebat,</strong></span> <span class='ocrx_word' id='word_1_667' title='bbox 2503 4423 2557 4468; x_wconf 87' lang='lat' dir='ltr'><strong>et</strong></span> <span class='ocrx_word' id='word_1_668' title='bbox 2581 4415 2822 4469; x_wconf 82' lang='lat' dir='ltr'><strong>occisum</strong></span> <span class='ocrx_word' id='word_1_669' title='bbox 2862 4412 3222 4468; x_wconf 78' lang='lat' dir='ltr'><strong>reviviticare.</strong></span> <span class='ocrx_word' id='word_1_670' title='bbox 3251 4413 3359 4468; x_wconf 81' lang='lat' dir='ltr'><strong>ista</strong></span> <span class='ocrx_word' id='word_1_671' title='bbox 3409 4429 3607 4468; x_wconf 79' lang='lat' dir='ltr'><strong>mona-</strong></span> 
     </span>
    </p>
   </div>
   <div class='ocr_carea' id='block_1_93' title="bbox 343 4510 1922 4592">
    <p class='ocr_par' dir='ltr' id='par_1_93' title="bbox 343 4510 1922 4592">
     <span class='ocr_line' id='line_1_93' title="bbox 343 4510 1922 4592; baseline 0.002 -21"><span class='ocrx_word' id='word_1_672' title='bbox 343 4511 568 4587; x_wconf 76' lang='grc' dir='ltr'>ιδιάηης</span> <span class='ocrx_word' id='word_1_673' title='bbox 589 4510 734 4571; x_wconf 77' lang='grc' dir='ltr'>εῖναι</span> <span class='ocrx_word' id='word_1_674' title='bbox 759 4517 948 4588; x_wconf 82' lang='grc' dir='ltr'>αὐχῶν</span> <span class='ocrx_word' id='word_1_675' title='bbox 979 4520 1038 4571; x_wconf 80' lang='grc' dir='ltr'>ὲν</span> <span class='ocrx_word' id='word_1_676' title='bbox 1062 4518 1138 4586; x_wconf 84' lang='grc' dir='ltr'>τῷ</span> <span class='ocrx_word' id='word_1_677' title='bbox 1173 4519 1247 4588; x_wconf 86' lang='grc' dir='ltr'>μὴ</span> <span class='ocrx_word' id='word_1_678' title='bbox 1271 4519 1532 4587; x_wconf 84' lang='grc' dir='ltr'>μέλεσθαι</span> <span class='ocrx_word' id='word_1_679' title='bbox 1550 4523 1922 4592; x_wconf 82' lang='grc' dir='ltr'>γραμμάτων,</span> 
     </span>
    </p>
   </div>
   <div class='ocr_carea' id='block_1_94' title="bbox 343 4607 1925 4681">
    <p class='ocr_par' dir='ltr' id='par_1_94' title="bbox 343 4607 1925 4681">
     <span class='ocr_line' id='line_1_94' title="bbox 343 4607 1925 4681; baseline 0.003 -21"><span class='ocrx_word' id='word_1_680' title='bbox 343 4610 444 4660; x_wconf 74' lang='grc' dir='ltr'>καὶ</span> <span class='ocrx_word' id='word_1_681' title='bbox 478 4607 618 4676; x_wconf 69' lang='grc' dir='ltr'>μηδὲ</span> <span class='ocrx_word' id='word_1_682' title='bbox 649 4607 1088 4679; x_wconf 77' lang='grc' dir='ltr'>ἀριστοπραξίας</span> <span class='ocrx_word' id='word_1_683' title='bbox 1118 4608 1541 4679; x_wconf 74' lang='grc' dir='ltr'>ἑλλαμπόμενος</span> <span class='ocrx_word' id='word_1_684' title='bbox 1571 4611 1781 4681; x_wconf 85' lang='grc' dir='ltr'>χάριτι,</span> <span class='ocrx_word' id='word_1_685' title='bbox 1822 4613 1925 4667; x_wconf 78' lang='grc' dir='ltr'>οὐκ</span> 
     </span>
    </p>
   </div>
   <div class='ocr_carea' id='block_1_95' title="bbox 343 4693 1925 4773">
    <p class='ocr_par' dir='ltr' id='par_1_95' title="bbox 343 4693 1925 4773">
     <span class='ocr_line' id='line_1_95' title="bbox 343 4693 1925 4773; baseline 0.004 -22"><span class='ocrx_word' id='word_1_686' title='bbox 343 4693 465 4752; x_wconf 74' lang='grc' dir='ltr'>οἶδα</span> <span class='ocrx_word' id='word_1_687' title='bbox 489 4699 652 4770; x_wconf 77' lang='grc' dir='ltr'>εἴπερ</span> <span class='ocrx_word' id='word_1_688' title='bbox 687 4699 902 4763; x_wconf 76' lang='grc' dir='ltr'>ἀνύσει,</span> <span class='ocrx_word' id='word_1_689' title='bbox 943 4701 1020 4765; x_wconf 77' lang='grc' dir='ltr'>ὡς</span> <span class='ocrx_word' id='word_1_690' title='bbox 1058 4701 1134 4772; x_wconf 79' lang='grc' dir='ltr'>μὴ</span> <span class='ocrx_word' id='word_1_691' title='bbox 1157 4701 1455 4772; x_wconf 79' lang='grc' dir='ltr'>ψεύδεσθαι</span> <span class='ocrx_word' id='word_1_692' title='bbox 1483 4703 1575 4756; x_wconf 82' lang='grc' dir='ltr'><strong>τὸν</strong></span> <span class='ocrx_word' id='word_1_693' title='bbox 1615 4703 1925 4773; x_wconf 81' lang='grc' dir='ltr'>φιλοσόφως</span> 
     </span>
    </p>
   </div>
   <div class='ocr_carea' id='block_1_96' title="bbox 345 4790 1924 4867">
    <p class='ocr_par' dir='ltr' id='par_1_96' title="bbox 345 4790 1924 4867">
     <span class='ocr_line' id='line_1_96' title="bbox 345 4790 1924 4867; baseline 0.003 -23"><span class='ocrx_word' id='word_1_694' title='bbox 345 4790 493 4846; x_wconf 80' lang='grc' dir='ltr'>θεῖον</span> <span class='ocrx_word' id='word_1_695' title='bbox 519 4792 804 4864; x_wconf 75' lang='grc' dir='ltr'>δικαστὴν,</span> <span class='ocrx_word' id='word_1_696' title='bbox 833 4793 893 4856; x_wconf 84' lang='grc' dir='ltr'>ὃς</span> <span class='ocrx_word' id='word_1_697' title='bbox 913 4794 975 4847; x_wconf 87' lang='grc' dir='ltr'>οὐ</span> <span class='ocrx_word' id='word_1_698' title='bbox 1007 4794 1153 4847; x_wconf 82' lang='grc' dir='ltr'>κατὰ</span> <span class='ocrx_word' id='word_1_699' title='bbox 1184 4795 1383 4863; x_wconf 82' lang='grc' dir='ltr'>νόμους</span> <span class='ocrx_word' id='word_1_700' title='bbox 1408 4796 1536 4858; x_wconf 85' lang='grc' dir='ltr'>τοὺς</span> <span class='ocrx_word' id='word_1_701' title='bbox 1559 4796 1736 4866; x_wconf 77' lang='grc' dir='ltr'>χαμαὶ</span> <span class='ocrx_word' id='word_1_702' title='bbox 1761 4812 1924 4867; x_wconf 75' lang='grc' dir='ltr'>συροο</span> 
     </span>
    </p>
   </div>
   <div class='ocr_carea' id='block_1_97' title="bbox 347 4881 1924 4957">
    <p class='ocr_par' dir='ltr' id='par_1_97' title="bbox 347 4881 1924 4957">
     <span class='ocr_line' id='line_1_97' title="bbox 347 4881 1924 4957; baseline 0.004 -23"><span class='ocrx_word' id='word_1_703' title='bbox 347 4881 548 4950; x_wconf 73' lang='grc' dir='ltr'>μένους</span> <span class='ocrx_word' id='word_1_704' title='bbox 577 4882 784 4956; x_wconf 80' lang='grc' dir='ltr'>κρίνει,</span> <span class='ocrx_word' id='word_1_705' title='bbox 805 4885 943 4940; x_wconf 83' lang='grc' dir='ltr'><strong>ἀλλά</strong></span> <span class='ocrx_word' id='word_1_706' title='bbox 957 4886 1083 4948; x_wconf 81' lang='grc' dir='ltr'>τοὺς</span> <span class='ocrx_word' id='word_1_707' title='bbox 1104 4885 1358 4957; x_wconf 85' lang='grc' dir='ltr'>δακτύλῳ</span> <span class='ocrx_word' id='word_1_708' title='bbox 1385 4887 1522 4940; x_wconf 66' lang='grc' dir='ltr'>Θεοῦ</span> <span class='ocrx_word' id='word_1_709' title='bbox 1539 4889 1924 4957; x_wconf 83' lang='grc' dir='ltr'>γραφομένους</span> 
     </span>
    </p>
   </div>
   <div class='ocr_carea' id='block_1_98' title="bbox 343 4974 1923 5050">
    <p class='ocr_par' dir='ltr' id='par_1_98' title="bbox 343 4974 1923 5050">
     <span class='ocr_line' id='line_1_98' title="bbox 343 4974 1923 5050; baseline 0.004 -24"><span class='ocrx_word' id='word_1_710' title='bbox 343 4976 429 5036; x_wconf 69' lang='grc' dir='ltr'><strong>εις</strong></span> <span class='ocrx_word' id='word_1_711' title='bbox 455 4974 705 5043; x_wconf 69' lang='grc' dir='ltr'>’καρδίαν</span> <span class='ocrx_word' id='word_1_712' title='bbox 735 4977 1027 5050; x_wconf 69' lang='grc' dir='ltr'>σαρκίνην,</span> <span class='ocrx_word' id='word_1_713' title='bbox 1059 4976 1310 5032; x_wconf 76' lang='grc' dir='ltr'>εὗεικτον</span> <span class='ocrx_word' id='word_1_714' title='bbox 1347 4977 1469 5048; x_wconf 86' lang='grc' dir='ltr'><strong>Θεῷ</strong></span> <span class='ocrx_word' id='word_1_715' title='bbox 1494 4979 1572 5049; x_wconf 75' lang='grc' dir='ltr'><strong>τῷ</strong></span> <span class='ocrx_word' id='word_1_716' title='bbox 1618 4979 1923 5050; x_wconf 68' lang='grc' dir='ltr'>γράφοντι*</span> 
     </span>
    </p>
   </div>
   <div class='ocr_carea' id='block_1_99' title="bbox 355 5063 1925 5143">
    <p class='ocr_par' dir='ltr' id='par_1_99' title="bbox 355 5063 1925 5143">
     <span class='ocr_line' id='line_1_99' title="bbox 355 5063 1925 5143; baseline 0.005 -25"><span class='ocrx_word' id='word_1_717' title='bbox 355 5065 500 5118; x_wconf 84' lang='grc' dir='ltr'>’Δλλ’</span> <span class='ocrx_word' id='word_1_718' title='bbox 529 5066 764 5120; x_wconf 63' lang='grc' dir='ltr'>ενταῦθα</span> <span class='ocrx_word' id='word_1_719' title='bbox 809 5097 851 5110; x_wconf 88' lang='grc'><strong>-</strong></span> <span class='ocrx_word' id='word_1_720' title='bbox 901 5067 947 5121; x_wconf 80' lang='grc' dir='ltr'><strong>ὣ</strong></span> <span class='ocrx_word' id='word_1_721' title='bbox 975 5063 1091 5122; x_wconf 80' lang='grc' dir='ltr'>οἷον</span> <span class='ocrx_word' id='word_1_722' title='bbox 1119 5071 1298 5141; x_wconf 84' lang='grc' dir='ltr'>κρίμα</span> <span class='ocrx_word' id='word_1_723' title='bbox 1331 5071 1534 5141; x_wconf 83' lang='grc' dir='ltr'>πάσχει</span> <span class='ocrx_word' id='word_1_724' title='bbox 1562 5073 1592 5125; x_wconf 90' lang='lat'><strong>6</strong></span> <span class='ocrx_word' id='word_1_725' title='bbox 1624 5070 1749 5124; x_wconf 83' lang='grc' dir='ltr'>καθ’</span> <span class='ocrx_word' id='word_1_726' title='bbox 1777 5072 1925 5143; x_wconf 82' lang='grc' dir='ltr'>ἡμᾶς</span> 
     </span>
    </p>
   </div>
   <div class='ocr_carea' id='block_1_100' title="bbox 345 5157 1928 5234">
    <p class='ocr_par' dir='ltr' id='par_1_100' title="bbox 345 5157 1928 5234">
     <span class='ocr_line' id='line_1_100' title="bbox 345 5157 1928 5234; baseline 0.006 -25"><span class='ocrx_word' id='word_1_727' title='bbox 345 5161 598 5227; x_wconf 69' lang='grc' dir='ltr'>κριτικὴς</span> <span class='ocrx_word' id='word_1_728' title='bbox 639 5157 862 5229; x_wconf 78' lang='grc' dir='ltr'>ὅμιλοςί</span> <span class='ocrx_word' id='word_1_729' title='bbox 935 5159 1300 5225; x_wconf 68' lang='grc' dir='ltr'>Ἀκούσαντες</span> <span class='ocrx_word' id='word_1_730' title='bbox 1353 5163 1488 5232; x_wconf 76' lang='grc' dir='ltr'>γὰρ,</span> <span class='ocrx_word' id='word_1_731' title='bbox 1541 5163 1604 5217; x_wconf 84' lang='grc' dir='ltr'>οὐ</span> <span class='ocrx_word' id='word_1_732' title='bbox 1665 5161 1775 5234; x_wconf 85' lang='grc' dir='ltr'>μὴν</span> <span class='ocrx_word' id='word_1_733' title='bbox 1829 5166 1928 5218; x_wconf 75' lang='grc' dir='ltr'>καὶ</span> 
     </span>
    </p>
   </div>
   <div class='ocr_carea' id='block_1_101' title="bbox 348 5248 1930 5323">
    <p class='ocr_par' dir='ltr' id='par_1_101' title="bbox 348 5248 1930 5323">
     <span class='ocr_line' id='line_1_101' title="bbox 348 5248 1930 5323; baseline 0.005 -21"><span class='ocrx_word' id='word_1_734' title='bbox 348 5250 763 5320; x_wconf 75' lang='grc' dir='ltr'>μεμαθηκότες,</span> <span class='ocrx_word' id='word_1_735' title='bbox 793 5255 983 5323; x_wconf 73' lang='grc' dir='ltr'>κριταὶ</span> <span class='ocrx_word' id='word_1_736' title='bbox 1010 5248 1176 5319; x_wconf 74' lang='grc' dir='ltr'>εἶναι,</span> <span class='ocrx_word' id='word_1_737' title='bbox 1202 5255 1299 5308; x_wconf 74' lang='grc' dir='ltr'>καὶ</span> <span class='ocrx_word' id='word_1_738' title='bbox 1322 5253 1669 5320; x_wconf 78' lang='grc' dir='ltr'>σπεύδοντες,</span> <span class='ocrx_word' id='word_1_739' title='bbox 1699 5254 1796 5310; x_wconf 80' lang='grc' dir='ltr'>τοῦ</span> <span class='ocrx_word' id='word_1_740' title='bbox 1819 5256 1930 5310; x_wconf 83' lang='grc' dir='ltr'>λοι-</span> 
     </span>
    </p>
   </div>
   <div class='ocr_carea' id='block_1_102' title="bbox 344 5341 1926 5420">
    <p class='ocr_par' dir='ltr' id='par_1_102' title="bbox 344 5341 1926 5420">
     <span class='ocr_line' id='line_1_102' title="bbox 344 5341 1926 5420; baseline 0.005 -26"><span class='ocrx_word' id='word_1_741' title='bbox 344 5341 453 5395; x_wconf 78' lang='grc' dir='ltr'>ποῦ</span> <span class='ocrx_word' id='word_1_742' title='bbox 517 5343 592 5412; x_wconf 82' lang='grc' dir='ltr'>μὴ</span> <span class='ocrx_word' id='word_1_743' title='bbox 651 5341 762 5396; x_wconf 75' lang='lat'><em>61:6</em></span> <span class='ocrx_word' id='word_1_744' title='bbox 791 5345 1012 5414; x_wconf 80' lang='grc' dir='ltr'>κριταῖς</span> <span class='ocrx_word' id='word_1_745' title='bbox 1060 5341 1224 5412; x_wconf 69' lang='grc' dir='ltr'>εἷναι,</span> <span class='ocrx_word' id='word_1_746' title='bbox 1277 5346 1326 5398; x_wconf 77' lang='grc' dir='ltr'>οἱ</span> <span class='ocrx_word' id='word_1_747' title='bbox 1383 5345 1562 5411; x_wconf 76' lang='grc' dir='ltr'>ἄλλως</span> <span class='ocrx_word' id='word_1_748' title='bbox 1608 5347 1926 5420; x_wconf 68' lang='grc' dir='ltr'>ὑποκριταὶ,</span> 
     </span>
    </p>
   </div>
   <div class='ocr_carea' id='block_1_103' title="bbox 349 5435 1929 5514">
    <p class='ocr_par' dir='ltr' id='par_1_103' title="bbox 349 5435 1929 5514">
     <span class='ocr_line' id='line_1_103' title="bbox 349 5435 1929 5514; baseline 0.006 -25"><span class='ocrx_word' id='word_1_749' title='bbox 349 5435 686 5506; x_wconf 79' lang='grc' dir='ltr'>μετάγουσιν</span> <span class='ocrx_word' id='word_1_750' title='bbox 717 5440 946 5503; x_wconf 73' lang='grc' dir='ltr'>ἑαυτοὺς</span> <span class='ocrx_word' id='word_1_751' title='bbox 977 5441 1076 5494; x_wconf 68' lang='grc' dir='ltr'>καὶ</span> <span class='ocrx_word' id='word_1_752' title='bbox 1105 5443 1187 5505; x_wconf 81' lang='grc' dir='ltr'>εἰς</span> <span class='ocrx_word' id='word_1_753' title='bbox 1215 5439 1292 5510; x_wconf 76' lang='grc' dir='ltr'>(εἴ</span> <span class='ocrx_word' id='word_1_754' title='bbox 1313 5457 1366 5494; x_wconf 84' lang='grc' dir='ltr'><strong>τι</strong></span> <span class='ocrx_word' id='word_1_755' title='bbox 1391 5443 1497 5514; x_wconf 79' lang='grc' dir='ltr'><strong>χρὴ</strong></span> <span class='ocrx_word' id='word_1_756' title='bbox 1521 5440 1697 5507; x_wconf 75' lang='grc' dir='ltr'>οὕτως</span> <span class='ocrx_word' id='word_1_757' title='bbox 1727 5443 1929 5514; x_wconf 62' lang='grc' dir='ltr'>ὁνομάυ</span> 
     </span>
    </p>
   </div>
   <div class='ocr_carea' id='block_1_104' title="bbox 349 5529 1928 5606">
    <p class='ocr_par' dir='ltr' id='par_1_104' title="bbox 349 5529 1928 5606">
     <span class='ocr_line' id='line_1_104' title="bbox 349 5529 1928 5606; baseline 0.006 -25"><span class='ocrx_word' id='word_1_758' title='bbox 349 5529 464 5589; x_wconf 57' lang='lat' dir='ltr'><strong>cati</strong></span> <span class='ocrx_word' id='word_1_759' title='bbox 502 5534 868 5604; x_wconf 78' lang='grc' dir='ltr'>κατακριτάς.</span> <span class='ocrx_word' id='word_1_760' title='bbox 919 5533 1130 5588; x_wconf 76' lang='grc' dir='ltr'>Οὔκουν</span> <span class='ocrx_word' id='word_1_761' title='bbox 1161 5533 1383 5588; x_wconf 78' lang='grc' dir='ltr'>ὀκνοῦσι</span> <span class='ocrx_word' id='word_1_762' title='bbox 1420 5536 1776 5606; x_wconf 75' lang='grc' dir='ltr'>κατακρίνειν</span> <span class='ocrx_word' id='word_1_763' title='bbox 1827 5539 1928 5590; x_wconf 71' lang='grc' dir='ltr'>οὐκ</span> 
     </span>
    </p>
   </div>
   <div class='ocr_carea' id='block_1_105' title="bbox 350 5621 1926 5699">
    <p class='ocr_par' dir='ltr' id='par_1_105' title="bbox 350 5621 1926 5699">
     <span class='ocr_line' id='line_1_105' title="bbox 350 5621 1926 5699; baseline 0.005 -25"><span class='ocrx_word' id='word_1_764' title='bbox 350 5621 463 5674; x_wconf 77' lang='grc' dir='ltr'>ἔσθ’</span> <span class='ocrx_word' id='word_1_765' title='bbox 499 5623 687 5678; x_wconf 76' lang='grc' dir='ltr'>ὅντινα</span> <span class='ocrx_word' id='word_1_766' title='bbox 711 5623 800 5690; x_wconf 81' lang='grc' dir='ltr'>οὒ,</span> <span class='ocrx_word' id='word_1_767' title='bbox 834 5624 1282 5697; x_wconf 79' lang='grc' dir='ltr'>παραζηλοῢντος</span> <span class='ocrx_word' id='word_1_768' title='bbox 1336 5625 1570 5679; x_wconf 73' lang='grc' dir='ltr'>ἐνταῦθα</span> <span class='ocrx_word' id='word_1_769' title='bbox 1598 5627 1728 5691; x_wconf 79' lang='grc' dir='ltr'>τοὺς</span> <span class='ocrx_word' id='word_1_770' title='bbox 1757 5628 1926 5699; x_wconf 71' lang='grc' dir='ltr'>ἠξιω-</span> 
     </span>
    </p>
   </div>
   <div class='ocr_carea' id='block_1_106' title="bbox 355 5716 1748 5790">
    <p class='ocr_par' dir='ltr' id='par_1_106' title="bbox 355 5716 1748 5790">
     <span class='ocr_line' id='line_1_106' title="bbox 355 5716 1748 5790; baseline 0.003 -20"><span class='ocrx_word' id='word_1_771' title='bbox 355 5717 558 5786; x_wconf 72' lang='grc' dir='ltr'>μένους</span> <span class='ocrx_word' id='word_1_772' title='bbox 595 5718 780 5788; x_wconf 84' lang='grc' dir='ltr'>κρῖναι</span> <span class='ocrx_word' id='word_1_773' title='bbox 809 5717 908 5782; x_wconf 81' lang='grc' dir='ltr'>τὰς</span> <span class='ocrx_word' id='word_1_774' title='bbox 945 5717 1154 5777; x_wconf 82' lang='grc' dir='ltr'>δώδεκα</span> <span class='ocrx_word' id='word_1_775' title='bbox 1178 5717 1350 5788; x_wconf 78' lang='grc' dir='ltr'>φυλὰς</span> <span class='ocrx_word' id='word_1_776' title='bbox 1375 5716 1470 5773; x_wconf 81' lang='grc' dir='ltr'><strong>τοῦ</strong></span> <span class='ocrx_word' id='word_1_777' title='bbox 1513 5719 1748 5790; x_wconf 79' lang='grc' dir='ltr'>Ἰσραήλ.</span> 
     </span>
    </p>
   </div>
   <div class='ocr_carea' id='block_1_107' title="bbox 2027 4504 3606 4576">
    <p class='ocr_par' dir='ltr' id='par_1_107' title="bbox 2027 4504 3606 4576">
     <span class='ocr_line' id='line_1_107' title="bbox 2027 4504 3606 4576; baseline -0.003 -13"><span class='ocrx_word' id='word_1_778' title='bbox 2027 4504 2192 4568; x_wconf 84' lang='lat' dir='ltr'><strong>chus,</strong></span> <span class='ocrx_word' id='word_1_779' title='bbox 2223 4504 2320 4575; x_wconf 88' lang='lat' dir='ltr'><strong>qui</strong></span> <span class='ocrx_word' id='word_1_780' title='bbox 2357 4505 2428 4560; x_wconf 90' lang='lat' dir='ltr'><strong>de</strong></span> <span class='ocrx_word' id='word_1_781' title='bbox 2449 4504 2801 4575; x_wconf 84' lang='lat' dir='ltr'><strong>simplicitate</strong></span> <span class='ocrx_word' id='word_1_782' title='bbox 2821 4505 3086 4576; x_wconf 67' lang='lat' dir='ltr'><strong>gloriatura</strong></span> <span class='ocrx_word' id='word_1_783' title='bbox 3116 4519 3182 4559; x_wconf 89' lang='lat' dir='ltr'><strong>eo</strong></span> <span class='ocrx_word' id='word_1_784' title='bbox 3202 4505 3351 4574; x_wconf 86' lang='lat' dir='ltr'><strong>quod</strong></span> <span class='ocrx_word' id='word_1_785' title='bbox 3387 4504 3606 4560; x_wconf 70' lang='lat' dir='ltr'><strong>litteras</strong></span> 
     </span>
    </p>
   </div>
   <div class='ocr_carea' id='block_1_108' title="bbox 2028 4595 3600 4668">
    <p class='ocr_par' dir='ltr' id='par_1_108' title="bbox 2028 4595 3600 4668">
     <span class='ocr_line' id='line_1_108' title="bbox 2028 4595 3600 4668; baseline -0.003 -14"><span class='ocrx_word' id='word_1_786' title='bbox 2028 4613 2138 4654; x_wconf 90' lang='lat' dir='ltr'><strong>non</strong></span> <span class='ocrx_word' id='word_1_787' title='bbox 2168 4606 2348 4661; x_wconf 85' lang='lat' dir='ltr'><strong>curet,</strong></span> <span class='ocrx_word' id='word_1_788' title='bbox 2374 4612 2554 4667; x_wconf 87' lang='lat' dir='ltr'><strong>neque</strong></span> <span class='ocrx_word' id='word_1_789' title='bbox 2595 4597 2792 4652; x_wconf 85' lang='lat' dir='ltr'><strong>merito</strong></span> <span class='ocrx_word' id='word_1_790' title='bbox 2843 4611 3026 4651; x_wconf 88' lang='lat' dir='ltr'><strong>rerum</strong></span> <span class='ocrx_word' id='word_1_791' title='bbox 3061 4597 3277 4668; x_wconf 65' lang='lat' dir='ltr'><strong>egregie</strong></span> <span class='ocrx_word' id='word_1_792' title='bbox 3331 4595 3600 4651; x_wconf 80' lang='lat' dir='ltr'><strong>lactat-um</strong></span> 
     </span>
    </p>
   </div>
   <div class='ocr_carea' id='block_1_109' title="bbox 2028 4689 3601 4761">
    <p class='ocr_par' dir='ltr' id='par_1_109' title="bbox 2028 4689 3601 4761">
     <span class='ocr_line' id='line_1_109' title="bbox 2028 4689 3601 4761; baseline -0.002 -13"><span class='ocrx_word' id='word_1_793' title='bbox 2028 4692 2316 4761; x_wconf 74' lang='lat' dir='ltr'><strong>reittlgeat,</strong></span> <span class='ocrx_word' id='word_1_794' title='bbox 2355 4689 2546 4745; x_wconf 88' lang='lat' dir='ltr'><strong>nescio</strong></span> <span class='ocrx_word' id='word_1_795' title='bbox 2577 4697 2761 4744; x_wconf 87' lang='lat' dir='ltr'><strong>utrum</strong></span> <span class='ocrx_word' id='word_1_796' title='bbox 2793 4689 3063 4760; x_wconf 82' lang='lat' dir='ltr'><strong>perﬁciet,</strong></span> <span class='ocrx_word' id='word_1_797' title='bbox 3089 4689 3163 4744; x_wconf 90' lang='lat' dir='ltr'><strong>ita</strong></span> <span class='ocrx_word' id='word_1_798' title='bbox 3193 4699 3256 4744; x_wconf 90' lang='lat' dir='ltr'><strong>ut</strong></span> <span class='ocrx_word' id='word_1_799' title='bbox 3312 4690 3384 4744; x_wconf 85' lang='lat' dir='ltr'><strong>sit</strong></span> <span class='ocrx_word' id='word_1_800' title='bbox 3428 4689 3601 4759; x_wconf 76' lang='lat' dir='ltr'><strong>judex</strong></span> 
     </span>
    </p>
   </div>
   <div class='ocr_carea' id='block_1_110' title="bbox 2027 4781 3602 4854">
    <p class='ocr_par' dir='ltr' id='par_1_110' title="bbox 2027 4781 3602 4854">
     <span class='ocr_line' id='line_1_110' title="bbox 2027 4781 3602 4854; baseline 0.001 -15"><span class='ocrx_word' id='word_1_801' title='bbox 2027 4784 2250 4853; x_wconf 83' lang='lat' dir='ltr'><strong>sapiens</strong></span> <span class='ocrx_word' id='word_1_802' title='bbox 2281 4791 2336 4836; x_wconf 92' lang='lat' dir='ltr'><strong>et</strong></span> <span class='ocrx_word' id='word_1_803' title='bbox 2374 4791 2623 4848; x_wconf 88' lang='lat' dir='ltr'><strong>sanctus,</strong></span> <span class='ocrx_word' id='word_1_804' title='bbox 2654 4797 2761 4838; x_wconf 85' lang='lat' dir='ltr'><strong>non</strong></span> <span class='ocrx_word' id='word_1_805' title='bbox 2791 4783 3045 4853; x_wconf 83' lang='lat' dir='ltr'><strong>judicans</strong></span> <span class='ocrx_word' id='word_1_806' title='bbox 3101 4781 3406 4840; x_wconf 80' lang='lat' dir='ltr'><strong>secundum</strong></span> <span class='ocrx_word' id='word_1_807' title='bbox 3451 4784 3602 4854; x_wconf 78' lang='lat' dir='ltr'><strong>leges</strong></span> 
     </span>
    </p>
   </div>
   <div class='ocr_carea' id='block_1_111' title="bbox 2030 4875 3602 4948">
    <p class='ocr_par' dir='ltr' id='par_1_111' title="bbox 2030 4875 3602 4948">
     <span class='ocr_line' id='line_1_111' title="bbox 2030 4875 3602 4948; baseline 0 -17"><span class='ocrx_word' id='word_1_808' title='bbox 2030 4877 2179 4931; x_wconf 86' lang='lat' dir='ltr'><strong>humi</strong></span> <span class='ocrx_word' id='word_1_809' title='bbox 2211 4884 2489 4946; x_wconf 87' lang='lat' dir='ltr'><strong>repentes,</strong></span> <span class='ocrx_word' id='word_1_810' title='bbox 2520 4875 2617 4931; x_wconf 84' lang='lat' dir='ltr'><strong>sed</strong></span> <span class='ocrx_word' id='word_1_811' title='bbox 2659 4877 2964 4932; x_wconf 78' lang='lat' dir='ltr'><strong>secundum</strong></span> <span class='ocrx_word' id='word_1_812' title='bbox 3018 4877 3256 4948; x_wconf 80' lang='lat' dir='ltr'><strong>scriptas</strong></span> <span class='ocrx_word' id='word_1_813' title='bbox 3285 4875 3456 4946; x_wconf 72' lang='lat' dir='ltr'><strong>digito</strong></span> <span class='ocrx_word' id='word_1_814' title='bbox 3507 4877 3602 4931; x_wconf 86' lang='lat' dir='ltr'><strong>Dei</strong></span> 
     </span>
    </p>
   </div>
   <div class='ocr_carea' id='block_1_112' title="bbox 2029 4967 3598 5038">
    <p class='ocr_par' dir='ltr' id='par_1_112' title="bbox 2029 4967 3598 5038">
     <span class='ocr_line' id='line_1_112' title="bbox 2029 4967 3598 5038; baseline -0.003 -13"><span class='ocrx_word' id='word_1_815' title='bbox 2029 4972 2085 5026; x_wconf 86' lang='lat' dir='ltr'><strong>in</strong></span> <span class='ocrx_word' id='word_1_816' title='bbox 2111 4970 2280 5027; x_wconf 88' lang='lat' dir='ltr'><strong>corde</strong></span> <span class='ocrx_word' id='word_1_817' title='bbox 2307 4971 2542 5038; x_wconf 76' lang='lat' dir='ltr'><strong>carnali,</strong></span> <span class='ocrx_word' id='word_1_818' title='bbox 2575 4980 2629 5026; x_wconf 88' lang='lat' dir='ltr'><strong>et</strong></span> <span class='ocrx_word' id='word_1_819' title='bbox 2658 4971 2822 5026; x_wconf 84' lang='lat' dir='ltr'><strong>simili</strong></span> <span class='ocrx_word' id='word_1_820' title='bbox 2847 4970 2958 5026; x_wconf 88' lang='lat' dir='ltr'><strong>Deo</strong></span> <span class='ocrx_word' id='word_1_821' title='bbox 2982 4970 3269 5026; x_wconf 88' lang='lat' dir='ltr'><strong>scribenti.</strong></span> <span class='ocrx_word' id='word_1_822' title='bbox 3317 4967 3471 5022; x_wconf 87' lang='lat' dir='ltr'><strong>Tunc</strong></span> <span class='ocrx_word' id='word_1_823' title='bbox 3501 4981 3598 5021; x_wconf 81' lang='lat' dir='ltr'><strong>au-</strong></span> 
     </span>
    </p>
   </div>
   <div class='ocr_carea' id='block_1_113' title="bbox 2030 5060 3601 5134">
    <p class='ocr_par' dir='ltr' id='par_1_113' title="bbox 2030 5060 3601 5134">
     <span class='ocr_line' id='line_1_113' title="bbox 2030 5060 3601 5134; baseline -0.004 -15"><span class='ocrx_word' id='word_1_824' title='bbox 2030 5074 2140 5122; x_wconf 88' lang='lat' dir='ltr'><strong>tem</strong></span> <span class='ocrx_word' id='word_1_825' title='bbox 2163 5091 2236 5105; x_wconf 93' lang='lat'><strong>—</strong></span> <span class='ocrx_word' id='word_1_826' title='bbox 2261 5063 2422 5134; x_wconf 85' lang='lat' dir='ltr'><strong>quale</strong></span> <span class='ocrx_word' id='word_1_827' title='bbox 2443 5063 2714 5134; x_wconf 83' lang='lat' dir='ltr'><strong>judicium</strong></span> <span class='ocrx_word' id='word_1_828' title='bbox 2740 5061 2985 5132; x_wconf 76' lang='lat' dir='ltr'><strong>proferet</strong></span> <span class='ocrx_word' id='word_1_829' title='bbox 3029 5060 3321 5118; x_wconf 76' lang='lat' dir='ltr'><strong>multitudo</strong></span> <span class='ocrx_word' id='word_1_830' title='bbox 3355 5061 3601 5131; x_wconf 87' lang='lat' dir='ltr'><strong>judicum</strong></span> 
     </span>
    </p>
   </div>
   <div class='ocr_carea' id='block_1_114' title="bbox 2029 5150 3606 5226">
    <p class='ocr_par' dir='ltr' id='par_1_114' title="bbox 2029 5150 3606 5226">
     <span class='ocr_line' id='line_1_114' title="bbox 2029 5150 3606 5226; baseline -0.006 -16"><span class='ocrx_word' id='word_1_831' title='bbox 2029 5155 2176 5226; x_wconf 81' lang='lat' dir='ltr'><strong>apud</strong></span> <span class='ocrx_word' id='word_1_832' title='bbox 2205 5155 2340 5211; x_wconf 76' lang='lat' dir='ltr'><strong>nos!</strong></span> <span class='ocrx_word' id='word_1_833' title='bbox 2368 5153 2474 5221; x_wconf 85' lang='lat' dir='ltr'><strong>Qui</strong></span> <span class='ocrx_word' id='word_1_834' title='bbox 2502 5170 2626 5209; x_wconf 86' lang='lat' dir='ltr'><strong>cum</strong></span> <span class='ocrx_word' id='word_1_835' title='bbox 2660 5153 2966 5218; x_wconf 69' lang='lat' dir='ltr'><strong>audissent,</strong></span> <span class='ocrx_word' id='word_1_836' title='bbox 3013 5166 3127 5208; x_wconf 85' lang='lat' dir='ltr'><strong>non</strong></span> <span class='ocrx_word' id='word_1_837' title='bbox 3185 5150 3499 5206; x_wconf 79' lang='lat' dir='ltr'><strong>didicerunt</strong></span> <span class='ocrx_word' id='word_1_838' title='bbox 3542 5161 3606 5202; x_wconf 86' lang='lat' dir='ltr'><strong>se</strong></span> 
     </span>
    </p>
   </div>
   <div class='ocr_carea' id='block_1_115' title="bbox 2027 5241 3609 5320">
    <p class='ocr_par' dir='ltr' id='par_1_115' title="bbox 2027 5241 3609 5320">
     <span class='ocr_line' id='line_1_115' title="bbox 2027 5241 3609 5320; baseline -0.006 -17"><span class='ocrx_word' id='word_1_839' title='bbox 2027 5247 2250 5320; x_wconf 75' lang='lat' dir='ltr'><strong>iudices</strong></span> <span class='ocrx_word' id='word_1_840' title='bbox 2289 5262 2434 5311; x_wconf 84' lang='lat' dir='ltr'><strong>esse,</strong></span> <span class='ocrx_word' id='word_1_841' title='bbox 2489 5255 2546 5301; x_wconf 86' lang='lat' dir='ltr'><strong>et</strong></span> <span class='ocrx_word' id='word_1_842' title='bbox 2595 5247 2843 5301; x_wconf 81' lang='lat' dir='ltr'><strong>nitentes</strong></span> <span class='ocrx_word' id='word_1_843' title='bbox 2881 5243 2985 5300; x_wconf 86' lang='lat' dir='ltr'><strong>sub</strong></span> <span class='ocrx_word' id='word_1_844' title='bbox 3013 5241 3293 5314; x_wconf 75' lang='lat' dir='ltr'><strong>iudicibus</strong></span> <span class='ocrx_word' id='word_1_845' title='bbox 3346 5252 3452 5292; x_wconf 84' lang='lat' dir='ltr'><strong>non</strong></span> <span class='ocrx_word' id='word_1_846' title='bbox 3482 5252 3609 5293; x_wconf 71' lang='lat' dir='ltr'><strong>esse</strong></span> 
     </span>
    </p>
   </div>
   <div class='ocr_carea' id='block_1_116' title="bbox 2031 5330 3606 5411">
    <p class='ocr_par' dir='ltr' id='par_1_116' title="bbox 2031 5330 3606 5411">
     <span class='ocr_line' id='line_1_116' title="bbox 2031 5330 3606 5411; baseline -0.008 -16"><span class='ocrx_word' id='word_1_847' title='bbox 2031 5341 2291 5411; x_wconf 82' lang='lat' dir='ltr'><strong>amplius,</strong></span> <span class='ocrx_word' id='word_1_848' title='bbox 2328 5340 2430 5410; x_wconf 79' lang='lat' dir='ltr'><strong>ipsi</strong></span> <span class='ocrx_word' id='word_1_849' title='bbox 2474 5339 2634 5394; x_wconf 87' lang='lat' dir='ltr'><strong>aliter</strong></span> <span class='ocrx_word' id='word_1_850' title='bbox 2657 5337 2972 5410; x_wconf 55' lang='lat' dir='ltr'><strong>hypocrita),</strong></span> <span class='ocrx_word' id='word_1_851' title='bbox 3011 5336 3223 5404; x_wconf 78' lang='lat' dir='ltr'><strong>seipsos</strong></span> <span class='ocrx_word' id='word_1_852' title='bbox 3255 5332 3309 5385; x_wconf 86' lang='lat' dir='ltr'><strong>in</strong></span> <span class='ocrx_word' id='word_1_853' title='bbox 3336 5330 3606 5386; x_wconf 83' lang='lat' dir='ltr'><strong>condem-</strong></span> 
     </span>
    </p>
   </div>
   <div class='ocr_carea' id='block_1_117' title="bbox 2033 5421 3606 5504">
    <p class='ocr_par' dir='ltr' id='par_1_117' title="bbox 2033 5421 3606 5504">
     <span class='ocr_line' id='line_1_117' title="bbox 2033 5421 3606 5504; baseline -0.009 -15"><span class='ocrx_word' id='word_1_854' title='bbox 2033 5443 2258 5488; x_wconf 83' lang='lat' dir='ltr'><strong>natores</strong></span> <span class='ocrx_word' id='word_1_855' title='bbox 2288 5433 2307 5504; x_wconf 91' lang='lat'><strong>(</strong></span> <span class='ocrx_word' id='word_1_856' title='bbox 2368 5433 2413 5486; x_wconf 80' lang='lat' dir='ltr'><strong>si</strong></span> <span class='ocrx_word' id='word_1_857' title='bbox 2449 5431 2523 5485; x_wconf 88' lang='lat' dir='ltr'><strong>ita</strong></span> <span class='ocrx_word' id='word_1_858' title='bbox 2573 5443 2772 5484; x_wconf 83' lang='lat' dir='ltr'><strong>vocare</strong></span> <span class='ocrx_word' id='word_1_859' title='bbox 2822 5428 2948 5482; x_wconf 89' lang='lat' dir='ltr'><strong>licet</strong></span> <span class='ocrx_word' id='word_1_860' title='bbox 2980 5425 3000 5495; x_wconf 94' lang='lat'><strong>)</strong></span> <span class='ocrx_word' id='word_1_861' title='bbox 3033 5431 3372 5495; x_wconf 86' lang='lat' dir='ltr'><strong>permutant.</strong></span> <span class='ocrx_word' id='word_1_862' title='bbox 3404 5421 3606 5489; x_wconf 76' lang='lat' dir='ltr'><strong>Quem-</strong></span> 
     </span>
    </p>
   </div>
   <div class='ocr_carea' id='block_1_118' title="bbox 2036 5515 3605 5585">
    <p class='ocr_par' dir='ltr' id='par_1_118' title="bbox 2036 5515 3605 5585">
     <span class='ocr_line' id='line_1_118' title="bbox 2036 5515 3605 5585; baseline -0.008 -5"><span class='ocrx_word' id='word_1_863' title='bbox 2036 5527 2171 5580; x_wconf 83' lang='lat' dir='ltr'><strong>libet</strong></span> <span class='ocrx_word' id='word_1_864' title='bbox 2195 5525 2566 5580; x_wconf 81' lang='lat' dir='ltr'><strong>condemnare</strong></span> <span class='ocrx_word' id='word_1_865' title='bbox 2626 5535 2731 5575; x_wconf 79' lang='lat' dir='ltr'><strong>non</strong></span> <span class='ocrx_word' id='word_1_866' title='bbox 2784 5528 3066 5581; x_wconf 74' lang='lat' dir='ltr'><strong>verentur,</strong></span> <span class='ocrx_word' id='word_1_867' title='bbox 3097 5515 3164 5571; x_wconf 86' lang='lat' dir='ltr'><strong>ad</strong></span> <span class='ocrx_word' id='word_1_868' title='bbox 3202 5515 3481 5585; x_wconf 66' lang='lat' dir='ltr'><strong>exemplar</strong></span> <span class='ocrx_word' id='word_1_869' title='bbox 3506 5527 3605 5568; x_wconf 86' lang='lat' dir='ltr'><strong>eo-</strong></span> 
     </span>
    </p>
   </div>
   <div class='ocr_carea' id='block_1_119' title="bbox 2039 5605 3606 5689">
    <p class='ocr_par' dir='ltr' id='par_1_119' title="bbox 2039 5605 3606 5689">
     <span class='ocr_line' id='line_1_119' title="bbox 2039 5605 3606 5689; baseline -0.006 -14"><span class='ocrx_word' id='word_1_870' title='bbox 2039 5635 2156 5675; x_wconf 78' lang='lat' dir='ltr'><strong>rum</strong></span> <span class='ocrx_word' id='word_1_871' title='bbox 2211 5619 2302 5689; x_wconf 89' lang='lat' dir='ltr'><strong>qui</strong></span> <span class='ocrx_word' id='word_1_872' title='bbox 2357 5618 2507 5685; x_wconf 75' lang='lat' dir='ltr'><strong>digni</strong></span> <span class='ocrx_word' id='word_1_873' title='bbox 2564 5615 2731 5671; x_wconf 87' lang='lat' dir='ltr'><strong>habiti</strong></span> <span class='ocrx_word' id='word_1_874' title='bbox 2781 5624 2911 5670; x_wconf 83' lang='lat' dir='ltr'><strong>sunt</strong></span> <span class='ocrx_word' id='word_1_875' title='bbox 2975 5619 3036 5669; x_wconf 83' lang='lat' dir='ltr'><strong>ut</strong></span> <span class='ocrx_word' id='word_1_876' title='bbox 3080 5608 3372 5666; x_wconf 77' lang='lat' dir='ltr'><strong>duodecim</strong></span> <span class='ocrx_word' id='word_1_877' title='bbox 3431 5605 3606 5665; x_wconf 69' lang='lat' dir='ltr'><strong>tribu</strong></span> 
     </span>
    </p>
   </div>
   <div class='ocr_carea' id='block_1_120' title="bbox 2038 5709 2497 5782">
    <p class='ocr_par' dir='ltr' id='par_1_120' title="bbox 2038 5709 2497 5782">
     <span class='ocr_line' id='line_1_120' title="bbox 2038 5709 2497 5782; baseline -0.017 -13"><span class='ocrx_word' id='word_1_878' title='bbox 2038 5710 2206 5771; x_wconf 84' lang='lat' dir='ltr'><strong>Israel</strong></span> <span class='ocrx_word' id='word_1_879' title='bbox 2232 5709 2497 5782; x_wconf 86' lang='lat' dir='ltr'><strong>judicent.</strong></span> 
     </span>
    </p>
   </div>
  </div>
