3992 6240
393 212 503 295 839
1098 207 1454 271 EUSTATII
1469 206 1527 266 ΙΙ
1563 201 2329 267 THESSALONICENSIS
2358 198 2933 264 METROPOLITIE
3534 196 3637 257 8ίο

470 327 597 391 1⁸52,
627 324 732 381 Sed
764 325 870 380 hoc
898 325 1091 380 melius
1122 322 1419 378 ostendi-nt
1462 320 1625 375 verba
1651 318 1961 389 sequentia.
1994 323 2012 379 1

2138 314 2274 388 ρλβ’.
2313 317 2479 370 Ἀλλὰ
2503 315 2662 371 τοῦτο
2686 315 2787 384 μὲν
2803 316 2832 367 6
2856 313 3015 381 λόγος
3034 308 3390 372 ύτεοκαταδάς
3414 309 3659 377 ἐκφανεί-

396 420 508 477 Nos
540 427 719 474 autem
776 434 971 473 rursus
1010 415 1284 489 preposita
1317 415 1498 485 regula
1530 412 1873 474 monachica,
1898 411 1965 467 de

2114 409 2406 479 ιφέστερον
2428 424 2441 439 ⁸
2479 409 2641 478 ἡμεῖς
2664 407 2723 461 δὲ
2752 406 2848 458 τοῦ
2882 401 3185 475 μοναχικοῦ
3216 402 3504 471 γενόμενοι
3536 406 3645 454 πᾶς

401 510 602 567 mundo
655 525 779 565 csse
842 510 1168 563 monachum
1222 506 1477 567 dicimus,
1532 512 1583 558 et
1629 504 1749 556 idco
1799 515 1965 571 supra

2114 520 2153 555 LV
2193 502 2349 574 ὅρου,
2386 500 2565 570 φαμὲν
2613 498 2708 553 καὶ
2744 498 2828 552 ὅτι
2861 497 3073 565 κόσμου
3118 495 3270 547 ἐστὶν
3310 494 3339 547 6
3374 492 3648 562 μοναχός·

404 603 689 657 mundum.
726 603 782 656 Si
819 611 1000 656 autem
1037 601 1202 655 rebus
1237 597 1528 654 mundanis
1553 596 1774 667 proprie
1829 594 1968 648 assi-

2114 596 2150 649 .6
2182 595 2275 649 καὶ
2307 592 2703 663 ύπερκόσμιος.
2729 591 2793 645 Ei
2817 589 2873 642 δὲ
2900 591 3016 651 τοῖς
3042 587 3138 640 τοῦ
3169 585 3378 656 κόσμου
3409 602 3650 638 συναναι-

404 694 645 759 ιιιῐιηιυτ,
684 710 791 763 quo
818 695 976 748 modo
1012 709 1137 747 vere
1176 706 1340 761 supra
1392 689 1652 744 mundum
1713 685 1970 741 dicetur?

2114 686 2376 758 ρὼννυται
2414 685 2724 749 ἰδιωτικῶς,
2759 684 2878 747 πῶς
2910 683 2977 737 ἂν
3004 680 3064 734 τὸ
3103 679 3484 749 ὑπερκόσμιον
3510 678 3651 731 ὲπα-

403 786 468 841 Et
510 802 616 856 qua
654 786 867 840 ratione
903 787 996 855 qui
1028 801 1190 855 supra
1224 782 1486 838 mundum
1523 789 1627 845 est,
1680 788 1736 834 ct
1766 779 1970 835 mundo

2114 781 2329 851 ηθεύσοι
2364 779 2553 849 αὐτῷς
2587 778 2712 842 Πῶς
2745 777 2805 831 δὲ
2847 777 2876 829 6
2917 776 3060 845 ὑπὲρ
3092 773 3185 826 τὸν
3220 771 3433 840 κόσμον
3463 772 3653 838 δεόεη-

407 877 585 932 adhuc
617 877 843 946 indiget,
880 877 993 946 ipse
1033 876 1272 931 ludibrio
1302 891 1407 929 non
1449 873 1593 929 erit?
1627 872 1756 926 Tale
1784 878 1871 927 est
1903 870 1971 925 ad

2114 875 2239 938 ,ἑνος
2293 872 2499 942 κόσμου
2548 870 2643 925 καὶ
2688 869 2853 931 αὐτὸς
2897 868 2998 922 οὐκ
3049 865 3115 920 ἂν
3163 866 3382 936 ὀφλήσῃ
3411 866 3651 935 ,γέλωη

404 969 810 1040 corripiendum
830 970 914 1023 ubi
937 968 1139 1023 mundo
1161 967 1467 1023 mundanus
1482 966 1702 1035 indiget,
1720 963 1875 1034 quasi
1890 962 1975 1018 sal

2114 969 2305 1036 Ομοιον
2329 969 2436 1034 γάρ
2463 981 2516 1016 τι
2539 962 2677 1033 πρὸς
2715 960 2951 1032 μέμψιν,
2987 960 3036 1011 εί
3079 959 3290 1028 κόσμου
3322 956 3655 1028 προσδέεται

405 1062 519 1117 sale
536 1061 803 1115 infatuato
825 1062 1092 1133 indigens.
1113 1059 1434 1114 Monachum
1459 1065 1664 1121 autem,
1683 1066 1972 1112 utomnetn

2164 1062 2431 1128 κόσμιος,
2462 1056 2539 1120 ὡς
2600 1057 2650 1109 εί
2700 1053 2797 1108 καὶ
2838 1053 2901 1105 τὸ
2942 1051 3077 1114 ἃλας
3116 1050 3375 1119 νοστίμου
3432 1048 3656 1110 ᾶλατος.

411 1154 712 1221 hominem,
768 1158 906 1208 ratio
939 1163 1208 1219 exornat;
1242 1152 1534 1223 quterenda
1576 1160 1660 1207 est
1706 1164 1837 1219 ergo
1877 1148 1974 1203 tibi

2114 1154 2292 1224 ἱοσμεῖ
2319 1151 2377 1205 δὲ
2412 1149 2677 1222 μοναχὸν.
2718 1146 2907 1217 ὥσπερ
2938 1146 3040 1199 καὶ
3067 1145 3251 1198 πάντα
3281 1142 3598 1212 ἄνθρωπον,
3631 1142 3662 1193 6

414 1247 581 1308 ratio,
619 1262 651 1301 ο
684 1247 1228 1318 magniﬁcentissime
1263 1262 1327 1300 ex
1395 1260 1591 1315 magno
1651 1244 1857 1308 habitu,
1919 1249 1983 1297 ut

2114 1248 2260 1316 όγος.
2309 1241 2722 1299 Μετελευστέον
2767 1258 2851 1294 σοι
2898 1238 3011 1310 ἄρα
3043 1237 3140 1291 τὸν
3191 1236 3374 1304 λόγον,
3409 1228 3455 1288 ὦ
3484 1234 3573 1286 διὰ
3601 1233 3663 1285 τὸ

414 1355 510 1408 per
552 1355 669 1393 eam
710 1340 811 1395 llas
854 1341 1120 1394 ornatior.
1171 1335 1813 1405 Quetnodmodnmcnim
1871 1334 1977 1388 alia

2114 1339 2512 1408 ιεγαλόσχημον
2557 1333 3062 1405 εὗσχημονέστατε,
3122 1330 3210 1384 ἵνα
3262 1327 3330 1382 δι’
3368 1327 3535 1381 αὐτοῦ
3568 1327 3666 1378 ἐπὶ

414 1432 659 1502 quaedam
699 1430 822 1487 aliis
849 1432 1172 1502 corporibus
1220 1439 1273 1486 et
1306 1431 1492 1492 rebus,
1530 1430 1611 1484 sic
1665 1429 1802 1482 ordo
1849 1427 1982 1483 viris

2114 1435 2249 1489 πλέον
2281 1433 2397 1503 εἴης
2421 1429 2856 1500 κοσμικώτερος.
2891 1427 3108 1494 Κόσμος
3132 1422 3239 1492 γὰρ
3260 1421 3452 1489 ὥσπερ
3481 1419 3669 1481 ἄλλοις

419 1528 587 1588 reris,
621 1523 762 1580 inter
798 1541 934 1594 quos
966 1534 1048 1578 est
1098 1539 1259 1578 verus
1291 1524 1620 1588 monachus,
1653 1521 1789 1575 nihil
1836 1519 1982 1575 aliud

2118 1527 2194 1581 ῶν
2221 1526 2493 1596 σωμάτων
2523 1524 2620 1578 καὶ
2651 1522 2762 1576 τῶν
2807 1519 3154 1591 πραγμάτων
3183 1516 3320 1571 ἄλλα
3346 1514 3492 1574 τινὰ.
3519 1513 3669 1567 οὔτω

414 1629 496 1672 est
528 1631 693 1688 atque
718 1618 857 1672 ratio
886 1633 1009 1671 cum
1045 1617 1245 1670 virtute
1270 1617 1470 1679 activa,
1503 1631 1532 1670 e
1575 1629 1678 1684 qua
1711 1613 1805 1683 qtti
1835 1613 1982 1669 exci—

413 1709 542 1765 ἀίειί
573 1726 603 1763 a
640 1710 928 1779 principio,
957 1710 1048 1778 qui
1074 1709 1286 1763 litteras
1315 1719 1371 1761 et
1393 1707 1666 1762 actionem
1713 1706 1933 1775 ignoras
1959 1743 1976 1769 .

419 1817 539 1857 ama
565 1801 804 1856 secundo
833 1802 953 1855 loco
986 1800 1238 1857 homines
1265 1800 1360 1854 tibi
1421 1798 1734 1853 dissimiles.
1792 1796 1857 1851 Et
1907 1796 1992 1851 sic

418 1908 538 1952 esto
564 1896 748 1965 aliquo
778 1896 938 1950 modo
979 1897 1104 1965 ipse
1154 1895 1373 1965 sapiens
1405 1893 1676 1964 (quaedam
1725 1891 1993 1959 sapientia

419 1997 506 2044 est
533 1988 678 2044 enim
710 1989 988 2058 sapientes
1019 1986 1290 2059 diligere),
1330 2001 1534 2056 eosque
1555 1987 1783 2040 nimium
1815 1991 1869 2038 et
1893 1983 1994 2037 int-

423 2080 689 2155 pndenter
710 2096 779 2136 ne
797 2091 1140 2145 contemnas,
1172 2096 1270 2151 pro
1289 2080 1527 2135 maxima
1555 2078 1755 2147 injuria
1778 2077 1996 2133 nomine

425 2172 650 2227 litterati
683 2181 931 2243 accepto.
960 2173 1042 2227 Tu
1077 2187 1207 2231 vero
1244 2173 1289 2229 si
1320 2172 1483 2227 homo
1507 2171 1718 2242 peritus
1774 2184 1884 2224 non
1911 2182 1993 2234 es,

422 2279 600 2333 neque
631 2264 765 2320 tales
796 2280 969 2329 amas,
1008 2264 1088 2320 sic
1140 2280 1241 2320 nec
1274 2264 1503 2335 gloriam
1529 2277 1596 2318 ex
1646 2262 1862 2317 actibus
1906 2274 2001 2313 ac-

424 2357 619 2425 cepisti
648 2375 663 2412 :
708 2358 888 2426 cegita
912 2372 1150 2427 quonam
1178 2358 1231 2412 in
1258 2357 1378 2411 loco
1409 2356 1552 2411 inter
1576 2355 1828 2411 homines
1847 2352 1997 2408 ordi¢

430 2458 591 2503 natus
617 2450 712 2504 sis.
739 2448 859 2504 Non
902 2449 1148 2520 profecto
1189 2449 1335 2504 inter
1371 2447 1676 2505 laudabiles
1720 2446 1830 2517 (ne
1867 2441 2000 2514 quid

431 2542 680 2597 acerbius
727 2540 903 2597 dicam
928 2540 971 2614 ),
1009 2544 1111 2597 hoc
1163 2549 1343 2596 autem
1385 2556 1493 2595 non
1528 2553 1729 2594 novum
1760 2545 1844 2593 est
1879 2550 2001 2590 om-

432 2638 565 2689 nino
603 2635 880 2690 hominem
916 2634 1075 2689 nihili
1134 2634 1420 2704 superbire
1474 2639 1698 2704 propter
1759 2644 2001 2686 amorem

433 2729 517 2785 sui
586 2728 801 2800 ipsius,
869 2743 1045 2798 quem-
1112 2727 1392 2799 plerisque
1457 2724 1741 2781 hominum
1808 2731 2003 2779 natura

434 2824 656 2880 indidit.

2017 1663 2060 1718 Β

2087 1621 2184 1675 καὶ
2211 1618 2486 1690 ἀνθρώπῳ
2516 1616 2596 1686 τῷ
2625 1613 2855 1685 κυρίως,
2886 1606 2948 1666 οὗ
2995 1610 3163 1683 μέρος
3199 1611 3294 1662 καὶ
3323 1610 3352 1662 6
3386 1605 3514 1661 κατ’
3537 1604 3673 1671 ἁλή-

2094 1714 2248 1769 θειαν
2275 1709 2532 1783 μοναχδς,
2549 1707 2703 1761 οὐδὲν
2724 1705 2854 1762 ἄλλο
2875 1705 2907 1774 ἢ
2930 1705 3112 1772 λόγος,
3130 1704 3159 1755 ὀ
3181 1699 3321 1771 μετά
3340 1698 3672 1769 ὲμπράκτου

2093 1809 2299 1879 ἀρετῆς
2319 1822 2332 1836 ·
2358 1798 2534 1872 οὗπερ
2560 1801 2846 1855 ἐκπίπτων
2864 1799 2931 1851 σὺ
2956 1799 3054 1866 τὴν
3074 1795 3272 1867 ἀρχὴν,
3289 1795 3317 1846 6
3341 1793 3437 1846 καὶ
3452 1792 3676 1860 ἀγράμ-

2098 1916 2269 1971 ματος
2319 1899 2415 1952 καὶ
2442 1894 2569 1950 οὐδὲ
2606 1891 2938 1964 πρακτικὸς,
2975 1889 3166 1957 ἀγάπα
3222 1886 3465 1954 δευτέρῳ
3524 1883 3673 1953 λόγῳ

2094 1990 2220 2054 τοὺς
2257 1988 2333 2060 μὴ
2359 1985 2502 2042 κατὰ
2527 1984 2612 2039 σέ.
2644 1983 2756 2037 Καὶ
2770 1981 2916 2035 οὕτω
2948 1981 3100 2047 γίνου
3126 1978 3328 2047 τρόπον
3354 1975 3482 2028 τινὰ
3505 1973 3674 2041 σοφὸς

2095 2083 2195 2139 καὶ
2216 2081 2379 2144 αὐτός
2399 2078 2589 2150 (σοφία
2613 2077 2724 2146 γάρ
2740 2092 2827 2138 τις
2867 2073 3046 2127 καὶτὸ
3070 2071 3247 2140 φιλεῖν
3268 2070 3398 2132 τοὺς
3427 2067 3675 2136 σοφοὺς),

2096 2174 2195 2231 καὶ
2247 2173 2324 2246 μὴ
2377 2168 2651 2236 ὲξουθένει
2696 2166 2896 2239 ἀνέδην
2939 2165 3035 2219 καὶ
3073 2160 3585 2232 ἀπαρακαλύπτως,
3619 2160 3680 2210 ὲν

2099 2262 2257 2338 ὕϐρει
2280 2263 2519 2336 μεγίστῃ
2544 2259 2719 2324 τιθεὶς
2742 2259 2805 2314 τὸ
2837 2277 2857 2311 ι
2892 2254 3277 2327 γραμματικέ.
3310 2270 3328 2304 ι
3362 2253 3424 2305 El
3447 2251 3507 2305 δὲ
3536 2251 3679 2322 μήτε

2103 2363 2168 2416 σὺ
2202 2358 2473 2430 ὲρμαῖκὸς
2506 2356 2795 2428 ἄνθρωπος
2826 2348 2897 2417 εἴ,
2925 2352 3062 2423 μήτε
3091 2350 3311 2419 ἀγαπᾷς
3342 2348 3471 2404 τοὺς
3498 2344 3681 2398 toto-3-

2099 2473 2248 2519 τους,
2271 2454 2365 2508 καὶ
2387 2452 2509 2506 οὐδὲ
2535 2449 2595 2503 τὸ
2625 2450 2689 2503 ὲκ
2707 2447 2816 2501 τῶν
2839 2443 3094 2516 πράξεων
3112 2442 3258 2511 Εχεις
3278 2439 3678 2508 ὲπικόσμημα·

2104 2550 2169 2605 σὺ
2199 2549 2363 2611 αὐτὸς
2393 2546 2635 2615 λόγισαι,
2664 2541 2827 2604 ποίας
2860 2538 3068 2604 τάξεως
3102 2537 3159 2590 ὲν
3185 2533 3502 2604 ἀνθρώποις
3533 2528 3682 2583 εἷναι

2103 2642 2433 2712 τετύχηκας.
2478 2640 2601 2692 Ὅτι
2638 2633 2841 2706 δηλαδὴ
2873 2633 2936 2687 οὐ
2981 2631 3082 2701 τὴς
3129 2630 3537 2698 ἐπαινουμένης
3569 2624 3682 2693 (ἵνα

2108 2738 2184 2810 μή
2223 2753 2277 2789 τι
2322 2733 2663 2804 τραχύτερον
2699 2727 2886 2796 εἴπω),
2926 2724 3064 2779 ἀλλὰ
3107 2723 3267 2777 τοῦτο
3309 2722 3411 2792 μὲν
3446 2720 3511 2773 ού
3558 2716 3682 2771 λίαν

2104 2831 2247 2884 πάνυ
2272 2826 2482 2889 καινὸν,
2504 2827 2553 2876 εί
2580 2822 2747 2893 μηδὲν
2777 2820 2853 2875 ὢν
2873 2815 3178 2887 ἀλαζονεύῃ
3201 2815 3291 2868 διὰ
3309 2813 3370 2867 τὸ
3396 2810 3680 2881 φίλαυτον,

2103 2919 2133 2973 6
2157 2921 2271 2981 τοῖς
2302 2916 2515 2970 πλείοσι
2540 2913 2657 2968 τῶν
2683 2909 2995 2982 ἀνθρώπιον
3026 2906 3420 2978 παραπᾶφυκε.
3532 2902 3534 2904 ⁷

507 3028 630 3084 155.
658 3025 898 3082 Credere
923 3039 1091 3097 porro
1114 3038 1179 3079 ac
1197 3024 1526 3094 persuasum
1556 3019 1763 3076 habere
1791 3018 2003 3075 nullum

2184 3005 2320 3079 ρλγῆ
2356 3005 2431 3059 Τὸ
2464 3005 2520 3058 δὲ
2561 3004 2654 3057 καὶ
2687 3002 2763 3072 μὴ
2798 3000 3068 3069 νομίζειν,
3103 2996 3241 3050 ἀλλὰ
3267 2992 3481 3065 κρίνειν
3510 2991 3589 3054 ὥς
3626 2991 3685 3043 ἐν

437 3122 606 3176 alium
627 3119 725 3175 tibi
743 3131 1024 3190 pra-stare,
1039 3118 1136 3173 sed
1157 3117 1250 3171 tibi
1273 3116 1452 3187 primo
1469 3115 1678 3169 nullum
1698 3113 2006 3170 secundum

439 3230 582 3280 esse,
610 3215 756 3270 istud
789 3211 1119 3282 arrogantiae
1156 3208 1244 3264 cui
1280 3207 1508 3262 insaniae
1545 3208 1842 3262 attribuam
1863 3206 1886 3261 ’ί
1911 3204 2011 3261 Vir

437 3309 585 3363 enim
601 3314 764 3362 nauta
783 3302 1154 3368 solummodo,
1171 3299 1575 3356 ordinationem
1598 3299 1880 3354 exercitus
1901 3313 2009 3352 non

438 3398 743 3470 praesumit,
758 3405 814 3451 et
833 3396 916 3451 vir
939 3408 1218 3449 armorum
1238 3392 1492 3448 nauticus
1516 3390 1623 3446 dici
1645 3399 1862 3446 veretur
1880 3389 2010 3459 ;qui

441 3490 589 3560 agris
626 3487 943 3545 excolendis
957 3494 1042 3541 est
1072 3485 1353 3543 addictus.
1378 3492 1552 3539 artem
1571 3481 1877 3538 adiﬁcandi
1903 3495 2012 3536 non

441 3584 642 3655 iactat;
701 3582 906 3652 quique
960 3579 1218 3645 aediﬁcat,
1259 3581 1509 3648 ignarum
1570 3576 1918 3648 agricultura:
1956 3588 2017 3629 se

447 3676 754 3746 proﬁtetur.
791 3672 856 3728 Et
887 3672 1012 3742 quis
1037 3684 1278 3740 unquam
1310 3684 1370 3725 se
1418 3669 1742 3740 magistrum
1797 3667 2018 3737 iactitat

448 3784 636 3823 earum
664 3782 848 3822 rerum
909 3778 1049 3835 quas
1111 3778 1219 3819 non
1269 3760 1506 3819 didicit?
1538 3761 1661 3817 Non
1694 3761 1868 3825 faber,
1906 3773 2014 3814 non

447 3863 647 3928 pictor,
689 3874 800 3914 non
854 3854 1215 3920 eitharmdus,
1254 3870 1362 3910 non
1395 3854 1577 3925 quivis
1616 3854 1783 3908 alius.
1834 3851 2020 3921 Neque

453 3955 559 4009 hoc
578 3952 717 4009 satis
748 3960 869 4017 est;
902 3952 996 4005 sed
1024 3948 1269 4004 artiﬁces
1292 3947 1613 4003 consimiles
1636 3945 1723 3999 sui
1755 3944 2023 3998 mirantur

455 4047 508 4101 hi
529 4045 800 4107 homines,
815 4042 907 4098 ubi
925 4050 1143 4111 tempus
1160 4048 1265 4105 est,
1287 4038 1415 4094 licet
1434 4053 1540 4092 non
1561 4036 1723 4107 plane
1745 4034 2022 4091 studiosos

454 4139 511 4194 in
546 4137 757 4209 magnis
783 4136 965 4190 rebus.
988 4132 1069 4188 Tu
1097 4140 1304 4195 autem,
1334 4144 1439 4185 nec
1468 4128 1749 4199 operibus,
1780 4141 1882 4181 nec
1911 4139 2028 4180 ser-

2110 3100 2479 3172 πληροφορίᾳ,
2526 3097 2610 3149 ὃτι
2636 3093 2809 3155 οὐδεὶς
2845 3092 3032 3163 ἕτερος
3064 3089 3205 3159 ὑπὲρ
3244 3087 3325 3153 σὲ,
3363 3085 3500 3139 ἀλλὰ
3549 3100 3693 3152 συμο

2113 3192 2416 3266 πρωτεύων
2457 3189 2581 3243 οὐδὲ
2625 3189 2716 3243 τὸν
2756 3183 3150 3255 δευτερεύοντα
3196 3182 3366 3251 ἔχεις,
3413 3179 3476 3233 τὸ
3508 3178 3693 3247 παρά-

2116 3288 2266 3352 δοξον
2297 3287 2398 3339 ποῦ
2434 3299 2568 3336 ποτε
2608 3279 2917 3350 παρανοίας
2956 3277 3231 3346 θήσομαι;
3269 3273 3328 3325 Ὀ
3368 3269 3693 3338 καταμόνας

2117 3376 2373 3440 ναυτικὸς
2432 3374 2762 3443 ἁπαρνεῖται
2809 3368 2881 3422 τὰ
2922 3366 3191 3421 τακτικά·
3217 3365 3244 3417 6
3272 3361 3401 3432 περὶ
3447 3359 3520 3413 τὰ
3552 3357 3697 3412 ὅπλα

2116 3472 2268 3524 ὀκνεῖ
2297 3463 2704 3536 θαλαττουργὸς
2732 3460 3121 3530 ἐπιλέγεσθαι·
3145 3460 3173 3511 6
3200 3453 3699 3527 παραϐεϐλημένος

2117 3564 2283 3634 τέχνῃ
2320 3560 2600 3630 γεωργικῇ
2639 3557 2737 3627 οὐχ
2768 3554 3118 3624 ὑπισχνεῖταν
3144 3549 3245 3621 τὴν
3278 3547 3634 3614 τεκτονικήνο
3670 3544 3702 3597 6

2120 3633 2327 3707 τέκτων
2358 3650 2546 3721 ἀφυῶς
2581 3649 2725 3719 ἔχειν
2756 3646 2850 3700 τοῦ
2881 3645 3155 3715 γεωργεῖν
3194 3642 3474 3712 ὁμολογεῖ.
3521 3637 3617 3699 Τίς
3652 3633 3701 3689 δ’

2121 3748 2187 3802 ἂν
2213 3748 2444 3807 ἕκαστος
2472 3743 2583 3796 τῶν
2617 3740 2795 3795 ἄλλων
2845 3737 3168 3808 ἐπιστήμων
3195 3735 3502 3803 ὑπόσχηται
3529 3727 3703 3794 εἶναι,

2122 3834 2198 3895 ὧν
2224 3838 2326 3891 οὐκ
2346 3832 2489 3888 οἶδεν
2510 3851 2526 3900 ;
2551 3833 2628 3886 Οὐ
2661 3829 2922 3902 χαλκεὺς,
2946 3827 3007 3879 οὑ
3027 3823 3344 3894 ζωγράφος,
3363 3821 3426 3876 οὐ
3447 3820 3513 3873 λυ
3525 3817 3702 3890 ρικδς,

2123 3930 2223 3984 οὐκ
2267 3927 2428 3990 ἄλλος
2479 3923 2677 3986 οὐδείς.
2714 3919 2824 3975 Καὶ
2868 3918 2970 3972 οὐκ
3019 3916 3152 3971 αὐτὸ
3191 3916 3387 3987 μόνον·
3422 3910 3564 3967 ἀλλὰ
3605 3910 3707 3963 καὶ

2112 4022 2250 4083 ,τοὺς
2279 4020 2409 4091 περὶ
2432 4017 2503 4071 τὰ
2533 4014 2718 4083 σφίσιν
2747 4014 2911 4082 ὅμοια
2933 4010 3184 4080 τεχνίτας
3214 4008 3265 4063 οί
3298 4005 3535 4060 τοιοῦτοι
3569 4003 3709 4057 θαυ-

2131 4113 2419 4188 μάζουσιν,
2475 4111 2529 4163 εἴ
2562 4125 2666 4162 που
2702 4104 2920 4176 καιρὸς,
2977 4103 3076 4156 καὶ
3105 4100 3285 4154 ταῦτα
3321 4098 3456 4171 μηδὲ
3491 4099 3551 4159 ὲς
3581 4095 3709 4150 λίαν

460 4189 718 4285 ιιιοιιίιιυυε
766 4227 1130 4298 conspicuus,
1184 4223 1445 4280 omnibus
1484 4189 1745 4290 anteponi
1801 4219 1923 4285 vis;
1965 4228 2012 4274 tu

2131 4205 2459 4269 σπουδαίους
2496 4204 2658 4265 ὄντας
2703 4200 2808 4253 ἐπὶ.
2832 4198 3096 4268 μεγάλοις
3126 4194 3249 4250 καθ’
3290 4193 3595 4265 ὑπεροχήν.
3629 4189 3707 4243 Σὺ

454 4339 620 4395 agere
651 4323 836 4392 eligis,
895 4320 947 4375 id
989 4333 1121 4376 vero
1160 4332 1270 4373 non
1317 4314 1490 4378 rales,
1546 4328 1614 4368 ex
1648 4313 1754 4367 hoc
1783 4308 2012 4366 totatitet

2129 4302 2186 4356 δὲ
2214 4298 2340 4355 οὔτε
2387 4298 2596 4370 ἔργοις,
2631 4291 2756 4349 οὔτε
2796 4291 2977 4360 λόγοις
3013 4288 3232 4358 ἀξίωμα
3261 4285 3537 4350 πλουτῶν,
3566 4283 3708 4337 ἀπο-

456 4376 668 4486 ιαῖιειιε,
701 4376 812 4484 iam
839 4425 1149 4468 sermonem
1178 4408 1335 4464 nihili
1368 4407 1523 4470 facis,
1567 4404 1679 4460 imo
1705 4419 1829 4459 eum
1849 4417 1878 4455 a
1912 4402 2012 4454 vita

2131 4394 2336 4465 τολμᾷς
2382 4386 2779 4461 ὑπεραίρεσθαι
2817 4385 3040 4441 πάντων
3059 4398 3075 4414 ·
3103 4382 3198 4437 καὶ
3225 4380 3326 4450 τὴν
3354 4376 3557 4448 πρᾶξιν
3589 4376 3715 4429 ἑπι-

460 4466 1033 4574 ὶῖιῖιῖζὲιῖζιέιει-ωεέι
1060 4517 1093 4558 ο
1111 4501 1276 4556 domo
1300 4466 1588 4569 splendida
1615 4496 1790 4567 ejicis.
1823 4494 2012 4549 ldcirct

2133 4486 2448 4556 λεγόμενος,
2482 4482 2579 4536 καὶ
2623 4480 2746 4534 οὐδὲ
2801 4478 2972 4548 αὐτῆς
3022 4473 3319 4543 εὐστοχῶν.
3376 4471 3494 4523 ἀλλ’
3538 4470 3619 4532 εἰς
3647 4466 3710 4521 τὺ

463 4613 661 4654 omnes
686 4598 963 4653 litteratos
1010 4593 1305 4664 repellens,
1333 4558 1419 4647 ὀι
1468 4558 1660 4661 ipsam‘
1675 4587 2007 4658 sapientiam

2135 4579 2406 4648 παράπαν
2461 4571 2801 4628 διεκπίπτων
2847 4566 3044 4636 αὐτῆς,
3100 4563 3162 4617 οὐ
3213 4563 3375 4634 μόνον
3426 4561 3488 4615 ὲν
3534 4558 3713 4613 οὐδενὶ

466 4700 731 4762 tanquam
781 4689 1076 4759 superbam
1134 4696 1190 4742 et
1241 4648 1615 4754 arrogantem,
1646 4691 2008 4737 contemnens

2134 4672 2256 4727 οὐδὲ
2286 4668 2378 4723 τὸν
2409 4667 2569 4733 λόγον
2602 4664 2778 4735 τίθης,
2812 4660 2949 4716 ἀλλὰ
2980 4657 3076 4713 καὶ
3104 4654 3390 4717 ὲκὸάλλεις
3419 4651 3587 4706 αὐτὸν
3615 4648 3713 4703 τοῦ

646 4743 897 4840 summds
948 4778 1240 4851 pontiﬁces
1280 4743 1527 4848 repellis.
1561 4743 1660 4828 Vix
1693 4785 1920 4828 tonsura
1952 4772 2005 4826 in

2137 4763 2279 4819 κατὰ
2309 4762 2369 4815 σε
2400 4759 2540 4831 βίου,
2569 4758 2670 4811 ὅσα
2700 4754 2795 4808 καὶ
2824 4750 3093 4819 συρφετὸν
3124 4748 3276 4801 οἴκου
3306 4744 3591 4815 λαμπροῦ.
3623 4743 3716 4797 Διδ

467 4835 726 4951 signitus,
769 4884 831 4931 ut
872 4835 992 4932 ovis
1038 4872 1133 4929 Dei
1163 4835 1404 4929 dextera
1446 4868 1586 4940 parti
1641 4865 1747 4921 add
1772 4874 1886 4926 cta,
1924 4880 2012 4919 not

2139 4855 2237 4910 καὶ
2272 4852 2481 4916 πάντας
2511 4845 2917 4919 ἐκτρεπόμενος
2955 4841 3084 4903 τοὺς
3117 4839 3227 4893 ἔσω
3262 4835 3449 4905 λόγου,
3489 4835 3589 4891 καὶ
3616 4835 3716 4904 τὴν

464 4929 862 5042 haedos,
882 4929 1017 5022 mox
1037 4963 1302 5021 cornibus
1325 4962 1381 5017 in
1409 4929 1505 5015 eos
1530 4958 1775 5028 insurgis
1788 4958 1900 5025 iam
1930 4970 2012 5011 net

2139 4948 2434 5017 λογιότητα
2465 4939 2890 5014 παρωθούμενος
2921 4935 3014 4990 διὰ
3054 4933 3226 5004 τῦφον
3259 4932 3356 4986 καὶ
3387 4929 3716 4995 ἀλαζονείαν

466 5062 652 5120 ovinis
667 5058 932 5118 cornibus
955 5055 1149 5118 uteris,
1173 5054 1267 5110 sed
1295 5051 1456 5125 quasi
1473 5050 1698 5120 elephas
1726 5049 1880 5119 nigra
1902 5045 2043 5117 pelle

468 5152 665 5210 niteris
690 5158 819 5205 ante
872 5148 1060 5204 omnia
1093 5159 1291 5200 vanam
1334 5141 1623 5197 victoriam
1663 5149 1946 5197 reportare
1974 5135 2043 5190 de

468 5243 741 5314 superiori
805 5241 1090 5298 hominum
1124 5237 1342 5300 ordine,
1382 5243 1443 5290 ut
1489 5247 1599 5288 uno
1638 5232 1786 5291 saltu
1832 5229 2043 5297 absque

477 5336 691 5398 labore,
719 5333 939 5390 exteris
968 5328 1293 5386 antecedas.
1345 5324 1457 5380 Nec
1508 5339 1696 5380 cessas
1714 5337 1868 5378 arma
1898 5321 2045 5378 ferre

479 5426 534 5481 iu
557 5427 759 5483 summi
823 5423 1178 5496 pontiﬁcatus
1236 5416 1629 5482 ministerium,
1684 5414 1897 5472 scilicet
1950 5412 2045 5484 qui

2142 5028 3039 5111 ὺπερὸἀλλουσαν,.ἀποπροσποιῇ
3093 5025 3188 5079 καὶ
3231 5023 3360 5086 τοὺς
3397 5021 3713 5092 ἀρχιερεῖς·

2146 5133 2263 5202 ἅμα
2315 5127 2670 5197 κειράμενος,
2700 5117 2790 5176 οἷα
2823 5120 2960 5176 Θεοῦ
2992 5117 3267 5189 πρόϐατον
3317 5115 3475 5186 δεξιᾷ
3524 5114 3721 5182 {mart-

2144 5222 2346 5297 ρυχθὲν
2405 5218 2617 5282 στάσει,
2670 5217 2732 5271 ού
2787 5215 2894 5285 μὴν
2949 5213 3021 5283 τῇ
3077 5211 3222 5265 κατὰ
3254 5208 3471 5277 ἔριφον,
3518 5206 3720 5260 αὐτίκα

2145 5314 2574 5388 κερασφορήσας
2598 5311 2688 5364 ἐπ’
2716 5311 2923 5372 αὐτοῖς,
2946 5308 3041 5361 καὶ
3064 5304 3340 5376 κυρίττων
3360 5302 3550 5356 οὐκέτι
3579 5298 3719 5355 κατὰ

2151 5408 2447 5480 πρόϐατον,
2482 5405 2622 5460 ἀλλὰ
2659 5401 3072 5475 κελαινορμνου
3091 5399 3251 5468 δίκην
3279 5394 3602 5464 ἐλέφαντος,
3631 5391 3721 5446 καὶ

480 5515 594 5571 Deo
614 5486 849 5575 similem
869 5516 1023 5583 facit,
1052 5516 1147 5587 qui
1166 5527 1357 5570 omnes
1381 5515 1437 5566 in
1457 5514 1565 5565 Deo
1599 5509 1930 5572 sanctiﬁcat,
1953 5522 2012 5577 qr

2150 5503 2209 5555 ὲν
2256 5498 2496 5572 πρώτοις
2531 5493 2878 5567 φιλονεικῶν,
2926 5492 3067 5548 κατὰ
3101 5492 3195 5545 τοῦ
3238 5488 3487 5558 μείζονος
3529 5489 3589 5539 εν
3632 5486 3722 5538 ἀν-

481 5606 539 5661 iu
568 5606 678 5664 Deo
702 5616 809 5674 est,
847 5609 944 5680 qui
969 5608 1156 5664 statim
1208 5615 1336 5678 post
1381 5603 1548 5659 Deum
1581 5602 1855 5659 maximus
1876 5607 1962 5656 est
1993 5599 2048 5654 in

2155 5593 2395 5666 θρώποις
2438 5589 2654 5660 βαθμοῦ
2678 5589 2838 5659 νίκην
2865 5586 3081 5657 φαύλην
3110 5581 3433 5653 στήσεσθαι,
3464 5580 3557 5635 ἵνα
3604 5573 3723 5630 καθ’

485 5695 709 5754 mundo.
731 5695 849 5755 Non
865 5666 1018 5757 enim
1042 5666 1265 5771 ignoras
1291 5695 1486 5757 salutis
1505 5704 1711 5755 nostra:
1733 5691 2012 5765 pontiﬁce:

2158 5686 2217 5745 ἓν
2267 5684 2417 5757 ἅλμα
2464 5685 2580 5748 τοῖς
2616 5680 2797 5746 ἄλλοις
2850 5677 3283 5753 προσεπισαίνῃς
3334 5670 3599 5747 ἀμογητί.
3644 5666 3719 5723 Uti
