3908 6250
232 453 369 522 παύῃ
395 445 489 505 οὖν
512 448 933 522 ἐξοπλιζόμενος
967 455 1048 517 εἰς
1080 454 1499 525 ἀρχιερωσύνης
1521 451 1791 521 πόλεμον,

233 542 324 604 τῆς
346 540 703 612 θεομιμήτου.
742 541 844 610 τῆς
879 541 1103 594 πάντων
1147 543 1482 611 ἁγιαστικῆς
1536 544 1597 594 ἐν
1645 536 1789 605 Θεῷ,

228 635 322 703 τῆς
350 632 557 696 ἐνθέου,
605 633 708 702 τῆς
736 631 900 696 εὐθὺς
935 633 1073 704 μετά
1101 634 1237 687 Θεὸν
1287 634 1349 687 ἐν
1377 650 1444 701 γε
1496 635 1610 695 τοῖς
1646 632 1791 684 κατά

229 724 439 792 κόσμον.
484 722 563 778 Οὐ
592 723 867 794 δήπουθεν
918 727 1028 794 γὰρ
1078 725 1314 791 ἀγνοεῖς,
1371 725 1451 776 ὅτι
1491 720 1786 791 ἀρχιερεὺς

1171 340 1272 401 DE
1307 334 1778 399 EMENDANDA
1818 334 1995 394 VlTA
2035 335 2507 398 MONACHJCA.

1819 499 1869 560 A

3364 340 3472 399 8V2

1898 447 1992 503 Dei
2040 450 2262 505 nomine
2317 466 2426 505 non
2468 448 2759 513 confundi,
2808 450 2901 520 qui
2941 447 3009 503 de
3038 446 3387 517 episcopatu,
3415 456 3476 501 ut

1900 543 1972 594 ita
2015 542 2221 604 dicam,
2270 544 2478 598 electos
2523 557 2656 600 suos
2682 542 2980 606 observat;
3031 542 3259 596 minime
3290 550 3474 595 autem

1901 633 2279 687 venerandum
2322 650 2532 701 senem,
2572 650 2676 691 nec
2715 636 2880 691 etiam
2906 635 3347 705 qualemcunque
3362 648 3478 712 mo—

1899 723 2159 779 nachnm.

228 817 322 887 μὲν
353 818 453 887 τῆς
486 818 649 889 ἡμῶν
690 818 971 889 σωτηρίας
1007 821 1036 874 ὀ
1081 821 1219 884 Θεὸς
1255 819 1402 885 ἀξιοῖ
1444 817 1727 885 λέγεσθαι,
1761 815 1791 867 ὁ
1828 820 1924 869 καὶ
1958 821 2240 892 ἐπισκοπῇ
2295 824 2586 893 γραφικῶς
2643 821 3120 892 ἐπισκεπτόμενος
3171 821 3296 884 τούς
3325 818 3478 887 αὐτῷ

225 910 492 981 αἱρετούςσ
521 910 823 984 καλόγερος
846 913 904 966 δέ
926 911 1148 977 οὔκουν,
1179 913 1240 966 οὐ
1270 913 1379 985 μὴν
1424 910 1547 965 οὐδὲ
1576 907 1812 980 μοναχὺς
1849 906 2158 968 ὁποιασοῦν.

291 1052 412 1123 ρλδ’.
459 1051 797 1123 Ἀνάϐλεψον
833 1055 914 1117 εἰς
964 1055 1064 1125 τὴν
1119 1055 1555 1127 ἀρχιερωσύνην,
1603 1054 1655 1107 εί
1679 1070 1778 1106 που

222 1146 307 1199 καὶ
338 1146 562 1199 δύνασαι
584 1162 598 1177 ⁸
633 1146 666 1216 ἢ
704 1147 799 1201 καὶ
830 1149 1199 1212 κατασταθεὶς
1226 1150 1319 1201 ἐπί
1355 1165 1500 1211 τινος
1532 1146 1783 1215 φυλακῆς

220 1239 537 1309 περιόπτου,
563 1240 1002 1303 ἀποσκόπευσον,
1040 1241 1135 1294 καὶ
1173 1240 1458 1310 κατάμαθε
1480 1241 1572 1291 τὸν
1598 1239 1786 1308 ἀρχιε-

220 1333 331 1398 ρέα,
357 1333 383 1385 ὃ
415 1331 466 1383 τί
497 1333 632 1385 ποτέ
691 1333 860 1386 ἐστιν.
907 1333 995 1399 Ἐξ
1032 1335 1338 1404 ἀρχιερέως
1375 1332 1472 1386 καὶ
1514 1332 1577 1384 σὺ
1614 1329 1782 1401 ἔχεις,

219 1421 354 1492 ἃπερ
389 1421 456 1474 ἂν
480 1423 576 1475 καὶ
606 1423 760 1494 ἔχῃς.
809 1424 1055 1477 Ἐκεῖθεν
1086 1443 1169 1477 σοι
1200 1425 1295 1477 καὶ
1318 1427 1377 1476 τὸ
1413 1424 1572 1492 ἱερῶς
1601 1422 1785 1475 διακο-

216 1517 321 1568 νεῖν
349 1517 405 1567 ὲν
436 1516 517 1585 τῷ
546 1515 889 1587 λειτουργεῖν
925 1516 1003 1587 τῷ
1033 1517 1174 1588 Θεῷ.
1232 1518 1546 1583 Ἐξαῐρετος
1571 1517 1604 1586 ἡ
1641 1515 1784 1569 ὲκεί-

214 1623 299 1657 νου
341 1606 600 1675 ἐνέργεια
636 1609 789 1678 παρὰ
825 1608 924 1680 τὴν
955 1611 1013 1663 ἐν
1043 1609 1145 1665 σοί.
1185 1610 1340 1679 Ἔχει
1381 1609 1590 1672 ἐκεῖνος
1615 1608 1819 1675 ἀνόιγ-⁸

214 1715 308 1771 κην
338 1699 632 1769 φυλάττειν
665 1702 761 1754 καὶ
792 1700 859 1755 τὰ
895 1702 988 1755 ἐπὶ
1022 1704 1104 1756 σοὶ
1134 1705 1571 1771 ἐκπεφωνημὲνα
1616 1701 1780 1754 καλά.

1961 1056 2084 1110 134.
2131 1054 2363 1127 Suspice
2391 1072 2523 1128 ergo
2553 1058 2609 1112 in
2642 1057 3044 1128 pontiﬁcatum,
3082 1055 3129 1112 si
3177 1064 3354 1126 potes,
3386 1056 3475 1111 vel

1888 1158 2042 1202 stans
2078 1149 2132 1202 in
2159 1150 2343 1219 aliquo
2365 1151 2488 1205 loco
2516 1151 2757 1214 excelso,
2780 1150 3066 1204 considera
3094 1158 3149 1203 et
3168 1149 3319 1203 disce
3338 1149 3471 1217 quid

1887 1242 1958 1294 sit
1977 1239 2243 1309 pontifex.
2274 1245 2310 1293 Α
2332 1243 2594 1312 pontiﬁ‘ce
2614 1241 2875 1309 accepisti
2898 1254 3259 1309 qnzecumque
3279 1239 3473 1294 habes.

1886 1332 2212 1387 Exindetihi
2251 1335 2378 1407 licet
2402 1334 2458 1388 in
2498 1349 2657 1389 saera
2700 1332 2922 1401 liturgia
2972 1329 3080 1384 Deo
3132 1330 3470 1385 ministrare.

1890 1423 2120 1495 Egregia
2149 1426 2561 1496 potestasillius
2585 1440 2695 1495 prae
2732 1433 2846 1478 tua.
2875 1422 3275 1478 Necessitatem
3308 1422 3476 1476 habes

1892 1517 2037 1572 bona
2060 1518 2156 1572 tibi
2182 1518 2308 1572 data
2335 1518 2384 1573 ei
2417 1532 2641 1573 servare
2669 1532 2829 1587 :quae
2850 1514 3003 1575 enim.
3017 1513 3335 1582 evangelica
3362 1512 3477 1565 vir-

1894 1621 2008 1665 Iule
2049 1610 2330 1677 dicuntur,
2363 1610 2621 1666 omnibus
2653 1609 2935 1670 dicuntur,
2973 1615 3030 1661 ut
3065 1606 3332 1677 scriptum
3367 1612 3477 1662 est.

1897 1701 2254 1763 Multa.etiam
2273 1702 2459 1767 habet,
2477 1703 2677 1774 quibus
2696 1709 2753 1756 tu
2775 1716 2905 1771 eges
2923 1701 3021 1770 qui
3044 1708 3369 1755 tonsuratus
3389 1713 3473 1754 es.

211 1765 494 1862 Ὅσα-γὰρ
547 1792 924 1861 εύαγγελικῶς
960 1793 1233 1857 λαλεῖ-ται,
1284 1765 1458 1848 ἀπασι
1516 1792 1779 1859 λαλεῖται,

1900 1799 1980 1853 Ille
1996 1798 2149 1866 ungit
2173 1797 2555 1866 spiritualiter,
2579 1793 2689 1851 Deo
2708 1765 3024 1860 consecrat,
3043 1806 3223 1861 przeco
3243 1798 3329 1846 est
3347 1804 3480 1860 apo.

210 1880 280 1945 ὡς
307 1885 647 1953 γέγραπται.
685 1885 839 1956 Ἔχει
861 1885 919 1939 δέ
950 1886 1042 1941 καὶ
1087 1884 1280 1955 πολλὰ,
1313 1879 1390 1941 ὧν
1413 1885 1478 1940 σὺ
1500 1885 1784 1941 ἀποκεκὼ-

208 1972 359 2027 λυσαι
398 1975 762 2047 κειράμενος.
795 1976 957 2048 Χρίει
986 1979 1196 2041 ἐκεῖνος
1242 1978 1631 2049 πνευματικῶς
1653 1994 1666 2010 ο
1699 1996 1785 2032 τε·

209 2064 340 2118 λειοῖ
366 2067 695 2139 θεοπρεπῶς
723 2084 737 2098 ⁸
800 2070 1159 2142 περιοδευτής
1212 2071 1333 2126 ἐστι
1379 2071 1741 2136 ἀποστολικός
1768 2089 1782 2103 ⁸

208 2159 555 2213 πολιτεύεται
581 2160 1077 2232 ἀπαρακαλύπτως
1096 2163 1379 2218 πολιτείαν
1409 2165 1782 2237 παντοδαπὴν,

208 2251 346 2320 ὀρθῷ
377 2254 571 2307 κανόνι
609 2254 1054 2323 ἀπευθυνόμενος
1080 2274 1093 2289 ·
1143 2259 1415 2327 περίεισιν
1445 2257 1787 2331 ἐξευρίσκων
1822 2240 1825 2243 ν

205 2346 328 2408 τοὺς
358 2347 895 2417 διδαχθησομένους,
950 2348 1046 2401 καὶ
1088 2350 1234 2402 ποιεῖ
1281 2349 1411 2402 αὐτὸ
1437 2351 1790 2422 ἠναγκασμέ-

207 2454 329 2499 νως.
361 2438 432 2491 Σὺ
466 2438 527 2491 δὲ
554 2439 740 2508 μένειν
765 2439 941 2503 ἄλλως
971 2440 1229 2509 ἐτάχθης,
1258 2443 1350 2494 καὶ
1385 2443 1685 2514 στηρίζειν,
1712 2445 1790 2508 ὼς

208 2526 297 2578 ἐπὶ
320 2526 464 2590 ἑνός.
502 2526 763 2591 Δικάζειν
795 2529 1009 2591 ἐκεῖνος
1036 2527 1289 2597 ὥρισται,
1314 2530 1410 2585 καί
1438 2549 1539 2584 που
1566 2533 1633 2586 δι’
1655 2535 1791 2587 αὐτὸ

208 2619 299 2671 καὶ
341 2619 637 2690 τυρϐάζει,
697 2619 1007 2673 ἐπιστατῶν
1065 2626 1484 2690 πραγματικαῖς
1536 2625 1790 2697 ὀχλήσεσι

206 2710 295 2761 καὶ
320 2709 620 2779 ἐριθείαις.
647 2708 714 2791 Ἱξί
746 2708 802 2763 δὲ
837 2710 913 2779 μὴ
944 2710 1039 2763 καὶ
1094 2710 1159 2763 σὺ
1197 2710 1613 2784 θρασυνάμενος
1644 2718 1790 2786 ἐρεῖς

206 2799 407 2864 ἐξεῖναί
443 2816 533 2853 σοι
570 2799 737 2864 αὑτός
781 2798 1048 2853 Ἑκδικεῖν
1084 2798 1376 2867 τέτακται,
1415 2804 1792 2875 παρρησιάζε-

204 2904 311 2956 ται,
339 2889 581 2962 ᾰσχολός
606 2891 719 2943 ἐστι
749 2889 892 2944 κατά
935 2904 989 2943 τι
1021 2889 1278 2959 ἐργῶδες,
1321 2892 1378 2945 ἐν
1422 2893 1600 2964 καιρῷ
1642 2895 1789 2967 διορ-

204 2978 495 3051 θούμενος,
533 2978 594 3035 εἴ
620 2979 673 3033 τί
705 2998 807 3034 που
854 2980 948 3033 καὶ
989 2980 1111 3034 κατ’
1165 2980 1373 3052 ἀγορὰν
1433 2984 1791 3054 στρεϐλοῦται

1887 1891 2139 1953 stolicus,
2179 1888 2538 1958 multiplicem
2576 1881 3172 1958 gubernationemjure
3200 1896 3340 1938 cano
3356 1882 3479 1936 nico

1887 1985 2195 2038 instructus
2224 1983 2335 2053 agit
2366 1990 2584 2051 aperte;
2634 1979 2836 2034 circuit
2892 1991 3148 2047 quaerens
3188 1988 3328 2049 quos
3376 1973 3479 2027 do-

1887 2084 2033 2141 ceat,
2058 2075 2219 2145 idque
2254 2073 2516 2144 perﬁcere
2558 2071 2796 2141 cogitur.
2825 2068 2907 2125 Tu
2949 2078 3131 2125 autem
3161 2066 3321 2121 aliter
3362 2079 3480 2119 ma-

1887 2183 2040 2233 nere,
2078 2176 2131 2222 et
2168 2168 2316 2222 velut
2371 2165 2466 2220 nni
2519 2164 2739 2236 negotio
2794 2161 3115 2216 incumbere
3165 2159 3362 2228 jussus
3392 2171 3478 2211 cs.

1889 2262 1990 2317 Hic
2015 2258 2084 2315 ad
2115 2260 2481 2331 iudicandum
2530 2257 2818 2313 ordinatus
2861 2261 2968 2318 est,
3020 2260 3077 2308 et
3125 2250 3247 2307 ideo
3306 2249 3481 2304 multa

1891 2355 2146 2419 sustinet,
2181 2352 2311 2407 dum
2348 2358 2546 2421 praeest
2581 2349 2844 2404 tumultui
2872 2361 3057 2401 rerum
3091 2353 3147 2400 et
3182 2343 3480 2398 machina-

1891 2447 2160 2501 tionibus.
2200 2443 2283 2499 Tu
2327 2452 2512 2499 autem
2549 2441 2682 2512 quid
2730 2441 2826 2495 tibi
2867 2441 3198 2510 permissum
3231 2448 3342 2490 non
3372 2447 3481 2501 po-

1892 2549 1975 2594 tes
2030 2537 2363 2593 liducialiter
2424 2534 2656 2589 dicere?
2689 2533 2790 2587 llic
2820 2531 2887 2587 ad
2938 2533 3033 2599 jus
3085 2527 3478 2582 vindicandum

1892 2634 2104 2705 positus
2131 2638 2234 2695 est,
2297 2617 2541 2692 clamat,
2575 2625 2783 2681 nullam
2820 2623 2984 2678 habet
3032 2619 3305 2702 requiem.
3333 2615 3484 2671 velut

1891 2697 2211 2794 operarius;
2244 2723 2299 2777 in
2327 2722 2434 2776 ictu
2467 2717 2862 2787 oculierigitur
2891 2715 2936 2770 si
2965 2714 3092 2783 quid
3110 2697 3482 2781 aliquo‘modo

1892 2817 1946 2871 in
1980 2816 2098 2870 l'oro
2122 2814 2376 2869 homines
2412 2811 2709 2866 smculares
2742 2815 3085 2877 pervertunt.
3121 2803 3248 2860 Uno
3287 2802 3479 2862 verbo,

1895 2922 2068 2962 vanus
2117 2907 2412 2976 episcopus
2476 2902 2571 2971 qui
2641 2901 2884 2968 seipsum
2947 2894 3203 2956 recludit,
3245 2892 3480 2947 seorsim

1896 2997 2154 3070 quiescit,
2179 3006 2233 3051 et
2261 2994 2397 3049 nihil
2438 2992 2505 3046 de
2539 2989 2938 3045 communitate
2962 2992 3142 3057 curat.
3177 2983 3302 3039 Mox
3325 2981 3475 3038 enim

200 3074 313 3139 τοῖς
346 3077 407 3128 ἐν
440 3074 523 3144 τῷ
561 3073 683 3145 βίῳ.
717 3073 792 3126 Τὸ
821 3075 930 3127 πᾶν
964 3074 1160 3138 εἰπεῖν,
1205 3073 1409 3142 φαῦλος
1446 3075 1749 3142 ἐπίσκοπος
1772 3120 1787 3145 ,

1900 3093 1963 3145 ab
1993 3089 2248 3164 omnibus
2279 3086 2473 3145 audis:
2513 3083 2592 3137 Ad
2619 3081 2751 3153 quid
2776 3095 2906 3152 ergo
2942 3084 3161 3134 exercet
3197 3074 3484 3146 pontiﬁca-

196 3165 253 3231 ὃς
279 3168 587 3236 ἐγκλείσας
611 3166 829 3235 ἑαυτὸν,
869 3170 966 3221 καὶ
1000 3166 1143 3220 οὕτω
1173 3165 1413 3238 μονάσας
1458 3172 1792 3246 καθεδεῖται,

1907 3191 2019 3235 tum
2054 3188 2107 3233 et
2139 3194 2245 3232 non
2279 3174 2641 3232 absconditur
2666 3173 2816 3226 velut
2851 3167 3142 3225 monachi?

199 3265 435 3336 μηδενὸς
482 3266 608 3318 τῶν
638 3266 697 3317 ἐν
726 3265 802 3334 τῷ
836 3263 1003 3333 κοινῷ
1055 3264 1546 3335 ἐπιστρεφόμενος,
1587 3224 1792 3332 Max;
1834 3278 1942 3348 γάρ
1967 3277 2157 3333 ἀκούει
2179 3274 2314 3347 πρὸς
2340 3271 2561 3326 πάντων
2586 3269 2648 3323 τό
2672 3285 2685 3300 .
2722 3286 2740 3320 ί
2777 3224 2888 3319 Καὶ
2916 3224 2967 3318 ﬁ
3031 3264 3232 3334 δήποτε
3296 3224 3485 3331 ἀρχιεᾲ

202 3358 447 3425 ρατεύει,
474 3360 583 3410 καὶ
615 3356 717 3410 οὐκ
736 3357 1063 3439 ἐγγωνιάζει
1089 3359 1423 3428 μοναχικῶς;
1456 3379 1473 3410 ι

268 3510 401 3578 ρλε’.
434 3510 647 3561 Κετται
672 3506 730 3560 δὲ
757 3507 865 3577 ἄρα
892 3505 1130 3560 ἐνταῦθα
1158 3508 1458 3579 παρόραμά
1485 3530 1535 3566 τι
1573 3531 1791 3587 μοναχι-

196 3602 309 3655 κόν.
351 3603 450 3663 Εἰς
480 3600 672 3652 ταῦτα
697 3598 829 3668 γὰρ,
866 3592 1043 3669 οἶμαι,
1069 3598 1475 3665 ἀποϐλέποντες
1520 3606 1568 3657 οἱ
1595 3603 1665 3658 τὰ
1695 3590 1792 3678 ἀρέ-

192 3692 498 3763 χιερατικᾶ
532 3690 1033 3761 παραθεωροῦντες
1066 3693 1315 3761 μοναχοὶ,
1351 3696 1443 3748 καὶ
1466 3696 1792 3764 ἀναλύοντες

190 3787 329 3839 αὐτὰ
351 3787 435 3850 ὡς
463 3788 556 3848 είς
590 3784 755 3848 δόξαν
791 3783 886 3835 καὶ
916 3784 1264 3853 φανητισμδν
1291 3787 1382 3838 καὶ
1406 3787 1524 3856 βίου
1551 3789 1798 3863 λαμπρό-

191 3894 354 3947 τητα,
395 3871 913 3948 πραγματεύονται
956 3874 1139 3926 καὶτὸ
1196 3876 1611 3949 ἀρχιεράτευμα
1662 3900 1800 3954 κρα-

190 3971 388 4032 ταιῶς,
423 3970 507 4032 ὡς
547 3968 620 4021 ἂν
672 3964 750 4034 τῷ
783 3965 972 4034 τρόπῳ
1025 3964 1202 4036 τούτῳ
1249 3967 1346 4036 τῆς
1403 3970 1545 4023 κατὰ
1581 3973 1798 4042 πνεῦμα

87 4113 94 4128 .
185 4061 351 4130 ὀπῆς,
383 4059 458 4132 ἢν
517 4059 576 4111 οἱ
629 4054 946 4117 Μωσαῖκῶς
988 4052 1220 4110 θεόπται
1286 4058 1523 4125 φιλοῦσι,
1577 4064 1672 4116 καὶ
1702 4064 1797 4117 τω]

190 4153 313 4206 κατ’
365 4153 560 4222 αὐτὴν
625 4147 840 4218 φωλεοῦ
888 4146 1314 4218 ἐξερπύσαντες,
1362 4152 1473 4204 τῶν
1504 4153 1801 4225 λεωφόρων

190 4242 659 4312 εὐθαρσέστερον
685 4239 976 4306 γένωνται,
1006 4241 1103 4293 καὶ
1123 4241 1604 4311 ἐπανακάμψωσιν
1626 4246 1798 4306 ἀδεῶς

1970 3519 2095 3574 155.
2137 3517 2233 3573 llic
2266 3512 2588 3569 manifestus
2628 3519 2712 3566 cst
2765 3522 2916 3564 error
2940 3503 3363 3560 monachorum.
3393 3497 3477 3553 Ad

1902 3614 2005 3667 ista
2033 3612 2177 3678 mim
2200 3609 2388 3665 oculos
2410 3607 2711 3670 ﬁet-tentes,
2743 3611 2800 3656 ut
2833 3601 3095 3663 arbitror,
3128 3595 3225 3667 qui
3277 3580 3468 3651 sacras

1903 3706 2202 3774 dignitates
2233 3700 2591 3757 considerant
2623 3694 2906 3760 monachi,
2939 3693 3066 3746 etin
3086 3690 3168 3744 eis
3199 3685 3336 3742 nihil
3371 3683 3481 3738 nisi

1907 3798 2157 3867 gloriam,
2214 3801 2558 3865 apparatum,
2599 3799 2656 3845 et
2694 3784 3159 3859 magniﬁcentiam
3233 3781 3357 3835 vitae
3389 3777 3478 3830 in-

1909 3890 2212 3951 venientes,
2245 3886 2623 3957 pontiﬁcatum
2670 3884 2903 3961 acriter,
2941 3880 3377 3948 prosequuntur,
3413 3878 3479 3923 ut

1900 3982 1991 4036 via
2023 3982 2127 4035 ista
2160 3986 2446 4047 emergant
2475 3990 2505 4029 ο
2538 3972 2811 4043 Spiritnali
2840 3960 3111 4025 foramine
3137 3975 3328 4036 petrae,
3348 3960 3486 4015 dile-

1902 4082 1989 4127 cto
2025 4073 2091 4126 ab
2120 4072 2201 4126 eis
2231 4046 2335 4138 qui
2372 4067 2538 4121 Deum
2570 4070 2629 4119 ut
2655 4062 2868 4132 Moyses
2904 4056 3393 4123 contemplanlur;
3428 4046 3495 4102 et‘

1902 4171 2168 4218 exeuntes
2188 4175 2217 4214 e
2235 4169 2464 4213 caverna
2495 4155 2744 4224 proxima
2765 4150 2819 4204 in
2844 4148 2948 4201 viis
2972 4144 3258 4200 ambulant
3280 4137 3486 4192 audac-

1905 4263 2019 4317 ter;
2052 4252 2117 4305 ad
2156 4251 2341 4320 priora
2394 4247 2606 4313 absque
2640 4242 2847 4309 pudore
2900 4242 3270 4298 revertantur,
3300 4243 3484 4298 neque

192 4338 271 4398 ei;
305 4338 375 4390 τὰ
419 4336 740 4407 πρότερον,
769 4332 830 4383 οὐ
862 4332 1286 4403 προκληθέντες,
1324 4334 1445 4386 οὐδὲ
1475 4335 1654 4399 ἄλλως
1679 4338 1791 4388 ἀνε-

1900 4345 2135 4408 evocati,
2184 4355 2366 4407 neque
2416 4336 2625 4392 inventi
2658 4335 2750 4388 ubi
2792 4332 2944 4402 prius
2975 4325 3481 4383 abscondebantur.

187 4429 600 4502 ρευνηοέντες,
632 4426 743 4496 ὅπη
769 4424 1135 4494 κρύπτονται.
1180 4426 1244 4477 Ol
1285 4425 1508 4489 πλείους
1540 4427 1645 4497 γὰρ
1680 4428 1791 4480 οὐδὲ

1901 4435 2156 4503 Plerique
2190 4432 2337 4487 enim
2392 4445 2459 4483 ne
2512 4428 2736 4483 nomine
2795 4423 3015 4494 quidem
3051 4424 3480 4488 cognoscuntur,

187 4524 328 4592 πρὸς
354 4524 552 4592 ὄνομα
578 4518 976 4588 γινώσκονται,
1002 4515 1119 4569 ἀλλ’
1147 4516 1303 4570 αὐτοὶ
1325 4519 1791 4588 ἰιροειιινεδήσαντες1

1904 4527 1998 4582 sed
2024 4539 2133 4579 uno
2160 4523 2325 4584 saltu,
2358 4520 2577 4576 obviam
2614 4518 2893 4574 fortunam
2922 4513 3221 4583 arripiunt,
3279 4524 3387 4564 non
3423 4514 3483 4561 ut

187 4617 280 4669 καὶ
308 4616 415 4688 τὴν
444 4611 726 4682 ἐντυχίαν
773 4609 978 4679 ταύτην
1029 4610 1403 4680 ἁρπάσαντες,
1430 4612 1530 4681 οὐχ
1564 4611 1650 4664 ἵνα
1694 4614 1791 4674 τοῖς

1912 4617 2106 4689 pristis
2148 4614 2491 4670 monachieis
2550 4610 2712 4667 bonis
2768 4605 3126 4679 superaddite
3153 4601 3480 4675 pontiﬁcatu

182 4707 389 4780 πρώην
432 4704 724 4776 μοναχοῖς
752 4702 944 4765 καλοῖς
981 4701 1042 4755 τὺ
1071 4704 1228 4772 ἀρχιε
1240 4701 1462 4772 ρατικὸν
1489 4719 1791 4774 προσεπιτι-

1912 4712 2167 4765 virtutem
2195 4707 2595 4776 multiplicent,
2632 4704 2729 4760 sed
2782 4704 2855 4772 ut:
2885 4699 3162 4756 veteribus
3217 4693 3380 4751 bonis
3424 4700 3485 4747 ιιι

183 4801 404 4868 θέντες,
465 4795 1016 4851 πολλαπλασιάσωσι
1051 4794 1151 4863 τὴν
1208 4795 1443 4864 ἀρετήν’
1509 4796 1624 4849 ἀλλ’
1654 4796 1791 4864 ἴναῆ

1912 4812 2036 4873 pote
2054 4799 2399 4872 gravioribus
2434 4796 2841 4860 subducantur,
2868 4793 2914 4848 si
2952 4792 3087 4863 quid
3118 4804 3284 4861 supra
3318 4804 3484 4844 mun-

178 4900 274 4949 καὶ
311 4895 433 4948 τῶν
463 4888 769 4963 προτέρων
800 4886 1026 4955 ἀγαθῶν
1056 4886 1357 4954 ὑφέλωνται
1401 4884 1490 4939 διὰ
1516 4888 1579 4939 τὸ
1608 4888 1791 4940 ἑπίπο⁴

1910 4901 2040 4955 dum
2090 4896 2400 4958 habebant;
2450 4894 2535 4948 vel
2590 4901 2648 4946 ut
2678 4905 2845 4946 causa
2888 4889 3246 4958 episcOpatus
3302 4883 3485 4950 opima

180 5006 294 5054 νον,
322 4988 504 5057 εἰπερ
542 5001 604 5036 τι
631 4983 725 5035 καὶ
752 4980 910 5051 ἔσχον
940 4978 1103 5032 πλέον
1131 4978 1234 5047 τῆς
1283 4979 1683 5046 κοσμικότητος
1701 4995 1715 5010 θ
1767 4978 1791 5047 ἦ

1911 4988 2207 5050 abducant,
2247 4984 2404 5055 quasi
2440 4999 2547 5038 non
2602 4982 2675 5038 sit
2710 4979 2970 5051 possibile
3009 4975 3286 5032 hominem
3317 4969 3489 5024 rebus

176 5079 319 5134 ἀλλὰ
348 5083 426 5150 τῇ
463 5075 718 5144 ἀφορμῇ
742 5073 843 5139 τῆς
886 5069 1199 5138 ἐπισκοπῆς
1230 5067 1717 5138 ἀποϐουκολήσωσι
1744 5066 1791 5120 τί

1912 5079 2298 5136 communibus
2364 5090 2562 5132 manus
2602 5075 2985 5130 admoventem
3044 5066 3343 5138 perlectam
3374 5058 3485 5111 vir-

175 5171 450 5242 ἀκριϐὲς,
478 5166 569 5228 ὡς
608 5162 689 5232 μὴ
713 5159 834 5225 ἐξὸν
856 5159 1020 5229 δῆθεν
1045 5156 1106 5211 δν
1127 5157 1238 5209 τῶν
1261 5160 1319 5210 ὲν
1363 5159 1512 5225 μέσῳ
1539 5156 1791 5226 πραγμὰι

1916 5182 2085 5230 tutem
2109 5171 2332 5228 sectari.

172 5281 290 5317 των
332 5253 723 5329 τετυχηκότα
757 5252 1095 5322 ἐπίστροφον
1138 5246 1282 5302 εἶναι
1309 5249 1410 5317 τῆς
1464 5248 1601 5319 πρὸς
1646 5248 1808 5318 ἀκρε-

174 5351 336 5405 6ειαν
373 5346 644 5416 ἀρετῆς.

250 5446 408 5517 ρλς’.
460 5439 599 5495 Καὶ
638 5436 762 5490 τότε
787 5437 853 5506 δὴ
877 5435 994 5488 ἐστι
1021 5435 1247 5505 βλέπειν
1275 5433 1335 5486 τὸ
1370 5432 1714 5500 γελοιότατον
1749 5435 1791 5485 ἐι

1992 5436 2114 5492 156.
2147 5435 2302 5490 Tunc
2351 5433 2407 5487 in
2450 5433 2516 5489 iis
2549 5429 2789 5486 maxime
2832 5420 3060 5479 ridenda
3106 5429 3334 5473 cernere
3384 5426 3484 5482 po-

1919 5531 2073 5584 teris.
2109 5526 2214 5594 Qui
2260 5526 2408 5581 enim
2456 5524 2610 5595 prius
2640 5536 2671 5574 e
2699 5518 2861 5572 domo
2906 5514 3105 5583 lignea,
3139 5519 3302 5575 atque
3330 5520 3363 5560 ο
3392 5521 3487 5561 so-

172 5543 401 5605 αὐτοῖς.
463 5536 544 5593 οι
591 5532 713 5621 χὰρ
762 5534 827 5585 ἐκ
879 5531 982 5600 τῆς
1025 5530 1221 5600 πρώην
1271 5528 1469 5591 καλιᾶς
1501 5529 1717 5597 καὶτῆς
1751 5527 1809 5577 ἐν

1923 5621 2160 5676 litudine
2230 5618 2448 5680 vicina,
2517 5620 2707 5667 contra
2780 5607 3073 5677 episcopos
3139 5601 3243 5654 tela
3308 5597 3484 5666 iacie-

172 5635 321 5704 αὐτῇ
350 5615 764 5697 στενοχῶρίας
788 5621 931 5676 κατά
947 5620 1054 5674 τῶν
1081 5620 1401 5672 ἐπισκόπων
1429 5615 1809 5686 τοξαζόμενοι,

166 5689 497 5778 τότεηκατὰ
713 5712 998 5784 ὁμοχρόων
1054 5713 1303 5783 μοναχῶν
1339 5710 1785 5782 θωρακισέιμενοι

1915 5711 2094 5776 bant,
2153 5708 2317 5762 modo
2377 5713 2572 5758 contra
2631 5697 2933 5752 monachos
2971 5694 3215 5764 ejusdem
3272 5689 3482 5745 coleris

166 5820 230 5874 ιῦ
275 5818 461 5889 μόνον
498 5781 945 5866 ἀντι-ϐάλλουσιν
991 5781 1505 5874 ἀκροῦολιζόμενοι,
1543 5803 1678 5856 ἀλλὰ
1710 5805 1791 5856 κα¹

1917 5809 2228 5865 armantur;
2260 5811 2358 5852 nec
2389 5796 2564 5851 solum
2591 5806 2620 5846 a
2646 5790 2805 5861 longe
2828 5790 3108 5860 sagittam,
3151 5781 3245 5837 sed
3296 5787 3485 5839 morte

541 5904 836 5965 Prmon.
871 5901 987 5961 Gn.
1026 5897 1325 5961 CXXXV.

2570 5927 2578 5934 .
3039 5877 3109 5939 27
