3992 6240
305 198 406 265 84.7

1039 206 1461 268 EUSTATIHI
1519 209 1622 269 ΤΗ
1640 207 1897 269 ESSA-LC

1998 210 2278 271 {CENSIS
2322 211 2880 273 ΜΕΤΗΟΡΟΕΙΤι·Ε

3445 214 3563 315 8H1

309 323 489 377 uicum
525 318 760 388 incepto,
809 325 860 369 et
895 316 997 374 hoc
1049 317 1271 374 verbum
1309 320 1381 374 sit
1417 320 1515 377 tibi
1541 320 1593 374 in
1628 322 1889 379 manifes-

1998 323 2272 394 ὲξεράσων
2297 324 2366 378 τὰ
2396 323 2539 379 κατὰ
2571 324 2666 378 τοῦ
2697 324 3117 396 μητροπολίτθυ.
3184 325 3561 398 ὀμολόγησας

311 419 421 466 tam
447 409 983 467 condemnationem.
1020 407 1097 463 Te
1127 417 1308 463 autem
1344 411 1582 479 dimitto,
1629 414 1882 485 relinquo

312 512 408 558 tuo
435 501 686 565 vomitui,
736 501 811 555 ita
842 511 900 555 ιιι
937 501 1113 571 palam
1147 502 1219 557 sit
1243 510 1294 556 te
1348 502 1412 556 ad
1444 512 1683 560 veterem
1708 505 1884 561 vomi—

306 608 424 647 tum
459 608 762 663 regressum
801 607 944 660 esse,
994 593 1139 664 quod
1181 595 1237 649 in
1274 582 1500 651 tonsura
1536 596 1880 652 declaratum

316 684 512 739 fuerat.

387 952 509 1007 HI.
547 952 756 1007 Rursus
792 963 972 1007 autem
1007 969 1318 1008 sermonem
1354 954 1419 1007 ad
1464 956 1764 1010 monachos
1803 972 1886 1009 re—

316 1042 652 1097 ﬂeeto.'Ante
675 1045 853 1098 omnia
885 1060 1061 1114 praeco
1087 1060 1244 1098 sacer
1273 1053 1358 1099 est
1390 1047 1711 1101 monachus.
1744 1045 1883 1110 Quid

315 1145 493 1191 autem
519 1137 721 1190 bonum
744 1146 800 1191 et
822 1137 929 1191 Deo
952 1138 1173 1206 dignum
1197 1138 1545 1192 annuntiabit
1571 1138 1735 1192 homo
1759 1141 1886 1191 illit-

315 1231 546 1290 teratus,
607 1224 675 1278 de
728 1240 837 1293 quo
895 1240 1079 1280 sermo
1123 1240 1296 1294 nuper
1349 1225 1569 1281 habitus
1609 1227 1728 1280 est?
1773 1225 1884 1281 Nisi

318 1316 419 1369 hoc
452 1315 674 1369 solum:
714 1333 732 1366 ι
763 1316 903 1368 Lava
950 1325 1121 1386 pater,
1156 1334 1174 1368 ι
1213 1326 1305 1371 aut
1338 1317 1468 1371 illud
1520 1334 1535 1372 :
1593 1336 1612 1369 ι
1651 1317 1888 1375 Benedic

308 1408 576 1463 calidum.
648 1426 668 1460 ι
734 1408 801 1461 Et
858 1410 1055 1464 iterum
1091 1426 1258 1465 verus
1292 1412 1590 1467 monachus
1640 1422 1747 1477 est,
1797 1415 1886 1485 qui

319 1500 582 1565 formans,
635 1517 728 1556 seu
789 1502 1092 1556 reformatis
1144 1519 1389 1558 seorsum
1433 1506 1670 1559 animam
1708 1523 1886 1574 suam,

1984 416 2093 486 ἄρα
2131 419 2188 470 ὲν
2217 417 2464 486 συλλόγῳ
2498 417 2575 485 τῷ
2611 422 2757 472 κατὰ
2790 419 2849 472 σὲ
2881 417 3193 490 ὲξεραστὴς
3246 416 3386 474 εἶναι
3407 436 3422 452 ⁶
3465 424 3561 475 καὶ

1986 509 2187 562 κείσθω
2212 527 2294 563 σοι
2329 509 2572 580 τοῦνομα
2622 512 2703 573 είς
2747 510 3005 595 λαμπρὸν
3033 512 3343 583 ἐπώνυμον,
3392 515 3564 567 Ἀλλὰ

1986 602 2046 655 σὲ
2079 602 2179 672 μὲν
2209 600 2386 664 οὕτως
2414 603 2643 673 ἀφὶημι,
2672 604 3077 675 παραῤῥιπτῶν
3108 606 3187 675 τῷ
3239 606 3320 676 σῷ
3368 607 3566 675 ἐξερά-

1989 710 2149 754 ματι·
2183 694 2259 756 ὡς
2306 693 2373 747 ἂν
2423 694 2521 748 καὶ
2546 694 2688 748 οὕτω
2725 696 2887 764 δῆλον
2920 697 3030 766 εἴη,
3059 698 3132 760 ὡς
3166 698 3563 767 ἒπανέκαμιίας

1987 788 2066 844 εἰς
2088 786 2182 839 τὸν
2209 786 2438 840 παλαιὸν
2458 787 2674 856 ἔμετον,
2703 780 2876 858 οὗπερ
2902 789 3073 859 ἐχρῆν
3102 789 3444 859 ἀπέχθεσθαί
3476 805 3559 857 σε,

1984 878 2059 941 ὥς
2090 879 2122 946 ἡ
2150 879 2319 948 κουρά
2341 880 2730 950 παρήγγειλεν.

2059 974 2209 1038 ρμαθ.
2251 969 2554 1024 ’Δναόαίνω
2588 971 2644 1023 δὲ
2676 972 2840 1026 πάλιν
2871 973 2949 1039 τῷ
2977 974 3121 1043 λόγῳ
3152 976 3231 1036 είς
3260 977 3357 1029 τὸν
3395 995 3563 1046 μονα-

1989 1061 2141 1129 χικὸν
2175 1063 2421 1133 ὁρισμόν.
2494 1064 2551 1117 Ὀ
2594 1065 2829 1134 μοναχὸς
2869 1067 3006 1133 πρὸς
3061 1070 3175 1129 τοῖς
3229 1068 3410 1132 ἄλλοις
3463 1072 3562 1123 καὶ

1988 1152 2258 1223 θεοκῆρυξ
2289 1156 2459 1209 ἐστίν.
2486 1155 2550 1209 Τί
2580 1157 2638 1210 δὲ
2686 1155 2751 1210 ἂν
2782 1157 2995 1228 κηρύξῃ
3048 1160 3256 1226 ἀγαθὸν
3294 1163 3390 1213 καὶ
3439 1161 3562 1230 θεῷ

1988 1243 2198 1311 πρέπον
2222 1248 2590 1316 ἀγράμματος
2625 1248 2937 1319 ἄνθρωπος,
2970 1251 3031 1304 ὃν
3073 1252 3137 1319 δὴ
3167 1252 3274 1322 πρὸ
3309 1252 3562 1323 βραχέων

1986 1336 2013 1386 ὁ
2043 1334 2200 1402 λόγος
2235 1337 2571 1404 ἔσκέπτετος
2604 1339 2652 1391 εί
2687 1340 2760 1408 μὴ
2787 1341 2895 1410 ἄρα
2925 1343 3104 1395 ἐκεῖνο
3137 1344 3234 1396 καὶ⁵
3285 1345 3448 1413 μόνον
3472 1349 3558 1399 τό*

1994 1445 2012 1478 ι
2050 1426 2362 1495 ’Δπόνιψαι,
2393 1428 2606 1499 πάτερ’
2650 1449 2668 1483 ι
2704 1432 2800 1484 καὶ
2823 1433 2883 1484 τό
2910 1449 2925 1465 ο
2957 1451 2978 1484 ι
3010 1433 3319 1502 Εὖὶόγησον
3352 1436 3412 1488 τὸ
3437 1437 3564 1507 θερ-

1992 1519 2112 1587 μόν.
2165 1537 2184 1571 ι
2226 1519 2347 1571 Ἔτι
2414 1520 2648 1590 μοναχὸς
2693 1523 2720 1575 ὁ
2775 1525 2982 1592 κυρίως
3011 1525 3179 1591 ἐστὶν,
3235 1526 3295 1589 ὃς
3320 1527 3560 1594 πλάσας.

306 1582 567 1659 intelligit
599 1593 779 1645 omnia
843 1607 1002 1661 opera
1043 1594 1286 1650 Domini.
1341 1596 1471 1661 Quae
1530 1597 1886 1669 intelligentia

320 1682 695 1708 ηκιι...ιη1ιζιιιι...
755 1683 1017 1708 ιι.Α,...ζ......
1076 1693 1122 1708 ,ιι
1175 1686 1469 1708 μ---.ε-Αμ
1521 1690 1789 1708 -..-μι---·.
1842 1707 1858 1708 η

1998 1582 2189 1664 ταυτὸν
2215 1612 2263 1665 δ’
2288 1582 2490 1679 είπείν,
2523 1582 3177 1687 ἀναπλάσας-καταμόνας
3202 1582 3301 1689 τὴν
3330 1582 3563 1689 καρδίαν

320 1682 696 1736 monachicam
755 1683 1019 1737 theoriam
1072 1693 1125 1738 et
1175 1686 1474 1755 praetieam
1518 1690 1885 1760 amplectitur.

316 1770 612 1824 'fheoriam
656 1772 803 1826 enim
839 1775 1158 1828 manifestat
1208 1778 1587 1848 intelligentia,
1638 1796 1757 1849 quae
1807 1791 1892 1838 est

321 1856 553 1913 facultas
600 1861 968 1926 rationabilis,
1015 1874 1070 1919 ct
1117 1865 1291 1919 teudit
1329 1868 1583 1923 adidem
1614 1878 1777 1943 alque
1803 1889 1892 1927 sa-

312 1950 546 2016 pientia.
603 1949 663 2004 Et
715 1952 936 2007 aliunde
982 1954 1036 2008 in
1080 1955 1182 2010 hoc
1219 1959 1404 2024 verbo,
1461 1957 1634 2030 Opera
1684 1964 1890 2029 omnia,
1929 1963 1931 1966 ⁴

321 2042 630 2098 ostenditur
667 2046 927 2113 praetica,
1000 2049 1273 2118 siquidem
1325 2054 1610 2121 operarius
1660 2063 1744 2110 est
1798 2056 1935 2125 qui'

321 2133 577 2189 virtutem
612 2134 779 2190 habet
822 2139 1150 2208 practicam.
1205 2141 1364 2211 Apud
1419 2158 1521 2199 nos
1575 2144 1745 2214 igitur
1769 2162 1890 2201 eum

318 2240 526 2296 quaero,
548 2228 641 2297 qui
672 2230 788 2285 sive
822 2226 1115 2295 litteratus,
1154 2226 1268 2289 sive
1301 2236 1618 2293 illitteratus
1648 2256 1770 2295 cum
1800 2242 1891 2304 sit,

324 2320 561 2373 animam
588 2334 742 2375 suam
765 2323 1005 2394 disponit
1030 2327 1095 2378 ad
1132 2326 1272 2381 hanc
1292 2327 1727 2400 intelligentiam,
1753 2341 1805 2386 et
1827 2332 1894 2387 ad

318 2416 488 2473 opera
520 2409 668 2478 ejus;
701 2413 906 2481 quique
933 2416 1185 2470 meminit
1217 2431 1324 2471 non
1362 2412 1525 2488 posse
1557 2434 1645 2476 res
1680 2421 1894 2478 dit-inus

320 2496 627 2569 intelligere
673 2504 947 2559 hominem
989 2508 1094 2561 nisi
1128 2508 1415 2564 ’didicerit
1470 2512 1551 2565 vel
1605 2512 1779 2566 discat
1821 2513 1896 2568 le-

324 2588 501 2654 gendo
538 2591 930 2646 autservando
965 2594 1148 2648 divina
1185 2596 1440 2651 mandata
1467 2599 1542 2667 (id
1569 2601 1714 2653 enim
1752 2601 1897 2654 ratio

322 2678 572 2744 muedam
604 2680 849 2737 discendi
884 2684 991 2755 est)
1014 2692 1227 2756 ;'neque
1244 2680 1542 2757 practicam
1562 2688 1760 2746 habere
1786 2693 1894 2745 vir-

322 2775 497 2823 tutem
523 2770 661 2839 quae
701 2773 969 2842 accipitur
1009 2783 1071 2830 ut
1133 2778 1375 2847 cognitio
1419 2780 1665 2850 quasdam
1717 2796 1745 2835 a
1783 2781 1894 2837 Deo

316 2859 615 2930 inspirata,
639 2872 694 2917 et
731 2865 798 2919 ab
824 2865 945 2935 ipsa
989 2868 1288 2938 sapientia,
1345 2884 1373 2924 a
1407 2870 1518 2926 Deo
1549 2872 1797 2927 immissa
1826 2875 1892 2931 iis

325 2953 415 3020 qui
453 2969 576 3009 eum
622 2957 879 3024 Operibus
909 2958 1119 3023 colunt,
1167 2977 1417 3034 quosque
1446 2964 1568 3020 licet
1608 2966 1883 3037 simplices
1915 2972 1960 3035 C

327 3043 445 3113 ipse
481 3048 633 3102 novit
671 3048 853 3106 facere
882 3051 1180 3122 sapientes.

403 3354 524 3410 ΗΞ.
581 3357 716 3414 Dato
762 3363 923 3417 etiam
946 3365 1102 3434 quod
1151 3368 1470 3425 monachica
1500 3372 1790 3429 conversio
1824 3375 1896 3430 sit

327 3463 417 3502 ars
449 3434 668 3515 aitium,
689 3452 918 3507 scientia
960 3456 1339 3523 scientiarum,
1365 3460 1420 3514 in
1450 3477 1560 3531 quo
1589 3463 1739 3518 sistit
1778 3466 1899 3534 phi-

331 3536 596 3609 IoSOphia,
644 3543 1007 3601 nihilominus
1048 3562 1236 3603 revera
1276 3550 1637 3621 philosophus
1688 3566 1770 3610 est
1804 3557 1897 3625 qui

332 3632 537 3687 habitat
561 3634 615 3687 in
646 3634 940 3691 solitudine
975 3653 1070 3708 spc
1102 3638 1195 3696 Dei
1225 3641 1443 3698 videndi
1473 3653 1526 3698 et
1559 3646 1894 3714 possidendi.

329 3722 720 3790 Philosophum
770 3736 954 3782 autem
1000 3743 1126 3784 esse
1180 3733 1457 3801 quomodo
1494 3737 1760 3803 possibile
1788 3739 1897 3794 erit

328 3813 375 3868 ei
402 3815 494 3884 qui
525 3832 702 3886 neque
737 3817 955 3896 litteras
990 3821 1127 3876 satis
1150 3824 1324 3889 novit,
1357 3841 1535 3894 neque
1567 3828 1622 3882 in
1667 3830 1896 3897 gloriam

331 3906 633 3974 Spiritualis
685 3910 1022 3978 operationis
1074 3916 1359 3984 respexit?
1417 3918 1485 3973 Et
1525 3921 1669 3989 quod
1720 3922 1899 3991 majus

331 4008 434 4065 est,
466 3999 575 4056 Deo
608 4003 892 4070 proximus
948 4014 1031 4059 est
1083 4007 1384 4063 monachus
1428 4010 1648 4079 proprie
1697 4012 1899 4079 dictus,

1993 1701 2160 1756 αὐτοῦ
2194 1703 2445 1774 συνίησιν
2476 1705 2558 1765 είς
2587 1705 2766 1759 πάντα
2795 1708 2866 1759 τὰ
2891 1708 3027 1778 ἔργα
3069 1709 3168 1763 τοῦ
3202 1710 3361 1765 Θεοῦ.
3408 1713 3473 1766 Ἦ
3503 1714 3562 1765 δὲ

1993 1795 2224 1861 τοιαύτη
2273 1794 2492 1860 σύνεσις
2520 1798 2581 1850 τὸ
2610 1799 2905 1868 μοναχικὸν
2946 1798 3284 1871 θεωρητικὸν
3312 1802 3428 1871 ἃμα
3467 1807 3562 1855 καὶ

1996 1888 2307 1955 πρακτικὸν
2366 1888 2647 1958 ἐμφαίνει.
2705 1890 2953 1961 Θεωρίας
3002 1895 3101 1961 μὲν
3145 1895 3256 1964 γὰρ
3277 1894 3561 1964 ἔνδειξιςὴ
3600 1920 3618 1945 κ

1996 1979 2235 2043 σύνεσις,
2254 1979 2454 2048 λογικὴ
2485 1981 2654 2050 ἁρετὴ
2684 1979 2841 2047 οὖσα,
2868 1982 2964 2035 καὶ
2990 1984 3073 2045 είς
3102 1980 3309 2037 ταυτὸν
3333 2000 3385 2037 τι
3410 1987 3567 2054 ὲρχο·

1999 2073 2137 2142 μίγη
2170 2075 2237 2142 τῇ
2264 2073 2428 2142 σοφίᾳ
2446 2087 2459 2102 ·
2489 2070 2547 2123 τὸ
2574 2072 2633 2125 δὲ
2661 2086 2680 2124 ι
2709 2075 2887 2131 πάντα
2915 2073 3053 2143 ἔργα
3076 2094 3095 2126 ι
3129 2076 3229 2144 τὴν
3255 2078 3569 2147 πρακτικὴν

1998 2161 2454 2231 παραδείκνυσιν.
2491 2163 2813 2238 Ἐργατικὸς
2834 2165 2946 2234 γάρ
2976 2180 3062 2226 τις
3095 2164 3191 2218 καὶ
3223 2167 3252 2219 6
3288 2166 3411 2218 κατ’
3437 2168 3567 2236 ἁρε-

1994 2254 2094 2323 τὴν
2124 2255 2456 2324 πρακτικός.
2489 2253 2647 2323 Ζητῶ
2674 2254 2804 2320 γοῦν
2830 2255 2929 2310 τὸν
2980 2258 3040 2308 ἂν
3091 2260 3203 2320 τοῖς
3238 2257 3364 2311 καθ’
3413 2260 3564 2329 ἡμᾶς

1997 2348 2109 2400 εῐτε
2136 2345 2496 2417 γραμματέα,
2549 2346 2662 2399 εἴτε
2698 2347 3091 2416 ἀγράμματον,
3115 2347 3172 2411 ὃς
3199 2348 3301 2419 τὴν
3329 2350 3571 2419 καρδίαν

1995 2439 2473 2495 διατίθεται-κατὰ
2502 2439 2719 2497 σύνεσιν
2744 2441 3025 2510 τοιαύτην,
3061 2442 3156 2495 καὶ
3187 2441 3326 2514 ἔργα
3348 2444 3417 2496 τὰ
3441 2443 3568 2497 κατ’

1996 2534 2170 2603 αὑτήν
2191 2550 2205 2564 ’
2238 2533 2803 2603 unanimantem“!
2827 2536 2907 2598 ὡς
2930 2536 3033 2589 οὐκ
3058 2534 3126 2590 ἂν
3146 2536 3365 2590 δύναιτο
3387 2538 3569 2590 συνιέ-

1995 2643 2084 2680 ναι
2139 2627 2210 2679 τὰ
2248 2626 2391 2679 κατὰ
2429 2625 2566 2679 Θεὸν
2593 2625 2884 2695 ἄνθρωπος
2951 2629 3089 2698 μήτε
3142 2628 3369 2697 μαθὼν,
3424 2631 3567 2699 μήτε

1999 2717 2285 2786 μανθάνων
2317 2718 2375 2769 ἐν
2399 2714 2476 2784 τῷ
2497 2715 2632 2778 ὅλως
2664 2714 3088 2783 ἀναγινώσκειν,
3123 2718 3154 2787 ἣ
3185 2717 3336 2780 θείας
3366 2720 3570 2785 ἀκροάο

1999 2827 2113 2870 σεις
2146 2808 2612 2879 περιεργάζεσθαι
2647 2809 2706 2880 (ὃ
2728 2809 2827 2864 καὶ
2878 2809 3014 2863 αὐτὸ
3067 2809 3363 2879 μαθήσεώς
3417 2811 3569 2880 ἐστιν

1996 2897 2199 2973 εἷδος)’
2239 2903 2378 2972 μηδὲ
2417 2903 2524 2971 μὴν
2588 2904 2902 2973 πρακτικὴν
2956 2902 3101 2969 ἔχειν
3132 2901 3355 2971 ἀρετὴν,
3401 2903 3437 2973 ἢ
3470 2903 3569 2955 καὶ

1993 2995 2132 3065 αὐτὴ
2175 2993 2431 3062 γνώσεως
2495 2995 2610 3048 ίδέα
2669 2994 3143 3049 καθυποὸάλλιται
3200 2994 3567 3056 θεοδιδάκτου,

1994 3089 2185 3143 ὁποίαν
2224 3091 2257 3159 ἠ
2285 3087 2607 3155 αὐτοσοφὶα,
2637 3090 2664 3139 ὁ
2696 3087 2851 3153 Θεὸς,
2876 3087 3147 3156 ἐλλάμπει
3166 3089 3279 3150 τοῖς
3309 3089 3403 3140 καὶ
3425 3105 3571 3158 πραε-

1994 3182 2201 3245 κτικῶς
2228 3181 2394 3236 αὐτὸν
2421 3177 2825 3250 θεραπεύουσιν
2846 3193 2858 3206 ·
2894 3176 2988 3242 οὓς
3022 3180 3117 3232 καὶ
3142 3178 3359 3241 tatem,-
3404 3178 3571 3242 δντας

1996 3269 2102 3326 οἶδε
2127 3273 2371 3341 σοφίζειν
2396 3272 2580 3334 αὑτός.

2070 3366 2213 3435 ρμβ’.
2258 3367 2379 3418 Ἔτι
2423 3365 2711 3433 δεδομένου
2762 3363 2856 3417 τοῦ
2895 3363 2996 3432 τὴν
3045 3362 3346 3433 μοναχικὴν
3395 3364 3565 3432 μετέ-ν

1995 3458 2179 3512 λευσιν
2212 3458 2408 3526 τέχνην
2447 3451 2587 3508 εἶναι
2614 3455 2818 3523 τεχνῶν
2852 3454 2946 3506 καὶ
2989 3454 3305 3523 ἐπιστήμην
3345 3454 3573 3521 ὶπιστηο

2001 3547 2136 3618 μῶν,
2161 3546 2189 3600 ὃ
2221 3546 2286 3617 δὴ
2317 3546 2411 3600 καὶ
2446 3546 2767 3616 φιλοσοφίας
2799 3546 2924 3614 ὅρος
2973 3544 3147 3606 ἐστὶν,
3199 3544 3286 3613 εἵη
3323 3543 3392 3597 ἂν
3422 3545 3515 3596 καὶ
3541 3544 3573 3595 ὸ

1999 3639 2310 3706 καταμόνας
2352 3639 2438 3690 ἐπ’
2486 3636 2665 3688 ἐλπίδι
2716 3638 2783 3705 τῇ
2833 3638 2916 3698 εἰς
2967 3634 3059 3687 τὸν
3117 3634 3274 3698 Θεὸν,
3327 3634 3424 3687 καὶ
3468 3634 3572 3704 τὴν

1999 3731 2122 3786 κατ’
2139 3731 2303 3786 αὐτὸν
2332 3730 2570 3799 θεωρίαν
2594 3727 3033 3798 κατῳκισμένας,
3054 3726 3348 3795 φιλόσοφος
3374 3725 3570 3788 ὅντως.

1998 3823 2317 3892 Φιλοσοφείν
2347 3821 2402 3876 δὲ
2432 3821 2547 3884 πῶς
2573 3820 2860 3889 περιέσται
2890 3820 3024 3883 mi,
3061 3818 3198 3887 μήτε
3220 3817 3572 3887 γραμμάτων

2003 3913 2122 3975 ἃλις
2154 3913 2355 3981 ἔχοντι,
2389 3915 2526 3982 μήτε
2568 3910 2647 3972 είς
2674 3908 2773 3979 τὴν
2821 3909 2959 3961 κατὰ
2996 3906 3217 3976 πνεῦμα
3259 3906 3574 3976 πρακτικὴν

2000 4006 2272 4075 ἐλλαμψιν
2302 4001 2687 4072 παρακύψαντι
2733 4018 2749 4063 ;
2780 4001 2900 4052 Ἔτι
2947 3999 3007 4051 τὸ
3054 3998 3275 4053 πάντων
3305 3996 3570 4066 ὕπερθεν,

336 4091 562 4163 ideoque
605 4095 850 4163 quietus.
886 4094 1044 4161 Quod
1087 4097 1134 4153 si
1168 4099 1453 4168 proximus
1486 4111 1591 4167 est,
1633 4111 1688 4156 et
1724 4104 1897 4160 intue-

2006 4095 2363 4167 παραστάτης
2401 4091 2538 4145 Θεοῦ
2574 4093 2602 4145 ὁ
2632 4092 2764 4157 πρὸς
2790 4088 3172 4159 κυριωνυμίαν
3212 4087 3448 4157 μοναχὸς
3478 4088 3573 4139 καὶ

333 4193 442 4251 tur,
482 4187 783 4242 secundum
832 4189 978 4243 istud
1020 4204 1036 4244 :
1112 4208 1130 4243 t
1198 4191 1398 4248 Vacate
1446 4202 1499 4247 et
1551 4194 1808 4263 videte",
1875 4217 1895 4250 ι

2004 4187 2072 4239 δι’
2094 4187 2226 4240 αὐτὸ
2259 4183 2635 4255 σχολαστικός.
2668 4183 2729 4234 Εί
2758 4183 2818 4235 δὲ
2852 4182 3220 4251 παραστατεῖ,
3246 4182 3345 4233 καὶ
3374 4179 3574 4247 θεωρεῖ

336 4273 500 4328 Deum
533 4277 765 4331 scilicet.
812 4276 981 4332 Deum
1029 4291 1209 4334 autem
1241 4296 1346 4348 qua
1374 4283 1585 4339 ratione
1609 4295 1897 4354 cngnoscet

2006 4280 2117 4349 ἄρα
2166 4279 2370 4330 ἐκεῖνον
2416 4273 2559 4328 κατὰ
2587 4274 2647 4327 τό
2682 4290 2697 4305 ο
2743 4293 2761 4325 ι
2793 4272 3126 4342 Σχολάσατε,
3180 4271 3277 4324 καὶ
3315 4270 3512 4338 γνῶτε,
3548 4289 3569 4321 ι

2042 4369 2236 4380 -μη
2326 4366 2514 4380 -.μ
2583 4364 2674 4380 η.
2764 4364 2803 4380 μ.
2897 4364 2919 4376 -
2999 4362 3024 4380 ς.
3099 4379 3102 4380 ,
3169 4361 3224 4380 ,.,
3281 4379 3322 4380 κν

335 4365 498 4420 homo
576 4367 843 4421 aliibobus
890 4369 1068 4423 oculis
1142 4369 1392 4438 orbatus,
1455 4390 1691 4442 quorum
1758 4393 1897 4432 unus

2003 4371 2098 4423 τὸν
2147 4369 2280 4422 Θεὸν
2321 4366 2546 4437 δηλαδή.
2581 4364 2715 4418 Θεὸν
2758 4364 2814 4416 δὲ
2844 4364 2961 4426 πῶς
2995 4362 3060 4416 ἂν
3095 4361 3248 4431 γνοίη
3274 4379 3360 4426 τις
3401 4378 3578 4431 πεπη-

335 4458 655 4526 practicam,
676 4468 725 4512 et
756 4459 895 4513 alter
920 4459 1181 4514 theoriam
1201 4461 1406 4530 dirigit;
1427 4480 1565 4534 quos
1584 4466 1725 4520 inter
1743 4468 1897 4523 breve

2009 4462 2251 4535 ρωμὲνος
2305 4459 2601 4528 ἑκατέρους
2645 4455 2964 4525 ὀφθαλμούς
2993 4470 3009 4519 ;
3039 4447 3114 4511 ὧν
3139 4455 3168 4507 ὁ
3200 4453 3302 4522 μὲν
3328 4452 3396 4506 τὰ
3432 4452 3579 4505 κατὰ.

337 4548 680 4623 intervallum
711 4559 764 4604 et
798 4549 980 4603 minus
1015 4550 1212 4619 capillo
1244 4555 1425 4608 tenui?
1478 4555 1730 4612 Profecto
1760 4562 1897 4613 enim

2008 4555 2228 4625 πρᾶξιν,
2262 4554 2290 4605 ὁ
2322 4553 2378 4606 δὲ
2413 4552 2479 4606 τὰ
2516 4550 2657 4604 κατὰ
2700 4548 2939 4616 θεωρίαν
2984 4545 3264 4611 διέξεισιν,
3297 4538 3373 4599 ὧν
3398 4544 3578 4613 ὀλίγον

338 4656 443 4692 non
498 4649 582 4694 est
626 4642 858 4696 scientia
909 4641 1167 4711 perfecta,
1201 4660 1320 4714 qua:
1353 4662 1476 4703 cum
1509 4650 1768 4719 operibus
1795 4666 1903 4706 non

335 4733 649 4798 concurrit;
703 4741 756 4784 et
816 4748 939 4800 qua:
981 4749 1144 4803 opera
1186 4751 1294 4791 non
1354 4739 1622 4794 illuminat
1662 4743 1906 4795 edacitate

335 4825 490 4886 Capta
525 4827 630 4873 est.
680 4820 743 4873 Et
789 4820 1106 4895 plerumque
1156 4824 1431 4882 illuminat
1469 4844 1530 4884 ex
1580 4829 1904 4899 Scripturis,

337 4912 390 4965 in
425 4911 625 4980 quibus
675 4914 1021 4983 reperiuntur
1062 4932 1219 4973 sacra
1280 4920 1559 4990 dogmata,
1612 4923 1902 4978 verborum

337 5003 700 5058 obscurorum
731 5007 1236 5077 interpretationes.
1273 5027 1444 5068 sacrae
1476 5014 1759 5079 historiae;
1788 5015 1905 5072 haec

341 5103 469 5149 sunt
500 5096 707 5153 lumina
758 5099 966 5167 divina,
1021 5101 1178 5172 signa
1234 5102 1473 5171 decoris,
1522 5104 1790 5176 imagines
1822 5109 1908 5162 in-

340 5187 684 5256 structionis,
736 5191 831 5246 lux
877 5184 1148 5248 benorum
1181 5208 1434 5264 operum,
1480 5203 1534 5251 et
1564 5198 1910 5254 rectitudinis

341 5277 572 5336 stimuli.

417 5367 539 5423 H3.
565 5369 713 5435 Quos
734 5388 834 5443 ego
870 5374 1124 5445 optabam
1152 5375 1415 5449 colligere
1445 5378 1706 5448 profanas
1734 5380 1911 5436 histo-

343 5456 477 5524 τίεις,
530 5464 834 5520 sententias
882 5477 935 5521 et
989 5467 1304 5537 proverbia,
1346 5486 1412 5528 ex
1452 5469 1654 5543 quibus
1700 5472 1910 5527 mendi-

423 5632 469 5665 "
517 5634 774 5706 Psal.vt.,
831 5639 919 5695 H'.
1014 5642 1019 5647 ’

2005 4649 2068 4701 τὸ
2104 4645 2329 4716 μεταξὺ,
2360 4644 2456 4697 καὶ
2486 4642 2611 4695 ὅσον
2641 4640 2763 4694 οὐδὲ
2792 4640 3062 4710 λεπτότης
3108 4639 3317 4709 τριχός.
3359 4637 3578 4706 Θεωρία

2006 4758 2064 4792 τε
2094 4739 2205 4807 γὰρ
2234 4740 2264 4807 ή
2300 4736 2518 4806 ἐντελὴς
2547 4736 2646 4789 οὐκ
2673 4734 2738 4788 ἂν
2772 4733 2856 4800 εἴη
2882 4734 2948 4802 τῇ
2983 4731 3182 4801 πράξει
3222 4729 3577 4799 ἀσύντροχος.

2007 4828 2101 4881 καὶ
2150 4826 2351 4899 πρᾶξιν
2402 4825 2456 4878 δὲ
2497 4824 2574 4895 μὴ
2624 4822 2906 4893 θεωροῦσα
2950 4820 3319 4888 τετύφλωται.
3372 4819 3581 4888 Θεωρεί

2008 4923 2063 4975 δὲ
2094 4922 2160 4974 τὰ
2191 4920 2363 4974 πολλὰ
2400 4919 2488 4971 διὰ
2521 4916 2746 4988 βίϐλων,
2789 4909 2877 4978 αἷς
2914 4917 3012 4968 καὶ
3040 4914 3290 4983 δόγματα
3327 4914 3452 4983 ιερὰ
3483 4916 3582 4982 ἔμ-

2010 5013 2348 5084 περιέχεται,
2382 5011 2477 5063 καὶ
2508 5008 2738 5079 γραφῶν
2768 5005 3104 5077 ἀπορρήτων
3139 5003 3462 5070 ἀνάπτυξις,
3490 5002 3583 5056 καὶ

2010 5107 2157 5176 ἱεραὶ
2193 5103 2431 5174 ἱστορίαι
2460 5120 2473 5133 ·
2512 5102 2700 5173 φάκτα
2747 5098 2866 5153 θεῖα
2903 5099 3134 5162 ἐκεῖναι,
3189 5096 3399 5158 εἰκόνες
3457 5112 3583 5148 παι-

2010 5198 2267 5261 δεύσεως,
2303 5194 2459 5263 φῶτα
2500 5193 2755 5263 πράξεων
2803 5189 3046 5259 ἀγαθῶν,
3113 5188 3461 5258 χαρακτῆρες
3493 5185 3583 5239 εύ-

2020 5306 2120 5358 σχη
2131 5289 2391 5356 μοσύνης,
2425 5284 2723 5355 ὀρθότητος
2754 5280 3031 5351 προκεντή
3041 5297 3205 5348 ματα.

2093 5376 2220 5449 ρμγ⁹
2283 5376 2425 5447 Ἐγὼ
2454 5375 2512 5430 δὲ
2534 5375 2722 5447 ἡθελοι
2745 5376 2874 5438 τοὺς
2903 5371 3182 5437 τοιούτους
3225 5374 3320 5427 καὶ
3348 5368 3585 5442 ἱστορίας

2017 5468 2348 5542 ὲξωτερικὰς
2394 5466 2729 5536 ἀνθολογεῖν,
2766 5466 2858 5522 καὶ
2902 5464 3129 5536 γνώμας
3161 5465 3261 5518 καὶ
3306 5463 3584 5534 ἀποφθέγ-
