3992 6240
327 239 439 302 855

1005 233 1429 297 EUSTATHII
1471 228 2238 294 THESSALONICENSIS
2286 224 2839 290 METROPOLITAE

3483 223 3599 289 856

328 354 567 412 sollicite
595 352 812 411 fodiens
845 353 1184 409 metallieum
1210 351 1492 421 pulverem
1514 350 1685 413 lavat,
1719 349 1904 420 paleas

2024 364 2067 400 rs
2097 348 2386 419 χειμάρρῳ
2414 348 2468 400 εῐ
2502 364 2586 409 τις
2615 345 2896 416 ἐπιμελῶς
2926 342 3252 415 ἀνορύσσων
3297 341 3599 414 ἀποπλύνῃ

327 445 512 501 brevis
543 444 662 498 auri
695 452 789 498 aut
826 443 1038 514 argenti
1067 442 1292 498 obscuri
1326 441 1503 511 eligit,
1540 448 1596 495 et
1635 440 1904 509 reliquum

326 535 635 600 metallum,
666 536 971 606 particulas
1023 549 1198 591 aereas
1247 534 1333 590 vel
1387 534 1528 590 aciei
1578 544 1759 588 atoma
1795 548 1905 587 non

328 627 554 683 adducit
602 630 667 682 ad
700 629 907 692 lucem,
937 622 1282 683 omnia'vero
1307 643 1478 698 grana
1521 628 1903 698 projiciuntur.

327 720 441 774 Cur
469 728 651 774 autem
690 718 797 772 alia
830 728 997 788 atque
1033 719 1126 775 isti
1156 717 1357 773 fratres
1386 733 1494 772 non
1527 720 1665 788 agis,
1696 727 1751 773 ct
1782 728 1907 772 tuos

326 808 546 863 labores
572 810 713 862 inter
742 807 1048 876 indigentes
1078 824 1187 863 non
1220 806 1459 863 dividis?
1485 808 1551 861 Et
1576 822 1738 877 «piam
1765 806 1906 860 mul-

328 901 401 955 tis
449 899 827 970 indigentibus
872 899 1032 955 facile
1091 909 1147 954 et
1197 899 1344 970 large
1392 896 1612 962 dividis,
1659 898 1753 969 qui
1798 911 1906 951 non

326 990 505 1045 solum
555 991 838 1046 mendicos
911 991 981 1046 ad
1041 989 1352 1054 ditandum,
1401 988 1499 1045 sed
1570 990 1763 1052 etiam,
1813 987 1906 1041 ubi

327 1083 589 1153 possibile
632 1091 737 1146 est,
771 1084 922 1154 rapis
960 1082 1065 1136 sub
1113 1089 1378 1150 praetextu
1424 1080 1749 1135 oeconomiae
1792 1091 1910 1131 mo-

327 1172 593 1229 nasterii?
625 1172 730 1240 Qui
776 1188 994 1244 semper
1016 1172 1255 1242 colligis,
1281 1181 1336 1226 et
1364 1185 1645 1240 nunquam
1683 1168 1906 1230 dividis,

326 1272 386 1316 ut
433 1264 667 1334 imperat
707 1263 854 1320 Deus
882 1265 1167 1319 monachis
1199 1277 1410 1331 magnae
1442 1262 1706 1327 civitatis,
1750 1262 1906 1327 solis,

328 1365 388 1410 ut
410 1357 654 1420 videtur,
676 1365 729 1409 et
759 1356 1048 1425 quibusvis
1068 1354 1199 1410 alibi
1229 1369 1420 1409 eorum
1445 1354 1739 1409 similibus.
1770 1353 1911 1408 Huic

326 1447 473 1502 enim
500 1448 742 1517 loquenti
776 1463 873 1503 vos
907 1462 1015 1502 non
1044 1447 1460 1515 obtemperetis.

397 1625 525 1681 452.
586 1626 645 1681 Si
695 1638 900 1693 tamen,
955 1641 988 1680 ο
1048 1626 1297 1696 praelate,
1348 1624 1769 1681 concedendum
1823 1634 1909 1681 est

2010 438 2103 490 τὸν
2131 438 2260 508 χοῦν
2293 436 2734 505 μεταλλευτικῶς
2763 434 2936 505 βραχύ
2968 452 3021 488 τι
3053 433 3252 505 ψῆγμα
3300 431 3599 503 χρύσεονῆ

2009 530 2230 599 ἀσήμου
2261 528 2507 599 ἀργύρου
2539 527 2840 592 ἐκλέξεσται⁸
2874 527 2936 578 τὸ
2956 524 3014 579 δὲ
3043 524 3235 577 λοιπὸν
3261 525 3366 594 τῆς
3393 522 3605 593 μεταλ-

2011 622 2163 684 λείας
2194 620 2406 691 μήποτε
2434 620 2559 673 οὑδέ
2599 619 2806 689 χάλκεα
2844 617 3198 686 παραυγάζει
3232 615 3527 685 ψηγμάτια
3559 611 3605 683 ἢ

2012 713 2239 784 σιδηρᾶς
2271 713 2532 782 ἀτόμουςο
2578 710 2715 765 ἀλλά
2750 710 2814 764 τὸ
2848 710 2958 765 πᾶν
3003 707 3233 779 ψαμμὶα
3278 709 3424 760 εἰσὶν
3455 706 3608 759 ἀπό-

2012 805 2207 873 ϐλητα.
2240 806 2305 858 Τί
2335 804 2394 859 δὲ
2419 804 2554 859 ἀλλά
2581 801 2850 866 τοιούτοις
2886 803 2986 873 μὲν
3011 801 3259 869 ἀδελφοῖς
3287 797 3351 852 οὐ
3376 798 3600 884 πονεῖς,

2014 897 2313 968 μεταδίδως
2337 896 2393 950 δὲ
2417 897 2526 951 τῶν
2558 897 2669 951 σῶν
2699 898 3036 977 πονημάτων
3063 895 3177 957 τοῖς
3209 891 3456 954 ἐνδεέσι;
3484 890 3608 942 Καὶ

2013 993 2189 1053 ποίοις
2219 992 2451 1048 ἐκεινοις
2475 991 2956 1063 ἀπραγματεύτως
2989 986 3315 1058 ἐνδαψιλεύῃ
3343 985 3602 1056 πένησιν,

2011 1086 2040 1139 ὁ
2084 1085 2160 1155 μὴ
2195 1084 2277 1138 ὅτι
2317 1101 2380 1153 γε
2417 1084 2690 1154 μεταιτῶν
2747 1083 2817 1137 τά
2870 1084 2949 1145 εἰς
2992 1079 3349 1150 πλουτισμδν,
3400 1078 3521 1132 ἀλλ’
3550 1076 3613 1129 ετ

2013 1195 2117 1231 που
2169 1177 2418 1242 δυνατὸν,
2461 1179 2557 1231 καὶ
2610 1175 2959 1246 ἀφαρπάζων
3009 1174 3281 1244 προφάσει
3332 1170 3446 1225 τῶν
3497 1172 3605 1240 τῆς

2016 1271 2223 1340 μονῆςς
2262 1270 2358 1323 καὶ
2390 1270 2481 1323 ἀεὶ
2505 1268 2600 1323 τοῦ
2633 1270 2896 1338 συνάγειν
2931 1265 3030 1333 ὣν,
3064 1265 3248 1319 οὐκέτι
3278 1264 3335 1319 δέ
3377 1263 3474 1318 καὶ
3499 1262 3602 1316 τοῦ

2016 1364 2360 1434 σκορπίζειν,
2392 1364 2467 1426 ὡς
2501 1363 2789 1417 ἐπιτάσσει
2844 1364 2873 1415 ὁ
2923 1360 3058 1424 Θεὸς
3084 1361 3198 1423 τοῖς
3234 1356 3605 1427 μεγαλοπολι-

2012 1473 2135 1517 ταις
2170 1453 2379 1525 μόνοις,
2401 1453 2477 1517 ὼς
2505 1452 2674 1516 ἔοικε,
2702 1452 2798 1505 καὶ
2826 1452 2963 1514 τοῖς,
2983 1452 3096 1504 ὅσοι
3128 1446 3312 1503 ἄλλοθί
3341 1464 3447 1501 που
3470 1445 3604 1500 κατ’

2011 1547 2229 1609 αὐτούς.
2277 1544 2468 1614 Ὑμεῖς
2498 1543 2609 1612 γὰρ
2636 1539 2784 1612 αὐτῷ
2812 1539 3153 1594 διαλαλοῦντι
3184 1536 3485 1606 κωφεύετσ.

2086 1637 2226 1708 ρνβ’.
2253 1636 2403 1698 Τέως
2437 1651 2500 1702 γε
2524 1635 2653 1706 μὴν,
2682 1626 2727 1687 ὧ
2756 1630 3166 1704 προκαθήμενε,
3191 1630 3240 1682 si
3264 1630 3361 1683 καὶ
3386 1627 3598 1690 δοτέον,

326 1720 630 1775 monachos
660 1722 808 1774 circa
847 1719 1085 1788 plurima
1134 1718 1345 1773 turbari
1379 1733 1565 1788 posse,
1606 1729 1660 1774 et
1707 1717 1908 1773 debere

2024 1697 2215 1800 χρῆναι
2248 1697 2544 1794 τυρϐάζειν
2587 1697 2714 1789 τοὺς
2761 1697 3037 1795 μοναχους
3091 1722 3186 1776 ἐπὶ
3226 1720 3469 1786 πολλοῖς,
3498 1719 3600 1773 καὶ

326 1812 384 1866 in
419 1812 624 1865 mundo
647 1812 1002 1878 conversari;
1043 1825 1207 1881 quam
1252 1812 1323 1864 ob
1358 1824 1583 1864 causam
1629 1816 1685 1863 tu
1735 1824 1902 1862 manu

325 1900 549 1972 propria
590 1900 755 1955 istum
802 1899 1050 1953 laborem
1100 1899 1366 1970 suscipis,
1402 1914 1528 1954 cum
1565 1898 1704 1955 alios
1732 1898 1904 1955 habes

326 1993 653 2063 operarios?
679 1991 791 2047 Cur
837 1992 957 2060 ipse
990 2007 1098 2046 non
1141 1995 1313 2047 instas
1344 1992 1412 2047 iis
1440 1993 1630 2057 rebus,
1667 2006 1900 2061 quarum

325 2084 644 2141 Sollicitudo
673 2099 702 2137 a
730 2082 845 2138 Deo
873 2083 986 2139 tuis
1012 2084 1222 2139 credita
1249 2095 1351 2149 est,
1388 2092 1444 2139 et
1472 2083 1751 2153 apostolos
1787 2083 1907 2136 vul-

326 2192 399 2245 go
426 2176 834 2231 ministraturos
864 2191 974 2229 non
1029 2176 1246 2231 mittis?
1286 2176 1393 2231 Sed
1429 2177 1751 2245 frequenter
1777 2191 1904 2230 cum

325 2269 410 2323 eis
445 2264 747 2336 egrederis,
786 2275 846 2322 ut
875 2267 1164 2334 centurio;
1210 2275 1266 2321 et
1298 2268 1585 2322 monachis
1625 2268 1905 2323 nonnullis

326 2356 395 2410 ad
426 2355 771 2424 sequendum
802 2357 858 2410 in
900 2357 1017 2412 acie
1045 2364 1296 2412 extrema
1326 2357 1620 2421 ordinatis,
1655 2359 1775 2413 aliis
1800 2373 1903 2412 au-

325 2457 438 2504 tem
467 2448 532 2503 ad
568 2456 734 2518 caput
769 2449 1106 2518 praepositis,
1133 2448 1251 2519 ipse
1289 2451 1506 2504 medius
1555 2450 1672 2519 agis
1711 2451 1907 2504 trium-

325 2540 540 2611 phum?
566 2548 622 2595 et
647 2541 766 2595 vias
798 2540 1116 2611 praeteriens
1142 2541 1343 2611 ianuas
1388 2540 1678 2610 ell‘ringis?
1715 2541 1770 2595 Si
1805 2557 1906 2612 po-

329 2634 589 2697 tentium,
645 2631 787 2688 forte
832 2632 1134 2702 gloriosum
1190 2641 1376 2697 esset,
1425 2633 1519 2686 sed
1569 2633 1905 2701 privatorum

328 2725 742 2798 piererumque,
775 2731 829 2779 et
881 2723 1105 2778 minime
1141 2739 1454 2793 procerum.
1505 2722 1748 2789 Quarum
1781 2740 1904 2779 cum

327 2819 510 2874 velum
546 2828 837 2875 externum
877 2819 1168 2875 reductum
1221 2817 1411 2884 fuerit,
1464 2817 1641 2872 multa
1668 2818 1800 2889 juga
1852 2817 1906 2871 in

330 2915 522 2973 limine
542 2913 821 2970 manentia
862 2920 1102 2987 ascetam
1135 2910 1286 2965 intus
1310 2910 1720 2979 esseindicant,
1754 2912 1916 2981 spiri-

2016 1820 2300 1889 κοσμικῶς
2347 1817 2790 1889 ἀναστρέφεσθαι
2815 1830 2830 1847 ⁸
2866 1816 2918 1870 τι
2954 1815 3019 1885 δή
3057 1831 3189 1868 ποτε
3224 1815 3290 1867 σὺ
3338 1813 3601 1882 αὐτόχειρ

2016 1886 2259 1986 ἀναδέχῇ
2284 1911 2376 1964 τὸν
2406 1886 2649 1964 τοιοθτον
2683 1908 2959 1980 κάματον,
3010 1905 3205 1969 ἄλλους
3234 1903 3375 1976 ἔχων
3409 1921 3597 1975 καμα-

2017 2003 2258 2077 τηρούς;
2295 2001 2361 2057 Ti
2403 2004 2460 2056 δέ
2506 2001 2583 2073 μὴ
2618 2000 2780 2063 αὐτὸς
2826 1999 2924 2070 μὲν
2966 1997 3277 2069 προσέχεις,
3304 1991 3387 2058 οἷς
3418 1992 3600 2065 χρεὼν

2020 2095 2381 2165 προσανέχειν
2402 2094 2531 2156 τοὺς
2560 2090 2703 2145 κατά
2732 2091 2792 2145 σέ
2820 2091 3110 2160 θειότερον,
3135 2089 3252 2151 ταῖς
3283 2086 3339 2142 δὲ
3367 2087 3600 2155 τύρϐαις

2018 2187 2352 2248 ἀποστόλους
2412 2186 2656 2255 πέμπεις
2715 2185 3181 2254 διακονήσονταςς
3238 2178 3379 2233 ἀλλά
3429 2178 3597 2248 συχνὰ

2021 2280 2427 2352 προερχόμενος
2460 2278 2577 2348 ἅμα
2627 2275 2880 2340 ἐκείνοις,
2911 2277 2988 2339 ὡς
3017 2269 3108 2328 οἷα
3141 2275 3237 2328 καὶ
3277 2272 3602 2341 φαλαγγαρ-

2018 2391 2143 2443 χης,
2179 2372 2276 2426 καὶ
2321 2372 2448 2433 τοὺς
2495 2370 2594 2440 μὲν
2636 2369 2742 2443 τῶν
2775 2367 3029 2438 μοναχῶν
3060 2365 3329 2436 οὐραγοὺς
3364 2361 3599 2417 ἔπεσθαι

2017 2464 2208 2530 τάξας,
2248 2465 2372 2526 τοὺς
2398 2462 2457 2515 δὲ
2486 2461 2561 2525 ὡς
2598 2461 2679 2523 εἰς
2712 2461 2892 2530 στόμα
2927 2457 3395 2529 προϐαλλόμενος,
3434 2454 3601 2524 μέσος

2020 2556 2182 2620 αὐτὸς
2235 2554 2581 2627 πομπεύεις;
2620 2553 2716 2606 καὶ
2756 2548 3203 2622 προφορούμενος
3256 2547 3356 2610 τὰς
3408 2545 3599 2607 ὁδοὺς,

2023 2648 2194 2718 θύρας
2224 2646 2535 2718 ἐκτρίϐεις;
2577 2644 2758 2698 Καλὸν
2789 2642 2890 2713 μὲν
2921 2643 3077 2708 ἴσως,
3107 2641 3205 2694 ἐάν
3251 2641 3602 2694 δυναστευτι-

2024 2741 2149 2803 κάς·
2184 2738 2323 2808 πλὴν
2369 2736 2505 2789 ἀλλά
2562 2736 2662 2798 τὰς
2715 2735 2939 2797 πλείους
2990 2732 3284 2798 ἰδιωτικὰς,
3333 2730 3433 2786 καὶ
3478 2729 3603 2784 οὒδέ

2025 2831 2353 2901 ἐπισήμους·
2388 2822 2466 2881 ὧν
2514 2827 2615 2897 τῆς
2667 2827 2778 2880 ἔσω
2823 2822 3603 2892 αὑλαὶας”ἀποστενουμένης,

2024 2925 2093 2977 τά
2140 2923 2311 2976 πλείω
2339 2920 2447 2975 τῶν
2478 2918 2788 2987 ὑποζυγίων
2818 2917 3026 2991 θύραζε
3060 2917 3296 2988 μένοντα
3340 2926 3603 2985 καταμηο

328 3010 616 3077 “aliqu
670 3018 953 3075 βετωεετθ-
985 3002 1125 3057 Num
1166 3002 1390 3072 ignoras
1436 3000 1674 3058 “iamne
1712 3002 1917 3058 Ῐηνῖιιω
1943 3043 1987 3104 c
2031 3016 2249 3069 νὺουσιν
2280 3014 2387 3066 ἔσω
2421 3007 2560 3065 εῖναι
2587 3011 2677 3067 τὸν
2711 3010 2977 3080 ἀσκητὴν,
3025 3009 3120 3064 καὶ
3153 3007 3506 3080 καταρτίζειν
3533 3005 3603 3061 τά

330 3115 459 3157 esse
502 3095 811 3169 quemlibet
850 3104 1110 3159 ascetam,
1155 3104 1214 3150 et
1262 3093 1388 3151 ideo
1437 3093 1615 3149 turbas
1662 3095 1915 3161 invium,

330 3196 429 3252 sed
458 3192 680 3249 diﬁcile
708 3191 980 3248 obvium?
1019 3189 1123 3258 Qui
1160 3191 1206 3247 si
1236 3191 1460 3262 quando
1491 3191 1646 3248 exire
1678 3191 1915 3262 cogitur,

331 3284 527 3343 metuit
544 3283 777 3339 maxime
788 3284 1017 3340 neinter
1027 3284 1256 3342 delicias
1275 3284 1601 3353 triumphet,
1619 3284 1915 3341 circuitum

332 3380 657 3452 quibusdam
678 3379 919 3437 tenebris
938 3380 1189 3448 involvit,
1205 3395 1272 3436 nc
1285 3395 1315 3434 a
1333 3380 1627 3436 mundanis
1643 3381 1920 3448 videatur,

333 3473 426 3543 qui
445 3472 690 3529 caelestis
715 3486 843 3529 esse
873 3473 1183 3544 praesumit.
1208 3471 1320 3527 Cur
1338 3485 1475 3551 ergo
1490 3472 1573 3543 (ut
1594 3473 1791 3542 loquar
1809 3487 1923 3527 ma-

334 3565 504 3635 jora).
541 3579 663 3620 cum
707 3578 909 3636 magno
954 3563 1067 3619 Deo
1112 3564 1462 3635 promiseris,
1501 3563 1777 3621 similibus
1794 3579 1923 3634 ope-

334 3655 492 3711 ribus
504 3671 615 3711 non
651 3655 1063 3712 sanctiﬁcaris?
1088 3665 1143 3710 et
1172 3657 1283 3711 isto
1309 3661 1474 3713 modo
1510 3656 1844 3722 celebratus,
1868 3666 1921 3712 ct

336 3750 515 3804 lactus
530 3747 902 3818 insignismon
919 3746 1092 3802 trahis
1104 3747 1708 3819 discipulos,allicisque
1723 3764 1920 3820 magno

336 3843 494 3908 fune,
519 3841 736 3897 scilicet
756 3840 978 3896 sincqu
1010 3841 1342 3897 cbaritatis?
1373 3843 1445 3897 ita
1468 3852 1528 3897 ut
1558 3857 1788 3898 necesse
1811 3858 1921 3897 non

334 3936 409 3990 sit
425 3943 480 3990 te
495 3934 561 3989 ad
575 3933 712 3989 alios
722 3933 994 3999 exire,sed
1011 3932 1114 4004 ipsi
1129 3921 1195 3987 ad
1213 3944 1263 3988 te
1281 3933 1598 3988 alliciantur
1610 3949 1674 3988 ex
1690 3932 1926 3989 admira-

336 4029 509 4093 tione,
529 4035 582 4082 te
596 4028 859 4082 invocent
878 4040 1003 4082 cum
1030 4025 1214 4082 studio
1230 4025 1482 4082 dicentes
1506 4042 1521 4080 :
1550 4045 1569 4078 ι
1592 4025 1822 4094 Quando
1840 4042 1926 4083 ve-

337 4121 485 4173 niam
504 4128 557 4174 et
576 4118 856 4189 apparebo
871 4127 995 4172 ante
1008 4128 1368 4188 conspectum
1388 4118 1434 4150 ³³
1451 4117 1556 4176 divi
1584 4118 1879 4174 monachi?
1902 4139 1920 4172 ι

2024 3107 2398 3178 πνευματικά.
2445 3107 2558 3159 Οὐκ
2589 3102 2758 3169 οἶδας,
2801 3104 2883 3157 ὅτι
2915 3102 3207 3174 ἀπρόσιτος
3238 3102 3317 3164 ὠς
3363 3099 3600 3154 ἐπιπολὺ

2025 3196 2170 3260 ἅπας
2199 3193 2466 3265 ἀσκητὴς,
2496 3193 2566 3246 δι’
2603 3193 2735 3246 αὐτὸ
2780 3191 2838 3246 δέ
2880 3195 2973 3246 καὶ
3005 3192 3297 3261 ἀπρόσιτος
3325 3193 3439 3254 τοῖς
3471 3188 3604 3244 πολ-

2023 3288 2156 3355 λοῖς,
2208 3287 2243 3358 ἦ
2283 3287 2683 3356 δυσπρόσιτοςς
2720 3285 2786 3338 El
2817 3284 2873 3338 δέ
2905 3300 3036 3338 ποτε
3084 3284 3179 3338 καὶ
3211 3284 3465 3352 προϊέναι
3492 3283 3599 3354 χρὴ

2024 3380 2120 3433 τὸν
2177 3379 2436 3441 τοιοῦτον,
2494 3377 2646 3429 ὀκνεῖ
2700 3376 2919 3437 πάντως
2969 3375 3179 3437 ἐκεῖνος
3243 3372 3602 3444 θριαμϐεύειν

2028 3468 2344 3539 ἁδρότερον,
2375 3466 2658 3536 τιθέμενος
2701 3468 2768 3536 τῇ
2814 3466 3049 3537 ἐντροπῇ
3096 3465 3424 3536 ἀποκρυφῦμι
3451 3482 3601 3531 τινα,

2030 3562 2107 3634 μὴ
2148 3562 2241 3614 καὶ
2272 3560 2527 3633 βλέποιτο
2581 3563 2695 3622 τοῖς
2730 3559 2825 3612 τοῦ
2869 3559 3079 3629 κόσμου
3115 3560 3142 3612 ὁ
3186 3560 3285 3629 τὴν
3342 3556 3603 3630 πρόθεσιν

2027 3651 2415 3721 ὑπερκόσμιος.
2463 3649 2617 3703 Aturi
2651 3648 2708 3702 δέ
2755 3648 2866 3719 (ἵνα
2911 3666 2964 3701 τι
3020 3649 3116 3703 καὶ
3177 3646 3362 3718 μεῖζον
3415 3647 3601 3716 εἴπω),

2029 3740 2245 3813 μεγάλα
2295 3740 2673 3812 ὑπεσχημένος
2703 3738 2784 3810 τῷ
2827 3738 2967 3809 Θεῷ,
3000 3740 3101 3792 οὐκ
3155 3738 3439 3803 ἐνθεάζεις
3482 3740 3604 3802 ταῖς

2030 3837 2264 3908 πράξεσι
2294 3837 2417 3890 κατ’
2448 3838 2671 3904 ἐκεῖνα;
2717 3835 2993 3892 καϊοῦτω
3044 3837 3459 3909 καταμηνυθεὶς
3509 3838 3604 3890 καὶ

2032 3931 2361 3996 ἐξάκουστος
2387 3928 2654 4001 γεγονὼς,
2686 3930 2892 4005 ἐφέλκῃ
2919 3930 3046 3994 τοὺς
3078 3931 3450 4002 μανθάνοντας
3480 3933 3603 3984 ἐπι-

2032 4025 2320 4094 σπώμενος
2364 4025 2422 4076 ἐν
2455 4024 2673 4095 σχοινιῳ
2725 4022 2946 4096 μακρῷ,
2974 4023 3053 4093 τῷ
3093 4024 3217 4080 κατ’
3260 4026 3464 4098 ἀρετὴν
3509 4027 3602 4098 δη-

2033 4117 2248 4183 λονότι;
2278 4116 2353 4179 ὡς
2386 4116 2636 4170 ἐντεῦθεν
2667 4116 2740 4187 μὴ
2764 4118 3010 4189 ἀνάγκην
3041 4113 3182 4172 εἶναι
3213 4136 3270 4172 σε
3299 4121 3453 4191 παρὰ
3479 4123 3601 4186 τοὶς

336 4210 531 4276 ἄλλους
561 4213 775 4282 φοιτᾷν,
804 4211 921 4265 ἀλλ’
957 4210 1200 4272 ἐκείνους
1229 4210 1324 4263 ἐπὶ
1351 4212 1410 4264 σέ
1437 4211 1593 4282 ἥκειν
1619 4211 1894 4282 ἀγιασμοῦ
1921 4211 2103 4284 χάριν,
2134 4209 2230 4265 καί
2255 4227 2356 4265 που
2387 4206 2482 4263 καὶ
2510 4210 2853 4277 ποτνιᾶσθαι,
2881 4209 3141 4279 λέγοντας
3163 4210 3595 4284 ἐπιθυμητικῶς·

344 4320 366 4355 ι
397 4305 536 4360 Πότε
586 4307 724 4378 ἥξω,
755 4307 853 4361 καὶ
910 4307 1223 4380 ὀφθήσομαι
1277 4307 1359 4379 τῷ
1421 4309 1704 4379 προσώπῳ
1753 4308 1847 4361 τοῦ
1892 4308 2080 4371 ἐνθέου
2108 4304 2380 4377 μοναχοῦς
2425 4322 2444 4357 ο
2943 4388 2946 4393 Ι

414 4398 539 4454 155.
584 4399 689 4455 Sed
738 4399 808 4455 ad
861 4400 995 4470 quid
1041 4403 1147 4456 ista
1191 4403 1375 4459 dicere
1411 4402 1727 4457 hominibus
1781 4416 1913 4472 quos

2104 4402 2238 4472 ρνγ’.
2273 4401 2340 4454 Τί
2371 4397 2418 4452 δ’
2450 4398 2590 4452 ἀλλά
2624 4397 2794 4452 ταῦτα
2815 4399 2960 4467 λέγω
2986 4397 3320 4469 ἀνθρώποις,
3349 4397 3445 4462 οὓς
3467 4399 3601 4469 μᾶλ-

338 4500 488 4545 csset
522 4491 713 4548 utilius
763 4502 917 4548 extra
949 4494 1262 4549 coenobium
1303 4495 1520 4566 degere,
1566 4511 1730 4566 quam
1776 4496 1920 4549 intra

342 4584 666 4639 remanere?
689 4585 901 4641 Exinde
931 4587 1076 4640 enim
1103 4587 1290 4642 emissi
1324 4589 1601 4643 licentiam
1636 4588 1769 4643 nihil
1802 4602 1922 4641 om-

343 4673 478 4730 nino
498 4676 694 4746 agendi
719 4685 1020 4732 censentur
1041 4678 1500 4749 habere.Aliqnid
1526 4691 1707 4734 tamen
1731 4680 1924 4735 viden-

343 4774 434 4818 tur
475 4780 661 4835 agere,
693 4766 741 4821 si
773 4782 879 4821 non
930 4767 1106 4832 aliud,
1155 4769 1348 4825 saltem
1398 4771 1673 4825 nudantes
1730 4770 1920 4841 pedes,

343 4868 509 4927 atque
543 4858 794 4914 sensibus
832 4859 943 4915 late
973 4863 1375 4931 percipieutes;
1411 4864 1466 4918 in
1516 4863 1786 4919 asceterio
1819 4878 1921 4917 an-

345 4964 452 5007 tem
487 4952 617 5008 dutn
651 4962 958 5022 remanent,
989 4956 1144 5025 quasi
1185 4956 1443 5010 manibus
1482 4964 1538 5010 et
1574 4954 1803 5025 pedibus
1827 4969 1921 5010 ca-

344 5054 527 5114 reant,
549 5046 774 5102 omnino
796 5048 960 5104 Otiosi
995 5064 1171 5118 usque
1195 5048 1262 5103 ad
1294 5058 1523 5103 mortem
1548 5059 1922 5119 perseverant.

349 5137 589 5194 Litteras
623 5140 846 5210 quidem
885 5155 994 5196 non
1042 5149 1337 5207 noverunt,
1384 5155 1509 5194 cum
1565 5141 1813 5210 plerique
1853 5157 1926 5197 ex

349 5230 587 5286 oﬂicinis
615 5231 860 5299 veniant,
907 5243 1004 5286 aut
1039 5232 1202 5285 aliam
1241 5241 1414 5287 artem
1456 5233 1834 5300 exercuerim;
1871 5243 1928 5289 et

350 5338 463 5379 non
490 5323 617 5379 dico
643 5324 710 5378 de
735 5324 1201 5395 quibuscumque,
1241 5325 1335 5379 sed
1377 5334 1429 5379 et
1466 5324 1533 5379 de
1569 5325 1927 5396 peritioribus

352 5415 697 5484 artiﬁcibus;
730 5416 886 5472 multi
941 5419 1308 5487 compitorum
1356 5420 1520 5474 etiam
1563 5429 1690 5474 sunt
1714 5419 1926 5486 incolae,

352 5504 429 5561 ita
466 5517 523 5561 ut
557 5522 736 5578 neque
781 5508 1047 5564 librorum
1079 5510 1298 5567 casulas
1332 5511 1396 5567 ad
1434 5511 1769 5583 acquirendo
1817 5512 1933 5582 spi»

423 5679 471 5714 ³³
509 5680 655 5736 Psal.
690 5700 806 5744 xu.
830 5686 887 5739 5.

2029 4496 2118 4547 λον
2148 4494 2432 4563 συμφέρον
2458 4487 2526 4563 ἦν
2561 4490 2665 4556 ἐξω
2698 4488 2790 4542 τοῦ
2827 4491 3248 4562 φροντιστηρίου
3279 4490 3599 4558 διατρίϐειν,

2028 4587 2174 4657 ἥπερ
2200 4586 2347 4640 ἔνδον
2380 4588 2594 4655 μένειν;
2625 4584 3092 4655 Προενηνεγμένοι
3117 4584 3218 4657 μὲν
3238 4583 3348 4656 γάρ
3369 4584 3596 4652 ἐκεῖθεν,

2031 4676 2308 4743 ἁδειάζειν
2335 4677 2553 4732 δοκοῦσι
2580 4677 2677 4732 τοῦ
2709 4679 2889 4746 πάντη
2924 4679 3135 4751 ἀργεῖν.
3170 4678 3279 4731 Καί
3303 4694 3355 4729 τι
3383 4675 3597 4745 φαίνον-

2027 4786 2120 4823 ται
2154 4774 2350 4834 ποιεῖν,
2390 4774 2441 4825 εἰ
2493 4771 2661 4843 μηδὲν
2710 4771 2860 4837 ἄλλο,
2912 4771 3196 4825 ἀλλὰκαὶ
3256 4770 3381 4832 τοὺς
3438 4770 3597 4832 πόδας

2030 4865 2428 4935 γυμνάζοντες,
2460 4865 2555 4918 καὶ
2595 4866 2717 4926 ταῖς
2762 4860 3080 4933 αἰσθήσεσιν
3111 4861 3192 4924 εἰς
3240 4859 3416 4912 πλατὺ
3451 4862 3598 4928 ἐνερ-

2033 4957 2279 5027 γοῦντες
2312 4956 2405 5010 τοῦ
2432 4956 2490 5010 δὲ
2523 4956 2864 5025 ἀσκητηρὶου
2894 4954 3068 5019 ὄντες,
3122 4952 3402 5014 παντελῶς
3434 4952 3602 5022 ἀπρα-

2033 5069 2154 5106 κτοι
2192 5049 2687 5121 ἀποκαρτεροῦσιν,
2727 5048 2803 5112 ὼς
2850 5049 2899 5101 εἰ
2942 5048 3037 5101 καὶ
3080 5046 3298 5118 ἄχειρες
3335 5042 3475 5119 ἦσαν
3515 5045 3599 5099 καὶ

2035 5144 2255 5207 ἀποδεῖ.
2285 5144 2598 5215 Γράμματα
2628 5143 2724 5213 μὲν
2749 5144 2854 5209 γὰρ
2880 5142 2979 5193 οὐκ
2998 5140 3228 5207 οἴδασιν,
3262 5140 3321 5207 ἐξ
3348 5142 3602 5211 ἐργαστη-

2020 5239 2168 5306 ιρίων
2201 5237 2250 5288 οἱ
2284 5234 2500 5297 πλείους
2528 5234 2777 5305 ἥκοντες,
2810 5234 2903 5286 καὶ
2944 5232 3120 5295 ἄλλως
3151 5232 3210 5285 δὲ
3241 5232 3597 5303 χειρώνακτες

2035 5330 2208 5393 ὄντες·
2272 5329 2365 5382 καὶ
2415 5327 2534 5381 οὖδέ
2587 5328 2634 5380 οἱ
2684 5326 2977 5398 τυχόντες,
3045 5325 3185 5381 ἀλλά
3242 5328 3596 5395 ἐπιστήμονες

2039 5424 2300 5494 βάναυσοι
2326 5440 2340 5454 ’
2377 5422 2563 5475 πολλοὶ
2599 5421 2657 5475 δὲ
2715 5424 2809 5475 καὶ
2842 5422 3072 5494 τριόδων
3123 5420 3384 5494 τρίϐωνες
3408 5436 3423 5450 ο
3472 5418 3602 5473 ὥστε

2037 5515 2162 5569 οὔτε
2217 5514 2561 5587 περιέλευσις
2615 5516 2673 5569 ἐν
2728 5514 2912 5578 αὐτοῖς
2942 5512 3222 5586 βιϐλιακοῦ
3268 5511 3488 5581 ἐδαφιου
3532 5510 3599 5574 εἰς
