3992 6240
265 300 359 375 857

1223 302 1336 363 .DE
1367 300 1839 377 EMENDANDA,
1881 305 2056 366 VITA
2086 308 2558 369 MONACI‘IICA.

3402 317 3516 379 858

266 412 529 486 ἔμπορίαν
559 412 938 483 πνευματικὴν
961 454 977 478 ,
1008 412 1135 467 οὗτε
1166 414 1434 483 ἀκρόασις
1470 415 1831 487 ἀναγνώσμα-

1942 418 2157 472 ritualia
2220 421 2587 487 circumeant,
2643 437 2820 494 neque
2871 426 3096 482 audiant
3141 438 3390 503 sanctam
3438 435 3521 493 le-

267 523 349 568 τος
382 505 550 575 ἱεροῦ,
576 505 715 574 πλὴν
744 507 793 559 εί
837 507 946 575 ἀρα
987 506 1047 560 ἐν
1093 505 1270 579 καιρῷ
1306 508 1657 578 κοινοϐιακῆς
1688 511 1833 563 tm-

1933 511 2198 577 ctionem,
2230 514 2337 567 nisi
2372 514 2510 570 forte
2541 531 2709 570 coena!
2736 521 3047 574 communis
3072 531 3333 591 tempore,
3354 538 3518 592 quem

269 598 472 661 ἀσεως·
526 597 555 650 ὂ
613 602 708 654 καὶ
758 599 924 668 φαίης
977 600 1044 653 ἂν
1110 599 1504 670 ὲπιτραπέζιον
1556 602 1833 671 εὑρίσκειν

1939 602 2114 654 cibum
2150 603 2363 660 diceres
2398 607 2599 662 mensis
2628 610 2852 679 apponi,
2882 612 3033 667 velut
3056 613 3103 669 si
3145 615 3305 672 verba
3330 617 3427 674 Dei
3459 620 3515 683 ἰι

270 691 484 761 ἔδεσμα,
517 681 594 753 ὡς
634 685 725 743 οἷα
757 692 884 756 τοὺς
915 692 1109 760 λόγους
1140 690 1284 745 οὕτω
1328 690 1424 746 τοῦ
1473 692 1608 746 Θεοῦ
1656 695 1836 765 ψωμι-

1939 690 2110 745 lrusta
2146 704 2479 754 resecentur.

271 786 507 857 ξάμενος.

340 879 468 949 ρνδ¹.
503 878 612 930 Καὶ
643 876 759 931 ἔστι
806 877 909 946 μὲν
941 876 1105 932 καλὸν
1131 879 1227 931 καὶ
1275 878 1405 933 αὐτὸ
1437 879 1592 951 παρά
1623 896 1687 949 γε
1723 882 1833 942 τοῖς

270 973 358 1028 καὶ
409 971 706 1042 μανθάνειν
758 970 1001 1024 ἐθέλουσι
1045 972 1139 1025 καὶ
1178 973 1720 1043 ἀναμιμνήσκεσθαι,
1747 973 1834 1027 ἴνα

271 1066 349 1136 εἴη
380 1064 564 1133 μεῖζον
595 1062 879 1119 κάνταῦθα
915 1063 1012 1117 τοῦ
1045 1064 1210 1134 ἔργου
1243 1064 1304 1117 τὸ
1346 1066 1644 1136 πάρεργον⁸
1680 1066 1744 1118 σὺ
1779 1065 1835 1119 δὲ

270 1157 396 1213 ἀλλά
431 1155 802 1227 παροιμιακόν
846 1173 901 1208 τι
957 1155 1097 1221 ζῶον
1151 1156 1372 1219 ἀκούεις
1422 1156 1589 1227 λύρας
1630 1158 1837 1223 ταύτης

271 1249 666 1319 πνευματικῆς,
710 1249 1006 1318 ὐπερηχῶν
1049 1247 1148 1319 τὴν
1199 1249 1483 1319 ἠρεμαίαν
1527 1252 1838 1318 ἀνάγνωσιν

269 1339 345 1411 τῷ
372 1357 431 1392 τε
454 1340 652 1409 κόμπῳ
679 1340 788 1392 τῶν
822 1340 1185 1409 μασημάτων,
1216 1340 1310 1392 καὶ
1337 1337 1518 1413 οἷς,τά
1545 1342 1716 1395 πολλὰ
1745 1343 1837 1395 καὶ

268 1435 323 1487 ὲν
339 1435 403 1503 τῇ
429 1431 677 1503 τραπέζῃ
700 1430 1063 1502 βλασφημεῖς,
1090 1431 1183 1484 καὶ
1216 1431 1431 1500 μάλισθ’
1450 1433 1574 1485 ὅταν
1601 1433 1838 1505 σπανίζῃ

270 1525 510 1593 ἑταιρίας
535 1524 596 1576 τὸ
630 1523 994 1594 ἑστιατόριον.
1046 1522 1223 1576 Φίλων
1254 1526 1362 1594 γάρ
1399 1540 1480 1576 τοι
1526 1542 1838 1594 παρατετυ-

268 1617 530 1688 χηκότων,
565 1614 758 1685 βαθεῖα
790 1616 1024 1683 νηνεμία
1051 1615 1249 1684 κοσμεῖ
1277 1615 1376 1681 τὴν
1402 1616 1707 1685 τράπεζαν,
1735 1615 1837 1684 τῆς

266 1705 550 1775 δεσποίνης
605 1704 949 1774 ὑποκρίσεως
1001 1704 1529 1776 διοικονομουμένης
1586 1706 1737 1758 τουτὶ
1778 1704 1840 1756 τὸ

2008 866 2131 921 «ιιι.
2157 865 2308 922 Istud
2328 871 2490 926 etiam
2514 874 2719 930 bonum
2741 888 2823 933 est
2853 882 3201 950 cupientibus
3219 884 3433 939 discere
3463 892 3517 940 et

1937 960 2279 1023 meminisse,
2320 962 2446 1018 licet
2505 981 2644 1035 opus
2678 973 3063 1028 secundarium
3119 979 3298 1046 primo
3338 979 3514 1045 majus

1937 1050 2034 1106 sit.
2090 1054 2174 1107 Tu
2208 1068 2389 1109 autem
2425 1055 2533 1112 vile
2563 1061 2835 1129 quoddam
2868 1065 3069 1120 animal
3121 1068 3256 1122 bene
3298 1081 3515 1131 notum,

1937 1141 2096 1199 audis
2139 1144 2299 1216 longe
2352 1147 2573 1204 diversa
2626 1151 2694 1205 ab
2745 1152 2851 1208 ista
2904 1156 3017 1227 lyra
3066 1160 3378 1227 spirituali;
3437 1163 3516 1214 le-

1936 1238 2175 1290 ctionem
2214 1239 2513 1295 modestam
2563 1246 2795 1314 strepitu
2847 1250 3081 1303 convivii
3118 1253 3406 1320 opprimis,
3464 1263 3520 1308 et

1900 1326 2327 1399 rfrequentibus
2382 1333 2742 1404 blasphemiis
2791 1339 2859 1393 ad
2910 1355 3175 1404 mensam,
3210 1346 3516 1412 prmsertim

1938 1436 2065 1476 cum
2093 1423 2313 1478 sodales
2356 1440 2385 1478 e
2417 1429 2705 1482 caenaculo
2750 1430 2969 1485 absunt.
3002 1434 3208 1489 Aluicis
3245 1437 3387 1489 enim
3424 1439 3522 1491 ad-

1940 1514 2239 1578 stantibus,
2288 1530 2532 1571 mensam
2590 1519 2815 1574 decorat
2861 1524 3029 1577 altum
3066 1525 3366 1592 silentium,
3417 1529 3519 1582 hoc

1938 1604 2144 1659 bonum
2177 1606 2526 1663 ministrante
2557 1620 2610 1664 et
2645 1612 2872 1667 docente
2915 1616 3186 1683 hypocrisi
3225 1621 3517 1689 magistra.

1941 1697 2100 1766 Apud
2138 1696 2426 1767 praedictos
2452 1704 2772 1766 monachos,
2805 1713 2863 1758 ut
2902 1706 3164 1777 diximus,
3211 1725 3384 1781 neque
3409 1712 3516 1767 lec—

269 1795 451 1849 καλὸν.
484 1792 622 1848 Οὕτε
646 1795 850 1861 τοίνυν,
874 1795 1009 1865 ὅπερ
1043 1794 1275 1863 ἔφαμεν,
1309 1796 1611 1864 ἀνάγνωσις
1644 1799 1699 1850 ὲν
1722 1800 1836 1861 τοῖς

1944 1787 2051 1854 tio,
2086 1806 2262 1861 neque
2294 1793 2562 1848 bonorum
2612 1811 2837 1864 operum
2875 1801 3211 1864 exercitatio,
3245 1817 3274 1855 a
3317 1804 3519 1868 quibus

268 1887 730 1956 ἀνατεταγμένοις
777 1889 1055 1957 μοναχοῖς,
1105 1886 1230 1940 οὔτε
1271 1887 1457 1942 καλῶν
1487 1887 1666 1960 ἔργων
1716 1891 1835 1942 sm-

267 1979 418 2051 ϐολὴ,
456 1974 532 2033 ὧν
577 1979 987 2049 ἀπέχουσιιτάς
1022 1982 1213 2050 χεῖρας
1243 1980 1376 2033 ὡσεὶ
1405 1981 1496 2034 καί
1527 1998 1675 2044 τινος
1707 1983 1831 2051 μιά-

269 2085 491 2142 σματοςο
527 2070 670 2141 τάχα
718 2089 822 2124 που
870 2072 963 2124 καὶ
1003 2072 1250 2135 εὐλαϐῶς
1300 2072 1514 2142 ἔχοντες
1558 2073 1835 2143 ἀκκισμοῦ

266 2163 405 2234 λόγῳ
431 2164 464 2235 ἢ
496 2164 826 2235 σικχασμοῦ,
873 2164 946 2235 μὴ
978 2168 1069 2217 καὶ
1100 2165 1353 2233 δυσγενὲς
1382 2164 1470 2235 εἴη
1507 2167 1601 2219 καὶ
1650 2170 1839 2235 ἀτιμοο

267 2257 417 2309 ποιὸν
446 2258 698 2326 μοναχοίς
731 2255 792 2309 τὸ
823 2257 879 2308 ἐν
904 2255 1077 2310 δέοντι
1107 2259 1474 2327 χειρουργεῖν.
1524 2259 1836 2311 Κάντεῧθεν

265 2347 584 2422 ἀργολογίαι
618 2348 996 2402 πολιτεύονται
1030 2349 1161 2418 παρ’
1191 2349 1395 2413 αὐτοῖς,
1421 2343 1495 2401 ὧν
1534 2348 1686 2401 οὐδὲν
1715 2350 1840 2418 κέρ-

264 2445 350 2509 δος
380 2442 773 2514 πνευματικόν.
814 2441 923 2495 Καὶ
977 2441 1133 2494 τοῦτο
1182 2441 1283 2512 μὲν
1317 2439 1684 2512 ζωῖκὼτερον,
1718 2444 1840 2496 ἐπεὶ

263 2537 357 2590 καὶ
389 2534 547 2601 ζώοις
579 2534 799 2601 ἀλόγοις
828 2533 897 2587 τὰ
942 2533 1165 2587 τοιαῦτα
1210 2534 1518 2604 ἐμπέφυκε.
1551 2535 1660 2588 Καὶ
1701 2536 1839 2587 αὑτά

265 2627 374 2697 γὰρ
422 2626 588 2697 μηδέν
642 2643 695 2679 τι
751 2628 1032 2696 πεφυκότα
1068 2625 1520 2698 διαπράττεσθαι,
1553 2627 1693 2680 οὕτω
1721 2643 1839 2690 πως

207 2785 211 2788 ν
265 2719 615 2779 διατίθενται.
649 2719 868 2791 ’ᾼδουσι
905 2720 1002 2790 μὲν
1035 2719 1165 2790 γὰρ,
1198 2720 1312 2773 ὅσοι
1346 2719 1454 2773 τῶν
1485 2719 1717 2790 ὀρνίθων
1745 2722 1837 2773 εύ-

265 2811 416 2883 φυῶς
452 2808 685 2882 ἔχουσιν.
743 2809 888 2865 “Oa:
945 2811 1020 2882 μὴ
1076 2811 1325 2875 τοιαῦτα,
1364 2810 1400 2882 ἦ
1454 2810 1836 2882 κλάζουσιν,ἦ

263 2903 590 2974 κρώζουσιν,
623 2902 656 2973 ἢ
690 2901 1128 2972 στρουθίζουσιν,
1161 2902 1193 2973 ἦ
1238 2902 1410 2964 ἄλλως
1444 2901 1636 2972 ἠχοῦσι
1662 2920 1674 2931 ·
1709 2905 1841 2974 βρυ-

263 2997 470 3069 χῶνται
498 2996 555 3050 δὲ
586 2996 770 3065 ἕτερα,
804 2995 898 3050 καὶ
931 2995 1214 3066 μυκῶνται
1248 2994 1402 3050 ἄλλα.
1440 2993 1522 3048 Τὰ
1573 2996 1749 3049 πάντα
1784 2996 1839 3048 δὲ

261 3087 632 3144 διακινοῦνται
661 3089 797 3159 πρὸς
829 3089 1013 3159 ὅρεξιν
1049 3089 1400 3159 ἀργοφωνίας
1429 3088 1594 3148 τινὸς,
1625 3088 1671 3139 εί
1695 3086 1837 3139 οὕτω

259 3179 369 3251 χρὴ
423 3179 708 3250 ὀνομάσαι·
765 3174 860 3242 οἷς
911 3178 1112 3247 ὁμοίως
1166 3176 1592 3248 ἀργολογοῦντες
1646 3179 1739 3230 καὶ
1788 3171 1908 3230 oi“

260 3270 457 3340 ἀεργοὶ
495 3270 739 3341 μοναχοὶ,
785 3266 981 3339 μικρόν
1012 3285 1065 3321 τι
1094 3266 1309 3321 ποιοῦσι
1341 3268 1532 3321 κακόν.
1577 3265 1719 3319 Ἀλλ’
1747 3268 1837 3320 ὅτε

258 3380 346 3426 τις
372 3361 479 3416 τῶν
510 3362 768 3417 ἁπάντων
802 3361 1069 3432 τολμήσει
1104 3360 1180 3431 μὴ
1213 3362 1462 3413 ἐπαινεῖν
1506 3360 1631 3422 τοὺς
1656 3360 1836 3413 τοιού-

257 3467 389 3512 τους
418 3450 495 3513 ὡς
545 3453 639 3505 καὶ
685 3450 896 3521 ἁγίους,
935 3450 1030 3504 καὶ
1055 3448 1292 3518 λογίους,
1330 3443 1424 3503 καὶ
1478 3449 1830 3521 θαυματουρ-

255 3545 414 3613 γοῦς,
452 3543 590 3615 μηδὲ
617 3545 916 3614 κατατείνῃ
942 3545 1128 3614 ῥήσεις
1158 3545 1379 3616 μακρὰς
1410 3543 1705 3613 ἐγκωμίων
1747 3543 1836 3597 ἐπ’

256 3635 528 3699 αὐτοτς-
551 3632 596 3686 ὣ
631 3636 730 3705 τῆς
758 3634 995 3688 ἐνταῦθα
1028 3635 1223 3706 λοιπῆς
1252 3634 1621 3707 ἀργολογικῆς
1647 3635 1836 3699 ἐπεξε-

254 3723 517 3790 λεύσεως,
548 3723 594 3778 ὢ
622 3726 731 3779 τῶν
784 3725 1166 3796 θυμομαχιῶν,
1218 3726 1263 3780 ὣ
1320 3726 1428 3779 τῶν
1473 3724 1833 3793 ἀντιλογιῶνί

257 3814 466 3883 μᾶλλον
499 3816 599 3884 μὲν
628 3813 745 3881 οὖν,
774 3812 820 3868 ὣ
850 3832 960 3869 των
996 3815 1270 3886 πολέμων,
1297 3814 1342 3869 ὣ
1372 3816 1478 3870 τῶν
1506 3816 1829 3890 συῤῥαςρῶν,

252 3906 304 3960 ὣ
339 3905 451 3960 τῶν
472 3907 888 3978 καταγραφῶνί
922 3906 1046 3961 Οὐδ’
1086 3906 1153 3961 ἂν
1198 3907 1450 3979 βασιλεὺς
1483 3906 1835 3979 βλασφημού-

1942 1879 2089 1934 velut
2117 1879 2146 1935 a
2179 1885 2416 1940 sordidis
2448 1887 2616 1940 rebus
2650 1904 2843 1943 manus
2899 1903 3185 1961 amovent;
3222 1897 3363 1950 haud
3403 1890 3531 1955 sciui

1942 1986 2009 2025 an
2055 1973 2329 2040 timentes,
2371 1978 2530 2047 quasi
2580 1995 2704 2033 cum
2736 1982 3086 2039 simulatione
3109 1994 3160 2039 et
3184 1986 3421 2054 fastidio,
3451 2007 3519 2044 ne

1942 2064 2012 2116 sit.
2052 2062 2371 2121 indecorum
2405 2084 2459 2123 et
2499 2072 2770 2126 monacho
2823 2074 3102 2145 indignum
3149 2079 3236 2133 ubi
3272 2095 3409 2151 opus
3434 2094 3519 2138 est

1944 2170 2140 2210 manus
2175 2158 2485 2214 admovere.
2515 2163 2657 2218 Ilinc
2699 2180 2838 2219 vana
2877 2170 3289 2235 sermocinatio,
3339 2188 3369 2227 e
3411 2190 3514 2243 qua

1942 2249 2152 2300 nullum
2189 2251 2401 2304 lucrum
2450 2255 2756 2323 Spirituale,
2801 2262 2940 2327 apud
2972 2277 3065 2314 eos
3114 2260 3517 2332 frequentatur.

1943 2335 2057 2392 [loc
2089 2348 2273 2394 autem
2304 2354 2357 2397 ct
2399 2344 2731 2401 animalibus
2759 2351 3037 2415 convenit,
3071 2353 3280 2421 quibus
3309 2360 3517 2411 ratione

1943 2430 2257 2487 carentibus
2296 2444 2491 2487 natura
2542 2437 2672 2491 illud
2720 2440 2951 2495 inditum
2981 2452 3085 2498 est.
3140 2447 3209 2500 Ea
3256 2451 3402 2504 enim
3450 2456 3515 2507 ad

1944 2522 2213 2588 agendum
2257 2526 2391 2579 nihil
2429 2529 2715 2595 ordinata,
2763 2533 2870 2589 isto
2915 2536 3075 2591 modo
3118 2539 3512 2610 disponuntur.

1943 2613 2164 2668 Canunt
2198 2632 2345 2681 aves,
2375 2633 2719 2692 quaecunque
2755 2627 2820 2678 aJ
2868 2625 2920 2680 id
2958 2612 3164 2685 idoneae
3188 2636 3352 2698 ξευηι,
3388 2638 3517 2690 dum

1942 2706 2126 2760 omnia
2170 2706 2363 2762 alienae
2396 2711 2598 2780 speciei
2639 2714 2899 2771 animalia
2940 2719 3024 2772 vel
3056 2720 3393 2795 clangorem,
3434 2729 3519 2783 vel

1945 2800 2237 2865 crocitum,
2275 2802 2355 2855 vel
2406 2805 2675 2872 pipatum,
2729 2814 2825 2860 aut
2872 2809 3031 2864 aliam
3086 2828 3274 2869 vocem
3319 2818 3516 2888 edunt;

1944 2888 2050 2958 alia
2098 2888 2358 2956 itemunt,
2416 2893 2664 2961 mugiunt
2722 2893 2870 2960 alia;
2918 2898 3173 2955 universa
3208 2904 3273 2957 ad
3323 2920 3516 2960 vanam

1943 2981 2234 3049 quamdam
2261 2982 2647 3059 garrulitatem
2689 2987 3015 3055 excitantur,
3060 2992 3106 3044 si
3154 2993 3257 3048 hoc
3298 2999 3519 3053 nomine

1946 3075 2204 3127 utendum
2229 3084 2331 3129 est.
2363 3075 2442 3130 Ad
2473 3092 2707 3147 quorum
2732 3080 3039 3137 exemplum
3075 3090 3323 3143 monachi
3352 3091 3516 3157 0ιὶοεί

1945 3180 2082 3220 vana
2126 3167 2432 3238 loquentes,
2464 3170 2666 3225 malum
2701 3173 2969 3243 quoddam
3014 3192 3242 3246 parvum
3284 3198 3520 3250 operan—

1946 3267 2052 3314 tur.
2084 3257 2183 3315 Ubi
2207 3277 2337 3330 ει·ςο
2367 3264 2616 3318 nonnulli
2652 3266 2717 3320 de
2746 3267 2903 3321 turba
2939 3269 3075 3335 istos
3102 3273 3169 3325 de
3199 3278 3514 3344 sanctitate,

1946 3361 2039 3406 aut
2082 3353 2148 3406 de
2186 3352 2541 3424 int».lligentia
2576 3365 2670 3411 aut
2723 3360 2787 3412 de
2832 3356 3113 3417 miraculis
3166 3367 3369 3420 audent
3406 3384 3514 3422 non

1914 3439 2188 3505 'laudare,
2235 3456 2336 3496 nec
2384 3444 2577 3513 lengos
2612 3445 2790 3502 laudis
2822 3464 3104 3505 sermones
3144 3451 3211 3506 ad
3251 3468 3344 3507 eos
3386 3471 3514 3522 pro-

1945 3530 2199 3586 tendere:
2220 3530 2264 3587 0
2291 3548 2484 3586 vanam
2508 3536 2840 3591 locutionem
2861 3537 3120 3605 clamant,
3147 3548 3200 3595 et
3220 3538 3512 3599 ultionem!

1943 3638 1977 3680 ο
2012 3624 2214 3679 bellum
2251 3627 2411 3682 acre!
2458 3644 2490 3681 ο
2523 3628 2789 3696 injurias!
2824 3631 2904 3684 vel
2949 3635 3136 3700 potius
3170 3650 3201 3686 ο
3243 3637 3448 3705 praelia,
3481 3655 3515 3694 ο

1942 3720 2124 3785 dolos,
2157 3734 2189 3774 o
2218 3721 2619 3777 detractiones!
2649 3721 2838 3793 Neque
2871 3740 2966 3780 rex
3003 3727 3267 3785 conviciis
3303 3734 3516 3802 appeti~

1942 3822 2054 3876 tus.
2092 3830 2272 3885 neque
2306 3816 2420 3884 ipse
2463 3813 2604 3870 Deus
2641 3817 2951 3872 ulciscitur.
2996 3818 3085 3875 Sic
3118 3822 3349 3876 modesti
3397 3840 3516 3876 mo-

1939 3907 2127 3974 nacbi,
2161 3909 2413 3964 monachi
2435 3909 2581 3964 sicut
2613 3909 3050 3979 destinaverunt,
3093 3915 3172 3969 sic
3205 3892 3508 3985 tranquilli.

253 4019 442 4073 μενος,
496 4000 669 4066 οὕτως
720 4000 1156 4069 ἐπεξελεύσεται,
1209 3986 1320 4056 οὐδ’
1348 4001 1415 4057 ἂν
1460 4002 1592 4068 Θεὸς
1631 4004 1812 4068 αὐτός.
1854 4001 2042 4067 Οὕτως
2073 4006 2339 4068 ἐπιεικεῖς
2372 4005 2422 4058 oi
2446 4004 2697 4076 μοναχοὶ,
2771 4009 3018 4077 μοναχοὶ,
3068 4008 3145 4071 ὡς
3207 4010 3508 4078 ἐτάξαντο·

248 4094 431 4160 οὕτως
452 4095 668 4167 ἥσυχοι.

327 4219 461 4284 ρνεθ.
488 4213 555 4267 Τί
585 4213 640 4267 δὲ
667 4212 777 4284 ἄρα
796 4214 891 4266 καὶ
930 4211 1131 4284 βούλει,
1179 4208 1225 4269 ὧ
1279 4215 1522 4287 μοναχέ;
1569 4218 1828 4289 Μακαρι-

249 4306 438 4378 οθήσῃ
467 4306 740 4376 εὐκαίρως
762 4323 777 4373 ;
798 4305 930 4372 Ναὶ,
958 4305 1110 4375 φησί.
1140 4308 1327 4379 Πατὴρ
1353 4308 1462 4377 γάρ
1489 4310 1627 4375 είμι’
1661 4310 1831 4379 πατρὶ

2012 4215 2136 4271 155.
2153 4214 2291 4282 Quid
2319 4215 2400 4269 vis
2425 4214 2608 4284 igitur,
2630 4232 2661 4270 ο
2679 4215 2950 4272 monache
2971 4216 3269 4275 TLibenter
3295 4226 3501 4293 magni-

1939 4307 2226 4363 ficabcris?
2259 4305 2477 4375 Utique,
2501 4308 2593 4362 ait.
2621 4307 2779 4361 Pater
2807 4323 2951 4373 sum,
2976 4318 3033 4365 et
3052 4313 3190 4380 patri
3218 4312 3356 4369 ﬁlios
3377 4331 3512 4371 con-

246 4400 310 4454 δὲ
372 4399 675 4466 ἀντιλέγειν
721 4399 876 4462 υἱοὺς
924 4399 1023 4453 οὐκ
1053 4399 1256 4464 ἔξεστι.
1293 4401 1403 4453 Καὶ
1439 4399 1564 4472 μὴν,
1600 4393 1645 4453 ὧ
1685 4400 1826 4454 κατὰ

1939 4400 2204 4454 lradicere
2222 4414 2326 4452 non
2355 4397 2505 4453 licet.
2528 4397 2655 4463 Sed,
2684 4400 2775 4468 qui
2814 4407 3023 4468 patrem
3062 4409 3115 4456 te
3147 4404 3347 4473 jactus.
3376 4424 3512 4464 cou-

248 4492 319 4547 σὲ
366 4491 568 4563 πάτερ,
588 4492 796 4546 δέδοται
813 4493 908 4546 καὶ
929 4491 1051 4562 υἱῷ,
1074 4494 1123 4545 εί
1144 4491 1369 4563 μηδενὸς
1388 4492 1575 4562 ἐτέρου
1594 4509 1832 4562 κακουρ-

244 4586 528 4656 γήματος,
565 4576 873 4656 παρανοίας
916 4584 1050 4654 γοῦν
1101 4585 1345 4638 ἀλίσκειν
1372 4585 1463 4639 τὸν
1488 4584 1826 4655 γεινάμενον.
1882 4644 1885 4645 ν

243 4678 316 4730 Et
343 4674 481 4746 γοῦν
509 4677 608 4731 καὶ
641 4677 705 4730 σὺ
730 4677 886 4747 παρά
904 4675 997 4731 τὸν
1024 4676 1322 4748 μοναχικδν
1343 4678 1544 4732 κανόνα
1573 4678 1830 4746 πράττων

240 4772 579 4840 παρανοετς,
617 4770 712 4824 καὶ
767 4771 910 4824 οὕτω
961 4772 1319 4842 παρανομεῖς,
1367 4772 1419 4823 τί
1460 4769 1831 4840 δυσχεραίνεις

237 4863 351 4934 τὴν
387 4864 485 4917 ἐπὶ
512 4861 803 4933 παροινίας
859 4864 1119 4934 γραφήν;
1153 4865 1376 4926 Ἔοικας
1431 4862 1487 4917 δὲ
1540 4864 1647 4934 ἄρα
1703 4863 1829 4926 τοὺς

238 4957 620 5027 αἰτιωμένους
646 4955 1113 5027 παρακρούεσθαι,
1148 4957 1235 5010 ἵνα
1262 4958 1356 5011 καὶ
1380 4958 1479 5028 τὴν
1514 4958 1578 5010 ἐκ
1604 4956 1699 5009 τοῦ
1731 4958 1831 5025 ἀρ-

236 5049 491 5122 χιερέως
510 5048 722 5119 μέμψιν
744 5048 1014 5121 ἐκφύγῃς,
1035 5047 1130 5100 τοῦ
1157 5049 1400 5119 μείζονος
1422 5050 1625 5119 πατρὸς
1641 5047 1674 5118 ἢ
1691 5047 1831 5101 κατὰ

239 5141 333 5206 σὲ,
374 5140 474 5194 τοῦ
511 5142 593 5206 είς
615 5140 787 5195 τύπον
819 5139 980 5196 Θεοῦ.
1019 5140 1178 5209 Λέγω
1214 5141 1277 5209 δή
1311 5158 1394 5194 σοι
1431 5140 1730 5209 τολμήσας,
1757 5138 1832 5202 ὡς

235 5233 294 5287 εἰ
327 5233 415 5306 μὴ
440 5236 468 5289 ὀ
496 5234 814 5297 ἐπίσκοπος,
849 5233 934 5296 τίς
960 5233 1069 5305 ἀρα
1092 5216 1281 5301 ἕτερος
1313 5231 1580 5303 θαρρήσει
1605 5231 1739 5303 πρὸς
1771 5232 1832 5284 σὲ

230 5324 532 5394 ὶαλῆσαις
575 5326 739 5387 Heio;
789 5323 847 5378 δὲ
899 5321 1082 5378 κανὼν
1134 5320 1326 5391 ἀφίησί
1380 5337 1438 5373 σε
1491 5321 1829 5384 ἀδέσποτον,

233 5414 602 5486 ἁκυρίευτον,
646 5414 904 5483 ἄναρχον,
938 5411 1236 5482 ἀκέφαλον,
1269 5408 1673 5478 ἀνεκλόγιστον,
1702 5410 1830 5463 ἁλο-

232 5508 655 5578 γοπράγητον;
689 5504 857 5558 Οὐδὲν
884 5504 1035 5566 ἔθνος
1060 5503 1435 5558 ἀϐασίλευτον
1474 5501 1669 5555 οὐκοῦν
1707 5500 1831 5555 οὐδέ

229 5584 328 5661 τις
382 5598 516 5661 λαὸς
565 5595 688 5665 Θεῷ
741 5595 1163 5666 κεκληρωμένος
1197 5593 1428 5664 ἀναρχός
1461 5594 1628 5646 ἐστιν.
1673 5611 1692 5645 ι
1739 5593 1828 5659 Ἐξ

229 5690 355 5760 ἄρα
387 5689 458 5760 δή
493 5705 549 5743 τι
596 5688 791 5742 ἔπειτα
837 5687 969 5751 Θεὸς
1003 5686 1207 5759 φρένας
1246 5686 1467 5752 ὤλεσεν,
1508 5705 1525 5738 ι
1573 5688 1622 5738 εί
1653 5685 1828 5748 οὕτως

231 5782 630 5857 ἀλλοφρονείς·
661 5781 717 5846 ὃς
752 5780 921 5846 ἀξιῶν
947 5779 1213 5836 πάντοθεν
1269 5779 1619 5846 ἀνεξέταστος
1660 5772 1818 5844 εἶναι,

1058 5858 1079 5877 .

1939 4493 2158 4548 ceditur
2182 4491 2292 4545 lilio
2324 4500 2534 4560 patrem
2570 4491 2637 4547 de
2672 4492 2887 4548 insania
2912 4510 3165 4566 arguere,
3200 4497 3251 4555 si
3285 4514 3392 4555 non
3441 4503 3510 4555 de

1940 4585 2048 4640 alio
2103 4600 2435 4655 quocunque
2477 4585 2629 4639 vitio.
2680 4584 2951 4652 Quoniam
2994 4603 3123 4658 ergo
3167 4600 3357 4646 contra
3394 4610 3511 4651 mo—

1939 4678 2231 4735 nachicum
2268 4694 2535 4732 canonem
2569 4692 2737 4749 agens
2779 4679 3018 4745 insanis,
3057 4692 3112 4735 et
3148 4683 3227 4736 sic
3284 4700 3504 4753 peccas,

1937 4770 2067 4842 quid
2118 4772 2525 4841 accusationem
2569 4771 2798 4826 insaniae
2835 4770 2946 4827 fers
2982 4773 3366 4844 impatienter?
3396 4782 3507 4834 Ac-

1939 4871 2227 4919 Cusatores
2276 4863 2543 4932 repellere
2596 4863 2820 4929 videris,
2854 4874 2910 4919 ut
2939 4867 3189 4922 convicia
3231 4871 3505 4938 pontiﬁcis

1934 4954 2119 5025 magni
2167 4954 2358 5024 patris,
2403 4953 2511 5019 vel,
2549 4953 2709 5025 juxta
2763 4963 2835 5021 te,
2873 4956 2993 5025 ejus
3040 4959 3133 5028 qui
3172 4960 3350 5014 locum
3405 4961 3501 5017 Dei

1935 5054 2110 5111 tenet,
2149 5046 2403 5115 eﬂupias.
2448 5046 2562 5118 Ego
2608 5056 2789 5101 autem
2836 5047 2933 5103 tibi
2973 5050 3204 5105 ﬁdenter
3232 5053 3400 5107 dico:
3435 5053 3495 5109 Si

1936 5152 2043 5192 non
2094 5137 2409 5208 episcopus,
2452 5137 2577 5208 quis
2621 5138 2764 5193 alius
2817 5145 2997 5195 tecum
3046 5140 3196 5209 loqui
3236 5142 3501 5197 audebit?

1936 5228 2220 5294 Quodnam
2245 5228 2337 5298 jus
2367 5229 2629 5298 relinquit
2664 5236 2718 5284 te
2756 5229 2878 5286 sine
2913 5231 3199 5297 magistro,
3232 5232 3353 5286 sine
3396 5237 3496 5289 do-

1935 5321 2106 5386 mino,
2159 5321 2280 5375 sine
2331 5321 2626 5391 principio,
2681 5321 2802 5376 sine
2847 5319 3047 5389 capite,
3085 5321 3206 5374 sine
3258 5323 3493 5388 ratione,

1929 5414 2050 5469 sine
2084 5415 2276 5471 ordine
2321 5414 2612 5483 agentem?
2642 5412 2797 5467 Nulla
2835 5427 2967 5480 gens
3021 5427 3147 5481 rege
3197 5424 3381 5481 caret;
3415 5416 3496 5469 iul-

1926 5505 2077 5559 circo
2100 5520 2200 5559 nec
2233 5505 2468 5575 pOpulus
2502 5504 2609 5557 Deo
2639 5509 2996 5555 consecratus
3038 5502 3156 5557 sine
3182 5503 3320 5557 duce
3361 5505 3491 5560 erit.

1928 5594 2007 5649 Ex
2038 5598 2140 5650 hoc
2164 5596 2501 5650 intellectum
2522 5594 2662 5648 Dens
2683 5591 2930 5657 abstulit,
2952 5591 2999 5647 si
3023 5592 3128 5648 isto
3146 5593 3305 5647 modo
3337 5610 3463 5649 men

1927 5698 2034 5744 tem
2081 5687 2310 5751 alienas,
2347 5686 2440 5753 qui
2470 5699 2594 5741 eum
2629 5698 2695 5738 ex
2727 5682 2875 5738 nulla
2919 5695 3074 5755 parte
3113 5685 3253 5740 velis
3301 5684 3495 5742 obser-

1927 5781 2067 5848 vari,
2094 5778 2271 5836 simile
2295 5776 2499 5849 aliquid
2523 5774 2655 5850 agis,
2672 5776 2827 5848 quasi
2848 5785 3132 5835 recusaret
3153 5790 3346 5834 aurum
3370 5792 3495 5839 cum

2277 6003 2309 6020 κ
