3908 6250
535 388 646 454 839
1251 381 1674 447 EUSTATHII
1705 378 2078 444 THESSAU

2226 374 2468 439 IENSIS
2501 373 3071 438 METROPOLlT/E
3679 377 3769 441 εσυ

540 515 650 555 a-re
703 498 958 561 mixtum,
1002 494 1237 565 ideoque
1271 493 1572 564 impurum,
1617 491 2001 563 probationem
2034 504 2083 560 ιιι

2234 485 2420 556 ὅμοιόν
2475 502 2528 538 τι
2585 485 2780 552 ποιεῖς,
2815 485 2891 548 ὡς
2929 485 2980 537 εί
3030 483 3128 539 καί
3165 501 3214 537 τι
3245 483 3466 555 χρυσίον
3498 484 3765 556 ὑπόχαλκον

541 597 741 665 ignem.
790 591 906 646 Hoc
943 599 1124 644 autem
1156 604 1336 659 neque
1367 588 1801 658 patriarebicum
1836 594 2002 656 caput
2050 601 2079 640 e

2235 581 2331 631 καὶ
2359 577 2504 631 οὕτω
2536 577 2788 646 κίϐδηλον
2816 577 2992 630 ἐθέλει
3019 576 3408 646 παραιτεῖσθαι
3445 578 3542 648 τὴν
3575 578 3655 633 διὰ
3680 596 3764 633 πυο

541 687 682 756 fugit
722 685 939 754 ipsum;
978 681 1074 738 sed
1116 691 1268 737 certo
1302 690 1549 752 tempore
1581 681 1650 734 ab
1695 695 1760 735 eo
1799 695 1898 750 pro
1928 677 2084 750 quibt

2239 671 2328 743 ρδς
2364 671 2614 740 δοκιμήν.
2675 670 2787 723 Καὶ
2840 671 2946 741 μὴν
2999 671 3129 724 αὐτὸ
3162 670 3283 723 οὐδὲ
3327 676 3674 741 πατριαρχική
3701 689 3767 736 τις

543 780 834 848 oportebat
871 776 1014 830 ratio
1045 777 1316 844 poscitur.
1385 772 1452 829 Et
1485 775 1600 843 ipse
1634 773 1776 829 Deus
1809 787 1932 828 cum
1969 769 2077 826 bon

2233 764 2592 833 διαφυγγάνει
2625 760 2861 831 κεφαλὴ,
2916 761 3032 814 ἀλλ’
3085 765 3143 816 ὲν
3203 764 3382 833 καιρῷ
3434 766 3767 832 λογιστεύεται

546 878 657 924 tate
677 870 942 922 rationem
972 868 1231 932 reddens,
1256 867 1509 922 homines
1535 866 1636 920 sibi
1666 866 1876 920 amicos
1892 865 2089 920 sustint

2236 855 2329 908 καὶ
2365 854 2528 924 αὑτὴ,
2554 855 2622 906 δι’
2655 848 2715 906 οὗ
2752 853 2942 924 ἐχρῆν.
2981 855 3087 907 Καὶ
3121 853 3252 916 Θεὸς
3279 854 3334 906 δὲ.
3366 853 3522 915 αὐτὸς
3552 857 3765 924 ἀνέχεται

546 964 956 1032 interrogantes
987 977 1000 1014 :
1034 966 1242 1036 Quare,
1283 957 1536 1024 Domine,
1575 959 1677 1012 hoc
1708 967 1764 1012 et
1806 957 1944 1012 istud
1982 958 2089 1025 agis

2237 947 2434 1012 ἄλλως,
2467 947 2734 1011 ἐπιεικῶς
2780 946 3136 1015 λογιστεύων,
3188 948 3490 1017 ἀνθρώπων
3541 949 3766 1017 θεοφιλῶν

547 1064 607 1109 ut
636 1055 833 1110 deinde
881 1055 1194 1108 convincat.
1257 1051 1570 1119 Aliquando
1613 1051 1776 1104 etiam
1814 1050 2090 1105 miseric0t

2237 1042 2331 1094 καὶ
2363 1039 2808 1109 πυνθανομένων·
2850 1059 2867 1091 ι
2902 1041 2966 1092 Τί
3012 1040 3116 1104 ὅτι,
3154 1039 3350 1109 Κύριε,
3386 1040 3510 1094 τάδε
3563 1043 3648 1092 καὶ
3671 1042 3766 1094 τάδε

487 1127 491 1133 ’
547 1145 690 1200 diter
720 1159 1024 1202 conversus
1061 1142 1128 1196 ad
1171 1157 1363 1197 eorum
1394 1142 1592 1213 placita
1637 1140 1951 1194 inclinatur.

2238 1137 2412 1196 ποιεῖς
2443 1149 2456 1198 ;
2499 1151 2517 1184 ι
2558 1133 2670 1185 Καὶ
2705 1131 2880 1195 οὓτως
2915 1133 3181 1201 ὑπομένει
3216 1132 3661 1202 ἑπανερωτῶντας
3695 1129 3767 1198 δῆ-

2239 1226 2330 1278 θεν
2350 1226 2429 1288 εἰς
2453 1223 2696 1295 ἔλεγχον.
2722 1225 2830 1275 Καί
2859 1239 2991 1276 ποτε
3014 1223 3550 1292 κατακαμπτόμενος
3578 1222 3770 1291 ὲλεημόο

2241 1333 2367 1378 νως,
2414 1317 2559 1367 ποιεῖ
2591 1316 2656 1366 τὰ
2685 1316 2764 1376 είς
2801 1314 3122 1384 ἱλαρότητα.

625 1407 750 1462 156.
786 1405 864 1460 Tu
891 1417 1072 1461 autem
1103 1421 1228 1460 vere
1263 1406 1534 1460 maximus
1559 1419 1642 1468 es,
1677 1404 1851 1474 major
1877 1405 2024 1459 omni
2055 1423 2140 1459 ra-

2316 1414 2457 1476 ρνς’.
2493 1407 2642 1460 Πάνυ
2673 1406 2804 1473 γοῦν
2832 1409 2894 1460 σὺ
2939 1407 3116 1476 μέγας
3151 1408 3316 1474 οὕτω,
3350 1407 3450 1461 καὶ
3472 1407 3602 1479 ὑπὲρ
3626 1409 3768 1462 πᾶσαν

553 1505 701 1556 tione
725 1500 1023 1565 reddenda,
1049 1510 1102 1555 et
1131 1498 1335 1554 ideirco
1359 1514 1524 1568 super
1550 1499 1719 1554 Deum
1751 1500 1929 1568 ipsum
1962 1501 2096 1555 elev.

2239 1500 2638 1570 λογοπραγίαν,
2660 1499 2754 1552 καὶ
2772 1500 2861 1553 διὰ
2883 1501 3041 1553 τοῦτο
3064 1500 3351 1569 ὑπέρθεος,
3378 1501 3769 1570 ἀποπροσποιού-

554 1605 666 1658 tus,
718 1594 809 1664 qui
842 1592 1005 1662 plane
1058 1592 1248 1646 renuis
1297 1591 1599 1661 apostolico
1630 1593 1932 1648 observari.
1985 1591 2097 1647 Tali

2249 1610 2410 1662 μενος
2443 1593 2623 1663 πάντη
2660 1594 2878 1656 πάντως
2926 1593 2987 1646 τὸ
3026 1592 3386 1662 έφορεύεσθαι
3427 1594 3769 1655 ἀποπολικῶς.

554 1705 679 1742 cum
709 1687 808 1752 sis,
835 1685 964 1754 quid
1002 1701 1031 1738 a
1066 1684 1344 1755 principio
1369 1700 1492 1739 cum
1527 1686 1582 1739 in
1608 1696 1836 1740 tonsura
1873 1687 2097 1741 ratione:

2245 1687 2308 1738 Εί
2339 1686 2406 1756 δὴ
2434 1685 2677 1749 τοιοῦτος
2705 1681 2872 1757 ἦσθα,
2899 1685 2950 1738 τί
2979 1687 3044 1758 δὴ
3079 1689 3178 1756 τὴν
3209 1687 3406 1757 ἀρχὴν,
3433 1688 3519 1740 ὅτε
3559 1687 3769 1757 κειρόμε-

556 1779 1023 1847 interrOgationes
1056 1789 1111 1832 et
1161 1778 1497 1847 quaestiones
1549 1777 1792 1840 audires.
1841 1793 1935 1832 cor
1985 1788 2099 1832 tuut

2247 1798 2335 1841 νος
2357 1779 2738 1850 λογοπραγίας
2755 1773 2926 1850 εἶχες,
2951 1779 3046 1833 καὶ
3074 1781 3399 1852 ἐρωτήσεις,
3421 1781 3513 1834 καὶ
3536 1779 3767 1850 πύσματα,

557 1872 732 1927 valide
778 1887 887 1925 non
920 1869 1281 1935 eoulirmasti,
1314 1885 1414 1924 nec
1437 1870 1675 1925 consilio
1727 1869 1938 1940 potenti
1983 1879 2092 1924 rest

2249 1873 2323 1942 μὴ
2361 1872 2630 1941 έσφιγξας
2657 1871 2757 1943 τὴν
2787 1871 3016 1943 καρδίαν
3043 1889 3137 1925 σου
3166 1871 3440 1943 στερρῶς,
3465 1873 3554 1925 καὶ
3595 1873 3770 1941 ἰσχυροσ

557 1967 672 2020 tisti
709 1964 1186 2036 interrogantibus
1219 1964 1556 2033 frequenter,
1595 1979 1664 2018 ne
1713 1964 1880 2018 simul
1915 1977 2100 2034 progrt

2244 1965 2612 2034 γνωμονήσας
2646 1964 2915 2033 ἀντέστης
2962 1965 3071 2027 τοῖς
3121 1962 3580 2034 πολυπράγμοσιν
3610 1962 3774 2032 ἒρωτη·

558 2061 773 2114 dientes
805 2067 858 2114 te
896 2058 950 2112 in
1004 2057 1143 2112 retia
1191 2057 1566 2111 ineluctabilia
1613 2065 1666 2112 et
1700 2059 1933 2114 molesta
1981 2057 2101 2111 illle

2248 2059 2526 2126 ματικοῖς,
2564 2057 2640 2126 μὴ
2678 2055 2773 2110 καὶ
2805 2056 3224 2120 συνελαύνοντες
3273 2055 3661 2109 κατακλείσωσι
3703 2053 3773 2105 καὶ

557 2163 746 2207 cerent
783 2169 796 2206 :
831 2152 927 2206 sed
966 2159 1072 2204 tam
1107 2149 1269 2204 facile
1302 2150 1544 2214 subiisti,
1585 2159 1638 2204 et
1663 2151 1808 2204 nulla
1837 2166 1894 2205 re
1927 2149 2100 2220 object

2247 2151 2304 2203 σὲ
2323 2153 2403 2214 εἰς
2431 2149 2675 2219 ἀποριῶν
2698 2149 2818 2202 λίνα
2841 2149 3238 2218 δυσδιάφυκτα·
3264 2149 3383 2202 ἀλλ’
3416 2148 3580 2210 οὕτως
3607 2149 3774 2215 ἀπραγ-

558 2243 941 2315 spopontlisti?
982 2243 1123 2310 Quia
1165 2259 1295 2314 ergo
1327 2259 1357 2320 ξι
1387 2243 1663 2312 principio
1693 2243 1980 2302 humiliari
2011 2257 2101 2296 cor

2251 2245 2430 2310 μόνως
2463 2243 2714 2308 ύπεῖξας,
2749 2243 2843 2297 καὶ
2873 2241 3129 2308 κατέθου,
3183 2243 3570 2313 ἀντιφωνήσας
3616 2241 3772 2310 μηδέν;

559 2339 808 2405 cessisti,
843 2339 896 2392 itt
943 2346 1224 2408 posterum
1272 2337 1399 2392 audi
1435 2334 1720 2406 profutura
1755 2335 1882 2390 licet
1913 2336 2102 2389 invitu:

2250 2334 2378 2386 Ὅτι
2407 2336 2538 2402 γοῦν
2564 2332 2868 2404 ὑπέμεινας
2892 2333 3298 2403 ταπεινωθῆναι
3326 2332 3432 2396 τὰς
3451 2335 3630 2403 ἀρχὰς,
3651 2330 3773 2383 ἄκουε

559 2433 924 2494 convincere,
986 2438 1109 2486 esto
1172 2430 1432 2498 sapiens,
1488 2428 1794 2483 secundum
1853 2427 2102 2483 consiliut

2247 2427 2344 2481 τοῦ
2376 2425 2572 2481 λοιποῦ
2613 2427 2710 2481 καὶ
2744 2427 2895 2483 ἄκων
2939 2427 3009 2481 τὰ
3055 2429 3402 2492 συνοίσοντα,
3451 2428 3542 2479 καὶ
3573 2423 3769 2491 ἐλέγχον,

563 2521 900 2576 Salomonis.
932 2523 1068 2575 Ama
1102 2529 1155 2578 te
1187 2521 1459 2590 integrum
1499 2534 1648 2582 esse,
1681 2519 1728 2573 si
1777 2533 1886 2574 non
1919 2529 1978 2574 ut
2008 2515 2106 2573 Pro

2251 2520 2345 2573 καὶ
2378 2521 2531 2587 γίνου
2590 2519 2780 2588 σοφός,
2839 2519 2982 2574 καθὰ
3041 2521 3075 2590 ὴ
3131 2519 3531 2591 Σολομώντειος
3577 2516 3773 2584 ὑποθήκη

563 2617 816 2671 metbeus
838 2613 977 2686 (t7).
1010 2614 1203 2669 saltem
1240 2613 1402 2684 quasi
1436 2612 1809 2683 Epimetheus.

2256 2611 2536 2683 βούλεταιο
2569 2612 2660 2665 καὶ
2693 2612 2909 2680 ἀγάπα,
2940 2611 3084 2665 οὕτω
3113 2611 3520 2683 διορθούμενος,
3552 2611 3595 2663 εί
3623 2607 3700 2662 καὶ
3721 2606 3772 2675 μὴ

2256 2705 2398 2758 κατὰ
2429 2704 2749 2776 Προμηθέα,
2776 2703 2845 2758 δι’
2887 2703 3240 2775 Ἐπιμηθέως
3275 2705 3438 2772 γοῦν.

639 2793 759 2849 157.
788 2791 1080 2847 Memento.
1102 2792 1235 2862 ergo
1261 2791 1431 2846 multa
1479 2791 1868 2848 irrationabilia
1895 2793 2151 2850 animalia

2329 2795 2462 2868 ρνζ’.
2507 2797 2882 2868 Ἐνθυμήθητι
2917 2799 2975 2851 ὲν
3019 2797 3230 2860 τούτοις
3276 2796 3400 2863 καὶ,
3435 2795 3508 2858 ώς
3538 2792 3683 2847 πολλὰ
3707 2788 3771 2843 καὶ

563 2887 900 2942 clamoribus
932 2885 1236 2952 admonita,
1268 2900 1395 2942 cum
1423 2893 1635 2953 errant,
1668 2888 1892 2958 corrigi.
1931 2887 2106 2954 Quant

2254 2889 2362 2942 τῶν
2414 2888 2626 2958 ἀλόγων
2671 2888 2829 2954 ζώων
2881 2886 3286 2961 ὲγκροιζόμενα,
3346 2891 3439 2943 ὅτε
3490 2886 3771 2957 σφάλλονται.

564 2982 738 3051 magis
768 2981 820 3035 id
853 2981 1016 3033 homo
1043 2979 1252 3050 cupiet,
1289 2988 1344 3034 et
1372 2987 1603 3050 quaeret,
1637 2991 1845 3036 etcum
1881 2983 2107 3039 invener

2257 2981 2637 3052 ἀνορθοῦνται.
2692 2981 2785 3052 Τῷ
2841 2983 3007 3038 παντὶ
3063 2983 3128 3054 δὴ
3175 2983 3397 3037 πλέονὸ
3428 2973 3773 3051 ἄνθρωποςκαὶ

564 3072 763 3127 beatus
793 3071 934 3126 erit!
963 3068 1036 3126 De
1085 3071 1190 3126 boc
1219 3079 1476 3126 sexcenta
1503 3071 1750 3143 exempla
1779 3073 1909 3130 licet
1935 3076 2107 3130 aliunc

2261 3075 2489 3143 ποθήσει
2523 3074 2680 3141 αὐτὸ,
2716 3074 2812 3130 καὶ
2843 3075 3091 3146 ζητήσει·
3127 3075 3219 3130 καὶ
3247 3074 3433 3145 εὑρὼν
3465 3069 3771 3142 εὐφρανθήσε-

565 3181 782 3237 quoque
831 3166 1118 3238 colligere;
1149 3165 1286 3222 satis
1317 3168 1421 3222 erit
1445 3167 1592 3238 quod
1638 3169 1911 3238 sequitur.
1945 3169 2108 3225 Ferut

2259 3184 2373 3222 ται.
2420 3168 2532 3222 Καὶ
2558 3164 2630 3242 ἦν
2678 3167 2778 3239 μὲν
2809 3167 3050 3224 ἐνταῦθα
3086 3167 3450 3233 ἐπιλέξασθαι
3479 3167 3617 3238 ἡμᾶς
3642 3158 3771 3272 ὁμοιόζ

567 3258 884 3315 Maurorum
923 3260 1208 3328 mulieres,
1245 3274 1370 3316 cum
1410 3260 1597 3317 leones
1631 3259 1778 3315 circa
1826 3277 2022 3333 pagunt
2055 3265 2102 3317 al

2257 3276 2398 3330 τητα
2456 3259 2663 3328 μυρίαν
2717 3260 3050 3331 πράγματος
3100 3259 3198 3314 καὶ
3231 3259 3482 3314 ἄλλοθενο
3517 3256 3708 3324 ἀρέσκει
3736 3248 3772 3301 ἃ

564 3367 726 3424 quem
781 3361 1001 3419 errant,
1068 3352 1201 3409 viris
1261 3352 1582 3410 absentibus
1646 3352 1934 3422 (abundat
2007 3355 2107 3410 enit

2259 3353 2410 3420 ὅμως
2439 3354 2502 3407 τδ
2531 3352 3030 3424 πρπεθησὸμενον.
3078 3351 3451 3423 Ὶστοροῡνται
3497 3344 3771 3417 Μαυρούσιαι

566 3447 688 3502 istis
721 3445 854 3504 feris
900 3443 1216 3500 Maurorum
1285 3446 1482 3516 regio),
1540 3446 1759 3518 injuriis
1806 3457 1860 3503 et
1895 3436 2109 3502 convicii

2259 3447 2539 3516 γυναῖκες,
2577 3443 2800 3498 ἐπειδὰν
2823 3443 2950 3516 περί
2981 3461 3107 3497 τινα
3137 3441 3332 3514 κώμην
3361 3442 3485 3496 ἐκεῖ
3511 3456 3604 3492 που
3628 3439 3772 3502 ἐπιχω-

569 3541 834 3607 itnpetere
869 3537 1064 3592 sol'tas
1096 3552 1239 3593 esse.
1300 3536 1441 3604 Quid
1479 3553 1612 3608 ergo
1647 3537 1734 3593 leo
1769 3539 1982 3608 regius,
2019 3538 2112 3592 ade

2264 3541 2500 3612 ριάσωσι
2530 3538 2767 3602 λέοντες.
2798 3537 2875 3610 μὴ
2904 3537 3190 3609 παρόντων
3227 3535 3446 3606 ἀνδρῶν
3480 3528 3711 3608 (πέπληθε
3737 3523 3771 3576 δὲ

567 3631 843 3700 egregius,
886 3645 998 3684 non
1031 3629 1330 3693 erubescit,
1365 3629 1434 3684 ad
1495 3645 1762 3700 personas
1794 3646 1904 3685 non
1947 3630 2110 3685 valid:

2299 3636 2472 3706 ηρίων
2510 3634 2770 3688 τοιούτων
2803 3632 2865 3685 τὸ
2895 3629 3246 3702 Μαυρούσιον
3284 3627 3525 3699 κλίμα),
3561 3618 3770 3676 tunam»:
3841 3629 3842 3634 ‘

568 3725 781 3787 venire,
801 3721 1002 3790 quibus
1023 3736 1126 3776 nec
1149 3723 1318 3776 robur
1341 3737 1626 3789 manuum,
1643 3737 1743 3777 nec
1767 3723 1974 3791 aliquid
2003 3723 2102 3776 viri

2262 3729 2448 3790 αὐτοῖς
2499 3725 2647 3778 ἐθάδι
2682 3723 2909 3795 γλώσσῃ
2962 3722 3324 3792 ὀνειδισμοὺς,
3366 3720 3464 3773 καὶ
3515 3715 3572 3770 τδ
3611 3709 3768 3767 δνειδοξ·

571 3813 707 3868 est?
759 3811 972 3879 Quibus
1010 3812 1216 3868 auditis
1254 3813 1444 3867 dicunt
1501 3813 1712 3869 leonem
1755 3814 1958 3870 rubore
1998 3815 2114 3871 allic

2314 3817 2380 3870 Τί
2398 3816 2464 3887 δή
2491 3832 2624 3869 ποτε
2649 3817 2677 3869 6
2711 3814 2968 3885 βασιλεὺς
2999 3812 3158 3876 λέων,
3189 3815 3216 3865 6
3242 3811 3425 3874 οὕτως
3451 3798 3770 3875 ἀξιωματικδς,
3835 3877 3836 3893 χ

569 3903 732 3974 quasi
785 3903 1093 3975 inspirante
1142 3915 1340 3958 natura
1379 3905 1713 3969 rationabili,
1749 3905 2056 3961 verecunde
2103 3923 2112 3961 ι

2262 3910 2363 3962 οὐκ
2388 3908 2739 3977 ἐντρέπεται,
2771 3905 2927 3978 παρὰ
2954 3905 3228 3975 πρόσωπα
3255 3905 3415 3976 ἥκων
3445 3905 3520 3974 μὴ
3553 3898 3770 3965 ἀξιόμαχιι

571 4009 918 4059 convertere,
977 4005 1146 4068 atque
1196 3999 1264 4052 ad
1300 3996 1522 4067 propria
1577 3998 1782 4054 reverti
1840 3999 1980 4054 nihil
2034 4015 2114 4055 ma

2265 3997 2347 4066 οἷς
2375 3999 2498 4054 οὔτε
2521 4000 2681 4073 ῥώμη
2709 4000 2935 4070 χειρῶν,
2960 3997 3086 4052 οὔτε
3114 3996 3244 4051 ἄλλο
3273 4013 3328 4049 τι
3361 3997 3522 4066 μετὸν
3550 3988 3764 4058 ἀνδράπιμ

572 4091 923 4146 inferentem.
949 4087 1062 4146 Cur
1096 4105 1228 4161 ergo
1262 4099 1320 4144 tu
1353 4088 1440 4146 leo
1469 4104 1595 4146 esse
1637 4091 1904 4148 adversus
1931 4092 2115 4148 mund:

2266 4095 2380 4150 Kal.
2410 4096 2438 4148 6
2466 4092 2606 4146 λέων
2629 4089 2868 4156 ἀκούων,
2897 4090 3156 4154 αἰδεῖται,
3201 4090 3366 4153 φασὶ,
3403 4087 3526 4142 καθ’
3567 4077 3769 4141 ὑποὸοὶῆν

573 4199 672 4240 nas
716 4184 1003 4255 passiones
1037 4183 1290 4250 edoctus,
1328 4197 1438 4238 non
1496 4185 1660 4239 modo
1711 4185 1891 4239 velum
1939 4185 2114 4256 pudor

2285 4204 2390 4241 τινα
2436 4185 2652 4256 φύσεως
2711 4185 2961 4254 ὲλλόγου,
3013 4188 3111 4237 καὶ
3144 4183 3481 4252 κατακύψας
3517 4173 3769 4244 αἰδημόνως,
3823 4173 3828 4256 l

571 4277 658 4331 ori
693 4287 787 4330 tuo
823 4290 932 4330 non
969 4275 1235 4344 imponis,
1275 4289 1402 4329 cum
1457 4275 1677 4330 solitam
1725 4275 2050 4331 modestiam
2084 4293 2114 4330 rt

2266 4281 2324 4342 ὲς
2355 4280 2422 4331 τὰ
2450 4281 2628 4332 οἰκεῖα
2645 4278 2753 4349 ἢθη
2784 4277 3122 4341 παλινοστετ,
3147 4276 3319 4348 μηδέν
3345 4291 3403 4328 τι
3421 4273 3615 4342 δράσας
3639 4268 3768 4326 δυσῖε·

577 4369 799 4437 linquis,
856 4383 984 4422 cum
1030 4368 1099 4422 ad
1137 4367 1406 4422 mundum
1468 4368 1794 4439 transfugis,
1825 4380 1877 4423 et
1924 4368 1994 4422 ob
2026 4367 2120 4421 hat;

2269 4372 2380 4434 νές.
2413 4372 2478 4424 Τί
2507 4367 2600 4426 οὖν
2643 4373 2718 4442 μὴ
2777 4375 2873 4425 καὶ
2930 4371 3020 4438 σὺ,
3062 4372 3088 4423 6
3139 4368 3288 4422 κατὰ
3339 4367 3531 4422 παθῶν
3566 4354 3768 4442 κοσμικῷ

577 4473 805 4514 casam
858 4460 1182 4528 corriperis,
1233 4457 1332 4513 sed
1363 4459 1528 4513 etiam
1577 4459 1800 4530 rugiens
1846 4468 1903 4513 ut
1947 4460 2033 4514 leo
2067 4459 2120 4514 ol

2269 4464 2406 4517 λέων
2438 4458 2582 4518 εἶναι
2637 4463 2998 4535 ὰποταχθεὶς,
3052 4461 3114 4514 οὐ
3172 4462 3338 4532 μόνον
3376 4462 3440 4514 οὐ
3495 4459 3692 4528 προῖτχῑ,
3714 4462 3769 4497 τε)

573 4552 860 4622 iurgantes
893 4553 1156 4621 proteris,
1189 4560 1244 4607 et
1275 4553 1361 4606 vis
1391 4551 1711 4606 dilaniare?
1763 4551 2045 4607 Didiceras
2077 4560 2116 4605 tt

2228 4555 2574 4626 ,προσώπου
2630 4558 2931 4627 πρόϐλημα
2987 4557 3198 4621 αἰδοῦς,
3248 4556 3347 4625 τῆς
3402 4553 3583 4613 ἐθάδας
3612 4539 3771 4618 fisa-[51;

578 4659 706 4698 men
741 4643 981 4712 injurias
1031 4644 1251 4712 injuriis
1307 4659 1415 4699 non
1454 4645 1748 4713 repellere,
1797 4654 1852 4700 et
1901 4645 2042 4698 mala
2077 4660 2121 4715 p:

2278 4650 2744 4720 ἁπανιστὰμενος,
2776 4650 2868 4702 καὶ
2893 4649 3193 4702 διαϐαίνων
3228 4649 3308 4712 εἰς
3353 4649 3426 4700 τὰ
3462 4641 3688 4706 κωμικὰ,
3714 4631 3772 4684 κεῖ

581 4739 725 4792 tiens
762 4753 870 4790 non
907 4737 1136 4792 minari.
1291 4790 1301 4801 ,

2281 4741 2682 4812 ὀνειδιζόμενος
2739 4741 2808 4796 δι’
2867 4742 3001 4795 αὑτό
3053 4759 3070 4807 ;
3131 4741 3296 4795 Ἀλλὰ
3355 4741 3456 4793 καὶ
3505 4732 3773 4806 βρυχώμεντς

579 4829 850 4883 λέοντειον
888 4831 1236 4900 ἐπεμπηδᾷς,
1268 4833 1363 4883 καί
1415 4831 1851 4901 διασπαράττειν
1903 4832 2085 4903 βούλει
2132 4834 2226 4889 τὸν
2283 4835 2631 4906 έγκραγόντα
2675 4854 2800 4904 σοι,
2839 4839 2949 4890 Καὶ
2989 4837 3096 4908 μὴν
3137 4836 3199 4889 οὐ
3245 4836 3406 4906 μόνον
3457 4826 3774 4899 maceratae;

579 4923 928 4990 τετύπωκας,
982 4926 1081 4977 οὐκ
1145 4925 1551 4996 ἁντιλοιδορεῖν,
1601 4927 1736 4980 ἀλλὰ
1795 4929 1890 4979 καὶ
1943 4927 2189 4999 πάσχων,
2235 4929 2369 4998 μηδὲ
2425 4928 2557 4996 γοῦν
2601 4929 2968 4984 ἀπειλεῖσθαι.

653 5019 778 5072 158.
838 5015 978 5072 Ecce
1031 5019 1244 5085 librum
1305 5020 1572 5090 regulae:
1639 5021 1846 5090 accipe,
1933 5023 2068 5092 lege,
2123 5037 2180 5076 et

2357 5031 2499 5094 ρνηό
2552 5025 2683 5078 Ἰδοὺ
2720 5025 2782 5077 τὸ
2834 5025 3043 5094 βιϐλίον
3072 5024 3174 5093 τῆς
3211 5021 3508 5091 συνταγῆς,
3551 5008 3774 5072 mima-1
3807 5031 3808 5094 ἦ

580 5110 888 5166 condemna
945 5111 1202 5179 teipsu-m.
1253 5106 1391 5163 Cum
1450 5109 1659 5179 absque
1699 5111 1909 5178 pudore
1959 5114 2099 5181 agis,

2282 5115 2583 5183 ἀνάγνωθι,
2617 5118 2712 5170 καὶ
2737 5117 3056 5184 κατάγνωθι
3090 5115 3346 5170 σεαυτοῦ.
3389 5115 3518 5165 Ὅτε
3567 5111 3773 5168 ἁναῑῖιτθ·

581 5204 873 5268 monache,
899 5206 1077 5274 cogita
1109 5211 1388 5256 mortuum
1419 5210 1469 5255 te
1516 5202 1892 5272 impudentem
1922 5219 2063 5258 esse.
2121 5203 2124 5254 l

2281 5209 2416 5272 τεῖς,
2465 5206 2508 5261 ὦ
2546 5209 2772 5278 μοναχὲ.
2825 5209 3040 5276 νόμιζε,
3092 5211 3173 5262 ὅτι
3230 5207 3421 5278 νεκρὸς
3475 5203 3544 5256 ὢν
3576 5189 3804 5273 suasi-3.,

579 5307 811 5355 tonsura
861 5300 1010 5353 enim
1047 5308 1306 5352 mortuus
1358 5310 1441 5350 es.
1489 5295 1629 5350 Cum
1679 5299 2034 5362 conviciaris,
2071 5312 2120 5349 m

2283 5298 2571 5368 Τέθνηκας
2599 5300 2711 5370 γὰρ
2761 5302 2821 5352 ἐν
2872 5300 2950 5369 τῷ
2985 5300 3296 5371 κείρεσθαι.
3355 5300 3484 5350 Ὀτε
3517 5283 3773 5345 κατιὶιλείςε

581 5401 770 5448 mento
791 5392 936 5447 inter
957 5399 1108 5447 muta
1127 5390 1412 5446 redactum
1431 5387 1802 5458 blasphemiae.
1819 5401 1867 5445 te
1890 5391 2124 5457 proferre

2282 5394 2476 5456 ἐννόει,
2511 5394 2596 5445 ὅτι
2636 5396 2692 5447 ἐν
2717 5391 2960 5463 ἀφώνοις
3009 5395 3367 5464 τεταγμένος,
3407 5388 3656 5462 διαρθροῐς
3693 5375 3772 5464 ibi

583 5499 694 5538 non
746 5484 974 5541 edoctus
1005 5499 1065 5537 es
1117 5483 1200 5538 sic
1255 5482 1541 5552 loquacem
1579 5495 1722 5536 esse.
1777 5479 1975 5537 Desine
2006 5483 2120 5554 igilt

2284 5485 2552 5574 σφημίαγ.
2591 5487 2667 5539 Οὐ
2696 5488 2804 5558 γὰρ
2837 5487 3128 5552 ἐτύπωσας
3176 5487 3317 5542 οὕτω
3377 5487 3531 5546 λάλος
3565 5478 3694 5534 εἶναι.
3723 5463 3797 5574 553'

657 5704 771 5776 (Π)
806 5704 1164 5776 Prometheus
1196 5721 1248 5760 et
1273 5705 1645 5776 Epimetbeus,
1671 5709 1834 5764 ambo
1861 5707 2011 5762 Jovis
2050 5708 2167 5764 lilii.
2283 5711 2527 5766 rivanlur
2574 5711 2759 5766 Graeca
2810 5713 3054 5769 nomim.
3108 5713 3396 5768 Addcbanl
3437 5711 3590 5764 etiam
3629 5704 3682 5776 ait
3721 5695 3793 5776 θοι

591 5770 859 5852 ferebant
890 5772 1271 5852 Prometheum
1304 5770 1388 5829 res
1415 5786 1537 5852 ante
1564 5792 1815 5833 eventum
1835 5781 2166 5852 prtevialere;
2280 5793 2472 5835 cautos
2504 5792 2554 5836 et
2580 5786 2858 5851 sapientes
2900 5787 3168 5849 homines,
3199 5785 3423 5840 insanus
3452 5794 3567 5836 vero
3596 5787 3639 5830 Cl
3661 5773 3791 5852 lil‘lii'j

592 5837 964 5906 Epimetbeum
1000 5857 1105 5895 non
1138 5843 1240 5898 nisi
1285 5850 1554 5913 praeterita
1588 5837 1846 5914 noscere;
1897 5849 2039 5903 unde
2078 5837 2171 5903 de;
2285 5855 2415 5905 (ηυξ,
2449 5858 2512 5908 ab
2542 5837 2658 5907 “(qu
2679 5854 2842 5909 fuisse
2873 5837 3109 5911 creatos.

3807 5061 3809 5101 |

3805 5135 3807 5187 Ι

3803 5215 3805 5273 Ῑ

3801 5301 3803 5361 l

3799 5397 3801 5447 |

3797 5479 3799 5533 Ι

3789 5735 3793 5826 l

3789 5829 3791 5877 l
