3992 6240
573 457 682 521 863

1275 436 1701 504 EUSTATHII
1743 398 2503 495 THESSALONICENSIS
2541 418 3108 486 METROPOLiT/E

3736 421 3867 486 864

572 558 908 635 γυμνώεεικ
961 571 1084 610 τινα
1144 550 1302 619 λόγον
1346 548 1492 618 ἔχον,
1564 542 1819 635 ἐκϐάλλει
1875 540 2058 592 πᾶσαν
2117 533 2289 604 ἄλλην
2351 532 2635 604 περίθεσιν
2683 532 2775 587 διὰ
2841 532 2903 586 τὸ
2962 531 3265 604 αΰταρπες,
3318 534 3415 587 καὶ
3454 531 3765 603 φυλάττειν
3797 537 3866 588 ὲν

576 629 661 711 eoi
702 655 802 725 τὴν
840 648 1145 721 εἰρημένην
1180 642 1417 715 μόνὼσιν
1463 640 1561 708 τὴν
1592 629 1600 641 ’
1635 636 1891 709 μοναχοῖς
1963 633 2305 704 πρέπουσαν.

649 722 775 804 ιδιζ
804 744 957 799 ποτε
993 739 1231 797 maxime
1289 733 1665 791 necessarium
1722 738 1807 787 cst
1843 731 2003 802 panis
2039 728 2154 783 fru-

2332 724 2470 797 pEa'.
2515 724 2984 794 Ἀναγκαιότατον
3020 724 3050 777 ὁ
3079 722 3309 794 ψωμόςο
3340 722 3424 787 εἰς
3450 723 3567 777 ῐσον
3613 722 3871 794 ἔρχεται

581 854 762 908 stum;
794 849 848 896 ct
878 853 1033 909 atque
1075 832 1348 890 modicum
1387 832 1597 896 vinum,
1628 828 1883 885 similiter
1904 835 1959 881 et
1991 826 2154 880 obso-

578 941 729 994 nium
793 933 1089 989 tnodicum.
1142 929 1275 996 Quae
1325 940 1453 980 cum
1488 923 1693 988 habes,
1753 921 1938 989 aliquo
1983 916 2152 972 modo

582 1045 640 1088 ut
684 1028 993 1084 monachus
1020 1040 1126 1079 non
1159 1021 1277 1092 agis
1307 1027 1435 1073 ante
1481 1017 1744 1082 mundum
1779 1013 1973 1079 (habes
2009 1010 2154 1066 enim

584 1126 771 1194 aliqua
826 1120 1044 1174 ratione
1102 1111 1447 1183 conjuncta),
1489 1108 1583 1163 sed
1625 1108 1732 1162 aiio
1783 1106 1946 1160 modo
1990 1117 2156 1159 verus

550 1218 553 1219 ⁷
582 1215 889 1270 monachus
918 1206 1147 1264 videris.
1179 1202 1403 1259 lnutilia
1455 1201 1602 1255 enim
1634 1214 1663 1252 a
1696 1207 1749 1251 te
1794 1194 2072 1259 amovisti,
2101 1202 2156 1247 et

580 1318 777 1363 caetera
806 1304 1009 1373 quibus
1032 1296 1290 1367 conjungi
1334 1307 1565 1348 necesse
1597 1305 1705 1344 non
1743 1296 1830 1343 est
1879 1287 2154 1342 hominem

580 1405 704 1455 vitae
733 1391 1069 1451 continentis
1101 1388 1383 1458 cupidum,
1434 1399 1540 1438 non
1599 1380 1953 1452 passionibus
2006 1378 2157 1433 dedi-

583 1502 699 1545 tum
732 1528 747 1553 ,
796 1501 898 1541 nec
951 1480 1312 1537 necessitates
1363 1474 1651 1530 naturales
1706 1470 2157 1541 praztcrgrcdien-

579 1590 713 1634 tem.
749 1575 959 1630 Taliter
993 1572 1179 1625 vivere
1213 1567 1258 1620 si
1294 1563 1542 1636 potueris
1571 1560 1648 1631 (et
1686 1567 1843 1628 potes
1881 1555 2155 1622 omnino),

578 1683 640 1729 ut
672 1667 909 1740 elegisti,
946 1666 1001 1718 in
1052 1660 1360 1719 solitudine
1405 1657 1559 1711 vivas
1591 1655 1856 1722 deinceps
1886 1660 2013 1721 post
2070 1648 2159 1702 in-

578 1778 831 1837 gressum
872 1769 1051 1814 tuum.
1082 1754 1139 1810 Si
1182 1760 1365 1807 autem
1401 1747 1745 1819 impossibile
1799 1746 1918 1798 fore
1955 1756 2159 1811 cogno-

577 1836 749 1920 veris,
786 1852 1075 1923 egredere.
1125 1845 1206 1901 Ad
1254 1846 1357 1899 hoc
1392 1844 1540 1897 cnim
1584 1840 1745 1895 tibia
1794 1836 1983 1906 regula
2021 1844 2158 1888 tcm-

537 1941 543 1950 ’
581 1965 693 2023 pus
726 1940 1067 2013 recogitandi
1116 1949 1202 1995 est
1249 1948 1544 1992 concssum
1572 1972 1588 1999 ,
1656 1940 1715 1986 ut
1770 1929 2013 1985 conlisus
2065 1939 2157 1980 re-

580 2012 830 2101 maneas,
857 2012 913 2089 et
963 2028 1226 2085 diflidens
1259 2027 1452 2080 abeas.
1516 2020 1623 2076 Sed
1657 2013 2048 2074 considerasti,
2099 2012 2155 2064 in

563 2132 771 2196 limine
801 2133 995 2183 sancto
1043 2117 1374 2180 constitisti,
1411 2117 1556 2169 inter
1606 2125 1767 2167 sacra
1828 2104 2156 2161 benedictus

577 2240 662 2286 es,
691 2230 748 2277 et
773 2226 981 2275 vestem
1031 2210 1393 2283 apostolicam
1446 2203 1704 2262 induisti.
1752 2202 1999 2255 Remane
2025 2209 2159 2264 ergo

580 2315 745 2388 quasi
774 2307 1144 2381 apostolicus,
1180 2310 1235 2357 et
1280 2314 1406 2355 mox
1442 2294 1798 2365 evangelicus
1829 2287 2154 2344 monachus.

581 2380 652 2464 Et
714 2380 927 2473 duplici
987 2395 1156 2469 modo
1206 2392 1552 2453 remanebis,
1586 2404 1694 2443 non
1747 2380 2158 2440 circumvolans

582 2505 811 2558 mente,
877 2489 1076 2561 potiori
1140 2496 1295 2556 parte
1366 2492 1582 2537 natura:
1643 2489 1789 2540 tuac,
1849 2490 1949 2529 nec
2024 2486 2158 2526 usus

587 2599 824 2657 corpore
861 2582 929 2636 ad
961 2581 1198 2634 liberum
1227 2574 1550 2630 arbitrium.
1585 2571 1755 2624 Aliter
1790 2568 1939 2621 enim
1965 2565 2160 2633 jussus

585 2678 932 2738 ministrare,
965 2670 1169 2733 exibis,
1200 2679 1256 2723 et
1311 2669 1511 2722 iterum
1576 2660 1785 2718 redibis
1831 2657 2157 2714 monachus.

585 2769 768 2842 qualis
802 2770 1047 2829 exieras,
1086 2761 1412 2832 impollutus
1460 2764 1644 2812 tuente
1695 2763 1750 2809 et
1804 2765 2057 2822 corpore.
2095 2746 2163 2800 Et

585 2866 633 2919 sl
671 2858 804 2932 quid
862 2855 1113 2912 redeunti
1165 2850 1512 2907 referendum
1563 2855 1671 2912 est,
1722 2844 1792 2899 ad
1846 2843 2158 2912 exemplum

582 2958 704 3027 apis
749 2952 1016 3010 studiosa:
1077 2947 1133 3002 id
1198 2961 1351 3017 ages,
1406 2956 1604 3012 nempe
1649 2939 1880 3008 colliges
1911 2944 1966 2991 et
1994 2935 2161 3002 feres,

583 3047 677 3104 ubi
709 3040 1030 3112 contigerit,
1068 3035 1296 3106 aliquod
1333 3036 1541 3091 bonum
1593 3031 1677 3087 vel
1721 3029 2013 3100 corporale
2062 3028 2162 3081 do-

582 3154 717 3198 num
767 3135 1140 3193 christianum
1195 3146 1261 3186 ex
1305 3129 1494 3198 aliqua
1550 3133 1707 3197 parte
1737 3121 1803 3176 ad
1868 3121 2162 3176 utilitatem

584 3228 938 3293 monasterii,
969 3224 1056 3280 vel
1088 3220 1385 3294 spirituale
1416 3219 1536 3274 sive
1564 3214 1773 3270 sanctis
1804 3198 2163 3294 Asermonibus

586 3322 823 3387 auditis,
856 3321 976 3376 sive
1031 3315 1141 3388 piis
1170 3310 1468 3370 desideriis
1499 3311 1555 3363 in
1596 3314 1835 3362 mentem
1893 3288 2162 3373 acceptis.

2256 819 2353 871 καὶ
2391 818 2615 889 μέτριος
2662 813 2840 879 οῑνος·
2899 817 3088 886 ὅμοιον
3137 816 3234 868 καὶ
3289 816 3351 868 τὸ
3405 814 3627 887 σῶφρον
3680 815 3865 885 ὄψον.

2256 910 2445 965 Ταῦτα
2479 910 2641 980 ἔχων,
2668 910 2873 981 τρόπον
2903 907 3001 979 μέν
3030 924 3157 962 τινα
3191 907 3292 960 οὐκ
3318 906 3642 979 ἀναστρέφῃ
3675 924 3870 977 μονα-

2255 1002 2349 1074 χὸς
2380 1004 2439 1056 ἐν
2486 1003 2679 1073 κόσμῳ
2730 1001 2898 1073 (ἔχεις
2943 1000 3055 1070 γάρ
3119 994 3174 1053 τι
3218 998 3473 1054 ὁπωσοῦν
3514 999 3858 1069 συζυγοῦνν

2256 1096 2461 1166 τρόπον
2489 1097 2546 1149 δὲ
2575 1094 2734 1150 ἄλλον
2760 1093 2968 1165 ἀληθὴς
2998 1093 3247 1164 πέφηνας
3276 1093 3531 1164 μοναχός.
3575 1093 3862 1157 ’Δπέζιυ-

2260 1189 2355 1254 ξας
2384 1191 2497 1260 γὰρ
2529 1186 2756 1242 σεαυτοῦ
2793 1187 2864 1242 τὰ
2895 1190 3149 1259 περιττὰ,
3172 1190 3269 1242 καὶ
3299 1188 3401 1242 ὅσα
3437 1188 3514 1258 μὴ
3539 1188 3863 1257 ἀναγκαῖον

2260 1280 2617 1351 συνεζεῦχθαι
2663 1280 2743 1350 τῷ
2798 1280 3246 1352 έγκρατευτικῶς
3298 1282 3400 1351 ζῇν
3447 1297 3861 1351 πραγματευο-

2261 1372 2431 1441 μένῳ,
2465 1373 2565 1443 οὐχ
2595 1371 2953 1444 ὑπερπαθῶς,
2982 1372 3058 1436 ὡς
3088 1373 3447 1444 ὑπερϐαίνειν
3474 1372 3571 1426 καὶ
3599 1373 3705 1442 τὴν
3737 1389 3860 1438 φυς-

2262 1464 2423 1534 σικὴν
2472 1465 2794 1534 ἀπαίτησιν.
2833 1464 2897 1519 Εἰ
2956 1463 3056 1534 μὲν
3110 1462 3202 1517 οὖν
3253 1463 3479 1517 δύνασαι
3539 1464 3639 1534 ζῇν
3697 1463 3860 1515 οὕτω

2261 1557 2502 1627 (πάντως
2548 1559 2608 1613 δὲ
2646 1557 2923 1629 δύνασαι),
2955 1556 3103 1612 καθὰ
3155 1558 3249 1611 καὶ
3298 1557 3577 1629 προείλου,
3612 1557 3745 1626 ζῆθι
3790 1560 3859 1609 ἐν

2260 1654 2328 1722 τῇ
2358 1651 2493 1722 μονῇ
2533 1650 2629 1705 τοῦ
2664 1650 2856 1705 λοιποῦ
2894 1650 3032 1721 μετὰ
3071 1650 3170 1721 τὴν
3201 1651 3528 1722 εἰσδρομὴν*
3576 1655 3624 1703 εἰ
3655 1651 3714 1703 δὲ
3751 1667 3861 1702 κα·-

2257 1742 2623 1810 ταγινὼσκεις
2650 1741 2726 1815 μὴ
2752 1743 2818 1797 ἂν
2839 1742 3190 1814 δυνήσεσθαι,
3218 1742 3528 1814 ἀπόδραμε.
3564 1743 3659 1806 Είς
3684 1740 3861 1795 τοῦτο

2260 1834 2369 1904 γὰρ
2418 1835 2516 1888 καί
2555 1836 2748 1905 χρόνος
2796 1835 3179 1889 κεκανόνισταί
3214 1852 3298 1889 σοι
3344 1834 3615 1902 σκέψεως,
3669 1834 3761 1888 ἵνα
3816 1836 3853 1901 ἦ

2263 1925 2484 1997 θαρρῶν
2510 1926 2878 1998 παραμείνῃς,
2910 1927 2944 1997 ἢ
2976 1928 3051 1999 μὴ
3084 1927 3365 1991 πεποιθὼς
3394 1926 3661 1999 ἀπέλθῃς.
3682 1927 3859 1979 ’Λλλὶι

2265 2018 2373 2087 μὴν
2405 2020 2502 2071 καὶ
2529 2018 2768 2089 ἐσκέψω,
2818 2009 2916 2072 καὶ
2946 2018 3184 2073 κατέθου
3213 2020 3308 2072 ἐπὶ
3335 2018 3431 2095 τοῦ
3471 2020 3618 2089 ἱεροῦ
3647 2019 3749 2073 καὶ
3785 2023 3857 2075 σὺ

2264 2109 2535 2180 βήματος,
2565 2109 2659 2163 καὶ
2688 2110 2992 2182 εὐλογήθης
3024 2110 3206 2181 ἱερῶς,
3232 2112 3327 2164 καὶ
3350 2109 3451 2181 τὴν
3472 2096 3856 2181 ἀποστολικὴν

2261 2202 2495 2255 ὲνεδύσω
2532 2201 2749 2272 στολήν.
2792 2203 3087 2273 Παράμενε
3115 2204 3296 2259 τοίνυν
3343 2203 3418 2267 ὡς
3459 2202 3851 2267 ἀποστολικὸς,

2264 2293 2467 2348 αὐτίκα
2497 2292 2552 2347 δὲ
2580 2295 2676 2347 καὶ
2715 2294 3077 2362 εὐαγγελικὸς
3105 2295 3363 2366 μοναχός.
3409 2297 3767 2365 Παραμενεῖς
3789 2295 3852 2347 δὲ

2261 2385 2450 2454 διχῶς,
2495 2387 2633 2457 μήτε
2666 2388 2734 2457 τῇ
2764 2385 2909 2457 ψυχῇ
2942 2387 3047 2453 ἔξω
3074 2386 3435 2457 ῥεμϐόμενος,
3463 2387 3541 2458 τῷ
3573 2388 3854 2458 κρείττονι

2264 2477 2488 2544 πάντως
2523 2478 2684 2548 μέρει
2716 2478 2815 2548 τῆς
2848 2477 2992 2533 κατὰ
3025 2478 3085 2532 σὲ
3119 2478 3393 2550 διαρτίας,
3440 2479 3577 2550 μηδὲ
3613 2480 3728 2549 μὴν
3767 2480 3854 2549 τῷ

2264 2570 2480 2639 σώματι
2508 2568 2939 2641 καταχρώμενος
2969 2572 3051 2636 είς
3079 2570 3454 2637 αὐτεξούσιον.
3490 2573 3707 2637 ’Δλλως
3738 2574 3853 2645 γὰρ

2262 2661 2536 2714 διακονεῖν
2565 2662 3024 2733 ἐπιτεταγμένος,
3055 2663 3317 2735 ἐξελεύσῃ
3339 2679 3354 2696 ⁸
3398 2665 3494 2719 καὶ
3523 2660 3682 2728 αὖθις
3737 2668 3855 2719 εἱσ-

2264 2752 2463 2831 ελεύσῃ
2514 2755 2773 2825 μοναχδς,
2817 2755 3001 2820 ὁποῖος
3031 2757 3128 2809 καὶ
3174 2756 3422 2827 ἐξῆλθες,
3469 2757 3714 2827 καθαρὸς
3754 2762 3851 2813 καὶ

2268 2846 2429 2918 σῶμα
2457 2852 2551 2933 καὶ
2583 2847 2786 2919 ψυχήν.
2818 2849 2884 2902 Et
2918 2866 2971 2901 τι
2994 2849 3049 2903 δὲ
3079 2850 3175 2904 καὶ
3216 2852 3642 2920 συνεισαγαγεϊν,
3664 2852 3850 2923 δεήσει

2265 2941 2324 2994 ὲν
2376 2941 2444 3010 τῇ
2490 2940 2909 3012 ἔπαναστροφῇ,
2947 2940 3091 2994 κατά
3134 2942 3369 3013 μίμησιν
3411 2943 3543 2995 αὐτὸ
3584 2942 3849 3014 φιλεργοῧ

2270 3032 2534 3104 μελίσσης
2565 3033 2842 3104 ποιήσεις,
2874 3032 3250 3104 ἀνθολογήσας
3290 3033 3495 3105 δηλαδὴ
3529 3034 3626 3087 καὶ
3658 3034 3847 3105 φέρων

2267 3124 2496 3193 ἀγαθὸν,
2534 3125 2584 3177 εί
2617 3124 2719 3198 μὲν
2744 3125 3069 3197 παραπέσῃ,
3117 3126 3214 3180 καὶ
3258 3128 3576 3197 σωματικὸν
3610 3126 3851 3181 Exn-10.x»

2268 3217 2622 3289 φιλοχρίστου
2652 3218 2863 3290 δωρεᾶς
2901 3220 2983 3283 είς
3035 3220 3310 3290 ὠφέλειαν
3341 3223 3408 3290 τῇ
3462 3224 3602 3291 μονῇ
3626 3237 3641 3253 ⁸
3670 3222 3850 3282 dum;

2266 3309 2325 3363 δέ
2361 3325 2427 3378 γε
2457 3309 2792 3382 νοερὼτερον
2828 3313 2886 3365 ὲν
2917 3311 2996 3384 τῷ
3027 3312 3061 3384 ἢ
3090 3312 3287 3382 λόγους
3315 3313 3561 3382 ἀγαθοὺς
3582 3312 3851 3368 ἐνωτίσα-

544 3386 1059 3484 ἐἰοηιιεειίῳιίό
1129 3405 1198 3461 ab
1247 3399 1618 3460 exterioribus
1677 3395 1954 3460 lucratus,
1985 3391 2162 3462 major

2270 3401 2416 3466 σθαι,
2454 3402 2487 3474 ἢ
2525 3401 2858 3473 ἐνθυμήσεις
2887 3406 3104 3473 ἀγαθὰς
3146 3406 3554 3462 είσοικίσασθαι
3589 3410 3647 3462 ὲν
3675 3408 3848 3479 ψυχῇ.

585 3506 788 3562 evades
822 3512 1051 3575 propter
1078 3498 1481 3569 egressionem.
1512 3494 1739 3562 Absque
1768 3489 1929 3560 jussu
1977 3495 2163 3542 autem

589 3613 695 3655 nec
721 3595 1052 3653 vllissrmam
1086 3590 1407 3662 lanuginem
1443 3586 1666 3643 auferre
1695 3583 1900 3639 licebit.

662 3863 787 3920 16%.
819 3860 915 3917 Sic
961 3872 1097 3930 ergo
1145 3854 1489 3926 explicatum
1553 3849 1816 3906 monachi
1877 3860 2079 3902 nomen
2132 3861 2167 3900 a

562 3958 754 4015 nobis
805 3952 1221 4012 consideration
1276 3955 1383 4012 est,
1435 3958 1616 4016 neque
1677 3941 1875 4013 procul
1940 3955 1969 3995 a
2019 3949 2169 3995 recta

588 4053 831 4116 ratione,
868 4056 931 4103 ut
967 4044 1237 4100 arbitror.
1268 4039 1384 4096 Sub
1416 4039 1529 4094 aiio
1577 4044 1837 4106 respectu
1876 4034 2019 4089 idem
2072 4048 2172 4088 no-

592 4159 720 4203 men
758 4144 890 4199 licet
919 4139 1228 4211 inquirere.
1263 4132 1420 4205 Apud
1468 4132 1767 4203 plerosque
1796 4128 1948 4184 solus
1978 4141 2174 4196 quam-

593 4239 719 4296 dam
751 4235 1135 4291 excellentiam
1173 4238 1386 4285 natura:
1417 4232 1513 4281 aut
1547 4221 1767 4279 numeri
1820 4218 2046 4291 proprie
2093 4218 2170 4273 si-

594 4332 845 4404 gniﬁcat,
881 4337 937 4385 et
993 4327 1135 4381 hanc
1184 4321 1349 4378 modo
1400 4317 1778 4380 laudabilem,
1809 4328 1932 4370 eam
1989 4322 2170 4367 tamen

594 4426 893 4496 aliquando
982 4415 1402 4488 vituperandam
1474 4425 1597 4468 esse
1674 4423 1839 4464 nemo
1927 4405 2171 4476 negabit.

595 4517 882 4573 Invenitur
907 4526 1039 4583 ergo
1083 4509 1283 4578 aliquis
1328 4509 1481 4562 solus
1535 4504 1724 4558 dictus
1772 4500 1917 4571 apud
1964 4510 2174 4554 veteres

595 4608 977 4683 philosophos,
1040 4611 1097 4658 et
1158 4602 1309 4657 solus
1369 4600 1512 4653 inter
1578 4595 1800 4651 dicendi
1858 4594 2088 4662 peritos,
2117 4597 2176 4644 et

595 4703 791 4758 eodem
845 4697 1009 4753 modo
1051 4696 1196 4750 inter
1242 4693 1462 4762 justos,
1512 4702 1608 4744 aut
1655 4688 1793 4743 alios
1853 4684 2175 4741 fortitudine

598 4791 956 4861 conspicuos.
988 4786 1174 4843 Solum
1205 4786 1402 4841 iterum
1431 4799 1460 4837 a
1485 4781 1817 4853 quibusdam
1843 4776 2175 4831 transfertur

605 4884 675 4939 ad
707 4880 1001 4943 malitiam,
1035 4879 1125 4935 cui
1199 4875 1476 4948 pessimus
1539 4869 1795 4927 diabolus
1851 4867 2173 4940 praeficitur.

601 4975 707 5046 Qui
744 4987 874 5044 ergo
904 4971 1050 5043 apud
1081 4970 1392 5026 mundanos
1424 4965 1680 5020 homines
1726 4960 2033 5014 monachus
2060 4973 2179 5028 pro-

599 5070 722 5142 prie
747 5064 980 5130 dicitur,
1001 5061 1260 5133 quisquis
1284 5068 1389 5124 est,
1415 5055 1712 5123 solivagus,
1740 5052 1886 5105 sicut
1911 5058 1970 5104 et
1990 5048 2180 5103 solita-

603 5162 725 5217 rius
750 5156 930 5223 veraci
955 5155 1183 5210 nomine
1204 5152 1427 5212 dicitur,
1446 5156 1501 5202 et
1526 5146 1686 5200 facile
1707 5145 1892 5208 solus;
1920 5156 2027 5196 non
2059 5154 2181 5210 pro-

599 5255 747 5311 fecto
806 5260 1029 5322 propter
1074 5247 1339 5302 malitiam
1388 5255 1554 5312 quam
1621 5237 1835 5308 fugiens
1885 5234 2059 5290 exivit
2107 5232 2175 5288 de

601 5347 791 5416 vulgo,
822 5352 877 5398 et
901 5342 968 5397 de
998 5337 1422 5397 communitate,
1454 5343 1512 5387 et
1540 5331 1705 5401 elegit
1734 5326 2173 5391 monasterium;

603 5438 700 5495 sed
731 5436 1059 5492 manifestus
1095 5439 1321 5502 propter
1351 5427 1634 5481 virtutem.
1667 5420 1731 5475 Et
1776 5420 2005 5488 insuper
2046 5431 2175 5471 mo-

605 5530 817 5586 nachus
870 5528 927 5583 in
1009 5525 1197 5581 divina
1257 5517 1601 5575 sublimitate
1673 5514 1828 5568 solus
1889 5519 2019 5576 est,
2078 5508 2173 5578 qui

603 5616 1066 5692 appropinquavit
1118 5613 1187 5667 ad
1244 5610 1416 5665 Deum
1468 5622 1599 5663 vere
1633 5607 1814 5661 solum
1878 5603 2171 5666 bonitate,

613 5712 920 5768 secundum
967 5709 1120 5762 illum
1176 5704 1446 5760 formatus
1497 5710 1619 5767 est,
1657 5698 1949 5769 insignitus
1983 5703 2090 5762 est,
2122 5702 2177 5749 et

609 5802 669 5856 in
698 5803 797 5855 illo
824 5797 1146 5867 evangelice
1175 5809 1500 5867 permanere
1527 5798 1761 5850 edoctus
1784 5800 1890 5860 est,
1921 5807 1990 5845 ne
2015 5797 2175 5844 ettra

602 5908 729 5950 cum
764 5890 1284 5953 vulneratusmala
1335 5902 1584 5946 extrema
1639 5888 1905 5958 patiatur.
1943 5883 2172 5953 Propter

2267 3495 2380 3549 Καὶ
2411 3493 2556 3548 οὕτω
2598 3495 2792 3567 κέρδος
2820 3514 2872 3550 τι
2915 3496 3114 3564 ἔξωθεν
3149 3499 3549 3570 πορισάμενος,
3592 3499 3735 3571 ἔχοις
3782 3503 3850 3555 ἂν

2269 3587 2417 3642 οὕτω
2447 3587 2826 3660 σεμνύνασθαι
2855 3589 2943 3643 διὰ
2988 3593 3088 3661 τῆς
3116 3590 3463 3655 ιξελεύσεως.
3513 3592 3850 3663 Ἐκφορῆσαι

2266 3681 2324 3736 δέ
2351 3677 2417 3750 γε
2448 3682 2549 3753 τῆς
2582 3684 2753 3754 μονῆς
2783 3683 2906 3754 δίχα
2944 3683 3251 3747 κελεύσεως
3300 3684 3423 3739 οὐδὲ
3452 3684 3629 3757 ἄχνην
3657 3686 3851 3738 λεπτο-

2269 3774 2440 3845 τάτην
2469 3773 2688 3839 ἐξέσται
2726 3790 2833 3828 σοι.

2344 3864 2479 3937 ρξβ’.
2518 3866 2661 3918 Ἀλλ’
2689 3865 2834 3919 οὕτω
2881 3867 2982 3935 μὲν
3014 3866 3147 3938 ἡμῖν
3179 3869 3213 3938 ἡ
3243 3868 3337 3922 τοῦ
3378 3870 3619 3940 μοναχοῢ
3660 3871 3849 3942 κλῆσις

2276 3957 2669 4028 ἀνεπτυγμένη
2721 3958 3086 4029 τεθεώρηται,
3117 3960 3218 4013 οὐκ
3265 3958 3390 4026 ἔξω,
3419 3957 3598 4031 οἶμαι,
3642 3964 3848 4030 ἀγαθοῦ

2271 4048 2456 4116 λόγου.
2497 4049 2655 4124 Ἔστι
2685 4049 2743 4103 δὲ
2774 4048 2870 4103 καὶ
2900 4050 3025 4103 καθ’
3052 4052 3305 4120 ἑτεροίαν
3332 4053 3593 4125 ἐπιϐολὴν
3626 4055 3689 4109 τὸ
3717 4040 3850 4110 αὐτὸ

2271 4139 2558 4194 διαθέσθαι
2585 4140 2780 4211 ὄνομα.
2819 4140 2877 4194 Ὀ
2906 4141 3072 4212 μόνος
3093 4144 3154 4195 ὲν
3180 4143 3401 4207 πολλοῖς
3426 4144 3709 4215 ὑπεροχήν
3727 4163 3847 4199 τινα

2275 4232 2502 4296 ίδιάςειν
2531 4232 2681 4286 δοκεῖ
2731 4232 2943 4296 οὐσίας.
2995 4232 3110 4286 εἴτε
3143 4233 3475 4303 ποιότητος·
3531 4236 3630 4289 καὶ
3683 4236 3847 4307 αὐτῆς

2273 4319 2385 4377 ὁτὲ’
2406 4324 2506 4394 μὲν
2532 4324 2939 4394 ἐπαινουμένης
2962 4339 2974 4353 ·
3014 4324 3117 4377 οὐκ
3150 4325 3219 4379 ἂν
3251 4325 3310 4378 δὲ
3357 4326 3502 4379 εἴποι
3539 4344 3627 4390 τις
3669 4328 3742 4390 ὡς
3775 4331 3847 4398 μὴ

2274 4416 2371 4469 καὶ
2403 4413 2722 4485 ψεγομένης
2771 4415 2966 4486 ἑτέρας
3017 4415 3166 4468 ἔστιν
3214 4410 3296 4472 οὗ.
3324 4416 3575 4490 Εὕρηται
3604 4419 3736 4486 γοῦν
3766 4437 3848 4485 τις

2274 4509 2723 4578 ἀποτεταγμένος
2749 4510 2907 4579 μόνος
2935 4509 2993 4562 ὲν
3027 4507 3343 4578 φιλοσόφοις
3377 4513 3490 4573 τοῖς
3528 4511 3721 4573 πάλαι,
3754 4516 3847 4567 καὶ

2260 4601 2462 4671 ’μόνοις
2497 4601 2559 4655 ὲν
2592 4603 2706 4664 τοῖς
2748 4599 3068 4672 ῥητορεύειν
3097 4601 3466 4671 ἠσκημένοιςο
3501 4603 3649 4657 οὕτω
3673 4604 3727 4657 δὲ
3756 4606 3845 4658 καὶ

2279 4693 2338 4746 έν
2370 4692 2628 4758 δικαίοις,
2675 4693 2770 4746 καὶ
2814 4688 2896 4756 οἷς
2922 4693 2956 4762 ὴ
2985 4691 3179 4759 ἀνδρία
3216 4693 3538 4765 προσέσχεν.
3588 4697 3843 4767 Ἀπηνέγο

2278 4800 2414 4837 κατο
2441 4782 2498 4836 δέ
2526 4800 2612 4846 τις
2640 4782 2800 4846 ἄλλος
2831 4783 2893 4836 τὸ
2926 4782 3163 4853 μονῆρες
3191 4783 3286 4837 καὶ
3314 4786 3372 4836 ὲν
3399 4786 3592 4856 κακίᾳ,
3623 4783 3691 4858 ἦς
3716 4805 3846 4859 πρι-

2274 4875 2517 4946 κάθηται
2552 4876 2580 4927 ὁ
2606 4876 2919 4944 ἀρχέκακος
2947 4873 3178 4943 δαίμων.
3224 4876 3284 4932 '0
3308 4874 3490 4930 τοίνυν
3527 4878 3673 4942 ἰδίως
3702 4880 3846 4948 λεγά-

2279 4984 2438 5038 μενος
2464 4966 2700 5036 μοναχὺς
2726 4968 2783 5018 ὲν
2812 4969 2924 5028 τοῖς
2952 4966 3094 5019 κατὰ
3117 4966 3327 5038 κόσμον
3350 4966 3683 5040 ἀνθρώποις,
3707 4973 3845 5035 ὅστις

2276 5058 2396 5112 ποτ’
2438 5059 2504 5112 ἂν
2561 5061 2657 5111 καὶ
2692 5057 2805 5128 εἴη,
2857 5058 3102 5128 μονήρης
3161 5059 3280 5111 ἐστὶ
3319 5060 3414 5114 καὶ
3463 5062 3631 5125 αὐτὸς
3680 5080 3879 5134 φερωο,

2275 5149 2477 5218 νυμίας
2500 5146 2670 5217 λόγῳ,
2701 5147 2894 5201 καθότι
2924 5149 3020 5201 καὶ
3053 5149 3330 5218 μονάζων·
3351 5150 3514 5214 εὐθὺς
3541 5152 3598 5205 δὲ
3630 5160 3719 5206 καὶ
3752 5158 3842 5223 μό-

2280 5257 2370 5302 νος
2392 5255 2406 5269 ⁸
2439 5238 2535 5291 καὶ
2561 5240 2622 5291 οὐ
2652 5239 2828 5308 δήπου
2859 5239 2959 5310 τὴν
2993 5239 3217 5304 κακίαν,
3256 5241 3323 5313 ἢν
3354 5241 3573 5309 φεύγων
3606 5244 3831 5308 ὲξετοπίς

2283 5333 2385 5398 σθη
2421 5337 2521 5401 μὲν
2558 5329 2654 5384 τοῦ
2688 5331 2870 5385 κοινοῦ
2906 5333 3003 5386 καὶ
3030 5330 3250 5397 πολλοῦ,
3284 5332 3459 5386 εἵλετο
3503 5334 3561 5386 δὲ
3592 5336 3655 5387 τὸ
3686 5352 3837 5405 μονα-

2282 5423 2458 5494 χικὸν,
2491 5422 2628 5477 ἀλλὰ
2666 5426 2767 5493 τὴν
2811 5425 3015 5495 ἀρετὴν
3048 5425 3345 5495 δήπουθεν.
3380 5428 3493 5480 Καὶ
3521 5428 3640 5481 ἐστι
3670 5430 3842 5485 λοιπὸν

2281 5516 2311 5568 ό
2357 5515 2593 5586 μοναχὸς
2628 5516 2688 5569 ὲν
2716 5515 2878 5587 ἐξοχῇ
2914 5515 3195 5580 θειότατος
3253 5518 3434 5588 μόνος,
3483 5517 3561 5582 ὡς
3594 5515 3686 5573 οἷα
3733 5520 3841 5591 Θεῷ

2281 5609 2709 5679 προσχωρήσας,
2756 5609 2835 5679 τῷ
2884 5609 3104 5678 ἀληθῶς
3159 5611 3307 5682 μόνῳ
3365 5612 3465 5683 τὴν
3513 5614 3836 5685 ἁγαθότητα,

2282 5701 2378 5754 καὶ
2410 5700 2545 5769 πρὸς
2580 5695 2792 5754 ἐκεῖνον
2841 5703 3116 5766 τυπωθεὶς
3145 5741 3165 5768 ,
3220 5704 3319 5756 καὶ
3370 5706 3838 5777 χαρακτηρισθεὶς,

2282 5793 2377 5845 καὶ
2413 5793 2598 5861 μένειν
2628 5792 3009 5861 εὐαγγελικῶς
3036 5796 3094 5847 ὲν
3126 5794 3322 5868 ἐκείνῳ
3356 5796 3607 5867 ταχθείςο
3656 5798 3740 5852 ἵνα
3775 5799 3838 5870 μὴ

2282 5885 2385 5952 ἔξω
2417 5883 2657 5956 βληθεὶς,
2688 5884 2848 5940 πάθοι
2878 5886 2947 5939 τὰ
2982 5886 3263 5944 πάνδεινα.
3291 5888 3454 5942 Ὥστε
3482 5888 3606 5944 κατ’
3641 5891 3811 5962 ἔξαιρε
