3992 6240
124 263 238 329 855

1096 264 1197 324 DE
1239 264 1720 328 EMENDANDA
1742 265 1921 327 VITA
1965 263 2437 327 MONACHICA.

3293 273 3400 340 866
3416 335 3430 348 .

124 402 224 440 τον
250 385 455 456 ἀρετὴν
491 382 847 455 ύπεροχικῶς
869 384 897 437 ὁ
931 385 1168 456 μοναχδς
1197 385 1541 457 ὠνόμασται,
1571 384 1716 439 θειο-

1828 384 2096 456 insignem
2156 386 2325 456 igitur
2383 388 2649 441 virtutem
2701 384 3007 444 monachus
3068 374 3407 448 excellenter

125 479 306 545 τάτην
349 479 559 546 ταύτην
591 478 1032 549 περιδυσάμενος
1084 480 1573 550 μεγαλοπρέπειαν
1600 480 1718 536 ὀνό-

130 591 328 640 ματος.
1308 614 1311 619 -

207 666 346 737 ρξγ¹.
383 664 534 737 Αὕτη
560 665 800 737 δευτέρα
826 664 960 737 ἡμῖν
982 667 1161 722 ἔννοια
1187 669 1492 739 ἑρμηνείας
1524 669 1619 722 ἐπὶ
1641 670 1720 741 τῷ

128 759 387 830 μοναχῷ,
452 758 531 830 τῷ
579 760 916 832 ἀξυμϐλήτῳ
971 761 1113 833 πρὸς
1173 762 1301 827 τοὺς
1339 762 1584 826 λοιποὺς,
1641 763 1719 834 τῷ

123 855 477 925 ἁσυγκρίτῳ,
505 853 585 924 τῷ
625 854 1006 924 ἀσυνδυὰστῳ,
1041 854 1132 908 καὶ
1163 854 1230 909 δι’
1252 855 1394 908 αύτὰ
1430 856 1718 925 μονάζοντι

124 949 255 1002 κατ’
282 947 500 1021 ἐξοχὴν,
528 934 1162 1021 ὡς’ὲρρέθηίένάρετον,
1186 951 1246 1003 ού
1281 950 1389 1021 μὴν
1419 950 1721 1020 τυραννιῶ-

126 1059 236 1094 σαν
258 1058 274 1074 ι
304 1042 381 1105 ὡς
413 1042 590 1095 δοκεῖν
615 1042 709 1095 τὸν
735 1043 1073 1113 κειράμενον
1105 1042 1269 1110 μόνον
1299 1043 1471 1095 οἰκεῖν
1500 1042 1593 1094 ἐπὶ
1618 1043 1720 1111 τῆς

123 1132 262 1201 γῆς,
297 1137 486 1205 μήπου
522 1134 579 1188 δέ
618 1135 716 1188 καὶ
770 1134 1155 1187 συνθλίῦεσθαι
1178 1173 1193 1196 ,
1247 1134 1323 1205 μὴ
1369 1136 1720 1206 χωρούμενον

122 1231 186 1281 ὲν
220 1227 385 1298 αὐτῇ.
415 1229 587 1281 Φάναι
616 1226 674 1281 δὲ
708 1227 850 1280 κατὰ
894 1226 1090 1297 τρίτην
1138 1227 1401 1298 ἐπιύολὴν
1450 1230 1720 1299 ἐτυμότη-

120 1335 243 1378 τος,
277 1316 352 1379 ὡς
384 1319 449 1388 τῇ
484 1317 579 1369 τοῦ
635 1316 874 1389 μονσχοῦ
918 1318 1115 1389 κλήσει
1149 1318 1211 1372 τὸ
1249 1320 1381 1389 ἄχος
1428 1319 1717 1388 ἔγκειται,

121 1411 212 1473 είς
244 1408 475 1473 ἔνδειξιν
505 1408 600 1462 τοῦ
630 1411 727 1463 καὶ
770 1409 1067 1478 μονοῦσθαι
1113 1411 1304 1476 αὐτὸν,
1343 1413 1440 1467 καὶ
1479 1414 1719 1482 ὀφείλειν

123 1502 400 1571 ἅχνυσθαι
433 1501 579 1572 λόγῳ
613 1502 886 1572 πενθίμου
918 1503 1037 1574 βίου
1077 1503 1174 1557 τοῦ
1206 1505 1349 1561 κατὰ
1377 1506 1478 1578 τὴν
1509 1508 1721 1577 κουρὰν

125 1590 567 1660 ἑπιστρεπτικὸν
624 1591 723 1661 μέν
755 1593 875 1645 ἐστι
900 1592 998 1646 τοῦ
1038 1595 1365 1663 μονάζοντος
1412 1600 1493 1660 είς
1525 1599 1717 1653 ταπεί-

1825 480 2008 534 dictus
2041 489 2149 547 est,
2174 489 2344 551 atque
2376 482 2539 537 istam
2575 481 2753 537 divini
2788 481 3034 538 nominis
3079 482 3409 552 dignitatem

1822 570 2089 627 obtinuit.

1894 662 2019 720 165.
2056 664 2210 721 Talis
2252 676 2337 722 est
2365 670 2610 725 secunda
2649 678 2836 727 nostra
2896 668 3409 741 interpretatiode

1800 748 2116 825 ’monacbo,
2147 760 2240 829 qui
2280 775 2405 815 cum
2435 762 2668 831 reliquis
2702 780 2812 819 non
2863 773 3043 835 potest
3067 763 3403 834 comparari,

1822 865 1934 905 non
1975 850 2238 921 iudicari,
2300 868 2413 908 non
2461 855 2763 926 conjungi;
2806 857 3016 928 quique
3072 856 3214 918 ideo,
3251 855 3407 910 solus

1821 954 1905 998 est
1928 944 2233 998 secundum
2275 946 2659 1000 excellentiam
2696 949 2940 1015 virtutis,
2990 968 3097 1005 non
3152 953 3404 1019 tyranni-

1821 1040 1930 1106 dis,
1974 1041 2047 1093 ita
2082 1052 2143 1095 ut
2194 1040 2448 1095 videatur
2482 1040 2638 1094 solus
2685 1042 2779 1110 qui
2826 1052 3059 1099 tonsura
3104 1044 3409 1116 insignitus

1821 1140 1906 1188 est
1954 1133 2207 1188 habitare
2267 1134 2422 1189 solus
2475 1135 2527 1186 in
2576 1124 2761 1200 terris,
2830 1134 3057 1190 minime
3113 1148 3293 1191 autem
3343 1153 3408 1190 ea

1822 1225 2081 1295 opprimi,
2141 1226 2418 1295 siquidem
2488 1226 2545 1280 in
2611 1240 2679 1281 ea
2742 1240 2852 1281 non
2902 1226 3166 1281 ambulat.
3223 1229 3409 1283 Tertia

1823 1318 2257 1388 signiﬁcationis
2315 1321 2636 1390 conjectura
2702 1335 2865 1390 quam
2940 1320 3138 1375 damus
3206 1321 3409 1375 asserit

1774 1411 2061 1467 osolitarii
2111 1413 2321 1467 nomini
2382 1413 2633 1469 dolorem
2691 1412 2818 1468 addi
2870 1412 3306 1483 (μόνος-ἄχος),
3338 1411 3411 1465 ad

1823 1505 2230 1560 ostendend’um
2264 1519 2391 1560 eum
2435 1506 2614 1561 solum
2659 1520 2804 1570 esse,
2847 1516 3220 1574 maestumque
3263 1503 3415 1557 futu-

1825 1611 1947 1650 rum
1986 1611 2114 1653 esse
2162 1598 2236 1652 ob
2280 1598 2673 1652 niortiticatam
2724 1598 3006 1652 tonsurati
3067 1597 3262 1661 vitam,
3296 1597 3412 1651 banc

124 1699 325 1749 νωσιν,
364 1683 927 1756 λογοπραγηθήσεται
976 1684 1055 1751 δὲ,
1107 1688 1328 1757 γραφὲν
1386 1690 1716 1764 τολμηρίας,

1828 1688 2047 1759 quidem
2108 1692 2444 1745 monachum
2509 1690 2578 1745 ad
2635 1690 3011 1745 humilitatem
3054 1689 3246 1754 ﬂectit,
3315 1688 3413 1743 sed

126 1777 294 1847 παρά
322 1792 386 1845 γε
415 1779 530 1841 τοῖς
561 1778 658 1831 καὶ
692 1777 763 1831 τὰ
801 1777 1032 1832 τοιαῦτα
1066 1783 1358 1850 κριτικοῖς.

156 1976 159 1979 ‘
204 1956 336 2029 pﬁo'.
385 1956 652 2013 Ἐνταὸθα
677 1959 735 2013 δέ
764 1959 925 2029 λόγου
953 1948 1150 2027 ἐλθὼν,
1177 1956 1223 2016 ὦ
1249 1963 1470 2034 araxes,
1507 1966 1718 2021 πυνθά-

126 2051 303 2122 νομαί
329 2069 447 2116 σου,
469 2053 519 2104 εί
543 2051 681 2123 πρὸς
705 2052 996 2124 ἀκρίϐειαν
1022 2053 1357 2109 καθέσταταί
1386 2075 1481 2127 μοι
1501 2058 1712 2127 ταῦτας

130 2145 390 2214 Δοκήσας
415 2142 473 2198 δὲ
506 2144 765 2209 ἀκοῦσαι,
805 2145 882 2210 ὡς
920 2147 1325 2220 ἡκριὸωσάμην
1363 2124 1426 2203 τὸ
1456 2124 1713 2222 λαληθὲν,

128 2240 387 2308 προσεπε
399 2236 554 2306 ρωτῶ
579 2250 661 2299 σε,
691 2239 786 2292 καὶ
810 2241 965 2292 ποῖον
983 2238 1051 2292 ἂν
1079 2238 1195 2312 ἔχοι
1221 2259 1307 2305 τις
1327 2241 1518 2313 ψόγον,
1545 2245 1718 2299 καθαο

132 2329 414 2399 πτάμενος
446 2330 686 2401 μοναχοῦ
740 2332 1144 2401 είσαγωγικού,
1195 2335 1439 2389 τοιούτου
1491 2339 1592 2407 μὲν
1622 2340 1719 2393 καὶ

112 2422 308 2477 αὐτοῦ
335 2422 719 2491 ἐποφείλοντος
749 2421 914 2489 εἶναι,
943 2426 1162 2481 ἀλλοίου
1193 2428 1250 2482 δὲ
1283 2431 1718 2497 ἀπεκϐαίνοντος

131 2516 222 2579 είς
247 2514 308 2568 τὸ
345 2517 819 2581 παντελές;·Δοκῶ
850 2530 940 2589 μοι
972 2518 1250 2576 κάνταῦθα
1281 2523 1615 2618 ἐνηγεῖσθαι,
1644 2526 1720 2590 ὡς

134 2609 460 2672 ἐπαινετὲος
494 2611 587 2661 καὶ
614 2612 641 2663 ὁ
673 2609 764 2663 τὸν
785 2611 1029 2666 τοιοῦτον
1059 2615 1294 2689 μοναχὸν
1320 2609 1715 2684 ὲπὶσκὼπτων,

133 2698 238 2752 καὶ
269 2697 444 2763 οὕτως
479 2701 805 2756 ἀνακόπτων
849 2703 951 2769 τῆς
1007 2705 1100 2758 ἐπὶ
1146 2706 1214 2760 τὰ
1263 2708 1445 2777 φαῦλα
1493 2710 1716 2780 ὁρμῆςο

131 2790 327 2862 πολλῷ
360 2792 416 2845 δὲ
453 2792 689 2863 μάλιστα
729 2795 825 2849 καὶ
871 2798 899 2849 ὁ
941 2796 1035 2850 τὸν
1066 2797 1449 2870 πολυχρόνιον.
1483 2803 1594 2855 Καὶ
1627 2805 1720 2856 ἐπὶ

132 2886 357 2950 τούτοις
385 2888 638 2957 ὁμολογῶ
667 2891 910 2955 τοιοῦτος
932 2888 1027 2947 καὶ
1052 2894 1213 2959 αὐτὸς
1239 2891 1381 2951 εἶναι
1402 2897 1524 2951 λίαν
1549 2899 1716 2969 μάλα,

132 2977 219 3040 ὡς
252 2976 346 3030 καὶ
376 2974 436 3033 εὖ
481 2979 638 3043 εἰδὼς
690 2985 891 3052 χρῆναι
924 2987 1045 3038 κατ’
1086 2986 1209 3057 ῐχνη
1258 2987 1336 3058 τῷ
1372 2989 1721 3061 μεγαλοσχή-

1814 1781 2181 1851 iudicabitur,
2230 1792 2287 1838 et
2335 1792 2601 1854 arguatur
2673 1782 3007 1839 temeritatis
3054 1782 3198 1853 apud
3247 1779 3413 1850 huius

1820 1874 1901 1929 rei
1935 1874 2170 1944 peritos.

1893 1966 2018 2022 164.
2055 1967 2136 2022 Ad
2173 1969 2319 2022 hunc
2348 1981 2656 2023 sermonem
2688 1980 2814 2022 eum
2839 1968 3108 2031 venerim,
3149 1981 3182 2021 ο
3215 1966 3411 2032 frater,

1819 2074 2007 2132 quaero
2035 2074 2064 2114 a
2093 2068 2146 2115 te
2180 2067 2359 2117 utrum
2382 2061 2484 2115 ista
2512 2059 2650 2114 bene
2670 2057 3002 2114 “deﬁnierim.
3031 2058 3094 2113 Et
3118 2066 3409 2130 postquam

1821 2152 2013 2207 audire
2050 2152 2350 2208 arbitratus
2398 2166 2519 2206 sum
2552 2152 2698 2205 dicta
2726 2152 2826 2206 tibi
2872 2151 3188 2222 approbari,
3218 2165 3412 2208 rursus

1822 2255 1875 2300 te
1914 2246 2193 2317 interrogo
2228 2254 2467 2315 quantas
2514 2242 2954 2311 vituperationes
2979 2243 3304 2299 incursuros
3333 2244 3409 2298 sit

1824 2340 1988 2393 homo
2040 2350 2343 2393 occurrens
2397 2336 2669 2390 monacho
2719 2334 2952 2401 novitio,
2985 2336 3079 2403 qui
3115 2334 3251 2390 talis
3287 2348 3411 2388 esse

1821 2431 2077 2492 debebat,
2109 2439 2163 2484 et
2184 2430 2414 2484 omnino
2448 2428 2591 2482 aiius
2620 2427 2818 2482 evasit.
2857 2427 2921 2481 Et
2955 2430 3057 2481 hoc
3080 2440 3409 2497 responsum

1821 2521 2206 2592 accipiendum
2240 2537 2386 2585 reor,
2421 2519 2757 2574 laudandum
2798 2536 2923 2575 esse
2962 2534 3087 2574 cum
3119 2521 3214 2588 qui
3247 2519 3411 2574 talem

1823 2616 2151 2671 monachum
2183 2613 2445 2674 irriscrit,
2468 2613 2662 2683 sicque
2691 2628 2721 2667 a
2748 2611 2991 2667 vanitate
3023 2613 3411 2681 prosequenda

1823 2708 2100 2773 averterit;
2128 2706 2410 2775 multoque
2432 2705 2603 2776 magis
2623 2704 2715 2774 qui
2737 2713 3016 2759 assuetum
3044 2703 3251 2772 alonge
3275 2711 3412 2757 tem-

1822 2813 1975 2869 pore.
2019 2797 2089 2851 De
2126 2798 2210 2851 his
2253 2798 2523 2851 conlitcor
2576 2812 2661 2849 me
2696 2796 2887 2849 eadem
2923 2795 3151 2859 sentire,
3185 2797 3277 2862 qui
3311 2810 3413 2862 op-

1826 2890 1957 2944 time
1988 2889 2108 2943 novi
2145 2889 2447 2943 dissimiles
2497 2887 2744 2958 vestigiis
2792 2887 2974 2956 magni
3009 2885 3279 2949 _ntonaclti
3321 2885 3409 2939 in-

1825 2979 2023 3035 sistere
2053 2979 2271 3043 debere,
2301 2978 2502 3048 quippe
2536 2977 2629 3046 qui
2661 2978 2890 3032 edoctus
2917 2992 3037 3031 sum
3080 2977 3216 3032 istos
3249 2976 3416 3046 spiri—

139 3087 274 3140 μονι
305 3071 431 3136 τοὺς
456 3071 543 3143 ’μὴ
576 3075 859 3139 τοιούτους
899 3077 1308 3146 ἐπακολουθεῖν,
1360 3083 1455 3135 καὶ
1504 3100 1719 3153 παρηγ-

1828 3073 2045 3129 tnaliter
2080 3092 2099 3125 ι
2133 3073 2448 3141 obsecrare,
2481 3087 2732 3144 arguere,
2759 3086 2814 3129 et
2845 3073 3134 3143 increpare
3159 3072 3229 3128 “.
3257 3089 3278 3125 ι

136 3159 412 3229 γελμένος
440 3163 503 3216 ἐκ
525 3162 659 3217 Θεοῦ
682 3165 1028 3235 παρακαλεῖν
1053 3169 1111 3222 ἐν
1129 3172 1237 3232 τοῖς
1266 3170 1533 3236 τοιούτοις
1554 3172 1721 3227 πνευὲ

138 3253 417 3323 ματικῶς,
451 3256 546 3310 καὶ
581 3257 850 3328 ἐλέγχειν,
884 3259 980 3314 καὶ
1008 3262 1290 3333 ἐπιτιμᾷν.

218 3343 349 3413 ρξε’.
399 3346 471 3399 Ἢ
503 3348 584 3412 τίς
628 3347 694 3401 ἄν
742 3351 1107 3420 παρεστηκὼς
1160 3354 1338 3427 θρόνῳ
1390 3355 1721 3429 αἰσθήσεως,

139 3436 241 3488 καὶ
274 3435 494 3506 βλέπων
531 3439 660 3504 τοὺς
694 3444 751 3495 ἐν
782 3444 919 3514 ἡμῖν
965 3447 1259 3514 φορτικοὺς
1306 3450 1723 3522 πρωτοπείρους

139 3528 242 3583 τοῦ
277 3531 555 3600 μονάζειν,
587 3536 682 3588 καὶ
713 3534 889 3600 ἄλλως
929 3541 1406 3611 μικροσχὴμονας,
1432 3544 1722 3614 δυνήσεται

136 3621 328 3692 ψυχὴν
360 3622 698 3696 ἀθορύϐητον
727 3627 894 3697 ἔχειν,
928 3629 1020 3684 καὶ
1058 3631 1132 3702 μὴ
1164 3635 1723 3705 προσεπιμέμφεσθαι

140 3715 247 3768 καὶ
276 3713 367 3767 τὸν
398 3716 456 3768 ἐν
488 3717 674 3783 αὐτοῖς
717 3720 971 3775 ὁπωσοῦν
1002 3722 1199 3793 μέγαν,
1241 3724 1296 3789 ὃς
1345 3725 1563 3796 βλέπων
1594 3731 1722 3794 τοὺς

138 3803 357 3868 ἀτελῶς
383 3806 709 3878 ἀρτιμαθεῖς
741 3809 1128 3877 ἐξοκέλλοντας
1160 3816 1238 3879 είς
1267 3816 1567 3884 ἀπώλειαν,
1594 3818 1721 3873 οὔτε

137 3900 488 3970 ἀναχαιτίζει
518 3906 1022 3974 φριμασσομὲνους,
1046 3907 1184 3962 ἀλλὰ
1214 3910 1310 3964 καὶ
1338 3912 1721 3982 προσερεθίζει

139 3993 471 4063 κεντρίζων,
511 3994 604 4049 καὶ
632 3996 1003 4067 φιλοτιμεῖται
1039 4001 1099 4053 τὸ
1130 4002 1252 4054 κατ’
1289 4002 1534 4066 ἐκείνους
1563 4002 1724 4058 ἄστο-

94 4080 95 4083 “
144 4102 253 4154 μον
280 4086 375 4139 καὶ
403 4085 671 4158 δυσήνιον,
702 4090 1159 4163 ἐναγλαῖζόμενος
1189 4094 1351 4158 αὐτὸς
1370 4099 1438 4167 τῇ
1473 4097 1595 4150 κατ’
1621 4099 1723 4152 αύ-

137 4179 277 4241 τοὺς
305 4180 533 4252 γενναίᾳ
568 4179 870 4253 θρασύτητι
892 4199 905 4213 ο
940 4181 1016 4246 ὡς
1049 4183 1169 4237 οὐδὲ
1196 4185 1500 4257 στρατηγὸς
1523 4186 1721 4257 ἐλλάμ-

138 4271 309 4341 ψεται
345 4274 619 4344 μαχηταῖς
658 4272 937 4342 ἀνδρικοῖς
984 4274 1075 4326 ὑπ’
1130 4274 1278 4344 αὐτῷ
1325 4276 1720 4344 τεταγμένοις

143 4364 247 4417 καὶ
277 4363 565 4434 τιθέμενος
613 4365 671 4416 ἐν
712 4366 919 4435 σπουδῇ
972 4365 1458 4435 περιουσιάζεσθαι
1490 4369 1721 4422 τοιοῖσδε

1903 3344 2028 3402 165.
2048 3344 2202 3412 Quis,
2244 3359 2449 3414 qumso,
2489 3344 2691 3399 throno
2733 3358 2999 3401 sensuum
3057 3346 3283 3415 potitus,
3327 3347 3413 3401 vi-

1829 3437 2076 3507 densque
2094 3444 2439 3505 contemptus
2468 3444 2661 3492 nostro
2675 3453 2792 3492 aevo
2819 3437 3120 3503 monachos
3146 3438 3411 3504 novitios,

1831 3541 1924 3586 aut
1955 3530 2116 3585 aliter
2155 3531 2423 3595 minores,
2456 3532 2660 3598 poterit
2696 3530 2892 3599 spiritu
2928 3546 3034 3586 non
3087 3533 3323 3597 turbari,
3356 3542 3412 3589 et

1833 3639 1942 3678 non
1987 3624 2360 3678 condemnare
2408 3623 2691 3679 hominem
2729 3623 2873 3677 inter
2903 3639 2999 3680 eos
3034 3625 3218 3695 aliquo
3244 3627 3411 3681 modo

1832 3726 2117 3782 magnum,
2163 3712 2415 3782 quicum
2462 3712 2660 3767 viderit
2707 3713 3012 3782 discipulos
3055 3714 3413 3784 imperfectos

1829 3804 1884 3858 in
1912 3806 2194 3860 interitum
2231 3803 2383 3868 I‘crri,
2414 3805 2712 3859 indomitos
2736 3820 2843 3858 non
2883 3806 3142 3869 refrenat,
3173 3807 3268 3861 sed
3296 3821 3415 3860 ma-
3466 3791 3472 3797 ’

1828 3895 1911 3965 gis
1961 3895 2151 3951 aculeo
2210 3895 2436 3958 excitat,
2495 3894 2685 3949 laudat
2731 3909 2793 3950 os
2851 3911 3043 3950 eorum
3100 3896 3297 3952 durum
3356 3906 3414 3951 et

1830 4000 2123 4055 asperum,
2181 3994 2237 4039 et
2283 3986 2402 4055 ipse
2448 3985 2562 4038 fera
2608 3986 2802 4039 eorum
2856 3987 3180 4042 fortitudine
3235 3991 3414 4042 extol-

1834 4076 1981 4133 litur.
2020 4077 2205 4147 Neque
2251 4079 2395 4131 enim
2447 4077 2556 4130 dux
2600 4077 2880 4131 exercitus
2934 4092 2966 4133 e
3015 4079 3284 4133 militibus
3329 4080 3415 4132 in-

1829 4170 2050 4225 domitis
2108 4168 2212 4224 sub
2266 4182 2325 4222 se
2354 4168 2625 4221 ordinatis
2675 4169 2905 4235 gloriam
2947 4167 3295 4238 adipiscitur.
3347 4170 3414 4225 Et

1831 4270 2026 4329 captus
2058 4258 2336 4313 desiderio
2372 4257 2560 4310 talium
2592 4258 2997 4325 discipulorum
3038 4252 3421 4328 multiplicanJ

1833 4352 2054 4415 dorum,
2092 4349 2310 4403 etiamsi
2355 4347 2506 4402 omni
2552 4357 2800 4416 tempore
2840 4349 3083 4404 audierit
3125 4349 3415 4407 fallacissi-

145 4456 449 4529 μαθηταῖς,
478 4456 602 4510 ὅθεν
648 4455 746 4510 καὶ
784 4458 883 4526 τὴν
919 4456 1095 4529 ἀρχὴν
1129 4458 1414 4529 μανθάνων
1454 4462 1721 4528 φαυλεπι-

1833 4457 1952 4497 mos
1996 4455 2119 4496 esse
2149 4447 2206 4492 nt
2235 4442 2308 4494 ita
2336 4438 2538 4503 dicam,
2576 4438 2882 4508 proselytos
2912 4439 2965 4492 in
3007 4447 3230 4494 tonsura
3262 4440 3413 4493 salo-

141 4546 393 4615 φαύλους
443 4540 587 4600 εἶναι
636 4545 785 4610 τοὺς,
831 4546 906 4610 ὡς
951 4547 1151 4614 εἰπεῖν,
1208 4548 1586 4618 προσηλύτους
1634 4551 1728 4605 ἐπὶ

144 4639 412 4710 σωτηρίῳ
463 4638 661 4710 κουρᾷ,
718 4636 841 4690 οὔτε
890 4640 1211 4707 φυλοκρινεῖ
1257 4638 1327 4693 τὰ
1376 4641 1498 4693 κατ’
1529 4640 1728 4708 αὐτοὺς

144 4733 283 4801 ἤθη,
310 4730 435 4784 οὔτε
469 4730 820 4802 καταρτίζων
851 4731 1215 4802 ἀσφαλίζεται
1254 4732 1334 4796 είς
1366 4733 1726 4806 ἐπιστροφὴν,

144 4823 268 4878 ἀλλ’
298 4824 429 4877 αὐτὸ
448 4824 607 4878 τοῦτο
637 4823 1086 4895 στρατηλατικῶς
1123 4823 1372 4878 ὑπειπὼν
1406 4824 1435 4877 ὁ
1470 4823 1726 4894 ψυχικὸς,

146 4922 179 4968 ὁ
202 4916 300 4984 τῆς
334 4915 577 4987 εἰρήνης,
610 4916 639 4967 ὁ
663 4915 760 4985 τῆς
788 4917 1027 4988 ἀγάπης,
1057 4917 1086 4971 ὁ
1107 4914 1203 4970 τοῦ
1234 4915 1394 4982 Θεοῦ,
1420 4915 1494 4980 ὡς
1521 4919 1553 4985 ἡ
1590 4918 1727 4987 μονὴ

149 5009 250 5063 καὶ
275 5006 533 5073 τοιούτων
562 5006 897 5078 διακονητῶν
925 5008 1128 5073 δέεται,
1154 5006 1289 5061 ὡσεὶ
1318 5010 1413 5062 καὶ
1438 5008 1726 5079 τύραννος,

146 5094 332 5169 οἶμαι,
374 5098 607 5170 δημίων,
642 5099 934 5168 προσίεται
978 5103 1106 5163 τοὺς
1137 5098 1357 5164 ἐξώλεις
1404 5100 1481 5163 ὼς
1524 5100 1729 5173 δηλαδὴ

147 5191 455 5258 τοιούτους,
491 5191 585 5244 καὶ
616 5191 905 5262 σωμασκετ
937 5190 1238 5262 ἐπιμελῶς,
1286 5190 1380 5256 οὓς
1425 5191 1597 5263 ἐχρῆν
1641 5192 1731 5246 διὰ

150 5286 275 5359 βίου
305 5283 339 5354 ἢ
373 5283 745 5356 ἁκειρεκὸμας
800 5282 1006 5354 μένειν,
1060 5282 1109 5334 ει
1160 5285 1259 5337 καὶ
1302 5283 1584 5348 ἐὸιάξοντο
1627 5285 1730 5356 τὴν

148 5378 382 5449 κουρὰν,
419 5374 615 5446 aena:
671 5375 818 5431 κατὰ
865 5372 1216 5445 κακούργους
1267 5374 1589 5446 κείρεσθαι·
1632 5376 1729 5430 καὶ

147 5467 263 5540 πρὸ
294 5465 591 5537 προσώπου
625 5465 855 5531 τίθεται,
894 5465 991 5520 καὶ
1020 5464 1278 5536 ἐκτρέφει
1311 5464 1609 5533 ἀναλόγως,
1643 5461 1729 5530 οἷς

143 5557 502 5631 ἡθικεύονται
523 5573 538 5591 ο
568 5559 664 5612 καὶ
699 5556 1171 5631 σωματοφύλακας
1197 5558 1395 5629 ἐφιστᾷ
1419 5557 1616 5629 ἐαυτῷ,
1645 5559 1725 5622 είς

144 5653 374 5722 ἀνδρίαν
403 5650 671 5715 ἐξασκῶν.

219 5771 262 5856 ξέ
285 5768 329 5824 ll
353 5767 494 5824 Tim.
526 5782 597 5836 tv,
624 5765 714 5823 20.

1828 4533 2008 4597 til'era,
2041 4546 2222 4586 mores
2263 4544 2455 4585 eorum
2508 4538 2689 4584 tamen
2740 4543 2847 4582 non
2881 4529 3151 4599 dijudicat
3183 4546 3198 4585 :
3233 4546 3411 4601 neque

1827 4622 2073 4693 disponit
2129 4623 2194 4678 ad
2254 4623 2547 4676 certiorem
2598 4620 2903 4676 faciendam
2961 4623 3407 4689 conversionem,

1828 4716 1924 4772 sed
1960 4725 2024 4769 ut
2060 4719 2168 4770 dux
2207 4715 2464 4780 militum,
2498 4714 2584 4768 vir
2630 4715 2959 4783 spiritualis,
2993 4717 3280 4786 paciﬁcus,
3328 4719 3415 4772 vir

1828 4810 2138 4876 charitatis,
2172 4807 2257 4862 vir
2291 4807 2381 4862 Dei
2413 4807 2488 4861 ita
2515 4809 2856 4878 respondet:
2891 4807 3091 4865 talibus
3140 4810 3411 4868 ministris

1833 4901 2232 4958 monasterium
2315 4900 2594 4969 indigere,

1835 5010 1966 5050 num
1997 4994 2320 5060 lictoribus,
2354 4992 2618 5061 arbitror,
2660 5002 2715 5048 et
2763 4995 3008 5065 perditos
3052 4994 3302 5052 homines
3352 5005 3414 5051 ut

1836 5088 1974 5144 tales
2003 5087 2266 5151 admittit,
2292 5085 2540 5142 studiose
2565 5095 2814 5150 exercet,
2841 5101 2986 5158 quos
3025 5103 3254 5144 necesse
3293 5098 3413 5143 erat

1835 5196 1932 5253 per
1972 5187 2143 5236 totam
2191 5180 2354 5234 vitam
2403 5179 2656 5234 intonsos
2699 5192 3002 5247 remanere,
3038 5179 3256 5236 etiamsi
3297 5188 3415 5233 ton-

1836 5289 2025 5333 suram
2081 5272 2444 5344 postularent,
2485 5278 2584 5325 aut
2623 5271 2793 5326 etiam
2863 5280 2924 5326 ut
2979 5272 3243 5327 scelestos
3281 5278 3408 5324 ton-

1818 5369 1978 5426 deri.
2013 5362 2127 5424 Hos
2155 5367 2210 5422 in
2256 5365 2443 5421 fronte
2477 5364 2655 5434 ponit,
2689 5363 2951 5419 similiter
2985 5363 3186 5429 nutrit,
3221 5373 3282 5418 ut
3310 5379 3403 5418 as-

1816 5464 1972 5522 sueti
2037 5469 2218 5532 erant,
2286 5473 2492 5532 eosque
2555 5457 2623 5514 ad
2676 5456 2929 5513 ardorem
2989 5454 3253 5533 majorem
3309 5471 3402 5512 ac-

1833 5558 2042 5615 cendit.

2675 4902 3143 4970 quemadmodum
3210 4912 3373 4974 tyran
3388 4934 3409 4948 ο
3512 4910 3515 4913 ’
