3992 6240
597 283 700 351 86⁸1

1303 276 1718 342 EUSTATHH
1758 276 2177 338 THESSALOE

2279 277 2519 339 iENSlS
2569 278 2728 340 ΜΕΤ
2742 279 3142 342 ΗΟΡΟΙᾸΤΕ

3705 341 3710 344 ,
3751 279 3857 340 863

671 395 798 450 166.
859 393 998 449 Cum
1070 393 1386 448 istiusmodi
1437 390 1691 448 [nomines
1737 391 1805 446 ad
1858 390 2177 460 magistrum

2357 394 2500 465 ρξς’.
2533 393 2642 448 Καὶ
2672 394 2902 448 τοιοῦτοι
2931 395 3029 466 μὲν
3053 391 3484 465 προσερχόμενοι
3513 389 3590 459 τῷ
3621 389 3732 444 τῶν
3758 389 3863 459 ψυ-

601 489 910 542 animarum
963 487 1337 550 accesserint,
1380 485 1760 554 recipiuntur,
1811 493 1866 538 et
1913 484 2178 537 dicuntur

601 591 920 649 opt-rantes.
953 578 1210 642 studiosi,
1242 592 1419 638 acres,
1450 577 1632 646 periti,
1663 584 1736 638 et,
1787 583 1845 627 ut
1872 574 1975 642 ipsi
1998 575 2175 635 aiunt,

600 673 792 728 νίιίιιί.
856 671 1116 725 llomiues
1179 679 1358 723 autem
1410 667 1614 722 indolis
1655 666 1948 720 contraria:
1990 663 2178 732 expelo

600 765 790 825 Ιιιιιιιιν
821 763 978 831 quasi
1014 763 1255 825 inutiles,
1295 777 1363 814 ne
1392 762 1538 813 velut
1561 760 1721 813 otiosi
1773 759 2068 810 crabrones
2120 755 2174 809 in

605 859 956 910 monasteriis
1008 860 1381 910 enutriantur.
1430 855 1615 906 Talem
1665 853 1966 905 exercitum
2014 848 2174 915 primi

606 949 859 1001 monachi
908 965 1032 1000 cum
1076 947 1529 1015 conscripserint,
1563 954 1728 1013 atque
1755 946 1924 996 aciem
1958 942 2178 995 ordina—

606 1047 714 1092 tam
739 1042 1115 1100 instruxerint,
1153 1041 1291 1093 hanc
1317 1038 1574 1091 emittunt
1597 1053 1705 1091 non
1726 1035 1889 1089 modo
1915 1033 2177 1088 adversus

605 1133 675 1185 vix
697 1135 922 1197 iniores,
955 1134 1047 1187 sed
1081 1135 1244 1186 ctiam
1278 1144 1472 1187 contra
1506 1133 1853 1193 remotiores,
1887 1139 2054 1196 atque.
2083 1144 2178 1196 per

607 1223 768 1276 istam
804 1225 1228 1291 ordinationem,
1260 1224 1472 1278 insidiis
1503 1225 1662 1276 facile
1695 1224 1929 1291 paratis.
1966 1219 2174 1275 domini

607 1327 910 1385 przeeuntes
949 1318 1230 1370 victoriam
1265 1326 1566 1384 reportant.
1603 1315 1678 1370 Re
1709 1316 1852 1367 enim
1891 1329 2017 1368 vera
2049 1329 2173 1368 cum

603 1417 818 1477 gratum
886 1417 971 1461 est
1029 1417 1347 1477 peccaturo,
1401 1416 1458 1459 ιιι
1509 1406 1732 1474 quidam
1782 1404 1941 1467 dixit,
2002 1403 2172 1458 densa

605 1510 658 1551 et
716 1499 963 1552 conferta
1024 1502 1171 1554 aries
1231 1503 1497 1554 adversus
1555 1501 1814 1552 virtutem
1876 1498 2170 1568 colligitur.

604 1587 758 1652 Quod
781 1591 920 1658 apud
949 1605 1043 1643 nos
1071 1590 1332 1642 facientes
1354 1590 1667 1657 exemplum
1703 1603 1854 1642 vana:
1885 1587 2176 1641 discordia:

602 1682 728 1734 aliis
753 1681 1039 1735 monachis
1069 1683 1338 1751 proximis
1371 1682 1523 1745 dattt,
1565 1682 1688 1736 aliis
1721 1683 1787 1735 ad
1823 1682 1960 1735 alios
1995 1683 2175 1734 imita-

603 1774 810 1826 tionem
873 1772 1242 1835 tradentibus.
1286 1789 1382 1841 per
1425 1788 1616 1844 quam,
1653 1774 1814 1842 quasi
1851 1788 1948 1842 per
1985 1773 2174 1826 incen-

599 1861 748 1916 diunt
780 1861 959 1916 omnia
987 1862 1353 1930 circumsepta
1385 1863 1676 1926 devorans,
1715 1877 1941 1931 serpens
1969 1862 2175 1915 malitia

600 1965 845 2010 extrema
886 1956 1026 2009 mala
1067 1963 1367 2025 perpetrat.
1404 1954 1684 2010 Suscitata
1727 1954 1872 2007 enim
1902 1952 2174 2007 discordia

603 2047 745 2102 inter
775 2047 1045 2115 praelatos,
1079 2063 1313 2118 quorum
1365 2046 1616 2100 nonnulli
1649 2060 1903 2114 magnum
1929 2044 2173 2098 habitum

602 2156 716 2210 pra:
733 2155 792 2195 se
817 2140 1020 2206 ferunt,
1044 2140 1180 2195 facis
1207 2141 1402 2206 instar,
1430 2139 1675 2194 ostendit
1693 2136 2177 2192 circumstantibus

601 2233 902 2304 monachos
925 2242 1196 2290 certantes
1227 2232 1297 2288 de
1316 2233 1552 2303 quodam
1581 2233 1706 2287 loco
1717 2237 1914 2286 contra
1935 2229 2172 2292 vicinos.

604 2327 685 2382 vel
739 2328 902 2381 aliter
953 2327 1267 2391 distinctos,
1318 2341 1458 2397 quos
1491 2325 1794 2380 observant
1851 2321 2086 2393 praelati,
2122 2329 2173 2376 et

599 2418 866 2476 adversus
903 2433 1000 2475 eos
1027 2419 1196 2476 veluti
1229 2419 1299 2474 ab
1327 2433 1454 2474 arce
1483 2418 1685 2474 bellum
1718 2423 1960 2471 movent.

675 2675 797 2731 £67.
834 2675 1048 2731 interea
1109 2692 1174 2733 ex
1222 2677 1327 2733 hoc
1375 2677 1502 2748 igne
1539 2679 1640 2733 ista
1693 2680 1955 2748 cogitatio
2005 2679 2174 2736 menti

601 2784 744 2840 sa-pe
776 2769 1021 2823 occurrit
1050 2788 1063 2824 :
1099 2767 1158 2823 Si
1193 2772 1494 2826 monachos
1532 2781 1642 2826 tam
1675 2781 1934 2828 strenuos
1965 2774 2176 2830 enutrit

601 2861 1017 2926 Thessalonica,
1067 2862 1158 2932 qui
1209 2873 1395 2918 contra
1429 2880 1669 2920 canones
1699 2874 1754 2920 et
1806 2867 1951 2935 leges
1981 2875 2172 2936 agunt,

600 2955 912 3024 pontificem
943 2963 1325 3020 contemnunt,
1373 2972 1548 3026 neque
1581 2958 1660 3013 eis
1701 2957 1844 3011 ullus
1895 2949 2172 3012 contradi-

2279 487 2389 555 χῶν
2410 487 2696 557 καθηγητῇ
2717 487 3138 558 παραδέχονται,
3165 483 3564 556 ὀνομαζόμενα
3588 483 3860 552 ὶνεργεῐς,

2278 579 2373 631 καὶ
2409 580 2723 644 σπουδαῖοι,
2786 582 2878 633 καὶ
2919 581 3234 651 ἐντρεχεῖς,
3295 578 3391 631 καὶ
3440 577 3858 646 πραγματικοὶ,

2280 671 2391 731 καὶ,
2427 669 2501 731 ὡς
2536 671 2689 724 αὐτοι
2719 687 2875 737 φασι,
2909 669 3135 733 ζῶντες.
3183 672 3247 724 Ei
3291 669 3350 722 δὲ
3381 668 3656 722 ἀνάπαλιν
3692 667 3860 737 ἦθους

2279 761 2523 815 τοιούτου
2555 763 2790 832 ἔχουσιν,
2843 765 3201 820 ἐκδιὼκονται
3233 764 3308 828 ὡς
3352 765 3564 833 ἀχρεῖοι
3587 780 3600 794 ·
3637 763 3728 815 ἵνα
3783 761 3859 831 μὴ

2278 855 2522 924 κηφῆνες
2555 857 2705 909 αὑτοδ
2737 858 2932 926 ἀεργοὶ
2972 859 3437 928 μοναστηριακοίς
3483 855 3858 923 ἐντρέφωνται

2281 947 2553 1016 σίμϐλοις.
2586 951 2697 1004 Kal.
2727 949 2791 1020 δὴ
2821 951 3360 1020 στρατολογήσαντες
3395 948 3636 1001 τοιοῦτον
3672 933 3878 1014 στῖφος.

2277 1039 2327 1090 oi
2364 1043 2808 1110 πρωτομόναχοι,
2846 1041 2942 1094 καὶ
2972 1041 3125 1106 τάξιν
3158 1043 3393 1095 ἄτακτον
3425 1039 3854 1110 φατριάσαντες,

2279 1130 2683 1199 ὲνακμᾶζουσιν
2715 1133 2777 1186 ού
2813 1134 2972 1202 μόνον
2999 1133 3140 1186 κατὰ
3165 1133 3272 1185 τῶν
3304 1132 3581 1199 γειτόνων,
3609 1131 3746 1183 ἀλλὰ
3766 1131 3855 1182 καὶ

2279 1223 2408 1285 τῶν,
2445 1224 2561 1275 ὅσοι
2591 1225 2969 1296 πορρώτερον·
3005 1227 3101 1279 καὶ
3129 1227 3320 1278 νικῶσι
3350 1225 3435 1277 διὰ
3463 1223 3563 1292 τῆς
3597 1221 3853 1290 τοιαύτης

2279 1317 2551 1382 ἐκτὰξεως
2582 1319 2634 1370 oi
2670 1318 2852 1388 κύριοι
2901 1320 3336 1389 καθηγούμενοι,
3375 1319 3505 1387 ῥᾷον
3544 1316 3856 1385 ἀπηρτικόο

2278 1426 2368 1473 τες
2403 1410 2501 1481 τὴν
2534 1409 2915 1466 ἐπισύστασιν.
2947 1410 3037 1481 Τῷ
3063 1410 3176 1462 om
3202 1409 3331 1478 γὰρ,
3357 1409 3434 1460 ὅτ’
3462 1408 3527 1461 ἂν
3560 1403 3855 1474 εὐλογητὸς

2279 1501 2312 1568 ή
2354 1501 2601 1570 ἁμαρτία
2635 1501 2746 1571 εἴη,
2783 1502 2929 1556 καθά
2968 1519 3053 1564 τις
3103 1501 3232 1569 ἔφη,
3278 1499 3446 1566 πολλὴ
3487 1499 3584 1550 καὶ
3619 1497 3783 1558 λογὰς
3821 1499 3850 1563 ἡ

2281 1593 2639 1662 στρατολογία
2688 1593 2830 1645 κατὰ
2864 1593 2963 1662 τῆς
3003 1593 3207 1663 ἀρετῆς
3241 1592 3658 1644 ὲπισυνίσταται
3679 1605 3692 1619 θ
3723 1589 3750 1640 ὅ
3791 1586 3856 1658 δὴ

2279 1687 2373 1738 καὶ
2401 1687 2450 1739 οί
2489 1687 2620 1753 παρ’
2651 1688 2782 1756 ἡμῖν
2823 1685 3130 1751 ποιοῦντες,
3177 1685 3497 1754 ἀρχέτυπον
3530 1681 3621 1734 καὶ
3672 1679 3856 1742 ἄλλοις

2277 1777 2386 1830 τῶν
2456 1778 2886 1848 παρακειμένων
2961 1777 3213 1847 μοναχῶν
3282 1776 3600 1846 πρόκεινται
3664 1774 3857 1826 κανόνι

2278 1869 2490 1941 φαύλης
2521 1869 2720 1942 ἔριδος,
2759 1869 2938 1924 ἄλλων
2985 1869 3172 1931 ἄλλοις
3229 1867 3696 1935 διαπεμπομένων
3752 1865 3856 1934 τὴν

2279 1963 2540 2033 μίμησιν·
2578 1961 2646 2014 δι’
2689 1955 2756 2033 ἦς
2784 1960 3124 2032 ἐμπρησμοῦ
3155 1960 3318 2030 δίκην
3361 1958 3764 2026 ἐπινεμομένου
3789 1955 3861 2008 τὰ

2277 2050 2484 2119 κύκλῳ,
2517 2052 2550 2120 ὴ
2587 2052 2757 2106 κακία
2813 2049 3085 2121 προϊοῦσα
3133 2050 3284 2104 δεινὰ
3323 2051 3488 2104 ποιεῖ.
3539 2048 3694 2118 Ἔρις
3742 2047 3859 2114 γᾶρ

2277 2139 2624 2212 ἐξαπτομὲνη
2646 2144 2704 2195 ἂν
2729 2143 2844 2205 τοῖς
2871 2143 3264 2213 προάρχουσιν,
3290 2135 3364 2194 ὧν
3395 2139 3526 2194 ἔνιοι
3552 2141 3645 2192 καὶ
3669 2155 3860 2209 ρμεγα-

2275 2234 2636 2306 λοσχήμονες,
2662 2234 2879 2303 πυρσοῦ
2903 2235 3062 2304 δίκην
3091 2232 3440 2304 καταμηνύει
3471 2235 3585 2296 τοῖς
3613 2234 3858 2286 ἑκαστας

2275 2327 2373 2400 χοῦ
2400 2327 2528 2390 τοὺς
2565 2325 2694 2398 περὶ
2733 2325 2832 2380 ἕνα
2873 2327 2998 2380 τινὰ
3029 2325 3194 2380 τόπον
3225 2325 3649 2395 ἁνδριζομένους
3680 2339 3859 2392 μονα-

2276 2423 2406 2490 χοῦς
2439 2419 2582 2475 κατὰ
2609 2419 2719 2472 τῶν
2751 2419 2786 2488 ἢ
2833 2417 3218 2487 γειτνιώντων,
3270 2417 3304 2488 ἢ
3346 2416 3523 2479 ἄλλως
3587 2415 3690 2483 μιν
3747 2415 3855 2484 atp-

2277 2511 2550 2578 εστὼτων,
2570 2510 3055 2581 περιϐλεπομένων
3079 2509 3135 2563 δὲ
3154 2511 3266 2573 τοῖς
3295 2506 3545 2578 ὑψηλοῖς,
3569 2505 3856 2577 καθηγου-

2280 2604 2464 2676 μένοις
2493 2604 2567 2667 ὡς
2596 2603 2706 2658 ἀπὸ
2733 2603 2988 2666 σκοπιᾶς.

2353 2695 2486 2764 ρξξ’.
2515 2696 2627 2750 Καὶ
2658 2693 2853 2766 συχνὸν
2881 2696 2940 2748 ἐν
2965 2694 3080 2756 τοῖς
3103 2691 3366 2755 τοιούτοις
3396 2691 3461 2744 ὲκ
3489 2689 3584 2745 τοῦ
3608 2705 3860 2760 πυρσευ-

2283 2807 2450 2861 ματος
2474 2789 2652 2858 νόημα
2673 2790 2706 2859 ἡ
2727 2789 2875 2858 ψυχὴ
2893 2789 3220 2858 φωταγωγοῖ
3246 2785 3307 2840 τό
3324 2801 3340 2816 ·
3365 2803 3384 2838 ι
3415 2785 3480 2840 Ei
3507 2785 3563 2837 δὲ
3585 2783 3859 2836 Θεσσαλο-

2279 2880 2400 2948 νίκη
2427 2877 2599 2942 οὖτως
2619 2878 2897 2949 ἀνδρείους
2920 2877 3174 2946 ἐκτρέφει
3205 2876 3495 2946 μοναχοὺς,
3515 2874 3567 2928 οἶ
3598 2875 3696 2926 καὶ
3714 2871 3857 2926 κατᾶ

2278 2973 2520 3027 κανόνων
2539 2970 2633 3024 καὶ
2660 2971 2840 3039 νόμων
2858 2968 3220 3038 ἀνδρίζονται,
3243 2965 3444 3020 καὶτὸν
3467 2963 3736 3036 ἀρχιερέα
3754 2981 3856 3016 πε-

583 3047 698 3108 __cit,
725 3062 823 3100 cur
843 3061 943 3101 nos
973 3047 1136 3102 otiosi
1185 3061 1543 3103 remanemus
1564 3049 1724 3118 quasi
1756 3049 2019 3104 membris
2053 3065 2175 3119 pcr-

2286 3063 2618 3136 ριφρονοῦσι,
2639 3062 2734 3116 καὶ
2759 3060 2937 3122 οὐδεὶς
2966 3059 3084 3112 οὐδὲ
3107 3059 3262 3127 λόγον
3307 3058 3556 3128 ἁνταίρει
3589 3057 3730 3125 πρὸς
3760 3056 3857 3109 αύ-

604 3139 767 3201 culsi,
801 3155 978 3210 neque
1010 3141 1284 3204 manibus,
1323 3156 1502 3210 neque
1531 3156 1626 3196 ore
1657 3142 1911 3196 utentes?
1943 3140 2007 3195 Et
2048 3158 2172 3197 mox

602 3230 858 3293 excitata,
901 3232 945 3286 si
981 3231 1120 3286 forte
1156 3233 1334 3302 sopita
1380 3243 1518 3299 erat,
1557 3245 1740 3286 mente
1787 3233 2075 3299 irascibili,
2117 3241 2176 3288 ut

602 3325 766 3380 miles
798 3326 1144 3389 metuendus,
1178 3335 1272 3378 aut
1321 3329 1620 3395 imperator
1654 3325 1839 3398 (prout
1876 3327 2174 3382 ratiocina-

603 3430 692 3472 tus
718 3429 797 3473 esl
825 3417 1095 3488 quidam),
1132 3419 1388 3474 instructi
1429 3421 1689 3474 oninihus
1721 3422 1889 3474 armis
1917 3437 2038 3492 quae
2071 3421 2174 3489 ipsi

600 3523 796 3578 parare
815 3508 956 3560 male
973 3518 1195 3572 norunt,
1223 3511 1607 3578 exsurguntad
1632 3511 1828 3564 bellum
1857 3512 2073 3581 aliquod
2092 3528 2178 3566 sa-

600 3615 779 3654 crum.
815 3599 870 3652 Si
911 3602 1005 3668 qui
1053 3599 1308 3670 deinceps
1347 3601 1493 3655 inter
1536 3617 1633 3656 eos
1675 3602 1855 3669 magni
1898 3604 2173 3670 monachi,

599 3701 650 3744 et
667 3692 778 3759 apti
810 3693 874 3743 ad
898 3695 1270 3760 przeetuidum,
1285 3708 1380 3749 eos
1399 3694 1452 3747 in
1474 3695 1690 3749 insidiis
1710 3694 1890 3749 locant
1909 3694 2174 3750 adversus

602 3781 850 3836 homines
865 3784 1086 3836 minime
1105 3784 1419 3852 injustos,et
1435 3785 1843 3853 aggressionem
1857 3795 2178 3855 exspectan-

603 3883 718 3937 tes;
762 3875 1080 3944 reliquosin
1099 3875 1278 3930 fronte
1315 3887 1505 3946 aperta
1537 3878 1819 3932 ordinant.
1842 3878 1944 3944 Qui
1965 3880 2172 3935 alicubi

601 3966 822 4030 detecti,
857 3968 1011 4036 quasi
1053 3970 1106 4022 in
1143 3969 1358 4024 insidiis
1391 3971 1620 4025 latentes
1653 3982 1954 4041 exsurgunt
1982 3973 2176 4042 ipsi,et

601 4070 812 4115 stantes
829 4071 1050 4124 contra,
1077 4063 1365 4132 aciemque
1389 4063 1736 4130 ordinantes,
1758 4065 2024 4119 minorem
2043 4067 2177 4136 pha-

603 4154 814 4224 langem
836 4154 1128 4209 immittunt
1153 4172 1167 4220 ;
1189 4166 1352 4225 atque
1374 4172 1470 4225 per
1501 4172 1617 4210 eam
1639 4157 1685 4212 si
1716 4173 2178 4228 nonquzecunque

600 4246 1415 4316 voluissentpropterauxilium
1449 4263 1477 4303 a
1511 4249 1617 4303 Deo
1643 4258 1694 4302 et
1714 4266 1838 4318 rege
1855 4253 2175 4305 sanctoilla-

601 4348 740 4403 tum,
777 4340 970 4395 saltem
1007 4356 1346 4410 quaecunque
1394 4343 1672 4410 potuerint
1740 4343 2005 4399 elﬁciunt.
2056 4344 2172 4398 Non

601 4433 746 4485 enim
774 4432 1038 4488 recedunt
1086 4433 1222 4486 tales
1271 4433 1489 4497 animae,
1534 4433 1673 4486 mori
1715 4445 1938 4503 paratae.
1971 4434 2169 4492 Nostra
2203 4427 2246 4482 ί)

600 4525 842 4592 perdidit
876 4525 976 4579 iste
1019 4525 1171 4578 zelus
1202 4523 1400 4587 malus,
1422 4525 1515 4592 qui
1536 4540 1699 4579 orsus
1731 4540 1760 4578 a
1785 4526 1963 4590 nobis,
1993 4535 2046 4580 et
2067 4537 2178 4580 tra-

601 4619 802 4671 ductus
843 4632 1016 4685 usque
1051 4618 1114 4669 ad
1146 4616 1411 4685 lllyrtOum
1458 4633 1626 4683 mare,
1675 4628 1728 4671 et
1767 4617 1965 4673 deinde
2007 4635 2180 4689 usque

603 4713 668 4762 ad
706 4707 1016 4770 Maliacum,
1049 4717 1104 4762 et
1154 4723 1314 4776 porro
1366 4710 1431 4763 ad
1468 4709 1710 4774 ΙΙοιιίυιη,
1752 4711 1832 4763 sic
1881 4721 2064 4780 partes
2091 4727 2182 4766 oc-

603 4802 900 4857 cidentales
921 4802 1336 4868 circumcinxit;
1375 4803 1460 4857 vel
1505 4804 1688 4858 forsan
1727 4804 1925 4858 exinde
1977 4805 2042 4857 ad
2077 4821 2174 4860 nos

603 4895 871 4964 pervenit,
902 4901 960 4948 ut
991 4895 1188 4950 malum
1225 4896 1500 4966 quoddam
1529 4895 1807 4966 pestilens,
1830 4897 1991 4964 quale
2026 4898 2170 4968 apud

601 4996 816 5044 veteres
847 4997 1102 5045 narratur
1132 4988 1534 5059 EthiOpicum.

2281 3161 2407 3223 τούς
2427 3176 2438 3188 ³
2459 3163 2513 3212 τί
2535 3160 2598 3230 δή
2614 3175 2745 3211 ποτε
2763 3160 2924 3228 ἡμεῖς
2945 3159 3085 3212 ὲνεοὶ
3110 3155 3420 3226 καθήμεθα,
3446 3154 3523 3218 ὡς
3543 3147 3635 3207 οἷα
3647 3155 3745 3208 καὶ
3766 3157 3856 3208 εκ.

2279 3251 2638 3320 πεπληγότες,
2651 3251 2744 3303 καὶ
2757 3250 2892 3321 μηδὲ
2906 3267 2964 3320 χε
2975 3250 3061 3320 pol.
3075 3248 3172 3302 καὶ
3189 3247 3419 3318 στόμασι
3427 3245 3632 3299 διοικού
3641 3260 3820 3314 μενοι;
3832 3263 3849 3294 ι

2277 3342 2385 3395 Καὶ
2407 3342 2604 3395 αὐτίκα
2621 3340 2790 3409 τὸτῆς
2817 3339 2998 3410 ψυχῆς
3027 3338 3368 3409 θυμούμενον
3385 3336 3440 3389 εῐ
3466 3353 3570 3388 που
3593 3336 3692 3387 καὶ
3712 3336 3856 3388 ἐκοι-

2279 3432 2885 3503 μᾶτο,ἀφυπνίσαντες,
2913 3433 3008 3485 καὶ
3033 3432 3133 3484 ὅσα
3159 3430 3332 3484 δεινὸν
3363 3427 3594 3497 ὁπλίτην
3626 3427 3661 3495 ἢ
3692 3444 3857 3496 στρα-

2276 3525 2440 3595 τηγδν
2459 3524 2622 3594 (καθὰ
2640 3541 2721 3586 τις
2737 3522 3122 3592 ἐφιλοσόφησε)
3141 3519 3601 3591 καταφράξαντες
3619 3519 3856 3590 χορηγία

2278 3617 2626 3686 παντευχίας,
2655 3615 2849 3670 ὁποίαν
2887 3615 3044 3669 αὐτοὶ
3077 3613 3393 3683 μεθοδεύειν
3441 3611 3854 3682 κακομηχάνως

2277 3707 2504 3771 οἴδασιν,
2564 3705 3033 3758 ἀποκαθίστανται
3090 3705 3174 3768 εἰς
3217 3702 3365 3772 ἱεροῦ
3415 3719 3565 3765 τινος
3612 3700 3853 3770 πολέμου

2280 3795 2562 3868 στρατιάν.
2615 3795 2727 3850 Καὶ
2769 3795 2892 3848 ὅσον
2939 3793 3038 3864 μὲν
3092 3795 3150 3848 ἐν
3187 3793 3377 3855 αὐτοῖς
3427 3790 3855 3861 μεγαλόσχημον

2277 3890 2372 3942 καὶ
2399 3888 2786 3959 ἡγουμενικὸν,
2833 3885 3096 3955 ὲλλοχῶσι
3129 3886 3272 3938 κατὰ
3303 3883 3413 3937 τῶν
3455 3881 3613 3934 οὐδὲν
3648 3880 3749 3948 μὲν
3777 3883 3858 3933 ai-

2277 3983 2430 4045 τίων,
2456 3979 2932 4050 προσδοκωμένων
2963 3977 3020 4030 δὲ
3050 3975 3462 4044 ἀντιδήσεσθαι,
3501 3974 3584 4037 εἰς
3613 3972 3855 4042 ἐμφανὲς

2278 4073 2725 4144 προστησάμενοι
2757 4072 2882 4134 τοὺς
2924 4069 3168 4130 λοιπούς.
3216 4068 3278 4120 Ei
3308 4067 3364 4119 δέ
3403 4082 3504 4118 που
3545 4064 3643 4116 καὶ
3674 4080 3854 4132 φωρα-

2279 4167 2435 4229 Θῶσι,
2491 4166 2650 4235 λόχου
2703 4165 2862 4234 δίκην
2915 4161 3362 4230 ὑποκαθήμενοι,
3415 4155 3697 4228 ὲκπηδῶσι
3764 4155 3852 4207 καὶ

2277 4259 2435 4313 αὐτοί
2460 4275 2472 4288 °
2507 4260 2600 4310 καὶ
2634 4255 3002 4316 καταστάντες
3037 4255 3116 4316 εἰς
3152 4253 3423 4320 μέτωπον,
3459 4251 3554 4303 καὶ
3581 4250 3682 4318 τὴν
3701 4248 3850 4311 τάξιν
3931 4307 3933 4310 ι

2279 4351 2681 4419 κοσμήσαντες,
2707 4348 2976 4414 ἐπαφιᾶσι
3003 4344 3102 4415 τὴν
3125 4343 3399 4413 μικροσχὴ
3412 4358 3548 4409 μονα
3570 4340 3847 4408 φάλαγγα,
3929 4353 3931 4383 ;

2275 4445 2372 4498 καὶ
2422 4441 2644 4495 ἀνύουσι
2676 4441 2743 4492 δι’
2772 4437 2972 4502 αὐτῶν,
3017 4438 3065 4489 εί
3109 4438 3204 4490 καὶ
3247 4435 3323 4505 μὴ
3354 4434 3420 4486 τὰ
3458 4433 3664 4501 θελητὰ
3701 4432 3847 4496 σφίσι
3925 4441 3929 4510 Ι·

2273 4535 2363 4588 διὰ
2395 4535 2493 4605 τὴν
2547 4536 2611 4585 ἐκ
2655 4530 2792 4584 Θεοῦ
2831 4531 2924 4582 καὶ
2964 4528 3232 4598 βασιλέως
3287 4525 3448 4595 ἁγίου
3502 4523 3847 4592 ἐπικουρίαν,

2277 4628 2378 4680 ὅσα
2413 4627 2544 4694 γοῦν
2585 4625 2861 4678 δύνανται.
2903 4625 2976 4675 Οὐ
3031 4620 3107 4691 μὴ
3162 4619 3272 4689 γὰρ
3326 4617 3632 4688 φείσωνται
3683 4616 3850 4685 ψυχαὶ

2277 4718 2551 4782 τοιαῦται,
2588 4719 2636 4769 εἰ
2688 4717 2763 4787 μὴ
2802 4717 2895 4769 καὶ
2927 4715 3355 4767 θανατώσουσιν.
3386 4703 3557 4771 Οὗτος
3583 4712 3609 4761 ό
3643 4707 3851 4776 ζῆλοςὸ
3920 4709 3921 4713 “

2281 4812 2360 4874 είς
2395 4810 2562 4864 κακὸν
2594 4809 2826 4874 ἐξώλεσε
2852 4807 2920 4860 τὰ
2963 4809 3021 4860 ἐν
3061 4809 3212 4878 ἡμῖν,
3257 4805 3366 4858 εἴτε
3397 4803 3653 4856 ἐντεῦθεν
3687 4802 3850 4871 apii-

2283 4921 2465 4973 μενος,
2513 4905 2608 4956 καὶ
2659 4901 2924 4968 διαδοθεὶς
2953 4900 3059 4964 ἕως
3110 4899 3204 4952 καὶ
3243 4899 3322 4960 εἰς
3371 4895 3640 4967 Μυρτῷον
3694 4896 3848 4947 nam

2281 4996 2500 5058 κόλπον,
2552 4994 2768 5046 καὶτὸν
2817 4991 3078 5046 ἐπέκεινα
3127 4988 3462 5053 Μαλειακδν,
3515 4986 3612 5039 καὶ
3645 4985 3741 5037 τὸν
3779 4988 3846 5036 ἔτι

602 5082 938 5153 πορρωτέρω
971 5083 1178 5149 Ἰόνιον,
1203 5084 1296 5136 καὶ
1314 5081 1456 5135 οῦτω
1478 5084 1540 5135 τὰ
1566 5083 1798 5153 ἑσπέρια
1830 5082 2165 5152 περιζώσας·
2206 5085 2238 5153 ἢ
2272 5086 2432 5156 τυχὸν
2459 5086 2668 5140 ἐκεῖθεν
2710 5084 2900 5146 διαϐὰς
2930 5083 3023 5136 ἐπὶ
3057 5081 3128 5138 τὰ
3156 5077 3280 5134 καθ’
3331 5081 3501 5150 ἡμᾶς,
3559 5078 3697 5130 ὡσεὶ
3767 5083 3847 5133 καί

599 5195 654 5231 τι
688 5174 952 5245 λοιμῶδες
982 5177 1176 5241 κακὸν,
1217 5177 1400 5228 ὁποῖον
1438 5177 1530 5230 καὶ
1558 5176 1618 5230 τὸ
1650 5177 1815 5231 πάλαι
1861 5178 1996 5231 ποτὲ
2031 5181 2522 5252 συγγεγραμμένον
2556 5179 2897 5233 Λίθιοπικόν.

675 5271 801 5328 168.
841 5269 886 5327 Ο
915 5271 1089 5325 aciem
1126 5271 1519 5324 monachorum
1560 5271 1716 5340 nigro
1751 5272 1913 5342 pallio
1952 5271 2174 5327 induto-
2232 5321 2244 5334 ,

602 5369 761 5420 ruml
795 5380 829 5418 ο
859 5363 1190 5434 phalangum
1233 5362 1442 5416 variam
1487 5361 1940 5432 dispositionem!
1969 5367 2173 5421 Omitto

601 5458 747 5513 enim
784 5456 973 5511 leviter
1004 5461 1246 5508 armatos
1276 5451 1508 5523 pedites.
1536 5453 1581 5510 0
1607 5459 1905 5512 monachos
1934 5457 2171 5527 equites,

603 5561 997 5604 eentaurorutn
1052 5547 1166 5601 fere
1215 5546 1444 5612 similes,
1506 5548 1650 5617 apud
1710 5563 1852 5617 quos
1885 5549 1935 5602 id
1995 5565 2168 5605 unum

607 5639 857 5694 mirabile
891 5637 1038 5708 quod
1065 5639 1158 5709 qui
1184 5654 1352 5710 super
1367 5639 1579 5693 asinum
1611 5655 1889 5710 nunquam
1916 5641 2178 5697 ascende-

609 5741 736 5786 runt
765 5741 888 5802 post
916 5739 1201 5787 tonsuram
1225 5747 1394 5803 equos
1420 5732 1716 5789 indomitos
1747 5733 1966 5789 dextere
1992 5736 2177 5790 mode-

2354 5274 2494 5344 ρξη¹.
2530 5274 2593 5326 Ὠ
2619 5274 2714 5326 τοῦ
2745 5274 2856 5327 τῶν
2888 5269 3306 5341 μελαγχλαίνων
3324 5267 3477 5321 τοῦδε
3514 5266 3840 5336 φωσσάτουε

2283 5366 2348 5420 Ὢ
2376 5366 2479 5436 τῆς
2508 5367 2618 5420 τῶν
2647 5367 2896 5438 κεράτων
2927 5363 3183 5433 ποικίλης
3211 5359 3550 5429 διασκευῆςι
3586 5359 3692 5414 Ἐὦ
3730 5361 3841 5420 τοὺς

2277 5458 2468 5530 ψιλοὺς
2505 5460 2602 5512 καὶ¹
2663 5457 3048 5528 πεζεταίρους.
3087 5453 3229 5509 Ἀλλ’
3294 5452 3342 5506 ὣ
3378 5451 3489 5506 τῶν
3544 5451 3841 5506 ἱππικωτά-

2276 5570 2386 5606 των
2443 5550 2733 5621 μοναχῶνί
2791 5549 2900 5602 τῶν
2936 5549 2997 5602 ού
3040 5546 3333 5619 παραπολὺ
3390 5547 3752 5616 Κενταύρων,
3779 5538 3840 5596 ὧν

2273 5646 2450 5698 ἐκεῖνο
2475 5645 2574 5696 καὶ
2637 5644 2798 5714 μόνον
2827 5641 3131 5711 θαυμάζειν
3165 5640 3340 5707 ἄξιον,
3374 5641 3451 5702 ὡς
3483 5641 3537 5692 οἱ
3575 5639 3836 5709 μηδέποτε

2276 5739 2357 5802 είς
2390 5735 2513 5792 ὄνον
2553 5735 2683 5806 γοῦν
2741 5734 3205 5806 ἁναϐεϐλημένοι,
3261 5732 3432 5798 δεξιοὶ
3461 5735 3560 5799 τὰς
3620 5729 3835 5787 ἱππικὰς
