3992 6240
315 314 426 376 8ὑο

1270 319 1367 379 DE
1403 317 1884 380 EMENDANDA
1927 319 2106 381 VlTA
2148 322 2622 392 MQNACIIICA.

3461 324 3569 386 870

302 427 563 494 ἑξελίξεις
597 426 736 498 μετά
765 425 862 499 τὴν
901 429 1106 500 κουρὰν
1144 430 1582 499 ἀπεκδεϐήκασι,
1615 432 1875 504 δαιμονο-

2012 444 2192 500 antur,
2214 453 2242 490 a
2271 437 2487 494 diabolo
2506 418 2666 493 istam
2694 437 2819 508 equi
2836 436 3101 494 tationem
3130 435 3338 503 edocti,
3367 436 3570 508 quibus

305 521 546 590 φόρητον
586 522 854 574 ἱππασίαν
887 523 1095 593 ταύτην
1133 524 1512 596 δεδιδαγμένοι
1533 544 1548 559 ο
1577 521 1658 591 οἷς
1687 528 1774 580 ἀεὶ
1807 526 1878 580 δι’

307 613 548 682 ἀφέσεως
578 614 612 681 ἠ
663 615 1012 686 πνευματικὴ
1055 615 1156 686 μὲν
1201 615 1398 670 οὔκουν
1433 617 1724 682 ἀνάϐασις,
1756 619 1790 690 ἡ
1820 618 1879 672 at

306 705 439 776 παρ’
498 707 694 775 αὐτήν.
749 707 895 776 Πρός
931 707 1040 779 γὰρ
1077 711 1192 772 τοῖς
1225 708 1408 773 ἄλλοις
1458 711 1580 762 οὐδὲ
1628 709 1881 780 ἡμιόνοις

210 842 216 845 .
308 799 552 853 ἐθέλουσι
587 799 850 870 χρᾶσθαι,
888 800 1024 853 ἀλλά
1068 801 1136 854 δι’
1168 801 1354 854 ἵππων
1386 801 1631 869 εὐγενῶν
1681 817 1883 871 κατορ-

307 892 523 961 χείσθαι
563 891 1075 962 πραγματεύονται,
1117 895 1210 946 καὶ
1242 894 1423 946 αὐτῶν
1454 893 1756 946 ὠκυπόδων
1786 893 1881 945 καὶ

247 1053 254 1056 ξ
309 985 614 1052 δρομάδων,
664 984 885 1046 ὁποίους
917 986 1247 1054 νικηφόρους
1301 987 1333 1055 ἡ
1391 985 1885 1056 ἀντιπαρεξέτασις

312 1076 624 1143 ἐπιλέγεται
645 1091 660 1105 ’
696 1077 771 1139 ὡς
804 1077 1204 1147 ἐξαελεμοῦσθαι
1227 1079 1306 1141 εἰς
1335 1078 1522 1146 τάχος,
1554 1078 1733 1130 εἵπου
1764 1078 1886 1130 διώ-

313 1186 432 1224 κειν
466 1169 497 1239 ἢ
535 1168 761 1238 φεύγειν
783 1169 990 1241 δεήσει.
1025 1171 1335 1239 Βαρύνουσι
1362 1171 1418 1224 δὲ
1450 1171 1544 1224 καὶ
1568 1170 1668 1241 τὴν
1698 1169 1884 1233 δεξιὰν

314 1265 594 1334 κορύναις,
625 1265 810 1338 μήπου
848 1266 939 1317 καὶ
983 1265 1362 1336 ἀνδραχθέσιν,
1396 1265 1447 1317 οἱ
1478 1263 1884 1336 βριαρόχειρεςο

316 1355 410 1410 καὶ
443 1356 495 1408 εί
526 1373 608 1418 τις
655 1357 839 1418 αὐτοῖς
875 1357 1180 1426 ὲμπελάτει
1231 1359 1584 1428 μισούμενος,
1640 1356 1887 1425 καταφέ-

318 1464 507 1516 ρουσιν
534 1448 842 1519 ἀφορήτους
868 1465 884 1480 ’
917 1451 1012 1504 καὶ
1045 1451 1424 1522 συντρίϐοντες
1456 1449 1547 1503 τὸν
1587 1446 1889 1519 πληγέντα,

312 1535 436 1592 εἶτα
467 1541 801 1610 καυχῶνται,
831 1541 906 1603 ὡς
931 1543 1173 1610 γενναῖοι
1195 1544 1288 1595 καὶ
1309 1543 1650 1613 παλαμναῖοι
1681 1541 1893 1594 πεπλα-

319 1631 529 1700 σμένοι,
564 1633 722 1688 αὐτοὶ
756 1634 977 1696 πάντως
1009 1635 1315 1704 τηνικαῦτα
1349 1634 1454 1687 ὑπὸ
1488 1633 1583 1687 τοῦ
1625 1633 1892 1702 πολεμίου

319 1725 686 1796 πληττόμενοι
721 1727 1002 1798 δαίμονος·
1029 1727 1085 1789 ὃς
1134 1727 1448 1800 ἀνδρίζεται
1507 1725 1628 1782 κατ’
1687 1727 1891 1781 αὐτῶν.

391 1837 524 1910 ρξθ’.
566 1841 756 1896 Πολλοὶ
785 1842 844 1897 δὲ
891 1842 1002 1900 τῶν
1047 1844 1307 1898 τοιούτων
1357 1844 1454 1898 καὶ
1508 1840 1896 1915 τοξοφοροῦσι,

318 1934 416 1988 καὶ
447 1936 642 2003 ἀφιᾶσι
678 1935 810 2007 βέλη
837 1952 852 1968 ⁸
889 1937 986 1990 καὶ
1017 1937 1376 2006 ἐπιτυχόντες
1423 1935 1896 2007 ἀνακαγχάζουσι.

321 2025 592 2081 Γελῶνται
619 2028 676 2082 δὲ
705 2027 817 2098 ἄρα
836 2028 959 2083 τότε
982 2030 1140 2084 αὐτοὶ
1167 2029 1272 2083 ὑπὸ
1293 2028 1389 2084 τοῦ
1419 2028 1479 2094 ἐξ
1513 2027 1742 2097 ἀφανῶν
1765 2026 1897 2098 βάλο

321 2119 503 2184 λοντος
529 2119 704 2174 δεινοῦ
759 2120 1004 2186 τοξότου,
1039 2121 1144 2189 ήδη
1195 2121 1252 2174 δὲ
1281 2119 1388 2188 ἶκαὶ
1431 2117 1689 2184 δυνατοῦ,
1723 2119 1771 2173 εἰ
1803 2117 1901 2171 καὶ

320 2209 496 2274 ἄλλως
529 2212 734 2283 ἀσθενῆ
789 2213 958 2268 αὑτοῦ
991 2213 1060 2266 τά
1091 2214 1224 2278 τόξα
1255 2213 1350 2266 ἐπὶ
1380 2211 1778 2298 τοῖςφδυνατοῖς
1804 2208 1899 2263 τοῦ

323 2305 480 2359 Θεοῦ.
515 2307 577 2360 Ei
625 2305 684 2358 δὲ
710 2307 826 2369 τοῖς
867 2306 1370 2380 ἐπαγγειλαμένους
1409 2305 1666 2378 μονάζειν
1693 2304 1900 2372 ἔπεισι,

321 2399 419 2452 καὶ
447 2398 670 2462 λαῖκοὺς
725 2398 1068 2472 ὁπλοφόρους
1115 2401 1261 2472 ἔχειν
1314 2400 1690 2463 ὑπασπιστὰς,
1725 2397 1904 2468 ἔχοιεν

325 2494 391 2550 ἂν
425 2495 556 2557 ἴσως
580 2495 714 2550 αὐτὸ
738 2495 1012 2563 ἀπόλογον
1040 2495 1135 2548 τὸν
1167 2494 1244 2559 ὡς
1270 2495 1363 2548 ἐπὶ
1383 2491 1659 2562 ἀσφαλείᾳ
1683 2493 1751 2560 τῇ
1777 2490 1902 2545 καθ’

325 2587 464 2642 ὁδόν.
497 2586 925 2642 Καθυλακτοῦσι
967 2586 1026 2640 δὲ
1066 2587 1168 2656 τῆς
1209 2585 1469 2655 τοιαύτης
1525 2584 1826 2652 ἀπολογίας
1854 2583 1904 2636 oi

326 2678 518 2734 ὀπαδοὶ
545 2677 733 2742 κύνες,
767 2679 861 2741 οὓς
897 2677 1261 2751 ὲπισύρονται
1320 2674 1656 2747 ἀγρεύοντες
1680 2691 1694 2706 ⁸
1728 2692 1904 2729 κατα-

325 2771 589 2836 κλάζουσι
617 2771 676 2825 δὲ
706 2771 802 2825 καὶ
825 2772 875 2825 oi
905 2771 1198 2841 θηρατικοὶ
1229 2771 1430 2838 ὄρνεις,
1460 2768 1554 2833 οὒς
1584 2770 1676 2822 ἐπὶ
1702 2767 1906 2839 χειρῶν

328 2865 600 2935 αἴρουσιν,
627 2865 715 2921 ἵνα
746 2865 1342 2935 συνεπιλαμϐάνωνται
1363 2863 1462 2933 τῆς
1485 2861 1662 2933 θήρας
1689 2861 1903 2922 αὐτοῖς.

329 2957 463 3010 Ὅτε
513 2956 611 3011 καὶ
665 2956 875 3017 πλατὺς
927 2956 1111 3011 αὐτῶν
1144 2956 1479 3026 καταχὲεται
1522 2953 1716 3024 μῶμος
1769 2952 1907 3022 πρὸς

327 3049 438 3104 τῶν
469 3047 723 3119 δρώντων
778 3047 980 3111 αὐτοὺς
1015 3043 1164 3100 οὕτω
1215 3045 1620 3116 παροδεύοντας
1645 3061 1659 3076 ο
1693 3044 1851 3114 εἰπερ
1879 3045 1908 3097 ὁ

1925 1789 1974 1849 Β

1980 539 2198 594 semper
2254 527 2308 582 in
2358 529 2503 584 votis
2553 530 2811 584 ascensio
2880 543 2994 586 non
3052 526 3404 597 spiritualis,
3469 527 3567 582 sed

1979 618 2283 672 contraria.
2340 619 2503 676 Mulis
2541 621 2691 676 enim
2734 621 2825 676 alii
2883 620 3101 691 quidem
3140 619 3220 674 uti
3286 631 3570 684 recusant,

1981 709 2080 767 sed
2111 711 2390 768 nobilibus
2421 714 2600 784 equis,
2642 714 2880 785 pedibus
2925 715 3140 784 rapidis
3171 720 3228 767 et
3267 713 3570 779 celeribus,

1983 800 2384 869 victoriamque
2436 801 2491 854 in
2521 817 2802 858 concursu
2851 803 3265 872 reportantihus
3333 804 3574 856 circum-

1985 894 2072 963 agi
2138 894 2392 962 cupiunt,
2430 903 2482 947 et
2525 895 2700 951 ventis
2733 896 3103 965 promptiores
3159 896 3434 960 feruntur,
3478 894 3574 948 ubi

1991 983 2181 1052 fugere
2209 992 2300 1036 aut
2341 983 2592 1052 persequi
2630 993 2873 1052 oportet.
2921 986 3212 1041 Dexteram
3247 985 3414 1040 etiam
3453 983 3573 1038 cla-

1991 1079 2093 1143 vis,
2131 1092 2197 1132 ne
2245 1076 2562 1132 hominibus
2613 1077 2838 1146 quidem
2881 1079 3274 1147 portabilibus,
3302 1079 3575 1145 thomines

1991 1171 2367 1224 manuvalida
2423 1179 2678 1234 onerant,
2732 1186 2937 1239 easque
2982 1186 3092 1225 non
3152 1172 3411 1230 ferendas
3451 1172 3577 1241 inji-

1993 1265 2167 1327 ciunt,
2204 1264 2425 1332 quando
2450 1263 2676 1318 odiosus
2711 1264 2917 1333 aliquis
2966 1264 3166 1319 obvius
3207 1275 3311 1319 cst.
3334 1265 3400 1320 Et
3448 1280 3574 1319 cum

1995 1351 2342 1405 vulneratum
2393 1353 2785 1418 contriverint,
2815 1352 3127 1422 gloriantur
3157 1354 3317 1423 quasi
3349 1370 3408 1408 re
3441 1357 3578 1408 bene

2000 1440 2176 1512 Egesta,
2225 1452 2280 1497 ct
2333 1443 2465 1498 facti
2529 1461 2696 1500 manu
2728 1449 2998 1501 cruentati
3048 1445 3200 1518 (l8);
3251 1447 3354 1515 ipsi
3395 1455 3580 1499 autem

1997 1537 2190 1591 eodem
2240 1546 2489 1606 tempore
2519 1553 2550 1592 a
2581 1538 2804 1595 diabolo
2844 1540 3070 1594 inimico
3111 1539 3432 1604 vincuntur,
3485 1537 3581 1608 qui

1999 1639 2209 1700 pugnat
2247 1632 2515 1687 adversus
2543 1646 2659 1687 eos.

2077 1833 2202 1889 169.
2245 1831 2398 1889 Inter
2429 1849 2529 1890 cos
2581 1833 2738 1890 multi
2782 1847 2947 1891 arcus
2979 1833 3292 1901 ferunt,‘et
3343 1835 3449 1890 tela
3497 1834 3584 1905 ja-

2001 1926 2190 1994 ciunl;
2254 1943 2382 1982 cum
2439 1944 2670 2002 scopum
2723 1929 3028 2002 attingunt,
3083 1930 3442 1986 cachinnant.
3471 1929 3583 2000 Ipsi

2003 2031 2186 2076 autem
2219 2021 2544 2078 deridentur
2578 2038 2607 2077 a
2642 2023 2939 2080 metuendo
2971 2023 3258 2094 sagittario
3285 2039 3352 2080 ex
3389 2025 3581 2078 occul-

2003 2115 2078 2171 tis
2111 2115 2366 2179 feriente,
2404 2124 2460 2172 et
2487 2115 2833 2181 dominante,
2867 2117 2995 2172 licet
3023 2116 3128 2173 tela
3173 2115 3295 2186 ejus
3339 2115 3586 2171 imbellis

2003 2209 2266 2264 decidant
2307 2209 2577 2266 adversus
2636 2218 2891 2278 potentes
2935 2209 3049 2265 Dei.
3108 2208 3168 2264 Si
3222 2219 3588 2280 sequerentur

2005 2300 2261 2358 homines
2291 2302 2382 2372 qui
2413 2302 2792 2372 promiserunt
2827 2302 3183 2359 solitudinem
3224 2317 3286 2360 se
3331 2309 3589 2358 servatu-

2008 2407 2124 2462 ros,
2155 2402 2210 2449 et
2239 2394 2415 2450 laicos
2445 2404 2693 2450 armatos
2721 2395 2992 2452 satellites
3015 2395 3220 2452 habere
3265 2395 3589 2466 spoponde-

2008 2495 2164 2553 runt,
2199 2487 2344 2542 hanc
2393 2488 2808 2545 excusationem
2871 2488 2942 2546 de
2993 2489 3082 2544 via
3136 2489 3364 2543 tutanda
3419 2487 3592 2541 hahe-

2008 2588 2151 2636 rent.
2183 2577 2316 2635 Eam
2385 2591 2568 2638 autem
2621 2581 2946 2652 .apologiam
2997 2581 3294 2637 latratibus
3333 2579 3594 2636 refellunt

2008 2688 2178 2729 canes
2219 2684 2542 2744 sequentes.
2587 2689 2732 2745 quos
2763 2684 3056 2730 venatores
3087 2673 3350 2738 excitant,
3387 2678 3442 2728 et
3479 2671 3595 2728 cla-

2009 2767 2261 2824 moribus
2312 2783 2443 2825 aves
2487 2769 2871 2837 praedatrices,
2937 2782 3082 2838 quas
3127 2765 3316 2823 ferunt
3361 2767 3418 2820 in
3477 2779 3597 2820 ma-

2010 2863 2196 2925 nibus,
2229 2861 2378 2917 ntde
2409 2863 2727 2919 venationis
2755 2878 2948 2919 earnm
2993 2863 3106 2918 sint
3152 2861 3473 2931 participes.
3529 2857 3598 2912 Et

2009 2956 2134 3012 ideo
2171 2958 2413 3026 graviter
2446 2957 2747 3012 irridentur
2783 2958 2851 3016 ab
2882 2956 2950 3011 iis
2975 2955 3068 3025 qui
3099 2970 3195 3010 eos
3239 2955 3322 3010 sic
3364 2953 3470 3008 iter
3511 2950 3598 3004 fa-

2009 3049 2221 3104 cientes
2269 3051 2570 3119 aspiciunt,
2618 3050 2663 3105 si
2712 3049 2838 3120 quis
2893 3047 3051 3104 citati
3094 3045 3309 3102 itineris
3356 3043 3599 3100 sumitur

332 3139 434 3207 μὲν
464 3142 546 3204 τις
582 3139 810 3193 ἐκείνων
845 3136 969 3192 ὁδοῦ
1015 3137 1319 3200 σπουδαίας
1352 3135 1591 3204 γίνεται,
1626 3137 1654 3190 ὁ
1687 3134 1744 3188 δὲ
1774 3133 1904 3205 ἀρό-

2017 3144 2225 3207 socius,
2251 3152 2303 3199 et
2329 3143 2470 3200 alter
2492 3151 2698 3196 terram
2723 3150 2913 3196 aratro
2939 3155 3138 3195 secans
3164 3137 3464 3194 sudoribus
3504 3149 3596 3188 re-

327 3245 443 3300 τρῳ
497 3229 698 3300 σχίζων
743 3229 844 3298 τὴν
902 3226 1008 3296 γῆν
1058 3223 1472 3290 καταστάζεται
1515 3223 1740 3294 ἱδρῶτι·
1772 3225 1800 3277 ὁ
1849 3221 1908 3275 δ⁴ε

332 3324 560 3393 σπέρμα
612 3321 859 3392 μερίζων
895 3321 1166 3383 πονεῖται,
1200 3317 1234 3389 ἢ
1288 3317 1552 3373 σκάπτων
1598 3317 1777 3381 ἄλλως
1813 3315 1910 3368 ἐπὶ

331 3414 542 3485 φυτεία,
574 3414 668 3468 καί
703 3429 791 3475 τις
831 3413 1105 3484 λαχαίνων
1155 3411 1322 3479 φυτὰ,
1363 3412 1462 3464 καὶ
1493 3409 1782 3480 δρυτομῶν
1816 3408 1912 3462 ἄ).-

330 3509 442 3571 λος,
477 3508 576 3562 καὶ
629 3505 811 3560 λοιποὶ
843 3505 1077 3558 τοιοῦτοι
1117 3503 1414 3573 πενόμενοι
1455 3501 1782 3564 πολυειδῶς,
1816 3503 1912 3554 καὶ

329 3592 475 3648 οὕτω
506 3595 603 3665 τὴν
638 3596 818 3664 σάρκα
870 3594 1130 3664 τήκοντες
1161 3595 1243 3656 είς
1292 3593 1432 3656 δέον,
1486 3595 1581 3646 καὶ
1609 3591 1685 3656 ὡς
1711 3593 1812 3644 οὐκ
1845 3593 1912 3646 ἂν

331 3686 456 3740 οὔτε
489 3686 776 3756 ἄνθρωπος
807 3686 988 3756 ψέγοι,
1021 3686 1144 3740 οὔτε
1171 3687 1302 3750 Θεὸς
1331 3687 1604 3757 ὀργίζοιτο
1627 3701 1641 3714 ⁸
1671 3688 1720 3739 οἱ
1748 3687 1805 3738 δὲ
1836 3685 1912 3756 τῷ

335 3777 492 3848 κόπῳ
526 3777 924 3849 ἐστοιχημένοι,
979 3778 1073 3830 καὶ
1107 3779 1221 3840 τοῖς
1274 3778 1416 3850 ὑπὲρ
1448 3779 1651 3848 ἀρετῆς
1683 3778 1912 3849 ἱδρῶσιν

337 3871 890 3942 ἀποκεκληρωμένοι,
943 3871 1018 3933 ὡς
1053 3872 1147 3924 καὶ
1188 3870 1428 3940 ὀφείλειν
1461 3871 1741 3940 Θνήσκειν,
1768 3870 1913 3924 οὕτω

337 3965 620 4032 περιιᾶσιν
660 3963 1000 4031 ὡπλισμένοι
1031 3961 1174 4016 κατά
1204 3979 1264 4015 τε
1307 3959 1636 4029 ἀνθρώπων,
1678 3961 1820 4015 κατά
1853 3979 1914 4015 τε

337 4053 548 4124 θηρῶν,
581 4055 686 4112 τῶν
719 4075 778 4114 τε
809 4056 937 4126 περὶ
970 4057 1094 4124 γῆν,
1149 4058 1244 4112 καὶ
1279 4058 1396 4112 ὅσοι
1423 4058 1480 4110 δὲ
1511 4058 1686 4130 ἀέριοι
1717 4058 1913 4128 φέρονο

279 4172 282 4175 κ
338 4165 451 4202 ται.
496 4148 801 4217 Ἠρακλέες
829 4150 983 4201 αὐτοὶ
1015 4149 1187 4214 ἄλλοι,
1224 4150 1358 4220 μήτι
1391 4149 1448 4202 δὲ
1478 4150 1571 4203 καὶ
1602 4150 1745 4221 ὑπὲρ
1771 4151 1914 4204 ἐκεῖ·

335 4258 426 4296 νον
452 4242 545 4296 τὸν
579 4241 832 4295 παλαιόν.
862 4242 969 4294 Καὶ
1007 4244 1164 4295 τοῦτο
1213 4243 1516 4311 ἐπιψόγως.
1576 4241 1634 4295 '0
1668 4242 1769 4312 μὲν
1807 4243 1917 4312 γὰρ

335 4335 576 4405 φαύλους
611 4333 958 4404 ἀνθρώπους,
1015 4335 1111 4387 καὶ
1170 4333 1500 4397 ἀδικοῦντας
1573 4335 1775 4403 θῆρας,
1822 4335 1918 4387 καὶ

336 4429 518 4500 πτηνὰ
539 4427 844 4498 βλάπτοντα
861 4429 924 4480 ὲκ
943 4429 1108 4500 μέσου
1137 4430 1318 4500 ἀπῆγε
1341 4430 1530 4500 μόχθῳ
1547 4431 1692 4484 πάνυ
1712 4427 1914 4498 πολλῷ,

336 4539 430 4577 και
467 4520 611 4575 αὐτὰ
662 4521 724 4574 οὐ
757 4518 814 4574 δὲ
849 4519 1014 4587 ἑκὼν,
1062 4522 1198 4575 ἀλλὰ
1243 4505 1616 4590 ἀεκαζόμενος
1655 4521 1794 4590 μὲν,
1838 4521 1914 4591 μὴ

335 4613 474 4684 ἔχων
504 4613 561 4666 δὲ
597 4611 929 4666 ἀντιϐαίνειν
963 4611 1041 4682 τῷ
1081 4613 1469 4668 ἐπιτάσσοντι·
1505 4614 1660 4667 αὐτοὶ
1688 4613 1743 4665 δὲ
1776 4629 1913 4682 τρυ-

337 4707 442 4775 φῆς
488 4703 721 4774 ἀκαίρου
771 4705 933 4776 χάριν
965 4704 1204 4759 ἑκούσιοι
1243 4707 1313 4759 τὰ
1344 4707 1510 4777 μηδὲν
1545 4705 1694 4760 αἴτια
1737 4723 1914 4758 κατα-

337 4796 646 4861 ϐάλλουσιν,
675 4795 724 4850 οξ
753 4796 1142 4868 ύπερκόσμιοι,
1176 4799 1268 4851 καὶ
1302 4799 1458 4852 αὐτοὶ
1484 4801 1548 4869 τῇ
1584 4798 1705 4852 κατ’
1734 4797 1912 4869 ἀρχὴν

338 4891 682 4960 πνευματικῇ
715 4890 992 4959 προθέσει,
1033 4892 1314 4960 (κωμικοὶ
1345 4890 1456 4959 γὰρ
1482 4889 1600 4954 πῶς
1634 4892 1698 4944 ἂν
1732 4887 1844 4944 εἷεν
1867 4891 1918 4943 oi

338 4982 426 5036 διὰ
465 4981 672 5051 κουρᾶς
712 4980 850 5034 ὅσιοι
906 4979 983 5051 τῷ
1016 4981 1203 5052 Θεῷς)
1257 4983 1306 5035 οί
1375 4982 1626 5035 ἐκλεκτοὶ
1680 4982 1921 5054 (ὄφελον)

338 5073 416 5146 τῷ
449 5075 659 5147 Κυρίῳ,
688 5076 736 5128 εί
772 5075 869 5128 καὶ
897 5074 1053 5129 αὐτοὶ
1091 5075 1336 5131 ἐθέλουσι
1360 5077 1472 5139 τοῖς
1506 5075 1730 5147 φαύλως
1753 5078 1919 5146 ἡγου-

343 5169 527 5239 μένοις
553 5169 756 5222 αὐτῶν.

416 5259 514 5330 ρο’.
555 5261 625 5313 Ἢ
658 5260 759 5314 οὐκ
792 5254 962 5325 οἶδας,
991 5257 1036 5312 ὣ
1083 5260 1419 5328 εἰσαγωγιχὲ
1451 5260 1675 5332 μοναχὲ,
1712 5262 1797 5315 δτι
1825 5262 1922 5316 καὶ

345 5355 410 5408 σὺ
449 5355 586 5425 μετά
625 5353 726 5427 τὴν
754 5353 1028 5426 ἐπίσημον
1066 5354 1186 5425 μὲν,
1215 5354 1448 5426 λειπτὴν
1497 5355 1556 5409 δὲ
1599 5358 1694 5410 καὶ
1725 5359 1922 5428 ἀπερι-

339 5447 570 5518 λά).ητον
614 5448 824 5518 κουρὰν
861 5447 1063 5502 αὐτίκα
1103 5445 1178 5518 τῷ
1214 5447 1334 5519 Θεῷ
1371 5448 1776 5521 καθωσιώθης;
1827 5450 1920 5503 Διὸ

342 5525 436 5593 καὶ
459 5539 756 5609 προσφυῶς
781 5539 1006 5610 ψάλλοις
1063 5540 1131 5594 ἂν
1187 5541 1283 5593 τό·
1318 5559 1336 5593 ι
1380 5542 1533 5612 Μηδὲ
1579 5541 1769 5607 δώσεις
1828 5543 1920 5599 τὸν

2011 3233 2280 3292 solvitur:
2301 3235 2444 3290 alius
2465 3235 2728 3304 fatigatur
2757 3234 2968 3288 semina
2999 3231 3243 3302 iaciens,
3265 3236 3362 3282 aut
3382 3227 3600 3282 fodiens

2013 3328 2156 3383 alius
2202 3327 2270 3382 ad
2316 3326 2712 3398 plantandum,
2751 3334 2806 3381 et
2855 3325 2947 3380 ille
2994 3323 3185 3379 colens
3228 3335 3454 3376 nemora
3504 3326 3601 3372 aut

2013 3436 2259 3492 purgans
2307 3423 2418 3476 alio
2459 3421 2652 3490 modo,
2685 3430 2741 3476 et
2771 3419 2955 3476 ca—teri
3010 3416 3225 3473 similes
3262 3414 3355 3485 qui
3415 3411 3600 3467 omni-

2016 3513 2120 3569 bus
2177 3513 2353 3568 modis
2406 3512 2732 3582 fatigantur,
2796 3512 3013 3581 sicque,
3065 3519 3126 3564 ut
3185 3515 3426 3578 oportet,
3479 3519 3600 3558 caro

2015 3624 2140 3663 nem
2178 3616 2479 3672 macerant,
2508 3607 2578 3663 de
2636 3607 2838 3676 quibus
2890 3621 2995 3661 nec
3040 3604 3204 3659 homo
3250 3610 3600 3672 quereretur,

2017 3716 2118 3756 nec
2177 3701 2318 3756 Deus
2377 3702 2734 3756 irasceretur.
2792 3699 2899 3767 Qui
2957 3698 3133 3754 labori
3187 3683 3394 3751 addicti
3445 3702 3599 3754 sunt,

2017 3795 2110 3863 qui
2163 3794 2229 3846 ad
2287 3794 2522 3850 sudores
2568 3795 2790 3849 virtutis
2845 3793 3028 3848 vocati
3093 3801 3250 3853 sunt,
3303 3804 3481 3857 usque
3530 3786 3601 3841 ad

2019 3897 2274 3952 mortem,
2315 3903 2446 3942 ecce
2472 3889 2948 3942 circumferuntur
2976 3885 3178 3941 armati
3208 3885 3477 3939 adversus
3503 3882 3606 3933 lto-

2018 3979 2194 4034 mines
2260 3990 2317 4035 et
2369 3978 2516 4034 feras
2569 3994 2694 4047 quae
2735 3987 2868 4032 sunt
2919 3993 3083 4046 super
3136 3987 3360 4035 terram,
3411 3981 3506 4026 aut
3547 3971 3600 4024 iu

2018 4085 2145 4126 aere
2177 4070 2427 4126 volitant.
2459 4071 2567 4140 Ipsi
2606 4070 2698 4123 alii
2741 4068 3031 4133 Hercules,
3071 4067 3182 4121 imo
3214 4066 3445 4132 antiquo
3485 4077 3605 4114 ma-

2015 4164 2188 4234 jores.
2218 4165 2286 4219 Et
2321 4167 2423 4219 hoc
2454 4179 2562 4218 non
2591 4165 2894 4217 immerito.
2922 4161 3018 4216 llle
3050 4159 3200 4214 enim
3225 4158 3399 4212 malos
3424 4154 3606 4209 homi-

2021 4273 2139 4319 nes,
2175 4255 2424 4311 crudeles
2469 4255 2632 4320 feras,
2683 4264 2737 4309 et
2769 4256 3030 4309 volucres
3063 4255 3260 4307 noxias
3298 4253 3367 4305 de
3420 4247 3602 4302 medio

2022 4350 2200 4405 multo
2235 4363 2361 4404 cum
2396 4349 2584 4404 labore
2615 4350 2877 4414 sustulit;
2911 4358 2966 4403 et
3001 4348 3106 4402 ista
3134 4361 3244 4400 non
3273 4345 3472 4404 libens,
3508 4339 3602 4395 sed

2024 4443 2228 4497 invitus
2254 4442 2581 4512 jubentique
2611 4457 2721 4497 non
2759 4443 2949 4496 valens
2993 4440 3278 4494 resistere.
3347 4435 3440 4490 Isti
3501 4448 3604 4487 au-

2024 4543 2132 4590 tem
2167 4537 2241 4589 ob
2277 4533 2509 4589 delicias
2560 4535 2878 4598 indecoras,
2926 4534 3163 4588 libenter
3209 4529 3607 4602 aggrediuntur

2025 4633 2372 4694 innocentes,
2435 4630 2529 4700 qui
2577 4645 2606 4683 a
2639 4627 2910 4699 principio
2943 4625 3181 4698 consilio
3205 4619 3482 4693 spirituali
3505 4634 3606 4673 su-

2027 4741 2125 4797 per
2175 4719 2460 4780 "niundum
2519 4724 2716 4780 elevati
2779 4721 3032 4782 fuerunt,
3074 4715 3393 4789 (quomodo
3457 4713 3607 4766 enim

2028 4819 2297 4874 niundani
2362 4825 2598 4883 essent,
2663 4815 2756 4886 qui
2826 4824 3058 4870 tonsura
3125 4812 3238 4868 Deo
3295 4804 3608 4865 consecrati

2027 4912 2220 4984 sunt?)
2255 4913 2358 4984 ipsi
2388 4911 2549 4967 electi
2580 4911 2692 4965 Deo
2725 4913 2782 4981 (ρ
2817 4909 3030 4963 utinam
3052 4907 3093 4976 ί)
3122 4904 3248 4961 licet
3279 4917 3409 4960 suos
3442 4899 3612 4955 duces

2027 5008 2202 5065 malos
2231 5013 2592 5076 anteponant.

2109 5271 2231 5328 170.
2278 5270 2474 5328 Nonne
2537 5268 2886 5345 cognovisti,
2945 5281 2980 5322 ο
3027 5260 3298 5318 monacho
3363 5260 3508 5318 tiro,
3559 5263 3612 5308 te

2032 5376 2159 5440 post
2189 5377 2500 5430 tonsuram,
2528 5371 2826 5434 augustam
2851 5357 3097 5430 quidem,
3126 5352 3222 5407 sed
3260 5347 3524 5405 humilem
3556 5352 3612 5440 et

2030 5435 2142 5515 non
2176 5455 2577 5528 perimendam,
2609 5454 2798 5509 statim
2859 5450 2971 5503 Deo
2995 5451 3385 5502 consecratum
3440 5435 3611 5494 esse?

2027 5549 2155 5606 Ideo
2179 5558 2304 5619 apte
2331 5549 2486 5604 canis
2515 5562 2530 5601 :
2562 5563 2581 5598 ι
2612 5544 2734 5599 Non
2757 5540 2921 5596 dabis
2942 5545 3198 5594 sanctum
3234 5543 3388 5590 tuum
3420 5529 3613 5587 videre

415 5716 528 5800 (18.)
581 5717 924 5800 Παλαμναϊος
981 5724 1164 5792 (manu
1218 5723 1549 5794 cruentatus)
1600 5719 1901 5781 eratluvis
1970 5737 2303 5798 cegnomen,
2346 5727 2476 5800 quia
2502 5739 2703 5784 cruore
2752 5719 3109 5780 inimicorum
3177 5715 3430 5790 proprias
3489 5725 3612 5779 ma-

341 5802 449 5844 nus
479 5788 741 5844 tinxerat.
