  <div class='ocr_page' id='page_1' title='image "/cluster/home/n/w/nwhite01/storage/ocr_20150623/135/mdp.39015029921197/445.png"; bbox 0 0 3992 6240; ppageno 0'>
   <div class='ocr_carea' id='block_1_1' title="bbox 415 301 539 367">
    <p class='ocr_par' dir='ltr' id='par_1_1' title="bbox 415 301 539 367">
     <span class='ocr_line' id='line_1_1' title="bbox 415 301 539 367; baseline -0.016 0"><span class='ocrx_word' id='word_1_1' title='bbox 415 301 496 367; x_wconf 78' lang='grc' dir='ltr'><strong>·ΒΊ</strong></span> <span class='ocrx_word' id='word_1_2' title='bbox 505 301 539 365; x_wconf 87' lang='grc'>5</span> 
     </span>
    </p>
   </div>
   <div class='ocr_carea' id='block_1_2' title="bbox 1143 275 2043 358">
    <p class='ocr_par' dir='ltr' id='par_1_2' title="bbox 1143 279 2043 358">
     <span class='ocr_line' id='line_1_2' title="bbox 1143 279 2043 358; baseline -0.021 -2"><span class='ocrx_word' id='word_1_3' title='bbox 1143 293 1563 358; x_wconf 72' lang='grc' dir='ltr'><strong>ΕΠΒΤΛΤΗΙΙ</strong></span> <span class='ocrx_word' id='word_1_4' title='bbox 1606 279 2043 350; x_wconf 62' lang='grc' dir='ltr'><strong>ΤΠΕΞΒᾹῙΟΝ</strong></span> 
     </span>
    </p>
   </div>
   <div class='ocr_carea' id='block_1_3' title="bbox 2152 275 2984 358">
    <p class='ocr_par' dir='ltr' id='par_1_3' title="bbox 2153 275 2984 338">
     <span class='ocr_line' id='line_1_3' title="bbox 2153 275 2984 338; baseline -0.001 -3"><span class='ocrx_word' id='word_1_5' title='bbox 2153 277 2372 338; x_wconf 84' lang='lat' dir='ltr'><strong>ENSIS</strong></span> <span class='ocrx_word' id='word_1_6' title='bbox 2421 275 2984 338; x_wconf 56' lang='lat' dir='ltr'><strong>METROPOLITEE</strong></span> 
     </span>
    </p>
   </div>
   <div class='ocr_carea' id='block_1_4' title="bbox 3607 265 3717 329">
    <p class='ocr_par' dir='ltr' id='par_1_4' title="bbox 3607 265 3717 329">
     <span class='ocr_line' id='line_1_4' title="bbox 3607 265 3717 329; baseline 0.045 -5"><span class='ocrx_word' id='word_1_7' title='bbox 3607 265 3717 329; x_wconf 55' lang='lat'><strong>$76</strong></span> 
     </span>
    </p>
   </div>
   <div class='ocr_carea' id='block_1_5' title="bbox 501 388 2043 484">
    <p class='ocr_par' dir='ltr' id='par_1_5' title="bbox 501 396 2029 484">
     <span class='ocr_line' id='line_1_5' title="bbox 501 396 2029 484; baseline -0.014 -10"><span class='ocrx_word' id='word_1_8' title='bbox 501 417 627 484; x_wconf 71' lang='grc'><strong>4⁵15,</strong></span> <span class='ocrx_word' id='word_1_9' title='bbox 664 414 792 472; x_wconf 63' lang='lat' dir='ltr'><strong>liae</strong></span> <span class='ocrx_word' id='word_1_10' title='bbox 841 413 939 470; x_wconf 88' lang='lat' dir='ltr'><strong>tibi</strong></span> <span class='ocrx_word' id='word_1_11' title='bbox 981 410 1210 476; x_wconf 87' lang='lat' dir='ltr'><strong>novitio,</strong></span> <span class='ocrx_word' id='word_1_12' title='bbox 1265 418 1325 464; x_wconf 84' lang='grc' dir='ltr'><strong>ιιι</strong></span> <span class='ocrx_word' id='word_1_13' title='bbox 1378 407 1558 472; x_wconf 75' lang='lat' dir='ltr'><strong>fratri,</strong></span> <span class='ocrx_word' id='word_1_14' title='bbox 1612 418 1777 459; x_wconf 85' lang='lat' dir='ltr'><strong>causa</strong></span> <span class='ocrx_word' id='word_1_15' title='bbox 1834 396 2029 455; x_wconf 85' lang='lat' dir='ltr'><strong>salutis</strong></span> 
     </span>
    </p>
   </div>
   <div class='ocr_carea' id='block_1_6' title="bbox 2152 388 3724 484">
    <p class='ocr_par' dir='ltr' id='par_1_6' title="bbox 2207 388 3724 464">
     <span class='ocr_line' id='line_1_6' title="bbox 2207 388 3724 464; baseline -0.003 -18"><span class='ocrx_word' id='word_1_16' title='bbox 2207 399 2344 464; x_wconf 64' lang='grc' dir='ltr'><strong>ρογν.</strong></span> <span class='ocrx_word' id='word_1_17' title='bbox 2381 391 2571 447; x_wconf 70' lang='grc' dir='ltr'><strong>Ταῦτά</strong></span> <span class='ocrx_word' id='word_1_18' title='bbox 2627 410 2710 446; x_wconf 88' lang='grc' dir='ltr'><strong>σοι</strong></span> <span class='ocrx_word' id='word_1_19' title='bbox 2783 391 2860 462; x_wconf 79' lang='grc' dir='ltr'><strong>τῷ</strong></span> <span class='ocrx_word' id='word_1_20' title='bbox 2916 388 3271 460; x_wconf 76' lang='grc' dir='ltr'><strong>εἰσαγωγικῷ</strong></span> <span class='ocrx_word' id='word_1_21' title='bbox 3329 388 3724 458; x_wconf 77' lang='grc' dir='ltr'><strong>προσλαλήσας</strong></span> 
     </span>
    </p>
   </div>
   <div class='ocr_carea' id='block_1_7' title="bbox 433 494 2024 584">
    <p class='ocr_par' dir='ltr' id='par_1_7' title="bbox 433 494 2024 584">
     <span class='ocr_line' id='line_1_7' title="bbox 433 494 2024 584; baseline -0.016 -16"><span class='ocrx_word' id='word_1_22' title='bbox 433 518 720 584; x_wconf 76' lang='lat' dir='ltr'><strong>postquam</strong></span> <span class='ocrx_word' id='word_1_23' title='bbox 745 507 1001 574; x_wconf 76' lang='lat' dir='ltr'><strong>dixerim,</strong></span> <span class='ocrx_word' id='word_1_24' title='bbox 1035 503 1276 561; x_wconf 79' lang='lat' dir='ltr'><strong>ascendo</strong></span> <span class='ocrx_word' id='word_1_25' title='bbox 1307 501 1374 557; x_wconf 88' lang='lat' dir='ltr'><strong>ad</strong></span> <span class='ocrx_word' id='word_1_26' title='bbox 1413 501 1659 556; x_wconf 88' lang='lat' dir='ltr'><strong>altiorem</strong></span> <span class='ocrx_word' id='word_1_27' title='bbox 1693 507 1767 558; x_wconf 86' lang='lat' dir='ltr'><strong>te.</strong></span> <span class='ocrx_word' id='word_1_28' title='bbox 1797 494 1864 548; x_wconf 85' lang='lat' dir='ltr'><strong>ad</strong></span> <span class='ocrx_word' id='word_1_29' title='bbox 1898 503 2024 584; x_wconf 78' lang='lat' dir='ltr'><strong>eum</strong></span> 
     </span>
    </p>
   </div>
   <div class='ocr_carea' id='block_1_8' title="bbox 421 582 2027 676">
    <p class='ocr_par' dir='ltr' id='par_1_8' title="bbox 421 582 2027 676">
     <span class='ocr_line' id='line_1_8' title="bbox 421 582 2027 676; baseline -0.016 -15"><span class='ocrx_word' id='word_1_30' title='bbox 421 582 530 676; x_wconf 67' lang='grc' dir='ltr'><strong>ἰιιιί</strong></span> <span class='ocrx_word' id='word_1_31' title='bbox 559 582 670 674; x_wconf 80' lang='lat' dir='ltr'><strong>jam</strong></span> <span class='ocrx_word' id='word_1_32' title='bbox 726 617 832 656; x_wconf 88' lang='lat' dir='ltr'><strong>non</strong></span> <span class='ocrx_word' id='word_1_33' title='bbox 867 608 976 664; x_wconf 87' lang='lat' dir='ltr'><strong>est,</strong></span> <span class='ocrx_word' id='word_1_34' title='bbox 1037 597 1181 653; x_wconf 89' lang='lat' dir='ltr'><strong>sicut</strong></span> <span class='ocrx_word' id='word_1_35' title='bbox 1232 603 1310 663; x_wconf 88' lang='lat' dir='ltr'><strong>tu,</strong></span> <span class='ocrx_word' id='word_1_36' title='bbox 1344 593 1438 648; x_wconf 82' lang='lat' dir='ltr'><strong>Dei</strong></span> <span class='ocrx_word' id='word_1_37' title='bbox 1490 590 1680 652; x_wconf 87' lang='lat' dir='ltr'><strong>miles,</strong></span> <span class='ocrx_word' id='word_1_38' title='bbox 1723 586 1817 643; x_wconf 89' lang='lat' dir='ltr'><strong>sed</strong></span> <span class='ocrx_word' id='word_1_39' title='bbox 1849 582 2027 676; x_wconf 80' lang='lat' dir='ltr'><strong>induit</strong></span> 
     </span>
    </p>
   </div>
   <div class='ocr_carea' id='block_1_9' title="bbox 437 673 2030 762">
    <p class='ocr_par' dir='ltr' id='par_1_9' title="bbox 437 673 2030 762">
     <span class='ocr_line' id='line_1_9' title="bbox 437 673 2030 762; baseline -0.016 -10"><span class='ocrx_word' id='word_1_40' title='bbox 437 673 748 760; x_wconf 83' lang='lat' dir='ltr'><strong>thoracem,</strong></span> <span class='ocrx_word' id='word_1_41' title='bbox 801 701 858 747; x_wconf 81' lang='lat' dir='ltr'><strong>ct</strong></span> <span class='ocrx_word' id='word_1_42' title='bbox 914 690 1007 762; x_wconf 91' lang='lat' dir='ltr'><strong>qui</strong></span> <span class='ocrx_word' id='word_1_43' title='bbox 1063 700 1254 743; x_wconf 90' lang='lat' dir='ltr'><strong>votum</strong></span> <span class='ocrx_word' id='word_1_44' title='bbox 1317 684 1448 741; x_wconf 78' lang='lat' dir='ltr'><strong>fecit</strong></span> <span class='ocrx_word' id='word_1_45' title='bbox 1488 681 1720 738; x_wconf 76' lang='lat' dir='ltr'><strong>Christo</strong></span> <span class='ocrx_word' id='word_1_46' title='bbox 1768 673 2030 732; x_wconf 77' lang='lat' dir='ltr'><strong>salvatori</strong></span> 
     </span>
    </p>
   </div>
   <div class='ocr_carea' id='block_1_10' title="bbox 437 776 2029 858">
    <p class='ocr_par' dir='ltr' id='par_1_10' title="bbox 437 776 2029 858">
     <span class='ocr_line' id='line_1_10' title="bbox 437 776 2029 858; baseline -0.014 -14"><span class='ocrx_word' id='word_1_47' title='bbox 437 788 699 858; x_wconf 80' lang='lat' dir='ltr'><strong>operibus</strong></span> <span class='ocrx_word' id='word_1_48' title='bbox 725 785 883 841; x_wconf 68' lang='lat' dir='ltr'><strong>bon-is</strong></span> <span class='ocrx_word' id='word_1_49' title='bbox 907 780 1271 848; x_wconf 74' lang='lat' dir='ltr'><strong>conformari,</strong></span> <span class='ocrx_word' id='word_1_50' title='bbox 1313 779 1402 850; x_wconf 90' lang='lat' dir='ltr'><strong>qui</strong></span> <span class='ocrx_word' id='word_1_51' title='bbox 1427 777 1610 833; x_wconf 80' lang='lat' dir='ltr'><strong>statim</strong></span> <span class='ocrx_word' id='word_1_52' title='bbox 1637 776 1888 845; x_wconf 80' lang='lat' dir='ltr'><strong>signatus</strong></span> <span class='ocrx_word' id='word_1_53' title='bbox 1921 778 2029 829; x_wconf 86' lang='lat' dir='ltr'><strong>est.</strong></span> 
     </span>
    </p>
   </div>
   <div class='ocr_carea' id='block_1_11' title="bbox 436 857 2031 938">
    <p class='ocr_par' dir='ltr' id='par_1_11' title="bbox 436 857 2031 938">
     <span class='ocr_line' id='line_1_11' title="bbox 436 857 2031 938; baseline -0.013 -3"><span class='ocrx_word' id='word_1_54' title='bbox 436 857 562 935; x_wconf 68' lang='lat' dir='ltr'><strong>eum</strong></span> <span class='ocrx_word' id='word_1_55' title='bbox 597 881 650 934; x_wconf 92' lang='lat' dir='ltr'><strong>in</strong></span> <span class='ocrx_word' id='word_1_56' title='bbox 689 879 911 932; x_wconf 75' lang='lat' dir='ltr'><strong>nomine</strong></span> <span class='ocrx_word' id='word_1_57' title='bbox 949 884 1160 932; x_wconf 65' lang='lat' dir='ltr'><strong>sanctae</strong></span> <span class='ocrx_word' id='word_1_58' title='bbox 1191 871 1481 928; x_wconf 77' lang='lat' dir='ltr'><strong>Trinitatis</strong></span> <span class='ocrx_word' id='word_1_59' title='bbox 1516 866 1826 938; x_wconf 78' lang='lat' dir='ltr'><strong>superﬂuos</strong></span> <span class='ocrx_word' id='word_1_60' title='bbox 1862 861 2031 932; x_wconf 80' lang='lat' dir='ltr'><strong>capil-</strong></span> 
     </span>
    </p>
   </div>
   <div class='ocr_carea' id='block_1_12' title="bbox 438 959 2032 1040">
    <p class='ocr_par' dir='ltr' id='par_1_12' title="bbox 438 959 2032 1040">
     <span class='ocr_line' id='line_1_12' title="bbox 438 959 2032 1040; baseline -0.011 -16"><span class='ocrx_word' id='word_1_61' title='bbox 438 972 522 1026; x_wconf 80' lang='lat' dir='ltr'><strong>los</strong></span> <span class='ocrx_word' id='word_1_62' title='bbox 541 972 869 1040; x_wconf 84' lang='lat' dir='ltr'><strong>deponeret,</strong></span> <span class='ocrx_word' id='word_1_63' title='bbox 901 966 970 1022; x_wconf 83' lang='lat' dir='ltr'><strong>ad</strong></span> <span class='ocrx_word' id='word_1_64' title='bbox 995 962 1393 1022; x_wconf 82' lang='lat' dir='ltr'><strong>ostendendam</strong></span> <span class='ocrx_word' id='word_1_65' title='bbox 1439 959 1840 1031; x_wconf 74' lang='lat' dir='ltr'><strong>pmuitentiam,</strong></span> <span class='ocrx_word' id='word_1_66' title='bbox 1867 964 2032 1026; x_wconf 90' lang='lat' dir='ltr'><strong>atque</strong></span> 
     </span>
    </p>
   </div>
   <div class='ocr_carea' id='block_1_13' title="bbox 439 1049 2028 1128">
    <p class='ocr_par' dir='ltr' id='par_1_13' title="bbox 439 1049 2028 1128">
     <span class='ocr_line' id='line_1_13' title="bbox 439 1049 2028 1128; baseline -0.011 -10"><span class='ocrx_word' id='word_1_67' title='bbox 439 1063 756 1118; x_wconf 86' lang='lat' dir='ltr'><strong>mantellum</strong></span> <span class='ocrx_word' id='word_1_68' title='bbox 799 1069 1054 1118; x_wconf 82' lang='lat' dir='ltr'><strong>sanctum</strong></span> <span class='ocrx_word' id='word_1_69' title='bbox 1109 1072 1212 1128; x_wconf 91' lang='lat' dir='ltr'><strong>pro</strong></span> <span class='ocrx_word' id='word_1_70' title='bbox 1259 1056 1489 1111; x_wconf 86' lang='lat' dir='ltr'><strong>thorace</strong></span> <span class='ocrx_word' id='word_1_71' title='bbox 1548 1053 1727 1108; x_wconf 86' lang='lat' dir='ltr'><strong>valida</strong></span> <span class='ocrx_word' id='word_1_72' title='bbox 1789 1049 2028 1119; x_wconf 86' lang='lat' dir='ltr'><strong>accepit,</strong></span> 
     </span>
    </p>
   </div>
   <div class='ocr_carea' id='block_1_14' title="bbox 440 1143 2034 1229">
    <p class='ocr_par' dir='ltr' id='par_1_14' title="bbox 440 1143 2034 1229">
     <span class='ocr_line' id='line_1_14' title="bbox 440 1143 2034 1229; baseline -0.009 -15"><span class='ocrx_word' id='word_1_73' title='bbox 440 1160 665 1229; x_wconf 89' lang='lat' dir='ltr'><strong>istoque</strong></span> <span class='ocrx_word' id='word_1_74' title='bbox 696 1158 862 1212; x_wconf 85' lang='lat' dir='ltr'><strong>modo</strong></span> <span class='ocrx_word' id='word_1_75' title='bbox 890 1154 1105 1210; x_wconf 87' lang='lat' dir='ltr'><strong>medius</strong></span> <span class='ocrx_word' id='word_1_76' title='bbox 1133 1153 1277 1207; x_wconf 88' lang='lat' dir='ltr'><strong>inter</strong></span> <span class='ocrx_word' id='word_1_77' title='bbox 1306 1149 1475 1205; x_wconf 86' lang='lat' dir='ltr'><strong>Deum</strong></span> <span class='ocrx_word' id='word_1_78' title='bbox 1495 1146 1824 1203; x_wconf 87' lang='lat' dir='ltr'><strong>ethomines</strong></span> <span class='ocrx_word' id='word_1_79' title='bbox 1852 1143 2034 1199; x_wconf 81' lang='lat' dir='ltr'><strong>iactus</strong></span> 
     </span>
    </p>
   </div>
   <div class='ocr_carea' id='block_1_15' title="bbox 439 1235 2032 1319">
    <p class='ocr_par' dir='ltr' id='par_1_15' title="bbox 439 1235 2032 1319">
     <span class='ocr_line' id='line_1_15' title="bbox 439 1235 2032 1319; baseline -0.009 -12"><span class='ocrx_word' id='word_1_80' title='bbox 439 1260 524 1307; x_wconf 85' lang='lat' dir='ltr'><strong>est</strong></span> <span class='ocrx_word' id='word_1_81' title='bbox 549 1251 751 1306; x_wconf 86' lang='lat' dir='ltr'><strong>:Deum</strong></span> <span class='ocrx_word' id='word_1_82' title='bbox 774 1247 993 1319; x_wconf 88' lang='lat' dir='ltr'><strong>quidem</strong></span> <span class='ocrx_word' id='word_1_83' title='bbox 1019 1245 1114 1319; x_wconf 77' lang='lat' dir='ltr'><strong>qui</strong></span> <span class='ocrx_word' id='word_1_84' title='bbox 1139 1244 1569 1300; x_wconf 81' lang='lat' dir='ltr'><strong>excellenterest</strong></span> <span class='ocrx_word' id='word_1_85' title='bbox 1591 1238 1769 1306; x_wconf 72' lang='lat' dir='ltr'><strong>magni</strong></span> <span class='ocrx_word' id='word_1_86' title='bbox 1791 1235 2032 1301; x_wconf 84' lang='lat' dir='ltr'><strong>habitus.</strong></span> 
     </span>
    </p>
   </div>
   <div class='ocr_carea' id='block_1_16' title="bbox 441 1330 2036 1411">
    <p class='ocr_par' dir='ltr' id='par_1_16' title="bbox 441 1330 2036 1411">
     <span class='ocr_line' id='line_1_16' title="bbox 441 1330 2036 1411; baseline -0.011 -12"><span class='ocrx_word' id='word_1_87' title='bbox 441 1342 699 1399; x_wconf 80' lang='lat' dir='ltr'><strong>homines</strong></span> <span class='ocrx_word' id='word_1_88' title='bbox 731 1342 823 1411; x_wconf 90' lang='lat' dir='ltr'><strong>qui</strong></span> <span class='ocrx_word' id='word_1_89' title='bbox 869 1345 1002 1395; x_wconf 85' lang='lat' dir='ltr'><strong>sunt</strong></span> <span class='ocrx_word' id='word_1_90' title='bbox 1063 1336 1207 1393; x_wconf 78' lang='lat' dir='ltr'><strong>infra</strong></span> <span class='ocrx_word' id='word_1_91' title='bbox 1258 1343 1481 1406; x_wconf 87' lang='lat' dir='ltr'><strong>propter</strong></span> <span class='ocrx_word' id='word_1_92' title='bbox 1539 1330 1929 1394; x_wconf 79' lang='lat' dir='ltr'><strong>initiationem,</strong></span> <span class='ocrx_word' id='word_1_93' title='bbox 1981 1335 2036 1382; x_wconf 88' lang='lat' dir='ltr'><strong>et</strong></span> 
     </span>
    </p>
   </div>
   <div class='ocr_carea' id='block_1_17' title="bbox 440 1417 2034 1491">
    <p class='ocr_par' dir='ltr' id='par_1_17' title="bbox 440 1417 2034 1491">
     <span class='ocr_line' id='line_1_17' title="bbox 440 1417 2034 1491; baseline -0.011 -2"><span class='ocrx_word' id='word_1_94' title='bbox 440 1435 694 1488; x_wconf 82' lang='lat' dir='ltr'><strong>laborant</strong></span> <span class='ocrx_word' id='word_1_95' title='bbox 733 1433 878 1486; x_wconf 86' lang='lat' dir='ltr'><strong>circa</strong></span> <span class='ocrx_word' id='word_1_96' title='bbox 909 1430 1131 1484; x_wconf 79' lang='lat' dir='ltr'><strong>virtutis</strong></span> <span class='ocrx_word' id='word_1_97' title='bbox 1173 1426 1551 1484; x_wconf 89' lang='lat' dir='ltr'><strong>aseensiones.</strong></span> <span class='ocrx_word' id='word_1_98' title='bbox 1598 1419 1702 1488; x_wconf 79' lang='lat' dir='ltr'><strong>Qui</strong></span> <span class='ocrx_word' id='word_1_99' title='bbox 1732 1420 1944 1491; x_wconf 85' lang='lat' dir='ltr'><strong>positus</strong></span> <span class='ocrx_word' id='word_1_100' title='bbox 1978 1417 2034 1472; x_wconf 91' lang='lat' dir='ltr'><strong>in</strong></span> 
     </span>
    </p>
   </div>
   <div class='ocr_carea' id='block_1_18' title="bbox 444 1511 2036 1595">
    <p class='ocr_par' dir='ltr' id='par_1_18' title="bbox 444 1511 2036 1595">
     <span class='ocr_line' id='line_1_18' title="bbox 444 1511 2036 1595; baseline -0.008 -13"><span class='ocrx_word' id='word_1_101' title='bbox 444 1525 646 1590; x_wconf 85' lang='lat' dir='ltr'><strong>medio,</strong></span> <span class='ocrx_word' id='word_1_102' title='bbox 679 1535 733 1580; x_wconf 87' lang='lat' dir='ltr'><strong>et</strong></span> <span class='ocrx_word' id='word_1_103' title='bbox 762 1523 970 1595; x_wconf 75' lang='lat' dir='ltr'><strong>junCtis</strong></span> <span class='ocrx_word' id='word_1_104' title='bbox 1002 1521 1264 1578; x_wconf 83' lang='lat' dir='ltr'><strong>extremis</strong></span> <span class='ocrx_word' id='word_1_105' title='bbox 1297 1527 1590 1588; x_wconf 88' lang='lat' dir='ltr'><strong>utramque</strong></span> <span class='ocrx_word' id='word_1_106' title='bbox 1621 1523 1832 1586; x_wconf 86' lang='lat' dir='ltr'><strong>partem</strong></span> <span class='ocrx_word' id='word_1_107' title='bbox 1867 1511 2036 1570; x_wconf 81' lang='lat' dir='ltr'><strong>attin-</strong></span> 
     </span>
    </p>
   </div>
   <div class='ocr_carea' id='block_1_19' title="bbox 444 1605 2039 1688">
    <p class='ocr_par' dir='ltr' id='par_1_19' title="bbox 444 1605 2039 1688">
     <span class='ocr_line' id='line_1_19' title="bbox 444 1605 2039 1688; baseline -0.009 -15"><span class='ocrx_word' id='word_1_108' title='bbox 444 1633 598 1688; x_wconf 77' lang='lat' dir='ltr'><strong>gens,</strong></span> <span class='ocrx_word' id='word_1_109' title='bbox 630 1605 822 1671; x_wconf 63' lang='lat' dir='ltr'><strong>multo</strong></span> <span class='ocrx_word' id='word_1_110' title='bbox 852 1614 1028 1684; x_wconf 77' lang='lat' dir='ltr'><strong>magis</strong></span> <span class='ocrx_word' id='word_1_111' title='bbox 1074 1627 1245 1683; x_wconf 88' lang='lat' dir='ltr'><strong>quam</strong></span> <span class='ocrx_word' id='word_1_112' title='bbox 1295 1619 1352 1665; x_wconf 91' lang='lat' dir='ltr'><strong>tu</strong></span> <span class='ocrx_word' id='word_1_113' title='bbox 1389 1611 1534 1664; x_wconf 89' lang='lat' dir='ltr'><strong>inter</strong></span> <span class='ocrx_word' id='word_1_114' title='bbox 1561 1605 1810 1662; x_wconf 85' lang='lat' dir='ltr'><strong>novitios</strong></span> <span class='ocrx_word' id='word_1_115' title='bbox 1839 1617 2039 1659; x_wconf 81' lang='lat' dir='ltr'><strong>nume-</strong></span> 
     </span>
    </p>
   </div>
   <div class='ocr_carea' id='block_1_20' title="bbox 444 1698 2038 1780">
    <p class='ocr_par' dir='ltr' id='par_1_20' title="bbox 444 1698 2038 1780">
     <span class='ocr_line' id='line_1_20' title="bbox 444 1698 2038 1780; baseline -0.01 -15"><span class='ocrx_word' id='word_1_116' title='bbox 444 1722 621 1774; x_wconf 75' lang='lat' dir='ltr'><strong>ratus,</strong></span> <span class='ocrx_word' id='word_1_117' title='bbox 664 1709 1109 1780; x_wconf 85' lang='lat' dir='ltr'><strong>presbyteratum</strong></span> <span class='ocrx_word' id='word_1_118' title='bbox 1162 1702 1502 1774; x_wconf 77' lang='lat' dir='ltr'><strong>magniticat,</strong></span> <span class='ocrx_word' id='word_1_119' title='bbox 1567 1699 1663 1756; x_wconf 89' lang='lat' dir='ltr'><strong>sed</strong></span> <span class='ocrx_word' id='word_1_120' title='bbox 1718 1698 1900 1753; x_wconf 89' lang='lat' dir='ltr'><strong>minor</strong></span> <span class='ocrx_word' id='word_1_121' title='bbox 1952 1702 2038 1751; x_wconf 84' lang='lat' dir='ltr'><strong>est</strong></span> 
     </span>
    </p>
   </div>
   <div class='ocr_carea' id='block_1_21' title="bbox 443 1787 2036 1873">
    <p class='ocr_par' dir='ltr' id='par_1_21' title="bbox 443 1787 2036 1873">
     <span class='ocr_line' id='line_1_21' title="bbox 443 1787 2036 1873; baseline -0.011 -15"><span class='ocrx_word' id='word_1_122' title='bbox 443 1800 710 1873; x_wconf 71' lang='lat' dir='ltr'><strong>perfecto,</strong></span> <span class='ocrx_word' id='word_1_123' title='bbox 743 1808 797 1856; x_wconf 92' lang='lat' dir='ltr'><strong>et</strong></span> <span class='ocrx_word' id='word_1_124' title='bbox 826 1799 1047 1870; x_wconf 88' lang='lat' dir='ltr'><strong>quidem</strong></span> <span class='ocrx_word' id='word_1_125' title='bbox 1100 1797 1264 1866; x_wconf 81' lang='lat' dir='ltr'><strong>longo</strong></span> <span class='ocrx_word' id='word_1_126' title='bbox 1294 1791 1602 1859; x_wconf 86' lang='lat' dir='ltr'><strong>intervallo,</strong></span> <span class='ocrx_word' id='word_1_127' title='bbox 1653 1801 1708 1846; x_wconf 90' lang='lat' dir='ltr'><strong>et</strong></span> <span class='ocrx_word' id='word_1_128' title='bbox 1756 1787 2036 1845; x_wconf 87' lang='lat' dir='ltr'><strong>nihilomi-</strong></span> 
     </span>
    </p>
   </div>
   <div class='ocr_carea' id='block_1_22' title="bbox 444 1881 2038 1960">
    <p class='ocr_par' dir='ltr' id='par_1_22' title="bbox 444 1881 2038 1960">
     <span class='ocr_line' id='line_1_22' title="bbox 444 1881 2038 1960; baseline -0.01 -10"><span class='ocrx_word' id='word_1_129' title='bbox 444 1909 549 1950; x_wconf 90' lang='lat' dir='ltr'><strong>nus</strong></span> <span class='ocrx_word' id='word_1_130' title='bbox 571 1892 828 1949; x_wconf 77' lang='lat' dir='ltr'><strong>eximiam</strong></span> <span class='ocrx_word' id='word_1_131' title='bbox 857 1891 1021 1946; x_wconf 85' lang='lat' dir='ltr'><strong>habet</strong></span> <span class='ocrx_word' id='word_1_132' title='bbox 1037 1888 1382 1960; x_wconf 83' lang='lat' dir='ltr'><strong>dignitatem.</strong></span> <span class='ocrx_word' id='word_1_133' title='bbox 1411 1885 1514 1954; x_wconf 86' lang='lat' dir='ltr'><strong>Qui</strong></span> <span class='ocrx_word' id='word_1_134' title='bbox 1548 1883 1692 1940; x_wconf 83' lang='lat' dir='ltr'><strong>enim</strong></span> <span class='ocrx_word' id='word_1_135' title='bbox 1714 1881 2038 1953; x_wconf 84' lang='lat' dir='ltr'><strong>simpliciter</strong></span> 
     </span>
    </p>
   </div>
   <div class='ocr_carea' id='block_1_23' title="bbox 446 1971 2039 2052">
    <p class='ocr_par' dir='ltr' id='par_1_23' title="bbox 446 1971 2039 2052">
     <span class='ocr_line' id='line_1_23' title="bbox 446 1971 2039 2052; baseline -0.009 -12"><span class='ocrx_word' id='word_1_136' title='bbox 446 1984 796 2040; x_wconf 77' lang='lat' dir='ltr'><strong>manteliatus</strong></span> <span class='ocrx_word' id='word_1_137' title='bbox 825 1990 910 2038; x_wconf 89' lang='lat' dir='ltr'><strong>est</strong></span> <span class='ocrx_word' id='word_1_138' title='bbox 961 1982 1168 2052; x_wconf 83' lang='lat' dir='ltr'><strong>absque</strong></span> <span class='ocrx_word' id='word_1_139' title='bbox 1213 1978 1384 2035; x_wconf 83' lang='lat' dir='ltr'><strong>dubio</strong></span> <span class='ocrx_word' id='word_1_140' title='bbox 1431 1975 1650 2032; x_wconf 85' lang='lat' dir='ltr'><strong>medius</strong></span> <span class='ocrx_word' id='word_1_141' title='bbox 1677 1982 1783 2028; x_wconf 90' lang='lat' dir='ltr'><strong>est.</strong></span> <span class='ocrx_word' id='word_1_142' title='bbox 1829 1972 1898 2028; x_wconf 83' lang='lat' dir='ltr'><strong>Et</strong></span> <span class='ocrx_word' id='word_1_143' title='bbox 1927 1971 2039 2026; x_wconf 76' lang='lat' dir='ltr'><strong>fere</strong></span> 
     </span>
    </p>
   </div>
   <div class='ocr_carea' id='block_1_24' title="bbox 452 2060 2041 2144">
    <p class='ocr_par' dir='ltr' id='par_1_24' title="bbox 452 2060 2041 2144">
     <span class='ocr_line' id='line_1_24' title="bbox 452 2060 2041 2144; baseline -0.01 -14"><span class='ocrx_word' id='word_1_144' title='bbox 452 2075 658 2137; x_wconf 82' lang='lat' dir='ltr'><strong>dicam,</strong></span> <span class='ocrx_word' id='word_1_145' title='bbox 687 2081 955 2144; x_wconf 87' lang='lat' dir='ltr'><strong>quantum</strong></span> <span class='ocrx_word' id='word_1_146' title='bbox 993 2085 1024 2126; x_wconf 87' lang='lat' dir='ltr'><strong>a</strong></span> <span class='ocrx_word' id='word_1_147' title='bbox 1055 2071 1296 2125; x_wconf 78' lang='lat' dir='ltr'><strong>maximo</strong></span> <span class='ocrx_word' id='word_1_148' title='bbox 1329 2065 1588 2130; x_wconf 83' lang='lat' dir='ltr'><strong>vincitur,</strong></span> <span class='ocrx_word' id='word_1_149' title='bbox 1611 2071 1822 2118; x_wconf 87' lang='lat' dir='ltr'><strong>tantum</strong></span> <span class='ocrx_word' id='word_1_150' title='bbox 1861 2060 2041 2116; x_wconf 87' lang='lat' dir='ltr'><strong>minor</strong></span> 
     </span>
    </p>
   </div>
   <div class='ocr_carea' id='block_1_25' title="bbox 451 2151 2038 2232">
    <p class='ocr_par' dir='ltr' id='par_1_25' title="bbox 451 2151 2038 2232">
     <span class='ocr_line' id='line_1_25' title="bbox 451 2151 2038 2232; baseline -0.008 -16"><span class='ocrx_word' id='word_1_151' title='bbox 451 2172 505 2217; x_wconf 89' lang='lat' dir='ltr'><strong>te</strong></span> <span class='ocrx_word' id='word_1_152' title='bbox 531 2171 636 2219; x_wconf 83' lang='lat' dir='ltr'><strong>est.</strong></span> <span class='ocrx_word' id='word_1_153' title='bbox 671 2163 728 2217; x_wconf 79' lang='lat' dir='ltr'><strong>Si</strong></span> <span class='ocrx_word' id='word_1_154' title='bbox 761 2162 973 2232; x_wconf 87' lang='lat' dir='ltr'><strong>apicem</strong></span> <span class='ocrx_word' id='word_1_155' title='bbox 1005 2160 1060 2215; x_wconf 91' lang='lat' dir='ltr'><strong>in</strong></span> <span class='ocrx_word' id='word_1_156' title='bbox 1111 2158 1344 2232; x_wconf 86' lang='lat' dir='ltr'><strong>quadam</strong></span> <span class='ocrx_word' id='word_1_157' title='bbox 1376 2155 1725 2212; x_wconf 76' lang='lat' dir='ltr'><strong>fraternitate</strong></span> <span class='ocrx_word' id='word_1_158' title='bbox 1776 2151 2038 2221; x_wconf 72' lang='lat' dir='ltr'><strong>attigerit,</strong></span> 
     </span>
    </p>
   </div>
   <div class='ocr_carea' id='block_1_26' title="bbox 448 2246 2045 2318">
    <p class='ocr_par' dir='ltr' id='par_1_26' title="bbox 448 2246 2045 2318">
     <span class='ocr_line' id='line_1_26' title="bbox 448 2246 2045 2318; baseline -0.008 -8"><span class='ocrx_word' id='word_1_159' title='bbox 448 2268 558 2310; x_wconf 91' lang='lat' dir='ltr'><strong>non</strong></span> <span class='ocrx_word' id='word_1_160' title='bbox 587 2255 656 2310; x_wconf 92' lang='lat' dir='ltr'><strong>ob</strong></span> <span class='ocrx_word' id='word_1_161' title='bbox 683 2253 736 2308; x_wconf 90' lang='lat' dir='ltr'><strong>id</strong></span> <span class='ocrx_word' id='word_1_162' title='bbox 765 2256 868 2308; x_wconf 89' lang='lat' dir='ltr'><strong>erit</strong></span> <span class='ocrx_word' id='word_1_163' title='bbox 917 2253 1150 2316; x_wconf 88' lang='lat' dir='ltr'><strong>medius,</strong></span> <span class='ocrx_word' id='word_1_164' title='bbox 1198 2267 1306 2306; x_wconf 86' lang='lat' dir='ltr'><strong>una</strong></span> <span class='ocrx_word' id='word_1_165' title='bbox 1343 2266 1505 2306; x_wconf 88' lang='lat' dir='ltr'><strong>manu</strong></span> <span class='ocrx_word' id='word_1_166' title='bbox 1539 2249 1694 2318; x_wconf 80' lang='lat' dir='ltr'><strong>quasi</strong></span> <span class='ocrx_word' id='word_1_167' title='bbox 1724 2246 1942 2302; x_wconf 72' lang='lat' dir='ltr'><strong>excelsa</strong></span> <span class='ocrx_word' id='word_1_168' title='bbox 1963 2252 2045 2299; x_wconf 85' lang='lat' dir='ltr'><strong>at-</strong></span> 
     </span>
    </p>
   </div>
   <div class='ocr_carea' id='block_1_27' title="bbox 451 2337 2044 2416">
    <p class='ocr_par' dir='ltr' id='par_1_27' title="bbox 451 2337 2044 2416">
     <span class='ocr_line' id='line_1_27' title="bbox 451 2337 2044 2416; baseline -0.006 -14"><span class='ocrx_word' id='word_1_169' title='bbox 451 2348 690 2416; x_wconf 74' lang='lat' dir='ltr'><strong>tingens,</strong></span> <span class='ocrx_word' id='word_1_170' title='bbox 721 2355 777 2402; x_wconf 87' lang='lat' dir='ltr'><strong>et</strong></span> <span class='ocrx_word' id='word_1_171' title='bbox 811 2347 985 2401; x_wconf 82' lang='lat' dir='ltr'><strong>altera</strong></span> <span class='ocrx_word' id='word_1_172' title='bbox 1017 2347 1177 2414; x_wconf 78' lang='lat' dir='ltr'><strong>plane</strong></span> <span class='ocrx_word' id='word_1_173' title='bbox 1203 2344 1430 2400; x_wconf 81' lang='lat' dir='ltr'><strong>humilia</strong></span> <span class='ocrx_word' id='word_1_174' title='bbox 1461 2357 1528 2398; x_wconf 79' lang='lat' dir='ltr'><strong>ex</strong></span> <span class='ocrx_word' id='word_1_175' title='bbox 1555 2342 1868 2397; x_wconf 83' lang='lat' dir='ltr'><strong>initiatione</strong></span> <span class='ocrx_word' id='word_1_176' title='bbox 1898 2337 2044 2394; x_wconf 82' lang='lat' dir='ltr'><strong>acci-</strong></span> 
     </span>
    </p>
   </div>
   <div class='ocr_carea' id='block_1_28' title="bbox 453 2433 2045 2507">
    <p class='ocr_par' dir='ltr' id='par_1_28' title="bbox 453 2433 2045 2507">
     <span class='ocr_line' id='line_1_28' title="bbox 453 2433 2045 2507; baseline -0.002 -15"><span class='ocrx_word' id='word_1_177' title='bbox 453 2439 628 2507; x_wconf 83' lang='lat' dir='ltr'><strong>piens;</strong></span> <span class='ocrx_word' id='word_1_178' title='bbox 665 2439 762 2495; x_wconf 89' lang='lat' dir='ltr'><strong>sed</strong></span> <span class='ocrx_word' id='word_1_179' title='bbox 791 2455 1085 2494; x_wconf 87' lang='lat' dir='ltr'><strong>commune</strong></span> <span class='ocrx_word' id='word_1_180' title='bbox 1121 2439 1358 2494; x_wconf 86' lang='lat' dir='ltr'><strong>medium</strong></span> <span class='ocrx_word' id='word_1_181' title='bbox 1387 2435 1755 2502; x_wconf 86' lang='lat' dir='ltr'><strong>transcendit,</strong></span> <span class='ocrx_word' id='word_1_182' title='bbox 1781 2433 1849 2495; x_wconf 90' lang='lat' dir='ltr'><strong>ad</strong></span> <span class='ocrx_word' id='word_1_183' title='bbox 1886 2433 2045 2489; x_wconf 88' lang='lat' dir='ltr'><strong>altis-</strong></span> 
     </span>
    </p>
   </div>
   <div class='ocr_carea' id='block_1_29' title="bbox 455 2528 2046 2602">
    <p class='ocr_par' dir='ltr' id='par_1_29' title="bbox 455 2528 2046 2602">
     <span class='ocr_line' id='line_1_29' title="bbox 455 2528 2046 2602; baseline -0.003 -16"><span class='ocrx_word' id='word_1_184' title='bbox 455 2533 658 2586; x_wconf 79' lang='lat' dir='ltr'><strong>simum</strong></span> <span class='ocrx_word' id='word_1_185' title='bbox 719 2533 868 2586; x_wconf 79' lang='lat' dir='ltr'><strong>venit</strong></span> <span class='ocrx_word' id='word_1_186' title='bbox 901 2544 956 2587; x_wconf 89' lang='lat' dir='ltr'><strong>et</strong></span> <span class='ocrx_word' id='word_1_187' title='bbox 1015 2545 1128 2586; x_wconf 91' lang='lat' dir='ltr'><strong>uno</strong></span> <span class='ocrx_word' id='word_1_188' title='bbox 1157 2531 1329 2602; x_wconf 80' lang='lat' dir='ltr'><strong>gradu</strong></span> <span class='ocrx_word' id='word_1_189' title='bbox 1382 2529 1702 2586; x_wconf 65' lang='lat' dir='ltr'><strong>caelestibus</strong></span> <span class='ocrx_word' id='word_1_190' title='bbox 1749 2528 1932 2582; x_wconf 90' lang='lat' dir='ltr'><strong>minor</strong></span> <span class='ocrx_word' id='word_1_191' title='bbox 1963 2535 2046 2584; x_wconf 87' lang='lat' dir='ltr'><strong>est</strong></span> 
     </span>
    </p>
   </div>
   <div class='ocr_carea' id='block_1_30' title="bbox 459 2621 2049 2692">
    <p class='ocr_par' dir='ltr' id='par_1_30' title="bbox 459 2621 2049 2692">
     <span class='ocr_line' id='line_1_30' title="bbox 459 2621 2049 2692; baseline 0 -16"><span class='ocrx_word' id='word_1_192' title='bbox 459 2633 686 2692; x_wconf 83' lang='lat' dir='ltr'><strong>propter</strong></span> <span class='ocrx_word' id='word_1_193' title='bbox 719 2624 1153 2679; x_wconf 85' lang='lat' dir='ltr'><strong>machinationes</strong></span> <span class='ocrx_word' id='word_1_194' title='bbox 1187 2623 1321 2679; x_wconf 89' lang='lat' dir='ltr'><strong>satis</strong></span> <span class='ocrx_word' id='word_1_195' title='bbox 1355 2622 1609 2688; x_wconf 79' lang='lat' dir='ltr'><strong>dolosas;</strong></span> <span class='ocrx_word' id='word_1_196' title='bbox 1633 2631 1688 2676; x_wconf 91' lang='lat' dir='ltr'><strong>et</strong></span> <span class='ocrx_word' id='word_1_197' title='bbox 1713 2621 1928 2678; x_wconf 87' lang='lat' dir='ltr'><strong>duabus</strong></span> <span class='ocrx_word' id='word_1_198' title='bbox 1955 2635 2049 2676; x_wconf 84' lang='lat' dir='ltr'><strong>ve-</strong></span> 
     </span>
    </p>
   </div>
   <div class='ocr_carea' id='block_1_31' title="bbox 457 2703 2047 2785">
    <p class='ocr_par' dir='ltr' id='par_1_31' title="bbox 457 2703 2047 2785">
     <span class='ocr_line' id='line_1_31' title="bbox 457 2703 2047 2785; baseline -0.001 -17"><span class='ocrx_word' id='word_1_199' title='bbox 457 2703 558 2769; x_wconf 85' lang='lat' dir='ltr'><strong>Iuti</strong></span> <span class='ocrx_word' id='word_1_200' title='bbox 595 2715 724 2778; x_wconf 87' lang='lat' dir='ltr'><strong>alis,</strong></span> <span class='ocrx_word' id='word_1_201' title='bbox 761 2717 1022 2770; x_wconf 87' lang='lat' dir='ltr'><strong>mantello</strong></span> <span class='ocrx_word' id='word_1_202' title='bbox 1051 2723 1106 2769; x_wconf 91' lang='lat' dir='ltr'><strong>et</strong></span> <span class='ocrx_word' id='word_1_203' title='bbox 1135 2715 1386 2785; x_wconf 76' lang='lat' dir='ltr'><strong>imperio,</strong></span> <span class='ocrx_word' id='word_1_204' title='bbox 1423 2713 1670 2785; x_wconf 77' lang='lat' dir='ltr'><strong>proxime</strong></span> <span class='ocrx_word' id='word_1_205' title='bbox 1699 2714 1765 2768; x_wconf 90' lang='lat' dir='ltr'><strong>ad</strong></span> <span class='ocrx_word' id='word_1_206' title='bbox 1790 2727 2047 2782; x_wconf 76' lang='lat' dir='ltr'><strong>magnum</strong></span> 
     </span>
    </p>
   </div>
   <div class='ocr_carea' id='block_1_32' title="bbox 452 2805 2050 2874">
    <p class='ocr_par' dir='ltr' id='par_1_32' title="bbox 452 2805 2050 2874">
     <span class='ocr_line' id='line_1_32' title="bbox 452 2805 2050 2874; baseline 0.001 -16"><span class='ocrx_word' id='word_1_207' title='bbox 452 2805 789 2865; x_wconf 77' lang='lat' dir='ltr'><strong>momehum</strong></span> <span class='ocrx_word' id='word_1_208' title='bbox 813 2805 1109 2862; x_wconf 52' lang='lat' dir='ltr'><strong>evolatuEt</strong></span> <span class='ocrx_word' id='word_1_209' title='bbox 1131 2813 1265 2862; x_wconf 83' lang='lat' dir='ltr'><strong>tunc</strong></span> <span class='ocrx_word' id='word_1_210' title='bbox 1297 2808 1425 2861; x_wconf 89' lang='lat' dir='ltr'><strong>huic</strong></span> <span class='ocrx_word' id='word_1_211' title='bbox 1456 2806 1584 2861; x_wconf 91' lang='lat' dir='ltr'><strong>licet</strong></span> <span class='ocrx_word' id='word_1_212' title='bbox 1618 2805 1686 2860; x_wconf 87' lang='lat' dir='ltr'><strong>de</strong></span> <span class='ocrx_word' id='word_1_213' title='bbox 1712 2805 1882 2874; x_wconf 75' lang='lat' dir='ltr'><strong>gloria</strong></span> <span class='ocrx_word' id='word_1_214' title='bbox 1908 2805 2050 2860; x_wconf 84' lang='lat' dir='ltr'><strong>etde</strong></span> 
     </span>
    </p>
   </div>
   <div class='ocr_carea' id='block_1_33' title="bbox 463 2895 2050 2969">
    <p class='ocr_par' dir='ltr' id='par_1_33' title="bbox 463 2895 2050 2969">
     <span class='ocr_line' id='line_1_33' title="bbox 463 2895 2050 2969; baseline 0.001 -19"><span class='ocrx_word' id='word_1_215' title='bbox 463 2895 726 2968; x_wconf 70' lang='lat' dir='ltr'><strong>dignitate</strong></span> <span class='ocrx_word' id='word_1_216' title='bbox 739 2913 863 2954; x_wconf 89' lang='lat' dir='ltr'><strong>cum</strong></span> <span class='ocrx_word' id='word_1_217' title='bbox 887 2900 983 2955; x_wconf 91' lang='lat' dir='ltr'><strong>illo</strong></span> <span class='ocrx_word' id='word_1_218' title='bbox 1000 2900 1334 2956; x_wconf 77' lang='lat' dir='ltr'><strong>contendere</strong></span> <span class='ocrx_word' id='word_1_219' title='bbox 1353 2900 1605 2966; x_wconf 80' lang='lat' dir='ltr'><strong>ﬁdenter,</strong></span> <span class='ocrx_word' id='word_1_220' title='bbox 1624 2899 1716 2969; x_wconf 90' lang='lat' dir='ltr'><strong>qui</strong></span> <span class='ocrx_word' id='word_1_221' title='bbox 1744 2900 1880 2954; x_wconf 90' lang='lat' dir='ltr'><strong>istas</strong></span> <span class='ocrx_word' id='word_1_222' title='bbox 1901 2905 2050 2952; x_wconf 87' lang='lat' dir='ltr'><strong>amat</strong></span> 
     </span>
    </p>
   </div>
   <div class='ocr_carea' id='block_1_34' title="bbox 459 2987 2044 3061">
    <p class='ocr_par' dir='ltr' id='par_1_34' title="bbox 459 2987 2044 3061">
     <span class='ocr_line' id='line_1_34' title="bbox 459 2987 2044 3061; baseline 0.002 -20"><span class='ocrx_word' id='word_1_223' title='bbox 459 2990 791 3056; x_wconf 68' lang='lat' dir='ltr'><strong>quaestiones</strong></span> <span class='ocrx_word' id='word_1_224' title='bbox 815 2997 870 3043; x_wconf 92' lang='lat' dir='ltr'><strong>et</strong></span> <span class='ocrx_word' id='word_1_225' title='bbox 902 2989 1115 3044; x_wconf 85' lang='lat' dir='ltr'><strong>invenit</strong></span> <span class='ocrx_word' id='word_1_226' title='bbox 1156 3000 1480 3061; x_wconf 75' lang='lat' dir='ltr'><strong>argumenta</strong></span> <span class='ocrx_word' id='word_1_227' title='bbox 1511 2989 1802 3059; x_wconf 79' lang='lat' dir='ltr'><strong>probantis</strong></span> <span class='ocrx_word' id='word_1_228' title='bbox 1839 2987 2044 3059; x_wconf 89' lang='lat' dir='ltr'><strong>quibus</strong></span> 
     </span>
    </p>
   </div>
   <div class='ocr_carea' id='block_1_35' title="bbox 2129 478 3724 553">
    <p class='ocr_par' dir='ltr' id='par_1_35' title="bbox 2129 478 3724 553">
     <span class='ocr_line' id='line_1_35' title="bbox 2129 478 3724 553; baseline -0.006 -15"><span class='ocrx_word' id='word_1_229' title='bbox 2129 482 2443 553; x_wconf 81' lang='grc' dir='ltr'><strong>ἀδελφικῶς</strong></span> <span class='ocrx_word' id='word_1_230' title='bbox 2474 482 2613 552; x_wconf 80' lang='grc' dir='ltr'><strong>πρὸς</strong></span> <span class='ocrx_word' id='word_1_231' title='bbox 2639 481 2904 551; x_wconf 75' lang='grc' dir='ltr'><strong>ἀφέλειαν</strong></span> <span class='ocrx_word' id='word_1_232' title='bbox 2936 480 3217 534; x_wconf 81' lang='grc' dir='ltr'><strong>ἀναϐαίνω</strong></span> <span class='ocrx_word' id='word_1_233' title='bbox 3238 480 3374 551; x_wconf 78' lang='grc' dir='ltr'><strong>πρὸς</strong></span> <span class='ocrx_word' id='word_1_234' title='bbox 3394 479 3491 534; x_wconf 77' lang='grc' dir='ltr'><strong>τὸν</strong></span> <span class='ocrx_word' id='word_1_235' title='bbox 3515 478 3724 549; x_wconf 75' lang='grc' dir='ltr'><strong>ὑψηλόο</strong></span> 
     </span>
    </p>
   </div>
   <div class='ocr_carea' id='block_1_36' title="bbox 2129 573 3730 646">
    <p class='ocr_par' dir='ltr' id='par_1_36' title="bbox 2129 573 3730 646">
     <span class='ocr_line' id='line_1_36' title="bbox 2129 573 3730 646; baseline -0.001 -16"><span class='ocrx_word' id='word_1_236' title='bbox 2129 593 2310 646; x_wconf 82' lang='grc' dir='ltr'><strong>τερον,</strong></span> <span class='ocrx_word' id='word_1_237' title='bbox 2341 575 2434 629; x_wconf 79' lang='grc' dir='ltr'><strong>τὸν</strong></span> <span class='ocrx_word' id='word_1_238' title='bbox 2461 575 2648 629; x_wconf 81' lang='grc' dir='ltr'><strong>οὐκέτι</strong></span> <span class='ocrx_word' id='word_1_239' title='bbox 2685 575 2830 628; x_wconf 87' lang='grc' dir='ltr'><strong>κατά</strong></span> <span class='ocrx_word' id='word_1_240' title='bbox 2863 574 2921 627; x_wconf 86' lang='grc' dir='ltr'><strong>σέ</strong></span> <span class='ocrx_word' id='word_1_241' title='bbox 2946 573 3102 643; x_wconf 75' lang='grc' dir='ltr'><strong>ψιλὸν</strong></span> <span class='ocrx_word' id='word_1_242' title='bbox 3130 575 3360 645; x_wconf 78' lang='grc' dir='ltr'><strong>ὁπλίτην</strong></span> <span class='ocrx_word' id='word_1_243' title='bbox 3385 573 3545 637; x_wconf 77' lang='grc' dir='ltr'><strong>Θεοῦ,</strong></span> <span class='ocrx_word' id='word_1_244' title='bbox 3589 573 3730 628; x_wconf 65' lang='grc' dir='ltr'><strong>ἀλλά</strong></span> 
     </span>
    </p>
   </div>
   <div class='ocr_carea' id='block_1_37' title="bbox 2132 664 3732 740">
    <p class='ocr_par' dir='ltr' id='par_1_37' title="bbox 2132 664 3732 740">
     <span class='ocr_line' id='line_1_37' title="bbox 2132 664 3732 740; baseline -0.002 -20"><span class='ocrx_word' id='word_1_245' title='bbox 2132 669 2238 740; x_wconf 72' lang='grc' dir='ltr'><strong>ἥδη</strong></span> <span class='ocrx_word' id='word_1_246' title='bbox 2262 669 2360 723; x_wconf 75' lang='grc' dir='ltr'><strong>καὶ</strong></span> <span class='ocrx_word' id='word_1_247' title='bbox 2385 665 2826 737; x_wconf 78' lang='grc' dir='ltr'><strong>θωρακισθέντα,</strong></span> <span class='ocrx_word' id='word_1_248' title='bbox 2851 667 2950 719; x_wconf 77' lang='grc' dir='ltr'><strong>καὶ</strong></span> <span class='ocrx_word' id='word_1_249' title='bbox 2976 664 3144 735; x_wconf 79' lang='grc' dir='ltr'><strong>εὐχὴν</strong></span> <span class='ocrx_word' id='word_1_250' title='bbox 3169 664 3465 734; x_wconf 79' lang='grc' dir='ltr'>δεξάμενον</span> <span class='ocrx_word' id='word_1_251' title='bbox 3502 681 3732 735; x_wconf 71' lang='grc' dir='ltr'><strong>μορφωο</strong></span> 
     </span>
    </p>
   </div>
   <div class='ocr_carea' id='block_1_38' title="bbox 2133 757 3727 831">
    <p class='ocr_par' dir='ltr' id='par_1_38' title="bbox 2133 757 3727 831">
     <span class='ocr_line' id='line_1_38' title="bbox 2133 757 3727 831; baseline -0.004 -16"><span class='ocrx_word' id='word_1_252' title='bbox 2133 761 2294 831; x_wconf 84' lang='grc' dir='ltr'><strong>θῆναι</strong></span> <span class='ocrx_word' id='word_1_253' title='bbox 2313 761 2380 814; x_wconf 78' lang='grc' dir='ltr'><strong>δι’</strong></span> <span class='ocrx_word' id='word_1_254' title='bbox 2404 760 2586 831; x_wconf 74' lang='grc' dir='ltr'><strong>ἔργων</strong></span> <span class='ocrx_word' id='word_1_255' title='bbox 2612 759 2836 828; x_wconf 81' lang='grc' dir='ltr'><strong>ἀγαθῶν</strong></span> <span class='ocrx_word' id='word_1_256' title='bbox 2855 760 2912 810; x_wconf 82' lang='grc' dir='ltr'><strong>ἐν</strong></span> <span class='ocrx_word' id='word_1_257' title='bbox 2933 758 3084 829; x_wconf 87' lang='grc' dir='ltr'><strong>αύτῷ</strong></span> <span class='ocrx_word' id='word_1_258' title='bbox 3112 757 3192 828; x_wconf 86' lang='grc' dir='ltr'><strong>τῷ</strong></span> <span class='ocrx_word' id='word_1_259' title='bbox 3228 758 3444 831; x_wconf 79' lang='grc' dir='ltr'><strong>Σωτῆρι</strong></span> <span class='ocrx_word' id='word_1_260' title='bbox 3475 757 3727 828; x_wconf 71' lang='grc' dir='ltr'><strong>Χριστῷ,</strong></span> 
     </span>
    </p>
   </div>
   <div class='ocr_carea' id='block_1_39' title="bbox 2134 844 3730 930">
    <p class='ocr_par' dir='ltr' id='par_1_39' title="bbox 2134 844 3730 930">
     <span class='ocr_line' id='line_1_39' title="bbox 2134 844 3730 930; baseline -0.003 -24"><span class='ocrx_word' id='word_1_261' title='bbox 2134 855 2230 907; x_wconf 79' lang='grc' dir='ltr'><strong>καὶ</strong></span> <span class='ocrx_word' id='word_1_262' title='bbox 2265 852 2466 907; x_wconf 77' lang='grc' dir='ltr'><strong>αὐτίκα</strong></span> <span class='ocrx_word' id='word_1_263' title='bbox 2500 851 2908 923; x_wconf 78' lang='grc' dir='ltr'><strong>σημειωθέντα,</strong></span> <span class='ocrx_word' id='word_1_264' title='bbox 2962 844 3045 916; x_wconf 77' lang='grc' dir='ltr'><strong>οἷς</strong></span> <span class='ocrx_word' id='word_1_265' title='bbox 3081 853 3161 911; x_wconf 86' lang='grc' dir='ltr'><strong>εἰς</strong></span> <span class='ocrx_word' id='word_1_266' title='bbox 3194 850 3504 930; x_wconf 55' lang='grc' dir='ltr'><strong>ὄνομα,τῆς</strong></span> <span class='ocrx_word' id='word_1_267' title='bbox 3563 851 3730 915; x_wconf 61' lang='grc' dir='ltr'><strong>ἁγίας</strong></span> 
     </span>
    </p>
   </div>
   <div class='ocr_carea' id='block_1_40' title="bbox 2133 923 3806 1018">
    <p class='ocr_par' dir='ltr' id='par_1_40' title="bbox 2133 923 3806 1018">
     <span class='ocr_line' id='line_1_40' title="bbox 2133 923 3806 1018; baseline -0.004 -20"><span class='ocrx_word' id='word_1_268' title='bbox 2133 945 2368 1018; x_wconf 83' lang='grc' dir='ltr'><strong>Τριάδος</strong></span> <span class='ocrx_word' id='word_1_269' title='bbox 2400 944 2637 1000; x_wconf 81' lang='grc' dir='ltr'><strong>ἀπέθετο</strong></span> <span class='ocrx_word' id='word_1_270' title='bbox 2666 945 2765 1016; x_wconf 85' lang='grc' dir='ltr'><strong>τὴν</strong></span> <span class='ocrx_word' id='word_1_271' title='bbox 2785 943 3051 1014; x_wconf 80' lang='grc' dir='ltr'><strong>περιττὴν</strong></span> <span class='ocrx_word' id='word_1_272' title='bbox 3083 943 3250 1014; x_wconf 80' lang='grc' dir='ltr'><strong>τρίχα</strong></span> <span class='ocrx_word' id='word_1_273' title='bbox 3276 943 3351 1006; x_wconf 79' lang='grc' dir='ltr'><strong>ὡς</strong></span> <span class='ocrx_word' id='word_1_274' title='bbox 3373 923 3479 996; x_wconf 59' lang='grc' dir='ltr'><strong>’ἐπὶ</strong></span> <span class='ocrx_word' id='word_1_275' title='bbox 3511 942 3728 1002; x_wconf 80' lang='grc' dir='ltr'><strong>πένθει,</strong></span> <span class='ocrx_word' id='word_1_276' title='bbox 3795 923 3806 943; x_wconf 53' lang='grc'><strong><em>³</em></strong></span> 
     </span>
    </p>
   </div>
   <div class='ocr_carea' id='block_1_41' title="bbox 2134 1035 3734 1110">
    <p class='ocr_par' dir='ltr' id='par_1_41' title="bbox 2134 1035 3734 1110">
     <span class='ocr_line' id='line_1_41' title="bbox 2134 1035 3734 1110; baseline -0.004 -17"><span class='ocrx_word' id='word_1_277' title='bbox 2134 1041 2232 1094; x_wconf 75' lang='grc' dir='ltr'><strong>καὶ</strong></span> <span class='ocrx_word' id='word_1_278' title='bbox 2263 1039 2357 1093; x_wconf 72' lang='grc' dir='ltr'><strong>τὸν</strong></span> <span class='ocrx_word' id='word_1_279' title='bbox 2399 1038 2547 1110; x_wconf 79' lang='grc' dir='ltr'><strong>ἱερὸν</strong></span> <span class='ocrx_word' id='word_1_280' title='bbox 2579 1037 2823 1109; x_wconf 84' lang='grc' dir='ltr'><strong>μανδύαν</strong></span> <span class='ocrx_word' id='word_1_281' title='bbox 2861 1039 2964 1092; x_wconf 83' lang='grc' dir='ltr'><strong>ὅσα</strong></span> <span class='ocrx_word' id='word_1_282' title='bbox 2992 1037 3086 1092; x_wconf 70' lang='grc' dir='ltr'><strong>καὶ</strong></span> <span class='ocrx_word' id='word_1_283' title='bbox 3109 1036 3339 1106; x_wconf 82' lang='grc' dir='ltr'><strong>θώρακα</strong></span> <span class='ocrx_word' id='word_1_284' title='bbox 3366 1035 3602 1107; x_wconf 71' lang='grc' dir='ltr'><strong>στερρὸν</strong></span> <span class='ocrx_word' id='word_1_285' title='bbox 3632 1053 3734 1088; x_wconf 83' lang='grc' dir='ltr'><strong>πε-</strong></span> 
     </span>
    </p>
   </div>
   <div class='ocr_carea' id='block_1_42' title="bbox 2140 1125 3732 1205">
    <p class='ocr_par' dir='ltr' id='par_1_42' title="bbox 2140 1125 3732 1205">
     <span class='ocr_line' id='line_1_42' title="bbox 2140 1125 3732 1205; baseline -0.004 -21"><span class='ocrx_word' id='word_1_286' title='bbox 2140 1131 2454 1205; x_wconf 85' lang='grc' dir='ltr'><strong>ριθέμενον,</strong></span> <span class='ocrx_word' id='word_1_287' title='bbox 2489 1129 2587 1185; x_wconf 71' lang='grc' dir='ltr'><strong>καὶ</strong></span> <span class='ocrx_word' id='word_1_288' title='bbox 2607 1129 2754 1184; x_wconf 80' lang='grc' dir='ltr'><strong>οὓτω</strong></span> <span class='ocrx_word' id='word_1_289' title='bbox 2784 1130 2952 1201; x_wconf 87' lang='grc' dir='ltr'><strong>μέσον</strong></span> <span class='ocrx_word' id='word_1_290' title='bbox 2973 1125 3086 1184; x_wconf 78' lang='grc' dir='ltr'><strong>οἷον</strong></span> <span class='ocrx_word' id='word_1_291' title='bbox 3115 1128 3254 1184; x_wconf 79' lang='grc' dir='ltr'><strong>Θεοῦ</strong></span> <span class='ocrx_word' id='word_1_292' title='bbox 3283 1131 3378 1183; x_wconf 76' lang='grc' dir='ltr'><strong>καὶ</strong></span> <span class='ocrx_word' id='word_1_293' title='bbox 3410 1130 3512 1182; x_wconf 85' lang='grc' dir='ltr'><strong>ἀνθ</strong></span> <span class='ocrx_word' id='word_1_294' title='bbox 3524 1129 3732 1199; x_wconf 81' lang='grc' dir='ltr'><strong>ρώπων</strong></span> 
     </span>
    </p>
   </div>
   <div class='ocr_carea' id='block_1_43' title="bbox 2135 1221 3734 1294">
    <p class='ocr_par' dir='ltr' id='par_1_43' title="bbox 2135 1221 3734 1294">
     <span class='ocr_line' id='line_1_43' title="bbox 2135 1221 3734 1294; baseline 0 -18"><span class='ocrx_word' id='word_1_295' title='bbox 2135 1225 2432 1294; x_wconf 84' lang='grc' dir='ltr'><strong>γενόμενον</strong></span> <span class='ocrx_word' id='word_1_296' title='bbox 2457 1237 2473 1254; x_wconf 89' lang='grc'><strong>·</strong></span> <span class='ocrx_word' id='word_1_297' title='bbox 2504 1221 2664 1290; x_wconf 80' lang='grc' dir='ltr'><strong>Θεοῦ,</strong></span> <span class='ocrx_word' id='word_1_298' title='bbox 2699 1221 2796 1278; x_wconf 82' lang='grc' dir='ltr'><strong>τοῦ</strong></span> <span class='ocrx_word' id='word_1_299' title='bbox 2836 1222 3026 1277; x_wconf 80' lang='grc' dir='ltr'><strong>ἐνθέου</strong></span> <span class='ocrx_word' id='word_1_300' title='bbox 3055 1223 3550 1294; x_wconf 68' lang='grc' dir='ltr'><strong>μεγαλοσχήμονος</strong></span> <span class='ocrx_word' id='word_1_301' title='bbox 3580 1240 3596 1254; x_wconf 78' lang='grc' dir='ltr'><strong>ο</strong></span> <span class='ocrx_word' id='word_1_302' title='bbox 3630 1226 3734 1276; x_wconf 81' lang='grc' dir='ltr'><strong>ἁν-</strong></span> 
     </span>
    </p>
   </div>
   <div class='ocr_carea' id='block_1_44' title="bbox 2137 1315 3736 1389">
    <p class='ocr_par' dir='ltr' id='par_1_44' title="bbox 2137 1315 3736 1389">
     <span class='ocr_line' id='line_1_44' title="bbox 2137 1315 3736 1389; baseline -0.004 -17"><span class='ocrx_word' id='word_1_303' title='bbox 2137 1318 2394 1388; x_wconf 84' lang='grc' dir='ltr'><strong>θρώπων,</strong></span> <span class='ocrx_word' id='word_1_304' title='bbox 2436 1316 2545 1370; x_wconf 81' lang='grc' dir='ltr'><strong>τῶν</strong></span> <span class='ocrx_word' id='word_1_305' title='bbox 2581 1317 2662 1372; x_wconf 80' lang='grc' dir='ltr'><strong>ἐτι</strong></span> <span class='ocrx_word' id='word_1_306' title='bbox 2708 1316 3008 1389; x_wconf 80' lang='grc' dir='ltr'><strong>κατωτέρω</strong></span> <span class='ocrx_word' id='word_1_307' title='bbox 3050 1315 3142 1370; x_wconf 78' lang='grc' dir='ltr'><strong>διὰ</strong></span> <span class='ocrx_word' id='word_1_308' title='bbox 3173 1316 3574 1384; x_wconf 78' lang='grc' dir='ltr'><strong>είσαγωγικῆς,</strong></span> <span class='ocrx_word' id='word_1_309' title='bbox 3633 1315 3736 1369; x_wconf 70' lang='grc' dir='ltr'><strong>καὶ</strong></span> 
     </span>
    </p>
   </div>
   <div class='ocr_carea' id='block_1_45' title="bbox 2140 1408 3728 1483">
    <p class='ocr_par' dir='ltr' id='par_1_45' title="bbox 2140 1408 3728 1483">
     <span class='ocr_line' id='line_1_45' title="bbox 2140 1408 3728 1483; baseline -0.003 -18"><span class='ocrx_word' id='word_1_310' title='bbox 2140 1413 2532 1483; x_wconf 79' lang='grc' dir='ltr'><strong>στρεφομένων</strong></span> <span class='ocrx_word' id='word_1_311' title='bbox 2567 1411 2700 1482; x_wconf 77' lang='grc' dir='ltr'><strong>περὶ</strong></span> <span class='ocrx_word' id='word_1_312' title='bbox 2729 1410 2858 1472; x_wconf 79' lang='grc' dir='ltr'><strong>τοὺς</strong></span> <span class='ocrx_word' id='word_1_313' title='bbox 2907 1411 3010 1478; x_wconf 78' lang='grc' dir='ltr'><strong>τῆς</strong></span> <span class='ocrx_word' id='word_1_314' title='bbox 3043 1411 3248 1480; x_wconf 78' lang='grc' dir='ltr'><strong>ἀρετῆς</strong></span> <span class='ocrx_word' id='word_1_315' title='bbox 3298 1409 3588 1480; x_wconf 79' lang='grc' dir='ltr'><strong>πρόποδας</strong></span> <span class='ocrx_word' id='word_1_316' title='bbox 3615 1425 3627 1436; x_wconf 93' lang='grc'><strong>·</strong></span> <span class='ocrx_word' id='word_1_317' title='bbox 3663 1408 3728 1470; x_wconf 71' lang='grc' dir='ltr'><strong>ὃς</strong></span> 
     </span>
    </p>
   </div>
   <div class='ocr_carea' id='block_1_46' title="bbox 2135 1501 3734 1574">
    <p class='ocr_par' dir='ltr' id='par_1_46' title="bbox 2135 1501 3734 1574">
     <span class='ocr_line' id='line_1_46' title="bbox 2135 1501 3734 1574; baseline -0.002 -17"><span class='ocrx_word' id='word_1_318' title='bbox 2135 1503 2215 1573; x_wconf 85' lang='grc' dir='ltr'><strong>τῷ</strong></span> <span class='ocrx_word' id='word_1_319' title='bbox 2259 1503 2362 1572; x_wconf 75' lang='grc' dir='ltr'><strong>τῆς</strong></span> <span class='ocrx_word' id='word_1_320' title='bbox 2395 1503 2697 1573; x_wconf 81' lang='grc' dir='ltr'><strong>μεσότητος</strong></span> <span class='ocrx_word' id='word_1_321' title='bbox 2749 1501 2893 1572; x_wconf 88' lang='grc' dir='ltr'><strong>λόγῳ</strong></span> <span class='ocrx_word' id='word_1_322' title='bbox 2923 1503 3268 1574; x_wconf 81' lang='grc' dir='ltr'><strong>κεκραμένος</strong></span> <span class='ocrx_word' id='word_1_323' title='bbox 3317 1503 3406 1556; x_wconf 78' lang='grc' dir='ltr'><strong>ἐπ’</strong></span> <span class='ocrx_word' id='word_1_324' title='bbox 3457 1502 3630 1572; x_wconf 78' lang='grc' dir='ltr'><strong>ἄμφω</strong></span> <span class='ocrx_word' id='word_1_325' title='bbox 3662 1505 3734 1574; x_wconf 82' lang='grc' dir='ltr'><strong>τῇ</strong></span> 
     </span>
    </p>
   </div>
   <div class='ocr_carea' id='block_1_47' title="bbox 2137 1595 3739 1668">
    <p class='ocr_par' dir='ltr' id='par_1_47' title="bbox 2137 1595 3739 1668">
     <span class='ocr_line' id='line_1_47' title="bbox 2137 1595 3739 1668; baseline -0.001 -18"><span class='ocrx_word' id='word_1_326' title='bbox 2137 1596 2423 1668; x_wconf 80' lang='grc' dir='ltr'><strong>ἑκατέρων</strong></span> <span class='ocrx_word' id='word_1_327' title='bbox 2453 1595 2563 1649; x_wconf 84' lang='grc' dir='ltr'><strong>τῶν</strong></span> <span class='ocrx_word' id='word_1_328' title='bbox 2609 1595 2801 1665; x_wconf 76' lang='grc' dir='ltr'><strong>ἄκρων</strong></span> <span class='ocrx_word' id='word_1_329' title='bbox 2858 1597 3086 1666; x_wconf 76' lang='grc' dir='ltr'><strong>μετοχῇ,</strong></span> <span class='ocrx_word' id='word_1_330' title='bbox 3115 1595 3210 1648; x_wconf 80' lang='grc' dir='ltr'><strong>καὶ</strong></span> <span class='ocrx_word' id='word_1_331' title='bbox 3240 1595 3333 1648; x_wconf 81' lang='grc' dir='ltr'><strong>σοῦ</strong></span> <span class='ocrx_word' id='word_1_332' title='bbox 3371 1597 3494 1666; x_wconf 80' lang='grc' dir='ltr'><strong>μὲν,</strong></span> <span class='ocrx_word' id='word_1_333' title='bbox 3532 1597 3626 1649; x_wconf 73' lang='grc' dir='ltr'><strong>τοῦ</strong></span> <span class='ocrx_word' id='word_1_334' title='bbox 3649 1597 3739 1648; x_wconf 78' lang='grc' dir='ltr'><strong>ἔτι</strong></span> 
     </span>
    </p>
   </div>
   <div class='ocr_carea' id='block_1_48' title="bbox 2141 1684 3744 1758">
    <p class='ocr_par' dir='ltr' id='par_1_48' title="bbox 2141 1684 3744 1758">
     <span class='ocr_line' id='line_1_48' title="bbox 2141 1684 3744 1758; baseline -0.003 -16"><span class='ocrx_word' id='word_1_335' title='bbox 2141 1689 2201 1742; x_wconf 86' lang='grc' dir='ltr'><strong>ἐν</strong></span> <span class='ocrx_word' id='word_1_336' title='bbox 2238 1688 2601 1756; x_wconf 75' lang='grc' dir='ltr'><strong>εἰσαγωγαῖς,</strong></span> <span class='ocrx_word' id='word_1_337' title='bbox 2625 1686 2764 1740; x_wconf 82' lang='grc' dir='ltr'><strong>πολὺ</strong></span> <span class='ocrx_word' id='word_1_338' title='bbox 2797 1684 2959 1739; x_wconf 82' lang='grc' dir='ltr'><strong>πλέον</strong></span> <span class='ocrx_word' id='word_1_339' title='bbox 2990 1686 3050 1740; x_wconf 78' lang='grc' dir='ltr'><strong>τὸ</strong></span> <span class='ocrx_word' id='word_1_340' title='bbox 3084 1687 3374 1758; x_wconf 84' lang='grc' dir='ltr'><strong>πρεσϐεῖον</strong></span> <span class='ocrx_word' id='word_1_341' title='bbox 3409 1688 3618 1758; x_wconf 73' lang='grc' dir='ltr'><strong>αὐχῶν,</strong></span> <span class='ocrx_word' id='word_1_342' title='bbox 3653 1687 3744 1756; x_wconf 79' lang='grc' dir='ltr'><strong>τῷ</strong></span> 
     </span>
    </p>
   </div>
   <div class='ocr_carea' id='block_1_49' title="bbox 2141 1778 3743 1852">
    <p class='ocr_par' dir='ltr' id='par_1_49' title="bbox 2141 1778 3743 1852">
     <span class='ocr_line' id='line_1_49' title="bbox 2141 1778 3743 1852; baseline -0.001 -16"><span class='ocrx_word' id='word_1_343' title='bbox 2141 1781 2199 1836; x_wconf 74' lang='grc' dir='ltr'><strong>δὲ</strong></span> <span class='ocrx_word' id='word_1_344' title='bbox 2249 1782 2445 1852; x_wconf 83' lang='grc' dir='ltr'><strong>τελείῳ</strong></span> <span class='ocrx_word' id='word_1_345' title='bbox 2495 1779 2862 1851; x_wconf 82' lang='grc' dir='ltr'><strong>ὑποϐεϐηκὼς</strong></span> <span class='ocrx_word' id='word_1_346' title='bbox 2922 1778 3119 1851; x_wconf 86' lang='grc' dir='ltr'><strong>μακρῷ</strong></span> <span class='ocrx_word' id='word_1_347' title='bbox 3164 1780 3526 1851; x_wconf 84' lang='grc' dir='ltr'><strong>διαστήματι,</strong></span> <span class='ocrx_word' id='word_1_348' title='bbox 3580 1782 3743 1850; x_wconf 85' lang='grc' dir='ltr'><strong>ὅμως</strong></span> 
     </span>
    </p>
   </div>
   <div class='ocr_carea' id='block_1_50' title="bbox 2141 1871 3745 1946">
    <p class='ocr_par' dir='ltr' id='par_1_50' title="bbox 2141 1871 3745 1946">
     <span class='ocr_line' id='line_1_50' title="bbox 2141 1871 3745 1946; baseline -0.001 -20"><span class='ocrx_word' id='word_1_349' title='bbox 2141 1874 2259 1946; x_wconf 74' lang='grc' dir='ltr'><strong>ἔχει</strong></span> <span class='ocrx_word' id='word_1_350' title='bbox 2275 1872 2510 1940; x_wconf 75' lang='grc' dir='ltr'><strong>θεωρίαν</strong></span> <span class='ocrx_word' id='word_1_351' title='bbox 2529 1873 2894 1945; x_wconf 82' lang='grc' dir='ltr'><strong>διαιρετικήν.</strong></span> <span class='ocrx_word' id='word_1_352' title='bbox 2919 1871 3258 1942; x_wconf 84' lang='grc' dir='ltr'><strong>Μανδυώτης</strong></span> <span class='ocrx_word' id='word_1_353' title='bbox 3287 1871 3386 1941; x_wconf 77' lang='grc' dir='ltr'><strong>μὲν</strong></span> <span class='ocrx_word' id='word_1_354' title='bbox 3404 1871 3517 1942; x_wconf 68' lang='grc' dir='ltr'><strong>γὰρ</strong></span> <span class='ocrx_word' id='word_1_355' title='bbox 3541 1873 3745 1932; x_wconf 71' lang='grc' dir='ltr'><strong>ἁπλῶς</strong></span> 
     </span>
    </p>
   </div>
   <div class='ocr_carea' id='block_1_51' title="bbox 2147 1963 3747 2037">
    <p class='ocr_par' dir='ltr' id='par_1_51' title="bbox 2147 1963 3747 2037">
     <span class='ocr_line' id='line_1_51' title="bbox 2147 1963 3747 2037; baseline -0.003 -19"><span class='ocrx_word' id='word_1_356' title='bbox 2147 1967 2349 2037; x_wconf 88' lang='grc' dir='ltr'><strong>μένων,</strong></span> <span class='ocrx_word' id='word_1_357' title='bbox 2386 1965 2713 2033; x_wconf 83' lang='grc' dir='ltr'><strong>ἀκραιφνῶς</strong></span> <span class='ocrx_word' id='word_1_358' title='bbox 2741 1966 2859 2018; x_wconf 79' lang='grc' dir='ltr'><strong>ἐστι</strong></span> <span class='ocrx_word' id='word_1_359' title='bbox 2889 1964 3076 2035; x_wconf 80' lang='grc' dir='ltr'><strong>μέσος.</strong></span> <span class='ocrx_word' id='word_1_360' title='bbox 3112 1965 3225 2019; x_wconf 71' lang='grc' dir='ltr'><strong>Καὶ</strong></span> <span class='ocrx_word' id='word_1_361' title='bbox 3263 1963 3466 2034; x_wconf 83' lang='grc' dir='ltr'><strong>μικροῦ</strong></span> <span class='ocrx_word' id='word_1_362' title='bbox 3500 1963 3607 2016; x_wconf 81' lang='grc' dir='ltr'><strong>δέω</strong></span> <span class='ocrx_word' id='word_1_363' title='bbox 3654 1966 3747 2015; x_wconf 83' lang='grc' dir='ltr'><strong>εἱ-</strong></span> 
     </span>
    </p>
   </div>
   <div class='ocr_carea' id='block_1_52' title="bbox 2146 2054 3750 2128">
    <p class='ocr_par' dir='ltr' id='par_1_52' title="bbox 2146 2054 3750 2128">
     <span class='ocr_line' id='line_1_52' title="bbox 2146 2054 3750 2128; baseline -0.002 -18"><span class='ocrx_word' id='word_1_364' title='bbox 2146 2057 2296 2120; x_wconf 80' lang='grc' dir='ltr'><strong>πεῐν,</strong></span> <span class='ocrx_word' id='word_1_365' title='bbox 2328 2056 2456 2110; x_wconf 79' lang='grc' dir='ltr'><strong>ὅσον</strong></span> <span class='ocrx_word' id='word_1_366' title='bbox 2491 2056 2634 2128; x_wconf 79' lang='grc' dir='ltr'><strong>αὐτὴ</strong></span> <span class='ocrx_word' id='word_1_367' title='bbox 2661 2055 2970 2126; x_wconf 71' lang='grc' dir='ltr'><strong>ἠλάττωται</strong></span> <span class='ocrx_word' id='word_1_368' title='bbox 2995 2055 3092 2109; x_wconf 78' lang='grc' dir='ltr'><strong>τοῦ</strong></span> <span class='ocrx_word' id='word_1_369' title='bbox 3148 2055 3438 2125; x_wconf 86' lang='grc' dir='ltr'><strong>μεγίστου,</strong></span> <span class='ocrx_word' id='word_1_370' title='bbox 3472 2056 3531 2117; x_wconf 89' lang='grc' dir='ltr'><strong>ἐς</strong></span> <span class='ocrx_word' id='word_1_371' title='bbox 3575 2054 3750 2106; x_wconf 72' lang='grc' dir='ltr'><strong>τόσον</strong></span> 
     </span>
    </p>
   </div>
   <div class='ocr_carea' id='block_1_53' title="bbox 2147 2146 3754 2219">
    <p class='ocr_par' dir='ltr' id='par_1_53' title="bbox 2147 2146 3754 2219">
     <span class='ocr_line' id='line_1_53' title="bbox 2147 2146 3754 2219; baseline -0.003 -17"><span class='ocrx_word' id='word_1_372' title='bbox 2147 2147 2488 2218; x_wconf 79' lang='grc' dir='ltr'><strong>ὕκοκάθηταί</strong></span> <span class='ocrx_word' id='word_1_373' title='bbox 2521 2165 2644 2203; x_wconf 86' lang='grc' dir='ltr'><strong>σου.</strong></span> <span class='ocrx_word' id='word_1_374' title='bbox 2679 2147 2743 2201; x_wconf 88' lang='lat' dir='ltr'><strong>Ei</strong></span> <span class='ocrx_word' id='word_1_375' title='bbox 2771 2147 2830 2201; x_wconf 79' lang='grc' dir='ltr'><strong>δέ</strong></span> <span class='ocrx_word' id='word_1_376' title='bbox 2863 2149 3171 2219; x_wconf 82' lang='grc' dir='ltr'><strong>κορυφαῖος</strong></span> <span class='ocrx_word' id='word_1_377' title='bbox 3202 2147 3366 2208; x_wconf 78' lang='grc' dir='ltr'><strong>αὐτὸς</strong></span> <span class='ocrx_word' id='word_1_378' title='bbox 3397 2146 3632 2215; x_wconf 85' lang='grc' dir='ltr'><strong>γένηταί</strong></span> <span class='ocrx_word' id='word_1_379' title='bbox 3661 2165 3754 2198; x_wconf 85' lang='grc' dir='ltr'><strong>τι-</strong></span> 
     </span>
    </p>
   </div>
   <div class='ocr_carea' id='block_1_54' title="bbox 2147 2237 3752 2311">
    <p class='ocr_par' dir='ltr' id='par_1_54' title="bbox 2147 2237 3752 2311">
     <span class='ocr_line' id='line_1_54' title="bbox 2147 2237 3752 2311; baseline -0.004 -17"><span class='ocrx_word' id='word_1_380' title='bbox 2147 2256 2238 2304; x_wconf 89' lang='grc' dir='ltr'><strong>νος</strong></span> <span class='ocrx_word' id='word_1_381' title='bbox 2278 2239 2672 2311; x_wconf 77' lang='grc' dir='ltr'><strong>ἀδελφότητος,</strong></span> <span class='ocrx_word' id='word_1_382' title='bbox 2707 2238 2834 2294; x_wconf 88' lang='grc' dir='ltr'><strong>τότε</strong></span> <span class='ocrx_word' id='word_1_383' title='bbox 2864 2238 2930 2310; x_wconf 80' lang='grc' dir='ltr'><strong>δὴ</strong></span> <span class='ocrx_word' id='word_1_384' title='bbox 2979 2239 3081 2294; x_wconf 80' lang='grc' dir='ltr'><strong>οὐκ</strong></span> <span class='ocrx_word' id='word_1_385' title='bbox 3114 2239 3250 2290; x_wconf 74' lang='grc' dir='ltr'><strong>αὐτὸ</strong></span> <span class='ocrx_word' id='word_1_386' title='bbox 3275 2238 3340 2309; x_wconf 77' lang='grc' dir='ltr'><strong>δὴ</strong></span> <span class='ocrx_word' id='word_1_387' title='bbox 3373 2237 3534 2292; x_wconf 80' lang='grc' dir='ltr'><strong>τοῦτο</strong></span> <span class='ocrx_word' id='word_1_388' title='bbox 3569 2238 3752 2306; x_wconf 80' lang='grc' dir='ltr'><strong>μέσος</strong></span> 
     </span>
    </p>
   </div>
   <div class='ocr_carea' id='block_1_55' title="bbox 2147 2326 3754 2404">
    <p class='ocr_par' dir='ltr' id='par_1_55' title="bbox 2147 2326 3754 2404">
     <span class='ocr_line' id='line_1_55' title="bbox 2147 2326 3754 2404; baseline -0.002 -19"><span class='ocrx_word' id='word_1_389' title='bbox 2147 2331 2340 2403; x_wconf 75' lang='grc' dir='ltr'><strong>ἔλαχεν</strong></span> <span class='ocrx_word' id='word_1_390' title='bbox 2367 2329 2532 2400; x_wconf 81' lang='grc' dir='ltr'><strong>εἶναι,</strong></span> <span class='ocrx_word' id='word_1_391' title='bbox 2568 2333 2672 2404; x_wconf 81' lang='grc' dir='ltr'><strong>μιᾷ</strong></span> <span class='ocrx_word' id='word_1_392' title='bbox 2697 2331 2797 2403; x_wconf 78' lang='grc' dir='ltr'><strong>μὲν</strong></span> <span class='ocrx_word' id='word_1_393' title='bbox 2827 2326 2941 2386; x_wconf 78' lang='grc' dir='ltr'><strong>οἷον</strong></span> <span class='ocrx_word' id='word_1_394' title='bbox 2981 2331 3128 2402; x_wconf 71' lang='grc' dir='ltr'><strong>χειρὶ</strong></span> <span class='ocrx_word' id='word_1_395' title='bbox 3152 2329 3251 2384; x_wconf 76' lang='grc' dir='ltr'><strong>τοῦ</strong></span> <span class='ocrx_word' id='word_1_396' title='bbox 3273 2331 3540 2384; x_wconf 73' lang='grc' dir='ltr'><strong>ἀνωτάτω</strong></span> <span class='ocrx_word' id='word_1_397' title='bbox 3574 2329 3754 2400; x_wconf 82' lang='grc' dir='ltr'><strong>δρατ-</strong></span> 
     </span>
    </p>
   </div>
   <div class='ocr_carea' id='block_1_56' title="bbox 2147 2423 3752 2498">
    <p class='ocr_par' dir='ltr' id='par_1_56' title="bbox 2147 2423 3752 2498">
     <span class='ocr_line' id='line_1_56' title="bbox 2147 2423 3752 2498; baseline -0.004 -20"><span class='ocrx_word' id='word_1_398' title='bbox 2147 2423 2398 2495; x_wconf 86' lang='grc' dir='ltr'><strong>τόμενος,</strong></span> <span class='ocrx_word' id='word_1_399' title='bbox 2428 2424 2594 2498; x_wconf 77' lang='grc' dir='ltr'><strong>ἐτέρᾳ</strong></span> <span class='ocrx_word' id='word_1_400' title='bbox 2630 2424 2688 2479; x_wconf 85' lang='grc' dir='ltr'><strong>δέ</strong></span> <span class='ocrx_word' id='word_1_401' title='bbox 2719 2425 2814 2479; x_wconf 83' lang='grc' dir='ltr'><strong>τοῦ</strong></span> <span class='ocrx_word' id='word_1_402' title='bbox 2842 2425 3025 2496; x_wconf 83' lang='grc' dir='ltr'><strong>πάντη</strong></span> <span class='ocrx_word' id='word_1_403' title='bbox 3051 2425 3204 2478; x_wconf 80' lang='grc' dir='ltr'><strong>κάτω</strong></span> <span class='ocrx_word' id='word_1_404' title='bbox 3237 2423 3378 2478; x_wconf 80' lang='grc' dir='ltr'><strong>κατὰ</strong></span> <span class='ocrx_word' id='word_1_405' title='bbox 3419 2423 3752 2492; x_wconf 71' lang='grc' dir='ltr'><strong>εἰσαγωγὴν</strong></span> 
     </span>
    </p>
   </div>
   <div class='ocr_carea' id='block_1_57' title="bbox 2148 2513 3748 2587">
    <p class='ocr_par' dir='ltr' id='par_1_57' title="bbox 2148 2513 3748 2587">
     <span class='ocr_line' id='line_1_57' title="bbox 2148 2513 3748 2587; baseline -0.004 -17"><span class='ocrx_word' id='word_1_406' title='bbox 2148 2515 2572 2587; x_wconf 88' lang='grc' dir='ltr'><strong>λαμϐανόμενος</strong></span> <span class='ocrx_word' id='word_1_407' title='bbox 2600 2532 2616 2548; x_wconf 66' lang='grc'>⁸</span> <span class='ocrx_word' id='word_1_408' title='bbox 2643 2515 2761 2570; x_wconf 84' lang='grc' dir='ltr'><strong>ἀλλ’</strong></span> <span class='ocrx_word' id='word_1_409' title='bbox 2809 2515 3165 2584; x_wconf 81' lang='grc' dir='ltr'><strong>ὑπεραναϐἁς</strong></span> <span class='ocrx_word' id='word_1_410' title='bbox 3200 2515 3262 2570; x_wconf 78' lang='grc' dir='ltr'><strong>τὸ</strong></span> <span class='ocrx_word' id='word_1_411' title='bbox 3295 2513 3493 2576; x_wconf 83' lang='grc' dir='ltr'><strong>κοινῶς</strong></span> <span class='ocrx_word' id='word_1_412' title='bbox 3548 2513 3748 2583; x_wconf 84' lang='grc' dir='ltr'><strong>μέσον,</strong></span> 
     </span>
    </p>
   </div>
   <div class='ocr_carea' id='block_1_58' title="bbox 2151 2606 3750 2680">
    <p class='ocr_par' dir='ltr' id='par_1_58' title="bbox 2151 2606 3750 2680">
     <span class='ocr_line' id='line_1_58' title="bbox 2151 2606 3750 2680; baseline -0.001 -18"><span class='ocrx_word' id='word_1_413' title='bbox 2151 2609 2463 2680; x_wconf 82' lang='grc' dir='ltr'><strong>προσκυρεῖ</strong></span> <span class='ocrx_word' id='word_1_414' title='bbox 2503 2606 2582 2679; x_wconf 82' lang='grc' dir='ltr'><strong>τῷ</strong></span> <span class='ocrx_word' id='word_1_415' title='bbox 2633 2608 2982 2680; x_wconf 74' lang='grc' dir='ltr'><strong>ὑψηλοτάτῳ,</strong></span> <span class='ocrx_word' id='word_1_416' title='bbox 3022 2608 3120 2662; x_wconf 74' lang='grc' dir='ltr'><strong>καὶ</strong></span> <span class='ocrx_word' id='word_1_417' title='bbox 3174 2609 3348 2680; x_wconf 77' lang='grc' dir='ltr'><strong>μικρᾷ</strong></span> <span class='ocrx_word' id='word_1_418' title='bbox 3387 2625 3488 2660; x_wconf 83' lang='grc' dir='ltr'><strong>τινι</strong></span> <span class='ocrx_word' id='word_1_419' title='bbox 3518 2606 3750 2678; x_wconf 78' lang='grc' dir='ltr'><strong>βαθμέδι</strong></span> 
     </span>
    </p>
   </div>
   <div class='ocr_carea' id='block_1_59' title="bbox 2154 2697 3749 2772">
    <p class='ocr_par' dir='ltr' id='par_1_59' title="bbox 2154 2697 3749 2772">
     <span class='ocr_line' id='line_1_59' title="bbox 2154 2697 3749 2772; baseline -0.003 -18"><span class='ocrx_word' id='word_1_420' title='bbox 2154 2699 2486 2769; x_wconf 85' lang='grc' dir='ltr'><strong>καθυφίεται</strong></span> <span class='ocrx_word' id='word_1_421' title='bbox 2517 2700 2614 2753; x_wconf 83' lang='grc' dir='ltr'><strong>τοῦ</strong></span> <span class='ocrx_word' id='word_1_422' title='bbox 2667 2700 2858 2771; x_wconf 85' lang='grc' dir='ltr'><strong>σχεδόν</strong></span> <span class='ocrx_word' id='word_1_423' title='bbox 2885 2718 2938 2754; x_wconf 90' lang='grc' dir='ltr'><strong>τι</strong></span> <span class='ocrx_word' id='word_1_424' title='bbox 2967 2701 3230 2772; x_wconf 75' lang='grc' dir='ltr'><strong>οὐρανίου</strong></span> <span class='ocrx_word' id='word_1_425' title='bbox 3285 2697 3378 2753; x_wconf 85' lang='grc' dir='ltr'><strong>διὰ</strong></span> <span class='ocrx_word' id='word_1_426' title='bbox 3433 2699 3494 2752; x_wconf 69' lang='grc' dir='ltr'><strong>τὸ</strong></span> <span class='ocrx_word' id='word_1_427' title='bbox 3533 2697 3749 2760; x_wconf 82' lang='grc' dir='ltr'><strong>ἱκανῶς</strong></span> 
     </span>
    </p>
   </div>
   <div class='ocr_carea' id='block_1_60' title="bbox 2154 2786 3753 2866">
    <p class='ocr_par' dir='ltr' id='par_1_60' title="bbox 2154 2786 3753 2866">
     <span class='ocr_line' id='line_1_60' title="bbox 2154 2786 3753 2866; baseline -0.002 -18"><span class='ocrx_word' id='word_1_428' title='bbox 2154 2794 2670 2866; x_wconf 75' lang='grc' dir='ltr'><strong>πεφιλοσοφημένον</strong></span> <span class='ocrx_word' id='word_1_429' title='bbox 2698 2793 3032 2863; x_wconf 73' lang='grc' dir='ltr'><strong>ἐπάγγελμα</strong></span> <span class='ocrx_word' id='word_1_430' title='bbox 3059 2808 3074 2823; x_wconf 83' lang='grc'><strong><em>⁸</em></strong></span> <span class='ocrx_word' id='word_1_431' title='bbox 3111 2794 3208 2847; x_wconf 79' lang='grc' dir='ltr'><strong>καὶ</strong></span> <span class='ocrx_word' id='word_1_432' title='bbox 3260 2793 3420 2846; x_wconf 79' lang='grc' dir='ltr'><strong>δυσὶν</strong></span> <span class='ocrx_word' id='word_1_433' title='bbox 3463 2786 3582 2846; x_wconf 75' lang='grc' dir='ltr'><strong>οἷον</strong></span> <span class='ocrx_word' id='word_1_434' title='bbox 3616 2794 3753 2846; x_wconf 85' lang='grc' dir='ltr'><strong>πτέ-</strong></span> 
     </span>
    </p>
   </div>
   <div class='ocr_carea' id='block_1_61' title="bbox 2157 2886 3748 2961">
    <p class='ocr_par' dir='ltr' id='par_1_61' title="bbox 2157 2886 3748 2961">
     <span class='ocr_line' id='line_1_61' title="bbox 2157 2886 3748 2961; baseline -0.003 -18"><span class='ocrx_word' id='word_1_435' title='bbox 2157 2889 2301 2960; x_wconf 81' lang='grc' dir='ltr'><strong>ρυξι,</strong></span> <span class='ocrx_word' id='word_1_436' title='bbox 2330 2892 2396 2960; x_wconf 82' lang='grc' dir='ltr'><strong>τῇ</strong></span> <span class='ocrx_word' id='word_1_437' title='bbox 2439 2907 2500 2942; x_wconf 87' lang='grc' dir='ltr'><strong>τε</strong></span> <span class='ocrx_word' id='word_1_438' title='bbox 2539 2889 2888 2961; x_wconf 85' lang='grc' dir='ltr'><strong>μανδυωτικῇ</strong></span> <span class='ocrx_word' id='word_1_439' title='bbox 2927 2888 3022 2940; x_wconf 75' lang='grc' dir='ltr'><strong>καὶ</strong></span> <span class='ocrx_word' id='word_1_440' title='bbox 3077 2889 3144 2958; x_wconf 79' lang='grc' dir='ltr'><strong>τῇ</strong></span> <span class='ocrx_word' id='word_1_441' title='bbox 3181 2886 3308 2940; x_wconf 85' lang='grc' dir='ltr'><strong>καθ’</strong></span> <span class='ocrx_word' id='word_1_442' title='bbox 3345 2887 3748 2956; x_wconf 82' lang='grc' dir='ltr'><strong>ήγουμενείαν,</strong></span> 
     </span>
    </p>
   </div>
   <div class='ocr_carea' id='block_1_62' title="bbox 2155 2979 3750 3053">
    <p class='ocr_par' dir='ltr' id='par_1_62' title="bbox 2155 2979 3750 3053">
     <span class='ocr_line' id='line_1_62' title="bbox 2155 2979 3750 3053; baseline -0.004 -17"><span class='ocrx_word' id='word_1_443' title='bbox 2155 2981 2509 3053; x_wconf 76' lang='grc' dir='ltr'><strong>ἐλαφρίζεται</strong></span> <span class='ocrx_word' id='word_1_444' title='bbox 2531 2982 2611 3046; x_wconf 86' lang='grc' dir='ltr'><strong>είς</strong></span> <span class='ocrx_word' id='word_1_445' title='bbox 2631 2979 2912 3052; x_wconf 77' lang='grc' dir='ltr'><strong>ἐγγύτητα</strong></span> <span class='ocrx_word' id='word_1_446' title='bbox 2937 2980 3456 3050; x_wconf 75' lang='grc' dir='ltr'><strong>μεγαλοσχήμονος.</strong></span> <span class='ocrx_word' id='word_1_447' title='bbox 3489 2981 3602 3033; x_wconf 71' lang='grc' dir='ltr'><strong>Καὶ</strong></span> <span class='ocrx_word' id='word_1_448' title='bbox 3624 2979 3750 3050; x_wconf 79' lang='grc' dir='ltr'><strong>ἔχει</strong></span> 
     </span>
    </p>
   </div>
   <div class='ocr_carea' id='block_1_63' title="bbox 463 3070 2043 3153">
    <p class='ocr_par' dir='ltr' id='par_1_63' title="bbox 463 3079 2043 3150">
     <span class='ocr_line' id='line_1_63' title="bbox 463 3079 2043 3150; baseline 0.001 -17"><span class='ocrx_word' id='word_1_449' title='bbox 463 3079 832 3149; x_wconf 59' lang='lat' dir='ltr'><strong>qualitatem</strong></span> <span class='ocrx_word' id='word_1_450' title='bbox 865 3081 1139 3146; x_wconf 88' lang='lat' dir='ltr'><strong>obtineat,</strong></span> <span class='ocrx_word' id='word_1_451' title='bbox 1173 3088 1227 3136; x_wconf 88' lang='lat' dir='ltr'><strong>et</strong></span> <span class='ocrx_word' id='word_1_452' title='bbox 1259 3095 1494 3150; x_wconf 84' lang='lat' dir='ltr'><strong>quorum</strong></span> <span class='ocrx_word' id='word_1_453' title='bbox 1527 3079 1930 3134; x_wconf 89' lang='lat' dir='ltr'><strong>validissimum</strong></span> <span class='ocrx_word' id='word_1_454' title='bbox 1964 3087 2043 3134; x_wconf 86' lang='lat' dir='ltr'><strong>est</strong></span> 
     </span>
    </p>
   </div>
   <div class='ocr_carea' id='block_1_64' title="bbox 2152 3070 3751 3153">
    <p class='ocr_par' dir='ltr' id='par_1_64' title="bbox 2157 3070 3751 3147">
     <span class='ocr_line' id='line_1_64' title="bbox 2157 3070 3751 3147; baseline -0.003 -18"><span class='ocrx_word' id='word_1_455' title='bbox 2157 3073 2510 3147; x_wconf 72' lang='grc' dir='ltr'><strong>θαρρούντως</strong></span> <span class='ocrx_word' id='word_1_456' title='bbox 2566 3073 2772 3146; x_wconf 74' lang='grc' dir='ltr'><strong>ἐρίζειν</strong></span> <span class='ocrx_word' id='word_1_457' title='bbox 2817 3072 3016 3143; x_wconf 85' lang='grc' dir='ltr'><strong>ἐκείνῳ</strong></span> <span class='ocrx_word' id='word_1_458' title='bbox 3069 3070 3165 3126; x_wconf 82' lang='grc' dir='ltr'><strong>τοῦ</strong></span> <span class='ocrx_word' id='word_1_459' title='bbox 3197 3088 3258 3126; x_wconf 84' lang='grc' dir='ltr'><strong>τε</strong></span> <span class='ocrx_word' id='word_1_460' title='bbox 3288 3071 3482 3135; x_wconf 83' lang='grc' dir='ltr'><strong>κλέους</strong></span> <span class='ocrx_word' id='word_1_461' title='bbox 3503 3072 3602 3124; x_wconf 78' lang='grc' dir='ltr'><strong>καὶ</strong></span> <span class='ocrx_word' id='word_1_462' title='bbox 3643 3071 3751 3126; x_wconf 78' lang='grc' dir='ltr'><strong>τοῦ</strong></span> 
     </span>
    </p>
   </div>
   <div class='ocr_carea' id='block_1_65' title="bbox 466 3169 2041 3244">
    <p class='ocr_par' dir='ltr' id='par_1_65' title="bbox 466 3169 2041 3244">
     <span class='ocr_line' id='line_1_65' title="bbox 466 3169 2041 3244; baseline -0.003 -17"><span class='ocrx_word' id='word_1_463' title='bbox 466 3172 874 3242; x_wconf 60' lang='grc' dir='ltr'><strong>μωοιηὴιεηῑὶε</strong></span> <span class='ocrx_word' id='word_1_464' title='bbox 919 3188 1043 3228; x_wconf 88' lang='lat' dir='ltr'><strong>eum</strong></span> <span class='ocrx_word' id='word_1_465' title='bbox 1078 3173 1330 3244; x_wconf 85' lang='lat' dir='ltr'><strong>imperio,</strong></span> <span class='ocrx_word' id='word_1_466' title='bbox 1364 3187 1467 3242; x_wconf 86' lang='lat' dir='ltr'><strong>qua</strong></span> <span class='ocrx_word' id='word_1_467' title='bbox 1489 3173 1680 3242; x_wconf 66' lang='lat' dir='ltr'><strong>iugum</strong></span> <span class='ocrx_word' id='word_1_468' title='bbox 1719 3185 1884 3242; x_wconf 75' lang='lat' dir='ltr'><strong>grave</strong></span> <span class='ocrx_word' id='word_1_469' title='bbox 1914 3169 2041 3241; x_wconf 88' lang='lat' dir='ltr'><strong>quia</strong></span> 
     </span>
    </p>
   </div>
   <div class='ocr_carea' id='block_1_66' title="bbox 459 3263 1102 3336">
    <p class='ocr_par' dir='ltr' id='par_1_66' title="bbox 459 3263 1102 3336">
     <span class='ocr_line' id='line_1_66' title="bbox 459 3263 1102 3336; baseline 0.003 -18"><span class='ocrx_word' id='word_1_470' title='bbox 459 3263 808 3336; x_wconf 68' lang='lat' dir='ltr'><strong>negotiosum</strong></span> <span class='ocrx_word' id='word_1_471' title='bbox 837 3264 1102 3335; x_wconf 85' lang='lat' dir='ltr'><strong>suscepit.</strong></span> 
     </span>
    </p>
   </div>
   <div class='ocr_carea' id='block_1_67' title="bbox 537 3621 2046 3692">
    <p class='ocr_par' dir='ltr' id='par_1_67' title="bbox 537 3621 2046 3692">
     <span class='ocr_line' id='line_1_67' title="bbox 537 3621 2046 3692; baseline -0.004 -12"><span class='ocrx_word' id='word_1_472' title='bbox 537 3625 664 3680; x_wconf 74' lang='grc' dir='ltr'><strong>Πι.</strong></span> <span class='ocrx_word' id='word_1_473' title='bbox 718 3623 876 3678; x_wconf 81' lang='lat' dir='ltr'><strong>Hunc</strong></span> <span class='ocrx_word' id='word_1_474' title='bbox 935 3623 1230 3677; x_wconf 81' lang='lat' dir='ltr'><strong>sublimem</strong></span> <span class='ocrx_word' id='word_1_475' title='bbox 1289 3621 1666 3677; x_wconf 81' lang='lat' dir='ltr'><strong>manteliatum</strong></span> <span class='ocrx_word' id='word_1_476' title='bbox 1719 3630 2046 3692; x_wconf 57' lang='lat' dir='ltr'><strong>primatum,</strong></span> 
     </span>
    </p>
   </div>
   <div class='ocr_carea' id='block_1_68' title="bbox 467 3714 2052 3787">
    <p class='ocr_par' dir='ltr' id='par_1_68' title="bbox 467 3714 2052 3787">
     <span class='ocr_line' id='line_1_68' title="bbox 467 3714 2052 3787; baseline -0.001 -19"><span class='ocrx_word' id='word_1_477' title='bbox 467 3717 563 3787; x_wconf 85' lang='lat' dir='ltr'><strong>qui</strong></span> <span class='ocrx_word' id='word_1_478' title='bbox 597 3731 692 3786; x_wconf 89' lang='lat' dir='ltr'><strong>per</strong></span> <span class='ocrx_word' id='word_1_479' title='bbox 737 3715 903 3768; x_wconf 75' lang='lat' dir='ltr'><strong>aliam</strong></span> <span class='ocrx_word' id='word_1_480' title='bbox 957 3716 1096 3767; x_wconf 83' lang='lat' dir='ltr'><strong>viam</strong></span> <span class='ocrx_word' id='word_1_481' title='bbox 1128 3714 1183 3768; x_wconf 77' lang='lat' dir='ltr'><strong>in</strong></span> <span class='ocrx_word' id='word_1_482' title='bbox 1243 3716 1446 3769; x_wconf 60' lang='lat' dir='ltr'><strong>calum</strong></span> <span class='ocrx_word' id='word_1_483' title='bbox 1496 3715 1769 3779; x_wconf 72' lang='lat' dir='ltr'><strong>ascendit,</strong></span> <span class='ocrx_word' id='word_1_484' title='bbox 1807 3729 1904 3784; x_wconf 65' lang='lat' dir='ltr'><strong>per</strong></span> <span class='ocrx_word' id='word_1_485' title='bbox 1933 3727 2052 3768; x_wconf 83' lang='lat' dir='ltr'><strong>ma-</strong></span> 
     </span>
    </p>
   </div>
   <div class='ocr_carea' id='block_1_69' title="bbox 470 3805 2054 3876">
    <p class='ocr_par' dir='ltr' id='par_1_69' title="bbox 470 3805 2054 3876">
     <span class='ocr_line' id='line_1_69' title="bbox 470 3805 2054 3876; baseline 0 -18"><span class='ocrx_word' id='word_1_486' title='bbox 470 3821 634 3876; x_wconf 76' lang='lat' dir='ltr'><strong>guum</strong></span> <span class='ocrx_word' id='word_1_487' title='bbox 674 3805 941 3867; x_wconf 85' lang='lat' dir='ltr'><strong>habitum,</strong></span> <span class='ocrx_word' id='word_1_488' title='bbox 981 3815 1036 3858; x_wconf 86' lang='lat' dir='ltr'><strong>et</strong></span> <span class='ocrx_word' id='word_1_489' title='bbox 1071 3820 1160 3860; x_wconf 65' lang='lat' dir='ltr'><strong>res</strong></span> <span class='ocrx_word' id='word_1_490' title='bbox 1207 3805 1346 3873; x_wconf 83' lang='lat' dir='ltr'><strong>ipsa,</strong></span> <span class='ocrx_word' id='word_1_491' title='bbox 1385 3812 1438 3858; x_wconf 91' lang='lat' dir='ltr'><strong>et</strong></span> <span class='ocrx_word' id='word_1_492' title='bbox 1476 3806 1567 3872; x_wconf 84' lang='lat' dir='ltr'><strong>jus</strong></span> <span class='ocrx_word' id='word_1_493' title='bbox 1618 3806 1966 3869; x_wconf 85' lang='lat' dir='ltr'><strong>canonicum,</strong></span> <span class='ocrx_word' id='word_1_494' title='bbox 1997 3811 2054 3859; x_wconf 84' lang='lat' dir='ltr'><strong>et</strong></span> 
     </span>
    </p>
   </div>
   <div class='ocr_carea' id='block_1_70' title="bbox 474 3893 2049 3968">
    <p class='ocr_par' dir='ltr' id='par_1_70' title="bbox 474 3893 2049 3968">
     <span class='ocr_line' id='line_1_70' title="bbox 474 3893 2049 3968; baseline 0 -16"><span class='ocrx_word' id='word_1_495' title='bbox 474 3899 565 3952; x_wconf 82' lang='lat' dir='ltr'><strong>Dei</strong></span> <span class='ocrx_word' id='word_1_496' title='bbox 625 3893 940 3965; x_wconf 72' lang='lat' dir='ltr'><strong>exemplum</strong></span> <span class='ocrx_word' id='word_1_497' title='bbox 992 3897 1274 3967; x_wconf 73' lang='lat' dir='ltr'><strong>egregium</strong></span> <span class='ocrx_word' id='word_1_498' title='bbox 1337 3913 1461 3954; x_wconf 85' lang='lat' dir='ltr'><strong>esse</strong></span> <span class='ocrx_word' id='word_1_499' title='bbox 1499 3899 1814 3967; x_wconf 87' lang='lat' dir='ltr'><strong>requirunt,</strong></span> <span class='ocrx_word' id='word_1_500' title='bbox 1885 3898 2049 3968; x_wconf 90' lang='lat' dir='ltr'><strong>paulo</strong></span> 
     </span>
    </p>
   </div>
   <div class='ocr_carea' id='block_1_71' title="bbox 468 3991 2056 4061">
    <p class='ocr_par' dir='ltr' id='par_1_71' title="bbox 468 3991 2056 4061">
     <span class='ocr_line' id='line_1_71' title="bbox 468 3991 2056 4061; baseline -0.002 -15"><span class='ocrx_word' id='word_1_501' title='bbox 468 3993 536 4046; x_wconf 88' lang='lat' dir='ltr'><strong>ab</strong></span> <span class='ocrx_word' id='word_1_502' title='bbox 578 3991 786 4061; x_wconf 72' lang='lat' dir='ltr'><strong>angelis</strong></span> <span class='ocrx_word' id='word_1_503' title='bbox 835 3992 1130 4053; x_wconf 70' lang='lat' dir='ltr'><strong>minutum,</strong></span> <span class='ocrx_word' id='word_1_504' title='bbox 1191 3991 1284 4059; x_wconf 87' lang='lat' dir='ltr'><strong>qui</strong></span> <span class='ocrx_word' id='word_1_505' title='bbox 1327 3999 1796 4060; x_wconf 70' lang='lat' dir='ltr'><strong>recognoscuntur</strong></span> <span class='ocrx_word' id='word_1_506' title='bbox 1847 3991 1902 4044; x_wconf 90' lang='lat' dir='ltr'><strong>in</strong></span> <span class='ocrx_word' id='word_1_507' title='bbox 1940 4003 2056 4043; x_wconf 86' lang='lat' dir='ltr'><strong>ma—</strong></span> 
     </span>
    </p>
   </div>
   <div class='ocr_carea' id='block_1_72' title="bbox 467 4081 2058 4154">
    <p class='ocr_par' dir='ltr' id='par_1_72' title="bbox 467 4081 2058 4154">
     <span class='ocr_line' id='line_1_72' title="bbox 467 4081 2058 4154; baseline -0.001 -16"><span class='ocrx_word' id='word_1_508' title='bbox 467 4098 574 4154; x_wconf 69' lang='lat' dir='ltr'><strong>suo</strong></span> <span class='ocrx_word' id='word_1_509' title='bbox 600 4082 868 4139; x_wconf 89' lang='lat' dir='ltr'><strong>monacho</strong></span> <span class='ocrx_word' id='word_1_510' title='bbox 919 4083 1088 4137; x_wconf 81' lang='lat' dir='ltr'><strong>veluti</strong></span> <span class='ocrx_word' id='word_1_511' title='bbox 1144 4084 1196 4137; x_wconf 84' lang='lat' dir='ltr'><strong>in</strong></span> <span class='ocrx_word' id='word_1_512' title='bbox 1249 4083 1544 4152; x_wconf 79' lang='lat' dir='ltr'><strong>archetypo</strong></span> <span class='ocrx_word' id='word_1_513' title='bbox 1604 4085 1867 4139; x_wconf 89' lang='lat' dir='ltr'><strong>humano.</strong></span> <span class='ocrx_word' id='word_1_514' title='bbox 1900 4081 2058 4137; x_wconf 88' lang='lat' dir='ltr'><strong>liunc</strong></span> 
     </span>
    </p>
   </div>
   <div class='ocr_carea' id='block_1_73' title="bbox 469 4173 2053 4246">
    <p class='ocr_par' dir='ltr' id='par_1_73' title="bbox 469 4173 2053 4246">
     <span class='ocr_line' id='line_1_73' title="bbox 469 4173 2053 4246; baseline 0.001 -17"><span class='ocrx_word' id='word_1_515' title='bbox 469 4176 618 4230; x_wconf 89' lang='lat' dir='ltr'><strong>enim</strong></span> <span class='ocrx_word' id='word_1_516' title='bbox 662 4189 902 4230; x_wconf 74' lang='lat' dir='ltr'><strong>canones</strong></span> <span class='ocrx_word' id='word_1_517' title='bbox 962 4175 1265 4231; x_wconf 80' lang='lat' dir='ltr'><strong>secundum</strong></span> <span class='ocrx_word' id='word_1_518' title='bbox 1328 4175 1549 4246; x_wconf 75' lang='lat' dir='ltr'><strong>angelos</strong></span> <span class='ocrx_word' id='word_1_519' title='bbox 1603 4173 2053 4231; x_wconf 77' lang='lat' dir='ltr'><strong>eﬂ&#39;ormaverunt.</strong></span> 
     </span>
    </p>
   </div>
   <div class='ocr_carea' id='block_1_74' title="bbox 470 4266 2059 4341">
    <p class='ocr_par' dir='ltr' id='par_1_74' title="bbox 470 4266 2059 4341">
     <span class='ocr_line' id='line_1_74' title="bbox 470 4266 2059 4341; baseline 0.001 -18"><span class='ocrx_word' id='word_1_520' title='bbox 470 4266 621 4324; x_wconf 85' lang='lat' dir='ltr'><strong>Talis</strong></span> <span class='ocrx_word' id='word_1_521' title='bbox 675 4268 841 4324; x_wconf 89' lang='lat' dir='ltr'><strong>videri</strong></span> <span class='ocrx_word' id='word_1_522' title='bbox 893 4269 991 4338; x_wconf 83' lang='lat' dir='ltr'><strong>qui</strong></span> <span class='ocrx_word' id='word_1_523' title='bbox 1042 4267 1208 4329; x_wconf 84' lang='lat' dir='ltr'><strong>debet</strong></span> <span class='ocrx_word' id='word_1_524' title='bbox 1267 4269 1573 4325; x_wconf 85' lang='lat' dir='ltr'><strong>monachus</strong></span> <span class='ocrx_word' id='word_1_525' title='bbox 1628 4271 1809 4324; x_wconf 89' lang='lat' dir='ltr'><strong>minor</strong></span> <span class='ocrx_word' id='word_1_526' title='bbox 1855 4271 2059 4341; x_wconf 88' lang='lat' dir='ltr'><strong>quique</strong></span> 
     </span>
    </p>
   </div>
   <div class='ocr_carea' id='block_1_75' title="bbox 471 4361 2059 4434">
    <p class='ocr_par' dir='ltr' id='par_1_75' title="bbox 471 4361 2059 4434">
     <span class='ocr_line' id='line_1_75' title="bbox 471 4361 2059 4434; baseline 0.001 -19"><span class='ocrx_word' id='word_1_527' title='bbox 471 4361 728 4431; x_wconf 75' lang='lat' dir='ltr'><strong>praelatus</strong></span> <span class='ocrx_word' id='word_1_528' title='bbox 760 4371 838 4416; x_wconf 89' lang='lat' dir='ltr'><strong>est</strong></span> <span class='ocrx_word' id='word_1_529' title='bbox 869 4362 1103 4428; x_wconf 88' lang='lat' dir='ltr'><strong>scilicet,</strong></span> <span class='ocrx_word' id='word_1_530' title='bbox 1135 4362 1225 4432; x_wconf 90' lang='lat' dir='ltr'><strong>qui</strong></span> <span class='ocrx_word' id='word_1_531' title='bbox 1262 4377 1324 4417; x_wconf 87' lang='lat' dir='ltr'><strong>se</strong></span> <span class='ocrx_word' id='word_1_532' title='bbox 1355 4363 1515 4419; x_wconf 87' lang='lat' dir='ltr'><strong>habet</strong></span> <span class='ocrx_word' id='word_1_533' title='bbox 1548 4363 1850 4418; x_wconf 88' lang='lat' dir='ltr'><strong>secundum</strong></span> <span class='ocrx_word' id='word_1_534' title='bbox 1884 4365 2059 4434; x_wconf 88' lang='lat' dir='ltr'><strong>majo-</strong></span> 
     </span>
    </p>
   </div>
   <div class='ocr_carea' id='block_1_76' title="bbox 2147 3162 3753 3236">
    <p class='ocr_par' dir='ltr' id='par_1_76' title="bbox 2147 3162 3753 3236">
     <span class='ocr_line' id='line_1_76' title="bbox 2147 3162 3753 3236; baseline -0.002 -16"><span class='ocrx_word' id='word_1_535' title='bbox 2147 3166 2340 3236; x_wconf 75' lang='grc' dir='ltr'><strong>ὕψους,</strong></span> <span class='ocrx_word' id='word_1_536' title='bbox 2378 3166 2688 3236; x_wconf 82' lang='grc' dir='ltr'><strong>φιλόνεικος</strong></span> <span class='ocrx_word' id='word_1_537' title='bbox 2725 3164 2825 3234; x_wconf 80' lang='grc' dir='ltr'><strong>μὲν</strong></span> <span class='ocrx_word' id='word_1_538' title='bbox 2847 3162 2923 3217; x_wconf 85' lang='grc' dir='ltr'><strong>ὣν</strong></span> <span class='ocrx_word' id='word_1_539' title='bbox 2951 3163 3110 3219; x_wconf 79' lang='grc' dir='ltr'><strong>τοῦτό</strong></span> <span class='ocrx_word' id='word_1_540' title='bbox 3146 3179 3240 3232; x_wconf 85' lang='grc' dir='ltr'><strong>γε,</strong></span> <span class='ocrx_word' id='word_1_541' title='bbox 3271 3162 3474 3226; x_wconf 88' lang='grc' dir='ltr'><strong>τόπους</strong></span> <span class='ocrx_word' id='word_1_542' title='bbox 3506 3163 3565 3216; x_wconf 84' lang='grc' dir='ltr'><strong>δέ</strong></span> <span class='ocrx_word' id='word_1_543' title='bbox 3593 3162 3753 3228; x_wconf 78' lang='grc' dir='ltr'><strong>ἐξευ-</strong></span> 
     </span>
    </p>
   </div>
   <div class='ocr_carea' id='block_1_77' title="bbox 2151 3248 3750 3331">
    <p class='ocr_par' dir='ltr' id='par_1_77' title="bbox 2151 3248 3750 3331">
     <span class='ocr_line' id='line_1_77' title="bbox 2151 3248 3750 3331; baseline -0.004 -17"><span class='ocrx_word' id='word_1_544' title='bbox 2151 3262 2356 3331; x_wconf 88' lang='grc' dir='ltr'><strong>ρίσκων</strong></span> <span class='ocrx_word' id='word_1_545' title='bbox 2413 3258 2974 3330; x_wconf 82' lang='grc' dir='ltr'><strong>ἐπιχειρηματικοὺς,</strong></span> <span class='ocrx_word' id='word_1_546' title='bbox 3040 3257 3111 3311; x_wconf 79' lang='grc' dir='ltr'><strong>δι’</strong></span> <span class='ocrx_word' id='word_1_547' title='bbox 3162 3248 3238 3311; x_wconf 81' lang='grc' dir='ltr'><strong>ὧν</strong></span> <span class='ocrx_word' id='word_1_548' title='bbox 3278 3255 3583 3327; x_wconf 74' lang='grc' dir='ltr'><strong>ἁμιλλᾶται</strong></span> <span class='ocrx_word' id='word_1_549' title='bbox 3641 3257 3750 3326; x_wconf 81' lang='grc' dir='ltr'><strong>τὴν</strong></span> 
     </span>
    </p>
   </div>
   <div class='ocr_carea' id='block_1_78' title="bbox 2147 3343 3753 3422">
    <p class='ocr_par' dir='ltr' id='par_1_78' title="bbox 2147 3343 3753 3422">
     <span class='ocr_line' id='line_1_78' title="bbox 2147 3343 3753 3422; baseline -0.004 -16"><span class='ocrx_word' id='word_1_550' title='bbox 2147 3353 2430 3418; x_wconf 84' lang='grc' dir='ltr'><strong>ἐξίσωσιν,</strong></span> <span class='ocrx_word' id='word_1_551' title='bbox 2459 3343 2534 3405; x_wconf 79' lang='grc' dir='ltr'><strong>ὧν</strong></span> <span class='ocrx_word' id='word_1_552' title='bbox 2558 3351 2953 3422; x_wconf 86' lang='grc' dir='ltr'><strong>κραταιότερος</strong></span> <span class='ocrx_word' id='word_1_553' title='bbox 2979 3347 3008 3402; x_wconf 81' lang='grc' dir='ltr'><strong>ό</strong></span> <span class='ocrx_word' id='word_1_554' title='bbox 3037 3350 3180 3403; x_wconf 85' lang='grc' dir='ltr'><strong>κατά</strong></span> <span class='ocrx_word' id='word_1_555' title='bbox 3232 3347 3332 3419; x_wconf 84' lang='grc' dir='ltr'><strong>τὴν</strong></span> <span class='ocrx_word' id='word_1_556' title='bbox 3367 3349 3753 3418; x_wconf 77' lang='grc' dir='ltr'><strong>ποιμαντικὴν</strong></span> 
     </span>
    </p>
   </div>
   <div class='ocr_carea' id='block_1_79' title="bbox 2150 3435 3750 3518">
    <p class='ocr_par' dir='ltr' id='par_1_79' title="bbox 2150 3435 3750 3518">
     <span class='ocr_line' id='line_1_79' title="bbox 2150 3435 3750 3518; baseline -0.001 -21"><span class='ocrx_word' id='word_1_557' title='bbox 2150 3444 2524 3518; x_wconf 76' lang='grc' dir='ltr'><strong>προστασίανο</strong></span> <span class='ocrx_word' id='word_1_558' title='bbox 2553 3443 2622 3498; x_wconf 82' lang='grc' dir='ltr'><strong>δι’</strong></span> <span class='ocrx_word' id='word_1_559' title='bbox 2647 3435 2716 3516; x_wconf 82' lang='grc' dir='ltr'><strong>ἦς</strong></span> <span class='ocrx_word' id='word_1_560' title='bbox 2747 3441 2922 3516; x_wconf 77' lang='grc' dir='ltr'><strong>βαρὺν</strong></span> <span class='ocrx_word' id='word_1_561' title='bbox 2949 3441 3138 3511; x_wconf 80' lang='grc' dir='ltr'><strong>ζυγὸν,</strong></span> <span class='ocrx_word' id='word_1_562' title='bbox 3171 3441 3255 3495; x_wconf 82' lang='grc' dir='ltr'><strong>ὅτι</strong></span> <span class='ocrx_word' id='word_1_563' title='bbox 3286 3441 3382 3495; x_wconf 71' lang='grc' dir='ltr'><strong>καὶ</strong></span> <span class='ocrx_word' id='word_1_564' title='bbox 3411 3455 3750 3514; x_wconf 85' lang='grc' dir='ltr'><strong>πραγματι-</strong></span> 
     </span>
    </p>
   </div>
   <div class='ocr_carea' id='block_1_80' title="bbox 2149 3533 3348 3603">
    <p class='ocr_par' dir='ltr' id='par_1_80' title="bbox 2149 3533 3348 3603">
     <span class='ocr_line' id='line_1_80' title="bbox 2149 3533 3348 3603; baseline -0.007 -11"><span class='ocrx_word' id='word_1_565' title='bbox 2149 3539 2268 3603; x_wconf 82' lang='grc' dir='ltr'><strong>κδν,</strong></span> <span class='ocrx_word' id='word_1_566' title='bbox 2287 3533 2598 3602; x_wconf 79' lang='grc' dir='ltr'><strong>ἀνεδέξατο.</strong></span> <span class='ocrx_word' id='word_1_567' title='bbox 3345 3549 3348 3552; x_wconf 93' lang='grc'><strong>·</strong></span> 
     </span>
    </p>
   </div>
   <div class='ocr_carea' id='block_1_81' title="bbox 2245 3621 3754 3703">
    <p class='ocr_par' dir='ltr' id='par_1_81' title="bbox 2245 3621 3754 3703">
     <span class='ocr_line' id='line_1_81' title="bbox 2245 3621 3754 3703; baseline -0.003 -19"><span class='ocrx_word' id='word_1_568' title='bbox 2245 3633 2377 3703; x_wconf 72' lang='grc' dir='ltr'><strong>ροδν.</strong></span> <span class='ocrx_word' id='word_1_569' title='bbox 2432 3631 2637 3683; x_wconf 79' lang='grc' dir='ltr'><strong>Τοῦτον</strong></span> <span class='ocrx_word' id='word_1_570' title='bbox 2673 3629 2739 3700; x_wconf 83' lang='grc' dir='ltr'><strong>δὴ</strong></span> <span class='ocrx_word' id='word_1_571' title='bbox 2793 3629 2888 3682; x_wconf 69' lang='grc' dir='ltr'><strong>τὸν</strong></span> <span class='ocrx_word' id='word_1_572' title='bbox 2949 3624 3358 3697; x_wconf 83' lang='grc' dir='ltr'><strong>αίθεροϐἀμονα</strong></span> <span class='ocrx_word' id='word_1_573' title='bbox 3420 3621 3754 3697; x_wconf 77' lang='grc' dir='ltr'><strong>μανδυῶτην</strong></span> 
     </span>
    </p>
   </div>
   <div class='ocr_carea' id='block_1_82' title="bbox 2151 3719 3753 3794">
    <p class='ocr_par' dir='ltr' id='par_1_82' title="bbox 2151 3719 3753 3794">
     <span class='ocr_line' id='line_1_82' title="bbox 2151 3719 3753 3794; baseline -0.004 -16"><span class='ocrx_word' id='word_1_574' title='bbox 2151 3725 2478 3794; x_wconf 75' lang='grc' dir='ltr'><strong>ἡγούμενον.</strong></span> <span class='ocrx_word' id='word_1_575' title='bbox 2535 3722 2594 3786; x_wconf 82' lang='grc' dir='ltr'><strong>ὃς</strong></span> <span class='ocrx_word' id='word_1_576' title='bbox 2655 3723 2780 3777; x_wconf 80' lang='grc' dir='ltr'><strong>καθ’</strong></span> <span class='ocrx_word' id='word_1_577' title='bbox 2815 3721 3015 3793; x_wconf 78' lang='grc' dir='ltr'><strong>ἑτέραν</strong></span> <span class='ocrx_word' id='word_1_578' title='bbox 3049 3719 3355 3786; x_wconf 81' lang='grc' dir='ltr'><strong>μετάϐασιν</strong></span> <span class='ocrx_word' id='word_1_579' title='bbox 3380 3719 3462 3783; x_wconf 82' lang='grc' dir='ltr'><strong>είς</strong></span> <span class='ocrx_word' id='word_1_580' title='bbox 3511 3719 3753 3790; x_wconf 73' lang='grc' dir='ltr'><strong>οὐρανὸν</strong></span> 
     </span>
    </p>
   </div>
   <div class='ocr_carea' id='block_1_83' title="bbox 2155 3811 3753 3884">
    <p class='ocr_par' dir='ltr' id='par_1_83' title="bbox 2155 3811 3753 3884">
     <span class='ocr_line' id='line_1_83' title="bbox 2155 3811 3753 3884; baseline -0.005 -12"><span class='ocrx_word' id='word_1_581' title='bbox 2155 3818 2318 3872; x_wconf 76' lang='grc' dir='ltr'><strong>αὐτὸν</strong></span> <span class='ocrx_word' id='word_1_582' title='bbox 2350 3815 2644 3871; x_wconf 87' lang='grc' dir='ltr'><strong>ἀναϐαίνει</strong></span> <span class='ocrx_word' id='word_1_583' title='bbox 2671 3815 2760 3869; x_wconf 77' lang='grc' dir='ltr'><strong>διὰ</strong></span> <span class='ocrx_word' id='word_1_584' title='bbox 2792 3814 2887 3867; x_wconf 79' lang='grc' dir='ltr'><strong>τοῦ</strong></span> <span class='ocrx_word' id='word_1_585' title='bbox 2925 3812 3170 3883; x_wconf 79' lang='grc' dir='ltr'><strong>μεγάλου</strong></span> <span class='ocrx_word' id='word_1_586' title='bbox 3201 3811 3508 3883; x_wconf 80' lang='grc' dir='ltr'><strong>σχήματος,</strong></span> <span class='ocrx_word' id='word_1_587' title='bbox 3537 3812 3597 3865; x_wconf 72' lang='grc' dir='ltr'><strong>τὸ</strong></span> <span class='ocrx_word' id='word_1_588' title='bbox 3645 3811 3753 3884; x_wconf 79' lang='grc' dir='ltr'><strong>μὲν</strong></span> 
     </span>
    </p>
   </div>
   <div class='ocr_carea' id='block_1_84' title="bbox 2155 3904 3753 3983">
    <p class='ocr_par' dir='ltr' id='par_1_84' title="bbox 2155 3904 3753 3983">
     <span class='ocr_line' id='line_1_84' title="bbox 2155 3904 3753 3983; baseline -0.005 -18"><span class='ocrx_word' id='word_1_589' title='bbox 2155 3913 2416 3983; x_wconf 82' lang='grc' dir='ltr'><strong>πρᾶγμα,</strong></span> <span class='ocrx_word' id='word_1_590' title='bbox 2459 3909 2555 3962; x_wconf 74' lang='grc' dir='ltr'><strong>καὶ</strong></span> <span class='ocrx_word' id='word_1_591' title='bbox 2597 3908 2759 3980; x_wconf 71' lang='grc' dir='ltr'><strong>ὀρθὸς</strong></span> <span class='ocrx_word' id='word_1_592' title='bbox 2791 3905 3001 3970; x_wconf 85' lang='grc' dir='ltr'><strong>κανὼν,</strong></span> <span class='ocrx_word' id='word_1_593' title='bbox 3033 3908 3130 3960; x_wconf 78' lang='grc' dir='ltr'><strong>καὶ</strong></span> <span class='ocrx_word' id='word_1_594' title='bbox 3184 3907 3217 3977; x_wconf 80' lang='grc' dir='ltr'>ἠ</span> <span class='ocrx_word' id='word_1_595' title='bbox 3250 3907 3394 3960; x_wconf 71' lang='grc' dir='ltr'><strong>κατά</strong></span> <span class='ocrx_word' id='word_1_596' title='bbox 3425 3904 3563 3958; x_wconf 78' lang='grc' dir='ltr'><strong>Θεὸν</strong></span> <span class='ocrx_word' id='word_1_597' title='bbox 3617 3906 3753 3959; x_wconf 82' lang='grc' dir='ltr'><strong>ἀκο-</strong></span> 
     </span>
    </p>
   </div>
   <div class='ocr_carea' id='block_1_85' title="bbox 2157 3991 3753 4071">
    <p class='ocr_par' dir='ltr' id='par_1_85' title="bbox 2157 3991 3753 4071">
     <span class='ocr_line' id='line_1_85' title="bbox 2157 3991 3753 4071; baseline -0.003 -18"><span class='ocrx_word' id='word_1_598' title='bbox 2157 4000 2349 4054; x_wconf 88' lang='grc' dir='ltr'><strong>λουθία</strong></span> <span class='ocrx_word' id='word_1_599' title='bbox 2409 4001 2584 4071; x_wconf 86' lang='grc' dir='ltr'><strong>μέγαν</strong></span> <span class='ocrx_word' id='word_1_600' title='bbox 2626 3999 2854 4053; x_wconf 84' lang='grc' dir='ltr'><strong>ἀπαιτεῖ</strong></span> <span class='ocrx_word' id='word_1_601' title='bbox 2887 3996 3183 4068; x_wconf 80' lang='grc' dir='ltr'><strong>ἄνθρωπον</strong></span> <span class='ocrx_word' id='word_1_602' title='bbox 3244 3991 3412 4061; x_wconf 73' lang='grc' dir='ltr'><strong>εἶναι,</strong></span> <span class='ocrx_word' id='word_1_603' title='bbox 3472 3996 3569 4048; x_wconf 79' lang='grc' dir='ltr'><strong>καὶ</strong></span> <span class='ocrx_word' id='word_1_604' title='bbox 3637 3991 3753 4048; x_wconf 75' lang='grc' dir='ltr'><strong>οἷον</strong></span> 
     </span>
    </p>
   </div>
   <div class='ocr_carea' id='block_1_86' title="bbox 2157 4087 3752 4166">
    <p class='ocr_par' dir='ltr' id='par_1_86' title="bbox 2157 4087 3752 4166">
     <span class='ocr_line' id='line_1_86' title="bbox 2157 4087 3752 4166; baseline -0.006 -16"><span class='ocrx_word' id='word_1_605' title='bbox 2157 4096 2281 4150; x_wconf 81' lang='grc' dir='ltr'><strong>οὐδέ</strong></span> <span class='ocrx_word' id='word_1_606' title='bbox 2313 4094 2490 4166; x_wconf 80' lang='grc' dir='ltr'><strong>βραχύ</strong></span> <span class='ocrx_word' id='word_1_607' title='bbox 2515 4110 2566 4145; x_wconf 91' lang='grc' dir='ltr'><strong>τι</strong></span> <span class='ocrx_word' id='word_1_608' title='bbox 2603 4091 2843 4160; x_wconf 82' lang='grc' dir='ltr'><strong>ἀγγέλου</strong></span> <span class='ocrx_word' id='word_1_609' title='bbox 2899 4088 3275 4161; x_wconf 77' lang='grc' dir='ltr'><strong>ἠλαττῶσθαι,</strong></span> <span class='ocrx_word' id='word_1_610' title='bbox 3307 4088 3402 4142; x_wconf 75' lang='grc' dir='ltr'><strong>τοῦ</strong></span> <span class='ocrx_word' id='word_1_611' title='bbox 3436 4087 3752 4159; x_wconf 85' lang='grc' dir='ltr'><strong>ἐνθεωρου-</strong></span> 
     </span>
    </p>
   </div>
   <div class='ocr_carea' id='block_1_87' title="bbox 2163 4181 3756 4259">
    <p class='ocr_par' dir='ltr' id='par_1_87' title="bbox 2163 4181 3756 4259">
     <span class='ocr_line' id='line_1_87' title="bbox 2163 4181 3756 4259; baseline -0.004 -19"><span class='ocrx_word' id='word_1_612' title='bbox 2163 4187 2347 4259; x_wconf 87' lang='grc' dir='ltr'><strong>μένου,</strong></span> <span class='ocrx_word' id='word_1_613' title='bbox 2384 4185 2485 4239; x_wconf 83' lang='grc' dir='ltr'><strong>ὅσα</strong></span> <span class='ocrx_word' id='word_1_614' title='bbox 2516 4185 2611 4239; x_wconf 68' lang='grc' dir='ltr'><strong>καὶ</strong></span> <span class='ocrx_word' id='word_1_615' title='bbox 2637 4181 2970 4255; x_wconf 78' lang='grc' dir='ltr'><strong>ἀνθρωπίνῳ</strong></span> <span class='ocrx_word' id='word_1_616' title='bbox 3005 4185 3331 4255; x_wconf 82' lang='grc' dir='ltr'><strong>ἀρχετύπῳ,</strong></span> <span class='ocrx_word' id='word_1_617' title='bbox 3367 4181 3448 4252; x_wconf 82' lang='grc' dir='ltr'><strong>τῷ</strong></span> <span class='ocrx_word' id='word_1_618' title='bbox 3480 4182 3756 4251; x_wconf 85' lang='grc' dir='ltr'><strong>μεγαλοσ-</strong></span> 
     </span>
    </p>
   </div>
   <div class='ocr_carea' id='block_1_88' title="bbox 2160 4275 3752 4353">
    <p class='ocr_par' dir='ltr' id='par_1_88' title="bbox 2160 4275 3752 4353">
     <span class='ocr_line' id='line_1_88' title="bbox 2160 4275 3752 4353; baseline -0.016 0"><span class='ocrx_word' id='word_1_619' title='bbox 2160 4281 2385 4353; x_wconf 81' lang='grc' dir='ltr'><strong>χήμονι-</strong></span> <span class='ocrx_word' id='word_1_620' title='bbox 2411 4278 2670 4340; x_wconf 37' lang='grc' dir='ltr'><strong>’Ἐκεῖνος</strong></span> <span class='ocrx_word' id='word_1_621' title='bbox 2705 4277 2816 4348; x_wconf 71' lang='grc' dir='ltr'><strong>γὰρ</strong></span> <span class='ocrx_word' id='word_1_622' title='bbox 2874 4275 3014 4345; x_wconf 76' lang='grc' dir='ltr'><strong>πρὸς</strong></span> <span class='ocrx_word' id='word_1_623' title='bbox 3042 4275 3208 4332; x_wconf 74' lang='grc' dir='ltr'><strong>αὐτὸν</strong></span> <span class='ocrx_word' id='word_1_624' title='bbox 3257 4276 3493 4345; x_wconf 79' lang='grc' dir='ltr'><strong>ἄγγελον</strong></span> <span class='ocrx_word' id='word_1_625' title='bbox 3525 4293 3752 4330; x_wconf 76' lang='grc' dir='ltr'><strong>κανονι-</strong></span> 
     </span>
    </p>
   </div>
   <div class='ocr_carea' id='block_1_89' title="bbox 2162 4365 3755 4436">
    <p class='ocr_par' dir='ltr' id='par_1_89' title="bbox 2162 4365 3755 4436">
     <span class='ocr_line' id='line_1_89' title="bbox 2162 4365 3755 4436; baseline -0.003 -10"><span class='ocrx_word' id='word_1_626' title='bbox 2162 4373 2274 4436; x_wconf 85' lang='grc' dir='ltr'><strong>κῶς</strong></span> <span class='ocrx_word' id='word_1_627' title='bbox 2335 4370 2738 4424; x_wconf 88' lang='grc' dir='ltr'><strong>ἐκτετύπωται.</strong></span> <span class='ocrx_word' id='word_1_628' title='bbox 2791 4365 3052 4431; x_wconf 82' lang='grc' dir='ltr'><strong>Τοιοῦτος</strong></span> <span class='ocrx_word' id='word_1_629' title='bbox 3109 4367 3167 4421; x_wconf 83' lang='grc' dir='ltr'><strong>δέ</strong></span> <span class='ocrx_word' id='word_1_630' title='bbox 3211 4367 3627 4435; x_wconf 82' lang='grc' dir='ltr'><strong>ἀπαιτούμενος</strong></span> <span class='ocrx_word' id='word_1_631' title='bbox 3656 4369 3755 4422; x_wconf 74' lang='grc' dir='ltr'><strong>καὶ</strong></span> 
     </span>
    </p>
   </div>
   <div class='ocr_carea' id='block_1_90' title="bbox 471 4441 2043 4536">
    <p class='ocr_par' dir='ltr' id='par_1_90' title="bbox 471 4453 2043 4526">
     <span class='ocr_line' id='line_1_90' title="bbox 471 4453 2043 4526; baseline 0.002 -17"><span class='ocrx_word' id='word_1_632' title='bbox 471 4469 604 4516; x_wconf 81' lang='lat' dir='ltr'><strong>rem,</strong></span> <span class='ocrx_word' id='word_1_633' title='bbox 622 4465 713 4508; x_wconf 76' lang='lat' dir='ltr'><strong>aut</strong></span> <span class='ocrx_word' id='word_1_634' title='bbox 729 4453 1074 4520; x_wconf 67' lang='lat' dir='ltr'><strong>adtneliuset</strong></span> <span class='ocrx_word' id='word_1_635' title='bbox 1093 4454 1296 4509; x_wconf 85' lang='lat' dir='ltr'><strong>rectius</strong></span> <span class='ocrx_word' id='word_1_636' title='bbox 1314 4456 1648 4526; x_wconf 88' lang='lat' dir='ltr'><strong>loquendum</strong></span> <span class='ocrx_word' id='word_1_637' title='bbox 1680 4457 2043 4526; x_wconf 72' lang='lat' dir='ltr'><strong>impressione</strong></span> 
     </span>
    </p>
   </div>
   <div class='ocr_carea' id='block_1_91' title="bbox 2152 4441 3752 4536">
    <p class='ocr_par' dir='ltr' id='par_1_91' title="bbox 2153 4460 3752 4536">
     <span class='ocr_line' id='line_1_91' title="bbox 2153 4460 3752 4536; baseline -0.003 -17"><span class='ocrx_word' id='word_1_638' title='bbox 2153 4465 2438 4536; x_wconf 82' lang='grc' dir='ltr'><strong>φαίνεσθαι</strong></span> <span class='ocrx_word' id='word_1_639' title='bbox 2467 4464 2561 4518; x_wconf 68' lang='grc' dir='ltr'><strong>καὶ</strong></span> <span class='ocrx_word' id='word_1_640' title='bbox 2595 4461 2735 4516; x_wconf 74' lang='grc' dir='ltr'><strong>εἷναι</strong></span> <span class='ocrx_word' id='word_1_641' title='bbox 2767 4463 2794 4514; x_wconf 82' lang='grc' dir='ltr'>ὁ</span> <span class='ocrx_word' id='word_1_642' title='bbox 2813 4463 3214 4534; x_wconf 75' lang='grc' dir='ltr'><strong>μικροσχήμων</strong></span> <span class='ocrx_word' id='word_1_643' title='bbox 3245 4463 3367 4532; x_wconf 82' lang='grc' dir='ltr'><strong>μὲν,</strong></span> <span class='ocrx_word' id='word_1_644' title='bbox 3388 4460 3752 4532; x_wconf 81' lang='grc' dir='ltr'><strong>καθηγούμεο</strong></span> 
     </span>
    </p>
   </div>
   <div class='ocr_carea' id='block_1_92' title="bbox 467 4547 2047 4621">
    <p class='ocr_par' dir='ltr' id='par_1_92' title="bbox 467 4547 2047 4621">
     <span class='ocr_line' id='line_1_92' title="bbox 467 4547 2047 4621; baseline 0.003 -19"><span class='ocrx_word' id='word_1_645' title='bbox 467 4547 653 4602; x_wconf 79' lang='lat' dir='ltr'><strong>divina</strong></span> <span class='ocrx_word' id='word_1_646' title='bbox 679 4547 1010 4602; x_wconf 80' lang='lat' dir='ltr'><strong>informatus</strong></span> <span class='ocrx_word' id='word_1_647' title='bbox 1036 4553 1144 4608; x_wconf 81' lang='lat' dir='ltr'><strong>est.</strong></span> <span class='ocrx_word' id='word_1_648' title='bbox 1181 4547 1553 4603; x_wconf 80' lang='lat' dir='ltr'><strong>immensitate</strong></span> <span class='ocrx_word' id='word_1_649' title='bbox 1588 4560 1839 4621; x_wconf 76' lang='lat' dir='ltr'><strong>excepta,</strong></span> <span class='ocrx_word' id='word_1_650' title='bbox 1873 4553 1926 4605; x_wconf 90' lang='lat' dir='ltr'><strong>in</strong></span> <span class='ocrx_word' id='word_1_651' title='bbox 1954 4565 2047 4607; x_wconf 89' lang='lat' dir='ltr'><strong>ce-</strong></span> 
     </span>
    </p>
   </div>
   <div class='ocr_carea' id='block_1_93' title="bbox 469 4637 2046 4714">
    <p class='ocr_par' dir='ltr' id='par_1_93' title="bbox 469 4637 2046 4714">
     <span class='ocr_line' id='line_1_93' title="bbox 469 4637 2046 4714; baseline 0.006 -22"><span class='ocrx_word' id='word_1_652' title='bbox 469 4637 760 4693; x_wconf 72' lang='lat' dir='ltr'><strong>leberrima</strong></span> <span class='ocrx_word' id='word_1_653' title='bbox 788 4639 1028 4705; x_wconf 89' lang='lat' dir='ltr'><strong>urbium,</strong></span> <span class='ocrx_word' id='word_1_654' title='bbox 1051 4649 1104 4695; x_wconf 89' lang='lat' dir='ltr'><strong>et</strong></span> <span class='ocrx_word' id='word_1_655' title='bbox 1136 4639 1189 4693; x_wconf 91' lang='lat' dir='ltr'><strong>in</strong></span> <span class='ocrx_word' id='word_1_656' title='bbox 1243 4641 1365 4696; x_wconf 88' lang='lat' dir='ltr'><strong>aliis</strong></span> <span class='ocrx_word' id='word_1_657' title='bbox 1401 4643 1536 4698; x_wconf 83' lang='lat' dir='ltr'><strong>locis</strong></span> <span class='ocrx_word' id='word_1_658' title='bbox 1562 4658 1796 4714; x_wconf 89' lang='lat' dir='ltr'><strong>quorum</strong></span> <span class='ocrx_word' id='word_1_659' title='bbox 1833 4645 2046 4714; x_wconf 85' lang='lat' dir='ltr'><strong>pleros-</strong></span> 
     </span>
    </p>
   </div>
   <div class='ocr_carea' id='block_1_94' title="bbox 469 4733 2046 4803">
    <p class='ocr_par' dir='ltr' id='par_1_94' title="bbox 469 4733 2046 4803">
     <span class='ocr_line' id='line_1_94' title="bbox 469 4733 2046 4803; baseline 0.009 -22"><span class='ocrx_word' id='word_1_660' title='bbox 469 4746 577 4799; x_wconf 90' lang='lat' dir='ltr'><strong>que</strong></span> <span class='ocrx_word' id='word_1_661' title='bbox 608 4746 672 4784; x_wconf 76' lang='grc' dir='ltr'><strong>οι</strong></span> <span class='ocrx_word' id='word_1_662' title='bbox 701 4733 1046 4799; x_wconf 74' lang='lat' dir='ltr'><strong>auctoribus,</strong></span> <span class='ocrx_word' id='word_1_663' title='bbox 1082 4735 1372 4791; x_wconf 88' lang='lat' dir='ltr'><strong>nonnullos</strong></span> <span class='ocrx_word' id='word_1_664' title='bbox 1401 4752 1528 4792; x_wconf 87' lang='lat' dir='ltr'><strong>vero</strong></span> <span class='ocrx_word' id='word_1_665' title='bbox 1563 4737 1736 4794; x_wconf 88' lang='lat' dir='ltr'><strong>oculis</strong></span> <span class='ocrx_word' id='word_1_666' title='bbox 1769 4741 2046 4803; x_wconf 86' lang='lat' dir='ltr'><strong>novimus,</strong></span> 
     </span>
    </p>
   </div>
   <div class='ocr_carea' id='block_1_95' title="bbox 467 4817 2046 4894">
    <p class='ocr_par' dir='ltr' id='par_1_95' title="bbox 467 4817 2046 4894">
     <span class='ocr_line' id='line_1_95' title="bbox 467 4817 2046 4894; baseline 0.009 -25"><span class='ocrx_word' id='word_1_667' title='bbox 467 4817 739 4886; x_wconf 78' lang='lat' dir='ltr'><strong>postulata</strong></span> <span class='ocrx_word' id='word_1_668' title='bbox 771 4819 1052 4891; x_wconf 81' lang='lat' dir='ltr'><strong>adimplet,</strong></span> <span class='ocrx_word' id='word_1_669' title='bbox 1097 4833 1151 4879; x_wconf 88' lang='lat' dir='ltr'><strong>et</strong></span> <span class='ocrx_word' id='word_1_670' title='bbox 1183 4834 1302 4894; x_wconf 87' lang='lat' dir='ltr'><strong>post</strong></span> <span class='ocrx_word' id='word_1_671' title='bbox 1329 4827 1633 4881; x_wconf 88' lang='lat' dir='ltr'><strong>secundum</strong></span> <span class='ocrx_word' id='word_1_672' title='bbox 1707 4829 1905 4884; x_wconf 68' lang='lat' dir='ltr'><strong>cadum</strong></span> <span class='ocrx_word' id='word_1_673' title='bbox 1951 4846 2046 4886; x_wconf 90' lang='lat' dir='ltr'><strong>seu</strong></span> 
     </span>
    </p>
   </div>
   <div class='ocr_carea' id='block_1_96' title="bbox 470 4910 2052 4986">
    <p class='ocr_par' dir='ltr' id='par_1_96' title="bbox 470 4910 2052 4986">
     <span class='ocr_line' id='line_1_96' title="bbox 470 4910 2052 4986; baseline 0.01 -22"><span class='ocrx_word' id='word_1_674' title='bbox 470 4910 773 4980; x_wconf 67' lang='lat' dir='ltr'><strong>perlectum</strong></span> <span class='ocrx_word' id='word_1_675' title='bbox 832 4916 1168 4972; x_wconf 83' lang='lat' dir='ltr'><strong>monachum</strong></span> <span class='ocrx_word' id='word_1_676' title='bbox 1240 4919 1354 4986; x_wconf 80' lang='lat' dir='ltr'><strong>ipse</strong></span> <span class='ocrx_word' id='word_1_677' title='bbox 1425 4921 1700 4976; x_wconf 83' lang='lat' dir='ltr'><strong>secundus</strong></span> <span class='ocrx_word' id='word_1_678' title='bbox 1765 4925 2052 4980; x_wconf 58' lang='lat' dir='ltr'><strong>constitui-</strong></span> 
     </span>
    </p>
   </div>
   <div class='ocr_carea' id='block_1_97' title="bbox 470 5004 2059 5085">
    <p class='ocr_par' dir='ltr' id='par_1_97' title="bbox 470 5004 2059 5085">
     <span class='ocr_line' id='line_1_97' title="bbox 470 5004 2059 5085; baseline 0.012 -31"><span class='ocrx_word' id='word_1_679' title='bbox 470 5009 580 5065; x_wconf 82' lang='lat' dir='ltr'><strong>tur,</strong></span> <span class='ocrx_word' id='word_1_680' title='bbox 615 5004 772 5071; x_wconf 76' lang='lat' dir='ltr'><strong>quasi</strong></span> <span class='ocrx_word' id='word_1_681' title='bbox 802 5008 1108 5064; x_wconf 84' lang='lat' dir='ltr'><strong>secundum</strong></span> <span class='ocrx_word' id='word_1_682' title='bbox 1142 5021 1344 5065; x_wconf 84' lang='lat' dir='ltr'><strong>terram</strong></span> <span class='ocrx_word' id='word_1_683' title='bbox 1377 5027 1486 5068; x_wconf 90' lang='lat' dir='ltr'><strong>non</strong></span> <span class='ocrx_word' id='word_1_684' title='bbox 1520 5025 1796 5070; x_wconf 86' lang='lat' dir='ltr'><strong>errantem</strong></span> <span class='ocrx_word' id='word_1_685' title='bbox 1819 5016 1938 5085; x_wconf 87' lang='lat' dir='ltr'><strong>ipse</strong></span> <span class='ocrx_word' id='word_1_686' title='bbox 1968 5033 2059 5073; x_wconf 87' lang='lat' dir='ltr'><strong>ro-</strong></span> 
     </span>
    </p>
   </div>
   <div class='ocr_carea' id='block_1_98' title="bbox 473 5094 1746 5152">
    <p class='ocr_par' dir='ltr' id='par_1_98' title="bbox 473 5094 1746 5152">
     <span class='ocr_line' id='line_1_98' title="bbox 473 5094 1746 5152; baseline 0.002 -4"><span class='ocrx_word' id='word_1_687' title='bbox 473 5106 536 5148; x_wconf 83' lang='grc' dir='ltr'><strong>ιιι</strong></span> <span class='ocrx_word' id='word_1_688' title='bbox 545 5094 711 5151; x_wconf 81' lang='lat' dir='ltr'><strong>ndetu</strong></span> <span class='ocrx_word' id='word_1_689' title='bbox 721 5113 769 5152; x_wconf 85' lang='lat' dir='ltr'><strong>r.</strong></span> <span class='ocrx_word' id='word_1_690' title='bbox 1743 5103 1746 5106; x_wconf 46' lang='grc' dir='ltr'><strong>λ</strong></span> 
     </span>
    </p>
   </div>
   <div class='ocr_carea' id='block_1_99' title="bbox 468 5191 2292 5277">
    <p class='ocr_par' dir='ltr' id='par_1_99' title="bbox 468 5191 2292 5277">
     <span class='ocr_line' id='line_1_99' title="bbox 468 5191 2292 5277; baseline 0.012 -35"><span class='ocrx_word' id='word_1_691' title='bbox 468 5191 560 5244; x_wconf 73' lang='grc' dir='ltr'><strong>τὸν</strong></span> <span class='ocrx_word' id='word_1_692' title='bbox 588 5195 910 5248; x_wconf 71' lang='grc' dir='ltr'><strong>παντέλειαν</strong></span> <span class='ocrx_word' id='word_1_693' title='bbox 1003 5200 1260 5270; x_wconf 69' lang='grc' dir='ltr'><strong>μοναχὸν,</strong></span> <span class='ocrx_word' id='word_1_694' title='bbox 1301 5199 1558 5273; x_wconf 81' lang='grc' dir='ltr'><strong>δεύτερος</strong></span> <span class='ocrx_word' id='word_1_695' title='bbox 1627 5204 1791 5270; x_wconf 65' lang='grc' dir='ltr'><strong>αὑτὸς</strong></span> <span class='ocrx_word' id='word_1_696' title='bbox 1852 5207 2164 5277; x_wconf 78' lang='grc' dir='ltr'><strong>ἐκτέταται,</strong></span> <span class='ocrx_word' id='word_1_697' title='bbox 2217 5210 2292 5273; x_wconf 85' lang='grc' dir='ltr'><strong>ὡς</strong></span> 
     </span>
    </p>
   </div>
   <div class='ocr_carea' id='block_1_100' title="bbox 470 5297 631 5359">
    <p class='ocr_par' dir='ltr' id='par_1_100' title="bbox 470 5297 631 5359">
     <span class='ocr_line' id='line_1_100' title="bbox 470 5297 631 5359; baseline 0.012 -19"><span class='ocrx_word' id='word_1_698' title='bbox 470 5297 631 5359; x_wconf 62' lang='lat' dir='ltr'><strong>puro.</strong></span> 
     </span>
    </p>
   </div>
   <div class='ocr_carea' id='block_1_101' title="bbox 540 5383 2022 5458">
    <p class='ocr_par' dir='ltr' id='par_1_101' title="bbox 540 5383 2022 5458">
     <span class='ocr_line' id='line_1_101' title="bbox 540 5383 2022 5458; baseline 0.011 -22"><span class='ocrx_word' id='word_1_699' title='bbox 540 5383 666 5438; x_wconf 73' lang='grc'><strong>175.</strong></span> <span class='ocrx_word' id='word_1_700' title='bbox 700 5383 856 5454; x_wconf 79' lang='lat' dir='ltr'><strong>Apud</strong></span> <span class='ocrx_word' id='word_1_701' title='bbox 889 5401 991 5442; x_wconf 90' lang='lat' dir='ltr'><strong>uos</strong></span> <span class='ocrx_word' id='word_1_702' title='bbox 1028 5397 1207 5443; x_wconf 88' lang='lat' dir='ltr'><strong>autem</strong></span> <span class='ocrx_word' id='word_1_703' title='bbox 1241 5404 1349 5443; x_wconf 84' lang='lat' dir='ltr'><strong>non</strong></span> <span class='ocrx_word' id='word_1_704' title='bbox 1393 5405 1614 5458; x_wconf 76' lang='lat' dir='ltr'><strong>posstrn</strong></span> <span class='ocrx_word' id='word_1_705' title='bbox 1658 5395 1928 5451; x_wconf 84' lang='lat' dir='ltr'><strong>veraciter</strong></span> <span class='ocrx_word' id='word_1_706' title='bbox 1957 5414 2022 5453; x_wconf 80' lang='lat' dir='ltr'><strong>ex</strong></span> 
     </span>
    </p>
   </div>
   <div class='ocr_carea' id='block_1_102' title="bbox 472 5475 2046 5552">
    <p class='ocr_par' dir='ltr' id='par_1_102' title="bbox 472 5475 2046 5552">
     <span class='ocr_line' id='line_1_102' title="bbox 472 5475 2046 5552; baseline 0.009 -23"><span class='ocrx_word' id='word_1_707' title='bbox 472 5475 698 5545; x_wconf 79' lang='lat' dir='ltr'><strong>pianare</strong></span> <span class='ocrx_word' id='word_1_708' title='bbox 721 5479 1000 5547; x_wconf 86' lang='lat' dir='ltr'><strong>quisnam,</strong></span> <span class='ocrx_word' id='word_1_709' title='bbox 1037 5490 1092 5535; x_wconf 90' lang='lat' dir='ltr'><strong>et</strong></span> <span class='ocrx_word' id='word_1_710' title='bbox 1124 5482 1306 5552; x_wconf 90' lang='lat' dir='ltr'><strong>qualis</strong></span> <span class='ocrx_word' id='word_1_711' title='bbox 1337 5485 1392 5536; x_wconf 88' lang='lat' dir='ltr'><strong>in</strong></span> <span class='ocrx_word' id='word_1_712' title='bbox 1418 5499 1476 5538; x_wconf 91' lang='lat' dir='ltr'><strong>se</strong></span> <span class='ocrx_word' id='word_1_713' title='bbox 1501 5485 1594 5537; x_wconf 90' lang='lat' dir='ltr'><strong>sit.</strong></span> <span class='ocrx_word' id='word_1_714' title='bbox 1620 5484 1868 5542; x_wconf 82' lang='lat' dir='ltr'><strong>Jactatur</strong></span> <span class='ocrx_word' id='word_1_715' title='bbox 1899 5489 2046 5543; x_wconf 89' lang='lat' dir='ltr'><strong>enim</strong></span> 
     </span>
    </p>
   </div>
   <div class='ocr_carea' id='block_1_103' title="bbox 471 5573 2055 5652">
    <p class='ocr_par' dir='ltr' id='par_1_103' title="bbox 471 5573 2055 5652">
     <span class='ocr_line' id='line_1_103' title="bbox 471 5573 2055 5652; baseline 0.01 -31"><span class='ocrx_word' id='word_1_716' title='bbox 471 5582 596 5623; x_wconf 89' lang='lat' dir='ltr'><strong>eum</strong></span> <span class='ocrx_word' id='word_1_717' title='bbox 633 5584 800 5640; x_wconf 75' lang='lat' dir='ltr'><strong>super</strong></span> <span class='ocrx_word' id='word_1_718' title='bbox 841 5573 1074 5642; x_wconf 90' lang='lat' dir='ltr'><strong>prlmum</strong></span> <span class='ocrx_word' id='word_1_719' title='bbox 1111 5577 1309 5630; x_wconf 74' lang='lat' dir='ltr'><strong>coelum</strong></span> <span class='ocrx_word' id='word_1_720' title='bbox 1365 5588 1533 5646; x_wconf 77' lang='lat' dir='ltr'><strong>esse,</strong></span> <span class='ocrx_word' id='word_1_721' title='bbox 1559 5581 1706 5636; x_wconf 81' lang='lat' dir='ltr'><strong>sicut</strong></span> <span class='ocrx_word' id='word_1_722' title='bbox 1745 5595 1904 5652; x_wconf 63' lang='lat' dir='ltr'><strong>aqua:</strong></span> <span class='ocrx_word' id='word_1_723' title='bbox 1933 5599 2055 5651; x_wconf 80' lang='lat' dir='ltr'><strong>quae</strong></span> 
     </span>
    </p>
   </div>
   <div class='ocr_carea' id='block_1_104' title="bbox 475 5661 2052 5741">
    <p class='ocr_par' dir='ltr' id='par_1_104' title="bbox 475 5661 2052 5741">
     <span class='ocr_line' id='line_1_104' title="bbox 475 5661 2052 5741; baseline 0.011 -30"><span class='ocrx_word' id='word_1_724' title='bbox 475 5673 642 5728; x_wconf 88' lang='lat' dir='ltr'><strong>supra</strong></span> <span class='ocrx_word' id='word_1_725' title='bbox 687 5661 1092 5720; x_wconf 72' lang='lat' dir='ltr'><strong>firmamentum</strong></span> <span class='ocrx_word' id='word_1_726' title='bbox 1149 5677 1298 5731; x_wconf 85' lang='lat' dir='ltr'><strong>sunt,</strong></span> <span class='ocrx_word' id='word_1_727' title='bbox 1354 5671 1470 5740; x_wconf 91' lang='lat' dir='ltr'><strong>ipse</strong></span> <span class='ocrx_word' id='word_1_728' title='bbox 1531 5673 1744 5741; x_wconf 82' lang='lat' dir='ltr'><strong>primus</strong></span> <span class='ocrx_word' id='word_1_729' title='bbox 1804 5675 2052 5728; x_wconf 83' lang='lat' dir='ltr'><strong>omnium</strong></span> 
     </span>
    </p>
   </div>
   <div class='ocr_carea' id='block_1_105' title="bbox 481 5749 2056 5832">
    <p class='ocr_par' dir='ltr' id='par_1_105' title="bbox 481 5749 2056 5832">
     <span class='ocr_line' id='line_1_105' title="bbox 481 5749 2056 5832; baseline 0.012 -30"><span class='ocrx_word' id='word_1_730' title='bbox 481 5749 766 5808; x_wconf 70' lang='lat' dir='ltr'><strong>lanuuinum</strong></span> <span class='ocrx_word' id='word_1_731' title='bbox 795 5769 917 5810; x_wconf 79' lang='lat' dir='ltr'><strong>esse</strong></span> <span class='ocrx_word' id='word_1_732' title='bbox 951 5757 1288 5829; x_wconf 86' lang='lat' dir='ltr'><strong>arbitratur;</strong></span> <span class='ocrx_word' id='word_1_733' title='bbox 1334 5764 1599 5832; x_wconf 87' lang='lat' dir='ltr'><strong>probatur</strong></span> <span class='ocrx_word' id='word_1_734' title='bbox 1643 5781 1772 5822; x_wconf 86' lang='lat' dir='ltr'><strong>vero</strong></span> <span class='ocrx_word' id='word_1_735' title='bbox 1800 5803 1815 5832; x_wconf 87' lang='lat'><strong>,</strong></span> <span class='ocrx_word' id='word_1_736' title='bbox 1879 5766 2056 5823; x_wconf 73' lang='lat' dir='ltr'><strong>instar</strong></span> 
     </span>
    </p>
   </div>
   <div class='ocr_carea' id='block_1_106' title="bbox 2154 4552 3755 4627">
    <p class='ocr_par' dir='ltr' id='par_1_106' title="bbox 2154 4552 3755 4627">
     <span class='ocr_line' id='line_1_106' title="bbox 2154 4552 3755 4627; baseline -0.004 -14"><span class='ocrx_word' id='word_1_737' title='bbox 2154 4577 2246 4622; x_wconf 83' lang='lat' dir='ltr'><strong>vo;</strong></span> <span class='ocrx_word' id='word_1_738' title='bbox 2278 4559 2333 4611; x_wconf 85' lang='grc' dir='ltr'><strong>δέ</strong></span> <span class='ocrx_word' id='word_1_739' title='bbox 2364 4556 2441 4627; x_wconf 81' lang='grc' dir='ltr'><strong>(ὃς</strong></span> <span class='ocrx_word' id='word_1_740' title='bbox 2465 4557 2560 4610; x_wconf 79' lang='grc' dir='ltr'><strong>καὶ</strong></span> <span class='ocrx_word' id='word_1_741' title='bbox 2588 4555 2750 4618; x_wconf 76' lang='grc' dir='ltr'><strong>αὐτὸς</strong></span> <span class='ocrx_word' id='word_1_742' title='bbox 2776 4554 2877 4625; x_wconf 70' lang='grc' dir='ltr'><strong>ἤδη</strong></span> <span class='ocrx_word' id='word_1_743' title='bbox 2909 4555 3051 4608; x_wconf 87' lang='grc' dir='ltr'><strong>κατὰ</strong></span> <span class='ocrx_word' id='word_1_744' title='bbox 3085 4552 3176 4626; x_wconf 74' lang='grc' dir='ltr'><strong>τὸν</strong></span> <span class='ocrx_word' id='word_1_745' title='bbox 3202 4554 3378 4624; x_wconf 86' lang='grc' dir='ltr'><strong>μέγαν</strong></span> <span class='ocrx_word' id='word_1_746' title='bbox 3407 4553 3755 4623; x_wconf 75' lang='grc' dir='ltr'><strong>ἐσχημάτισ-</strong></span> 
     </span>
    </p>
   </div>
   <div class='ocr_carea' id='block_1_107' title="bbox 2154 4647 3750 4722">
    <p class='ocr_par' dir='ltr' id='par_1_107' title="bbox 2154 4647 3750 4722">
     <span class='ocr_line' id='line_1_107' title="bbox 2154 4647 3750 4722; baseline -0.004 -16"><span class='ocrx_word' id='word_1_747' title='bbox 2154 4669 2272 4714; x_wconf 89' lang='grc' dir='ltr'><strong>ται,</strong></span> <span class='ocrx_word' id='word_1_748' title='bbox 2325 4651 2562 4722; x_wconf 79' lang='grc' dir='ltr'><strong>μάλιστα</strong></span> <span class='ocrx_word' id='word_1_749' title='bbox 2597 4649 2696 4719; x_wconf 77' lang='grc' dir='ltr'><strong>μὲν</strong></span> <span class='ocrx_word' id='word_1_750' title='bbox 2727 4647 2847 4714; x_wconf 74' lang='grc' dir='ltr'><strong>οὖν,</strong></span> <span class='ocrx_word' id='word_1_751' title='bbox 2880 4647 3276 4718; x_wconf 86' lang='grc' dir='ltr'><strong>ἀκριϐέστερον</strong></span> <span class='ocrx_word' id='word_1_752' title='bbox 3306 4648 3510 4712; x_wconf 71' lang='grc' dir='ltr'><strong>εἰπεῖν,</strong></span> <span class='ocrx_word' id='word_1_753' title='bbox 3539 4647 3750 4715; x_wconf 80' lang='grc' dir='ltr'><strong>μεμόρ-</strong></span> 
     </span>
    </p>
   </div>
   <div class='ocr_carea' id='block_1_108' title="bbox 2157 4740 3751 4817">
    <p class='ocr_par' dir='ltr' id='par_1_108' title="bbox 2157 4740 3751 4817">
     <span class='ocr_line' id='line_1_108' title="bbox 2157 4740 3751 4817; baseline -0.004 -19"><span class='ocrx_word' id='word_1_754' title='bbox 2157 4762 2342 4815; x_wconf 84' lang='grc' dir='ltr'><strong>φωται</strong></span> <span class='ocrx_word' id='word_1_755' title='bbox 2367 4744 2680 4817; x_wconf 79' lang='grc' dir='ltr'><strong>χαρακτῆρι</strong></span> <span class='ocrx_word' id='word_1_756' title='bbox 2706 4742 2860 4812; x_wconf 84' lang='grc' dir='ltr'><strong>θείῳ,</strong></span> <span class='ocrx_word' id='word_1_757' title='bbox 2899 4741 2948 4794; x_wconf 87' lang='grc' dir='ltr'><strong>εί</strong></span> <span class='ocrx_word' id='word_1_758' title='bbox 2981 4741 3076 4796; x_wconf 73' lang='grc' dir='ltr'><strong>καὶ</strong></span> <span class='ocrx_word' id='word_1_759' title='bbox 3114 4741 3189 4812; x_wconf 83' lang='grc' dir='ltr'><strong>μὴ</strong></span> <span class='ocrx_word' id='word_1_760' title='bbox 3221 4740 3359 4812; x_wconf 73' lang='grc' dir='ltr'><strong>πρὸς</strong></span> <span class='ocrx_word' id='word_1_761' title='bbox 3390 4741 3492 4809; x_wconf 84' lang='grc' dir='ltr'><strong>τὴν</strong></span> <span class='ocrx_word' id='word_1_762' title='bbox 3529 4741 3751 4794; x_wconf 83' lang='grc' dir='ltr'><strong>ἐκείνου</strong></span> 
     </span>
    </p>
   </div>
   <div class='ocr_carea' id='block_1_109' title="bbox 2162 4832 3754 4906">
    <p class='ocr_par' dir='ltr' id='par_1_109' title="bbox 2162 4832 3754 4906">
     <span class='ocr_line' id='line_1_109' title="bbox 2162 4832 3754 4906; baseline -0.004 -15"><span class='ocrx_word' id='word_1_763' title='bbox 2162 4836 2607 4906; x_wconf 85' lang='grc' dir='ltr'><strong>μεγαλειότητα),</strong></span> <span class='ocrx_word' id='word_1_764' title='bbox 2641 4836 2695 4886; x_wconf 84' lang='grc' dir='ltr'><strong>ἐν</strong></span> <span class='ocrx_word' id='word_1_765' title='bbox 2710 4834 2810 4904; x_wconf 76' lang='grc' dir='ltr'><strong>μὲν</strong></span> <span class='ocrx_word' id='word_1_766' title='bbox 2833 4836 2900 4903; x_wconf 80' lang='grc' dir='ltr'><strong>τῇ</strong></span> <span class='ocrx_word' id='word_1_767' title='bbox 2921 4833 3257 4904; x_wconf 77' lang='grc' dir='ltr'><strong>περιωνύμῳ</strong></span> <span class='ocrx_word' id='word_1_768' title='bbox 3273 4833 3380 4886; x_wconf 77' lang='grc' dir='ltr'><strong>τῶν</strong></span> <span class='ocrx_word' id='word_1_769' title='bbox 3407 4833 3642 4898; x_wconf 86' lang='grc' dir='ltr'><strong>πόλεων,</strong></span> <span class='ocrx_word' id='word_1_770' title='bbox 3659 4832 3754 4885; x_wconf 72' lang='grc' dir='ltr'><strong>καὶ</strong></span> 
     </span>
    </p>
   </div>
   <div class='ocr_carea' id='block_1_110' title="bbox 2160 4924 3747 4998">
    <p class='ocr_par' dir='ltr' id='par_1_110' title="bbox 2160 4924 3747 4998">
     <span class='ocr_line' id='line_1_110' title="bbox 2160 4924 3747 4998; baseline -0.004 -14"><span class='ocrx_word' id='word_1_771' title='bbox 2160 4933 2218 4984; x_wconf 91' lang='grc' dir='ltr'><strong>ἐν</strong></span> <span class='ocrx_word' id='word_1_772' title='bbox 2245 4930 2428 4992; x_wconf 78' lang='grc' dir='ltr'><strong>ἄλλοις</strong></span> <span class='ocrx_word' id='word_1_773' title='bbox 2453 4929 2509 4982; x_wconf 82' lang='grc' dir='ltr'><strong>δὲ</strong></span> <span class='ocrx_word' id='word_1_774' title='bbox 2537 4929 2750 4991; x_wconf 73' lang='grc' dir='ltr'><strong>τόποις,</strong></span> <span class='ocrx_word' id='word_1_775' title='bbox 2802 4928 2964 4990; x_wconf 88' lang='grc' dir='ltr'><strong>ὅσους</strong></span> <span class='ocrx_word' id='word_1_776' title='bbox 2992 4926 3124 4991; x_wconf 77' lang='grc' dir='ltr'><strong>τοὺς</strong></span> <span class='ocrx_word' id='word_1_777' title='bbox 3160 4927 3260 4998; x_wconf 74' lang='grc' dir='ltr'><strong>μὲν</strong></span> <span class='ocrx_word' id='word_1_778' title='bbox 3308 4924 3482 4978; x_wconf 85' lang='grc' dir='ltr'><strong>πλείω</strong></span> <span class='ocrx_word' id='word_1_779' title='bbox 3508 4926 3569 4990; x_wconf 81' lang='grc' dir='ltr'><strong>ἐξ</strong></span> <span class='ocrx_word' id='word_1_780' title='bbox 3604 4927 3747 4979; x_wconf 76' lang='grc' dir='ltr'><strong>ἱστο-</strong></span> 
     </span>
    </p>
   </div>
   <div class='ocr_carea' id='block_1_111' title="bbox 2163 5017 3754 5093">
    <p class='ocr_par' dir='ltr' id='par_1_111' title="bbox 2163 5017 3754 5093">
     <span class='ocr_line' id='line_1_111' title="bbox 2163 5017 3754 5093; baseline -0.002 -20"><span class='ocrx_word' id='word_1_781' title='bbox 2163 5022 2321 5093; x_wconf 83' lang='grc' dir='ltr'><strong>ριῶν,</strong></span> <span class='ocrx_word' id='word_1_782' title='bbox 2361 5021 2536 5082; x_wconf 84' lang='grc' dir='ltr'><strong>ἐνίους</strong></span> <span class='ocrx_word' id='word_1_783' title='bbox 2566 5019 2622 5073; x_wconf 79' lang='grc' dir='ltr'><strong>δὲ</strong></span> <span class='ocrx_word' id='word_1_784' title='bbox 2645 5020 2741 5073; x_wconf 75' lang='grc' dir='ltr'><strong>καὶ</strong></span> <span class='ocrx_word' id='word_1_785' title='bbox 2792 5020 2916 5072; x_wconf 84' lang='grc' dir='ltr'><strong>κατ’</strong></span> <span class='ocrx_word' id='word_1_786' title='bbox 2961 5017 3086 5086; x_wconf 69' lang='grc' dir='ltr'><strong>ὄψιν</strong></span> <span class='ocrx_word' id='word_1_787' title='bbox 3137 5017 3414 5088; x_wconf 71' lang='grc' dir='ltr'><strong>ἔγνωμεν,</strong></span> <span class='ocrx_word' id='word_1_788' title='bbox 3477 5018 3754 5088; x_wconf 76' lang='grc' dir='ltr'><strong>ἐκπληροῖ</strong></span> 
     </span>
    </p>
   </div>
   <div class='ocr_carea' id='block_1_112' title="bbox 2160 5104 3749 5184">
    <p class='ocr_par' dir='ltr' id='par_1_112' title="bbox 2160 5104 3749 5184">
     <span class='ocr_line' id='line_1_112' title="bbox 2160 5104 3749 5184; baseline -0.004 -19"><span class='ocrx_word' id='word_1_789' title='bbox 2160 5114 2261 5184; x_wconf 78' lang='grc' dir='ltr'><strong>τὴν</strong></span> <span class='ocrx_word' id='word_1_790' title='bbox 2315 5111 2620 5179; x_wconf 82' lang='grc' dir='ltr'><strong>ἀπαίτησιν</strong></span> <span class='ocrx_word' id='word_1_791' title='bbox 2646 5128 2659 5141; x_wconf 91' lang='grc'><strong>·</strong></span> <span class='ocrx_word' id='word_1_792' title='bbox 2693 5111 2788 5164; x_wconf 69' lang='grc' dir='ltr'><strong>καὶ</strong></span> <span class='ocrx_word' id='word_1_793' title='bbox 2827 5108 2967 5180; x_wconf 85' lang='grc' dir='ltr'><strong>μετά</strong></span> <span class='ocrx_word' id='word_1_794' title='bbox 3025 5109 3282 5180; x_wconf 81' lang='grc' dir='ltr'><strong>δεύτερον</strong></span> <span class='ocrx_word' id='word_1_795' title='bbox 3312 5104 3427 5163; x_wconf 75' lang='grc' dir='ltr'><strong>οἷον</strong></span> <span class='ocrx_word' id='word_1_796' title='bbox 3485 5109 3749 5178; x_wconf 71' lang='grc' dir='ltr'><strong>οὐρανὸν,</strong></span> 
     </span>
    </p>
   </div>
   <div class='ocr_carea' id='block_1_113' title="bbox 2357 5205 3754 5278">
    <p class='ocr_par' dir='ltr' id='par_1_113' title="bbox 2357 5205 3754 5278">
     <span class='ocr_line' id='line_1_113' title="bbox 2357 5205 3754 5278; baseline -0.003 -18"><span class='ocrx_word' id='word_1_797' title='bbox 2357 5209 2404 5260; x_wconf 80' lang='grc' dir='ltr'><strong>εἰ</strong></span> <span class='ocrx_word' id='word_1_798' title='bbox 2460 5208 2554 5261; x_wconf 74' lang='grc' dir='ltr'><strong>καὶ</strong></span> <span class='ocrx_word' id='word_1_799' title='bbox 2585 5207 2723 5278; x_wconf 85' lang='grc' dir='ltr'><strong>μετά</strong></span> <span class='ocrx_word' id='word_1_800' title='bbox 2789 5207 2892 5278; x_wconf 83' lang='grc' dir='ltr'><strong>τὴν</strong></span> <span class='ocrx_word' id='word_1_801' title='bbox 2952 5206 3173 5276; x_wconf 86' lang='grc' dir='ltr'><strong>ἀπλανῆ</strong></span> <span class='ocrx_word' id='word_1_802' title='bbox 3221 5206 3389 5270; x_wconf 69' lang='grc' dir='ltr'><strong>αὐτὸς</strong></span> <span class='ocrx_word' id='word_1_803' title='bbox 3477 5205 3754 5274; x_wconf 55' lang='lat' dir='ltr'><strong>(intremui-</strong></span> 
     </span>
    </p>
   </div>
   <div class='ocr_carea' id='block_1_114' title="bbox 2234 5391 3752 5464">
    <p class='ocr_par' dir='ltr' id='par_1_114' title="bbox 2234 5391 3752 5464">
     <span class='ocr_line' id='line_1_114' title="bbox 2234 5391 3752 5464; baseline 0 -18"><span class='ocrx_word' id='word_1_804' title='bbox 2234 5397 2362 5464; x_wconf 89' lang='grc' dir='ltr'><strong>ροε’.</strong></span> <span class='ocrx_word' id='word_1_805' title='bbox 2413 5391 2504 5446; x_wconf 84' lang='grc' dir='ltr'><strong>Ἐν</strong></span> <span class='ocrx_word' id='word_1_806' title='bbox 2533 5392 2590 5446; x_wconf 78' lang='grc' dir='ltr'><strong>δὲ</strong></span> <span class='ocrx_word' id='word_1_807' title='bbox 2626 5395 2739 5455; x_wconf 78' lang='grc' dir='ltr'><strong>τοῖς</strong></span> <span class='ocrx_word' id='word_1_808' title='bbox 2774 5392 2896 5446; x_wconf 82' lang='grc' dir='ltr'><strong>καθ’</strong></span> <span class='ocrx_word' id='word_1_809' title='bbox 2933 5393 3084 5462; x_wconf 76' lang='grc' dir='ltr'><strong>ἡμᾶς</strong></span> <span class='ocrx_word' id='word_1_810' title='bbox 3115 5393 3215 5445; x_wconf 82' lang='grc' dir='ltr'><strong>οὐκ</strong></span> <span class='ocrx_word' id='word_1_811' title='bbox 3248 5393 3360 5462; x_wconf 75' lang='grc' dir='ltr'><strong>ἔχω</strong></span> <span class='ocrx_word' id='word_1_812' title='bbox 3391 5393 3752 5448; x_wconf 81' lang='grc' dir='ltr'><strong>διαλευκὰναι</strong></span> 
     </span>
    </p>
   </div>
   <div class='ocr_carea' id='block_1_115' title="bbox 2163 5483 3747 5555">
    <p class='ocr_par' dir='ltr' id='par_1_115' title="bbox 2163 5483 3747 5555">
     <span class='ocr_line' id='line_1_115' title="bbox 2163 5483 3747 5555; baseline -0.001 -17"><span class='ocrx_word' id='word_1_813' title='bbox 2163 5487 2302 5555; x_wconf 55' lang='grc' dir='ltr'><strong>πρός</strong></span> <span class='ocrx_word' id='word_1_814' title='bbox 2355 5483 2645 5554; x_wconf 78' lang='grc' dir='ltr'><strong>ἀλήθειαν,</strong></span> <span class='ocrx_word' id='word_1_815' title='bbox 2703 5483 2888 5548; x_wconf 82' lang='grc' dir='ltr'><strong>ὁποῖός</strong></span> <span class='ocrx_word' id='word_1_816' title='bbox 2927 5501 3010 5545; x_wconf 89' lang='grc' dir='ltr'><strong>τις</strong></span> <span class='ocrx_word' id='word_1_817' title='bbox 3066 5483 3382 5552; x_wconf 67' lang='grc' dir='ltr'><strong>ἐξήπλωται</strong></span> <span class='ocrx_word' id='word_1_818' title='bbox 3422 5484 3522 5537; x_wconf 70' lang='grc' dir='ltr'><strong>καὶ</strong></span> <span class='ocrx_word' id='word_1_819' title='bbox 3580 5484 3747 5537; x_wconf 75' lang='grc' dir='ltr'><strong>ποδα-</strong></span> 
     </span>
    </p>
   </div>
   <div class='ocr_carea' id='block_1_116' title="bbox 2164 5573 3748 5645">
    <p class='ocr_par' dir='ltr' id='par_1_116' title="bbox 2164 5573 3748 5645">
     <span class='ocr_line' id='line_1_116' title="bbox 2164 5573 3748 5645; baseline -0.003 -15"><span class='ocrx_word' id='word_1_820' title='bbox 2164 5577 2284 5640; x_wconf 77' lang='grc' dir='ltr'><strong>πός.</strong></span> <span class='ocrx_word' id='word_1_821' title='bbox 2343 5575 2779 5644; x_wconf 80' lang='grc' dir='ltr'><strong>Ἕπαγγέλλεται</strong></span> <span class='ocrx_word' id='word_1_822' title='bbox 2821 5574 2920 5644; x_wconf 81' lang='grc' dir='ltr'><strong>μὲν</strong></span> <span class='ocrx_word' id='word_1_823' title='bbox 2950 5576 3081 5644; x_wconf 76' lang='grc' dir='ltr'><strong>γὰρ,</strong></span> <span class='ocrx_word' id='word_1_824' title='bbox 3122 5577 3214 5628; x_wconf 71' lang='grc' dir='ltr'><strong>καὶ</strong></span> <span class='ocrx_word' id='word_1_825' title='bbox 3273 5575 3416 5645; x_wconf 79' lang='grc' dir='ltr'><strong>ὑπὲρ</strong></span> <span class='ocrx_word' id='word_1_826' title='bbox 3444 5576 3537 5626; x_wconf 69' lang='grc' dir='ltr'><strong>τὴν</strong></span> <span class='ocrx_word' id='word_1_827' title='bbox 3597 5573 3748 5644; x_wconf 81' lang='grc' dir='ltr'><strong>πρῶ-</strong></span> 
     </span>
    </p>
   </div>
   <div class='ocr_carea' id='block_1_117' title="bbox 2163 5667 3749 5744">
    <p class='ocr_par' dir='ltr' id='par_1_117' title="bbox 2163 5667 3749 5744">
     <span class='ocr_line' id='line_1_117' title="bbox 2163 5667 3749 5744; baseline -0.004 -18"><span class='ocrx_word' id='word_1_828' title='bbox 2163 5691 2252 5726; x_wconf 85' lang='grc' dir='ltr'><strong>τον</strong></span> <span class='ocrx_word' id='word_1_829' title='bbox 2276 5672 2506 5743; x_wconf 77' lang='grc' dir='ltr'><strong>οὐρανὸν</strong></span> <span class='ocrx_word' id='word_1_830' title='bbox 2536 5668 2675 5724; x_wconf 77' lang='grc' dir='ltr'><strong>εἶναι</strong></span> <span class='ocrx_word' id='word_1_831' title='bbox 2711 5673 2847 5744; x_wconf 69' lang='grc' dir='ltr'><strong>πρὸς</strong></span> <span class='ocrx_word' id='word_1_832' title='bbox 2870 5671 3169 5743; x_wconf 76' lang='grc' dir='ltr'><strong>ὁμοιότητα</strong></span> <span class='ocrx_word' id='word_1_833' title='bbox 3192 5671 3402 5724; x_wconf 67' lang='grc' dir='ltr'><strong>ὑδάτων</strong></span> <span class='ocrx_word' id='word_1_834' title='bbox 3438 5667 3548 5721; x_wconf 83' lang='grc' dir='ltr'><strong>τῶν</strong></span> <span class='ocrx_word' id='word_1_835' title='bbox 3580 5669 3749 5736; x_wconf 78' lang='grc' dir='ltr'><strong>ὕπερ-</strong></span> 
     </span>
    </p>
   </div>
   <div class='ocr_carea' id='block_1_118' title="bbox 2164 5759 3748 5836">
    <p class='ocr_par' dir='ltr' id='par_1_118' title="bbox 2164 5759 3748 5836">
     <span class='ocr_line' id='line_1_118' title="bbox 2164 5759 3748 5836; baseline -0.004 -17"><span class='ocrx_word' id='word_1_836' title='bbox 2164 5765 2280 5819; x_wconf 82' lang='grc' dir='ltr'><strong>ἀνω</strong></span> <span class='ocrx_word' id='word_1_837' title='bbox 2308 5763 2403 5818; x_wconf 74' lang='grc' dir='ltr'><strong>τοῦ</strong></span> <span class='ocrx_word' id='word_1_838' title='bbox 2449 5763 2709 5836; x_wconf 77' lang='grc' dir='ltr'><strong>οὐρανοῦ,</strong></span> <span class='ocrx_word' id='word_1_839' title='bbox 2766 5762 3072 5834; x_wconf 83' lang='grc' dir='ltr'><strong>πρωτεύειν</strong></span> <span class='ocrx_word' id='word_1_840' title='bbox 3100 5762 3261 5825; x_wconf 63' lang='grc' dir='ltr'><strong>αὐτὸς</strong></span> <span class='ocrx_word' id='word_1_841' title='bbox 3323 5761 3384 5815; x_wconf 76' lang='grc' dir='ltr'><strong>ἐν</strong></span> <span class='ocrx_word' id='word_1_842' title='bbox 3416 5761 3623 5816; x_wconf 72' lang='grc' dir='ltr'><strong>ἅπασιν</strong></span> <span class='ocrx_word' id='word_1_843' title='bbox 3652 5759 3748 5813; x_wconf 77' lang='grc' dir='ltr'><strong>ἀν-</strong></span> 
     </span>
    </p>
   </div>
  </div>
