3992 6240
401 283 506 345 879

1118 278 1543 340 EUSTATillI
1577 277 1992 337 THESSALU]

2097 276 2340 336 IENSIS
2386 272 2945 335 ΜΕΤΒΟΡΟῙΛΤᾸΞ

3557 271 3672 335 880

397 409 521 448 cum
553 393 870 450 inclususin
897 393 1120 460 cellula,
1147 403 1202 448 et
1221 394 1478 448 universa
1506 396 1726 464 negotia
1751 401 1974 449 externa

2097 409 2193 454 ιον,
2225 392 2314 444 ὅτε
2342 389 2574 455 συνὰξας
2629 387 2822 441 ἑαυτὸν
2855 386 2964 441 ἔσω
3007 385 3100 438 τοῦ
3152 383 3388 444 κελλίου.
3431 386 3525 437 καὶ
3553 401 3674 437 των

398 486 734 556 relinquens.
771 487 826 542 in
849 489 965 543 otio
996 494 1267 543 remanet.
1303 486 1425 554 Quo
1470 496 1717 556 tempore
1751 488 1816 542 ad
1847 503 1973 542 eum

398 579 786 644 ascendentes,
848 593 1088 650 eumque
1154 587 1543 650 oppugnantes
1607 580 1976 651 cogitationes

401 689 526 730 eum
556 673 785 743 dignum
831 672 1048 728 facient
1095 672 1496 728 lamentatione
1542 672 1808 727 adversus
1841 673 1978 728 tales

399 765 537 820 nihil
585 773 811 835 agentes
847 765 997 820 illata
1039 781 1053 818 :
1117 783 1135 817 ι
1172 764 1260 820 ναι
1316 766 1440 828 soli,
1472 783 1491 816 ι
1554 765 1734 834 inquit
1791 783 1811 816 ι
1844 765 1976 834 quia

399 872 526 912 eum
569 856 830 912 ceciderit
874 872 983 911 non
1032 857 1198 913 habet
1240 858 1618 913 sublevantem
1660 873 1720 913 se
1739 858 1806 914 ".
1839 876 1859 911 ι
1914 857 1979 913 Et

401 945 687 1000 solitarius
749 956 835 1001 est
882 945 1133 1016 profecto
1191 948 1473 1015 praelatus,
1522 948 1617 1017 qui
1659 948 1862 1018 degens
1921 948 1978 1002 in

400 1039 536 1101 otio.
559 1053 748 1108 neque
779 1039 904 1094 aliis
956 1038 1222 1095 fratribus
1245 1041 1576 1095 cadentibus
1625 1041 1836 1096 auxilio
1870 1051 1978 1107 est,

402 1142 507 1184 nec
535 1142 639 1184 eos
667 1127 941 1195 sublevat,
977 1145 1158 1198 neque
1202 1129 1309 1184 sibi
1357 1128 1503 1198 quod
1552 1131 1775 1200 expedit
1827 1132 1984 1187 adin-

402 1222 571 1284 venit,
605 1234 657 1278 et
687 1239 798 1293 quo
825 1224 1011 1292 lapsus
1030 1232 1309 1294 resurgat,
1333 1230 1388 1276 et
1416 1237 1487 1278 ex
1529 1223 1682 1279 fovea
1716 1224 1773 1278 in
1813 1241 1978 1295 quam

404 1315 675 1371 inciderat
703 1324 973 1385 emergat.

475 1408 599 1462 178.
621 1407 734 1462 Isto
757 1407 923 1462 modo
958 1409 1125 1462 vitam
1173 1410 1553 1465 monachicam
1597 1411 1710 1479 agit
1745 1421 1900 1480 pater
1928 1411 1982 1465 in

405 1503 540 1556 otio.
573 1499 680 1555 Sed
701 1515 826 1556 cum
855 1501 1051 1556 fratres
1077 1503 1438 1568 conveniunt,
1468 1512 1600 1557 tunc
1646 1504 1860 1559 videres
1883 1506 1986 1558 bo-

407 1593 611 1672 minem
656 1591 1120 1660 qualemcunque.
1153 1597 1284 1644 etut
1309 1589 1412 1644 fert
1439 1591 1813 1660 proverbium,
1847 1591 1985 1645 nihil

408 1671 700 1749 sanctum;
751 1683 889 1743 sive.
924 1693 982 1736 ut
1036 1683 1200 1737 aliter
1247 1683 1455 1750 dicam,
1508 1683 1983 1753 pulchrumcaput

411 1788 594 1833 mento
622 1777 802 1832 valido
839 1777 1184 1847 impositura,
1215 1777 1411 1846 quales
1477 1779 1831 1834 monasteriis
1885 1794 1989 1835 sae-

408 1873 528 1941 pius
563 1871 940 1940 praeticiuntur
979 1885 1008 1924 a
1059 1871 1219 1926 nobis
1263 1871 1603 1936 errantibus,
1661 1879 1738 1937 et,
1781 1871 1847 1927 ad
1906 1873 1990 1928 sic

409 1963 730 2028 dicendum,
748 1962 1200 2033 eonjicientibus.
1223 1962 1347 2018 Ideo
1373 1963 1468 2034 qui
1503 1965 1779 2018 victimam
1806 1964 1990 2019 riden-

409 2059 532 2114 dam
562 2058 698 2113 nihil
727 2058 876 2112 aliud
918 2073 1045 2113 esse
1130 2067 1300 2127 atque
1346 2071 1555 2112 cornua
1616 2065 1712 2112 aut
1759 2057 1987 2113 barbam

410 2161 685 2216 cerneret,
727 2159 910 2221 posset
952 2153 1293 2206 concinnare
1341 2166 1466 2206 cum
1504 2152 1730 2221 parodia
1771 2152 1988 2208 bardum

410 2245 557 2299 inter
591 2259 688 2297 eos
724 2251 1059 2314 praeeuntem
1086 2250 1212 2297 che
1243 2243 1596 2297 solummodo
1630 2243 1987 2314 supercilium

408 2345 464 2392 et
510 2337 760 2392 barbam.
796 2335 1025 2391 Talibus
1077 2343 1263 2390 tamen
1308 2334 1563 2405 personis
1619 2337 1993 2392 subscribitur

412 2428 593 2496 magni
657 2427 914 2482 monachi
965 2443 1190 2482 nomen.
1225 2427 1292 2482 Et
1331 2428 1478 2495 quod
1527 2429 1838 2483 mirabilius
1886 2437 1990 2495 est,

410 2535 536 2574 cum
590 2519 801 2585 habitu,
848 2537 957 2575 non
989 2530 1052 2575 re
1085 2535 1343 2589 magnum
1388 2520 1636 2574 habitum
1675 2523 1990 2591 praeferunt,

409 2611 506 2682 qui
541 2613 765 2670 habitus
811 2628 1042 2684 magnus
1069 2614 1278 2669 virtute
1318 2612 1550 2676 dicitur,
1610 2628 1864 2681 magnam
1899 2613 1996 2684 hy-

331 2710 340 2714 ⁷
411 2707 699 2776 puerisim,
727 2705 874 2762 dicet
895 2707 1118 2776 aliquis,
1139 2705 1459 2777 praeferunt.
1479 2705 1714 2771 Quando
1744 2721 1898 2774 ergo,
1935 2716 1996 2760 ut

413 2799 623 2856 dictum
659 2809 767 2865 est,
831 2799 890 2853 fit
925 2799 1160 2854 fratrum
1209 2806 1539 2863 conventus,
1575 2809 1706 2853 tunc
1737 2801 1994 2869 pra-latus

412 2901 623 2956 noster,
652 2893 1064 2962 qualiscunque
1109 2891 1183 2947 sit
1227 2891 1305 2960 (et
1338 2906 1529 2946 revera
1587 2907 1696 2946 non
1729 2901 1816 2946 est
1842 2907 1997 2962 mag-

414 2989 564 3059 nus),
584 3003 750 3058 opere
775 2999 1036 3040 manuum
1062 3001 1170 3040 non
1199 2984 1553 3040 incumbente
1568 3000 1633 3042 ex
1659 2987 1999 3042 necessitate

2080 484 2186 549 ἔξω
2241 483 2460 536 πάντων
2508 481 2805 549 ἀφέμενος.
2837 480 2896 532 ὲν
2927 478 3099 549 ἀργίᾳ.
3158 476 3332 548 μένει.
3393 476 3527 530 Ὅτε
3576 478 3677 529 καὶ

2079 571 2465 634 ἀναϐαίνοντες
2495 572 2576 630 εἱς
2605 568 2771 622 αὑτὸν
2798 566 3149 636 διαλογισμοὶ
3179 569 3273 620 καὶ
3302 565 3676 634 πολιορκοῦν-

2079 678 2193 727 τες,
2230 659 2639 730 ἀποκληροῦσιν
2665 658 2832 712 αὑτὸν
2859 656 2936 728 τῷ
2965 657 3150 726 θρήνῳ
3179 655 3259 724 τῷ
3282 654 3377 708 ἐπὶ
3412 658 3524 718 τοῖς
3582 653 3680 706 οὖ-

2079 769 2188 816 τως
2215 751 2605 822 ἡσυχάζουσιν.
2647 769 2665 800 ι
2689 749 2828 803 οὑάι
2857 748 2987 816 γὰρ,
3019 746 3176 816 φησι,
3206 745 3285 816 τῷ
3306 746 3411 809 ἑνὶ,
3439 746 3547 808 ὅτι,
3579 745 3681 796 ἐὰν

2083 843 2248 914 πέσῃ,
2276 845 2377 895 οὑκ
2416 841 2530 911 ἔχει
2557 842 2648 894 τὸν
2704 839 3087 910 ὲξεγεροῦντα.
3127 856 3146 890 ι
3185 837 3444 899 Τοιοῦτος
3477 836 3538 888 δὲ
3593 831 3680 898 εἷς

2083 935 2178 988 καὶ
2207 937 2236 986 ὁ
2260 933 2697 1005 καθηγούμενος,
2739 932 2798 996 ὃς
2823 933 2882 984 ὲν
2913 931 3112 1001 ἀεργίᾳ
3135 929 3364 998 διάγων,
3397 926 3520 980 οὔτε
3562 930 3682 987 τοῖς
3745 921 3754 944 ¹

2083 1025 2191 1078 τῶν
2215 1025 2391 1080 ἄλλων
2409 1024 2660 1093 ἀδελφῶν
2683 1024 2945 1094 πτώμασι
2974 1022 3178 1092 βοηθεῖ,
3205 1021 3503 1086 ἐξανιστῶν
3525 1021 3682 1072 ἐκεία

2083 1136 2243 1183 νους·
2275 1121 2371 1173 καὶ
2399 1119 2524 1172 οὐδὲ
2570 1117 2752 1188 ἑαυτῷ
2788 1118 3042 1188 μηχανὰς
3095 1116 3432 1187 ἐξευρίσκει,
3477 1111 3560 1167 ’δι’
3601 1107 3682 1166 ὧν

2087 1209 2268 1265 πεσὼν
2289 1212 2683 1278 ἀναστήσεται,
2714 1209 3107 1281 μετεωρισθεὶς
3131 1209 3199 1262 ὲκ
3233 1207 3329 1262 τοῦ
3358 1207 3684 1280 βοθρεύμα-

2085 1321 2196 1369 τος,
2234 1298 2280 1371 ᾧ
2313 1304 2731 1372 περιπέπτωκε.

2156 1395 2292 1466 ροη’.
2327 1397 2436 1450 Καὶ
2450 1395 2596 1451 οὕτω
2621 1397 2721 1466 μὲν
2752 1395 2978 1464 μονάζει
3006 1395 3036 1448 ὁ
3056 1394 3241 1465 πατὴρ
3268 1395 3327 1445 ἐν
3353 1393 3432 1463 τῷ
3458 1394 3683 1460 ἀργεῖν.

2087 1489 2218 1542 Ὅτε
2253 1488 2310 1540 δὲ
2344 1489 2438 1541 καὶ
2469 1488 2775 1558 ὁμηγερέες
2834 1487 2884 1539 oi
2915 1487 3150 1555 ἀδελφοὶ
3203 1486 3497 1554 γένωνται,
3555 1485 3683 1538 τότε

2089 1579 2156 1633 ἂν
2189 1579 2290 1632 ῐδοι
2308 1579 2400 1642 ’τις
2423 1580 2655 1644 ἐκεῖνον,
2685 1577 2980 1650 ἄνθρωπον
3007 1578 3136 1632 ὄντα
3169 1579 3264 1631 τὸν
3287 1579 3552 1648 τυχόντα,
3587 1581 3686 1630 καὶ

2090 1671 2235 1724 κατὰ
2262 1671 2360 1742 τὴν
2390 1669 2691 1741 παροιμίαν
2717 1670 2869 1723 οὐδὲν
2891 1670 3056 1741 ἱερὸν,
3083 1671 3181 1725 καὶ
3209 1669 3383 1733 ἄλλως
3401 1670 3458 1722 δὲ
3481 1671 3682 1739 φάναι,

2091 1764 2384 1836 πρόσωπον
2416 1763 2803 1833 σεμνοπρεπὲς
2831 1762 3002 1833 ἅδροῦ
3042 1763 3255 1832 γενείου
3282 1763 3686 1833 ύηερκαθήμε-

2090 1871 2200 1920 νον,
2234 1854 2454 1917 ὁποίους
2490 1854 2561 1906 τὰ
2612 1853 2785 1908 πλείω
2816 1854 3016 1923 ἑφιστᾷ
3066 1855 3180 1915 τοῖς
3228 1852 3682 1923 φροντιστηρίοις

2091 1950 2124 2018 ἡ
2159 1947 2278 2000 καθ’
2305 1947 2597 2017 ὑπόληψιν,
2630 1946 2704 2009 ὡς
2737 1945 2912 2009 οὕτως
2949 1947 3150 2011 εἰπεῖν,
3183 1945 3243 1998 ὲν
3269 1945 3407 2014 ἡμῖν
3462 1943 3681 2012 ἀπάτη.

2105 2044 2221 2110 Ἐφ’
2255 2035 2330 2095 ὧν
2353 2043 2381 2095 ὁ
2404 2040 2850 2112 ὲντεθυμημένος
2876 2041 2938 2093 τὸ
2964 2038 3426 2109 κωμικευόμενον
3455 2037 3682 2106 ἱερεῖον,

2091 2132 2246 2186 οὐδὲν
2275 2132 2336 2185 ὃν
2367 2131 2482 2185 ἀλλ’
2514 2131 2550 2198 ἢ
2579 2131 2792 2200 κέρατα
2823 2130 2920 2182 καὶ
2973 2130 3212 2197 γένειον,
3249 2127 3579 2198 παρῳδήσοι
3615 2126 3684 2179 ἂν

2093 2224 2185 2277 τὸν
2215 2223 2337 2277 κατ’
2364 2223 2561 2286 αὐτοὺς
2585 2221 2772 2274 κτίλον
2794 2219 3216 2291 καθηγούμενον
3274 2218 3482 2289 σεμνὴν
3505 2218 3685 2287 ὀφρὺν

2093 2316 2234 2371 εῖναι
2262 2316 2360 2370 καὶ
2388 2314 2618 2384 γένειον.
2664 2313 2754 2367 Ἐν
2783 2312 2842 2366 δὲ
2874 2313 2990 2375 τοῖς
3018 2299 3286 2373 τοιούτοις
3314 2311 3700 2390 καθυπογρὰοξ

2097 2428 2260 2481 φεται
2303 2409 2403 2480 μὲν
2435 2409 2530 2463 καλ⁵
2589 2408 2649 2461 τὺ
2713 2407 3159 2478 μεγαλόσχημον.
3217 2403 3562 2475 Καινότερον
3586 2403 3644 2455 δέ
3669 2419 3699 2476 ’ί

2094 2505 2156 2556 οὐ
2191 2502 2483 2571 πράγματι
2512 2501 2645 2571 γὰρ,
2704 2499 2842 2553 ἀλλὰ
2895 2499 3144 2568 σχήματι
3198 2496 3262 2550 τὸ
3317 2496 3442 2550 κατ’
3475 2483 3699 2566 ἀρετὴν

2101 2594 2393 2665 μεγαλεῖον
2423 2593 2822 2664 προφαίνοντες
2864 2591 3010 2662 μέγα
3047 2592 3260 2660 σχῆμα,
3295 2580 3699 2659 προΐσχονται,⁶

2095 2691 2173 2754 ὼς
2209 2689 2264 2742 ef
2288 2706 2372 2753 τις
2423 2689 2591 2752 εἴποι,
2637 2687 2890 2759 μεγάλην
2943 2686 3262 2756 ὑπόκρισιν.
3310 2685 3443 2738 Ὅτε
3499 2670 3698 2736 τοίνυν

2097 2784 2397 2854 ὁμήγυρις,
2435 2781 2510 2844 ὡς
2538 2781 2764 2853 ἐρρέθη,
2805 2778 3072 2849 ἀδελφικὴ
3098 2778 3348 2846 γένηται,
3385 2776 3508 2829 τότε
3567 2775 3633 2844 δή
3660 2769 3700 2826 ξ’

2100 2874 2223 2927 καθ’
2255 2875 2405 2944 ἡμᾶς
2459 2872 2791 2944 ῄγούμενος,
2841 2871 3031 2933 ὁποῖος
3088 2869 3154 2923 ἂν
3186 2869 3284 2922 καὶ
3322 2869 3407 2939 εῐη
3439 2861 3700 2938 (έστιδὶζ

2100 2963 2318 3035 άληθῶς
2338 2964 2400 3017 ού
2441 2961 2663 3034 μέγας),
2717 2961 2885 3032 ἔργου
2919 2961 2978 3025 ἐξ
3037 2959 3289 3028 ἀνάγκης
3319 2959 3421 3030 οὐχ
3458 2955 3701 3030 ὑποκειοξ

413 3074 716 3146 ((μιιοιιιοάο
739 3074 1134 3146 οιιίιηιορετιιτί
1160 3074 1214 3128 in
1233 3085 1529 3143 conspectu
1554 3076 1851 3132 multovrnm
1884 3094 1992 3134 non

2104 3055 2288 3125 μένου,
2310 3054 2451 3126 (πῶς
2472 3055 2582 3125 γὰρ
2615 3054 2672 3107 ἐν
2700 3051 2914 3106 πολλῶν
2939 3051 3128 3122 ὄψεσιν
3151 3053 3252 3105 οὐκ
3283 3051 3566 3105 αἰδέσεται
3592 3049 3700 3148 τηυξ

414 3175 716 3232 vereretur,
744 3167 837 3236 qui
869 3171 1022 3222 solus
1071 3165 1125 3222 id
1165 3167 1340 3238 odit?)
1398 3169 1764 3225 sermocinari
1812 3171 1994 3242 eligit.

412 3261 545 3328 Quae
574 3258 834 3315 dicuntur
862 3267 1069 3324 autem,
1089 3277 1200 3315 non
1224 3261 1563 3332 quaestiones
1581 3262 1649 3318 de
1669 3263 1997 3335 Scripturis.

358 3370 524 3422 .non
584 3363 909 3410 Sanctarum
987 3355 1394 3411 obscuritatum
1477 3356 1812 3418 solutiones.
1887 3375 1996 3416 non

425 3447 528 3501 loci
580 3458 897 3504 sanctorum
946 3447 1202 3515 Patrum,
1265 3464 1375 3504 non
1421 3447 1810 3520 interpretatio
1857 3452 2001 3506 divi-

414 3554 610 3594 norum
641 3540 956 3605 verborum,
994 3558 1102 3595 non
1153 3541 1350 3596 relatio
1401 3550 1718 3597 sanctarum
1747 3543 2000 3616 discipli-

416 3646 635 3696 narum,
671 3645 780 3686 non
812 3631 1128 3688 exhortatio
1180 3633 1248 3687 de
1299 3632 1380 3686 his
1435 3649 1558 3703 qua
1602 3649 1766 3703 agere
1798 3634 1999 3691 fratres

417 3731 656 3794 oportet,
691 3732 751 3777 ut
780 3725 894 3779 sint
926 3724 1250 3794 spirituales
1268 3725 1510 3795 operarii
1534 3766 1551 3790 ,
1583 3734 1639 3780 et
1674 3726 1742 3782 de
1769 3726 1856 3782 his
1878 3743 2000 3797 qua:

412 3816 772 3886 praecavenda
828 3825 994 3882 sunt,
1031 3832 1141 3871 non
1176 3817 1362 3886 aliqua
1395 3821 1542 3871 ratio
1571 3819 1806 3890 eligendi
1831 3821 1997 3884 bona,

416 3919 470 3962 et
530 3907 735 3962 vitandi
780 3908 1007 3973 malum,
1071 3910 1258 3963 nullus
1320 3911 1634 3974 discursus,
1686 3913 1836 3966 nulla
1903 3916 2000 3967 de-

416 4001 650 4073 scriptio
678 4000 880 4070 quibus
916 4002 1011 4056 alii
1055 4002 1168 4071 jam
1194 4002 1342 4058 docti
1370 4003 1649 4060 doctiores
1685 4005 1821 4059 fiant
1853 4005 1997 4061 circa

419 4093 689 4164 principia
724 4093 881 4164 prius
911 4094 1137 4160 tradita,
1177 4103 1232 4149 et
1288 4095 1380 4149 alti
1431 4095 1611 4164 ignari
1652 4095 1919 4164 incipiant
1944 4105 2000 4152 ct

419 4186 702 4256 perﬁciant
766 4188 1006 4242 divinam
1069 4190 1382 4244 scientiam.
1437 4187 1555 4243 Non
1618 4205 1754 4260 ergo
1807 4190 2002 4259 hujus-

421 4281 567 4338 modi
590 4292 719 4338 sunt
757 4282 967 4352 praelati
995 4284 1521 4346 sermocinationes.
1565 4299 1700 4339 sane
1727 4299 1854 4338 vero
1878 4299 2000 4338 ser-

421 4390 616 4432 mones
645 4374 865 4431 confusi
894 4375 960 4430 dc
987 4391 1046 4430 re
1071 4392 1425 4446 quacunque.
1466 4376 1713 4432 Exorsus
1741 4393 1768 4430 a
1797 4378 1998 4442 vineis,

420 4483 449 4519 a
494 4468 770 4524 messibus
804 4476 858 4523 et
886 4469 1113 4524 tributis
1143 4469 1434 4539 exiget-ldis
1470 4481 1526 4524 et
1571 4471 1699 4526 aliis
1727 4470 1893 4526 rebus
1920 4471 2003 4526 sic

422 4559 718 4627 prolicuis,
775 4561 906 4629 quia
960 4562 1014 4616 in
1070 4561 1354 4616 reddenda
1391 4562 1606 4616 ratione
1633 4562 1702 4616 de
1743 4563 2004 4632 «personis

421 4669 532 4708 non
573 4663 744 4722 agunt
763 4654 996 4708 feliciter
1035 4654 1309 4717 seniores,
1350 4666 1404 4708 et
1431 4655 1774 4711 deeiduntiu
1800 4657 2001 4721 olivas,

419 4753 475 4800 et
507 4744 664 4808 licus,
693 4753 752 4800 et
779 4745 996 4802 fructus
1017 4747 1298 4817 reliquos;
1326 4749 1689 4805 ratiocinatur
1707 4765 1828 4821 quae
1850 4752 2006 4806 vinea

422 4837 626 4893 bonum
649 4836 837 4891 viuum
876 4836 1108 4903 aderat;
1142 4855 1398 4910 quanam
1439 4850 1582 4897 terra
1619 4843 1816 4898 melior
1834 4844 1904 4898 sit
1938 4844 2006 4898 ad

421 4928 580 5001 plura
637 4928 1040 5000 producenda;
1091 4933 1363 4987 undenam
1427 4936 1694 5005 majorem
1763 4937 2002 4991 reditum

420 5021 623 5078 fratres
679 5021 929 5092 capiant;
972 5027 1096 5092 quis
1160 5023 1325 5078 idiota
1400 5026 1546 5080 inter
1600 5025 1885 5080 ministros
1937 5025 2005 5079 ad

423 5115 806 5187 abripiendum
860 5116 933 5171 sit
969 5115 1223 5182 idoneus,
1255 5129 1309 5173 et
1343 5119 1472 5189 quid
1510 5119 1798 5173 monachis
1851 5133 1987 5187 prae-

421 5206 678 5262 euntibus
709 5220 931 5260 manum
968 5205 1221 5273 claudat;
1263 5211 1502 5278 seipsnm
1534 5209 1682 5261 enim
1719 5206 2006 5262 evidenti-2'

422 5299 671 5354 inserere
697 5299 939 5355 sermoni
977 5306 1221 5353 veretur.
1276 5299 1348 5354 De
1393 5301 1535 5354 oliva
1567 5300 1725 5354 docet
1756 5316 1862 5354 non
1904 5301 2002 5354 bu-

424 5405 632 5446 morem
669 5391 739 5446 ab
768 5405 830 5445 ea
854 5405 1178 5462 expressum
1213 5391 1282 5446 ad
1334 5393 1650 5446 unctionem
1683 5393 1917 5463 regalem
1948 5402 2003 5448 et

348 5511 357 5518 -
425 5479 827 5535 illuminantem
864 5484 1208 5546 consecrari;
1244 5497 1375 5547 non,
1420 5484 1790 5554 praetermissa
1869 5501 2001 5540 san-

427 5577 636 5630 ctitate.
671 5577 962 5630 sanitatem
1000 5577 1359 5647 mulsiplicem
1387 5577 1665 5633 utentibus
1715 5578 1957 5646 prtcbcre
1979 5619 1994 5645 ,

499 5748 540 5778 ”
569 5748 746 5805 Eccle.
789 5767 859 5816 tv,
901 5753 983 5808 Ιθ.

2101 3147 2365 3218 ἐργασίαν
2396 3149 2424 3200 ὁ
2457 3146 2773 3217 καταμόνας
2799 3145 2972 3216 αὐτὴν
3024 3145 3441 3215 μυσαττόμενος
3465 3143 3506 3213 ;)
3541 3144 3690 3211 γίνε·

2101 3259 2190 3294 ται
2216 3240 2312 3295 τοῦ
2329 3239 2510 3294 λαλεῖν
2536 3257 2553 3272 ·
2575 3241 2674 3294 καὶ
2691 3241 2724 3310 ἠ
2743 3239 2906 3294 λαλιὰ
2923 3240 2985 3292 οὐ
3021 3238 3230 3310 προσλή
3242 3255 3388 3305 ματα
3412 3223 3701 3310 γραφικὴ

2101 3335 2160 3388 οὐ
2199 3333 2384 3397 λύσεις
2417 3333 2581 3404 ἱερῶν
2610 3299 2986 3401 αἰνιγμάτων·
3024 3299 3084 3384 ού
3119 3299 3463 3401 διηγήματα.
3505 3299 3702 3419 άατέοε

2104 3443 2214 3496 ρων
2231 3425 2427 3494 ἁγίωνο
2456 3425 2558 3478 οὐκ
2575 3423 2876 3491 ἀνάπτυξις
2901 3424 3061 3478 θείων
3085 3423 3282 3491 λογίων
3307 3437 3322 3453 °
3346 3422 3447 3475 οὐκ
3469 3422 3690 3492 ἀφήγη-

2103 3533 2186 3578 σις
2201 3515 2484 3569 πολιτειῶν
2499 3514 2808 3585 θεαρέστων
2831 3531 2846 3547 ο
2871 3518 2931 3568 οὖ
2947 3513 3274 3584 παραίνεσις
3297 3505 3392 3580 (ῶν
3411 3530 3472 3566 τε
3512 3516 3689 3581 πρᾶτα

2101 3627 2217 3662 τειν
2266 3609 2374 3680 χρὴ
2389 3606 2492 3681 τὴν
2529 3608 2894 3678 ἀδελφότητα,
2937 3607 3012 3669 ὡς
3049 3601 3194 3660 εἴναι
3227 3607 3400 3676 αὐτὴν
3433 3605 3689 3659 ἐντεῦθεν

2102 3702 2414 3773 πρακτικὴν
2442 3699 2853 3770 πνευματικῶς,
2886 3699 2982 3752 καὶ
3001 3693 3078 3754 ὧν
3103 3698 3210 3769 χρὴ
3227 3697 3558 3768 ἀπέχεσθαι)
3585 3714 3598 3728 ·
3628 3697 3687 3749 οὗ

2104 3795 2331 3865 μέθοδος
2357 3793 2581 3866 ἡτισοῦν
2604 3793 2861 3864 (ἐκλογῆς
2885 3791 2986 3862 μὲν
3007 3795 3102 3862 τῆς
3122 3791 3232 3846 τῶν
3251 3792 3495 3858 ἀγαθῶν,
3517 3791 3692 3845 ἀπεκε

2101 3888 2268 3958 λογῆς
2291 3887 2349 3942 δὲ
2371 3889 2466 3956 τῆς
2504 3889 2614 3941 τῶν
2651 3883 2897 3957 φαύλων)
2924 3901 2938 3916 ο
2974 3885 3035 3937 ού
3075 3882 3422 3956 περιέλευσις
3453 3883 3688 3953 οὐδεμία

2100 3981 2346 4050 γραφικὴ
2357 3981 2442 4046 ,δι’
2455 3973 2564 4051 ἦςό
2578 3978 2679 4048 μὲν
2692 3978 2790 4049 ήδη
2811 3975 3144 4048 μεμαθηκὼς
3159 3975 3252 4028 ἐπὶ
3265 3977 3489 4046 ἀφορμῇ
3502 3974 3691 4044 προδε-

2100 4075 2304 4146 δομένῃ
2319 4071 2630 4142 σοφώτερος
2648 4071 2884 4140 γίνεται,
2903 4073 2928 4123 ὁ
2950 4069 3005 4122 δὲ
3041 4071 3208 4138 μήπω
3228 4066 3418 4138 μαθὼν
3457 4067 3686 4135 ὲνᾶρχε·

2100 4183 2191 4218 ται
2212 4168 2304 4219 καὶ
2323 4164 2626 4218 τελειοῦται
2653 4165 2717 4216 τὰ
2737 4165 2814 4226 είς
2833 4163 2987 4215 θείαν
3004 4161 3322 4230 ἐπίγνωσιν.
3345 4157 3562 4213 Οὔκουν
3580 4175 3688 4210 τοι.

2105 4258 2246 4313 αῦτά
2269 4275 2390 4311 τινα
2421 4257 2488 4310 τὰ
2513 4256 2805 4325 λαλήματα
2857 4254 2954 4308 τοῦ
2983 4253 3324 4325 καθηγητοῦ,
3351 4253 3488 4307 ἀλλὰ
3535 4253 3686 4321 λόγοι

2108 4354 2357 4406 παντοῖοι
2385 4350 2768 4422 τυρϐαστικοί.
2800 4349 3123 4420 Ἀρξόμενος
3147 4349 3244 4416 μὲν
3266 4347 3374 4400 ἀπὸ
3401 4346 3685 4413 ἀμπέλων,

2033 4423 2080 4479 D
2109 4446 2204 4500 καὶ
2258 4445 2449 4512 ληῖων,
2481 4445 2574 4498 καὶ
2606 4443 2957 4516 εισπρὰξεων
2993 4439 3392 4511 φορολογικῶν,
3431 4441 3526 4492 καὶ
3575 4437 3682 4492 ὲτέ·

2111 4557 2222 4611 ρων
2252 4537 2517 4592 τοιούτων
2551 4535 2894 4607 ἁδρομερῶν,
2926 4534 3015 4587 ὅτε
3051 4533 3126 4602 μὴ
3181 4529 3572 4601 ὲνευκαιροῦσι
3602 4531 3686 4583 λο-

2108 4633 2448 4706 γοπραγίαις
2477 4630 2864 4700 προσωπικαῖς
2887 4629 2934 4681 οἱ
2961 4626 3245 4696 γέροντες,
3276 4624 3687 4693 καταλήγοντες

2115 4726 2173 4781 δὲ
2194 4727 2274 4790 είς
2288 4725 2478 4779 ἐλαίαν
2495 4723 2589 4792 καὶ
2617 4720 2810 4792 ἰσχάδα
2824 4722 2918 4775 καὶ
2929 4720 3128 4788 λοιπὴν
3139 4718 3387 4789 ὀπώραν,
3405 4716 3688 4786 φιλοσοφεῖ

2104 4820 2266 4890 γοῦν,
2297 4820 2426 4874 ποία
2455 4817 2558 4890 μὶν
2591 4815 2840 4885 ἄμπελος
2869 4810 3014 4869 οἶνον
3043 4812 3250 4882 ἀγαθὸν
3279 4811 3467 4864 δίδωσι
3493 4825 3510 4839 ·
3560 4809 3684 4863 ποία

2102 4915 2161 4970 δὲ
2179 4916 2251 4986 γῆ
2280 4912 2537 4985 ὲνάρετός
2561 4914 2708 4966 ἐστιν
2733 4911 2814 4974 εἰς
2837 4906 3248 4964 πολλαπλάσιον
3283 4903 3644 4975 καρποδοτεῖν
3670 4919 3681 4930 ·

2104 5009 2270 5064 πόθεν
2285 5009 2342 5062 δὲ
2359 5010 2474 5072 τοῖς
2509 5007 2763 5076 ἀδελφοῖς
2799 5007 2832 5073 ἠ
2875 5001 3080 5056 πλείων
3115 4999 3410 5072 φορολογία
3437 5015 3452 5028 ο
3478 4997 3575 5050 καὶ
3608 4997 3682 5057 τίς

2107 5105 2208 5174 μὲν
2225 5102 2337 5156 τῶν
2353 5099 2694 5172 διακονητῶν
2709 5097 2921 5160 ἁπλοῦς
2944 5096 3044 5166 τὴν
3058 5095 3158 5163 δρᾶ
3167 5112 3236 5147 κα
3259 5097 3506 5164 πέφυκεν
3525 5091 3681 5148 εἶναι.

2107 5199 2161 5252 τί
2179 5199 2234 5253 δὲ
2250 5199 2364 5260 τοῖς
2384 5195 2707 5268 προκρίτοις
2725 5193 2837 5248 τῶν
2856 5191 3106 5262 μοναχῶν
3124 5189 3348 5258 σφίγγει
3369 5190 3470 5257 τὴν
3489 5191 3646 5259 χεῖρα
3669 5201 3682 5216 ·

2111 5287 2304 5342 ἑαυτὸν
2324 5287 2432 5356 γὰρ
2489 5285 2736 5355 ἁηδεϊται
2763 5281 3062 5352 διαρρήδην
3106 5277 3586 5349 παρεισκυκλῆσαι
3614 5274 3685 5344 τῷ

2109 5379 2272 5448 λόγῳ.
2335 5377 2592 5430 Διδάσκει
2645 5375 2702 5429 δὲ
2757 5374 2853 5428 καὶ
2911 5373 3040 5442 περὶ
3085 5370 3272 5433 ἐλαίας
3341 5369 3442 5440 μὲν
3502 5367 3683 5438 τυχδν.

2108 5480 2206 5552 οὐχ
2231 5481 2310 5534 ὅτι
2344 5479 2405 5532 τδ
2438 5477 2610 5548 αὐτῆς
2638 5473 3067 5544 ἁπολειόόμενον
3094 5471 3263 5541 ὑγρὸν
3299 5465 3568 5540 βασιλικῷ
3599 5463 3686 5518 καὶ

2112 5569 2426 5642 φωτιστικῷ
2449 5568 2726 5638 θειότερον
2748 5564 3060 5635 ἀφιέρωται
3112 5561 3405 5632 χρίσματι,
3461 5557 3572 5612 οὐδ’
3607 5555 3683 5607 ὅτι
