3992 6240
379 384 493 452 881

1342 382 1443 444 DE
1483 379 1967 445 EMENDANDA
1991 381 2172 442 VlTA
2205 381 2674 442 MONACHICA.

3516 374 3642 456 882,

378 501 520 572 πρὸς
547 499 627 570 τῷ
647 498 900 570 ἀγιάζειν
926 502 1022 554 καί
1046 499 1261 567 ὑγίειαν
1287 498 1542 569 πολυειδῆ
1563 499 1792 569 χορηγεῖ
1828 498 1945 561 τοῖς

2062 510 2158 550 non
2178 511 2296 550 eam
2322 497 2492 552 solam
2516 499 2696 552 oleum
2711 496 2835 552 sine
2857 497 3095 552 mixtura
3125 503 3182 552 et
3209 494 3330 552 sine
3349 507 3628 566 compost-

379 592 699 664 χρῄζουσιν,
751 591 862 645 οὐδ’
916 592 1002 646 ὅτι
1054 591 1194 661 αὕτη
1247 591 1384 660 μόνη
1442 590 1506 644 τὸ
1563 591 1949 651 ἀωνδυάστως

377 687 476 738 καὶ
502 683 814 746 ἀσυνθέτως
843 683 1024 738 ιλαιον
1065 683 1352 736 ἀποθλίϐει
1383 681 1533 752 (ἄλλο
1561 682 1670 752 γάρ
1708 698 1761 733 τι
1801 681 1950 734 άπαν

378 775 564 829 ἔλαιον
614 775 904 847 προσθήκῃ
967 776 1076 829 τινὶ
1135 774 1529 839 συνδυάζεταιο
1582 773 1951 841 ἀμυγδάλινον

377 868 486 937 γάρ
507 884 560 920 τι
589 867 793 933 ἔλαιον,
825 868 919 920 καὶ
952 867 1210 936 καρύῖνόν
1241 883 1445 936 φαμεν,
1469 867 1566 919 καὶ
1593 865 1912 934 σησάμινον)
1933 877 1948 892 ·

378 958 442 1012 οὐ
512 959 624 1029 μὴν
681 963 739 1011 ἐν
789 957 1058 1029 ἁπλότητι
1115 959 1315 1024 ἔλαιον,
1365 957 1480 1012 ἀλλ’
1535 959 1616 1011 ὅτι
1673 956 1808 1010 αὐτὸ
1855 954 1953 1008 καλ⁵

381 1051 543 1122 μόνον
568 1050 667 1120 ἡδὺ
716 1051 984 1120 λίπασμα,
1011 1051 1108 1103 καὶ
1142 1051 1418 1113 πιότατον,
1442 1049 1539 1103 καὶ
1573 1043 1684 1100 οἷον
1717 1047 1953 1118 χρηστὸν

378 1139 520 1196 εἶναι
549 1143 853 1213 τραπέζαις
884 1145 1224 1213 μοναχικαῖς.
1247 1141 1454 1213 Ilerdes
1480 1141 1694 1212 ἰσχάδος
1719 1139 1954 1210 ίσχνολο-

379 1235 484 1299 γεῖ.
516 1234 611 1302 οὐχ
641 1234 724 1285 ὅτι
757 1232 966 1302 χλωρόν
995 1249 1056 1285 τε
1113 1232 1174 1286 δν
1222 1232 1282 1284 τὸ
1313 1231 1484 1286 σῦκον
1524 1231 1744 1302 μέλιτός
1801 1233 1952 1284 ἐστιν

380 1323 754 1394 ὑποκόρισμα,
791 1324 889 1377 καὶ
945 1323 1220 1396 ξηρανθέν
1250 1324 1306 1376 δὲ
1363 1325 1466 1377 οὐκ
1519 1323 1802 1388 ἐξίσταται
1848 1322 1954 1392 τῆς

379 1417 720 1487 γλυκύτητος
740 1433 753 1447 ο
779 1415 862 1469 διὸ
891 1418 984 1469 καὶ
1017 1433 1039 1468 ι
1081 1415 1356 1487 γλυκεράν
1395 1434 1414 1468 ι
1447 1415 1545 1485 τὴν
1573 1416 1744 1486 συκῆν
1773 1414 1823 1468 οἱ
1857 1431 1952 1468 σο-

381 1512 472 1579 φοὶ
500 1511 621 1563 κατ’
639 1508 924 1578 ἐξαίρετόν
957 1507 1009 1562 τί
1041 1525 1208 1578 φασιν
1229 1526 1242 1538 ·
1269 1507 1396 1562 οὐδὲ
1421 1508 1506 1562 ὅτι
1537 1508 1634 1561 καὶ
1661 1508 1776 1570 τοῖς
1814 1506 1953 1574 φύλ-

379 1602 494 1665 λοις
516 1601 672 1655 τοῦδε
707 1600 802 1654 τοῦ
863 1602 1092 1672 δένδρου
1145 1603 1378 1671 χάριτας
1425 1600 1669 1670 δφλομεν
1699 1599 1789 1654 διὰ
1822 1600 1953 1666 τοὺς

379 1692 680 1762 γενάρχας,
702 1691 796 1754 οὒς
833 1691 972 1746 αὐτὰ
1005 1694 1320 1746 ἐσκέπασαν
1344 1704 1358 1719 °
1395 1691 1506 1744 οὐδ’
1532 1690 1664 1744 ἀλλο
1685 1706 1736 1744 τι
1757 1690 1954 1761 σεμνὸν

380 1785 477 1836 καὶ
510 1784 806 1849 ἐπαγωγὸν
841 1783 975 1852 πρὸς
1013 1783 1175 1852 χάριν
1198 1796 1213 1812 ο
1250 1781 1350 1836 καὶ
1389 1781 1498 1851 μὴν
1537 1779 1645 1834 οὐδ’
1687 1780 1770 1836 ὅτι
1800 1780 1953 1848 φθεῖ-

384 1890 480 1944 ρας
515 1875 828 1944 ἀπογεννᾷν
888 1870 996 1928 οἶδε
1046 1873 1107 1927 τὸ
1145 1872 1313 1943 ξηρὸν
1381 1871 1550 1926 σῦκον
1599 1875 1664 1942 τῇ
1719 1872 1808 1926 διὰ
1842 1871 1959 1941 βίον

387 1969 759 2038 παραχρήσει,
789 1967 816 2017 ὃ
841 1966 906 2038 δη
936 1966 1069 2036 πρὸς
1103 1965 1346 2036 ἱστορίαν
1373 1965 1563 2036 λεχθὲν
1587 1964 1961 2035 πολυμάθειαν

381 2058 643 2127 ἐνέφηνεν
675 2058 744 2111 ἂν
788 2056 884 2110 τοῦ
917 2056 1240 2126 καθηγητοῦ
1265 2074 1278 2090 ’
1327 2056 1444 2110 ἀλλ’
1477 2059 1561 2110 ὅτι
1596 2057 1735 2127 πρὸς
1764 2056 1961 2127 ἡδονῆς

379 2147 651 2215 ἐμφαγεῖν
681 2147 872 2209 σύκου,
902 2145 1095 2218 ὥσπερ
1119 2147 1356 2217 χλωροῦ,
1378 2146 1522 2202 οὕτω
1541 2148 1634 2202 καὶ
1659 2149 1962 2218 ἀπισχναν·

381 2239 571 2302 θέντος
625 2253 640 2268 ·
680 2241 777 2293 καὶ
829 2241 911 2293 ὅτι
945 2240 1106 2295 καλόν
1139 2243 1256 2293 ἐστι
1301 2240 1400 2293 καί
1441 2240 1578 2294 αὐτὸ
1630 2240 1713 2304 εις
1768 2242 1962 2311 κερδαο

381 2329 512 2383 λέαν
537 2330 735 2399 κτῆσιν
758 2348 771 2365 ·
818 2331 913 2384 καὶ
953 2331 1030 2393 ὡς
1078 2329 1286 2399 ἀγαθόν
1333 2348 1386 2384 τι
1421 2331 1636 2401 πέφηνε
1667 2333 1762 2385 καὶ
1792 2333 1826 2402 ἡ
1865 2349 1958 2385 συ-

381 2423 642 2493 κομαγὶς,
676 2425 734 2476 ἐν
776 2416 834 2497 ᾖ,
866 2425 1078 2477 πολλῶν
1126 2423 1263 2494 ὁμοῦ
1311 2424 1813 2493 συμπεφυρμένων,
1856 2423 1960 2477 οὐκ

379 2515 496 2568 ἐστι
553 2514 616 2568 τὸ
677 2519 777 2585 μὲν
837 2516 1188 2579 ἐκλέγεσθαι,
1240 2517 1302 2569 τὸ
1331 2516 1961 2584 δ’ἅπεκλέγεσθαιάλλ⁹

380 2603 520 2672 ὁμοῦ
545 2605 727 2658 πάντα
752 2606 1189 2676 συμμεμιγμένα
1208 2606 1634 2660 καταθοινᾶσθαι
1656 2609 1736 2670 εἰς
1769 2605 1960 2677 κέρδος

381 2697 460 2766 τῷ
489 2697 840 2769 κτησαμένῳ.
917 2700 1040 2752 Ἔτι
1100 2699 1473 2770 παραδίδωσιν
1514 2702 1542 2753 ὁ
1596 2699 1961 2770 προκαθήμε-

381 2807 474 2854 νος
537 2794 652 2856 τοῖς
703 2793 993 2860 ὁμιληταῖς
1023 2794 1118 2846 καὶ
1183 2792 1262 2855 ὡς
1319 2791 1550 2862 φυλάξει
1595 2809 1680 2856 τις
1735 2793 1960 2858 ἀπίους,

379 2884 416 2953 ἢ
452 2883 626 2952 μέλιτι
675 2882 1001 2953 ἐμϐυθίσας,
1053 2884 1088 2957 ἢ
1139 2884 1410 2949 λακκίσας
1465 2884 1688 2940 εὔθετον
1710 2887 1837 2957 γῆν,
1865 2887 1958 2940 καὶ

383 2976 748 3047 ἀπαιωρήσας
771 2977 994 3044 αὐτοὺς,
1018 2975 1215 3046 λέγων,
1242 2977 1320 3040 ὡς
1344 2976 1656 3047 μετεώρους
1677 2973 1839 3043 εῖναι,
1862 2978 1958 3032 καὶ

382 3069 513 3139 χοῦν
542 3068 930 3139 ἐπιφρορήσας
959 3068 1057 3122 ἐπὶ
1091 3071 1411 3139 παραμονῇ.
1457 3068 1726 3140 Σεμνύνει
1754 3071 1812 3122 δὲ
1863 3069 1958 3123 καὶΙ

383 3161 509 3222 τοὺς
540 3160 767 3230 ἀγρίους
791 3160 1012 3227 ἀπίους,
1038 3159 1116 3224 ὡς
1143 3159 1431 3230 γνώμονας
1459 3160 1692 3228 ἀγαθοῦ,
1727 3161 1959 3224 Λατῖνος
1987 3199 2033 3258 c

388 3251 456 3306 ἂν
489 3252 635 3304 εἴποι
685 3251 847 3321 ἀνὴρ,
910 3251 1173 3322 μούστου.
1214 3250 1671 3316 Ἐπιπολάζοντες
1717 3252 1816 3322 μὲν
1852 3251 1962 3322 γὰρ

385 3346 444 3396 ἐν
482 3343 652 3415 αὐτῷ,
685 3345 888 3414 ἀμιγὲς
935 3342 1089 3397 ὕδατι
1139 3343 1201 3396 τὸ
1239 3342 1474 3411 γλεῦκος
1523 3339 1662 3396 εἶναι
1691 3343 1916 3412 δηλοῦσι
1943 3359 1958 3373 ⁸

386 3436 736 3511 βυθισθέντες
783 3436 840 3488 δὲ
896 3435 1270 3506 κατηγοροῦσι
1311 3435 1667 3505 καπήλευμα.
1736 3435 1859 3488 Εἴθε
1903 3434 1960 3488 δέ

384 3525 454 3600 ἦν
483 3530 562 3598 τῷ
589 3529 808 3599 γέροντι
840 3529 1044 3596 τούτῳ,
1073 3528 1175 3597 τήν
1205 3543 1264 3578 τε
1295 3526 1478 3579 αἰτίαν
1515 3525 1822 3581 συνειδέναι
1863 3525 1959 3580 τοῦ

385 3621 733 3691 πράγματος,
771 3621 864 3673 καὶ
926 3617 1468 3688 προσεπινοήσασθαι
1501 3619 1800 3689 ὁμοιότητά
1835 3637 1957 3672 τινα

385 3710 621 3766 ἐνταῦθα
648 3710 783 3781 πρὸς
808 3709 898 3763 τὸν
954 3707 1355 3780 περιᾳδόμενον
1397 3707 1608 3778 Ῥῆνον,
1639 3709 1730 3760 τὸν
1761 3706 1959 3760 Κελτι-

388 3807 482 3859 κὸν
504 3804 770 3872 ποταμόν.
794 3799 968 3856 Νόθον
999 3802 1110 3872 γάρ
1140 3819 1191 3854 τι
1215 3800 1494 3854 κάνταῦθα
1523 3800 1862 3871 διακρίνεται
1882 3801 1963 3871 τῷ

386 3896 754 3967 ἐπιπολασμῷ
786 3894 984 3966 καὶτῷ
1014 3892 1286 3965 βυθισμῷ,
1321 3893 1371 3946 εί
1410 3897 1505 3948 καὶ
1536 3895 1740 3966 τρόπον
1776 3893 1958 3949 ἄλλον.

400 3987 548 4040 Ἕκεῖ
578 3986 680 4056 μὲν
737 3986 845 4054 γάρ
874 3984 1028 4055 ὑγρῷ
1081 3984 1452 4054 διακρίνονται
1510 3984 1578 4038 τά
1626 3985 1828 4054 γνήσια
1861 3985 1961 4056 μὲν

386 4080 500 4132 τῶν
533 4077 774 4148 βρεφῶν,
806 4076 1210 4142 ἐπιπολάζοντα
1235 4093 1249 4109 ο
1294 4075 1626 4148 βυθιζὸμενα
1669 4078 1749 4144 δὲ,
1780 4079 1848 4131 τὰ
1882 4079 1960 4149 μὴ

393 4171 502 4224 ἀπὸ
529 4173 733 4240 γάμου.
762 4168 1030 4222 Ἐνταῦθα
1071 4168 1128 4222 δὲ
1175 4168 1340 4239 ὑγρὸν
1369 4171 1590 4240 γνήσιον
1622 4169 1718 4222 καὶ
1749 4167 1825 4240 μὴ
1850 4185 1962 4222 τοι-

387 4263 544 4315 οῦτον
602 4265 668 4334 τῇ
703 4261 813 4314 τῶν
871 4262 1053 4314 ἀπίων
1107 4260 1401 4314 καταδύσει
1443 4261 1538 4313 καὶ
1596 4259 1675 4330 τῷ
1728 4260 1959 4330 ἀνάπλῳ

387 4353 824 4424 καταμηνύεται.
871 4354 993 4404 "Et;
1041 4351 1324 4422 μεθοδεύει
1368 4353 1395 4404 ὁ
1441 4351 1585 4404 οὕτω
1636 4352 1959 4422 πολυμαθὴς

389 4443 803 4514 καθηγούμενος
855 4442 951 4496 καὶ
979 4443 1102 4496 ὅποι
1141 4444 1310 4495 τόπου
1364 4443 1637 4511 εὐκράτου
1675 4443 1820 4512 μῆλα
1854 4460 1954 4513 μεθ

2059 587 2205 644 tione
2219 590 2525 658 exprimere
2542 590 2928 660 (quodcunque
2955 589 3101 646 enim
3127 589 3272 645 aliud
3291 590 3474 647 oleum
3497 606 3624 648 cum

2057 680 2240 750 aliquo
2254 682 2889 752 additamentoiungitur
2919 701 2935 738 :
2973 682 3155 737 oleum
3175 681 3411 738 dicimus
3447 698 3631 753 amyg-

2062 772 2279 826 daleum
2313 811 2330 835 ,
2393 789 2662 838 nuceum,
2725 785 2780 828 et
2829 773 3200 836 sesatuinum,
3257 789 3369 829 non
3445 787 3627 830 autem

2056 863 2383 932 simpliciter
2406 864 2608 932 oleum)
2634 883 2650 930 ;
2683 880 2813 918 sane
2853 881 2980 919 vero
3023 865 3166 920 istud
3197 866 3376 922 solum
3407 867 3625 936 adipem

2057 955 2190 1011 dare
2243 956 2588 1025 jucundam,
2630 966 2686 1011 et
2726 957 2980 1021 lautum.
3038 967 3094 1013 et
3143 960 3369 1030 dignum
3423 958 3630 1014 mensis

2058 1047 2400 1103 tuonachleis
2435 1045 2660 1116 apponi.
2711 1045 2786 1102 De
2813 1047 2919 1103 (ica
2965 1051 3138 1102 multa
3166 1049 3334 1103 etiam
3367 1048 3627 1104 disserit:

2057 1157 2166 1196 non
2195 1140 2428 1194 viridem
2469 1140 2633 1192 ﬁcum
2653 1139 2865 1208 aliquid
2893 1140 3152 1194 ntellequ
3179 1155 3326 1206 esse,
3362 1140 3626 1196 siccatam

2057 1231 2347 1287 dulcedine
2386 1245 2494 1286 non
2529 1230 2756 1300 privari,
2801 1238 2858 1284 et
2884 1229 3010 1284 ideo
3060 1229 3276 1286 dulcem
3326 1231 3486 1284 deum
3533 1245 3632 1299 pro

2058 1339 2120 1380 re
2138 1324 2310 1378 electa
2336 1324 2468 1392 poni
2493 1337 2522 1375 a
2564 1322 2940 1393 sapientibus;
2978 1337 3156 1391 neque
3181 1322 3326 1378 loliis
3353 1323 3516 1391 hujus
3543 1339 3632 1376 ar—

2062 1419 2214 1474 boris
2236 1416 2446 1481 gratias
2478 1431 2582 1470 nos
2633 1415 2856 1477 dobere,
2891 1431 2958 1470 eo
3005 1414 3156 1483 quod
3207 1425 3630 1483 protoparentes

2063 1509 2335 1573 texerint;
2401 1523 2580 1577 neque
2637 1507 2839 1560 mirum
2893 1507 3049 1562 aliud
3097 1516 3265 1576 atque
3305 1509 3372 1560 ad
3427 1507 3632 1576 gratias

2059 1602 2298 1672 agendas
2315 1600 2592 1656 adducens
2614 1615 2632 1664 ;
2659 1613 2836 1668 neque
2853 1599 3020 1653 etiam
3039 1613 3261 1669 grossos
3283 1613 3312 1652 e
3337 1598 3632 1662 licusicea,

2059 1709 2127 1750 ex
2155 1695 2264 1749 vita
2312 1693 2482 1748 nimia
2534 1690 2950 1761 produci-quod
3001 1691 3052 1743 in
3104 1693 3326 1744 modum
3376 1690 3628 1746 historia:

2061 1794 2348 1841 narratum
2409 1784 2638 1839 multam
2697 1781 2906 1851 praelati
2964 1782 3249 1838 scientiam
3311 1779 3632 1835 manifesta-

2063 1878 2266 1943 visaet;
2301 1876 2398 1932 sed
2429 1876 2602 1944 magis
2631 1876 2835 1928 omissa
2869 1873 3145 1940 voluptate
3167 1874 3222 1926 in
3253 1872 3632 1936 edendislicis

2065 1982 2171 2026 tam
2204 1970 2478 2025 viridibus
2513 1982 2680 2038 quam
2733 1965 3058 2028 exsiccatia,
3099 1966 3321 2032 insuper
3367 1964 3511 2020 hanc
3543 1979 3636 2020 ac-

2067 2062 2426 2131 quisitionem
2458 2069 2831 2132 quastuosam
2867 2071 3012 2122 esse,
3051 2056 3232 2110 alieni
3283 2055 3569 2113 utilitatem
3603 2070 3636 2108 e

2061 2155 2310 2225 placenta
2342 2166 2373 2206 e
2418 2151 2538 2206 ﬁcis
2569 2149 2906 2218 composita.
2959 2147 3016 2201 in
3076 2162 3184 2216 qua
3236 2146 3427 2200 multis
3463 2146 3634 2202 simul

2061 2244 2251 2299 mixtis
2300 2243 2450 2299 istud
2492 2243 2698 2313 eligere
2739 2253 2794 2298 et
2835 2241 2941 2298 hoc
2980 2253 3248 2308 respuere.
3287 2239 3633 2308 impossibile

2064 2344 2176 2401 est,
2229 2335 2326 2390 sed
2379 2335 2565 2390 omnia
2601 2333 2791 2398 simul,
2837 2347 2966 2388 cum
3014 2331 3171 2386 lucro
3215 2329 3422 2386 domini
3469 2329 3636 2386 devo-

2061 2433 2276 2480 rantur.
2305 2421 2494 2479 Socios
2535 2423 2794 2494 praelatus
2822 2421 3237 2490 docetinsuper
3272 2435 3377 2490 qua
3421 2419 3632 2476 ratione

2061 2516 2180 2587 pira
2225 2516 2635 2580 custodiantur,
2691 2515 2775 2570 vel
2820 2513 2982 2568 melle
3042 2511 3306 2577 intincta,
3381 2512 3458 2566 vel
3505 2527 3633 2566 sus-

2061 2625 2233 2679 pensa
2267 2611 2321 2666 in
2347 2621 2492 2665 terra
2517 2608 2712 2666 idonea
2753 2615 2809 2663 et
2837 2607 3056 2669 ell‘ossa,
3091 2606 3252 2676 quasi
3288 2605 3550 2672 meliora,
3579 2612 3638 2658 et

2058 2716 2226 2756 arena
2275 2712 2536 2770 cooperta
2568 2712 2626 2757 ut
2650 2714 2958 2762 serventur.
2989 2703 3206 2760 Laudat
3232 2713 3287 2758 et
3315 2704 3432 2773 pira
3475 2717 3636 2773 agre-

2059 2795 2165 2851 stia
2187 2810 2252 2850 eo
2279 2797 2425 2866 quod
2473 2795 2674 2852 bonum
2707 2806 2971 2862 mustum.
2995 2797 3142 2853 dicet
3183 2795 3388 2866 aliquis
3421 2795 3637 2862 Latine,

2060 2885 2326 2942 indicent.
2361 2887 2497 2941 Cum
2527 2887 2672 2942 enim
2701 2897 3086 2958 supernatant,
3111 2903 3252 2957 aqua
3275 2902 3384 2942 non
3404 2887 3634 2942 mixtum

2060 2979 2249 3033 viuum
2296 2978 2691 3044 manifestam,
2744 2995 2866 3035 cum
2916 2980 3340 3052 immerguntur.
3387 2978 3636 3032 fraudem

2061 3069 2420 3138 patefaciunt.
2469 3069 2538 3124 Et
2583 3072 2796 3124 utinam
2835 3087 3062 3128 causam
3096 3073 3260 3143 hujus
3317 3069 3399 3126 rei
3446 3069 3648 3125 senior.

2064 3161 2354 3232 intelligat,
2381 3169 2548 3232 atque
2581 3162 2654 3218 ibi
2694 3166 2988 3234 quatndam
3037 3180 3162 3219 cum
3188 3163 3412 3219 laudato
3445 3161 3640 3217 Rheno

2063 3249 2342 3306 Celtarum
2414 3251 2640 3307 ﬂutttine
2720 3253 3138 3310 similitudinem
3214 3255 3482 3310 attendat.
3557 3253 3636 3308 lbi

2062 3342 2206 3399 enim
2269 3341 2665 3398 discernuntur
2715 3346 2904 3412 notha,
2953 3361 3074 3415 quae
3121 3356 3488 3415 supernatant
3541 3354 3640 3400 aut

2063 3433 2490 3502 immerguntur,
2545 3435 2641 3492 sed
2675 3437 2835 3492 modo
2865 3437 3110 3492 diverso.
3170 3436 3289 3494 Illic
3318 3453 3462 3492 enim
3492 3452 3638 3505 aqua

2063 3523 2454 3581 discernuntur
2523 3536 2715 3598 partus
2792 3528 3020 3594 legitimi
3089 3544 3212 3582 cum
3285 3529 3642 3598 super-ferun-

2065 3625 2174 3680 tur,
2220 3624 2274 3669 et
2319 3617 2497 3684 nothi,
2547 3619 2765 3688 quando
2811 3619 3230 3690 immerguntur.
3291 3619 3392 3677 llic
3454 3629 3638 3676 autem

2065 3707 2368 3778 legitimum
2421 3721 2517 3765 aut
2565 3711 2835 3769 dissimile
2883 3714 3018 3783 piris
3069 3715 3345 3770 immersis
3390 3725 3484 3770 aut
3541 3732 3640 3772 na-

2065 3801 2307 3858 tantibus
2369 3819 2512 3874 aqua
2567 3805 2794 3863 indicat.
2843 3807 3109 3877 Explanat
3157 3809 3324 3864 etiam
3389 3811 3641 3868 eruditus

2063 3895 2318 3966 praelatus
2372 3912 2481 3966 quo
2540 3897 2662 3954 loco
2716 3906 3024 3970 temperato
3087 3902 3203 3956 sint
3249 3903 3638 3972 suspendenda

2061 4003 2223 4060 poma
2280 3989 2386 4044 alia
2433 4000 2485 4045 et
2542 3992 2805 4062 cydonia,
2886 4003 2945 4046 ut
3006 4003 3331 4059 serventur,
3393 3993 3449 4048 in
3495 4009 3638 4062 quo-

2062 4098 2188 4137 nam
2237 4099 2363 4142 aere
2394 4093 2618 4153 granata
2669 4085 2780 4138 sint
2825 4085 3094 4150 libranda,
3130 4094 3188 4137 ut
3233 4084 3638 4150 custodiantur,

2061 4190 2173 4244 qua
2229 4178 2394 4231 etiam
2442 4175 2654 4232 ratione
2701 4191 2764 4230 ea
2799 4174 3064 4230 duratura
3121 4175 3274 4246 palea
3325 4188 3635 4248 conservet.

2064 4269 2131 4323 Et
2183 4283 2308 4322 mox
2355 4268 2614 4322 ardenter
2671 4267 3033 4322 ratiocinator
3079 4279 3329 4322 naturam
3356 4269 3526 4338 paleae
3570 4270 3638 4322 ad

2064 4359 2320 4413 universa
2351 4359 2620 4414 servanda
2647 4366 2825 4429 aptam
2851 4356 3007 4426 esse;
3028 4360 3358 4414 calidicnim
3384 4363 3636 4431 corporis

2062 4447 2119 4502 in
2151 4463 2214 4502 ea
2249 4448 2479 4503 involuti
2509 4457 2711 4505 statum
2742 4460 2913 4516 tenet,
2955 4459 3008 4506 et
3034 4452 3290 4522 frigidum
3323 4453 3555 4523 aliquid,
3578 4462 3641 4508 ut

389 4535 736 4605 τεωριστέον,
782 4533 993 4603 ἑτεροῖα
1029 4551 1088 4587 τε
1134 4534 1232 4588 καὶ
1278 4532 1539 4600 κυδώνια,
1586 4536 1666 4596 είς
1709 4535 1959 4606 παράμο-

2065 4544 2182 4606 nix,
2250 4543 2304 4596 in
2367 4549 2568 4597 natura
2619 4543 2840 4613 propria
2903 4543 3108 4606 firmari
3167 4545 3455 4615 permittit.
3515 4545 3637 4601 Mox

389 4648 501 4682 νον.
539 4629 640 4681 Ποῖ
669 4627 725 4680 δὲ
752 4626 912 4695 ἀέρος
959 4626 1105 4696 ῥοιαὶ
1135 4627 1507 4696 κρεμήσονται
1541 4625 1911 4697 φυλαξόμεναι
1938 4643 1953 4658 ο

389 4725 484 4776 καὶ
535 4723 610 4786 ὼς
667 4716 774 4773 οἶδε
840 4721 1126 4790 συντηρεῖν
1175 4719 1344 4782 αὑτὰς
1375 4720 1728 4789 παραμόνους
1761 4723 1855 4773 καὶ
1897 4720 1959 4773 τὸ

391 4816 613 4886 ἄχυρον.
649 4812 856 4866 Αὐτίκα
907 4811 963 4864 δὲ
1003 4810 1459 4880 φιλοτιμούμενος
1501 4811 1956 4879 προσεπιφιλοσοο

391 4911 483 4977 φεῖ
513 4909 602 4960 καὶ
633 4907 706 4968 ὼς
747 4905 1078 4976 φυλακτικόν
1113 4921 1165 4959 τι
1203 4905 1394 4974 χρῆμα
1453 4906 1510 4968 ἐς
1551 4906 1610 4957 τὸ
1654 4906 1764 4958 πᾶν
1796 4906 1828 4976 ὴ
1865 4904 1957 4957 τοῦ

387 5001 594 5071 ἁχὺρου
625 5000 808 5070 φύσις.
838 4997 1054 5072 Θερμοῦ
1086 5015 1143 5050 τε
1185 4998 1292 5065 γὰρ
1319 4997 1534 5062 ἐξανύει
1565 4997 1822 5068 κατοχὴν,
1864 5000 1964 5068 ἐμ-

390 5093 681 5165 ϐληθέντος
725 5092 804 5156 είς
831 5093 994 5145 αὑτό·
1029 5091 1123 5144 καὶ
1171 5089 1380 5162 ψυχρὸν
1413 5090 1468 5143 δὲ
1513 5091 1963 5159 ἐμπεπιστευμέ-

391 5204 501 5252 νον,
557 5181 619 5240 οῦ
651 5185 818 5255 μέρος
871 5184 967 5236 καὶ
1014 5186 1048 5253 ἡ
1104 5183 1262 5253 χιὼν,
1295 5183 1630 5252 ἐνακμάζειν
1663 5183 1847 5236 δίδωσι
1893 5185 1960 5255 τῇ

391 5279 570 5350 οἰκείᾳ
600 5277 780 5348 φύσει.
811 5277 987 5338 Εὐθὺς
1009 5275 1065 5328 δὲ
1098 5277 1191 5328 καὶ
1220 5278 1300 5339 είς
1326 5271 1438 5330 οἷόν
1469 5294 1522 5330 τι
1551 5277 1800 5348 πόρισμα
1838 5277 1968 5344 γλα-

394 5372 710 5443 φυρώτερον
741 5370 1078 5438 ἐμϐαθύνοις,
1113 5370 1416 5439 παροιμίαν
1461 5368 1765 5440 ἐξευρίσκει
1806 5369 1970 5432 αὐτὸς

395 5464 553 5535 ιδίαν,
582 5463 712 5518 αὐτὸ
761 5464 861 5533 μὲν
890 5465 950 5516 τὸ
997 5463 1202 5533 ἄχυρον
1228 5462 1608 5532 εὐυπόληπτον
1659 5463 1964 5533 ὀνομάζων,

2067 4637 2238 4691 veluti
2301 4638 2356 4691 in
2406 4637 2862 4706 consequentiam
2914 4638 3232 4693 alteriorem
3272 4639 3638 4703 descendens.

2066 4729 2396 4784 sententiam
2430 4732 2718 4800 propriam.
2742 4730 2859 4800 ipse
2899 4730 3136 4795 invenit,
3179 4731 3394 4788 scilicet
3423 4733 3635 4801 paleam

2067 4820 2294 4876 inventu
2364 4821 2584 4876 facilem
2649 4837 2824 4888 csse,
2882 4822 3270 4894 hominemque
3314 4825 3640 4879 initiatiouis

2068 4927 2322 4983 capacem
2347 4913 2670 4981 faciliorem,
2723 4915 3020 4986 siquidem,
3070 4915 3166 4978 ait.
3233 4918 3390 4988 palea
3422 4919 3643 4990 deposi-

2071 5014 2182 5060 tum
2248 5005 2520 5076 integrum
2571 5007 2822 5064 studiose
2884 5018 3199 5066 conservat.
3262 5010 3338 5066 De
3395 5009 3643 5081 grauatis

2071 5097 2390 5152 considerat
2441 5097 2648 5164 adhuc,
2703 5115 2814 5155 non
2872 5109 3068 5154 sancta
3111 5102 3206 5154 illa
3265 5101 3641 5168 utalogranata

2073 5204 2195 5258 qua:
2245 5189 2311 5243 ad
2367 5190 2648 5261 exemplar
2678 5205 2874 5246 eorum
2923 5190 3192 5246 fabricata
3233 5197 3366 5244 sunt
3407 5207 3422 5256 ;
3464 5205 3643 5258 neque

2069 5279 2394 5353 Megabyzos
2429 5280 2539 5352 (l9)
2582 5282 2884 5347 mirabiles,
2917 5297 3054 5350 quos
3083 5297 3176 5334 rex
3211 5280 3503 5334 Persarum
3535 5279 3642 5334 sibi

2067 5373 2401 5427 circumdari
2462 5375 2696 5445 optabat
2775 5375 2932 5442 juxta
3014 5387 3302 5428 numerum
3369 5371 3639 5436 seminum

2067 5465 2196 5520 mali
2227 5466 2440 5536 granati
2473 5467 2619 5536 quod
2649 5465 2844 5522 eodem
2877 5473 3126 5534 tempore
3170 5478 3335 5534 manu
3383 5461 3636 5528 ferebat;

465 5639 576 5711 (l9)
618 5639 946 5708 Megabyzus
979 5636 1090 5711 dux
1139 5645 1258 5711 erat
1286 5637 1561 5711 exercitus
1604 5635 1750 5711 Darii
1811 5636 1956 5711 regis
2060 5641 2250 5706 taban,
2272 5642 2382 5697 dux
2408 5641 2572 5707 alius,
2597 5656 2627 5696 a
2653 5655 2780 5710 rege
2801 5639 3213 5711 quaeret-etquid
3248 5641 3405 5697 vellet
3425 5652 3638 5700 tantum

392 5705 682 5782 Persarum
709 5705 730 5776 ξ
759 5705 1108 5782 ipsemultos
1141 5709 1336 5782 hostes
1374 5705 1703 5782 pr_o_t1igavit,
1755 5705 1957 5782 multas
2060 5721 2322 5780 quantum
2345 5727 2514 5782 grana
2543 5705 2760 5779 granaii
2786 5705 3172 5782 ’multiplicai‘t,
3214 5713 3499 5782 respondit
3528 5714 3637 5770 Da-

391 5781 712 5853 provincias
743 5776 940 5853 patriis
967 5778 1168 5832 limbus
1187 5776 1390 5846 junxit.
1430 5776 1557 5831 Ideo
1587 5792 1710 5829 cum
1763 5776 1958 5853 Darius
2065 5776 2178 5836 rius
2217 5791 2294 5836 tot
2321 5776 2642 5851 ll’cgabyios
2665 5795 2788 5837 esse
2817 5781 2922 5837 sibi
2957 5776 3080 5838 esse
3103 5776 3497 5853 exotttaitdum.

390 5849 624 5924 Quadam
661 5850 749 5906 die
784 5849 984 5904 malum
1011 5859 1298 5920 granatum
1329 5862 1494 5913 manu
1517 5855 1744 5914 teneret,
1782 5852 1953 5904 etAr-
