3908 6250
433 386 538 448 887

1145 383 1565 444 EUSTATHII
1606 379 2370 443 TIIESSALONICENSIS
2414 378 2980 443 METROPOLITAZ

3582 381 3690 444 888

433 493 559 534 rum
590 467 905 543 verborum,
937 476 1329 532 abundantiam
1362 474 1824 544 blasphemiarum
1853 473 1867 526 l
1903 488 2009 526 non

2119 473 2476 545 βλασφημιῶν
2537 475 2809 530 πλούτουι
2863 475 3072 544 πόρνης
3135 473 3218 543 εἴη
3253 473 3319 526 ἂν
3369 473 3464 527 καὶ
3526 476 3693 544 μόνης

435 573 538 627 nisi
579 571 888 626 meretricis
920 571 1256 624 obscmttltsts
1308 567 1543 622 dicenda
1572 577 1656 623 est
1679 608 1692 631 ,
1726 583 1830 636 qua
1861 581 2017 620 exer-

433 666 634 720 citatus
699 663 863 717 homo
915 661 1237 716 causidicus
1289 675 1397 714 non
1447 661 1864 730 vnltsupcrari.
1897 658 2014 712 Non

433 756 515 810 sic
541 755 788 810 lusciniae
811 755 934 808 aliae
958 754 1082 809 aliis
1119 754 1479 823 respondent,
1523 767 1632 806 non
1657 753 1738 807 sic
1768 751 2017 806 hirundi-

436 865 533 902 nes
572 849 874 903 clamitant.
905 847 1055 914 Quos
1081 847 1350 902 clamores
1374 845 1710 899 clamoribus
1743 860 2004 898 ranarum

433 940 686 995 conferre
710 955 817 994 non
844 955 943 1010 par
973 950 1077 1002 est,
1112 955 1343 1008 quarum
1371 953 1557 990 vorem
1587 953 1837 1007 magnam
1870 937 2014 990 unda

433 1031 514 1083 ori
548 1030 883 1084 circumfusa
944 1030 1282 1099 cenvprimit.
1337 1027 1454 1082 Non
1513 1026 1869 1082 confunditur
1921 1027 2012 1096 qui

435 1123 664 1176 formam
705 1123 982 1193 egregiam
1018 1121 1256 1175 hominis
1298 1135 1327 1174 tt
1364 1120 1472 1175 Deo
1497 1121 1729 1190 accepit,
1769 1121 2016 1174 divinam

432 1215 751 1287 imaginem,
799 1231 996 1284 nempe
1027 1231 1112 1279 os,
1151 1217 1204 1268 in
1241 1231 1302 1268 se
1334 1214 1526 1268 inutile
1557 1214 1738 1269 facere
1763 1253 1776 1275 .
1821 1221 1876 1267 et
1926 1228 2018 1282 pa-

433 1309 677 1364 radisum
729 1307 1025 1362 arboribus
1071 1309 1345 1361 consitum
1391 1308 1443 1361 in
1477 1307 1754 1374 spinctum
1796 1321 2020 1362 conver-

433 1411 570 1455 tere.
598 1400 886 1454 Assentire
923 1399 1064 1453 nolit
1117 1398 1314 1453 dicenti
1373 1398 1689 1452 Salomoni:
1732 1416 1750 1448 ι
1799 1399 2017 1454 Sanittts

435 1491 632 1558 lingua-
658 1491 868 1559 lignum
899 1490 1028 1543 vita:
1051 1490 1097 1520 "
1124 1506 1139 1555 ;
1172 1508 1190 1540 ›
1222 1489 1310 1543 ubi
1336 1489 1720 1558 inquirendum
1743 1498 1798 1542 et
1833 1490 2019 1558 explo-

432 1585 664 1637 randum
697 1582 909 1636 esthoc
943 1583 1167 1636 verbum
1197 1597 1212 1636 :
1250 1600 1267 1632 ι
1309 1581 1528 1636 Sanitas
1559 1582 1779 1649 lingum.
1818 1601 1836 1633 ι
1879 1578 2018 1635 Vere

433 1678 579 1731 enim
617 1679 894 1746 pessimus
927 1676 1156 1730 morbus
1211 1675 1413 1729 malum
1446 1675 1666 1743 linguae.
1697 1672 1796 1728 Ubi
1830 1686 2012 1728 autem

437 1777 688 1832 sanatur,
743 1785 938 1824 rursus
992 1768 1179 1838 lingua
1227 1770 1284 1821 fit
1344 1767 1509 1821 arbor
1555 1768 1701 1829 vitae,
1743 1767 2012 1837 seuquod

436 1861 577 1914 idem
610 1869 718 1924 est,
761 1857 880 1924 Dei,
926 1860 1021 1928 qui
1086 1859 1268 1913 dixit:
1335 1879 1352 1908 ι
1397 1859 1507 1926 Ego
1560 1874 1681 1911 sum
1719 1860 1828 1911 vita
1852 1859 1940 1924 δίς
1990 1877 2008 1910 ι

435 1955 530 2023 qui
587 1953 843 2023 prohibet
879 1953 1044 2005 etiam
1094 1966 1164 2004 ne
1216 1950 1411 2004 inutile
1473 1949 1696 2003 verbum
1748 1950 2017 2020 intempe-

435 2047 596 2119 stive]
628 2047 961 2116 proferatur,
1001 2043 1069 2098 de
1113 2056 1224 2112 quo
1284 2041 1352 2096 ad
1411 2039 1737 2095 maledicum
1774 2047 1859 2094 est
1899 2055 2018 2094 scr-

438 2141 856 2196 mocinandutn.

509 2233 631 2287 185.
673 2231 926 2297 Qualiter
957 2232 1124 2286 arbor
1147 2231 1442 2300 pomifera,
1485 2239 1542 2285 et
1581 2229 1760 2298 pirus,
1790 2236 1846 2282 et
1873 2242 2018 2283 mes-

435 2326 586 2395 pilus
613 2336 666 2379 et
696 2337 934 2390 caetera,
971 2324 1154 2376 taliter
1191 2332 1247 2375 ct
1299 2322 1484 2391 lingua
1527 2337 1686 2383 sana,
1722 2335 1843 2389 qua:
1873 2321 2018 2374 bona

435 2418 699 2488 loquitur,
719 2418 824 2472 erit
841 2417 1006 2472 arbor
1030 2417 1155 2472 vita
1179 2434 1195 2471 :
1221 2417 1381 2486 cujus
1409 2418 1624 2471 radices
1650 2416 1702 2469 in
1736 2417 1938 2481 anima,
1963 2423 2018 2469 et

437 2513 627 2578 lingua
693 2521 924 2564 truncus
955 2511 1074 2578 ejus
1109 2520 1418 2579 reputatur.
1449 2510 1622 2580 Hujus
1655 2513 1864 2565 fructus
1891 2517 2022 2564 sunt

439 2603 590 2656 vitae:
630 2602 747 2655 sive
803 2603 1108 2656 secundum
1147 2603 1502 2672 theologiam,
1562 2604 1678 2657 sive
1708 2603 2015 2657 secundum

435 2693 701 2746 moralem
757 2695 1069 2757 scientiam,
1103 2705 1159 2747 et
1193 2709 1535 2763 quaecunque
1566 2695 1686 2748 alia:
1715 2710 1736 2759 ;
1767 2710 1874 2748 non
1915 2711 2016 2749 au-

439 2792 546 2838 tem
601 2786 745 2839 mala
779 2785 947 2840 verba
979 2802 1100 2856 quae
1138 2787 1266 2841 inde
1314 2786 1563 2850 ellluunt,
1611 2786 1754 2841 inter
1779 2803 1902 2856 quae
1933 2795 2019 2843 est

436 2875 771 2930 abundantia
797 2877 1068 2931 naziraica
1091 2877 1203 2948 (il)
1237 2876 1377 2945 apud
1417 2891 1518 2931 nos
1547 2876 1764 2946 plurimi
1785 2876 2020 2932 aestima-

437 2976 514 3022 ta.
575 2967 680 3021 Ista
735 2982 864 3022 cum
917 2973 994 3023 sic
1029 2967 1364 3032 celebretur,
1401 2969 1447 3022 si
1504 2971 1630 3037 quis
1682 2968 2016 3023 adstantium

436 3057 654 3122 irridet,
709 3059 892 3127 gravia
926 3059 1086 3112 aliter
1120 3059 1378 3127 patietur,
1405 3066 1753 3126 ascetamque
1768 3059 1833 3112 ad
1864 3058 2017 3112 inde-

437 3145 616 3198 centia
644 3145 892 3198 convicia
931 3155 1212 3215 provocat.
1245 3147 1300 3200 Si
1330 3156 1512 3201 autem
1556 3147 1823 3216 pontifex,
1863 3150 2015 3204 testis
2040 3149 2088 3212 ε

405 3239 688 3294 oculatus
739 3240 856 3294 sive
909 3240 1246 3295 auriculatus
1298 3243 1573 3310 queritur,
1616 3250 1744 3295 tunc
1814 3242 2012 3295 sentiet

435 3345 547 3397 quo
579 3337 741 3385 modo
780 3347 842 3386 se
877 3332 1182 3386 monachus
1213 3330 1474 3385 defendat
1519 3340 1572 3384 et
1620 3331 2008 3387 deharehetur.

435 3421 731 3492 Extemplo
777 3423 923 3477 enim
974 3423 1044 3476 ad
1088 3424 1324 3491 iniurias
1365 3439 1423 3477 se
1477 3424 1812 3492 accingeris,
1843 3423 2010 3490 rugit,

436 3513 704 3577 infremit,
731 3514 926 3581 mugit,
957 3514 1250 3577 tripttdiat,
1301 3515 1572 3578 mussitat,
1599 3515 1667 3567 de
1718 3514 1840 3567 itnis
1879 3530 2016 3584 prte-

435 3605 640 3658 eordiis
677 3605 770 3657 dat
793 3607 1051 3674 gemitus,
1112 3610 1450 3674 frequentem
1502 3607 1732 3660 halittttn
1785 3607 2014 3660 c-nari-

438 3697 542 3750 bus
569 3698 790 3760 emittit,
825 3698 986 3766 quasi
1032 3699 1226 3765 igneus
1294 3699 1408 3750 vult
1466 3698 1666 3760 videri,
1719 3699 2012 3766 supercilia

402 3809 403 3812 η
437 3795 705 3852 coarctat,
747 3798 802 3842 et
838 3789 1037 3842 nebula
1081 3789 1321 3857 obtegit;
1389 3803 1513 3842 mox
1539 3791 1592 3841 in
1627 3790 1885 3857 pallorem
1917 3789 2016 3842 de-

439 3881 648 3949 lapsus,
701 3894 826 3933 mox
868 3888 926 3932 ut
960 3878 1180 3932 flamma
1230 3895 1527 3942 accensus,
1566 3884 1727 3948 quasi
1762 3882 2016 3936 cinereus

435 3970 620 4024 colore
693 3974 862 4024 tantis
899 3970 1316 4048 “mutationibus
1365 3971 1567 4023 indicat
1619 3981 1673 4024 et
1735 3969 2018 4026 fervefacit

435 4063 572 4116 iram
595 4071 650 4117 et
681 4063 974 4132 loquelam.
999 4063 1133 4116 Cum
1161 4063 1213 4116 in
1249 4061 1501 4115 cellulam
1529 4078 1588 4115 se
1623 4064 1870 4128 retrahit,
1897 4081 2016 4134 quae

435 4154 682 4224 loquitur
724 4156 892 4209 corde
922 4155 1062 4208 irato
1099 4156 1152 4207 in
1177 4171 1235 4208 se
1271 4157 1548 4220 solum,et
1593 4155 1644 4208 iu
1676 4156 1883 4211 similes
1929 4159 2015 4211 sui

436 4256 762 4310 vertuntur;
794 4262 916 4315 quae
950 4255 1134 4298 autem
1173 4248 1414 4315 cogitata
1453 4257 1507 4300 et
1531 4246 1787 4300 meditata
1811 4247 2018 4316 profert

436 4340 490 4393 iu
527 4341 702 4393 lucem
731 4339 825 4392 tali
853 4341 1018 4393 modo
1039 4338 1482 4396 manifestantur.

504 4625 628 4682 184.
671 4624 715 4677 Α
737 4623 1114 4690 corporalibus
1139 4623 1438 4693 spiritualis
1467 4626 1632 4679 homo
1671 4627 1905 4682 orditur.
1940 4629 2000 4682 In

434 4717 623 4770 vineas
640 4715 885 4769 ecclesiae
898 4718 1155 4768 animalia
1182 4716 1393 4769 inducit
1411 4733 1532 4785 qua:
1553 4726 1754 4772 matres
1785 4720 1838 4772 in
1862 4720 2008 4775 fruc-

439 4809 589 4863 tibus
612 4807 905 4862 devorent:
938 4808 990 4860 in
1016 4810 1238 4862 arbores
1263 4810 1511 4863 excultas
1536 4826 1668 4866 suos
1691 4812 2006 4870 adulatores

438 4902 629 4963 mittit,
691 4911 749 4953 ut
778 4915 997 4964 corvos,
1048 4903 1139 4968 qui
1167 4915 1261 4954 eos
1302 4901 1570 4956 fructibus
1601 4904 1893 4960 denudent.
1945 4905 2004 4961 in

437 4993 760 5049 arundineta
792 4992 919 5044 etin
945 4993 1149 5059 reliqua
1179 4992 1396 5045 dumeta
1424 4992 1699 5047 ﬂammam
1725 5008 2002 5051 rorantem

442 5085 634 5139 infert.
670 5082 905 5136 Semitas
937 5091 1199 5150 agrestes,
1235 5091 1290 5135 et
1331 5081 1565 5152 reliquas
1595 5084 1708 5135 vias
1735 5087 1876 5154 sepit
1909 5087 2004 5139 ho-

435 5179 679 5233 minibus
707 5174 981 5241 ecclesiae;
1011 5174 1171 5228 aliam
1199 5175 1340 5228 viam
1369 5190 1560 5228 novam
1598 5176 1752 5243 jubet
1787 5177 1998 5244 aperire

389 5315 391 5318 l
435 5273 599 5325 homo
623 5269 926 5323 novitatum
960 5275 1172 5320 amator
1191 5273 1247 5319 et
1270 5276 1479 5320 auctor.
1508 5265 1618 5319 Eos
1639 5282 1668 5318 a
1699 5267 2004 5322 moletrinis

434 5376 588 5416 arcet
647 5376 775 5415 vere
831 5375 1120 5430 perversus
1170 5360 1344 5413 visus.
1396 5356 1454 5410 In
1495 5372 1666 5424 aquas
1717 5359 1910 5421 etiam,
1953 5359 2001 5412 si

436 5471 598 5523 quam
626 5454 917 5508 utilitatem
942 5452 1282 5522 spiritualem
1311 5449 1562 5504 homines
1597 5448 1840 5518 episcopi
1875 5453 2002 5506 inde

503 5641 549 5672 δ’
576 5642 733 5697 Prov.
762 5656 856 5704 xv,
888 5641 942 5694 ι.
1023 5639 1066 5672 ⁸⁸
1090 5636 1249 5692 Joan.
1285 5650 1394 5699 xiv,
1416 5633 1472 5688 6.

2036 4481 2087 4538 D

2115 564 2443 635 ἐξονομάσαι
2464 566 2562 634 τὴν
2582 563 3152 635 αίσχῳρῤημοσύνην,
3171 564 3238 635 ῆν
3267 562 3642 634 ἐξησκημένος
3665 566 3695 618 ὁ

2116 656 2218 726 τῆς
2247 658 2608 726 καθηγήσεως
2634 658 2734 710 οὐκ
2761 655 2933 710 ἐθέλει
2955 657 3016 709 τὸ
3036 655 3258 709 ἔλαττον
3276 657 3656 727 ἀποφέρεσθαι
3676 674 3691 690 ·

2116 749 2240 803 οὐδὲ
2277 749 2501 821 ἀηδόνες
2529 748 2595 804 ἀν
2637 751 2718 813 είς
2743 750 2930 817 ὅμοιον
2963 749 3220 811 ἀλλήλαις
3269 748 3552 819 ἀντᾴδοιεν
3576 766 3592 780 ι
3629 750 3694 802 οὐ

2117 841 2391 912 χελιδόνες
2447 841 2620 904 οὕτως
2656 841 2723 896 ἂν
2755 841 3153 912 βατταρίζοιεν.
3189 841 3491 910 Βατράχοις
3543 842 3600 894 δέ
3628 861 3694 908 γε

2119 933 2340 986 εἰκάσαι
2370 933 2469 1003 τὴν
2503 932 2757 1001 τοιαύτην
2783 931 2912 1002 βοὴν
2947 933 3284 1002 ἀπροσφυέε,
3319 931 3412 995 οὓς
3453 936 3514 985 τὴ
3547 932 3694 1001 ὓδωρ

2118 1023 2474 1093 ἐπιστομίζον
2504 1023 2804 1077 ἀνακόπτει
2834 1025 2932 1092 τῆς
2961 1024 3180 1093 μακρᾶς
3208 1023 3414 1090 φωνῆς.
3453 1025 3563 1078 Καὶ
3594 1025 3696 1078 οὐκ

2116 1115 2436 1185 αἰσχύνεται
2484 1117 2513 1168 ό
2561 1115 2653 1168 τὸν
2687 1114 2851 1168 καλὸν
2883 1116 3260 1185 ὑπεσχημένος
3299 1115 3590 1185 ἄνθρωπον
3618 1118 3696 1186 τῷ

2118 1209 2258 1280 Θεῷ,
2289 1209 2529 1278 ἀχρειῶν
2557 1207 2620 1260 τὸ
2648 1210 2706 1260 ἐν
2747 1207 2896 1276 αὐτῷ
2924 1208 3072 1260 θεῖον
3105 1208 3358 1276 ὄργανον,
3401 1211 3462 1262 τὸ
3493 1211 3694 1280 στόμα,

2119 1299 2217 1354 καὶ
2267 1300 2386 1352 ἀντὶ
2443 1299 2780 1368 παραδείσου
2834 1297 3184 1367 δενδρήεντος
3239 1301 3322 1362 εις
3375 1301 3697 1356 ἀκανθεῶνα

2122 1391 2435 1463 μεταποιῶν
2452 1407 2465 1421 ο
2493 1385 2580 1443 οἷα
2607 1391 2682 1460 μὴ
2705 1390 2903 1443 ἐθέλων
2925 1391 3146 1445 ἀκούειν
3168 1392 3517 1462 Σολομῶντος
3545 1395 3699 1447 εἰπό-

2117 1501 2272 1549 ντος·
2311 1505 2330 1538 ι
2370 1487 2540 1557 Ἴαμα
2569 1484 2822 1555 γλώσσης
2849 1486 3061 1556 δένδρον
3093 1486 3258 1557 ζωῆς.
3295 1506 3313 1538 ι
3351 1487 3520 1540 Ἐνθα
3560 1490 3701 1542 θεω-

2119 1579 2315 1650 ρητέον
2339 1580 2398 1632 ἐν
2425 1582 2588 1648 ἐπιση
2600 1579 2794 1648 μάνσει
2825 1580 2888 1632 τὸ
2922 1598 2941 1632 ι
2988 1580 3123 1647 ἴαμα
3152 1579 3427 1649 γλώσσης.
3473 1601 3493 1634 ›
3539 1582 3702 1652 Ἀλη-

2120 1671 2226 1734 θῶς
2256 1671 2366 1742 γὰρ
2413 1670 2692 1741 δεινοτάτη
2724 1671 2880 1733 νόσος
2929 1672 3022 1725 καὶ
3051 1673 3083 1740 ἡ
3117 1671 3490 1740 γλωσσαλγία.
3534 1675 3597 1726 El
3638 1675 3697 1727 δέ

2121 1780 2224 1817 που
2287 1762 2570 1833 ίατρευθῇ,
2602 1763 2794 1834 ἀφίησι
2843 1764 2946 1833 τὴν
2976 1763 3230 1830 γλῶσσαν
3271 1765 3491 1836 δένδρον
3552 1761 3696 1820 εἶναι

2119 1855 2285 1926 ζωῆς,
2317 1858 2515 1911 ταυτὸν
2555 1856 2600 1909 δ’
2625 1858 2821 1919 εἰπεῖν,
2851 1856 3010 1918 Θεοῦ,
3041 1859 3134 1909 τοῦ
3161 1859 3438 1921 εἰπόντος·
3483 1879 3500 1910 ι
3551 1859 3697 1927 Ἐγώ

2120 1953 2238 2019 εἰμι
2269 1951 2303 2019 ἡ
2341 1949 2492 2018 ζωή⁶
2531 1967 2550 2001 ι
2591 1949 2684 2002 καὶ
2715 1949 2851 2018 μηδέ
2905 1948 3198 2015 ἐθέλοντος,
3228 1952 3599 2022 παρακαίριόν
3638 1970 3697 2007 τι

2119 2041 2401 2095 λαλεῖσθαι
2437 2040 2818 2112 ἀργολογικῶς
2843 2056 2858 2072 ·
2896 2041 3036 2112 ὑπὲρ
3071 2037 3132 2096 οὗ
3171 2043 3326 2110 λόγος
3359 2043 3588 2112 δφλεται
3617 2045 3697 2116 τῷ

2119 2133 2529 2202 κακολογοῦντι.

2191 2222 2558 2296 ρπγ’.⁹Ωσπερ
2583 2223 2642 2277 δέ
2665 2226 2782 2278 ἐστι
2815 2224 3074 2290 φοινίκων
3095 2225 3334 2296 δένδρον,
3369 2227 3465 2279 καὶ
3485 2227 3696 2290 ἀπίων,

2119 2319 2218 2374 καὶ
2264 2318 2564 2389 μεσπίλων,
2597 2317 2691 2372 καὶ
2717 2316 2940 2381 λοιπῶν,
2963 2318 3108 2372 οὕτω
3137 2319 3229 2372 καὶ
3259 2319 3482 2385 γλῶσσα
3510 2320 3700 2385 ὑγιαί-

2118 2427 2284 2465 νουσα
2309 2411 2366 2464 ἐν
2389 2408 2469 2478 τῷ
2501 2408 2855 2476 ἀγαθολογεῐν
2882 2408 3098 2479 δένδρον
3129 2408 3282 2462 ἔσται
3315 2409 3462 2480 ζωῆς
3483 2426 3497 2440 ·
3520 2406 3698 2482 οὗπερ

2119 2504 2177 2556 ἐν
2205 2501 2353 2573 ψυχῇ
2389 2503 2490 2571 μὶν
2518 2501 2576 2554 αἱ
2617 2502 2787 2573 ῥίζαι,
2836 2502 2868 2573 ή
2899 2501 2957 2554 δέ
2992 2501 3217 2569 γλῶσσα
3255 2501 3389 2554 ὡσεί
3426 2519 3480 2555 τι
3513 2503 3702 2573 πρέμ-

2119 2611 2232 2649 νιον
2267 2595 2566 2664 λογίζεται.
2611 2597 2833 2664 Καρποὶ
2873 2596 2930 2650 δὲ
2955 2594 3125 2648 αὐτοῦ
3174 2597 3231 2649 αἱ
3259 2594 3399 2659 ζωαε
3427 2611 3441 2626 °
3481 2597 3515 2667 ἡ
3547 2597 3699 2652 κατὰ

2121 2687 2426 2757 θεολογίαν,
2457 2689 2492 2759 ἡ
2535 2689 2679 2742 κατά
2724 2689 3079 2744 διδασκαλίαν
3126 2689 3366 2760 ὴθικήνο
3416 2691 3514 2744 καὶ
3567 2691 3696 2744 ὅσαι

2119 2778 2280 2835 ἄλλαι
2302 2795 2318 2810 ⁸
2345 2780 2407 2832 οὐ
2447 2778 2556 2850 μὴν
2577 2781 2634 2833 ai
2660 2779 2949 2852 ἐπίρρητοι
2979 2778 3321 2848 κακολογίαι,
3362 2772 3439 2833 ὧν
3471 2780 3572 2848 μία
3595 2781 3699 2833 καὶ

2118 2873 2152 2942 ὴ
2181 2873 2240 2925 ἐν
2271 2871 2385 2934 τοϊς
2423 2871 2544 2925 καθ’
2569 2873 2718 2941 ἡμᾶς
2758 2871 3040 2940 φιλότιμος
3069 2871 3379 2942 Ναζιραῖκὴ
3409 2871 3656 2942 φλυαρία
3677 2887 3694 2902 ⁶

2115 2958 2184 3036 ἧς
2208 2963 2354 3018 οὕτω
2383 2965 2927 3036 πανηγυριζομένης,
2957 2965 3116 3026 ἄλλος
3149 2965 3250 3033 μέν
3282 2981 3368 3028 τις
3394 2966 3505 3018 τῶν
3533 2982 3698 3036 περι-

2119 3056 2497 3127 τετυχηκότων
2542 3056 2886 3127 ἐπισκώψας,
2933 3057 3108 3120 ἄλλως
3153 3059 3352 3129 πάσχει
3400 3059 3472 3112 τά
3519 3058 3696 3130 βαρύ-

2118 3167 2298 3215 νοντα,
2363 3153 2445 3214 εἰς
2499 3150 2774 3219 ἀσέμνους
2821 3150 3229 3220 ἀλληλοφωνίας
3261 3153 3550 3221 ἐκτρέπων
3597 3154 3696 3207 τὸν

2116 3243 2366 3312 ἀσκητήν
2386 3259 2400 3272 ⁸
2433 3243 2482 3295 εἰ
2511 3242 2568 3294 δέ
2595 3243 2888 3312 ἀρχιερεὺς
2913 3243 2944 3312 ἢ
2990 3243 3179 3313 παρὼν
3212 3243 3406 3317 ῆάκοῇ
3438 3247 3692 3309 παραλα-

2116 3334 2226 3387 6ὼν
2252 3333 2551 3404 μέμψεται,
2575 3334 2698 3386 τότε
2725 3335 2790 3388 ἂν
2815 3335 3124 3404 καταμάθοι
3149 3352 3232 3399 τις
3260 3337 3362 3404 τὴν
3387 3339 3695 3407 μοναχικὴν

2115 3427 2420 3496 ἀμυντικὴν
2451 3427 2548 3480 καὶ
2577 3428 2634 3480 τὸ
2673 3428 2794 3480 κατ’
2824 3427 3009 3498 αὐτὴν⁶
3037 3423 3328 3498 ἀργαλέονῖ
3369 3430 3550 3490 Εὐθὺς
3587 3433 3695 3500 μὲν

2117 3520 2226 3588 γὰρ
2253 3520 2332 3582 είς
2367 3519 2690 3588 ἐμὸρίθειαν
2739 3520 2933 3573 ἐαυτὸν
2961 3519 3192 3584 συνάξας
3242 3521 3546 3591 βρυχᾶται,
3578 3524 3699 3592 βρι-

2119 3613 2308 3680 μᾶται,
2335 3611 2516 3679 μύζει,
2533 3612 2746 3682 σφύζει,
2780 3612 3061 3680 γογγύζει,
3091 3612 3273 3682 βύθιον
3301 3613 3689 3680 ὑποστενάζει,

2117 3705 2440 3774 προπέμπει
2463 3705 2572 3757 τῶν
2601 3707 2898 3775 μυκτήρων
2918 3702 3106 3774 ἆσθμα
3133 3707 3346 3775 συχνὸν,
3378 3708 3577 3760 ἐθέλων
3596 3709 3692 3761 καὶ

2117 3801 2396 3867 πυρπνόος
2435 3795 2576 3851 εἷναι
2597 3814 2611 3828 ·
2658 3797 2886 3864 συνάγει
2935 3800 3032 3860 τὰς
3060 3797 3230 3866 ὀφρῦς
3255 3815 3270 3829 ⁶
3303 3803 3582 3867 νεφοποιεί
3633 3803 3691 3853 τὸ

2118 3888 2430 3960 πρόσωπον,
2477 3888 2572 3941 νῦν
2619 3890 2700 3949 εἰς
2743 3888 2920 3958 ὠχρὸν
2959 3889 3322 3958 βαπτόμενος,
3359 3891 3518 3954 αὖθις
3561 3891 3688 3960 φλο-

2116 3981 2278 4050 γερὸν
2310 3980 2688 4050 ἐρευθόμενος,
2721 3981 2946 4050 πάσχων
2979 3981 3070 4034 καί
3104 3999 3158 4035 τι
3196 3984 3400 4052 estppr
3433 3983 3515 4044 si;
3552 3984 3692 4051 χρῶ-

2119 4089 2227 4136 σιν,
2259 4071 2354 4124 καί
2389 4089 2504 4134 πως
2533 4070 2675 4125 οὕτω
2707 4074 3030 4142 πρωτεῖζων
3061 4077 3180 4136 ταῖς
3205 4075 3486 4139 τοιαύταις
3525 4093 3687 4139 μετα-

2119 4164 2321 4228 δολαῐς,
2369 4165 2466 4217 καὶ
2506 4165 2645 4228 τέως
2685 4166 2896 4233 πνίγων
2925 4166 3016 4218 τὸν
3066 4166 3323 4236 προφανῆ
3379 4167 3474 4219 καὶ
3520 4167 3686 4235 θυμὸν

2117 4259 2213 4310 καὶ
2266 4257 2442 4324 λόγον.
2482 4255 2776 4322 Γενόμενος
2807 4257 2864 4310 δὲ
2922 4256 3016 4310 τοῦ
3069 4257 3304 4324 κελλίου,
3336 4257 3373 4311 ἃ,
3402 4258 3508 4327 μὲν
3535 4259 3683 4326 λέγει

2119 4348 2482 4418 θυμομαχῶν,
2511 4349 2632 4400 κατ’
2686 4347 2852 4401 αὐτοῦ
2894 4351 2987 4402 καὶ
3025 4347 3190 4417 μόνου
3242 4351 3545 4418 τράποιντο
3588 4354 3686 4402 καὶ

2117 4439 2225 4494 τῶν
2255 4439 2457 4510 ὁμοίων
2485 4439 2634 4509 αὐτῷ
2657 4456 2669 4470 ’
2704 4439 2740 4492 ὃ.
2769 4440 2824 4494 δὲ
2855 4439 3293 4510 βυσσοδομεύσας
3338 4442 3434 4494 καὶ
3464 4442 3691 4511 μελετή⁹

2114 4547 2209 4595 σας
2252 4532 2331 4594 εἰς
2371 4531 2484 4598 φῶς
2512 4535 2762 4603 προάγει,
2799 4530 2856 4584 ἐν
2888 4548 2994 4583 τισι
3028 4531 3371 4601 θεωροῦνται
3432 4533 3683 4587 τοιοῖσδε.

2179 4620 2318 4693 ρπδ¹.
2363 4625 2625 4694 Ἀρχεται
2653 4623 2762 4677 ἀπὸ
2783 4623 2891 4677 τῶν
2937 4624 3412 4695 σωματικωτέρων
3456 4628 3485 4678 ὁ
3522 4643 3690 4677 πνευ-

2112 4721 2364 4787 ματικός.
2391 4720 2504 4773 Καὶ
2538 4718 2804 4789 ἀμπέλοις
2841 4718 2940 4788 μὲν
2969 4719 3457 4787 ἐκκλησιαστικαῖς
3491 4719 3695 4787 iunipi-

2108 4827 2204 4880 ησι
2241 4809 2355 4875 ζῶα
2405 4809 2829 4879 κατατρώγοντα
2866 4809 2966 4873 τὰς
3033 4810 3279 4880 μητέρας
3331 4811 3517 4874 αὐτοῖς
3554 4826 3696 4879 up‘

2113 4905 2235 4966 ποίς
2257 4919 2269 4931 ·
2303 4903 2538 4972 δένδροις
2564 4902 2620 4954 δὲ
2644 4902 2872 4972 ἡμέροις
2915 4903 3223 4972 ἐπιπέμπει
3263 4904 3391 4960 τοὺς
3431 4903 3560 4973 παρ’
3586 4904 3694 4954 αὖ-

2110 4994 2188 5064 τῷ
2220 4994 2646 5062 φαυλοκόλακας,
2676 4990 2763 5046 οἷα
2797 4993 2889 5045 καί
2918 5011 3068 5056 τινας
3125 5002 3391 5064 κόρακας,
3443 4996 3491 5048 οῖ
3519 4995 3696 5062 ψιλὼ-

2115 5105 2302 5144 σουσιν
2347 5087 2484 5140 αὐτὰ
2518 5087 2610 5140 τοῦ
2665 5086 2913 5156 καρποῦο
2985 5085 3138 5148 ὕλαις
3176 5087 3232 5138 δὲ
3262 5095 3553 5158 φρυγάνων
3591 5104 3700 5158 καὶ

2099 5179 2308 5233 λοιπῶν
2372 5178 2592 5246 θάμνων
2656 5177 3051 5230 ἐπαποστέλλει
3127 5179 3304 5246 φλόγα
3364 5180 3694 5248 παμφάγον.

2121 5272 2490 5339 Ἀποιρράττει
2542 5270 2641 5332 τὰς
2664 5270 2964 5341 ἀγροτικὰς
3018 5271 3320 5340 ἁμαξιτοὺς
3352 5273 3696 5334 italiam-‘4;

2109 5363 2420 5432 λεωφόρους
2449 5367 2563 5428 τοῖς
2587 5363 2687 5433 τῆς
2754 5365 3067 5434 ἐκκλησίας,
3101 5365 3270 5432 ἀλλην
3317 5367 3525 5434 τέμνειν
3556 5383 3701 5418 και-

2113 5455 2208 5524 νὴν
2233 5454 2348 5509 ἂν
2407 5455 2823 5526 ἐπιτελλόμενος
2855 5458 2883 5508 ὁ
2910 5455 3292 5526 καινότροπος,
3338 5459 3429 5511 καὶ
3455 5458 3513 5512 δι’
3546 5459 3704 5513 αὐτὸ

508 5753 618 5812 (21)
658 5754 701 5805 Α
732 5752 1052 5824 Ναζιραῖος,
1082 5753 1227 5824 quod
1252 5751 1518 5824 llenricns
1539 5747 1852 5824 Stephanus
1880 5748 2185 5820 Naziraeus,
2248 5762 2343 5809 aut
2394 5743 2690 5809 uacuae/tus
2741 5753 2924 5818 vertit,
2993 5767 3060 5809 eo
3090 5755 3238 5824 quod
3308 5753 3693 5811 Nazareorum

447 5819 604 5871 tit-am
635 5819 990 5876 austeriorem
1017 5820 1266 5874 monachi
1290 5819 1493 5875 fuerint
1525 5820 1779 5889 amplexi.
