3992 6240
305 385 426 454 889

1246 387 1348 449 DE
1387 386 1869 453 EMENDANDA
1903 389 2088 453 VITA
2137 390 2600 454 MONACIIICA.

3485 398 3594 463 89‘)

305 519 382 555 κα
393 499 658 571 ινοτδμος.
700 500 969 555 Ἐκκλείει
998 500 1198 566 αὐτοὺς
1220 505 1317 556 καὶ
1345 502 1442 556 τοῦ
1461 503 1658 558 discuti
1693 505 1720 554 ὁ
1745 517 1899 574 προσ-

2019 503 2263 573 capiant,
2304 507 2570 560 malitiam
2607 520 2766 561 suam
2803 514 3048 574 exercet,
3099 508 3300 579 quibus
3327 525 3466 581 opus
3485 513 3592 570 erit

304 595 469 666 φυῶς
504 594 670 664 φάναι
701 595 1004 664 ἀλιτήριος.
1037 597 1353 667 Κακουργεϊ
1377 598 1473 650 καὶ
1535 597 1614 658 είς
1663 596 1829 667 ὕδωρ,
1857 596 1910 648 εί

302 707 395 751 τις
424 688 484 753 ἐξ
514 686 682 742 αὐτοῦ
729 687 1062 759 ψυχαγωγία
1122 693 1237 752 τοῖς
1267 691 1672 754 ἑπισκοπικοτς,
1701 684 1762 744 οὗ
1783 689 1910 759 δεή-

306 803 468 838 σεται
509 784 840 852 φλεγόμενὸς
865 801 996 836 ποτε
1030 785 1443 839 ἀκατὰκαυστα.
1491 782 1817 855 Ὀρογλυφεϊ
1852 783 1909 837 ιν

301 880 425 939 τοῖς
486 877 592 943 ἔξω
651 879 679 930 ὁ
737 880 836 946 τὴν
889 877 1143 931 ὲεουσίαν
1193 878 1427 941 πλατὺς,
1478 881 1575 931 καὶ
1618 877 1906 948 δυσπεριά-

307 988 522 1041 ριστος,
558 971 649 1023 καὶ
677 970 735 1023 οὐ
776 971 904 1041 ῥᾷον
937 971 1335 1041 περίγραπτος.

400 1063 497 1116 Ἐν
583 1069 649 1135 τῇ
741 1065 992 1136 συνοικίᾳ
1058 1064 1485 1136 περιεργάζεται
1565 1063 1900 1126 κατοπτείας

300 1159 327 1207 ό
353 1156 726 1222 περίϐλεπτος
758 1158 860 1226 μὲν
888 1158 954 1210 τὰ
985 1159 1043 1221 ἐς
1078 1157 1410 1228 μοχθηρίαν,
1445 1157 1621 1221 ἄλλως
1662 1157 1720 1210 δὲ
1752 1160 1895 1225 ἀμυ-

299 1247 444 1316 δρᾶς
481 1247 612 1310 θέας
646 1249 815 1314 ἄξιος.
873 1249 1197 1317 Ἐπιτρέπει
1234 1249 1466 1314 κλοπὰς,
1515 1251 1580 1304 ὲκ
1608 1249 1702 1303 τοῦ
1730 1249 1898 1316 ἀξιω-

304 1356 416 1407 ματ
431 1341 564 1403 ικῶς
614 1340 801 1408 λογίου
850 1340 1057 1410 Ἑρμοῦ
1093 1341 1173 1403 είς
1205 1341 1297 1394 τὸν
1333 1341 1495 1412 φῶρα
1518 1340 1892 1411 κατενεχθείς.

298 1431 586 1486 Ἐνδίδωσι
604 1435 698 1487 καὶ
717 1436 780 1486 τὲ
806 1436 864 1497 ἐς
888 1432 1049 1504 ὓϐριν
1075 1437 1170 1489 καὶ
1195 1435 1254 1496 ἐς
1277 1433 1491 1506 πληγὰς
1513 1435 1541 1488 6
1558 1435 1654 1488 καὶ⁵
1678 1433 1897 1504 ἐμπλή-

2009 595 2231 664 quando
2270 595 2522 653 flammas
2559 599 3033 669 inexstinguibiles
3069 602 3404 672 patietur.lu
3425 603 3592 662 rebus

2009 691 2251 745 externis
2271 690 2470 745 limites
2489 695 2754 763 assignat,
2771 697 2860 765 qui
2887 695 3200 751 facultatem
3224 697 3386 752 latam
3406 697 3593 764 habet,

2010 791 2064 837 et
2091 783 2209 851 qui,
2249 782 2571 840 indelinitus
2623 802 2746 842 cum
2781 791 2878 854 sit,
2911 805 3022 844 non
3057 789 3218 844 facile
3247 791 3596 847 circumscri-

2010 871 2182 930 bitur.

2080 1065 2135 1118 ln
2172 1065 2384 1120 aedibus
2439 1065 2604 1119 homo
2664 1064 2911 1123 famosus
2939 1076 2994 1122 et
3042 1068 3136 1137 qui
3200 1083 3288 1124 res
3325 1068 3594 1125 obscuras

2006 1155 2193 1211 videre
2224 1166 2485 1222 meretur,
2545 1157 2802 1227 speculas
2848 1161 3140 1224 construit,
3185 1159 3330 1214 furta
3370 1163 3591 1226 tolerat,

2003 1263 2070 1303 ex
2114 1249 2567 1318 eloquentissimo
2622 1249 2893 1305 Mercurio
2952 1252 3007 1305 in
3064 1251 3235 1308 furem
3270 1267 3591 1309 conversus.

2009 1338 2115 1395 Sed
2147 1340 2381 1410 injurias
2415 1356 2636 1412 quoque
2666 1351 2722 1397 et
2758 1343 2987 1399 verbera
3034 1345 3297 1412 permittit
3330 1347 3375 1401 is
3401 1344 3495 1413 qui
3533 1345 3590 1398 in

2006 1444 2232 1503 stupore
2251 1450 2315 1488 ac
2331 1444 2649 1505 contemptu
2666 1437 2819 1501 vivit,
2832 1447 2886 1492 et
2902 1452 3118 1492 onmem
3138 1437 3368 1507 lapidem
3389 1447 3589 1504 movet,

298 1522 442 1594 γδην
482 1523 590 1588 ζῶν
619 1527 711 1578 καὶ
764 1526 1119 1594 ἐφύϐριστος,
1153 1527 1335 1582 πάντα
1378 1527 1549 1580 ποιῶν
1605 1533 1701 1579 καὶ
1735 1525 1899 1595 ἁμιλ-

2008 1534 2071 1579 ut
2092 1535 2214 1594 post
2237 1526 2519 1580 victoriam
2555 1528 2932 1584 formidandus
2959 1541 3011 1583 et
3037 1531 3353 1584 inaccessus
3374 1530 3590 1586 evadat.

294 1616 590 1687 λὼμενος,
660 1618 727 1672 δι’
789 1614 866 1673 ὧν
922 1621 1307 1692 ὑπερτερήσας
1377 1620 1533 1673 Istat
1616 1619 1850 1690 φοϐερὸς
1933 1619 2030 1674 καὶ
2101 1619 2418 1690 ἀπρόσιτος.

373 1709 526 1778 ρπε’.
562 1711 675 1765 Καὶ
707 1712 880 1765 ταῦτα
942 1715 1040 1784 μὲν
1074 1713 1542 1784 σωματικώτερα.
1610 1713 1677 1767 Ai
1700 1714 1760 1768 δὲ
1789 1730 1894 1767 κα·

2079 1712 2201 1767 185.
2255 1711 2360 1767 Sed
2399 1713 2512 1768 lucc
2546 1713 2614 1768 ad
2647 1729 2849 1783 corpus
2883 1715 3064 1785 potius
3117 1725 3385 1784 spectant.
3421 1715 3596 1786 Spiri-

292 1803 364 1855 τὰ
397 1803 622 1869 πνεῦμα
677 1803 976 1875 τερθρεϊαι,
1039 1806 1134 1859 καὶ
1161 1805 1587 1877 σκευωρίαι,καὶ
1630 1807 1896 1877 μηχαναὶ,

2007 1806 2177 1861 tualia
2206 1815 2387 1862 autem
2424 1807 2722 1875 mastigia,
2755 1806 2864 1860 doli
2887 1817 2942 1861 et
2972 1806 3406 1862 machinationes
3439 1809 3588 1864 aliud
3633 1840 3636 1844 -

295 1895 430 1950 ἄλλο
493 1896 666 1949 κακὸν
723 1899 951 1959 ἐκεῖναι,
1003 1899 1188 1952 οὐκέτι
1215 1900 1359 1952 κατὰ
1421 1899 1722 1970 σωμάτων,
1759 1899 1897 1953 ἀλλὰ

2004 1899 2122 1952 mali
2153 1914 2328 1969 genus
2361 1914 2468 1953 non
2501 1898 2614 1971 jam
2639 1908 2832 1953 contra
2857 1914 3082 1969 corpus,
3116 1901 3206 1954 sed
3237 1909 3425 1955 contra
3457 1901 3585 1972 Spi-

295 1985 426 2038 κατ’
463 1987 634 2040 αὑτοῦ
659 1987 754 2039 τοῦ
781 1989 1052 2057 παναγίου
1109 1991 1450 2061 Πνεύματος.
1509 1991 1767 2045 Ὀκνοῦσι
1797 1990 1896 2043 καὶ

2004 1988 2160 2041 ritum
2217 1999 2466 2042 sanctum
2530 2001 2700 2059 agunt
2745 2000 2798 2043 et
2842 1989 2936 2056 jus
2991 1991 3336 2060 pontiﬁcium
3394 2006 3587 2062 τεκνον

292 2080 478 2150 αὐτὴν
510 2081 610 2150 τὴν
667 2082 1068 2154 ἀρχιερατικὴν
1096 2084 1399 2154 ἀναφοράν.
1475 2085 1584 2138 Καὶ
1635 2084 1898 2138 ἐκλαλου-

2005 2077 2252 2132 diuutur.
2317 2079 2406 2143 lii,
2462 2079 2592 2134 dum
2638 2081 2914 2150 pontificis
2965 2097 3162 2136 nomen
3232 2084 3374 2138 inter
3428 2099 3588 2141 sacra

294 2174 470 2243 μένου
502 2173 600 2227 τοῦ
625 2175 932 2228 ἐπισκόπου
965 2178 1025 2229 ἐν
1048 2178 1161 2240 τοῖς
1185 2176 1583 2244 εὖαγεστατοις
1638 2179 1902 2248 μυστηρίο

292 2285 397 2332 οις,
444 2267 716 2322 ἀκούουσι
752 2269 874 2338 μὲν,
929 2267 1070 2339 (πῶς
1101 2270 1210 2339 γὰρ
1268 2270 1335 2323 ἂν
1369 2268 1480 2341 οὖς)
1556 2271 1668 2324 τῶν
1717 2270 1900 2340 θυρῶν

291 2362 668 2430 ἀνεῳγμένων
709 2363 774 2432 τῇ
808 2363 971 2433 ἀκοῇ.
1003 2363 1099 2416 καὶ
1123 2362 1529 2432 εἰσδεχομένων
1611 2363 1900 2432 αὐτοφυῶς

290 2451 352 2504 τδ
385 2452 752 2522 λαλούμενον,
777 2455 866 2506 ὅτε
892 2469 977 2515 τις
1007 2451 1081 2521 μὴ
1109 2451 1352 2521 κωφεύει
1375 2468 1389 2482 ⁸
1410 2453 1556 2516 δπω;
1578 2453 1634 2506 δὲ
1662 2454 1904 2508 διάκειν-

291 2557 383 2594 ται
409 2542 552 2610 περὶ
586 2541 676 2594 τὸν
729 2542 1069 2612 ἁναφορικδν
1105 2539 1290 2608 λόγον,
1331 2541 1360 2593 ὁ
1393 2541 1730 2612 παρατυχὼν
1761 2543 1902 2596 sies.

291 2647 405 2686 ται.
475 2633 541 2684 Τί
566 2630 625 2685 δὲ
656 2633 890 2699 eiceret;
948 2631 1309 2702 Ἀνθρὼπους
1370 2634 1498 2688 οὔτε
1523 2634 1602 2704 τῷ
1667 2635 1901 2704 στόματι

293 2723 488 2777 αὐτῶν
522 2724 940 2794 ἔνδιακειμένως
985 2723 1367 2792 εὐλογοῦντας,
1397 2725 1497 2778 καὶ
1528 2728 1596 2796 τῇ
1619 2725 1819 2797 καρδίᾳ
1842 2727 1900 2779 δὲ

291 2818 756 2887 καταμωμένους.
797 2816 872 2879 ὡς
905 2815 1108 2872 ἔοικεν.
1167 2819 1230 2872 Oi
1286 2817 1494 2871 δἀὑτοὶ
1525 2819 1900 2887 ἁπαρνοῦνται

291 2909 388 2962 καὶ
414 2908 528 2977 τὴν
555 2908 643 2960 διὰ
671 2907 767 2960 τοῦ
793 2908 1000 2961 οἰκείου
1035 2909 1339 2964 ἐπισκόπου
1375 2911 1741 2981 χειροτονίαν.
1774 2910 1898 2964 Διό·-

291 3017 396 3069 περ
418 3001 462 3052 ﬁ,
488 2999 740 3068 μέγας,η
774 2999 1009 3069 κεφαλὴ,
1044 3001 1071 3052 ὁ
1093 3001 1249 3066 Θεὸς,
1283 3001 1486 3070 δεῆσαν
1523 3001 1900 3071 προϐιϐασθῆ-

293 3107 386 3144 ναι
445 3089 618 3143 αὐτὸν
653 3092 732 3152 εἰς
766 3089 901 3160 ὕψος
935 3089 1147 3161 ἱερέως,
1196 3091 1479 3145 ὑποθεῖναι
1531 3093 1632 3162 μὲν
1663 3091 1759 3163 τὴν
1808 3109 1900 3146 κε-

303 3185 483 3255 φαλὴν
521 3183 600 3254 τῷ
627 3183 870 3252 ἰθαγενεῐ
903 3185 1159 3255 ἀρχιερεῖ
1214 3184 1506 3252 ἐξάγιστον
1535 3186 1732 3248 οἴεται,
1799 3186 1898 3239 ἁν-

303 3277 514 3348 θρώπῳ
549 3278 642 3330 καὶ
671 3275 846 3329 ταῦτα
871 3276 1010 3342 δντι,
1069 3275 1419 3346 μεμαθηκότι
1447 3277 1546 3345 τὴν
1579 3275 1671 3330 τοῦ
1727 3277 1898 3330 Πνεύ-

2005 2170 2262 2241 mysteria
2297 2171 2521 2238 citatur,
2580 2173 2812 2227 audiunt
2846 2174 3088 2244 quidem,
3127 2175 3290 2245 idque
3332 2192 3588 2233 necessa-

2002 2261 2122 2329 rio;
2187 2261 2372 2330 janute
2420 2264 2566 2318 enim
2633 2274 2835 2334 apertae
2871 2265 3226 2322 audientibus
3264 2266 3471 2322 faciunt
3527 2278 3587 2324 ut

2001 2351 2252 2420 quisquis
2282 2366 2387 2406 non
2424 2352 2589 2421 plane
2617 2353 2825 2409 surdus
2857 2361 2962 2419 est,
3002 2355 3150 2411 dicta
3183 2357 3394 2413 audiat.
3438 2358 3584 2426 Quid

2003 2453 2180 2498 autem
2211 2445 2278 2500 de
2304 2460 2562 2500 sermone
2580 2447 2812 2501 relativo
2838 2448 3099 2516 sentiant,
3126 2451 3398 2505 neminem
3423 2449 3581 2522 fugit.

2001 2533 2142 2602 Quid
2174 2536 2352 2590 illud?
2404 2535 2670 2594 Homines
2725 2536 2844 2594 sine
2889 2540 3056 2594 dubio
3087 2541 3296 2597 videbit
3354 2543 3449 2609 qui
3483 2558 3586 2599 nec

2001 2644 2096 2684 ore
2116 2631 2330 2685 sincero
2359 2647 2460 2686 nec
2491 2635 2659 2686 corde
2681 2632 2821 2686 bene
2841 2633 2909 2686 de
2937 2631 3005 2688 iis
3029 2632 3346 2700 loquuntur.
3373 2634 3448 2689 llli
3481 2634 3585 2705 ipsi

2001 2733 2182 2778 autem
2243 2738 2463 2778 manum
2527 2725 2662 2794 ipsis
2702 2740 2732 2778 a
2779 2724 3002 2795 proprio
3063 2725 3322 2796 episcopo
3380 2727 3584 2798 imponi

2001 2816 2218 2870 nolunt.
2253 2814 2404 2870 lianc
2456 2815 2529 2873 ob
2560 2831 2783 2870 causam
2818 2814 3070 2886 pontifex
3102 2831 3355 2885 magnus.
3394 2825 3580 2888 caput,

2001 2908 2168 2972 Deus,
2202 2908 2297 2962 ubi
2352 2909 2420 2963 ad
2474 2909 2872 2963 sacerdotalem
2915 2908 3233 2977 dignitatem
3271 2907 3584 2964 evehendus

1998 3009 2167 3063 esset,
2230 3005 2396 3068 caput
2459 2997 2704 3067 pontifici
2757 2999 3000 3069 legitimo
3054 2997 3376 3053 submittere
3428 2999 3586 3055 nefas

2000 3089 2254 3155 habebat,
2308 3089 2405 3159 qui
2459 3090 2562 3144 hac
2614 3089 2671 3144 in
2720 3105 2778 3145 re
2809 3092 2972 3145 homo
3033 3100 3171 3155 erat,
3204 3091 3297 3160 qui
3341 3089 3582 3160 Spiritus

1999 3183 2176 3237 sancti
2202 3182 2404 3237 donum
2436 3183 2726 3247 didicerat,
2753 3185 2841 3247 qui
2869 3184 3368 3253 comprehendebat
3393 3185 3531 3239 illud
3562 3224 3578 3241 .

2007 3291 2026 3324 ι
2058 3271 2239 3328 Gratis
2270 3273 2735 3349 accepistis,grais
2748 3270 2966 3340 date“?
2994 3276 3354 3344 quisimoniae
3371 3277 3581 3333 crimen

309 3387 480 3440 ματος
513 3368 746 3437 δωρεὰν,
781 3369 877 3421 καὶ
914 3367 1277 3438 κατορθοῦντι
1307 3369 1368 3422 τό
1392 3370 1676 3439 ἰΔωρεὰν
1707 3369 1896 3422 ἐλάὸεε

2004 3366 2477 3420 auathematizaus
2535 3375 2748 3419 tartaro
2795 3366 3053 3432 tradidit;
3085 3367 3181 3438 qui
3226 3369 3439 3422 externi
3463 3369 3582 3438 epi-

302 3476 384 3525 τε,
413 3459 632 3531 δωρεὰν
656 3461 776 3513 δότε
803 3477 816 3491 ’
853 3480 871 3512 ι
917 3461 1012 3514 καὶ
1043 3460 1105 3512 τὸ
1146 3459 1473 3530 σιμωνίςειν
1513 3462 1595 3524 είς
1624 3461 1899 3531 τάρταρον

303 3553 553 3606 καθιέντι
593 3552 1013 3623 δι’ἀναθέματος
1033 3569 1049 3584 ·
1104 3551 1277 3622 ἑτέρῳ
1301 3552 1356 3604 δὲ
1382 3551 1580 3622 ξενικῷ
1622 3553 1692 3605 τά
1721 3569 1784 3620 γε
1819 3557 1900 3617 είς

304 3647 525 3717 ἐνορίαν
547 3645 820 3715 πρότεισι,
851 3646 945 3697 καὶ
1003 3644 1154 3714 αὐτῷ
1219 3642 1600 3714 ἁπλουστέρῳ,
1660 3645 1756 3696 καὶ
1817 3646 1898 3709 είς

304 3739 569 3806 ἀφέλειαν
620 3737 993 3807 πεπλασμένῳ
1015 3737 1109 3790 καὶ
1136 3736 1233 3805 οἴῳ
1267 3735 1342 3805 μὴ
1372 3736 1658 3789 ἐκϐάλλειν
1683 3737 1792 3802 ἔξω
1809 3738 1900 3790 τὸν

304 3827 557 3881 ὁπωσοῦν
587 3827 738 3895 αὐτῷ
757 3829 1226 3897 προσερχόμενον·
1257 3826 1504 3880 ὀκνοῦντι
1526 3828 1583 3880 δὲ
1615 3832 1709 3882 καὶ
1736 3829 1901 3882 πολυ-

307 3920 700 3991 πραγμονῆσαι
735 3919 824 3972 τὸν
876 3919 1044 3971 πολὺν
1075 3919 1335 3989 μοναχὸν,
1388 3917 1472 3982 τίς
1511 3919 1610 3986 ὢν,
1648 3923 1742 3975 καὶ
1788 3919 1900 3988 οἷος

307 4014 402 4063 καὶ
420 4011 607 4076 πόθεν,
647 4012 744 4063 καὶ
767 4009 911 4065 διατι
937 4012 1073 4080 πρὸς
1100 4012 1264 4066 αὐτὸν
1299 4011 1544 4084 ἕρχεταις
1578 4015 1685 4067 Καὶ
1730 4031 1902 4085 προσ-

306 4103 481 4155 ελθὼν
511 4103 586 4172 τῷ
632 4102 860 4173 τοιούτῳ
907 4103 1199 4174 ὲπισκύπῳ
1247 4106 1491 4177 παριστᾷ
1537 4107 1633 4159 καὶ
1685 4121 1898 4178 μαρτυ-

309 4196 498 4265 ρικοὺς
522 4195 740 4264 ἄνδρας,
768 4195 930 4265 τυχδν
951 4196 1048 4265 μὲν
1075 4196 1170 4250 καὶ
1205 4197 1421 4250 ἐκεῖθεν
1455 4199 1711 4265 ἀγνῶτας
1773 4200 1898 4251 επι-

310 4288 614 4350 σκοττικούς
635 4304 651 4320 ⁸
687 4290 788 4341 οὐκ
815 4289 1029 4351 εἰδότας
1067 4288 1187 4358 μὲν,
1215 4289 1462 4357 ἐγγραφο
1476 4290 1677 4358 μένους
1707 4289 1761 4343 δὲ
1797 4290 1901 4343 δώ-

312 4397 426 4450 ρων
446 4380 517 4431 τὰ
549 4379 692 4447 ὑπὲρ
730 4379 824 4431 τοῦ
859 4379 1322 4448 μαρτυρουμένου
1349 4395 1363 4408 ο
1403 4381 1534 4438 ἴσως
1579 4380 1638 4432 δὲ
1682 4381 1778 4432 καὶ
1833 4383 1901 4434 ὲκ

306 4475 410 4539 τῆς
436 4471 629 4539 μονῆς,
661 4471 850 4539 (ποίας
889 4473 1058 4540 μονῆς
1087 4470 1124 4536 ς)
1147 4472 1225 4532 είς
1248 4472 1314 4540 ἣν
1348 4469 1574 4523 ἄλλοθεν
1609 4470 1717 4524 ἀπὸ
1742 4473 1900 4542 ξένης

291 4565 464 4635 ,ἥκων
491 4563 698 4632 κουρᾶς
733 4561 1112 4632 δήγούμενος,
1141 4563 1236 4614 καὶ
1285 4562 1492 4632 βραχύν
1530 4579 1656 4616 τινα
1707 4563 1900 4634 χρόνον

311 4657 584 4726 ἐπισχὼν,
612 4656 703 4707 καὶ
735 4653 1051 4716 ἀκολούθως
1082 4653 1434 4724 βραχυτάτην
1469 4656 1667 4722 πεῖραν
1699 4655 1898 4708 ἑαυτοῦ

312 4747 566 4810 δεδωκὼς
589 4749 702 4810 τοῖς
735 4746 1009 4814 ἀδελφοῖς,
1045 4747 1405 4816 μαρτυρεῖται
1442 4746 1594 4814 παρὰ
1623 4746 1702 4816 τῷ
1737 4747 1895 4799 ἀλλοσ

313 4839 472 4908 δαπῴ
498 4840 786 4908 ὲπισκόπῳ
818 4838 958 4908 ὑπὲρ
985 4836 1082 4890 τοῦ
1105 4840 1167 4890 ὲκ
1189 4839 1418 4907 γενετῆς
1445 4837 1568 4890 ὅλου
1617 4837 1734 4906 βίου
1768 4853 1782 4867 '
1833 4838 1895 4892 οὐ

321 4932 698 5001 μόνονὲαυτὸν
726 4931 941 5000 ψεύδων
965 4930 993 4982 6
1029 4929 1346 5000 ἀδιάφορος,
1384 4931 1479 4982 καὶ
1519 4931 1615 4983 τὸν
1647 4949 1892 5001 χειροτο-

315 5021 577 5092 νήσαντα,
607 5022 703 5075 mi.
736 5022 828 5076 τὸν
853 5021 992 5092 ἀμφ’
1026 5021 1177 5091 αὐτῷ
1206 5021 1431 5091 κλῆρον,
1457 5022 1593 5076 ἀλλὰ
1639 5026 1731 5076 καὶ
1763 5023 1892 5087 τοὺς

323 5116 602 5185 μάρτυρας
629 5117 898 5185 μοιθαχοῦς
932 5115 1254 5168 ὑποσὸιλλων
1283 5114 1361 5185 τῷ
1389 5117 1452 5168 ἐκ
1476 5116 1612 5168 Θεοῦ
1643 5117 1892 5187 κρίματι.

324 5204 428 5257 Καὶ
465 5205 610 5259 οὕτω
640 5207 1068 5276 τεχνασάμενος,
1105 5209 1200 5258 καὶ
1229 5206 1330 5277 τὴν
1363 5208 1641 5277 ἱερατείαν
1688 5207 1894 5278 κλέψας

322 5293 560 5359 ἆμαᾟιαὶ
602 5297 973 5366 τυραννήσας.
1003 5297 1492 5367 προσλαρΰὰνεται
1541 5303 1635 5353 καὶ
1673 5300 1888 5363 ἄλλους,

323 5385 374 5435 εἴ
396 5403 501 5458 περ
523 5388 721 5451 ἐθέλει,
752 5388 1019 5458 μετόχους
1035 5389 1230 5457 ὁμοίας
1261 5389 1537 5460 πράξεως,
1580 5394 1674 5445 καὶ
1700 5394 1894 5446 smoo-

2003 3457 2152 3526 scopi
2183 3457 2446 3512 dimcesin
2473 3457 2583 3512 adit
2609 3458 2870 3527 simplicis
2893 3468 2948 3513 et
2977 3459 3194 3514 candidi
3219 3469 3273 3514 et
3296 3462 3388 3532 qui
3431 3463 3584 3533 ejus-

2003 3549 2150 3603 modi
2186 3549 2428 3604 advenas
2461 3566 2570 3604 non
2598 3551 3033 3621 tergiversatur;
3066 3553 3158 3622 qui
3198 3569 3305 3607 non
3333 3555 3444 3608 vult
3467 3570 3583 3609 mo-

2002 3645 2238 3698 nachum
2272 3643 2436 3698 nimis
2467 3644 2750 3699 curiosum
2792 3645 3072 3714 inquirere
3101 3646 3226 3714 quis
3258 3647 3456 3716 aliquis
3482 3650 3582 3714 sit,

1999 3737 2176 3805 cujas,
2209 3747 2263 3793 et
2296 3752 2462 3807 quam
2505 3739 2576 3793 ob
2607 3752 2720 3793 rem
2763 3737 2942 3808 ipsum
2985 3739 3451 3796 adierit‘lAdieus
3484 3755 3582 3794 au-

2001 3834 2109 3881 tem
2143 3825 2222 3880 illi
2251 3825 2513 3897 episcopo
2540 3835 2710 3882 testes
2740 3827 3011 3898 producet
3055 3829 3346 3899 episcopos
3375 3831 3466 3899 qui
3517 3845 3584 3885 eo

2001 3920 2056 3975 iu
2092 3921 2210 3976 loco
2248 3921 2474 3976 forsitan
2527 3921 2697 3991 ignoti
2739 3931 2867 3977 sunt
2915 3921 3010 3977 sed
3058 3923 3420 3977 nihilominus
3461 3939 3584 3976 mtt-

2002 4029 2132 4067 nera
2199 4029 2296 4082 pro
2351 4015 2670 4070 testimonio
2736 4014 3066 4085 accipiunt;_
3128 4025 3223 4070 aut
3293 4015 3435 4071 forte
3512 4033 3580 4072 ex

2002 4105 2335 4159 monasterio
2367 4106 2554 4174 aliquo
2588 4105 2656 4158 ab
2688 4105 2867 4158 aliena
2896 4113 3128 4160 tonsura
3157 4105 3381 4160 advenit
3440 4121 3581 4176 pras-

2002 4193 2200 4258 fectus,
2249 4195 2342 4263 qui
2390 4205 2513 4263 post
2561 4195 2903 4264 aliquantum
2951 4197 3218 4265 temporis
3269 4206 3577 4266 promptmu

2001 4285 2088 4341 sui
2137 4285 2506 4355 cognoscendi
2538 4285 2802 4339 fratribus
2841 4286 3120 4355 specimen
3174 4287 3416 4350 exhibet,
3473 4298 3583 4341 tes-

2004 4377 2169 4430 taude
2199 4378 2340 4446 apud
2360 4385 2680 4431 extraneum
2738 4377 3054 4445 episcopum
3084 4376 3152 4430 de
3179 4385 3288 4430 tota
3320 4393 3416 4430 sua
3443 4376 3578 4442 vita,

2003 4469 2200 4522 iatlens
2228 4484 2322 4537 per
2353 4467 2713 4522 indolentiam
2765 4477 2820 4523 et
2848 4483 2907 4524 se
2968 4478 3024 4523 et
3056 4470 3349 4524 electorem
3377 4477 3432 4522 et
3464 4484 3581 4522 om-

2002 4577 2124 4614 nem
2187 4563 2420 4622 clerum.
2477 4561 2570 4614 sed
2600 4560 2906 4615 monachos
2944 4569 3106 4614 testes
3155 4560 3364 4630 judicio
3393 4561 3578 4614 divino

2002 4651 2246 4720 subjicit.
2274 4651 2338 4704 Et
2369 4651 2450 4707 sic
2487 4650 2709 4719 quidem
2734 4651 3044 4706 sacerdotio
3068 4651 3266 4705 callide
3295 4660 3576 4720 usurpato,

2007 4745 2142 4798 alios
2191 4759 2410 4813 quoque
2465 4742 2533 4798 ad
2577 4743 2789 4797 libitum
2852 4741 3101 4797 criminis
3156 4743 3415 4798 conscios
3487 4757 3580 4796 as-

2007 4834 2198 4898 sumit,
2234 4833 2513 4902 extemplo
2552 4834 2854 4888 monachos
2885 4847 2914 4884 a
2959 4847 3120 4901 grege
3162 4846 3264 4886 suo
3305 4831 3410 4886 sibi
3444 4848 3572 4886 con.

2001 4927 2176 4982 sociat
2202 4936 2256 4982 ct
2315 4927 2418 4978 hoc
2445 4925 2605 4979 modo
2626 4931 2834 4978 temere
2859 4922 3049 4990 efficit,
3077 4933 3133 4977 ut
3163 4925 3389 4978 rutrum
3421 4926 3577 4977 colle-

2000 5021 2088 5090 gio
2128 5034 2234 5072 non
2265 5017 2403 5071 alios
2436 5018 2652 5072 labores
2683 5031 2748 5070 ac
2789 5025 3042 5087 sumptus
3087 5029 3364 5071 causetur.
3406 5015 3521 5081 Qua
3546 5032 3577 5069 e

2001 5111 2233 5181 accepit.
2278 5111 2396 5178 ;tale
2428 5109 2605 5163 reddit
2651 5109 3026 5163 testimonium
3068 5108 3267 5178 quibus
3306 5107 3571 5169 voluerit;

2000 5205 2239 5257 debitum
2264 5202 2631 5255 adulterinum
2661 5199 2841 5255 reddit
2867 5211 2920 5254 et
2949 5212 3202 5253 mutuum
3232 5195 3450 5250 virtutis
3500 5201 3576 5250 si-

1998 5297 2304 5348 mulacrum
2353 5294 2593 5348 exhibet.
2633 5292 2726 5346 Sic
2772 5294 2971 5345 fratres
3023 5305 3115 5358 per
3140 5289 3338 5342 falsum
3385 5287 3570 5343 ludum

2005 5388 2141 5441 alios
2172 5396 2293 5456 post
2316 5385 2452 5437 alios
2483 5383 2740 5454 episcopo
2765 5383 2835 5436 ob
2867 5381 3059 5434 oculos
3087 5377 3388 5431 adducunt.

326 5477 554 5545 ράμενος
587 5481 788 5534 αὐτίκα
843 5483 923 5544 είς
947 5463 1326 5551 ’παράστασιν
1360 5485 1627 5554 μοναχοὺς
1686 5485 1751 5536 ἐκ
1811 5481 1911 5553 τῆς
1946 5477 2067 5534 κατ’
2128 5477 2292 5531 αὑτὸν
2353 5475 2613 5545 ποίμνης,
2644 5474 2738 5524 καὶ
2776 5474 2875 5540 μιᾷ
2909 5469 3082 5539 ταύτῃ
3108 5468 3214 5538 ὀδῷ
3259 5466 3430 5520 πλείω
3483 5465 3574 5532 ἐξ·

325 5573 521 5636 ανὺσας
575 5575 724 5644 αὐτῷ
752 5576 1058 5646 ἀρέσκοντα
1090 5575 1248 5646 ἔργα,
1284 5577 1368 5632 ἵνα
1430 5579 1506 5649 μὴ
1567 5577 1662 5633 καὶ
1712 5575 1913 5640 κόπους
1944 5574 2138 5639 ἄλλους
2173 5577 2264 5629 καὶ
2296 5571 2542 5630 δαπάνας
2589 5565 2879 5634 προξενοίη
2921 5565 2987 5632 τῇ
3019 5562 3360 5635 ἀδελφότητι.
3417 5562 3574 5632 Μαρ-

394 5849 654 5922 ἕιἪιιιιΙι.
697 5868 751 5918 x,
792 5852 847 5907 8.
