  <div class='ocr_page' id='page_1' title='image "/cluster/home/n/w/nwhite01/storage/ocr_20150623/135/mdp.39015029921197/459.png"; bbox 0 0 3992 6240; ppageno 0'>
   <div class='ocr_carea' id='block_1_1' title="bbox 445 288 553 354">
    <p class='ocr_par' dir='ltr' id='par_1_1' title="bbox 445 288 553 354">
     <span class='ocr_line' id='line_1_1' title="bbox 445 288 553 354; baseline 0.009 -2"><span class='ocrx_word' id='word_1_1' title='bbox 445 288 553 354; x_wconf 66' lang='lat'><strong>933</strong></span> 
     </span>
    </p>
   </div>
   <div class='ocr_carea' id='block_1_2' title="bbox 449 494 2029 554">
    <p class='ocr_par' dir='ltr' id='par_1_2' title="bbox 449 494 2029 554">
     <span class='ocr_line' id='line_1_2' title="bbox 449 494 2029 554; baseline -0.005 -2"><span class='ocrx_word' id='word_1_2' title='bbox 449 499 616 552; x_wconf 83' lang='lat' dir='ltr'><strong>etiam</strong></span> <span class='ocrx_word' id='word_1_3' title='bbox 655 496 883 550; x_wconf 89' lang='lat' dir='ltr'><strong>nimium</strong></span> <span class='ocrx_word' id='word_1_4' title='bbox 931 495 1159 549; x_wconf 80' lang='lat' dir='ltr'><strong>honoris</strong></span> <span class='ocrx_word' id='word_1_5' title='bbox 1213 508 1480 554; x_wconf 84' lang='lat' dir='ltr'><strong>amorem,</strong></span> <span class='ocrx_word' id='word_1_6' title='bbox 1523 501 1617 546; x_wconf 84' lang='lat' dir='ltr'><strong>aut</strong></span> <span class='ocrx_word' id='word_1_7' title='bbox 1645 494 1834 547; x_wconf 83' lang='lat' dir='ltr'><strong>saltem</strong></span> <span class='ocrx_word' id='word_1_8' title='bbox 1878 505 2029 544; x_wconf 87' lang='lat' dir='ltr'><strong>amo—</strong></span> 
     </span>
    </p>
   </div>
   <div class='ocr_carea' id='block_1_3' title="bbox 451 581 2028 657">
    <p class='ocr_par' dir='ltr' id='par_1_3' title="bbox 451 581 2028 657">
     <span class='ocr_line' id='line_1_3' title="bbox 451 581 2028 657; baseline -0.006 -15"><span class='ocrx_word' id='word_1_9' title='bbox 451 605 568 642; x_wconf 86' lang='lat' dir='ltr'><strong>rem</strong></span> <span class='ocrx_word' id='word_1_10' title='bbox 620 589 827 657; x_wconf 69' lang='grc' dir='ltr'><strong>εισι-ιω,</strong></span> <span class='ocrx_word' id='word_1_11' title='bbox 860 586 970 641; x_wconf 83' lang='lat' dir='ltr'><strong>fere</strong></span> <span class='ocrx_word' id='word_1_12' title='bbox 1018 585 1260 642; x_wconf 83' lang='lat' dir='ltr'><strong>dicerem</strong></span> <span class='ocrx_word' id='word_1_13' title='bbox 1307 601 1498 638; x_wconf 86' lang='lat' dir='ltr'><strong>vanam</strong></span> <span class='ocrx_word' id='word_1_14' title='bbox 1560 583 1813 652; x_wconf 79' lang='lat' dir='ltr'><strong>gloriam.</strong></span> <span class='ocrx_word' id='word_1_15' title='bbox 1858 581 2028 635; x_wconf 81' lang='lat' dir='ltr'><strong>Aliter</strong></span> 
     </span>
    </p>
   </div>
   <div class='ocr_carea' id='block_1_4' title="bbox 447 670 2027 746">
    <p class='ocr_par' dir='ltr' id='par_1_4' title="bbox 447 670 2027 746">
     <span class='ocr_line' id='line_1_4' title="bbox 447 670 2027 746; baseline -0.004 -14"><span class='ocrx_word' id='word_1_16' title='bbox 447 680 594 732; x_wconf 90' lang='lat' dir='ltr'><strong>cuim</strong></span> <span class='ocrx_word' id='word_1_17' title='bbox 658 692 813 730; x_wconf 82' lang='lat' dir='ltr'><strong>amor</strong></span> <span class='ocrx_word' id='word_1_18' title='bbox 878 677 1104 730; x_wconf 79' lang='lat' dir='ltr'><strong>honoris</strong></span> <span class='ocrx_word' id='word_1_19' title='bbox 1143 676 1378 746; x_wconf 83' lang='lat' dir='ltr'><strong>speciem</strong></span> <span class='ocrx_word' id='word_1_20' title='bbox 1415 676 1631 729; x_wconf 88' lang='lat' dir='ltr'><strong>virtutis</strong></span> <span class='ocrx_word' id='word_1_21' title='bbox 1677 674 1860 729; x_wconf 81' lang='lat' dir='ltr'><strong>habet.</strong></span> <span class='ocrx_word' id='word_1_22' title='bbox 1885 670 2027 738; x_wconf 85' lang='lat' dir='ltr'><strong>Quid</strong></span> 
     </span>
    </p>
   </div>
   <div class='ocr_carea' id='block_1_5' title="bbox 452 766 2026 838">
    <p class='ocr_par' dir='ltr' id='par_1_5' title="bbox 452 766 2026 838">
     <span class='ocr_line' id='line_1_5' title="bbox 452 766 2026 838; baseline -0.003 -14"><span class='ocrx_word' id='word_1_23' title='bbox 452 773 532 824; x_wconf 82' lang='lat' dir='ltr'><strong>vis</strong></span> <span class='ocrx_word' id='word_1_24' title='bbox 582 771 748 824; x_wconf 77' lang='lat' dir='ltr'><strong>videri</strong></span> <span class='ocrx_word' id='word_1_25' title='bbox 786 772 908 838; x_wconf 85' lang='lat' dir='ltr'><strong>plus</strong></span> <span class='ocrx_word' id='word_1_26' title='bbox 949 786 1109 837; x_wconf 81' lang='lat' dir='ltr'><strong>quam</strong></span> <span class='ocrx_word' id='word_1_27' title='bbox 1160 771 1402 838; x_wconf 85' lang='lat' dir='ltr'><strong>Oportet?</strong></span> <span class='ocrx_word' id='word_1_28' title='bbox 1432 767 1530 822; x_wconf 83' lang='lat' dir='ltr'><strong>Per</strong></span> <span class='ocrx_word' id='word_1_29' title='bbox 1577 776 1859 821; x_wconf 87' lang='lat' dir='ltr'><strong>tonsuram</strong></span> <span class='ocrx_word' id='word_1_30' title='bbox 1897 766 2026 820; x_wconf 86' lang='lat' dir='ltr'><strong>abs-</strong></span> 
     </span>
    </p>
   </div>
   <div class='ocr_carea' id='block_1_6' title="bbox 450 853 2027 930">
    <p class='ocr_par' dir='ltr' id='par_1_6' title="bbox 450 853 2027 930">
     <span class='ocr_line' id='line_1_6' title="bbox 450 853 2027 930; baseline -0.003 -19"><span class='ocrx_word' id='word_1_31' title='bbox 450 861 705 914; x_wconf 67' lang='lat' dir='ltr'><strong>conditus</strong></span> <span class='ocrx_word' id='word_1_32' title='bbox 731 877 812 925; x_wconf 88' lang='lat' dir='ltr'><strong>es,</strong></span> <span class='ocrx_word' id='word_1_33' title='bbox 864 859 970 914; x_wconf 88' lang='lat' dir='ltr'><strong>noli</strong></span> <span class='ocrx_word' id='word_1_34' title='bbox 1020 875 1149 930; x_wconf 73' lang='lat' dir='ltr'><strong>ergo</strong></span> <span class='ocrx_word' id='word_1_35' title='bbox 1181 875 1467 930; x_wconf 84' lang='lat' dir='ltr'><strong>apparere,</strong></span> <span class='ocrx_word' id='word_1_36' title='bbox 1505 873 1631 912; x_wconf 86' lang='lat' dir='ltr'><strong>naut</strong></span> <span class='ocrx_word' id='word_1_37' title='bbox 1675 855 1839 912; x_wconf 83' lang='lat' dir='ltr'><strong>simul</strong></span> <span class='ocrx_word' id='word_1_38' title='bbox 1867 853 2027 924; x_wconf 74' lang='lat' dir='ltr'><strong>jungi</strong></span> 
     </span>
    </p>
   </div>
   <div class='ocr_carea' id='block_1_7' title="bbox 448 946 2023 1020">
    <p class='ocr_par' dir='ltr' id='par_1_7' title="bbox 448 946 2023 1020">
     <span class='ocr_line' id='line_1_7' title="bbox 448 946 2023 1020; baseline -0.003 -19"><span class='ocrx_word' id='word_1_39' title='bbox 448 960 728 1016; x_wconf 85' lang='lat' dir='ltr'><strong>nequeunt</strong></span> <span class='ocrx_word' id='word_1_40' title='bbox 786 967 1049 1020; x_wconf 82' lang='lat' dir='ltr'><strong>apparere</strong></span> <span class='ocrx_word' id='word_1_41' title='bbox 1085 963 1138 1002; x_wconf 79' lang='lat' dir='ltr'><strong>et</strong></span> <span class='ocrx_word' id='word_1_42' title='bbox 1221 950 1506 1004; x_wconf 64' lang='lat' dir='ltr'><strong>absrondi.</strong></span> <span class='ocrx_word' id='word_1_43' title='bbox 1557 950 1818 1015; x_wconf 71' lang='lat' dir='ltr'><strong>Asper-am</strong></span> <span class='ocrx_word' id='word_1_44' title='bbox 1882 946 2023 996; x_wconf 79' lang='lat' dir='ltr'><strong>viam</strong></span> 
     </span>
    </p>
   </div>
   <div class='ocr_carea' id='block_1_8' title="bbox 448 1036 2024 1110">
    <p class='ocr_par' dir='ltr' id='par_1_8' title="bbox 448 1036 2024 1110">
     <span class='ocr_line' id='line_1_8' title="bbox 448 1036 2024 1110; baseline 0.001 -22"><span class='ocrx_word' id='word_1_45' title='bbox 448 1040 678 1110; x_wconf 68' lang='lat' dir='ltr'><strong>t-leg&#39;sti,</strong></span> <span class='ocrx_word' id='word_1_46' title='bbox 711 1056 809 1094; x_wconf 87' lang='lat' dir='ltr'><strong>cur</strong></span> <span class='ocrx_word' id='word_1_47' title='bbox 844 1055 971 1109; x_wconf 82' lang='lat' dir='ltr'><strong>ergo</strong></span> <span class='ocrx_word' id='word_1_48' title='bbox 1006 1057 1100 1108; x_wconf 86' lang='lat' dir='ltr'><strong>per</strong></span> <span class='ocrx_word' id='word_1_49' title='bbox 1152 1040 1366 1092; x_wconf 81' lang='lat' dir='ltr'><strong>facilem</strong></span> <span class='ocrx_word' id='word_1_50' title='bbox 1427 1041 1628 1100; x_wconf 79' lang='lat' dir='ltr'><strong>curris,</strong></span> <span class='ocrx_word' id='word_1_51' title='bbox 1665 1039 1756 1092; x_wconf 84' lang='lat' dir='ltr'><strong>ubi</strong></span> <span class='ocrx_word' id='word_1_52' title='bbox 1789 1051 1890 1092; x_wconf 83' lang='lat' dir='ltr'><strong>sua</strong></span> <span class='ocrx_word' id='word_1_53' title='bbox 1923 1036 2024 1090; x_wconf 82' lang='lat' dir='ltr'><strong>ha-</strong></span> 
     </span>
    </p>
   </div>
   <div class='ocr_carea' id='block_1_9' title="bbox 449 1129 2025 1200">
    <p class='ocr_par' dir='ltr' id='par_1_9' title="bbox 449 1129 2025 1200">
     <span class='ocr_line' id='line_1_9' title="bbox 449 1129 2025 1200; baseline -0.001 -16"><span class='ocrx_word' id='word_1_54' title='bbox 449 1135 534 1186; x_wconf 79' lang='lat' dir='ltr'><strong>be:</strong></span> <span class='ocrx_word' id='word_1_55' title='bbox 561 1133 799 1200; x_wconf 85' lang='lat' dir='ltr'><strong>pericula</strong></span> <span class='ocrx_word' id='word_1_56' title='bbox 859 1135 943 1187; x_wconf 88' lang='lat' dir='ltr'><strong>via</strong></span> <span class='ocrx_word' id='word_1_57' title='bbox 1013 1131 1175 1186; x_wconf 90' lang='lat' dir='ltr'><strong>trita?</strong></span> <span class='ocrx_word' id='word_1_58' title='bbox 1219 1129 1555 1200; x_wconf 87' lang='lat' dir='ltr'><strong>.lampridem</strong></span> <span class='ocrx_word' id='word_1_59' title='bbox 1608 1130 1775 1184; x_wconf 86' lang='lat' dir='ltr'><strong>vitam</strong></span> <span class='ocrx_word' id='word_1_60' title='bbox 1829 1129 2025 1184; x_wconf 87' lang='lat' dir='ltr'><strong>duram</strong></span> 
     </span>
    </p>
   </div>
   <div class='ocr_carea' id='block_1_10' title="bbox 445 1223 1618 1292">
    <p class='ocr_par' dir='ltr' id='par_1_10' title="bbox 445 1223 1618 1292">
     <span class='ocr_line' id='line_1_10' title="bbox 445 1223 1618 1292; baseline 0 -16"><span class='ocrx_word' id='word_1_61' title='bbox 445 1226 708 1286; x_wconf 65' lang='lat' dir='ltr'><strong>elegeras,</strong></span> <span class='ocrx_word' id='word_1_62' title='bbox 748 1225 1060 1278; x_wconf 82' lang='lat' dir='ltr'><strong>facillimam</strong></span> <span class='ocrx_word' id='word_1_63' title='bbox 1084 1223 1236 1292; x_wconf 87' lang='lat' dir='ltr'><strong>sequi</strong></span> <span class='ocrx_word' id='word_1_64' title='bbox 1290 1240 1394 1277; x_wconf 88' lang='lat' dir='ltr'><strong>non</strong></span> <span class='ocrx_word' id='word_1_65' title='bbox 1431 1223 1618 1277; x_wconf 81' lang='lat' dir='ltr'><strong>debes.</strong></span> 
     </span>
    </p>
   </div>
   <div class='ocr_carea' id='block_1_11' title="bbox 519 1310 2026 1380">
    <p class='ocr_par' dir='ltr' id='par_1_11' title="bbox 519 1310 2026 1380">
     <span class='ocr_line' id='line_1_11' title="bbox 519 1310 2026 1380; baseline -0.001 -14"><span class='ocrx_word' id='word_1_66' title='bbox 519 1316 639 1370; x_wconf 78' lang='grc'><strong>193.</strong></span> <span class='ocrx_word' id='word_1_67' title='bbox 663 1313 1135 1380; x_wconf 83' lang='lat' dir='ltr'><strong>Quemadmodum</strong></span> <span class='ocrx_word' id='word_1_68' title='bbox 1161 1313 1212 1366; x_wconf 89' lang='lat' dir='ltr'><strong>iu</strong></span> <span class='ocrx_word' id='word_1_69' title='bbox 1236 1324 1415 1373; x_wconf 85' lang='lat' dir='ltr'><strong>nocte,</strong></span> <span class='ocrx_word' id='word_1_70' title='bbox 1453 1318 1506 1366; x_wconf 91' lang='lat' dir='ltr'><strong>iu</strong></span> <span class='ocrx_word' id='word_1_71' title='bbox 1528 1311 1730 1365; x_wconf 86' lang='lat' dir='ltr'><strong>mundo</strong></span> <span class='ocrx_word' id='word_1_72' title='bbox 1757 1310 2026 1366; x_wconf 86' lang='lat' dir='ltr'><strong>obscurus</strong></span> 
     </span>
    </p>
   </div>
   <div class='ocr_carea' id='block_1_12' title="bbox 443 1402 2025 1474">
    <p class='ocr_par' dir='ltr' id='par_1_12' title="bbox 443 1402 2025 1474">
     <span class='ocr_line' id='line_1_12' title="bbox 443 1402 2025 1474; baseline -0.001 -14"><span class='ocrx_word' id='word_1_73' title='bbox 443 1424 526 1474; x_wconf 88' lang='lat' dir='ltr'><strong>cs,</strong></span> <span class='ocrx_word' id='word_1_74' title='bbox 554 1425 662 1462; x_wconf 83' lang='lat' dir='ltr'><strong>non</strong></span> <span class='ocrx_word' id='word_1_75' title='bbox 699 1419 880 1463; x_wconf 72' lang='lat' dir='ltr'><strong>autem</strong></span> <span class='ocrx_word' id='word_1_76' title='bbox 917 1408 971 1462; x_wconf 90' lang='lat' dir='ltr'><strong>in</strong></span> <span class='ocrx_word' id='word_1_77' title='bbox 1013 1415 1224 1461; x_wconf 87' lang='lat' dir='ltr'><strong>noctem</strong></span> <span class='ocrx_word' id='word_1_78' title='bbox 1269 1415 1325 1460; x_wconf 91' lang='lat' dir='ltr'><strong>tu</strong></span> <span class='ocrx_word' id='word_1_79' title='bbox 1349 1413 1593 1460; x_wconf 72' lang='lat' dir='ltr'><strong>mutatus</strong></span> <span class='ocrx_word' id='word_1_80' title='bbox 1637 1421 1717 1460; x_wconf 89' lang='lat' dir='ltr'><strong>es.</strong></span> <span class='ocrx_word' id='word_1_81' title='bbox 1743 1402 1864 1458; x_wconf 86' lang='lat' dir='ltr'><strong>Noli</strong></span> <span class='ocrx_word' id='word_1_82' title='bbox 1897 1418 2025 1473; x_wconf 71' lang='lat' dir='ltr'><strong>ergo</strong></span> 
     </span>
    </p>
   </div>
   <div class='ocr_carea' id='block_1_13' title="bbox 443 1499 2024 1569">
    <p class='ocr_par' dir='ltr' id='par_1_13' title="bbox 443 1499 2024 1569">
     <span class='ocr_line' id='line_1_13' title="bbox 443 1499 2024 1569; baseline 0.001 -19"><span class='ocrx_word' id='word_1_83' title='bbox 443 1501 770 1554; x_wconf 74' lang='lat' dir='ltr'><strong>tenebrosus</strong></span> <span class='ocrx_word' id='word_1_84' title='bbox 801 1516 944 1564; x_wconf 85' lang='lat' dir='ltr'><strong>esse,</strong></span> <span class='ocrx_word' id='word_1_85' title='bbox 975 1515 1043 1554; x_wconf 90' lang='lat' dir='ltr'><strong>ne</strong></span> <span class='ocrx_word' id='word_1_86' title='bbox 1079 1516 1186 1555; x_wconf 78' lang='lat' dir='ltr'><strong>nox</strong></span> <span class='ocrx_word' id='word_1_87' title='bbox 1217 1500 1334 1565; x_wconf 80' lang='lat' dir='ltr'><strong>tias,</strong></span> <span class='ocrx_word' id='word_1_88' title='bbox 1363 1501 1413 1552; x_wconf 92' lang='lat' dir='ltr'><strong>in</strong></span> <span class='ocrx_word' id='word_1_89' title='bbox 1452 1515 1558 1569; x_wconf 85' lang='lat' dir='ltr'><strong>qua</strong></span> <span class='ocrx_word' id='word_1_90' title='bbox 1598 1499 1846 1567; x_wconf 74' lang='lat' dir='ltr'><strong>proxime</strong></span> <span class='ocrx_word' id='word_1_91' title='bbox 1881 1513 2024 1567; x_wconf 72' lang='lat' dir='ltr'><strong>prae-</strong></span> 
     </span>
    </p>
   </div>
   <div class='ocr_carea' id='block_1_14' title="bbox 444 1591 2021 1662">
    <p class='ocr_par' dir='ltr' id='par_1_14' title="bbox 444 1591 2021 1662">
     <span class='ocr_line' id='line_1_14' title="bbox 444 1591 2021 1662; baseline 0 -17"><span class='ocrx_word' id='word_1_92' title='bbox 444 1592 850 1661; x_wconf 74' lang='lat' dir='ltr'><strong>tergretlieutur</strong></span> <span class='ocrx_word' id='word_1_93' title='bbox 895 1593 1045 1646; x_wconf 80' lang='lat' dir='ltr'><strong>silvae</strong></span> <span class='ocrx_word' id='word_1_94' title='bbox 1073 1591 1284 1654; x_wconf 70' lang='lat' dir='ltr'><strong>bestiae,</strong></span> <span class='ocrx_word' id='word_1_95' title='bbox 1308 1603 1362 1646; x_wconf 83' lang='lat' dir='ltr'><strong>et</strong></span> <span class='ocrx_word' id='word_1_96' title='bbox 1387 1591 1622 1646; x_wconf 83' lang='lat' dir='ltr'><strong>lenneuli</strong></span> <span class='ocrx_word' id='word_1_97' title='bbox 1652 1593 1925 1662; x_wconf 76' lang='lat' dir='ltr'><strong>rugientes</strong></span> <span class='ocrx_word' id='word_1_98' title='bbox 1955 1593 2021 1646; x_wconf 86' lang='lat' dir='ltr'><strong>ad</strong></span> 
     </span>
    </p>
   </div>
   <div class='ocr_carea' id='block_1_15' title="bbox 444 1682 2023 1754">
    <p class='ocr_par' dir='ltr' id='par_1_15' title="bbox 444 1682 2023 1754">
     <span class='ocr_line' id='line_1_15' title="bbox 444 1682 2023 1754; baseline 0.001 -17"><span class='ocrx_word' id='word_1_99' title='bbox 444 1685 790 1754; x_wconf 84' lang='lat' dir='ltr'><strong>rapiendum,</strong></span> <span class='ocrx_word' id='word_1_100' title='bbox 826 1686 1054 1739; x_wconf 80' lang='lat' dir='ltr'><strong>i&#39;ors&#39;tau</strong></span> <span class='ocrx_word' id='word_1_101' title='bbox 1082 1685 1240 1748; x_wconf 85' lang='lat' dir='ltr'><strong>alios,</strong></span> <span class='ocrx_word' id='word_1_102' title='bbox 1265 1687 1360 1740; x_wconf 88' lang='lat' dir='ltr'><strong>sed</strong></span> <span class='ocrx_word' id='word_1_103' title='bbox 1385 1695 1437 1738; x_wconf 91' lang='lat' dir='ltr'><strong>te</strong></span> <span class='ocrx_word' id='word_1_104' title='bbox 1467 1700 1630 1754; x_wconf 85' lang='lat' dir='ltr'><strong>quam</strong></span> <span class='ocrx_word' id='word_1_105' title='bbox 1655 1684 1908 1738; x_wconf 75' lang='lat' dir='ltr'><strong>niaxime.</strong></span> <span class='ocrx_word' id='word_1_106' title='bbox 1931 1682 2023 1738; x_wconf 63' lang='grc' dir='ltr'><strong>ηαξ</strong></span> 
     </span>
    </p>
   </div>
   <div class='ocr_carea' id='block_1_16' title="bbox 1119 261 2950 348">
    <p class='ocr_par' dir='ltr' id='par_1_16' title="bbox 1119 261 2950 348">
     <span class='ocr_line' id='line_1_16' title="bbox 1119 261 2950 348; baseline -0.004 -2"><span class='ocrx_word' id='word_1_107' title='bbox 1119 286 1541 348; x_wconf 75' lang='grc' dir='ltr'><strong>ΕΠΞΤΑΤΠῘΙ</strong></span> <span class='ocrx_word' id='word_1_108' title='bbox 1580 283 2339 346; x_wconf 75' lang='lat' dir='ltr'><strong>&#39;I‘HESSALONICENSIS</strong></span> <span class='ocrx_word' id='word_1_109' title='bbox 2381 261 2950 341; x_wconf 63' lang='lat' dir='ltr'><strong>METROPOLITJE</strong></span> 
     </span>
    </p>
   </div>
   <div class='ocr_carea' id='block_1_17' title="bbox 449 394 2023 476">
    <p class='ocr_par' dir='ltr' id='par_1_17' title="bbox 449 399 2023 476">
     <span class='ocr_line' id='line_1_17' title="bbox 449 399 2023 476; baseline -0.004 -18"><span class='ocrx_word' id='word_1_110' title='bbox 449 418 674 476; x_wconf 85' lang='lat' dir='ltr'><strong>qnama</strong></span> <span class='ocrx_word' id='word_1_111' title='bbox 735 410 931 458; x_wconf 85' lang='lat' dir='ltr'><strong>natura</strong></span> <span class='ocrx_word' id='word_1_112' title='bbox 1003 416 1115 456; x_wconf 92' lang='lat' dir='ltr'><strong>non</strong></span> <span class='ocrx_word' id='word_1_113' title='bbox 1188 400 1450 472; x_wconf 82' lang='lat' dir='ltr'><strong>accepisti</strong></span> <span class='ocrx_word' id='word_1_114' title='bbox 1521 404 1754 470; x_wconf 82' lang='lat' dir='ltr'><strong>jactare.</strong></span> <span class='ocrx_word' id='word_1_115' title='bbox 1813 399 2023 468; x_wconf 71' lang='lat' dir='ltr'><strong>Depone</strong></span> 
     </span>
    </p>
   </div>
   <div class='ocr_carea' id='block_1_18' title="bbox 2132 394 2993 476">
    <p class='ocr_par' dir='ltr' id='par_1_18' title="bbox 2135 394 2993 466">
     <span class='ocr_line' id='line_1_18' title="bbox 2135 394 2993 466; baseline 0.012 -18"><span class='ocrx_word' id='word_1_116' title='bbox 2135 396 2258 460; x_wconf 81' lang='grc' dir='ltr'><strong>τίας</strong></span> <span class='ocrx_word' id='word_1_117' title='bbox 2309 413 2480 458; x_wconf 67' lang='lat' dir='ltr'><strong>srvat,</strong></span> <span class='ocrx_word' id='word_1_118' title='bbox 2534 394 2993 466; x_wconf 72' lang='grc' dir='ltr'><strong>μορφαζὸμενοςο</strong></span> 
     </span>
    </p>
   </div>
   <div class='ocr_carea' id='block_1_19' title="bbox 3612 275 3715 339">
    <p class='ocr_par' dir='ltr' id='par_1_19' title="bbox 3612 275 3715 339">
     <span class='ocr_line' id='line_1_19' title="bbox 3612 275 3715 339; baseline 0.029 -3"><span class='ocrx_word' id='word_1_119' title='bbox 3612 275 3715 339; x_wconf 62' lang='grc' dir='ltr'><strong>μοι</strong></span> 
     </span>
    </p>
   </div>
   <div class='ocr_carea' id='block_1_20' title="bbox 3043 390 3710 463">
    <p class='ocr_par' dir='ltr' id='par_1_20' title="bbox 3043 390 3710 463">
     <span class='ocr_line' id='line_1_20' title="bbox 3043 390 3710 463; baseline 0.001 -17"><span class='ocrx_word' id='word_1_120' title='bbox 3043 392 3186 463; x_wconf 81' lang='grc' dir='ltr'><strong>ὅπερ</strong></span> <span class='ocrx_word' id='word_1_121' title='bbox 3241 391 3364 448; x_wconf 67' lang='grc' dir='ltr'><strong>οὐδὲ</strong></span> <span class='ocrx_word' id='word_1_122' title='bbox 3413 390 3710 462; x_wconf 72' lang='grc' dir='ltr'><strong>πὲφυκας.</strong></span> 
     </span>
    </p>
   </div>
   <div class='ocr_carea' id='block_1_21' title="bbox 2140 483 3713 556">
    <p class='ocr_par' dir='ltr' id='par_1_21' title="bbox 2140 483 3713 556">
     <span class='ocr_line' id='line_1_21' title="bbox 2140 483 3713 556; baseline -0.002 -15"><span class='ocrx_word' id='word_1_123' title='bbox 2140 490 2311 556; x_wconf 77' lang='grc' dir='ltr'><strong>Ἀφες</strong></span> <span class='ocrx_word' id='word_1_124' title='bbox 2342 487 2438 542; x_wconf 81' lang='grc' dir='ltr'><strong>καὶ</strong></span> <span class='ocrx_word' id='word_1_125' title='bbox 2466 487 2527 541; x_wconf 79' lang='grc' dir='ltr'><strong>τὸ</strong></span> <span class='ocrx_word' id='word_1_126' title='bbox 2555 488 2694 555; x_wconf 78' lang='grc' dir='ltr'><strong>ἄγαν</strong></span> <span class='ocrx_word' id='word_1_127' title='bbox 2726 485 3031 555; x_wconf 80' lang='grc' dir='ltr'><strong>φιλότιμον,</strong></span> <span class='ocrx_word' id='word_1_128' title='bbox 3071 485 3272 554; x_wconf 87' lang='grc' dir='ltr'><strong>μενοῦν</strong></span> <span class='ocrx_word' id='word_1_129' title='bbox 3311 501 3376 552; x_wconf 86' lang='grc' dir='ltr'><strong>γε</strong></span> <span class='ocrx_word' id='word_1_130' title='bbox 3408 483 3470 539; x_wconf 77' lang='grc' dir='ltr'><strong>τὸ</strong></span> <span class='ocrx_word' id='word_1_131' title='bbox 3498 483 3713 553; x_wconf 73' lang='grc' dir='ltr'><strong>φιλόδο-</strong></span> 
     </span>
    </p>
   </div>
   <div class='ocr_carea' id='block_1_22' title="bbox 2135 575 3711 648">
    <p class='ocr_par' dir='ltr' id='par_1_22' title="bbox 2135 575 3711 648">
     <span class='ocr_line' id='line_1_22' title="bbox 2135 575 3711 648; baseline -0.003 -15"><span class='ocrx_word' id='word_1_132' title='bbox 2135 578 2243 644; x_wconf 84' lang='grc' dir='ltr'><strong>ξον·</strong></span> <span class='ocrx_word' id='word_1_133' title='bbox 2281 579 2449 648; x_wconf 80' lang='grc' dir='ltr'><strong>ἐγγὺς</strong></span> <span class='ocrx_word' id='word_1_134' title='bbox 2486 579 2541 631; x_wconf 79' lang='grc' dir='ltr'><strong>δὲ</strong></span> <span class='ocrx_word' id='word_1_135' title='bbox 2577 579 2777 642; x_wconf 78' lang='grc' dir='ltr'><strong>εἰπεῖν,</strong></span> <span class='ocrx_word' id='word_1_136' title='bbox 2818 579 2910 630; x_wconf 75' lang='grc' dir='ltr'><strong>καὶ</strong></span> <span class='ocrx_word' id='word_1_137' title='bbox 2942 576 3244 642; x_wconf 77' lang='grc' dir='ltr'><strong>κενόδοξον.</strong></span> <span class='ocrx_word' id='word_1_138' title='bbox 3285 575 3497 640; x_wconf 71' lang='grc' dir='ltr'><strong>’Ἄλλως</strong></span> <span class='ocrx_word' id='word_1_139' title='bbox 3541 577 3654 645; x_wconf 75' lang='grc' dir='ltr'><strong>γὰρ</strong></span> <span class='ocrx_word' id='word_1_140' title='bbox 3678 577 3711 645; x_wconf 82' lang='grc' dir='ltr'><strong>ἡ</strong></span> 
     </span>
    </p>
   </div>
   <div class='ocr_carea' id='block_1_23' title="bbox 2133 668 3713 742">
    <p class='ocr_par' dir='ltr' id='par_1_23' title="bbox 2133 668 3713 742">
     <span class='ocr_line' id='line_1_23' title="bbox 2133 668 3713 742; baseline 0 -19"><span class='ocrx_word' id='word_1_141' title='bbox 2133 670 2414 742; x_wconf 82' lang='grc' dir='ltr'><strong>φιλοτιμία</strong></span> <span class='ocrx_word' id='word_1_142' title='bbox 2444 668 2581 731; x_wconf 79' lang='grc' dir='ltr'><strong>εἶδός</strong></span> <span class='ocrx_word' id='word_1_143' title='bbox 2609 672 2764 723; x_wconf 67' lang='grc' dir='ltr'><strong>ἐστιν</strong></span> <span class='ocrx_word' id='word_1_144' title='bbox 2787 670 3014 742; x_wconf 75' lang='grc' dir='ltr'><strong>ἀρετῆς.</strong></span> <span class='ocrx_word' id='word_1_145' title='bbox 3049 671 3114 722; x_wconf 84' lang='grc' dir='ltr'><strong>Τί</strong></span> <span class='ocrx_word' id='word_1_146' title='bbox 3149 669 3542 738; x_wconf 79' lang='grc' dir='ltr'><strong>φιλενδεικτεῑς</strong></span> <span class='ocrx_word' id='word_1_147' title='bbox 3574 669 3713 740; x_wconf 78' lang='grc' dir='ltr'><strong>ὑπὲρ</strong></span> 
     </span>
    </p>
   </div>
   <div class='ocr_carea' id='block_1_24' title="bbox 2131 761 3711 834">
    <p class='ocr_par' dir='ltr' id='par_1_24' title="bbox 2131 761 3711 834">
     <span class='ocr_line' id='line_1_24' title="bbox 2131 761 3711 834; baseline -0.001 -17"><span class='ocrx_word' id='word_1_148' title='bbox 2131 763 2192 817; x_wconf 85' lang='grc' dir='ltr'><strong>τὸ</strong></span> <span class='ocrx_word' id='word_1_149' title='bbox 2219 763 2370 830; x_wconf 82' lang='grc' dir='ltr'><strong>δέον;</strong></span> <span class='ocrx_word' id='word_1_150' title='bbox 2415 762 2690 834; x_wconf 81' lang='grc' dir='ltr'><strong>Ἐκρύϐης</strong></span> <span class='ocrx_word' id='word_1_151' title='bbox 2721 761 2810 816; x_wconf 75' lang='grc' dir='ltr'><strong>διὰ</strong></span> <span class='ocrx_word' id='word_1_152' title='bbox 2841 764 2939 831; x_wconf 83' lang='grc' dir='ltr'><strong>τῆς</strong></span> <span class='ocrx_word' id='word_1_153' title='bbox 2973 765 3201 832; x_wconf 52' lang='grc' dir='ltr'><strong>κουρᾶς</strong></span> <span class='ocrx_word' id='word_1_154' title='bbox 3241 763 3316 834; x_wconf 77' lang='grc' dir='ltr'><strong>μὴ</strong></span> <span class='ocrx_word' id='word_1_155' title='bbox 3353 763 3541 816; x_wconf 78' lang='grc' dir='ltr'><strong>τοίνυν</strong></span> <span class='ocrx_word' id='word_1_156' title='bbox 3573 780 3711 832; x_wconf 84' lang='grc' dir='ltr'><strong>προ-</strong></span> 
     </span>
    </p>
   </div>
   <div class='ocr_carea' id='block_1_25' title="bbox 2131 855 3710 926">
    <p class='ocr_par' dir='ltr' id='par_1_25' title="bbox 2131 855 3710 926">
     <span class='ocr_line' id='line_1_25' title="bbox 2131 855 3710 926; baseline 0 -18"><span class='ocrx_word' id='word_1_157' title='bbox 2131 855 2346 922; x_wconf 77' lang='grc' dir='ltr'><strong>φαίνου.</strong></span> <span class='ocrx_word' id='word_1_158' title='bbox 2408 855 2772 926; x_wconf 78' lang='grc' dir='ltr'><strong>Ἀσύντροχον</strong></span> <span class='ocrx_word' id='word_1_159' title='bbox 2801 855 2910 925; x_wconf 82' lang='grc' dir='ltr'><strong>γὰρ</strong></span> <span class='ocrx_word' id='word_1_160' title='bbox 2958 857 3024 926; x_wconf 78' lang='grc' dir='ltr'><strong>τῇ</strong></span> <span class='ocrx_word' id='word_1_161' title='bbox 3069 855 3270 926; x_wconf 71' lang='grc' dir='ltr'><strong>κρύψει</strong></span> <span class='ocrx_word' id='word_1_162' title='bbox 3312 856 3371 908; x_wconf 70' lang='grc' dir='ltr'><strong>τὸ</strong></span> <span class='ocrx_word' id='word_1_163' title='bbox 3417 857 3710 925; x_wconf 79' lang='grc' dir='ltr'><strong>φανητιᾷν.</strong></span> 
     </span>
    </p>
   </div>
   <div class='ocr_carea' id='block_1_26' title="bbox 2129 946 3710 1020">
    <p class='ocr_par' dir='ltr' id='par_1_26' title="bbox 2129 946 3710 1020">
     <span class='ocr_line' id='line_1_26' title="bbox 2129 946 3710 1020; baseline -0.004 -18"><span class='ocrx_word' id='word_1_164' title='bbox 2129 947 2243 1020; x_wconf 78' lang='grc' dir='ltr'><strong>Τὴν</strong></span> <span class='ocrx_word' id='word_1_165' title='bbox 2265 949 2532 1017; x_wconf 78' lang='grc' dir='ltr'><strong>τραχεῖαν</strong></span> <span class='ocrx_word' id='word_1_166' title='bbox 2560 947 2678 1000; x_wconf 77' lang='grc' dir='ltr'><strong>ὀδόν</strong></span> <span class='ocrx_word' id='word_1_167' title='bbox 2701 947 2866 1000; x_wconf 78' lang='grc' dir='ltr'><strong>εἵλου·</strong></span> <span class='ocrx_word' id='word_1_168' title='bbox 2896 947 2947 999; x_wconf 84' lang='grc' dir='ltr'><strong>τί</strong></span> <span class='ocrx_word' id='word_1_169' title='bbox 2970 946 3103 1014; x_wconf 85' lang='grc' dir='ltr'><strong>γοῦν</strong></span> <span class='ocrx_word' id='word_1_170' title='bbox 3134 947 3444 1016; x_wconf 75' lang='grc' dir='ltr'><strong>ἐπιτρέχεις</strong></span> <span class='ocrx_word' id='word_1_171' title='bbox 3475 949 3544 1015; x_wconf 81' lang='grc' dir='ltr'><strong>τῇ</strong></span> <span class='ocrx_word' id='word_1_172' title='bbox 3573 946 3710 1013; x_wconf 79' lang='grc' dir='ltr'><strong>λείᾳ,</strong></span> 
     </span>
    </p>
   </div>
   <div class='ocr_carea' id='block_1_27' title="bbox 2130 1041 3713 1113">
    <p class='ocr_par' dir='ltr' id='par_1_27' title="bbox 2130 1041 3713 1113">
     <span class='ocr_line' id='line_1_27' title="bbox 2130 1041 3713 1113; baseline -0.002 -17"><span class='ocrx_word' id='word_1_173' title='bbox 2130 1043 2258 1096; x_wconf 71' lang='grc' dir='ltr'><strong>ἔνθα</strong></span> <span class='ocrx_word' id='word_1_174' title='bbox 2288 1041 2616 1113; x_wconf 79' lang='grc' dir='ltr'><strong>κινδυνώδης</strong></span> <span class='ocrx_word' id='word_1_175' title='bbox 2633 1043 2728 1095; x_wconf 80' lang='grc' dir='ltr'><strong>καὶ</strong></span> <span class='ocrx_word' id='word_1_176' title='bbox 2756 1044 2787 1111; x_wconf 80' lang='grc' dir='ltr'><strong>ἡ</strong></span> <span class='ocrx_word' id='word_1_177' title='bbox 2819 1041 3189 1112; x_wconf 75' lang='grc' dir='ltr'><strong>ἀγχώμαλοςς</strong></span> <span class='ocrx_word' id='word_1_178' title='bbox 3230 1044 3579 1111; x_wconf 78' lang='grc' dir='ltr'><strong>Προὲκρινας</strong></span> <span class='ocrx_word' id='word_1_179' title='bbox 3613 1043 3713 1112; x_wconf 72' lang='grc' dir='ltr'><strong>ἥδη</strong></span> 
     </span>
    </p>
   </div>
   <div class='ocr_carea' id='block_1_28' title="bbox 2127 1135 3712 1207">
    <p class='ocr_par' dir='ltr' id='par_1_28' title="bbox 2127 1135 3712 1207">
     <span class='ocr_line' id='line_1_28' title="bbox 2127 1135 3712 1207; baseline -0.001 -17"><span class='ocrx_word' id='word_1_180' title='bbox 2127 1135 2188 1190; x_wconf 79' lang='grc' dir='ltr'><strong>τὸ</strong></span> <span class='ocrx_word' id='word_1_181' title='bbox 2216 1135 2310 1190; x_wconf 75' lang='grc' dir='ltr'><strong>τοῦ</strong></span> <span class='ocrx_word' id='word_1_182' title='bbox 2341 1137 2460 1207; x_wconf 85' lang='grc' dir='ltr'><strong>βίου</strong></span> <span class='ocrx_word' id='word_1_183' title='bbox 2483 1137 2620 1206; x_wconf 83' lang='grc' dir='ltr'><strong>σκλη</strong></span> <span class='ocrx_word' id='word_1_184' title='bbox 2632 1136 2744 1205; x_wconf 83' lang='grc' dir='ltr'><strong>ρόν⁸</strong></span> <span class='ocrx_word' id='word_1_185' title='bbox 2772 1135 2971 1189; x_wconf 76' lang='grc' dir='ltr'><strong>οὔκουν</strong></span> <span class='ocrx_word' id='word_1_186' title='bbox 2996 1136 3238 1205; x_wconf 74' lang='grc' dir='ltr'><strong>ὀφείλεις</strong></span> <span class='ocrx_word' id='word_1_187' title='bbox 3262 1135 3355 1190; x_wconf 82' lang='grc' dir='ltr'><strong>τοῦ</strong></span> <span class='ocrx_word' id='word_1_188' title='bbox 3381 1135 3712 1190; x_wconf 83' lang='grc' dir='ltr'><strong>παναπάλου</strong></span> 
     </span>
    </p>
   </div>
   <div class='ocr_carea' id='block_1_29' title="bbox 2128 1227 2421 1296">
    <p class='ocr_par' dir='ltr' id='par_1_29' title="bbox 2128 1227 2421 1296">
     <span class='ocr_line' id='line_1_29' title="bbox 2128 1227 2421 1296; baseline -0.007 -15"><span class='ocrx_word' id='word_1_189' title='bbox 2128 1227 2378 1296; x_wconf 84' lang='grc' dir='ltr'><strong>γίνεσθαι</strong></span> <span class='ocrx_word' id='word_1_190' title='bbox 2405 1265 2421 1279; x_wconf 92' lang='grc'><strong>.</strong></span> 
     </span>
    </p>
   </div>
   <div class='ocr_carea' id='block_1_30' title="bbox 2201 1316 3713 1390">
    <p class='ocr_par' dir='ltr' id='par_1_30' title="bbox 2201 1316 3713 1390">
     <span class='ocr_line' id='line_1_30' title="bbox 2201 1316 3713 1390; baseline -0.003 -18"><span class='ocrx_word' id='word_1_191' title='bbox 2201 1316 2346 1390; x_wconf 50' lang='grc' dir='ltr'><strong>ρίτηκ</strong></span> <span class='ocrx_word' id='word_1_192' title='bbox 2394 1319 2482 1378; x_wconf 82' lang='grc' dir='ltr'><strong>Ὠς</strong></span> <span class='ocrx_word' id='word_1_193' title='bbox 2513 1317 2612 1384; x_wconf 78' lang='grc' dir='ltr'><strong>νὺξ</strong></span> <span class='ocrx_word' id='word_1_194' title='bbox 2656 1319 2788 1388; x_wconf 74' lang='grc' dir='ltr'><strong>περὶ</strong></span> <span class='ocrx_word' id='word_1_195' title='bbox 2821 1318 2880 1371; x_wconf 74' lang='grc' dir='ltr'><strong>σὲ</strong></span> <span class='ocrx_word' id='word_1_196' title='bbox 2916 1319 3147 1388; x_wconf 69' lang='grc' dir='ltr'><strong>κέχυται</strong></span> <span class='ocrx_word' id='word_1_197' title='bbox 3200 1318 3262 1369; x_wconf 78' lang='grc' dir='ltr'><strong>τὸ</strong></span> <span class='ocrx_word' id='word_1_198' title='bbox 3313 1317 3457 1370; x_wconf 77' lang='grc' dir='ltr'><strong>κατᾶ</strong></span> <span class='ocrx_word' id='word_1_199' title='bbox 3502 1317 3713 1387; x_wconf 80' lang='grc' dir='ltr'><strong>κόσμον</strong></span> 
     </span>
    </p>
   </div>
   <div class='ocr_carea' id='block_1_31' title="bbox 2125 1407 3714 1481">
    <p class='ocr_par' dir='ltr' id='par_1_31' title="bbox 2125 1407 3714 1481">
     <span class='ocr_line' id='line_1_31' title="bbox 2125 1407 3714 1481; baseline -0.003 -16"><span class='ocrx_word' id='word_1_200' title='bbox 2125 1412 2356 1481; x_wconf 74' lang='grc' dir='ltr'><strong>ἀφανέςο</strong></span> <span class='ocrx_word' id='word_1_201' title='bbox 2391 1411 2450 1464; x_wconf 76' lang='grc' dir='ltr'><strong>οὐ</strong></span> <span class='ocrx_word' id='word_1_202' title='bbox 2491 1409 2597 1480; x_wconf 71' lang='grc' dir='ltr'><strong>μὴν</strong></span> <span class='ocrx_word' id='word_1_203' title='bbox 2634 1410 2798 1473; x_wconf 79' lang='grc' dir='ltr'><strong>αὐτὸς</strong></span> <span class='ocrx_word' id='word_1_204' title='bbox 2828 1410 2908 1473; x_wconf 83' lang='grc' dir='ltr'><strong>εἰς</strong></span> <span class='ocrx_word' id='word_1_205' title='bbox 2935 1411 3109 1462; x_wconf 80' lang='grc' dir='ltr'><strong>νύκτα</strong></span> <span class='ocrx_word' id='word_1_206' title='bbox 3141 1407 3594 1476; x_wconf 80' lang='grc' dir='ltr'><strong>μεταπέπλασαι.</strong></span> <span class='ocrx_word' id='word_1_207' title='bbox 3627 1409 3714 1476; x_wconf 76' lang='grc' dir='ltr'><strong>Μὴ</strong></span> 
     </span>
    </p>
   </div>
   <div class='ocr_carea' id='block_1_32' title="bbox 2124 1495 3714 1572">
    <p class='ocr_par' dir='ltr' id='par_1_32' title="bbox 2124 1495 3714 1572">
     <span class='ocr_line' id='line_1_32' title="bbox 2124 1495 3714 1572; baseline -0.004 -14"><span class='ocrx_word' id='word_1_208' title='bbox 2124 1503 2309 1558; x_wconf 79' lang='grc' dir='ltr'><strong>τοίνυν</strong></span> <span class='ocrx_word' id='word_1_209' title='bbox 2343 1502 2464 1556; x_wconf 75' lang='grc' dir='ltr'><strong>θέλε</strong></span> <span class='ocrx_word' id='word_1_210' title='bbox 2509 1502 2702 1556; x_wconf 81' lang='grc' dir='ltr'><strong>θέσθαι</strong></span> <span class='ocrx_word' id='word_1_211' title='bbox 2739 1503 2951 1566; x_wconf 80' lang='grc' dir='ltr'><strong>σκότος,</strong></span> <span class='ocrx_word' id='word_1_212' title='bbox 2981 1501 3056 1563; x_wconf 82' lang='grc' dir='ltr'><strong>ὡς</strong></span> <span class='ocrx_word' id='word_1_213' title='bbox 3087 1499 3344 1570; x_wconf 78' lang='grc' dir='ltr'><strong>γενέσθαι</strong></span> <span class='ocrx_word' id='word_1_214' title='bbox 3366 1499 3563 1552; x_wconf 80' lang='grc' dir='ltr'><strong>νύκτα·</strong></span> <span class='ocrx_word' id='word_1_215' title='bbox 3591 1501 3650 1552; x_wconf 85' lang='lat' dir='ltr'><strong>tv</strong></span> 
     </span>
    </p>
   </div>
   <div class='ocr_carea' id='block_1_33' title="bbox 2125 1590 3712 1664">
    <p class='ocr_par' dir='ltr' id='par_1_33' title="bbox 2125 1590 3712 1664">
     <span class='ocr_line' id='line_1_33' title="bbox 2125 1590 3712 1664; baseline -0.003 -16"><span class='ocrx_word' id='word_1_216' title='bbox 2125 1594 2502 1648; x_wconf 78' lang='grc' dir='ltr'><strong>διελεύσονται</strong></span> <span class='ocrx_word' id='word_1_217' title='bbox 2549 1594 2699 1664; x_wconf 86' lang='grc' dir='ltr'><strong>παρὰ</strong></span> <span class='ocrx_word' id='word_1_218' title='bbox 2745 1594 2828 1647; x_wconf 79' lang='grc' dir='ltr'><strong>σοὶ</strong></span> <span class='ocrx_word' id='word_1_219' title='bbox 2862 1594 3031 1664; x_wconf 80' lang='grc' dir='ltr'><strong>θηρία</strong></span> <span class='ocrx_word' id='word_1_220' title='bbox 3070 1593 3303 1664; x_wconf 80' lang='grc' dir='ltr'><strong>δρυμοῦ,</strong></span> <span class='ocrx_word' id='word_1_221' title='bbox 3337 1593 3435 1646; x_wconf 77' lang='grc' dir='ltr'><strong>καὶ</strong></span> <span class='ocrx_word' id='word_1_222' title='bbox 3479 1590 3712 1661; x_wconf 81' lang='grc' dir='ltr'><strong>σκύμνοι</strong></span> 
     </span>
    </p>
   </div>
   <div class='ocr_carea' id='block_1_34' title="bbox 2127 1685 3714 1760">
    <p class='ocr_par' dir='ltr' id='par_1_34' title="bbox 2127 1685 3714 1760">
     <span class='ocr_line' id='line_1_34' title="bbox 2127 1685 3714 1760; baseline -0.013 -13"><span class='ocrx_word' id='word_1_223' title='bbox 2127 1689 2433 1760; x_wconf 80' lang='grc' dir='ltr'><strong>ὠρυόμενοι</strong></span> <span class='ocrx_word' id='word_1_224' title='bbox 2457 1688 2552 1743; x_wconf 90' lang='grc' dir='ltr'><strong>τοῦ</strong></span> <span class='ocrx_word' id='word_1_225' title='bbox 2593 1685 2887 1758; x_wconf 73' lang='grc' dir='ltr'><strong>ἁρπάζειν,</strong></span> <span class='ocrx_word' id='word_1_226' title='bbox 2924 1687 3022 1741; x_wconf 71' lang='grc' dir='ltr'><strong>καὶ</strong></span> <span class='ocrx_word' id='word_1_227' title='bbox 3057 1685 3251 1749; x_wconf 73' lang='grc' dir='ltr'><strong>ἄλλους</strong></span> <span class='ocrx_word' id='word_1_228' title='bbox 3285 1685 3387 1754; x_wconf 68' lang='grc' dir='ltr'><strong>μὲν</strong></span> <span class='ocrx_word' id='word_1_229' title='bbox 3422 1685 3578 1747; x_wconf 69' lang='grc' dir='ltr'><strong>ἴσως,</strong></span> <span class='ocrx_word' id='word_1_230' title='bbox 3613 1687 3714 1756; x_wconf 70' lang='grc' dir='ltr'><strong>μά-</strong></span> 
     </span>
    </p>
   </div>
   <div class='ocr_carea' id='block_1_35' title="bbox 443 1747 2023 1850">
    <p class='ocr_par' dir='ltr' id='par_1_35' title="bbox 443 1774 2023 1847">
     <span class='ocr_line' id='line_1_35' title="bbox 443 1774 2023 1847; baseline -0.001 -16"><span class='ocrx_word' id='word_1_231' title='bbox 443 1784 572 1831; x_wconf 83' lang='lat' dir='ltr'><strong>sunt</strong></span> <span class='ocrx_word' id='word_1_232' title='bbox 629 1777 755 1831; x_wconf 78' lang='lat' dir='ltr'><strong>ferae</strong></span> <span class='ocrx_word' id='word_1_233' title='bbox 811 1777 1303 1845; x_wconf 83' lang='lat' dir='ltr'><strong>concupiscentiae,</strong></span> <span class='ocrx_word' id='word_1_234' title='bbox 1361 1778 1413 1830; x_wconf 92' lang='lat' dir='ltr'><strong>in</strong></span> <span class='ocrx_word' id='word_1_235' title='bbox 1465 1787 1515 1832; x_wconf 86' lang='lat' dir='ltr'><strong>te</strong></span> <span class='ocrx_word' id='word_1_236' title='bbox 1570 1774 1808 1847; x_wconf 72' lang='lat' dir='ltr'><strong>agitatae,</strong></span> <span class='ocrx_word' id='word_1_237' title='bbox 1841 1788 1894 1831; x_wconf 90' lang='lat' dir='ltr'><strong>et</strong></span> <span class='ocrx_word' id='word_1_238' title='bbox 1929 1791 2023 1846; x_wconf 88' lang='lat' dir='ltr'><strong>per</strong></span> 
     </span>
    </p>
   </div>
   <div class='ocr_carea' id='block_1_36' title="bbox 2132 1747 3715 1850">
    <p class='ocr_par' dir='ltr' id='par_1_36' title="bbox 2132 1747 3715 1850">
     <span class='ocr_line' id='line_1_36' title="bbox 2132 1747 3715 1850; baseline -0.002 -17"><span class='ocrx_word' id='word_1_239' title='bbox 2132 1747 2293 1835; x_wconf 65' lang='grc' dir='ltr'><strong>λέστοὶ</strong></span> <span class='ocrx_word' id='word_1_240' title='bbox 2323 1782 2382 1835; x_wconf 83' lang='grc' dir='ltr'><strong>δὲ</strong></span> <span class='ocrx_word' id='word_1_241' title='bbox 2437 1747 2688 1836; x_wconf 62' lang='grc' dir='ltr'><strong>σεαυτόν.</strong></span> <span class='ocrx_word' id='word_1_242' title='bbox 2743 1747 3048 1850; x_wconf 65' lang='grc' dir='ltr'><strong>’ίίνέργειαι</strong></span> <span class='ocrx_word' id='word_1_243' title='bbox 3094 1747 3626 1849; x_wconf 44' lang='grc' dir='ltr'><strong>ταῦτα-θηριώδεις,</strong></span> <span class='ocrx_word' id='word_1_244' title='bbox 3658 1780 3715 1830; x_wconf 92' lang='lat' dir='ltr'><strong>tv</strong></span> 
     </span>
    </p>
   </div>
   <div class='ocr_carea' id='block_1_37' title="bbox 445 1866 2026 1939">
    <p class='ocr_par' dir='ltr' id='par_1_37' title="bbox 445 1866 2026 1939">
     <span class='ocr_line' id='line_1_37' title="bbox 445 1866 2026 1939; baseline 0.002 -19"><span class='ocrx_word' id='word_1_245' title='bbox 445 1877 496 1921; x_wconf 88' lang='lat' dir='ltr'><strong>te</strong></span> <span class='ocrx_word' id='word_1_246' title='bbox 527 1866 954 1924; x_wconf 77' lang='lat' dir='ltr'><strong>deliaccliantes.</strong></span> <span class='ocrx_word' id='word_1_247' title='bbox 1003 1869 1060 1923; x_wconf 89' lang='lat' dir='ltr'><strong>Si</strong></span> <span class='ocrx_word' id='word_1_248' title='bbox 1093 1877 1274 1923; x_wconf 87' lang='lat' dir='ltr'><strong>autem</strong></span> <span class='ocrx_word' id='word_1_249' title='bbox 1303 1871 1607 1939; x_wconf 74' lang='lat' dir='ltr'><strong>oportuerit</strong></span> <span class='ocrx_word' id='word_1_250' title='bbox 1649 1878 1700 1923; x_wconf 85' lang='lat' dir='ltr'><strong>te</strong></span> <span class='ocrx_word' id='word_1_251' title='bbox 1747 1869 1814 1924; x_wconf 86' lang='lat' dir='ltr'><strong>de</strong></span> <span class='ocrx_word' id='word_1_252' title='bbox 1863 1877 2026 1923; x_wconf 87' lang='lat' dir='ltr'><strong>nocte</strong></span> 
     </span>
    </p>
   </div>
   <div class='ocr_carea' id='block_1_38' title="bbox 439 1961 2023 2027">
    <p class='ocr_par' dir='ltr' id='par_1_38' title="bbox 439 1961 2023 2027">
     <span class='ocr_line' id='line_1_38' title="bbox 439 1961 2023 2027; baseline 0.001 -13"><span class='ocrx_word' id='word_1_253' title='bbox 439 1974 561 2016; x_wconf 73' lang='lat' dir='ltr'><strong>case</strong></span> <span class='ocrx_word' id='word_1_254' title='bbox 588 1961 660 2016; x_wconf 83' lang='lat' dir='ltr'><strong>ob</strong></span> <span class='ocrx_word' id='word_1_255' title='bbox 693 1963 895 2016; x_wconf 88' lang='lat' dir='ltr'><strong>bonum</strong></span> <span class='ocrx_word' id='word_1_256' title='bbox 929 1961 1152 2027; x_wconf 89' lang='lat' dir='ltr'><strong>domus,</strong></span> <span class='ocrx_word' id='word_1_257' title='bbox 1187 1979 1295 2016; x_wconf 77' lang='lat' dir='ltr'><strong>nox</strong></span> <span class='ocrx_word' id='word_1_258' title='bbox 1329 1963 1655 2016; x_wconf 76' lang='lat' dir='ltr'><strong>terminatur</strong></span> <span class='ocrx_word' id='word_1_259' title='bbox 1699 1961 1753 2015; x_wconf 88' lang='lat' dir='ltr'><strong>in</strong></span> <span class='ocrx_word' id='word_1_260' title='bbox 1801 1962 1945 2016; x_wconf 89' lang='lat' dir='ltr'><strong>diem</strong></span> <span class='ocrx_word' id='word_1_261' title='bbox 1994 1976 2023 2015; x_wconf 83' lang='lat' dir='ltr'><strong>a</strong></span> 
     </span>
    </p>
   </div>
   <div class='ocr_carea' id='block_1_39' title="bbox 443 2051 2025 2123">
    <p class='ocr_par' dir='ltr' id='par_1_39' title="bbox 443 2051 2025 2123">
     <span class='ocr_line' id='line_1_39' title="bbox 443 2051 2025 2123; baseline 0.003 -20"><span class='ocrx_word' id='word_1_262' title='bbox 443 2051 553 2106; x_wconf 86' lang='lat' dir='ltr'><strong>Deo</strong></span> <span class='ocrx_word' id='word_1_263' title='bbox 583 2067 928 2117; x_wconf 78' lang='lat' dir='ltr'><strong>concessam,</strong></span> <span class='ocrx_word' id='word_1_264' title='bbox 962 2054 1146 2123; x_wconf 89' lang='lat' dir='ltr'><strong>inqua</strong></span> <span class='ocrx_word' id='word_1_265' title='bbox 1173 2054 1472 2110; x_wconf 80' lang='lat' dir='ltr'><strong>bestiarum</strong></span> <span class='ocrx_word' id='word_1_266' title='bbox 1519 2052 1808 2122; x_wconf 77' lang='lat' dir='ltr'><strong>passiones</strong></span> <span class='ocrx_word' id='word_1_267' title='bbox 1834 2053 2025 2121; x_wconf 66' lang='lat' dir='ltr'><strong>sapite</strong></span> 
     </span>
    </p>
   </div>
   <div class='ocr_carea' id='block_1_40' title="bbox 441 2141 2026 2213">
    <p class='ocr_par' dir='ltr' id='par_1_40' title="bbox 441 2141 2026 2213">
     <span class='ocr_line' id='line_1_40' title="bbox 441 2141 2026 2213; baseline 0.004 -21"><span class='ocrx_word' id='word_1_268' title='bbox 441 2150 589 2204; x_wconf 82' lang='lat' dir='ltr'><strong>sunt,</strong></span> <span class='ocrx_word' id='word_1_269' title='bbox 625 2157 724 2196; x_wconf 89' lang='lat' dir='ltr'><strong>nec</strong></span> <span class='ocrx_word' id='word_1_270' title='bbox 749 2151 985 2211; x_wconf 88' lang='lat' dir='ltr'><strong>possunt</strong></span> <span class='ocrx_word' id='word_1_271' title='bbox 1011 2143 1178 2198; x_wconf 80' lang='lat' dir='ltr'><strong>libere</strong></span> <span class='ocrx_word' id='word_1_272' title='bbox 1204 2159 1388 2212; x_wconf 74' lang='lat' dir='ltr'><strong>agere.</strong></span> <span class='ocrx_word' id='word_1_273' title='bbox 1429 2154 1593 2213; x_wconf 89' lang='lat' dir='ltr'><strong>atque</strong></span> <span class='ocrx_word' id='word_1_274' title='bbox 1624 2141 1786 2198; x_wconf 89' lang='lat' dir='ltr'><strong>homo</strong></span> <span class='ocrx_word' id='word_1_275' title='bbox 1827 2145 2026 2198; x_wconf 87' lang='lat' dir='ltr'><strong>verita-</strong></span> 
     </span>
    </p>
   </div>
   <div class='ocr_carea' id='block_1_41' title="bbox 441 2233 2025 2310">
    <p class='ocr_par' dir='ltr' id='par_1_41' title="bbox 441 2233 2025 2310">
     <span class='ocr_line' id='line_1_41' title="bbox 441 2233 2025 2310; baseline 0.001 -24"><span class='ocrx_word' id='word_1_276' title='bbox 441 2235 512 2289; x_wconf 81' lang='lat' dir='ltr'><strong>tis</strong></span> <span class='ocrx_word' id='word_1_277' title='bbox 544 2235 658 2287; x_wconf 71' lang='lat' dir='ltr'><strong>exit</strong></span> <span class='ocrx_word' id='word_1_278' title='bbox 697 2235 764 2288; x_wconf 90' lang='lat' dir='ltr'><strong>ad</strong></span> <span class='ocrx_word' id='word_1_279' title='bbox 802 2249 943 2304; x_wconf 88' lang='lat' dir='ltr'><strong>opus</strong></span> <span class='ocrx_word' id='word_1_280' title='bbox 972 2249 1155 2290; x_wconf 89' lang='lat' dir='ltr'><strong>suum.</strong></span> <span class='ocrx_word' id='word_1_281' title='bbox 1189 2233 1389 2289; x_wconf 82' lang='lat' dir='ltr'><strong>Noctes</strong></span> <span class='ocrx_word' id='word_1_282' title='bbox 1431 2238 1577 2288; x_wconf 84' lang='lat' dir='ltr'><strong>enim</strong></span> <span class='ocrx_word' id='word_1_283' title='bbox 1625 2235 1919 2310; x_wconf 76' lang='lat' dir='ltr'><strong>continuas</strong></span> <span class='ocrx_word' id='word_1_284' title='bbox 1971 2236 2025 2288; x_wconf 90' lang='lat' dir='ltr'><strong>in</strong></span> 
     </span>
    </p>
   </div>
   <div class='ocr_carea' id='block_1_42' title="bbox 443 2327 2024 2398">
    <p class='ocr_par' dir='ltr' id='par_1_42' title="bbox 443 2327 2024 2398">
     <span class='ocr_line' id='line_1_42' title="bbox 443 2327 2024 2398; baseline 0.001 -19"><span class='ocrx_word' id='word_1_285' title='bbox 443 2327 607 2382; x_wconf 86' lang='lat' dir='ltr'><strong>terris</strong></span> <span class='ocrx_word' id='word_1_286' title='bbox 653 2327 970 2384; x_wconf 82' lang='lat' dir='ltr'><strong>Cimmeriis</strong></span> <span class='ocrx_word' id='word_1_287' title='bbox 1005 2327 1218 2398; x_wconf 81' lang='lat' dir='ltr'><strong>antiqui</strong></span> <span class='ocrx_word' id='word_1_288' title='bbox 1267 2338 1522 2383; x_wconf 72' lang='lat' dir='ltr'><strong>auctores</strong></span> <span class='ocrx_word' id='word_1_289' title='bbox 1573 2330 2024 2396; x_wconf 74' lang='lat' dir='ltr'><strong>assignaverunt.</strong></span> 
     </span>
    </p>
   </div>
   <div class='ocr_carea' id='block_1_43' title="bbox 442 2415 2026 2473">
    <p class='ocr_par' dir='ltr' id='par_1_43' title="bbox 442 2415 2026 2473">
     <span class='ocr_line' id='line_1_43' title="bbox 442 2415 2026 2473; baseline 0 -3"><span class='ocrx_word' id='word_1_290' title='bbox 442 2416 640 2471; x_wconf 83' lang='lat' dir='ltr'><strong>Melius</strong></span> <span class='ocrx_word' id='word_1_291' title='bbox 661 2429 780 2472; x_wconf 85' lang='lat' dir='ltr'><strong>erat</strong></span> <span class='ocrx_word' id='word_1_292' title='bbox 815 2418 923 2472; x_wconf 86' lang='lat' dir='ltr'><strong>hoc</strong></span> <span class='ocrx_word' id='word_1_293' title='bbox 955 2418 1182 2473; x_wconf 82' lang='lat' dir='ltr'><strong>verbum</strong></span> <span class='ocrx_word' id='word_1_294' title='bbox 1212 2433 1434 2471; x_wconf 85' lang='lat' dir='ltr'><strong>servare</strong></span> <span class='ocrx_word' id='word_1_295' title='bbox 1465 2434 1481 2472; x_wconf 88' lang='lat'><strong>:</strong></span> <span class='ocrx_word' id='word_1_296' title='bbox 1519 2434 1536 2467; x_wconf 85' lang='grc' dir='ltr'><strong>ι</strong></span> <span class='ocrx_word' id='word_1_297' title='bbox 1569 2417 1922 2472; x_wconf 87' lang='lat' dir='ltr'><strong>absconditor</strong></span> <span class='ocrx_word' id='word_1_298' title='bbox 1944 2415 2026 2470; x_wconf 88' lang='lat' dir='ltr'><strong>vi-</strong></span> 
     </span>
    </p>
   </div>
   <div class='ocr_carea' id='block_1_44' title="bbox 437 2508 2026 2578">
    <p class='ocr_par' dir='ltr' id='par_1_44' title="bbox 437 2508 2026 2578">
     <span class='ocr_line' id='line_1_44' title="bbox 437 2508 2026 2578; baseline 0.001 -17"><span class='ocrx_word' id='word_1_299' title='bbox 437 2523 598 2570; x_wconf 81' lang='lat' dir='ltr'><strong>vens,</strong></span> <span class='ocrx_word' id='word_1_300' title='bbox 639 2527 659 2560; x_wconf 78' lang='grc' dir='ltr'><strong>ι</strong></span> <span class='ocrx_word' id='word_1_301' title='bbox 699 2517 758 2562; x_wconf 91' lang='grc' dir='ltr'><strong>ιιι</strong></span> <span class='ocrx_word' id='word_1_302' title='bbox 800 2510 1066 2578; x_wconf 89' lang='lat' dir='ltr'><strong>accepisti</strong></span> <span class='ocrx_word' id='word_1_303' title='bbox 1103 2524 1134 2564; x_wconf 90' lang='lat' dir='ltr'><strong>a</strong></span> <span class='ocrx_word' id='word_1_304' title='bbox 1166 2509 1339 2563; x_wconf 81' lang='lat' dir='ltr'><strong>veteri</strong></span> <span class='ocrx_word' id='word_1_305' title='bbox 1365 2517 1422 2563; x_wconf 88' lang='lat' dir='ltr'><strong>et</strong></span> <span class='ocrx_word' id='word_1_306' title='bbox 1450 2509 1684 2578; x_wconf 76' lang='lat' dir='ltr'><strong>sapienti</strong></span> <span class='ocrx_word' id='word_1_307' title='bbox 1731 2508 2026 2564; x_wconf 89' lang='lat' dir='ltr'><strong>sententia.</strong></span> 
     </span>
    </p>
   </div>
   <div class='ocr_carea' id='block_1_45' title="bbox 435 2600 2030 2668">
    <p class='ocr_par' dir='ltr' id='par_1_45' title="bbox 435 2600 2030 2668">
     <span class='ocr_line' id='line_1_45' title="bbox 435 2600 2030 2668; baseline 0 -14"><span class='ocrx_word' id='word_1_308' title='bbox 435 2600 793 2655; x_wconf 80' lang='lat' dir='ltr'><strong>Abscondere</strong></span> <span class='ocrx_word' id='word_1_309' title='bbox 829 2615 937 2655; x_wconf 88' lang='lat' dir='ltr'><strong>non</strong></span> <span class='ocrx_word' id='word_1_310' title='bbox 973 2602 1154 2656; x_wconf 86' lang='lat' dir='ltr'><strong>solum</strong></span> <span class='ocrx_word' id='word_1_311' title='bbox 1179 2601 1270 2668; x_wconf 89' lang='lat' dir='ltr'><strong>_ab</strong></span> <span class='ocrx_word' id='word_1_312' title='bbox 1309 2600 1432 2655; x_wconf 88' lang='lat' dir='ltr'><strong>aliis</strong></span> <span class='ocrx_word' id='word_1_313' title='bbox 1471 2601 1720 2654; x_wconf 83' lang='lat' dir='ltr'><strong>obvelata</strong></span> <span class='ocrx_word' id='word_1_314' title='bbox 1760 2601 1883 2654; x_wconf 70' lang='lat' dir='ltr'><strong>vitae</strong></span> <span class='ocrx_word' id='word_1_315' title='bbox 1922 2609 2030 2654; x_wconf 74' lang='lat' dir='ltr'><strong>tua:</strong></span> 
     </span>
    </p>
   </div>
   <div class='ocr_carea' id='block_1_46' title="bbox 438 2689 2028 2761">
    <p class='ocr_par' dir='ltr' id='par_1_46' title="bbox 438 2689 2028 2761">
     <span class='ocr_line' id='line_1_46' title="bbox 438 2689 2028 2761; baseline 0.001 -17"><span class='ocrx_word' id='word_1_316' title='bbox 438 2691 664 2754; x_wconf 76' lang='lat' dir='ltr'><strong>virtute,</strong></span> <span class='ocrx_word' id='word_1_317' title='bbox 699 2689 795 2745; x_wconf 86' lang='lat' dir='ltr'><strong>sed</strong></span> <span class='ocrx_word' id='word_1_318' title='bbox 828 2690 994 2744; x_wconf 88' lang='lat' dir='ltr'><strong>etiam</strong></span> <span class='ocrx_word' id='word_1_319' title='bbox 1024 2706 1053 2744; x_wconf 90' lang='lat' dir='ltr'><strong>a</strong></span> <span class='ocrx_word' id='word_1_320' title='bbox 1083 2691 1259 2761; x_wconf 90' lang='lat' dir='ltr'><strong>teipso</strong></span> <span class='ocrx_word' id='word_1_321' title='bbox 1285 2706 1386 2761; x_wconf 89' lang='lat' dir='ltr'><strong>per</strong></span> <span class='ocrx_word' id='word_1_322' title='bbox 1436 2691 1708 2746; x_wconf 78' lang='lat' dir='ltr'><strong>defectum</strong></span> <span class='ocrx_word' id='word_1_323' title='bbox 1735 2689 2028 2761; x_wconf 74' lang='lat' dir='ltr'><strong>superbire,</strong></span> 
     </span>
    </p>
   </div>
   <div class='ocr_carea' id='block_1_47' title="bbox 439 2783 2030 2854">
    <p class='ocr_par' dir='ltr' id='par_1_47' title="bbox 439 2783 2030 2854">
     <span class='ocr_line' id='line_1_47' title="bbox 439 2783 2030 2854; baseline 0 -16"><span class='ocrx_word' id='word_1_324' title='bbox 439 2793 495 2839; x_wconf 91' lang='lat' dir='ltr'><strong>et</strong></span> <span class='ocrx_word' id='word_1_325' title='bbox 527 2799 623 2853; x_wconf 87' lang='lat' dir='ltr'><strong>per</strong></span> <span class='ocrx_word' id='word_1_326' title='bbox 655 2784 1042 2845; x_wconf 85' lang='lat' dir='ltr'><strong>humilitatem.</strong></span> <span class='ocrx_word' id='word_1_327' title='bbox 1079 2784 1286 2854; x_wconf 83' lang='lat' dir='ltr'><strong>quibus</strong></span> <span class='ocrx_word' id='word_1_328' title='bbox 1321 2784 1486 2838; x_wconf 82' lang='lat' dir='ltr'><strong>homo</strong></span> <span class='ocrx_word' id='word_1_329' title='bbox 1535 2783 1800 2854; x_wconf 67' lang='lat' dir='ltr'><strong>praeditus</strong></span> <span class='ocrx_word' id='word_1_330' title='bbox 1845 2785 2030 2838; x_wconf 77' lang='lat' dir='ltr'><strong>vivere</strong></span> 
     </span>
    </p>
   </div>
   <div class='ocr_carea' id='block_1_48' title="bbox 444 2874 2028 2945">
    <p class='ocr_par' dir='ltr' id='par_1_48' title="bbox 444 2874 2028 2945">
     <span class='ocr_line' id='line_1_48' title="bbox 444 2874 2028 2945; baseline -0.001 -13"><span class='ocrx_word' id='word_1_331' title='bbox 444 2891 555 2932; x_wconf 91' lang='lat' dir='ltr'><strong>non</strong></span> <span class='ocrx_word' id='word_1_332' title='bbox 588 2886 893 2945; x_wconf 83' lang='lat' dir='ltr'><strong>reputatur.</strong></span> <span class='ocrx_word' id='word_1_333' title='bbox 923 2876 1056 2930; x_wconf 88' lang='lat' dir='ltr'><strong>Illud</strong></span> <span class='ocrx_word' id='word_1_334' title='bbox 1085 2886 1170 2930; x_wconf 82' lang='lat' dir='ltr'><strong>est</strong></span> <span class='ocrx_word' id='word_1_335' title='bbox 1199 2891 1329 2930; x_wconf 75' lang='lat' dir='ltr'><strong>nox.</strong></span> <span class='ocrx_word' id='word_1_336' title='bbox 1371 2895 1388 2927; x_wconf 79' lang='grc' dir='ltr'><strong>ι</strong></span> <span class='ocrx_word' id='word_1_337' title='bbox 1440 2874 1646 2932; x_wconf 75' lang='lat' dir='ltr'><strong>Lureat</strong></span> <span class='ocrx_word' id='word_1_338' title='bbox 1675 2877 1764 2930; x_wconf 77' lang='lat' dir='ltr'><strong>lux</strong></span> <span class='ocrx_word' id='word_1_339' title='bbox 1803 2885 1894 2930; x_wconf 90' lang='lat' dir='ltr'><strong>tua</strong></span> <span class='ocrx_word' id='word_1_340' title='bbox 1930 2891 2028 2930; x_wconf 59' lang='grc' dir='ltr'><strong>σου</strong></span> 
     </span>
    </p>
   </div>
   <div class='ocr_carea' id='block_1_49' title="bbox 440 2967 2027 3039">
    <p class='ocr_par' dir='ltr' id='par_1_49' title="bbox 440 2967 2027 3039">
     <span class='ocr_line' id='line_1_49' title="bbox 440 2967 2027 3039; baseline -0.001 -16"><span class='ocrx_word' id='word_1_341' title='bbox 440 2983 557 3023; x_wconf 86' lang='lat' dir='ltr'><strong>ram</strong></span> <span class='ocrx_word' id='word_1_342' title='bbox 591 2967 910 3022; x_wconf 89' lang='lat' dir='ltr'><strong>hominibus</strong></span> <span class='ocrx_word' id='word_1_343' title='bbox 931 2967 997 3023; x_wconf 74' lang='lat'><strong>“.</strong></span> <span class='ocrx_word' id='word_1_344' title='bbox 1051 2987 1069 3019; x_wconf 80' lang='grc' dir='ltr'><strong>ι</strong></span> <span class='ocrx_word' id='word_1_345' title='bbox 1115 2967 1240 3022; x_wconf 66' lang='lat' dir='ltr'><strong>Haec</strong></span> <span class='ocrx_word' id='word_1_346' title='bbox 1263 2983 1393 3023; x_wconf 83' lang='lat' dir='ltr'><strong>vero</strong></span> <span class='ocrx_word' id='word_1_347' title='bbox 1422 2977 1506 3022; x_wconf 90' lang='lat' dir='ltr'><strong>est</strong></span> <span class='ocrx_word' id='word_1_348' title='bbox 1530 2968 1648 3023; x_wconf 90' lang='lat' dir='ltr'><strong>dies</strong></span> <span class='ocrx_word' id='word_1_349' title='bbox 1687 2969 1742 3024; x_wconf 91' lang='lat' dir='ltr'><strong>in</strong></span> <span class='ocrx_word' id='word_1_350' title='bbox 1777 2982 1886 3039; x_wconf 87' lang='lat' dir='ltr'><strong>qua</strong></span> <span class='ocrx_word' id='word_1_351' title='bbox 1922 2983 2027 3024; x_wconf 81' lang='lat' dir='ltr'><strong>nox</strong></span> 
     </span>
    </p>
   </div>
   <div class='ocr_carea' id='block_1_50' title="bbox 2130 1867 3711 1942">
    <p class='ocr_par' dir='ltr' id='par_1_50' title="bbox 2130 1867 3711 1942">
     <span class='ocr_line' id='line_1_50' title="bbox 2130 1867 3711 1942; baseline -0.003 -16"><span class='ocrx_word' id='word_1_352' title='bbox 2130 1873 2215 1926; x_wconf 74' lang='grc' dir='ltr'><strong>σοὶ</strong></span> <span class='ocrx_word' id='word_1_353' title='bbox 2273 1873 2666 1942; x_wconf 79' lang='grc' dir='ltr'><strong>πορευόμεναι,</strong></span> <span class='ocrx_word' id='word_1_354' title='bbox 2723 1871 2818 1924; x_wconf 78' lang='grc' dir='ltr'><strong>καὶ</strong></span> <span class='ocrx_word' id='word_1_355' title='bbox 2877 1867 3398 1941; x_wconf 75' lang='grc' dir='ltr'><strong>παρρησιαζόμεναι</strong></span> <span class='ocrx_word' id='word_1_356' title='bbox 3447 1868 3540 1922; x_wconf 74' lang='grc' dir='ltr'><strong>διὰ</strong></span> <span class='ocrx_word' id='word_1_357' title='bbox 3595 1867 3711 1921; x_wconf 84' lang='grc' dir='ltr'><strong>σοῦ.</strong></span> 
     </span>
    </p>
   </div>
   <div class='ocr_carea' id='block_1_51' title="bbox 2140 1959 3712 2035">
    <p class='ocr_par' dir='ltr' id='par_1_51' title="bbox 2140 1959 3712 2035">
     <span class='ocr_line' id='line_1_51' title="bbox 2140 1959 3712 2035; baseline 0.022 -47"><span class='ocrx_word' id='word_1_358' title='bbox 2140 1965 2284 2020; x_wconf 58' lang='grc' dir='ltr'><strong>Ἄλλο</strong></span> <span class='ocrx_word' id='word_1_359' title='bbox 2327 1968 2375 2019; x_wconf 63' lang='grc' dir='ltr'><strong>ει</strong></span> <span class='ocrx_word' id='word_1_360' title='bbox 2421 1964 2528 2035; x_wconf 64' lang='grc' dir='ltr'><strong>χρὴ</strong></span> <span class='ocrx_word' id='word_1_361' title='bbox 2579 1965 2676 2018; x_wconf 62' lang='lat' dir='ltr'><strong>m1</strong></span> <span class='ocrx_word' id='word_1_362' title='bbox 2724 1963 2990 2034; x_wconf 79' lang='grc' dir='ltr'><strong>νύκτερον</strong></span> <span class='ocrx_word' id='word_1_363' title='bbox 3035 1959 3177 2015; x_wconf 84' lang='grc' dir='ltr'><strong>εἷναί</strong></span> <span class='ocrx_word' id='word_1_364' title='bbox 3223 1978 3284 2014; x_wconf 88' lang='grc' dir='ltr'><strong>σε</strong></span> <span class='ocrx_word' id='word_1_365' title='bbox 3329 1962 3712 2031; x_wconf 73' lang='grc' dir='ltr'><strong>οἰκονομικῶς.</strong></span> 
     </span>
    </p>
   </div>
   <div class='ocr_carea' id='block_1_52' title="bbox 2125 2052 3714 2126">
    <p class='ocr_par' dir='ltr' id='par_1_52' title="bbox 2125 2052 3714 2126">
     <span class='ocr_line' id='line_1_52' title="bbox 2125 2052 3714 2126; baseline -0.002 -17"><span class='ocrx_word' id='word_1_366' title='bbox 2125 2057 2266 2110; x_wconf 78' lang='grc' dir='ltr'><strong>ἀλλὰ</strong></span> <span class='ocrx_word' id='word_1_367' title='bbox 2288 2056 2428 2124; x_wconf 79' lang='grc' dir='ltr'><strong>ταχῦ</strong></span> <span class='ocrx_word' id='word_1_368' title='bbox 2461 2056 2799 2126; x_wconf 72' lang='grc' dir='ltr'><strong>ἀποτελευτᾷ</strong></span> <span class='ocrx_word' id='word_1_369' title='bbox 2824 2055 2922 2124; x_wconf 80' lang='grc' dir='ltr'><strong>τὴν</strong></span> <span class='ocrx_word' id='word_1_370' title='bbox 2949 2053 3121 2106; x_wconf 80' lang='grc' dir='ltr'><strong>νύκτα</strong></span> <span class='ocrx_word' id='word_1_371' title='bbox 3149 2052 3355 2123; x_wconf 86' lang='grc' dir='ltr'><strong>ταύτην</strong></span> <span class='ocrx_word' id='word_1_372' title='bbox 3384 2053 3463 2112; x_wconf 88' lang='grc' dir='ltr'><strong>είς</strong></span> <span class='ocrx_word' id='word_1_373' title='bbox 3497 2053 3714 2122; x_wconf 79' lang='grc' dir='ltr'><strong>ἡμέραν</strong></span> 
     </span>
    </p>
   </div>
   <div class='ocr_carea' id='block_1_53' title="bbox 2129 2141 3714 2219">
    <p class='ocr_par' dir='ltr' id='par_1_53' title="bbox 2129 2141 3714 2219">
     <span class='ocr_line' id='line_1_53' title="bbox 2129 2141 3714 2219; baseline -0.005 -17"><span class='ocrx_word' id='word_1_374' title='bbox 2129 2147 2556 2217; x_wconf 81' lang='grc' dir='ltr'><strong>θεοπσράδοτον,</strong></span> <span class='ocrx_word' id='word_1_375' title='bbox 2595 2141 2709 2219; x_wconf 78' lang='grc' dir='ltr'><strong>ινῇ</strong></span> <span class='ocrx_word' id='word_1_376' title='bbox 2740 2147 2808 2200; x_wconf 83' lang='grc' dir='ltr'><strong>τὰ</strong></span> <span class='ocrx_word' id='word_1_377' title='bbox 2844 2146 2943 2215; x_wconf 75' lang='grc' dir='ltr'><strong>μὶν</strong></span> <span class='ocrx_word' id='word_1_378' title='bbox 2974 2144 3196 2214; x_wconf 79' lang='grc' dir='ltr'><strong>ἐμπαθῆ</strong></span> <span class='ocrx_word' id='word_1_379' title='bbox 3231 2144 3395 2215; x_wconf 80' lang='grc' dir='ltr'><strong>θηρία</strong></span> <span class='ocrx_word' id='word_1_380' title='bbox 3431 2143 3714 2206; x_wconf 79' lang='grc' dir='ltr'><strong>κοιτάζον-</strong></span> 
     </span>
    </p>
   </div>
   <div class='ocr_carea' id='block_1_54' title="bbox 2127 2229 3712 2308">
    <p class='ocr_par' dir='ltr' id='par_1_54' title="bbox 2127 2229 3712 2308">
     <span class='ocr_line' id='line_1_54' title="bbox 2127 2229 3712 2308; baseline -0.006 -17"><span class='ocrx_word' id='word_1_381' title='bbox 2127 2257 2240 2302; x_wconf 85' lang='grc' dir='ltr'><strong>ται,</strong></span> <span class='ocrx_word' id='word_1_382' title='bbox 2276 2239 2351 2308; x_wconf 82' lang='grc' dir='ltr'><strong>μὴ</strong></span> <span class='ocrx_word' id='word_1_383' title='bbox 2377 2238 2573 2308; x_wconf 78' lang='grc' dir='ltr'><strong>ἔχοντα</strong></span> <span class='ocrx_word' id='word_1_384' title='bbox 2606 2233 3103 2308; x_wconf 74' lang='grc' dir='ltr'><strong>παρρησιάζεσθαιο</strong></span> <span class='ocrx_word' id='word_1_385' title='bbox 3135 2235 3163 2286; x_wconf 86' lang='grc' dir='ltr'><strong>ό</strong></span> <span class='ocrx_word' id='word_1_386' title='bbox 3191 2232 3250 2285; x_wconf 75' lang='grc' dir='ltr'><strong>δὲ</strong></span> <span class='ocrx_word' id='word_1_387' title='bbox 3281 2232 3420 2300; x_wconf 68' lang='grc' dir='ltr'><strong>πρὸς</strong></span> <span class='ocrx_word' id='word_1_388' title='bbox 3449 2229 3712 2297; x_wconf 82' lang='grc' dir='ltr'><strong>ἀλήθειαν</strong></span> 
     </span>
    </p>
   </div>
   <div class='ocr_carea' id='block_1_55' title="bbox 2129 2321 3714 2402">
    <p class='ocr_par' dir='ltr' id='par_1_55' title="bbox 2129 2321 3714 2402">
     <span class='ocr_line' id='line_1_55' title="bbox 2129 2321 3714 2402; baseline -0.003 -18"><span class='ocrx_word' id='word_1_389' title='bbox 2129 2331 2422 2402; x_wconf 79' lang='grc' dir='ltr'><strong>ἄνθρωπος</strong></span> <span class='ocrx_word' id='word_1_390' title='bbox 2479 2330 2573 2383; x_wconf 68' lang='grc' dir='ltr'><strong>ἐπὶ</strong></span> <span class='ocrx_word' id='word_1_391' title='bbox 2615 2329 2716 2398; x_wconf 77' lang='grc' dir='ltr'><strong>τὴν</strong></span> <span class='ocrx_word' id='word_1_392' title='bbox 2761 2327 3029 2396; x_wconf 76' lang='grc' dir='ltr'><strong>ἐργασίαν</strong></span> <span class='ocrx_word' id='word_1_393' title='bbox 3075 2324 3244 2379; x_wconf 85' lang='grc' dir='ltr'><strong>αὑτοῦ</strong></span> <span class='ocrx_word' id='word_1_394' title='bbox 3291 2323 3602 2395; x_wconf 68' lang='grc' dir='ltr'><strong>ἐξέρχεται.</strong></span> <span class='ocrx_word' id='word_1_395' title='bbox 3641 2321 3714 2379; x_wconf 84' lang='grc' dir='ltr'><strong>Τδ</strong></span> 
     </span>
    </p>
   </div>
   <div class='ocr_carea' id='block_1_56' title="bbox 2133 2416 3830 2492">
    <p class='ocr_par' dir='ltr' id='par_1_56' title="bbox 2133 2416 3830 2492">
     <span class='ocr_line' id='line_1_56' title="bbox 2133 2416 3830 2492; baseline -0.005 -17"><span class='ocrx_word' id='word_1_396' title='bbox 2133 2421 2244 2492; x_wconf 78' lang='grc' dir='ltr'><strong>γὰρ</strong></span> <span class='ocrx_word' id='word_1_397' title='bbox 2293 2420 2434 2492; x_wconf 82' lang='grc' dir='ltr'><strong>ὑπὲρ</strong></span> <span class='ocrx_word' id='word_1_398' title='bbox 2463 2422 2585 2490; x_wconf 36' lang='grc' dir='ltr'><strong>ιγῆς</strong></span> <span class='ocrx_word' id='word_1_399' title='bbox 2625 2420 2714 2472; x_wconf 77' lang='grc' dir='ltr'><strong>ἀεὶ</strong></span> <span class='ocrx_word' id='word_1_400' title='bbox 2741 2419 3006 2488; x_wconf 79' lang='grc' dir='ltr'><strong>νύκτερον</strong></span> <span class='ocrx_word' id='word_1_401' title='bbox 3053 2416 3384 2487; x_wconf 78' lang='grc' dir='ltr'><strong>Κιμμερίοις</strong></span> <span class='ocrx_word' id='word_1_402' title='bbox 3418 2420 3446 2469; x_wconf 84' lang='grc' dir='ltr'><strong>ό</strong></span> <span class='ocrx_word' id='word_1_403' title='bbox 3479 2416 3716 2480; x_wconf 75' lang='grc' dir='ltr'><strong>παλαιὸς</strong></span> <span class='ocrx_word' id='word_1_404' title='bbox 3827 2417 3830 2422; x_wconf 91' lang='grc'><strong>’</strong></span> 
     </span>
    </p>
   </div>
   <div class='ocr_carea' id='block_1_57' title="bbox 2133 2508 3710 2582">
    <p class='ocr_par' dir='ltr' id='par_1_57' title="bbox 2133 2508 3710 2582">
     <span class='ocr_line' id='line_1_57' title="bbox 2133 2508 3710 2582; baseline -0.002 -16"><span class='ocrx_word' id='word_1_405' title='bbox 2133 2514 2289 2579; x_wconf 83' lang='grc' dir='ltr'><strong>λόγος</strong></span> <span class='ocrx_word' id='word_1_406' title='bbox 2319 2512 2590 2582; x_wconf 79' lang='grc' dir='ltr'><strong>ἀφώρισε.</strong></span> <span class='ocrx_word' id='word_1_407' title='bbox 2624 2510 2868 2578; x_wconf 80' lang='grc' dir='ltr'><strong>Σαφέστε</strong></span> <span class='ocrx_word' id='word_1_408' title='bbox 2880 2527 2972 2578; x_wconf 84' lang='grc' dir='ltr'><strong>ρον</strong></span> <span class='ocrx_word' id='word_1_409' title='bbox 3002 2509 3060 2562; x_wconf 75' lang='grc' dir='ltr'><strong>δὲ</strong></span> <span class='ocrx_word' id='word_1_410' title='bbox 3094 2508 3374 2563; x_wconf 76' lang='grc' dir='ltr'><strong>διαθέσθαι</strong></span> <span class='ocrx_word' id='word_1_411' title='bbox 3405 2509 3498 2563; x_wconf 76' lang='grc' dir='ltr'><strong>τὸν</strong></span> <span class='ocrx_word' id='word_1_412' title='bbox 3531 2510 3710 2579; x_wconf 77' lang='grc' dir='ltr'><strong>λόγον’</strong></span> 
     </span>
    </p>
   </div>
   <div class='ocr_carea' id='block_1_58' title="bbox 2138 2601 3716 2676">
    <p class='ocr_par' dir='ltr' id='par_1_58' title="bbox 2138 2601 3716 2676">
     <span class='ocr_line' id='line_1_58' title="bbox 2138 2601 3716 2676; baseline -0.003 -17"><span class='ocrx_word' id='word_1_413' title='bbox 2138 2626 2157 2659; x_wconf 82' lang='grc' dir='ltr'><strong>ι</strong></span> <span class='ocrx_word' id='word_1_414' title='bbox 2197 2605 2342 2660; x_wconf 84' lang='grc' dir='ltr'><strong>Λάθε</strong></span> <span class='ocrx_word' id='word_1_415' title='bbox 2375 2605 2544 2676; x_wconf 72' lang='grc' dir='ltr'><strong>βιοὺς,</strong></span> <span class='ocrx_word' id='word_1_416' title='bbox 2583 2622 2603 2656; x_wconf 78' lang='grc' dir='ltr'><strong>ι</strong></span> <span class='ocrx_word' id='word_1_417' title='bbox 2643 2603 2718 2666; x_wconf 84' lang='grc' dir='ltr'><strong>ὡς</strong></span> <span class='ocrx_word' id='word_1_418' title='bbox 2764 2601 3083 2673; x_wconf 75' lang='grc' dir='ltr'><strong>παρέλαϐες</strong></span> <span class='ocrx_word' id='word_1_419' title='bbox 3115 2603 3179 2655; x_wconf 81' lang='grc' dir='ltr'><strong>ὲκ</strong></span> <span class='ocrx_word' id='word_1_420' title='bbox 3209 2601 3444 2655; x_wconf 82' lang='grc' dir='ltr'><strong>παλαιοῦ</strong></span> <span class='ocrx_word' id='word_1_421' title='bbox 3491 2603 3590 2655; x_wconf 72' lang='grc' dir='ltr'><strong>καὶ</strong></span> <span class='ocrx_word' id='word_1_422' title='bbox 3627 2618 3716 2654; x_wconf 85' lang='grc' dir='ltr'><strong>σο-</strong></span> 
     </span>
    </p>
   </div>
   <div class='ocr_carea' id='block_1_59' title="bbox 2133 2693 3716 2767">
    <p class='ocr_par' dir='ltr' id='par_1_59' title="bbox 2133 2693 3716 2767">
     <span class='ocr_line' id='line_1_59' title="bbox 2133 2693 3716 2767; baseline -0.003 -15"><span class='ocrx_word' id='word_1_423' title='bbox 2133 2700 2235 2767; x_wconf 81' lang='grc' dir='ltr'><strong>φοῦ</strong></span> <span class='ocrx_word' id='word_1_424' title='bbox 2268 2697 2720 2766; x_wconf 76' lang='grc' dir='ltr'><strong>ἀποφθέγματος.</strong></span> <span class='ocrx_word' id='word_1_425' title='bbox 2755 2693 2866 2750; x_wconf 80' lang='grc' dir='ltr'><strong>Καὶ</strong></span> <span class='ocrx_word' id='word_1_426' title='bbox 2895 2695 3025 2749; x_wconf 82' lang='grc' dir='ltr'><strong>λάθε</strong></span> <span class='ocrx_word' id='word_1_427' title='bbox 3054 2693 3131 2766; x_wconf 84' lang='grc' dir='ltr'><strong>μὴ</strong></span> <span class='ocrx_word' id='word_1_428' title='bbox 3171 2695 3334 2765; x_wconf 87' lang='grc' dir='ltr'><strong>μόνον</strong></span> <span class='ocrx_word' id='word_1_429' title='bbox 3358 2696 3486 2758; x_wconf 73' lang='grc' dir='ltr'><strong>τοὺς</strong></span> <span class='ocrx_word' id='word_1_430' title='bbox 3519 2693 3716 2760; x_wconf 81' lang='grc' dir='ltr'><strong>ἄλλους</strong></span> 
     </span>
    </p>
   </div>
   <div class='ocr_carea' id='block_1_60' title="bbox 2131 2781 3714 2859">
    <p class='ocr_par' dir='ltr' id='par_1_60' title="bbox 2131 2781 3714 2859">
     <span class='ocr_line' id='line_1_60' title="bbox 2131 2781 3714 2859; baseline -0.006 -16"><span class='ocrx_word' id='word_1_431' title='bbox 2131 2791 2198 2859; x_wconf 75' lang='grc' dir='ltr'><strong>τῇ</strong></span> <span class='ocrx_word' id='word_1_432' title='bbox 2229 2786 2528 2859; x_wconf 74' lang='grc' dir='ltr'><strong>ἐπικρύψει</strong></span> <span class='ocrx_word' id='word_1_433' title='bbox 2571 2785 2672 2856; x_wconf 79' lang='grc' dir='ltr'><strong>τῆς</strong></span> <span class='ocrx_word' id='word_1_434' title='bbox 2709 2785 2968 2856; x_wconf 59' lang='grc' dir='ltr'><strong>ἐναρέτου</strong></span> <span class='ocrx_word' id='word_1_435' title='bbox 3001 2781 3212 2854; x_wconf 79' lang='grc' dir='ltr'><strong>βιοτῆς,</strong></span> <span class='ocrx_word' id='word_1_436' title='bbox 3248 2781 3388 2837; x_wconf 81' lang='grc' dir='ltr'><strong>ἀλλὰ</strong></span> <span class='ocrx_word' id='word_1_437' title='bbox 3436 2781 3534 2837; x_wconf 76' lang='grc' dir='ltr'><strong>καὶ</strong></span> <span class='ocrx_word' id='word_1_438' title='bbox 3582 2799 3714 2835; x_wconf 78' lang='grc' dir='ltr'><strong>σαν⁴</strong></span> 
     </span>
    </p>
   </div>
   <div class='ocr_carea' id='block_1_61' title="bbox 2131 2874 3715 2951">
    <p class='ocr_par' dir='ltr' id='par_1_61' title="bbox 2131 2874 3715 2951">
     <span class='ocr_line' id='line_1_61' title="bbox 2131 2874 3715 2951; baseline -0.007 -15"><span class='ocrx_word' id='word_1_439' title='bbox 2131 2881 2223 2936; x_wconf 83' lang='grc' dir='ltr'><strong>τδν</strong></span> <span class='ocrx_word' id='word_1_440' title='bbox 2261 2882 2328 2951; x_wconf 80' lang='grc' dir='ltr'><strong>τῇ</strong></span> <span class='ocrx_word' id='word_1_441' title='bbox 2379 2878 2583 2950; x_wconf 76' lang='grc' dir='ltr'><strong>ἀτυφίᾳ</strong></span> <span class='ocrx_word' id='word_1_442' title='bbox 2624 2877 2722 2932; x_wconf 74' lang='grc' dir='ltr'><strong>καὶ</strong></span> <span class='ocrx_word' id='word_1_443' title='bbox 2769 2879 2848 2946; x_wconf 86' lang='grc' dir='ltr'><strong>τῷ</strong></span> <span class='ocrx_word' id='word_1_444' title='bbox 2875 2875 3278 2947; x_wconf 82' lang='grc' dir='ltr'><strong>ταπεινώματι·</strong></span> <span class='ocrx_word' id='word_1_445' title='bbox 3333 2875 3484 2946; x_wconf 81' lang='grc' dir='ltr'><strong>ἅπερ</strong></span> <span class='ocrx_word' id='word_1_446' title='bbox 3517 2875 3546 2927; x_wconf 83' lang='grc' dir='ltr'><strong>ό</strong></span> <span class='ocrx_word' id='word_1_447' title='bbox 3577 2874 3715 2944; x_wconf 72' lang='grc' dir='ltr'><strong>ἔχων</strong></span> 
     </span>
    </p>
   </div>
   <div class='ocr_carea' id='block_1_62' title="bbox 2131 2964 3715 3043">
    <p class='ocr_par' dir='ltr' id='par_1_62' title="bbox 2131 2964 3715 3043">
     <span class='ocr_line' id='line_1_62' title="bbox 2131 2964 3715 3043; baseline -0.006 -18"><span class='ocrx_word' id='word_1_448' title='bbox 2131 2971 2252 3026; x_wconf 76' lang='grc' dir='ltr'><strong>οὐδὲ</strong></span> <span class='ocrx_word' id='word_1_449' title='bbox 2301 2971 2403 3043; x_wconf 75' lang='grc' dir='ltr'><strong>ζῇν</strong></span> <span class='ocrx_word' id='word_1_450' title='bbox 2454 2970 2756 3039; x_wconf 79' lang='grc' dir='ltr'><strong>λογίζεται.</strong></span> <span class='ocrx_word' id='word_1_451' title='bbox 2805 2967 3046 3038; x_wconf 83' lang='grc' dir='ltr'><strong>Τοῦτοή</strong></span> <span class='ocrx_word' id='word_1_452' title='bbox 3101 2965 3220 3034; x_wconf 80' lang='grc' dir='ltr'><strong>νύξ.</strong></span> <span class='ocrx_word' id='word_1_453' title='bbox 3278 2985 3299 3020; x_wconf 80' lang='grc' dir='ltr'><strong>ι</strong></span> <span class='ocrx_word' id='word_1_454' title='bbox 3328 2964 3621 3037; x_wconf 75' lang='grc' dir='ltr'><strong>Λαμψάτω</strong></span> <span class='ocrx_word' id='word_1_455' title='bbox 3655 2965 3715 3017; x_wconf 82' lang='grc' dir='ltr'><strong>τὸ</strong></span> 
     </span>
    </p>
   </div>
   <div class='ocr_carea' id='block_1_63' title="bbox 441 3056 2023 3146">
    <p class='ocr_par' dir='ltr' id='par_1_63' title="bbox 441 3058 2023 3130">
     <span class='ocr_line' id='line_1_63' title="bbox 441 3058 2023 3130; baseline -0.001 -14"><span class='ocrx_word' id='word_1_456' title='bbox 441 3059 796 3124; x_wconf 82' lang='lat' dir='ltr'><strong>terminatur,</strong></span> <span class='ocrx_word' id='word_1_457' title='bbox 826 3074 948 3130; x_wconf 71' lang='lat' dir='ltr'><strong>quae</strong></span> <span class='ocrx_word' id='word_1_458' title='bbox 976 3058 1112 3114; x_wconf 88' lang='lat' dir='ltr'><strong>sinit</strong></span> <span class='ocrx_word' id='word_1_459' title='bbox 1141 3060 1474 3112; x_wconf 87' lang='lat' dir='ltr'><strong>monachum</strong></span> <span class='ocrx_word' id='word_1_460' title='bbox 1513 3058 1683 3114; x_wconf 86' lang='lat' dir='ltr'><strong>libere</strong></span> <span class='ocrx_word' id='word_1_461' title='bbox 1707 3074 1890 3130; x_wconf 75' lang='lat' dir='ltr'><strong>agere,</strong></span> <span class='ocrx_word' id='word_1_462' title='bbox 1917 3074 2023 3115; x_wconf 90' lang='lat' dir='ltr'><strong>non</strong></span> 
     </span>
    </p>
   </div>
   <div class='ocr_carea' id='block_1_64' title="bbox 2132 3056 3712 3146">
    <p class='ocr_par' dir='ltr' id='par_1_64' title="bbox 2132 3056 3712 3134">
     <span class='ocr_line' id='line_1_64' title="bbox 2132 3056 3712 3134; baseline -0.006 -17"><span class='ocrx_word' id='word_1_463' title='bbox 2132 3063 2247 3133; x_wconf 80' lang='grc' dir='ltr'><strong>φῶς</strong></span> <span class='ocrx_word' id='word_1_464' title='bbox 2270 3080 2363 3116; x_wconf 90' lang='grc' dir='ltr'><strong>σου</strong></span> <span class='ocrx_word' id='word_1_465' title='bbox 2387 3059 2700 3134; x_wconf 72' lang='grc' dir='ltr'><strong>ἔμπροσθεν</strong></span> <span class='ocrx_word' id='word_1_466' title='bbox 2719 3059 2828 3115; x_wconf 85' lang='grc' dir='ltr'><strong>τῶν</strong></span> <span class='ocrx_word' id='word_1_467' title='bbox 2847 3059 3176 3130; x_wconf 73' lang='grc' dir='ltr'><strong>ἀνθρώπων.</strong></span> <span class='ocrx_word' id='word_1_468' title='bbox 3201 3076 3221 3110; x_wconf 74' lang='grc' dir='ltr'><strong>ι</strong></span> <span class='ocrx_word' id='word_1_469' title='bbox 3258 3056 3432 3112; x_wconf 89' lang='grc' dir='ltr'><strong>Τοῦτο</strong></span> <span class='ocrx_word' id='word_1_470' title='bbox 3449 3059 3484 3128; x_wconf 82' lang='grc' dir='ltr'><strong>ἡ</strong></span> <span class='ocrx_word' id='word_1_471' title='bbox 3509 3057 3712 3127; x_wconf 78' lang='grc' dir='ltr'><strong>ἡμέρα,</strong></span> 
     </span>
    </p>
   </div>
   <div class='ocr_carea' id='block_1_65' title="bbox 435 3150 2024 3220">
    <p class='ocr_par' dir='ltr' id='par_1_65' title="bbox 435 3150 2024 3220">
     <span class='ocr_line' id='line_1_65' title="bbox 435 3150 2024 3220; baseline -0.001 -14"><span class='ocrx_word' id='word_1_472' title='bbox 435 3150 785 3220; x_wconf 72' lang='lat' dir='ltr'><strong>simpliciter,</strong></span> <span class='ocrx_word' id='word_1_473' title='bbox 829 3150 1057 3206; x_wconf 81' lang='lat' dir='ltr'><strong>fortuito</strong></span> <span class='ocrx_word' id='word_1_474' title='bbox 1077 3160 1132 3206; x_wconf 89' lang='lat' dir='ltr'><strong>et</strong></span> <span class='ocrx_word' id='word_1_475' title='bbox 1167 3151 1220 3205; x_wconf 94' lang='lat' dir='ltr'><strong>in</strong></span> <span class='ocrx_word' id='word_1_476' title='bbox 1257 3165 1478 3213; x_wconf 84' lang='lat' dir='ltr'><strong>vanum,</strong></span> <span class='ocrx_word' id='word_1_477' title='bbox 1507 3151 1561 3204; x_wconf 91' lang='lat' dir='ltr'><strong>in</strong></span> <span class='ocrx_word' id='word_1_478' title='bbox 1583 3152 1764 3206; x_wconf 86' lang='lat' dir='ltr'><strong>medio</strong></span> <span class='ocrx_word' id='word_1_479' title='bbox 1797 3151 2024 3219; x_wconf 89' lang='lat' dir='ltr'><strong>mundo,</strong></span> 
     </span>
    </p>
   </div>
   <div class='ocr_carea' id='block_1_66' title="bbox 437 3242 2029 3314">
    <p class='ocr_par' dir='ltr' id='par_1_66' title="bbox 437 3242 2029 3314">
     <span class='ocr_line' id='line_1_66' title="bbox 437 3242 2029 3314; baseline -0.002 -14"><span class='ocrx_word' id='word_1_480' title='bbox 437 3251 500 3300; x_wconf 81' lang='lat' dir='ltr'><strong>ut</strong></span> <span class='ocrx_word' id='word_1_481' title='bbox 547 3244 898 3299; x_wconf 88' lang='lat' dir='ltr'><strong>introductus</strong></span> <span class='ocrx_word' id='word_1_482' title='bbox 957 3243 1261 3314; x_wconf 44' lang='lat' dir='ltr'><strong>in&#39;edomos</strong></span> <span class='ocrx_word' id='word_1_483' title='bbox 1326 3243 1654 3301; x_wconf 84' lang='lat' dir='ltr'><strong>hominum.</strong></span> <span class='ocrx_word' id='word_1_484' title='bbox 1717 3242 1860 3297; x_wconf 88' lang='lat' dir='ltr'><strong>intra</strong></span> <span class='ocrx_word' id='word_1_485' title='bbox 1929 3257 2029 3297; x_wconf 88' lang='lat' dir='ltr'><strong>cu-</strong></span> 
     </span>
    </p>
   </div>
   <div class='ocr_carea' id='block_1_67' title="bbox 436 3335 2028 3406">
    <p class='ocr_par' dir='ltr' id='par_1_67' title="bbox 436 3335 2028 3406">
     <span class='ocr_line' id='line_1_67' title="bbox 436 3335 2028 3406; baseline 0 -14"><span class='ocrx_word' id='word_1_486' title='bbox 436 3335 604 3396; x_wconf 76' lang='lat' dir='ltr'><strong>linas.</strong></span> <span class='ocrx_word' id='word_1_487' title='bbox 633 3351 801 3406; x_wconf 85' lang='lat' dir='ltr'><strong>super</strong></span> <span class='ocrx_word' id='word_1_488' title='bbox 831 3351 1080 3399; x_wconf 86' lang='lat' dir='ltr'><strong>mensas,</strong></span> <span class='ocrx_word' id='word_1_489' title='bbox 1112 3336 1168 3390; x_wconf 92' lang='lat' dir='ltr'><strong>in</strong></span> <span class='ocrx_word' id='word_1_490' title='bbox 1203 3335 1493 3398; x_wconf 80' lang='lat' dir='ltr'><strong>conviviis,</strong></span> <span class='ocrx_word' id='word_1_491' title='bbox 1528 3337 2028 3406; x_wconf 83' lang='lat' dir='ltr'><strong>rompotationibns</strong></span> 
     </span>
    </p>
   </div>
   <div class='ocr_carea' id='block_1_68' title="bbox 441 3426 2025 3501">
    <p class='ocr_par' dir='ltr' id='par_1_68' title="bbox 441 3426 2025 3501">
     <span class='ocr_line' id='line_1_68' title="bbox 441 3426 2025 3501; baseline 0.001 -17"><span class='ocrx_word' id='word_1_492' title='bbox 441 3439 497 3484; x_wconf 91' lang='lat' dir='ltr'><strong>et</strong></span> <span class='ocrx_word' id='word_1_493' title='bbox 529 3430 730 3499; x_wconf 86' lang='lat' dir='ltr'><strong>epulis,</strong></span> <span class='ocrx_word' id='word_1_494' title='bbox 775 3437 834 3483; x_wconf 92' lang='lat' dir='ltr'><strong>ut</strong></span> <span class='ocrx_word' id='word_1_495' title='bbox 884 3429 1099 3501; x_wconf 80' lang='lat' dir='ltr'><strong>lampas</strong></span> <span class='ocrx_word' id='word_1_496' title='bbox 1149 3426 1400 3497; x_wconf 77' lang='lat' dir='ltr'><strong>fulgeat;</strong></span> <span class='ocrx_word' id='word_1_497' title='bbox 1447 3428 1542 3484; x_wconf 88' lang='lat' dir='ltr'><strong>sed</strong></span> <span class='ocrx_word' id='word_1_498' title='bbox 1598 3433 1778 3498; x_wconf 80' lang='lat' dir='ltr'><strong>magis</strong></span> <span class='ocrx_word' id='word_1_499' title='bbox 1820 3431 2025 3486; x_wconf 83' lang='lat' dir='ltr'><strong>illumi-</strong></span> 
     </span>
    </p>
   </div>
   <div class='ocr_carea' id='block_1_69' title="bbox 443 3518 2027 3576">
    <p class='ocr_par' dir='ltr' id='par_1_69' title="bbox 443 3518 2027 3576">
     <span class='ocr_line' id='line_1_69' title="bbox 443 3518 2027 3576; baseline 0.001 -2"><span class='ocrx_word' id='word_1_500' title='bbox 443 3531 615 3576; x_wconf 86' lang='lat' dir='ltr'><strong>natus</strong></span> <span class='ocrx_word' id='word_1_501' title='bbox 653 3537 681 3573; x_wconf 90' lang='lat' dir='ltr'><strong>a</strong></span> <span class='ocrx_word' id='word_1_502' title='bbox 729 3518 892 3574; x_wconf 82' lang='lat' dir='ltr'><strong>Patre</strong></span> <span class='ocrx_word' id='word_1_503' title='bbox 928 3520 1200 3574; x_wconf 90' lang='lat' dir='ltr'><strong>luminmn</strong></span> <span class='ocrx_word' id='word_1_504' title='bbox 1251 3534 1306 3575; x_wconf 90' lang='lat' dir='ltr'><strong>et</strong></span> <span class='ocrx_word' id='word_1_505' title='bbox 1336 3518 1460 3572; x_wconf 84' lang='lat' dir='ltr'><strong>inde</strong></span> <span class='ocrx_word' id='word_1_506' title='bbox 1506 3521 1561 3574; x_wconf 91' lang='lat' dir='ltr'><strong>in</strong></span> <span class='ocrx_word' id='word_1_507' title='bbox 1610 3519 1888 3574; x_wconf 71' lang='lat' dir='ltr'><strong>ﬂairimant</strong></span> <span class='ocrx_word' id='word_1_508' title='bbox 1931 3537 2027 3576; x_wconf 83' lang='lat' dir='ltr'><strong>ac-</strong></span> 
     </span>
    </p>
   </div>
   <div class='ocr_carea' id='block_1_70' title="bbox 442 3609 2024 3679">
    <p class='ocr_par' dir='ltr' id='par_1_70' title="bbox 442 3609 2024 3679">
     <span class='ocr_line' id='line_1_70' title="bbox 442 3609 2024 3679; baseline 0.003 -15"><span class='ocrx_word' id='word_1_509' title='bbox 442 3625 646 3666; x_wconf 87' lang='lat' dir='ltr'><strong>census</strong></span> <span class='ocrx_word' id='word_1_510' title='bbox 685 3611 887 3674; x_wconf 78' lang='lat' dir='ltr'><strong>luceat,</strong></span> <span class='ocrx_word' id='word_1_511' title='bbox 943 3611 994 3665; x_wconf 85' lang='lat' dir='ltr'><strong>vi</strong></span> <span class='ocrx_word' id='word_1_512' title='bbox 1037 3609 1257 3673; x_wconf 84' lang='lat' dir='ltr'><strong>deatur,</strong></span> <span class='ocrx_word' id='word_1_513' title='bbox 1295 3620 1520 3677; x_wconf 87' lang='lat' dir='ltr'><strong>uratur;</strong></span> <span class='ocrx_word' id='word_1_514' title='bbox 1557 3621 1613 3666; x_wconf 91' lang='lat' dir='ltr'><strong>et</strong></span> <span class='ocrx_word' id='word_1_515' title='bbox 1641 3613 1732 3666; x_wconf 78' lang='lat' dir='ltr'><strong>lux</strong></span> <span class='ocrx_word' id='word_1_516' title='bbox 1764 3613 1934 3679; x_wconf 88' lang='lat' dir='ltr'><strong>illius,</strong></span> <span class='ocrx_word' id='word_1_517' title='bbox 1977 3614 2024 3670; x_wconf 91' lang='lat' dir='ltr'><strong>si</strong></span> 
     </span>
    </p>
   </div>
   <div class='ocr_carea' id='block_1_71' title="bbox 440 3702 2022 3771">
    <p class='ocr_par' dir='ltr' id='par_1_71' title="bbox 440 3702 2022 3771">
     <span class='ocr_line' id='line_1_71' title="bbox 440 3702 2022 3771; baseline 0.003 -17"><span class='ocrx_word' id='word_1_518' title='bbox 440 3702 626 3754; x_wconf 84' lang='lat' dir='ltr'><strong>minus</strong></span> <span class='ocrx_word' id='word_1_519' title='bbox 663 3715 759 3771; x_wconf 83' lang='lat' dir='ltr'><strong>per</strong></span> <span class='ocrx_word' id='word_1_520' title='bbox 794 3715 1012 3755; x_wconf 88' lang='lat' dir='ltr'><strong>omnem</strong></span> <span class='ocrx_word' id='word_1_521' title='bbox 1057 3711 1282 3764; x_wconf 81' lang='lat' dir='ltr'><strong>terram,</strong></span> <span class='ocrx_word' id='word_1_522' title='bbox 1314 3710 1372 3754; x_wconf 88' lang='lat' dir='ltr'><strong>ut</strong></span> <span class='ocrx_word' id='word_1_523' title='bbox 1397 3702 1792 3770; x_wconf 87' lang='lat' dir='ltr'><strong>apostolormn,</strong></span> <span class='ocrx_word' id='word_1_524' title='bbox 1829 3704 2022 3758; x_wconf 84' lang='lat' dir='ltr'><strong>saltem</strong></span> 
     </span>
    </p>
   </div>
   <div class='ocr_carea' id='block_1_72' title="bbox 439 3791 2026 3862">
    <p class='ocr_par' dir='ltr' id='par_1_72' title="bbox 439 3791 2026 3862">
     <span class='ocr_line' id='line_1_72' title="bbox 439 3791 2026 3862; baseline 0.002 -17"><span class='ocrx_word' id='word_1_525' title='bbox 439 3793 614 3847; x_wconf 86' lang='lat' dir='ltr'><strong>multa</strong></span> <span class='ocrx_word' id='word_1_526' title='bbox 649 3809 743 3862; x_wconf 89' lang='lat' dir='ltr'><strong>per</strong></span> <span class='ocrx_word' id='word_1_527' title='bbox 767 3792 884 3846; x_wconf 84' lang='lat' dir='ltr'><strong>loca</strong></span> <span class='ocrx_word' id='word_1_528' title='bbox 921 3791 1283 3846; x_wconf 78' lang='lat' dir='ltr'><strong>diffundatur.</strong></span> <span class='ocrx_word' id='word_1_529' title='bbox 1323 3791 1480 3858; x_wconf 86' lang='lat' dir='ltr'><strong>Quod</strong></span> <span class='ocrx_word' id='word_1_530' title='bbox 1519 3795 1572 3846; x_wconf 93' lang='lat' dir='ltr'><strong>in</strong></span> <span class='ocrx_word' id='word_1_531' title='bbox 1608 3796 1860 3850; x_wconf 85' lang='lat' dir='ltr'><strong>accensis</strong></span> <span class='ocrx_word' id='word_1_532' title='bbox 1896 3796 2026 3850; x_wconf 81' lang='lat' dir='ltr'><strong>faci-</strong></span> 
     </span>
    </p>
   </div>
   <div class='ocr_carea' id='block_1_73' title="bbox 441 3884 2024 3958">
    <p class='ocr_par' dir='ltr' id='par_1_73' title="bbox 441 3884 2024 3958">
     <span class='ocr_line' id='line_1_73' title="bbox 441 3884 2024 3958; baseline 0.001 -18"><span class='ocrx_word' id='word_1_533' title='bbox 441 3885 544 3940; x_wconf 81' lang='lat' dir='ltr'><strong>bus</strong></span> <span class='ocrx_word' id='word_1_534' title='bbox 567 3884 865 3947; x_wconf 81' lang='lat' dir='ltr'><strong>soletﬂeri,</strong></span> <span class='ocrx_word' id='word_1_535' title='bbox 887 3884 1087 3950; x_wconf 78' lang='lat' dir='ltr'><strong>quibus</strong></span> <span class='ocrx_word' id='word_1_536' title='bbox 1125 3899 1186 3938; x_wconf 77' lang='lat' dir='ltr'><strong>ex</strong></span> <span class='ocrx_word' id='word_1_537' title='bbox 1214 3884 1322 3938; x_wconf 88' lang='lat' dir='ltr'><strong>alto</strong></span> <span class='ocrx_word' id='word_1_538' title='bbox 1341 3885 1672 3947; x_wconf 85' lang='lat' dir='ltr'><strong>lucentibus.</strong></span> <span class='ocrx_word' id='word_1_539' title='bbox 1697 3888 2024 3958; x_wconf 75' lang='lat' dir='ltr'><strong>deteguntnr</strong></span> 
     </span>
    </p>
   </div>
   <div class='ocr_carea' id='block_1_74' title="bbox 440 3974 2025 4050">
    <p class='ocr_par' dir='ltr' id='par_1_74' title="bbox 440 3974 2025 4050">
     <span class='ocr_line' id='line_1_74' title="bbox 440 3974 2025 4050; baseline 0.003 -20"><span class='ocrx_word' id='word_1_540' title='bbox 440 3975 655 4030; x_wconf 74' lang='lat' dir='ltr'><strong>insidiae</strong></span> <span class='ocrx_word' id='word_1_541' title='bbox 685 3974 947 4039; x_wconf 85' lang='lat' dir='ltr'><strong>hostium,</strong></span> <span class='ocrx_word' id='word_1_542' title='bbox 969 3976 1070 4028; x_wconf 86' lang='lat' dir='ltr'><strong>tuti</strong></span> <span class='ocrx_word' id='word_1_543' title='bbox 1104 3983 1297 4044; x_wconf 85' lang='lat' dir='ltr'><strong>portus</strong></span> <span class='ocrx_word' id='word_1_544' title='bbox 1319 3975 1656 4044; x_wconf 83' lang='lat' dir='ltr'><strong>indicantur,</strong></span> <span class='ocrx_word' id='word_1_545' title='bbox 1687 3989 1739 4033; x_wconf 89' lang='lat' dir='ltr'><strong>et</strong></span> <span class='ocrx_word' id='word_1_546' title='bbox 1777 3981 1912 4035; x_wconf 82' lang='lat' dir='ltr'><strong>vada</strong></span> <span class='ocrx_word' id='word_1_547' title='bbox 1929 3996 2025 4050; x_wconf 85' lang='lat' dir='ltr'><strong>pe-</strong></span> 
     </span>
    </p>
   </div>
   <div class='ocr_carea' id='block_1_75' title="bbox 437 4067 2020 4143">
    <p class='ocr_par' dir='ltr' id='par_1_75' title="bbox 437 4067 2020 4143">
     <span class='ocr_line' id='line_1_75' title="bbox 437 4067 2020 4143; baseline 0.003 -20"><span class='ocrx_word' id='word_1_548' title='bbox 437 4067 700 4135; x_wconf 86' lang='lat' dir='ltr'><strong>riculosa,</strong></span> <span class='ocrx_word' id='word_1_549' title='bbox 753 4067 963 4138; x_wconf 90' lang='lat' dir='ltr'><strong>scopuli</strong></span> <span class='ocrx_word' id='word_1_550' title='bbox 1019 4077 1072 4124; x_wconf 91' lang='lat' dir='ltr'><strong>et</strong></span> <span class='ocrx_word' id='word_1_551' title='bbox 1115 4083 1278 4138; x_wconf 87' lang='lat' dir='ltr'><strong>rupes</strong></span> <span class='ocrx_word' id='word_1_552' title='bbox 1321 4069 1634 4125; x_wconf 84' lang='lat' dir='ltr'><strong>devitantur</strong></span> <span class='ocrx_word' id='word_1_553' title='bbox 1688 4071 1903 4143; x_wconf 88' lang='lat' dir='ltr'><strong>aliaque</strong></span> <span class='ocrx_word' id='word_1_554' title='bbox 1937 4075 2020 4128; x_wconf 88' lang='lat' dir='ltr'><strong>via</strong></span> 
     </span>
    </p>
   </div>
   <div class='ocr_carea' id='block_1_76' title="bbox 441 4159 842 4218">
    <p class='ocr_par' dir='ltr' id='par_1_76' title="bbox 441 4159 842 4218">
     <span class='ocr_line' id='line_1_76' title="bbox 441 4159 842 4218; baseline -0.007 0"><span class='ocrx_word' id='word_1_555' title='bbox 441 4162 614 4218; x_wconf 89' lang='lat' dir='ltr'><strong>tutior</strong></span> <span class='ocrx_word' id='word_1_556' title='bbox 647 4159 842 4216; x_wconf 89' lang='lat' dir='ltr'><strong>initur.</strong></span> 
     </span>
    </p>
   </div>
   <div class='ocr_carea' id='block_1_77' title="bbox 513 4513 2023 4590">
    <p class='ocr_par' dir='ltr' id='par_1_77' title="bbox 513 4513 2023 4590">
     <span class='ocr_line' id='line_1_77' title="bbox 513 4513 2023 4590; baseline -0.001 -15"><span class='ocrx_word' id='word_1_557' title='bbox 513 4519 637 4575; x_wconf 82' lang='grc'><strong>199.</strong></span> <span class='ocrx_word' id='word_1_558' title='bbox 676 4515 870 4573; x_wconf 80' lang='lat' dir='ltr'><strong>Nonne</strong></span> <span class='ocrx_word' id='word_1_559' title='bbox 915 4513 1122 4570; x_wconf 76' lang='lat' dir='ltr'><strong>audiSti</strong></span> <span class='ocrx_word' id='word_1_560' title='bbox 1169 4531 1424 4586; x_wconf 77' lang='lat' dir='ltr'><strong>magnum</strong></span> <span class='ocrx_word' id='word_1_561' title='bbox 1469 4516 1789 4590; x_wconf 78' lang='lat' dir='ltr'><strong>Magistrum</strong></span> <span class='ocrx_word' id='word_1_562' title='bbox 1835 4523 2023 4576; x_wconf 83' lang='lat' dir='ltr'><strong>dicen-</strong></span> 
     </span>
    </p>
   </div>
   <div class='ocr_carea' id='block_1_78' title="bbox 441 4607 2021 4681">
    <p class='ocr_par' dir='ltr' id='par_1_78' title="bbox 441 4607 2021 4681">
     <span class='ocr_line' id='line_1_78' title="bbox 441 4607 2021 4681; baseline 0.002 -17"><span class='ocrx_word' id='word_1_563' title='bbox 441 4620 547 4666; x_wconf 85' lang='lat' dir='ltr'><strong>tem</strong></span> <span class='ocrx_word' id='word_1_564' title='bbox 579 4631 592 4666; x_wconf 90' lang='lat'><strong>:</strong></span> <span class='ocrx_word' id='word_1_565' title='bbox 629 4629 647 4660; x_wconf 87' lang='grc' dir='ltr'><strong>ι</strong></span> <span class='ocrx_word' id='word_1_566' title='bbox 677 4607 901 4665; x_wconf 82' lang='lat' dir='ltr'><strong>Luceas</strong></span> <span class='ocrx_word' id='word_1_567' title='bbox 932 4625 1118 4664; x_wconf 87' lang='lat' dir='ltr'><strong>coram</strong></span> <span class='ocrx_word' id='word_1_568' title='bbox 1155 4609 1516 4667; x_wconf 87' lang='lat' dir='ltr'><strong>hominibus?</strong></span> <span class='ocrx_word' id='word_1_569' title='bbox 1552 4631 1571 4664; x_wconf 80' lang='grc' dir='ltr'><strong>ι</strong></span> <span class='ocrx_word' id='word_1_570' title='bbox 1613 4613 1704 4681; x_wconf 88' lang='lat' dir='ltr'><strong>qui</strong></span> <span class='ocrx_word' id='word_1_571' title='bbox 1729 4614 1940 4669; x_wconf 75' lang='lat' dir='ltr'><strong>scilicet</strong></span> <span class='ocrx_word' id='word_1_572' title='bbox 1969 4617 2021 4668; x_wconf 89' lang='lat' dir='ltr'><strong>in</strong></span> 
     </span>
    </p>
   </div>
   <div class='ocr_carea' id='block_1_79' title="bbox 439 4702 2025 4775">
    <p class='ocr_par' dir='ltr' id='par_1_79' title="bbox 439 4702 2025 4775">
     <span class='ocr_line' id='line_1_79' title="bbox 439 4702 2025 4775; baseline 0.004 -20"><span class='ocrx_word' id='word_1_573' title='bbox 439 4702 862 4772; x_wconf 80' lang='lat' dir='ltr'><strong>angiportnbus,</strong></span> <span class='ocrx_word' id='word_1_574' title='bbox 896 4708 952 4756; x_wconf 89' lang='lat' dir='ltr'><strong>et</strong></span> <span class='ocrx_word' id='word_1_575' title='bbox 982 4702 1035 4756; x_wconf 93' lang='lat' dir='ltr'><strong>in</strong></span> <span class='ocrx_word' id='word_1_576' title='bbox 1069 4702 1172 4758; x_wconf 86' lang='lat' dir='ltr'><strong>viis</strong></span> <span class='ocrx_word' id='word_1_577' title='bbox 1213 4705 1476 4770; x_wconf 87' lang='lat' dir='ltr'><strong>versaris,</strong></span> <span class='ocrx_word' id='word_1_578' title='bbox 1508 4705 1602 4774; x_wconf 88' lang='lat' dir='ltr'><strong>qui</strong></span> <span class='ocrx_word' id='word_1_579' title='bbox 1659 4706 1711 4758; x_wconf 91' lang='lat' dir='ltr'><strong>in</strong></span> <span class='ocrx_word' id='word_1_580' title='bbox 1765 4709 2025 4775; x_wconf 81' lang='lat' dir='ltr'><strong>procellis</strong></span> 
     </span>
    </p>
   </div>
   <div class='ocr_carea' id='block_1_80' title="bbox 435 4793 2025 4864">
    <p class='ocr_par' dir='ltr' id='par_1_80' title="bbox 435 4793 2025 4864">
     <span class='ocr_line' id='line_1_80' title="bbox 435 4793 2025 4864; baseline 0.004 -16"><span class='ocrx_word' id='word_1_581' title='bbox 435 4793 592 4863; x_wconf 82' lang='lat' dir='ltr'><strong>juxta</strong></span> <span class='ocrx_word' id='word_1_582' title='bbox 620 4803 824 4847; x_wconf 87' lang='lat' dir='ltr'><strong>terram</strong></span> <span class='ocrx_word' id='word_1_583' title='bbox 855 4796 1149 4849; x_wconf 86' lang='lat' dir='ltr'><strong>commotis</strong></span> <span class='ocrx_word' id='word_1_584' title='bbox 1180 4795 1430 4864; x_wconf 78' lang='lat' dir='ltr'><strong>agitaris.</strong></span> <span class='ocrx_word' id='word_1_585' title='bbox 1466 4796 1556 4852; x_wconf 90' lang='lat' dir='ltr'><strong>ubi</strong></span> <span class='ocrx_word' id='word_1_586' title='bbox 1597 4796 1899 4852; x_wconf 87' lang='lat' dir='ltr'><strong>timendum</strong></span> <span class='ocrx_word' id='word_1_587' title='bbox 1939 4808 2025 4854; x_wconf 81' lang='lat' dir='ltr'><strong>est</strong></span> 
     </span>
    </p>
   </div>
   <div class='ocr_carea' id='block_1_81' title="bbox 441 4882 2018 4943">
    <p class='ocr_par' dir='ltr' id='par_1_81' title="bbox 441 4882 2018 4943">
     <span class='ocr_line' id='line_1_81' title="bbox 441 4882 2018 4943; baseline 0.004 -7"><span class='ocrx_word' id='word_1_588' title='bbox 441 4897 511 4937; x_wconf 89' lang='lat' dir='ltr'><strong>ne</strong></span> <span class='ocrx_word' id='word_1_589' title='bbox 548 4882 982 4940; x_wconf 85' lang='lat' dir='ltr'><strong>vehementiores</strong></span> <span class='ocrx_word' id='word_1_590' title='bbox 1013 4883 1157 4939; x_wconf 81' lang='lat' dir='ltr'><strong>venti</strong></span> <span class='ocrx_word' id='word_1_591' title='bbox 1195 4884 1480 4940; x_wconf 80' lang='lat' dir='ltr'><strong>codensati</strong></span> <span class='ocrx_word' id='word_1_592' title='bbox 1515 4885 1694 4940; x_wconf 89' lang='lat' dir='ltr'><strong>lucem</strong></span> <span class='ocrx_word' id='word_1_593' title='bbox 1745 4895 1893 4942; x_wconf 87' lang='lat' dir='ltr'><strong>tuam</strong></span> <span class='ocrx_word' id='word_1_594' title='bbox 1918 4903 2018 4943; x_wconf 73' lang='lat' dir='ltr'><strong>ex-</strong></span> 
     </span>
    </p>
   </div>
   <div class='ocr_carea' id='block_1_82' title="bbox 439 4974 2016 5046">
    <p class='ocr_par' dir='ltr' id='par_1_82' title="bbox 439 4974 2016 5046">
     <span class='ocr_line' id='line_1_82' title="bbox 439 4974 2016 5046; baseline 0.004 -16"><span class='ocrx_word' id='word_1_595' title='bbox 439 4974 879 5046; x_wconf 70' lang='lat' dir='ltr'><strong>stinguant;sed</strong></span> <span class='ocrx_word' id='word_1_596' title='bbox 914 4977 1094 5032; x_wconf 89' lang='lat' dir='ltr'><strong>luceat</strong></span> <span class='ocrx_word' id='word_1_597' title='bbox 1115 4977 1200 5031; x_wconf 79' lang='lat' dir='ltr'><strong>lux</strong></span> <span class='ocrx_word' id='word_1_598' title='bbox 1225 4985 1316 5030; x_wconf 89' lang='lat' dir='ltr'><strong>tua</strong></span> <span class='ocrx_word' id='word_1_599' title='bbox 1355 4993 1419 5032; x_wconf 76' lang='lat' dir='ltr'><strong>ex</strong></span> <span class='ocrx_word' id='word_1_600' title='bbox 1449 4977 1559 5032; x_wconf 84' lang='lat' dir='ltr'><strong>alto</strong></span> <span class='ocrx_word' id='word_1_601' title='bbox 1582 4978 1774 5038; x_wconf 85' lang='lat' dir='ltr'><strong>oculos</strong></span> <span class='ocrx_word' id='word_1_602' title='bbox 1813 4979 2016 5037; x_wconf 81' lang='lat' dir='ltr'><strong>feriens</strong></span> 
     </span>
    </p>
   </div>
   <div class='ocr_carea' id='block_1_83' title="bbox 442 5067 2016 5131">
    <p class='ocr_par' dir='ltr' id='par_1_83' title="bbox 442 5067 2016 5131">
     <span class='ocr_line' id='line_1_83' title="bbox 442 5067 2016 5131; baseline 0.004 -11"><span class='ocrx_word' id='word_1_603' title='bbox 442 5067 564 5120; x_wconf 80' lang='lat' dir='ltr'><strong>sine</strong></span> <span class='ocrx_word' id='word_1_604' title='bbox 595 5067 763 5131; x_wconf 88' lang='lat' dir='ltr'><strong>nube,</strong></span> <span class='ocrx_word' id='word_1_605' title='bbox 792 5067 912 5124; x_wconf 90' lang='lat' dir='ltr'><strong>sine</strong></span> <span class='ocrx_word' id='word_1_606' title='bbox 945 5067 1210 5124; x_wconf 77' lang='lat' dir='ltr'><strong>tenebris.</strong></span> <span class='ocrx_word' id='word_1_607' title='bbox 1246 5068 1338 5122; x_wconf 82' lang='lat' dir='ltr'><strong>Sic</strong></span> <span class='ocrx_word' id='word_1_608' title='bbox 1370 5069 1506 5123; x_wconf 83' lang='lat' dir='ltr'><strong>solis</strong></span> <span class='ocrx_word' id='word_1_609' title='bbox 1535 5070 1776 5128; x_wconf 81' lang='lat' dir='ltr'><strong>circulus</strong></span> <span class='ocrx_word' id='word_1_610' title='bbox 1808 5088 1916 5128; x_wconf 92' lang='lat' dir='ltr'><strong>non</strong></span> <span class='ocrx_word' id='word_1_611' title='bbox 1955 5091 2016 5130; x_wconf 89' lang='lat' dir='ltr'><strong>se</strong></span> 
     </span>
    </p>
   </div>
   <div class='ocr_carea' id='block_1_84' title="bbox 438 5159 2018 5229">
    <p class='ocr_par' dir='ltr' id='par_1_84' title="bbox 438 5159 2018 5229">
     <span class='ocr_line' id='line_1_84' title="bbox 438 5159 2018 5229; baseline 0.004 -15"><span class='ocrx_word' id='word_1_612' title='bbox 438 5173 502 5214; x_wconf 78' lang='lat' dir='ltr'><strong>ex</strong></span> <span class='ocrx_word' id='word_1_613' title='bbox 539 5159 650 5214; x_wconf 86' lang='lat' dir='ltr'><strong>alto</strong></span> <span class='ocrx_word' id='word_1_614' title='bbox 683 5159 924 5229; x_wconf 85' lang='lat' dir='ltr'><strong>projicit,</strong></span> <span class='ocrx_word' id='word_1_615' title='bbox 951 5160 1045 5216; x_wconf 88' lang='lat' dir='ltr'><strong>sed</strong></span> <span class='ocrx_word' id='word_1_616' title='bbox 1105 5160 1160 5213; x_wconf 91' lang='lat' dir='ltr'><strong>in</strong></span> <span class='ocrx_word' id='word_1_617' title='bbox 1195 5161 1428 5215; x_wconf 79' lang='lat' dir='ltr'><strong>exre‘sis</strong></span> <span class='ocrx_word' id='word_1_618' title='bbox 1459 5163 1652 5228; x_wconf 76' lang='lat' dir='ltr'><strong>fertur,</strong></span> <span class='ocrx_word' id='word_1_619' title='bbox 1694 5173 1749 5218; x_wconf 89' lang='lat' dir='ltr'><strong>et</strong></span> <span class='ocrx_word' id='word_1_620' title='bbox 1772 5165 2018 5220; x_wconf 80' lang='lat' dir='ltr'><strong>viviﬁcos</strong></span> 
     </span>
    </p>
   </div>
   <div class='ocr_carea' id='block_1_85' title="bbox 438 5249 2016 5319">
    <p class='ocr_par' dir='ltr' id='par_1_85' title="bbox 438 5249 2016 5319">
     <span class='ocr_line' id='line_1_85' title="bbox 438 5249 2016 5319; baseline 0.005 -19"><span class='ocrx_word' id='word_1_621' title='bbox 438 5249 622 5303; x_wconf 84' lang='lat' dir='ltr'><strong>radios</strong></span> <span class='ocrx_word' id='word_1_622' title='bbox 652 5250 870 5314; x_wconf 84' lang='lat' dir='ltr'><strong>emittit,</strong></span> <span class='ocrx_word' id='word_1_623' title='bbox 921 5265 1030 5304; x_wconf 91' lang='lat' dir='ltr'><strong>non</strong></span> <span class='ocrx_word' id='word_1_624' title='bbox 1079 5249 1256 5304; x_wconf 87' lang='lat' dir='ltr'><strong>solum</strong></span> <span class='ocrx_word' id='word_1_625' title='bbox 1287 5263 1472 5304; x_wconf 89' lang='lat' dir='ltr'><strong>coram</strong></span> <span class='ocrx_word' id='word_1_626' title='bbox 1527 5251 1864 5319; x_wconf 84' lang='lat' dir='ltr'><strong>hominibus,</strong></span> <span class='ocrx_word' id='word_1_627' title='bbox 1921 5255 2016 5310; x_wconf 81' lang='lat' dir='ltr'><strong>sed</strong></span> 
     </span>
    </p>
   </div>
   <div class='ocr_carea' id='block_1_86' title="bbox 443 5340 2012 5415">
    <p class='ocr_par' dir='ltr' id='par_1_86' title="bbox 443 5340 2012 5415">
     <span class='ocr_line' id='line_1_86' title="bbox 443 5340 2012 5415; baseline 0.007 -25"><span class='ocrx_word' id='word_1_628' title='bbox 443 5340 665 5411; x_wconf 87' lang='lat' dir='ltr'><strong>ubique,</strong></span> <span class='ocrx_word' id='word_1_629' title='bbox 687 5343 1035 5410; x_wconf 88' lang='lat' dir='ltr'><strong>sicutjussus</strong></span> <span class='ocrx_word' id='word_1_630' title='bbox 1055 5350 1162 5406; x_wconf 91' lang='lat' dir='ltr'><strong>est,</strong></span> <span class='ocrx_word' id='word_1_631' title='bbox 1209 5357 1332 5395; x_wconf 87' lang='lat' dir='ltr'><strong>cmn</strong></span> <span class='ocrx_word' id='word_1_632' title='bbox 1367 5345 1650 5410; x_wconf 79' lang='lat' dir='ltr'><strong>majestate</strong></span> <span class='ocrx_word' id='word_1_633' title='bbox 1681 5348 2012 5415; x_wconf 84' lang='lat' dir='ltr'><strong>resplendet,</strong></span> 
     </span>
    </p>
   </div>
   <div class='ocr_carea' id='block_1_87' title="bbox 441 5433 2019 5506">
    <p class='ocr_par' dir='ltr' id='par_1_87' title="bbox 441 5433 2019 5506">
     <span class='ocr_line' id='line_1_87' title="bbox 441 5433 2019 5506; baseline 0.006 -20"><span class='ocrx_word' id='word_1_634' title='bbox 441 5440 498 5486; x_wconf 85' lang='lat' dir='ltr'><strong>et</strong></span> <span class='ocrx_word' id='word_1_635' title='bbox 539 5433 688 5487; x_wconf 85' lang='lat' dir='ltr'><strong>acies</strong></span> <span class='ocrx_word' id='word_1_636' title='bbox 719 5434 1008 5488; x_wconf 88' lang='lat' dir='ltr'><strong>oculorum</strong></span> <span class='ocrx_word' id='word_1_637' title='bbox 1055 5434 1388 5488; x_wconf 83' lang='lat' dir='ltr'><strong>intuentium</strong></span> <span class='ocrx_word' id='word_1_638' title='bbox 1417 5450 1638 5490; x_wconf 88' lang='lat' dir='ltr'><strong>sursum</strong></span> <span class='ocrx_word' id='word_1_639' title='bbox 1669 5439 1892 5506; x_wconf 85' lang='lat' dir='ltr'><strong>attollit,</strong></span> <span class='ocrx_word' id='word_1_640' title='bbox 1921 5457 2019 5494; x_wconf 91' lang='lat' dir='ltr'><strong>un-</strong></span> 
     </span>
    </p>
   </div>
   <div class='ocr_carea' id='block_1_88' title="bbox 441 5521 2020 5596">
    <p class='ocr_par' dir='ltr' id='par_1_88' title="bbox 441 5521 2020 5596">
     <span class='ocr_line' id='line_1_88' title="bbox 441 5521 2020 5596; baseline 0.007 -19"><span class='ocrx_word' id='word_1_641' title='bbox 441 5521 606 5593; x_wconf 81' lang='lat' dir='ltr'><strong>dique</strong></span> <span class='ocrx_word' id='word_1_642' title='bbox 631 5525 1096 5596; x_wconf 85' lang='lat' dir='ltr'><strong>clrcumspicitnr.</strong></span> <span class='ocrx_word' id='word_1_643' title='bbox 1137 5525 1229 5582; x_wconf 91' lang='lat' dir='ltr'><strong>Sic</strong></span> <span class='ocrx_word' id='word_1_644' title='bbox 1255 5527 1399 5583; x_wconf 89' lang='lat' dir='ltr'><strong>lucet</strong></span> <span class='ocrx_word' id='word_1_645' title='bbox 1427 5539 1480 5584; x_wconf 93' lang='lat' dir='ltr'><strong>et</strong></span> <span class='ocrx_word' id='word_1_646' title='bbox 1512 5529 1639 5583; x_wconf 90' lang='lat' dir='ltr'><strong>luna</strong></span> <span class='ocrx_word' id='word_1_647' title='bbox 1665 5531 1835 5586; x_wconf 87' lang='lat' dir='ltr'><strong>solem</strong></span> <span class='ocrx_word' id='word_1_648' title='bbox 1857 5547 2020 5587; x_wconf 70' lang='lat' dir='ltr'><strong>temu-</strong></span> 
     </span>
    </p>
   </div>
   <div class='ocr_carea' id='block_1_89' title="bbox 520 5753 1005 5822">
    <p class='ocr_par' dir='ltr' id='par_1_89' title="bbox 520 5753 1005 5822">
     <span class='ocr_line' id='line_1_89' title="bbox 520 5753 1005 5822; baseline 0.014 -17"><span class='ocrx_word' id='word_1_649' title='bbox 520 5754 562 5783; x_wconf 73' lang='grc' dir='ltr'><strong>ιι</strong></span> <span class='ocrx_word' id='word_1_650' title='bbox 601 5753 787 5809; x_wconf 74' lang='lat' dir='ltr'><strong>Matth.</strong></span> <span class='ocrx_word' id='word_1_651' title='bbox 830 5772 879 5822; x_wconf 72' lang='grc' dir='ltr'><strong>ν,</strong></span> <span class='ocrx_word' id='word_1_652' title='bbox 920 5760 1005 5812; x_wconf 78' lang='grc' dir='ltr'><strong>ιδ.</strong></span> 
     </span>
    </p>
   </div>
   <div class='ocr_carea' id='block_1_90' title="bbox 2131 3147 3714 3226">
    <p class='ocr_par' dir='ltr' id='par_1_90' title="bbox 2131 3147 3714 3226">
     <span class='ocr_line' id='line_1_90' title="bbox 2131 3147 3714 3226; baseline -0.006 -18"><span class='ocrx_word' id='word_1_653' title='bbox 2131 3155 2218 3219; x_wconf 87' lang='grc' dir='ltr'><strong>είς</strong></span> <span class='ocrx_word' id='word_1_654' title='bbox 2256 3155 2324 3225; x_wconf 76' lang='grc' dir='ltr'><strong>ἢν</strong></span> <span class='ocrx_word' id='word_1_655' title='bbox 2373 3153 2658 3226; x_wconf 70' lang='grc' dir='ltr'><strong>ἡτοιαύτη</strong></span> <span class='ocrx_word' id='word_1_656' title='bbox 2707 3151 2805 3218; x_wconf 73' lang='grc' dir='ltr'><strong>νὺξ</strong></span> <span class='ocrx_word' id='word_1_657' title='bbox 2844 3149 3208 3221; x_wconf 77' lang='grc' dir='ltr'><strong>ἀποτελευτᾷ,</strong></span> <span class='ocrx_word' id='word_1_658' title='bbox 3250 3147 3714 3220; x_wconf 70' lang='grc' dir='ltr'><strong>παρῤησιὰζουσα</strong></span> 
     </span>
    </p>
   </div>
   <div class='ocr_carea' id='block_1_91' title="bbox 2131 3239 3714 3316">
    <p class='ocr_par' dir='ltr' id='par_1_91' title="bbox 2131 3239 3714 3316">
     <span class='ocr_line' id='line_1_91' title="bbox 2131 3239 3714 3316; baseline -0.006 -17"><span class='ocrx_word' id='word_1_659' title='bbox 2131 3245 2223 3299; x_wconf 88' lang='grc' dir='ltr'><strong>τδν</strong></span> <span class='ocrx_word' id='word_1_660' title='bbox 2257 3244 2516 3316; x_wconf 82' lang='grc' dir='ltr'><strong>μοναχὸν,</strong></span> <span class='ocrx_word' id='word_1_661' title='bbox 2551 3245 2651 3316; x_wconf 77' lang='grc' dir='ltr'><strong>οὐχ</strong></span> <span class='ocrx_word' id='word_1_662' title='bbox 2679 3241 2858 3307; x_wconf 78' lang='grc' dir='ltr'><strong>οὕτως</strong></span> <span class='ocrx_word' id='word_1_663' title='bbox 2894 3241 3106 3310; x_wconf 81' lang='grc' dir='ltr'><strong>ἁπλῶς,</strong></span> <span class='ocrx_word' id='word_1_664' title='bbox 3150 3241 3273 3310; x_wconf 76' lang='grc' dir='ltr'><strong>εἰκῆ</strong></span> <span class='ocrx_word' id='word_1_665' title='bbox 3319 3241 3414 3294; x_wconf 74' lang='grc' dir='ltr'><strong>καὶ</strong></span> <span class='ocrx_word' id='word_1_666' title='bbox 3443 3239 3628 3310; x_wconf 78' lang='grc' dir='ltr'><strong>μάτην</strong></span> <span class='ocrx_word' id='word_1_667' title='bbox 3656 3239 3714 3293; x_wconf 85' lang='lat' dir='ltr'><strong>tv</strong></span> 
     </span>
    </p>
   </div>
   <div class='ocr_carea' id='block_1_92' title="bbox 2129 3329 3710 3408">
    <p class='ocr_par' dir='ltr' id='par_1_92' title="bbox 2129 3329 3710 3408">
     <span class='ocr_line' id='line_1_92' title="bbox 2129 3329 3710 3408; baseline -0.006 -18"><span class='ocrx_word' id='word_1_668' title='bbox 2129 3335 2208 3408; x_wconf 85' lang='grc' dir='ltr'><strong>τῷ</strong></span> <span class='ocrx_word' id='word_1_669' title='bbox 2251 3336 2470 3406; x_wconf 85' lang='grc' dir='ltr'><strong>κόσμῳ,</strong></span> <span class='ocrx_word' id='word_1_670' title='bbox 2515 3336 2604 3391; x_wconf 75' lang='grc' dir='ltr'><strong>ἵνα</strong></span> <span class='ocrx_word' id='word_1_671' title='bbox 2632 3335 2780 3391; x_wconf 85' lang='grc' dir='ltr'><strong>καθά</strong></span> <span class='ocrx_word' id='word_1_672' title='bbox 2816 3335 2910 3389; x_wconf 75' lang='grc' dir='ltr'><strong>καὶ</strong></span> <span class='ocrx_word' id='word_1_673' title='bbox 2948 3333 3244 3405; x_wconf 85' lang='grc' dir='ltr'><strong>λυχνοῦχος</strong></span> <span class='ocrx_word' id='word_1_674' title='bbox 3281 3329 3710 3400; x_wconf 75' lang='grc' dir='ltr'><strong>παραϐεϐλημὲ-</strong></span> 
     </span>
    </p>
   </div>
   <div class='ocr_carea' id='block_1_93' title="bbox 2129 3425 3712 3498">
    <p class='ocr_par' dir='ltr' id='par_1_93' title="bbox 2129 3425 3712 3498">
     <span class='ocr_line' id='line_1_93' title="bbox 2129 3425 3712 3498; baseline -0.007 -14"><span class='ocrx_word' id='word_1_675' title='bbox 2129 3446 2218 3492; x_wconf 85' lang='grc' dir='ltr'><strong>νος</strong></span> <span class='ocrx_word' id='word_1_676' title='bbox 2261 3429 2435 3493; x_wconf 72' lang='grc' dir='ltr'><strong>οἴκοις</strong></span> <span class='ocrx_word' id='word_1_677' title='bbox 2466 3427 2772 3498; x_wconf 76' lang='grc' dir='ltr'><strong>ἀνθρώπων</strong></span> <span class='ocrx_word' id='word_1_678' title='bbox 2806 3427 3002 3498; x_wconf 80' lang='grc' dir='ltr'><strong>λάμπῃ</strong></span> <span class='ocrx_word' id='word_1_679' title='bbox 3033 3427 3090 3479; x_wconf 91' lang='lat' dir='ltr'><strong>tv</strong></span> <span class='ocrx_word' id='word_1_680' title='bbox 3111 3425 3445 3487; x_wconf 76' lang='grc' dir='ltr'><strong>ὀπτανείοις,</strong></span> <span class='ocrx_word' id='word_1_681' title='bbox 3485 3425 3546 3475; x_wconf 89' lang='lat' dir='ltr'><strong>tv</strong></span> <span class='ocrx_word' id='word_1_682' title='bbox 3575 3438 3712 3492; x_wconf 81' lang='grc' dir='ltr'><strong>τραο</strong></span> 
     </span>
    </p>
   </div>
   <div class='ocr_carea' id='block_1_94' title="bbox 2131 3510 3710 3585">
    <p class='ocr_par' dir='ltr' id='par_1_94' title="bbox 2131 3510 3710 3585">
     <span class='ocr_line' id='line_1_94' title="bbox 2131 3510 3710 3585; baseline -0.006 -12"><span class='ocrx_word' id='word_1_683' title='bbox 2131 3520 2346 3585; x_wconf 76' lang='grc' dir='ltr'><strong>πέξαις,</strong></span> <span class='ocrx_word' id='word_1_684' title='bbox 2370 3522 2428 3574; x_wconf 92' lang='lat' dir='ltr'><strong>tv</strong></span> <span class='ocrx_word' id='word_1_685' title='bbox 2460 3519 2782 3582; x_wconf 83' lang='grc' dir='ltr'><strong>συσσιτίοις,</strong></span> <span class='ocrx_word' id='word_1_686' title='bbox 2803 3520 2862 3572; x_wconf 88' lang='lat' dir='ltr'><strong>tv</strong></span> <span class='ocrx_word' id='word_1_687' title='bbox 2883 3515 3210 3579; x_wconf 81' lang='grc' dir='ltr'><strong>εἰλαπίναις,</strong></span> <span class='ocrx_word' id='word_1_688' title='bbox 3241 3516 3299 3568; x_wconf 83' lang='grc' dir='ltr'><strong>ὲν</strong></span> <span class='ocrx_word' id='word_1_689' title='bbox 3322 3513 3561 3584; x_wconf 70' lang='grc' dir='ltr'><strong>ἐράνοις·</strong></span> <span class='ocrx_word' id='word_1_690' title='bbox 3594 3510 3710 3564; x_wconf 78' lang='grc' dir='ltr'><strong>ἀλλ’</strong></span> 
     </span>
    </p>
   </div>
   <div class='ocr_carea' id='block_1_95' title="bbox 2133 3603 3710 3685">
    <p class='ocr_par' dir='ltr' id='par_1_95' title="bbox 2133 3603 3710 3685">
     <span class='ocr_line' id='line_1_95' title="bbox 2133 3603 3710 3685; baseline -0.007 -19"><span class='ocrx_word' id='word_1_691' title='bbox 2133 3613 2220 3666; x_wconf 84' lang='grc' dir='ltr'><strong>τνα</strong></span> <span class='ocrx_word' id='word_1_692' title='bbox 2251 3611 2675 3685; x_wconf 77' lang='grc' dir='ltr'><strong>ὲμπυρσεύηται</strong></span> <span class='ocrx_word' id='word_1_693' title='bbox 2709 3609 2818 3664; x_wconf 82' lang='grc' dir='ltr'><strong>ἀπὸ</strong></span> <span class='ocrx_word' id='word_1_694' title='bbox 2846 3609 2940 3664; x_wconf 86' lang='grc' dir='ltr'><strong>τοῦ</strong></span> <span class='ocrx_word' id='word_1_695' title='bbox 2972 3607 3084 3661; x_wconf 83' lang='grc' dir='ltr'><strong>τῶν</strong></span> <span class='ocrx_word' id='word_1_696' title='bbox 3114 3607 3312 3675; x_wconf 83' lang='grc' dir='ltr'><strong>φώτων</strong></span> <span class='ocrx_word' id='word_1_697' title='bbox 3346 3603 3578 3674; x_wconf 74' lang='grc' dir='ltr'><strong>πατρὸς,</strong></span> <span class='ocrx_word' id='word_1_698' title='bbox 3615 3604 3710 3657; x_wconf 76' lang='grc' dir='ltr'><strong>καὶ</strong></span> 
     </span>
    </p>
   </div>
   <div class='ocr_carea' id='block_1_96' title="bbox 2129 3696 3708 3772">
    <p class='ocr_par' dir='ltr' id='par_1_96' title="bbox 2129 3696 3708 3772">
     <span class='ocr_line' id='line_1_96' title="bbox 2129 3696 3708 3772; baseline -0.008 -14"><span class='ocrx_word' id='word_1_699' title='bbox 2129 3705 2344 3759; x_wconf 77' lang='grc' dir='ltr'><strong>ἐκεῖθεν</strong></span> <span class='ocrx_word' id='word_1_700' title='bbox 2371 3706 2447 3767; x_wconf 81' lang='grc' dir='ltr'><strong>είς</strong></span> <span class='ocrx_word' id='word_1_701' title='bbox 2472 3703 2586 3772; x_wconf 83' lang='grc' dir='ltr'><strong>φῶς</strong></span> <span class='ocrx_word' id='word_1_702' title='bbox 2613 3701 3056 3771; x_wconf 78' lang='grc' dir='ltr'><strong>ἐξαναπτόμενος</strong></span> <span class='ocrx_word' id='word_1_703' title='bbox 3082 3699 3364 3770; x_wconf 65' lang='grc' dir='ltr'><strong>ἐκλάμπῃ,</strong></span> <span class='ocrx_word' id='word_1_704' title='bbox 3394 3697 3491 3751; x_wconf 70' lang='grc' dir='ltr'><strong>καὶ</strong></span> <span class='ocrx_word' id='word_1_705' title='bbox 3519 3696 3708 3769; x_wconf 69' lang='grc' dir='ltr'><strong>φαίνῃ,</strong></span> 
     </span>
    </p>
   </div>
   <div class='ocr_carea' id='block_1_97' title="bbox 2128 3788 3708 3868">
    <p class='ocr_par' dir='ltr' id='par_1_97' title="bbox 2128 3788 3708 3868">
     <span class='ocr_line' id='line_1_97' title="bbox 2128 3788 3708 3868; baseline -0.007 -18"><span class='ocrx_word' id='word_1_706' title='bbox 2128 3801 2224 3850; x_wconf 78' lang='grc' dir='ltr'><strong>καὶ</strong></span> <span class='ocrx_word' id='word_1_707' title='bbox 2251 3796 2521 3868; x_wconf 81' lang='grc' dir='ltr'><strong>πυρσεύῃ·</strong></span> <span class='ocrx_word' id='word_1_708' title='bbox 2555 3795 2629 3858; x_wconf 85' lang='grc' dir='ltr'><strong>ὡς</strong></span> <span class='ocrx_word' id='word_1_709' title='bbox 2663 3795 2896 3866; x_wconf 84' lang='grc' dir='ltr'><strong>διήκειν,</strong></span> <span class='ocrx_word' id='word_1_710' title='bbox 2925 3794 2974 3846; x_wconf 88' lang='grc' dir='ltr'><strong>εἱ</strong></span> <span class='ocrx_word' id='word_1_711' title='bbox 3018 3793 3113 3845; x_wconf 76' lang='grc' dir='ltr'><strong>καὶ</strong></span> <span class='ocrx_word' id='word_1_712' title='bbox 3152 3790 3228 3860; x_wconf 82' lang='grc' dir='ltr'><strong>μὴ</strong></span> <span class='ocrx_word' id='word_1_713' title='bbox 3265 3788 3547 3859; x_wconf 81' lang='grc' dir='ltr'><strong>πανταχοῦ</strong></span> <span class='ocrx_word' id='word_1_714' title='bbox 3573 3789 3708 3841; x_wconf 84' lang='grc' dir='ltr'><strong>ἀπο·</strong></span> 
     </span>
    </p>
   </div>
   <div class='ocr_carea' id='block_1_98' title="bbox 2131 3876 3706 3954">
    <p class='ocr_par' dir='ltr' id='par_1_98' title="bbox 2131 3876 3706 3954">
     <span class='ocr_line' id='line_1_98' title="bbox 2131 3876 3706 3954; baseline -0.008 -14"><span class='ocrx_word' id='word_1_715' title='bbox 2131 3887 2414 3950; x_wconf 71' lang='grc' dir='ltr'><strong>στολικῶς,</strong></span> <span class='ocrx_word' id='word_1_716' title='bbox 2441 3887 2558 3940; x_wconf 77' lang='grc' dir='ltr'><strong>ἀλλ’</strong></span> <span class='ocrx_word' id='word_1_717' title='bbox 2577 3882 2671 3940; x_wconf 80' lang='grc' dir='ltr'><strong>οὖν</strong></span> <span class='ocrx_word' id='word_1_718' title='bbox 2695 3883 2968 3954; x_wconf 83' lang='grc' dir='ltr'><strong>πολλαχοῦ</strong></span> <span class='ocrx_word' id='word_1_719' title='bbox 2989 3883 3086 3951; x_wconf 81' lang='grc' dir='ltr'><strong>τῆς</strong></span> <span class='ocrx_word' id='word_1_720' title='bbox 3106 3881 3210 3951; x_wconf 81' lang='grc' dir='ltr'><strong>γῆς</strong></span> <span class='ocrx_word' id='word_1_721' title='bbox 3232 3880 3292 3933; x_wconf 77' lang='grc' dir='ltr'><strong>τὸ</strong></span> <span class='ocrx_word' id='word_1_722' title='bbox 3314 3883 3372 3933; x_wconf 84' lang='lat' dir='ltr'><strong>tv</strong></span> <span class='ocrx_word' id='word_1_723' title='bbox 3395 3878 3550 3948; x_wconf 83' lang='grc' dir='ltr'><strong>αύτῷ</strong></span> <span class='ocrx_word' id='word_1_724' title='bbox 3570 3876 3706 3947; x_wconf 75' lang='grc' dir='ltr'><strong>φῶς.</strong></span> 
     </span>
    </p>
   </div>
   <div class='ocr_carea' id='block_1_99' title="bbox 2133 3969 3712 4048">
    <p class='ocr_par' dir='ltr' id='par_1_99' title="bbox 2133 3969 3712 4048">
     <span class='ocr_line' id='line_1_99' title="bbox 2133 3969 3712 4048; baseline -0.009 -15"><span class='ocrx_word' id='word_1_725' title='bbox 2133 3983 2198 4032; x_wconf 89' lang='lat'><strong>&quot;0</strong></span> <span class='ocrx_word' id='word_1_726' title='bbox 2234 3980 2298 4048; x_wconf 82' lang='grc' dir='ltr'><strong>δὴ</strong></span> <span class='ocrx_word' id='word_1_727' title='bbox 2331 3979 2428 4032; x_wconf 75' lang='grc' dir='ltr'><strong>καὶ</strong></span> <span class='ocrx_word' id='word_1_728' title='bbox 2467 3981 2525 4031; x_wconf 89' lang='lat' dir='ltr'><strong>tv</strong></span> <span class='ocrx_word' id='word_1_729' title='bbox 2563 3981 2672 4040; x_wconf 82' lang='grc' dir='ltr'><strong>τοῖς</strong></span> <span class='ocrx_word' id='word_1_730' title='bbox 2709 3975 3145 4048; x_wconf 71' lang='grc' dir='ltr'><strong>πυρσευομένοις</strong></span> <span class='ocrx_word' id='word_1_731' title='bbox 3190 3973 3381 4041; x_wconf 82' lang='grc' dir='ltr'><strong>φανοῖς</strong></span> <span class='ocrx_word' id='word_1_732' title='bbox 3413 3969 3574 4024; x_wconf 70' lang='grc' dir='ltr'><strong>εἴωθε</strong></span> <span class='ocrx_word' id='word_1_733' title='bbox 3627 3970 3712 4037; x_wconf 84' lang='grc' dir='ltr'><strong>γί-</strong></span> 
     </span>
    </p>
   </div>
   <div class='ocr_carea' id='block_1_100' title="bbox 2126 4060 3712 4138">
    <p class='ocr_par' dir='ltr' id='par_1_100' title="bbox 2126 4060 3712 4138">
     <span class='ocr_line' id='line_1_100' title="bbox 2126 4060 3712 4138; baseline -0.009 -14"><span class='ocrx_word' id='word_1_734' title='bbox 2126 4070 2337 4134; x_wconf 86' lang='grc' dir='ltr'><strong>νεσθαι,</strong></span> <span class='ocrx_word' id='word_1_735' title='bbox 2357 4063 2431 4122; x_wconf 86' lang='grc' dir='ltr'><strong>ὧν</strong></span> <span class='ocrx_word' id='word_1_736' title='bbox 2466 4067 2857 4138; x_wconf 81' lang='grc' dir='ltr'><strong>ἐκλαμπόντων</strong></span> <span class='ocrx_word' id='word_1_737' title='bbox 2881 4062 3091 4119; x_wconf 80' lang='grc' dir='ltr'><strong>ἄνωθέν</strong></span> <span class='ocrx_word' id='word_1_738' title='bbox 3120 4061 3284 4115; x_wconf 85' lang='grc' dir='ltr'><strong>ποθεν</strong></span> <span class='ocrx_word' id='word_1_739' title='bbox 3315 4060 3495 4130; x_wconf 78' lang='grc' dir='ltr'><strong>ἔφοδοι</strong></span> <span class='ocrx_word' id='word_1_740' title='bbox 3521 4075 3584 4112; x_wconf 86' lang='grc' dir='ltr'><strong>τε</strong></span> <span class='ocrx_word' id='word_1_741' title='bbox 3617 4073 3712 4109; x_wconf 73' lang='grc' dir='ltr'><strong>πο·-</strong></span> 
     </span>
    </p>
   </div>
   <div class='ocr_carea' id='block_1_101' title="bbox 2127 4151 3710 4231">
    <p class='ocr_par' dir='ltr' id='par_1_101' title="bbox 2127 4151 3710 4231">
     <span class='ocr_line' id='line_1_101' title="bbox 2127 4151 3710 4231; baseline -0.009 -15"><span class='ocrx_word' id='word_1_742' title='bbox 2127 4163 2332 4231; x_wconf 79' lang='grc' dir='ltr'><strong>λεμίων</strong></span> <span class='ocrx_word' id='word_1_743' title='bbox 2363 4158 2806 4230; x_wconf 82' lang='grc' dir='ltr'><strong>καταμηνύονται</strong></span> <span class='ocrx_word' id='word_1_744' title='bbox 2823 4198 2840 4225; x_wconf 90' lang='grc'><strong>,</strong></span> <span class='ocrx_word' id='word_1_745' title='bbox 2881 4159 2976 4212; x_wconf 73' lang='grc' dir='ltr'><strong>καὶ</strong></span> <span class='ocrx_word' id='word_1_746' title='bbox 2999 4154 3218 4225; x_wconf 69' lang='grc' dir='ltr'><strong>λιμινες</strong></span> <span class='ocrx_word' id='word_1_747' title='bbox 3245 4153 3538 4221; x_wconf 80' lang='grc' dir='ltr'><strong>εὐάγκαλοι</strong></span> <span class='ocrx_word' id='word_1_748' title='bbox 3565 4151 3710 4222; x_wconf 83' lang='grc' dir='ltr'><strong>διερ-</strong></span> 
     </span>
    </p>
   </div>
   <div class='ocr_carea' id='block_1_102' title="bbox 2131 4242 3710 4324">
    <p class='ocr_par' dir='ltr' id='par_1_102' title="bbox 2131 4242 3710 4324">
     <span class='ocr_line' id='line_1_102' title="bbox 2131 4242 3710 4324; baseline -0.008 -17"><span class='ocrx_word' id='word_1_749' title='bbox 2131 4254 2474 4324; x_wconf 83' lang='grc' dir='ltr'><strong>μηνεύονται,</strong></span> <span class='ocrx_word' id='word_1_750' title='bbox 2510 4253 2606 4306; x_wconf 78' lang='grc' dir='ltr'><strong>καὶ</strong></span> <span class='ocrx_word' id='word_1_751' title='bbox 2652 4251 2863 4324; x_wconf 83' lang='grc' dir='ltr'><strong>βράχεα</strong></span> <span class='ocrx_word' id='word_1_752' title='bbox 2907 4247 3205 4318; x_wconf 79' lang='grc' dir='ltr'><strong>κινδυνώδη</strong></span> <span class='ocrx_word' id='word_1_753' title='bbox 3254 4245 3351 4300; x_wconf 79' lang='grc' dir='ltr'><strong>καὶ</strong></span> <span class='ocrx_word' id='word_1_754' title='bbox 3389 4244 3581 4316; x_wconf 82' lang='grc' dir='ltr'><strong>ραχίαι</strong></span> <span class='ocrx_word' id='word_1_755' title='bbox 3620 4242 3710 4296; x_wconf 81' lang='grc' dir='ltr'><strong>καὶ</strong></span> 
     </span>
    </p>
   </div>
   <div class='ocr_carea' id='block_1_103' title="bbox 2128 4331 3708 4409">
    <p class='ocr_par' dir='ltr' id='par_1_103' title="bbox 2128 4331 3708 4409">
     <span class='ocr_line' id='line_1_103' title="bbox 2128 4331 3708 4409; baseline -0.008 -13"><span class='ocrx_word' id='word_1_756' title='bbox 2128 4344 2382 4409; x_wconf 78' lang='grc' dir='ltr'><strong>σπιλάδες</strong></span> <span class='ocrx_word' id='word_1_757' title='bbox 2471 4343 2853 4406; x_wconf 82' lang='grc' dir='ltr'><strong>ἐκκλίνονται,</strong></span> <span class='ocrx_word' id='word_1_758' title='bbox 2928 4340 3021 4393; x_wconf 76' lang='grc' dir='ltr'><strong>καὶ</strong></span> <span class='ocrx_word' id='word_1_759' title='bbox 3094 4338 3311 4408; x_wconf 75' lang='grc' dir='ltr'><strong>ἑτεροῖα</strong></span> <span class='ocrx_word' id='word_1_760' title='bbox 3392 4331 3708 4404; x_wconf 76' lang='grc' dir='ltr'><strong>σωτηριώδη</strong></span> 
     </span>
    </p>
   </div>
   <div class='ocr_carea' id='block_1_104' title="bbox 2056 4435 2357 4505">
    <p class='ocr_par' dir='ltr' id='par_1_104' title="bbox 2056 4435 2357 4505">
     <span class='ocr_line' id='line_1_104' title="bbox 2056 4435 2357 4505; baseline -0.003 -15"><span class='ocrx_word' id='word_1_761' title='bbox 2056 4435 2098 4490; x_wconf 90' lang='lat' dir='ltr'><strong>D</strong></span> <span class='ocrx_word' id='word_1_762' title='bbox 2130 4437 2357 4505; x_wconf 81' lang='grc' dir='ltr'><strong>γίνεται.</strong></span> 
     </span>
    </p>
   </div>
   <div class='ocr_carea' id='block_1_105' title="bbox 2201 4517 3704 4599">
    <p class='ocr_par' dir='ltr' id='par_1_105' title="bbox 2201 4517 3704 4599">
     <span class='ocr_line' id='line_1_105' title="bbox 2201 4517 3704 4599; baseline -0.01 -17"><span class='ocrx_word' id='word_1_763' title='bbox 2201 4529 2341 4599; x_wconf 56' lang='grc' dir='ltr'><strong>ριιθκ</strong></span> <span class='ocrx_word' id='word_1_764' title='bbox 2375 4530 2491 4584; x_wconf 77' lang='grc' dir='ltr'><strong>Οὐκ</strong></span> <span class='ocrx_word' id='word_1_765' title='bbox 2538 4528 2783 4599; x_wconf 65' lang='grc' dir='ltr'><strong>ἡκούσας</strong></span> <span class='ocrx_word' id='word_1_766' title='bbox 2812 4527 2875 4579; x_wconf 66' lang='lat' dir='ltr'><strong>tr:</strong></span> <span class='ocrx_word' id='word_1_767' title='bbox 2919 4523 3016 4578; x_wconf 88' lang='grc' dir='ltr'><strong>τοῦ</strong></span> <span class='ocrx_word' id='word_1_768' title='bbox 3061 4520 3326 4593; x_wconf 79' lang='grc' dir='ltr'><strong>μεγίστου</strong></span> <span class='ocrx_word' id='word_1_769' title='bbox 3357 4517 3704 4572; x_wconf 79' lang='grc' dir='ltr'><strong>διδασκάλου·</strong></span> 
     </span>
    </p>
   </div>
   <div class='ocr_carea' id='block_1_106' title="bbox 2131 4608 3709 4692">
    <p class='ocr_par' dir='ltr' id='par_1_106' title="bbox 2131 4608 3709 4692">
     <span class='ocr_line' id='line_1_106' title="bbox 2131 4608 3709 4692; baseline -0.009 -18"><span class='ocrx_word' id='word_1_770' title='bbox 2131 4643 2149 4674; x_wconf 83' lang='grc' dir='ltr'><strong>ι</strong></span> <span class='ocrx_word' id='word_1_771' title='bbox 2181 4622 2411 4692; x_wconf 74' lang='grc' dir='ltr'><strong>Λάμψον</strong></span> <span class='ocrx_word' id='word_1_772' title='bbox 2433 4621 2745 4691; x_wconf 76' lang='grc' dir='ltr'><strong>ἔμπροσθεν</strong></span> <span class='ocrx_word' id='word_1_773' title='bbox 2770 4618 2882 4671; x_wconf 84' lang='grc' dir='ltr'><strong>τῶν</strong></span> <span class='ocrx_word' id='word_1_774' title='bbox 2904 4615 3245 4684; x_wconf 74' lang='grc' dir='ltr'><strong>ἀνθρώπωνς</strong></span> <span class='ocrx_word' id='word_1_775' title='bbox 3271 4630 3290 4664; x_wconf 73' lang='grc' dir='ltr'><strong>ι</strong></span> <span class='ocrx_word' id='word_1_776' title='bbox 3317 4610 3481 4673; x_wconf 73' lang='grc' dir='ltr'><strong>αὐτὸς</strong></span> <span class='ocrx_word' id='word_1_777' title='bbox 3509 4608 3709 4679; x_wconf 75' lang='grc' dir='ltr'><strong>δηλαδὴ</strong></span> 
     </span>
    </p>
   </div>
   <div class='ocr_carea' id='block_1_107' title="bbox 2125 4697 3711 4776">
    <p class='ocr_par' dir='ltr' id='par_1_107' title="bbox 2125 4697 3711 4776">
     <span class='ocr_line' id='line_1_107' title="bbox 2125 4697 3711 4776; baseline -0.009 -13"><span class='ocrx_word' id='word_1_778' title='bbox 2125 4711 2184 4763; x_wconf 89' lang='lat' dir='ltr'><strong>tv</strong></span> <span class='ocrx_word' id='word_1_779' title='bbox 2229 4709 2527 4770; x_wconf 81' lang='grc' dir='ltr'><strong>στενωποῖς</strong></span> <span class='ocrx_word' id='word_1_780' title='bbox 2573 4710 2670 4760; x_wconf 82' lang='grc' dir='ltr'><strong>καὶ</strong></span> <span class='ocrx_word' id='word_1_781' title='bbox 2723 4705 3023 4776; x_wconf 79' lang='grc' dir='ltr'><strong>λεωφόροις</strong></span> <span class='ocrx_word' id='word_1_782' title='bbox 3072 4700 3570 4772; x_wconf 74' lang='grc' dir='ltr'><strong>ἀναστρεφόμενος,</strong></span> <span class='ocrx_word' id='word_1_783' title='bbox 3618 4697 3711 4750; x_wconf 78' lang='grc' dir='ltr'><strong>καὶ</strong></span> 
     </span>
    </p>
   </div>
   <div class='ocr_carea' id='block_1_108' title="bbox 2124 4789 3707 4871">
    <p class='ocr_par' dir='ltr' id='par_1_108' title="bbox 2124 4789 3707 4871">
     <span class='ocr_line' id='line_1_108' title="bbox 2124 4789 3707 4871; baseline -0.008 -18"><span class='ocrx_word' id='word_1_784' title='bbox 2124 4793 2243 4863; x_wconf 75' lang='grc' dir='ltr'><strong>ταῖς</strong></span> <span class='ocrx_word' id='word_1_785' title='bbox 2276 4799 2406 4871; x_wconf 76' lang='grc' dir='ltr'><strong>περὶ</strong></span> <span class='ocrx_word' id='word_1_786' title='bbox 2452 4798 2557 4866; x_wconf 79' lang='grc' dir='ltr'><strong>γῆν</strong></span> <span class='ocrx_word' id='word_1_787' title='bbox 2604 4795 2854 4858; x_wconf 82' lang='grc' dir='ltr'><strong>θυέλλαις</strong></span> <span class='ocrx_word' id='word_1_788' title='bbox 2893 4794 3296 4864; x_wconf 75' lang='grc' dir='ltr'><strong>ὲνειλούμενος,</strong></span> <span class='ocrx_word' id='word_1_789' title='bbox 3343 4790 3474 4844; x_wconf 75' lang='grc' dir='ltr'><strong>ἔνθα</strong></span> <span class='ocrx_word' id='word_1_790' title='bbox 3521 4789 3707 4858; x_wconf 78' lang='grc' dir='ltr'><strong>φόϐος,</strong></span> 
     </span>
    </p>
   </div>
   <div class='ocr_carea' id='block_1_109' title="bbox 2130 4881 3709 4963">
    <p class='ocr_par' dir='ltr' id='par_1_109' title="bbox 2130 4881 3709 4963">
     <span class='ocr_line' id='line_1_109' title="bbox 2130 4881 3709 4963; baseline -0.009 -17"><span class='ocrx_word' id='word_1_791' title='bbox 2130 4893 2344 4963; x_wconf 78' lang='grc' dir='ltr'><strong>μήποτε</strong></span> <span class='ocrx_word' id='word_1_792' title='bbox 2376 4890 2817 4955; x_wconf 74' lang='grc' dir='ltr'><strong>διαυλωνίζοντες</strong></span> <span class='ocrx_word' id='word_1_793' title='bbox 2858 4888 3203 4957; x_wconf 78' lang='grc' dir='ltr'><strong>ἀσύμμετροι</strong></span> <span class='ocrx_word' id='word_1_794' title='bbox 3244 4885 3438 4954; x_wconf 78' lang='grc' dir='ltr'><strong>ἄνεμοι</strong></span> <span class='ocrx_word' id='word_1_795' title='bbox 3468 4881 3709 4936; x_wconf 75' lang='grc' dir='ltr'><strong>ἅποσῦέ-</strong></span> 
     </span>
    </p>
   </div>
   <div class='ocr_carea' id='block_1_110' title="bbox 2127 4974 3705 5052">
    <p class='ocr_par' dir='ltr' id='par_1_110' title="bbox 2127 4974 3705 5052">
     <span class='ocr_line' id='line_1_110' title="bbox 2127 4974 3705 5052; baseline -0.008 -14"><span class='ocrx_word' id='word_1_796' title='bbox 2127 4984 2341 5038; x_wconf 83' lang='grc' dir='ltr'><strong>σωσιτδ</strong></span> <span class='ocrx_word' id='word_1_797' title='bbox 2363 4985 2422 5039; x_wconf 82' lang='lat' dir='ltr'><strong>tv</strong></span> <span class='ocrx_word' id='word_1_798' title='bbox 2448 4986 2532 5038; x_wconf 83' lang='grc' dir='ltr'><strong>σο¹ι</strong></span> <span class='ocrx_word' id='word_1_799' title='bbox 2559 4983 2696 5052; x_wconf 77' lang='grc' dir='ltr'><strong>φῶςο</strong></span> <span class='ocrx_word' id='word_1_800' title='bbox 2731 4981 2868 5036; x_wconf 79' lang='grc' dir='ltr'><strong>ἀλλὰ</strong></span> <span class='ocrx_word' id='word_1_801' title='bbox 2903 4977 3171 5049; x_wconf 78' lang='grc' dir='ltr'><strong>λαμψάτω</strong></span> <span class='ocrx_word' id='word_1_802' title='bbox 3191 4977 3250 5030; x_wconf 69' lang='grc' dir='ltr'><strong>τὸ</strong></span> <span class='ocrx_word' id='word_1_803' title='bbox 3276 4977 3391 5042; x_wconf 83' lang='grc' dir='ltr'><strong>φῶς</strong></span> <span class='ocrx_word' id='word_1_804' title='bbox 3415 4992 3536 5041; x_wconf 87' lang='grc' dir='ltr'><strong>σου,</strong></span> <span class='ocrx_word' id='word_1_805' title='bbox 3567 4974 3705 5028; x_wconf 78' lang='grc' dir='ltr'><strong>ἄνω·</strong></span> 
     </span>
    </p>
   </div>
   <div class='ocr_carea' id='block_1_111' title="bbox 2127 5069 3703 5147">
    <p class='ocr_par' dir='ltr' id='par_1_111' title="bbox 2127 5069 3703 5147">
     <span class='ocr_line' id='line_1_111' title="bbox 2127 5069 3703 5147; baseline -0.006 -19"><span class='ocrx_word' id='word_1_806' title='bbox 2127 5077 2219 5129; x_wconf 87' lang='grc' dir='ltr'><strong>θεν</strong></span> <span class='ocrx_word' id='word_1_807' title='bbox 2248 5075 2788 5147; x_wconf 73' lang='grc' dir='ltr'><strong>ἀκτινοϐολούμενον,</strong></span> <span class='ocrx_word' id='word_1_808' title='bbox 2826 5071 3090 5142; x_wconf 69' lang='grc' dir='ltr'><strong>ἀνέφελον</strong></span> <span class='ocrx_word' id='word_1_809' title='bbox 3129 5071 3224 5123; x_wconf 75' lang='grc' dir='ltr'><strong>καὶ</strong></span> <span class='ocrx_word' id='word_1_810' title='bbox 3253 5069 3703 5136; x_wconf 77' lang='grc' dir='ltr'><strong>ἀνεπισκότητον.</strong></span> 
     </span>
    </p>
   </div>
   <div class='ocr_carea' id='block_1_112' title="bbox 2127 5159 3705 5236">
    <p class='ocr_par' dir='ltr' id='par_1_112' title="bbox 2127 5159 3705 5236">
     <span class='ocr_line' id='line_1_112' title="bbox 2127 5159 3705 5236; baseline -0.006 -15"><span class='ocrx_word' id='word_1_811' title='bbox 2127 5166 2286 5222; x_wconf 77' lang='grc' dir='ltr'><strong>Οὕτω</strong></span> <span class='ocrx_word' id='word_1_812' title='bbox 2308 5169 2401 5221; x_wconf 79' lang='grc' dir='ltr'><strong>καὶ</strong></span> <span class='ocrx_word' id='word_1_813' title='bbox 2433 5167 2585 5236; x_wconf 77' lang='grc' dir='ltr'><strong>ἡλίου</strong></span> <span class='ocrx_word' id='word_1_814' title='bbox 2615 5167 2800 5230; x_wconf 82' lang='grc' dir='ltr'><strong>δίσκος</strong></span> <span class='ocrx_word' id='word_1_815' title='bbox 2832 5166 2891 5220; x_wconf 79' lang='grc' dir='ltr'><strong>ού</strong></span> <span class='ocrx_word' id='word_1_816' title='bbox 2924 5163 3316 5234; x_wconf 82' lang='grc' dir='ltr'><strong>καταρρίπτων</strong></span> <span class='ocrx_word' id='word_1_817' title='bbox 3344 5161 3540 5213; x_wconf 73' lang='grc' dir='ltr'><strong>ἑαυτὸν</strong></span> <span class='ocrx_word' id='word_1_818' title='bbox 3567 5159 3705 5213; x_wconf 76' lang='grc' dir='ltr'><strong>ἀνω-</strong></span> 
     </span>
    </p>
   </div>
   <div class='ocr_carea' id='block_1_113' title="bbox 2127 5253 3720 5330">
    <p class='ocr_par' dir='ltr' id='par_1_113' title="bbox 2127 5253 3720 5330">
     <span class='ocr_line' id='line_1_113' title="bbox 2127 5253 3720 5330; baseline -0.005 -18"><span class='ocrx_word' id='word_1_819' title='bbox 2127 5259 2238 5322; x_wconf 76' lang='grc' dir='ltr'><strong>θεν,</strong></span> <span class='ocrx_word' id='word_1_820' title='bbox 2287 5259 2403 5312; x_wconf 79' lang='grc' dir='ltr'><strong>ἀλλ’</strong></span> <span class='ocrx_word' id='word_1_821' title='bbox 2455 5258 2591 5328; x_wconf 70' lang='grc' dir='ltr'><strong>ὑψοῦ</strong></span> <span class='ocrx_word' id='word_1_822' title='bbox 2631 5259 2923 5330; x_wconf 86' lang='grc' dir='ltr'><strong>διφρεύων,</strong></span> <span class='ocrx_word' id='word_1_823' title='bbox 2957 5258 3181 5320; x_wconf 80' lang='grc' dir='ltr'><strong>ἀκτῖνας</strong></span> <span class='ocrx_word' id='word_1_824' title='bbox 3219 5253 3523 5308; x_wconf 54' lang='lat' dir='ltr'><strong>suanm“</strong></span> <span class='ocrx_word' id='word_1_825' title='bbox 3569 5253 3720 5317; x_wconf 70' lang='grc' dir='ltr'><strong>ζωοο»</strong></span> 
     </span>
    </p>
   </div>
   <div class='ocr_carea' id='block_1_114' title="bbox 2127 5342 3706 5422">
    <p class='ocr_par' dir='ltr' id='par_1_114' title="bbox 2127 5342 3706 5422">
     <span class='ocr_line' id='line_1_114' title="bbox 2127 5342 3706 5422; baseline -0.014 -8"><span class='ocrx_word' id='word_1_826' title='bbox 2127 5350 2340 5418; x_wconf 60' lang='grc' dir='ltr'><strong>γόνους</strong></span> <span class='ocrx_word' id='word_1_827' title='bbox 2372 5350 2430 5402; x_wconf 81' lang='grc' dir='ltr'><strong>οὗ</strong></span> <span class='ocrx_word' id='word_1_828' title='bbox 2483 5351 2642 5421; x_wconf 88' lang='grc' dir='ltr'><strong>μόνον</strong></span> <span class='ocrx_word' id='word_1_829' title='bbox 2689 5351 3004 5422; x_wconf 78' lang='grc' dir='ltr'><strong>ἔμπροσθεν</strong></span> <span class='ocrx_word' id='word_1_830' title='bbox 3053 5349 3380 5420; x_wconf 82' lang='grc' dir='ltr'><strong>ἀνθρώπων,</strong></span> <span class='ocrx_word' id='word_1_831' title='bbox 3434 5344 3574 5397; x_wconf 78' lang='grc' dir='ltr'><strong>ἀλλὰ</strong></span> <span class='ocrx_word' id='word_1_832' title='bbox 3615 5342 3706 5395; x_wconf 80' lang='grc' dir='ltr'><strong>καὶ</strong></span> 
     </span>
    </p>
   </div>
   <div class='ocr_carea' id='block_1_115' title="bbox 2129 5436 3703 5514">
    <p class='ocr_par' dir='ltr' id='par_1_115' title="bbox 2129 5436 3703 5514">
     <span class='ocr_line' id='line_1_115' title="bbox 2129 5436 3703 5514; baseline -0.002 -19"><span class='ocrx_word' id='word_1_833' title='bbox 2129 5444 2405 5514; x_wconf 85' lang='grc' dir='ltr'><strong>πανταχῆ,</strong></span> <span class='ocrx_word' id='word_1_834' title='bbox 2444 5443 2572 5498; x_wconf 75' lang='grc' dir='ltr'><strong>ἔνθα</strong></span> <span class='ocrx_word' id='word_1_835' title='bbox 2618 5446 2990 5510; x_wconf 81' lang='grc' dir='ltr'><strong>κεκέλευσται,</strong></span> <span class='ocrx_word' id='word_1_836' title='bbox 3036 5440 3421 5514; x_wconf 74' lang='grc' dir='ltr'><strong>ἀξιωματικῶς</strong></span> <span class='ocrx_word' id='word_1_837' title='bbox 3451 5436 3703 5508; x_wconf 74' lang='grc' dir='ltr'><strong>παμφαί·</strong></span> 
     </span>
    </p>
   </div>
   <div class='ocr_carea' id='block_1_116' title="bbox 2129 5530 3699 5609">
    <p class='ocr_par' dir='ltr' id='par_1_116' title="bbox 2129 5530 3699 5609">
     <span class='ocr_line' id='line_1_116' title="bbox 2129 5530 3699 5609; baseline -0.004 -19"><span class='ocrx_word' id='word_1_838' title='bbox 2129 5554 2258 5602; x_wconf 86' lang='grc' dir='ltr'><strong>νων,</strong></span> <span class='ocrx_word' id='word_1_839' title='bbox 2285 5539 2379 5592; x_wconf 74' lang='grc' dir='ltr'><strong>καὶ</strong></span> <span class='ocrx_word' id='word_1_840' title='bbox 2406 5536 2504 5603; x_wconf 83' lang='grc' dir='ltr'><strong>τὰς</strong></span> <span class='ocrx_word' id='word_1_841' title='bbox 2528 5539 2635 5593; x_wconf 85' lang='grc' dir='ltr'><strong>τῶν</strong></span> <span class='ocrx_word' id='word_1_842' title='bbox 2660 5539 2965 5609; x_wconf 84' lang='grc' dir='ltr'><strong>βλεπόντων</strong></span> <span class='ocrx_word' id='word_1_843' title='bbox 2986 5537 3141 5608; x_wconf 74' lang='grc' dir='ltr'><strong>ὄψεις</strong></span> <span class='ocrx_word' id='word_1_844' title='bbox 3169 5535 3329 5598; x_wconf 72' lang='grc' dir='ltr'><strong>αὐτὸς</strong></span> <span class='ocrx_word' id='word_1_845' title='bbox 3361 5532 3540 5586; x_wconf 73' lang='grc' dir='ltr'><strong>ἕλκων</strong></span> <span class='ocrx_word' id='word_1_846' title='bbox 3567 5530 3699 5594; x_wconf 71' lang='grc' dir='ltr'><strong>ἄνω,</strong></span> 
     </span>
    </p>
   </div>
  </div>
