3992 6240
493 312 604 382 907

1095 307 1105 322 ’
1213 310 1361 370 EUS
1378 307 1638 370 ΓΑΤΗῙΙ
1679 303 2118 368 THESSALON
2137 305 2438 366 ICENSIS
2481 303 3050 366 METROPOLIT£

3655 302 3753 363 €08

494 432 562 484 ad
605 399 938 496 grai-aridum
976 438 1176 495 corpus
1217 441 1324 478 non
1369 423 1648 487 debes,ne
1670 421 1914 476 crassior
1944 433 2080 489 opus

2206 415 2328 472 τῖναι
2390 419 2632 490 μεγάλου
2672 419 3105 472 Οίκοδεσιέότου⁵
3141 418 3379 487 ἐργάζου
3428 416 3611 470 τοίνυν
3659 422 3755 471 ἀεὶ.

497 523 761 590 negligas.
788 519 978 588 Neque
1014 534 1107 586 per
1144 525 1313 570 totam
1344 524 1556 570 noctem
1590 514 1833 567 dormire
1864 511 1947 567 fas
1973 520 2078 573 est,

498 626 723 686 propter
779 626 1126 666 communem
1191 609 1472 663 inimicum
1529 607 1930 664 meridianum,
1987 606 2077 673 qui

498 723 676 776 neque
713 714 870 760 nocte
898 704 1049 758 novit
1078 703 1352 758 inducias.
1385 701 1639 756 Abundat
1675 701 1824 753 enim
1865 701 2082 769 sagittis

423 860 440 872 ο
497 797 815 852 volantibus
853 796 905 848 in
959 794 1063 852 die.
1098 803 1152 848 et
1193 791 1425 860 negotiis
1468 790 1980 862 perambulantibus
2027 793 2080 844 in

433 876 442 884 ’
500 888 766 943 tenebris.
833 886 926 940 llle
964 886 1166 939 malum
1204 898 1425 954 semper
1465 891 1748 953 operatur,
1781 890 1833 938 te
1867 896 2084 952 semper

497 996 620 1036 esse
639 979 881 1036 sobrium
905 992 1137 1033 necesse
1167 985 1269 1032 est.

2187 513 2299 564 Οὐκ
2324 511 2438 564 ἐστι
2471 529 2554 564 σοι
2583 513 2821 566 δειπνεῖν
2853 513 2944 564 ἐπὶ
2988 512 3221 582 μακρὸν,
3259 512 3346 565 ἵνα
3377 511 3451 582 μὴ
3482 517 3760 583 καταργῇς

2185 607 2276 659 τὸν
2297 607 2396 675 τῆς
2419 605 2664 667 δουλείας
2689 605 2904 675 καιρόν.
2933 605 3048 657 Ούκ
3077 604 3317 673 ὀφείλεις
3345 604 3579 675 ἀριστᾷν
3605 605 3762 675 ὑπέρ-

2191 715 2365 766 μετρα
2403 697 2499 749 καὶ
2534 695 2671 767 πρὸς
2711 695 2901 766 βάρος,
2935 695 3022 747 ἵνα
3053 695 3125 766 μὴ
3158 696 3432 765 ἔμφορτος
3459 694 3539 747 ὢν
3567 695 3760 764 ἀμελῇς

2187 789 2282 844 τοῦ
2309 790 2496 860 ἔργου.
2527 791 2643 843 Ούκ
2686 789 2836 842 ἔστιν
2859 788 2981 841 εύδέ
3010 786 3323 855 όλονύκτιον
3349 785 3759 840 ἀναπαύσασθαί

2190 899 2249 936 σε
2280 883 2369 937 διὰ
2401 884 2492 936 τὸν
2533 883 2912 953 μεσημϐρινὶν
2948 881 3126 934 κοινὸν
3157 880 3372 951 ἐχθρὸν,
3428 879 3488 942 δς
3520 879 3640 931 οὐδὲ
3669 881 3753 930 νύ-

2191 993 2350 1046 κτωρ
2378 975 2689 1029 σπένδεται.
2725 976 2958 1028 Πλουτεῖ
2992 976 3124 1044 γὰρ.
3155 971 3344 1042 ὥσπερ
3377 971 3562 1040 βέλεσι
3613 987 3756 1022 πετο-

2193 1069 2373 1137 μένοις
2428 1069 2664 1140 ἡμέρας,
2730 1067 2874 1122 οὕτω
2933 1068 3027 1120 καὶ
3093 1068 3415 1140 πράγμασιν
3476 1065 3534 1116 ἐν
3596 1064 3759 1116 σκότει

2079 1187 2084 1192 ·
2189 1163 2695 1234 διαπορευομένοις.
2737 1162 2847 1216 Ἀεὶ
2887 1162 2988 1232 τὴν
3027 1163 3294 1230 πονηρίαν
3359 1161 3571 1222 ἐκεῖνος
3616 1159 3761 1228 ἐργά-

571 1347 699 1402 205.
739 1349 872 1403 Scio
902 1348 1182 1418 equidem,
1215 1363 1338 1403 cum
1371 1349 1475 1402 ista
1507 1362 1534 1400 a
1559 1361 1645 1401 me
1680 1345 1865 1406 anilis,
1899 1355 1948 1400 te
1977 1345 2086 1414 pati

503 1440 740 1509 pessima
785 1441 1068 1503 arbitrari,
1117 1452 1174 1494 et
1224 1440 1532 1510 ignominia
1563 1439 1736 1502 affici,
1781 1439 1898 1508 qni,
1933 1440 2086 1493 visus

503 1533 764 1600 magister
792 1548 938 1595 esse,
975 1532 1044 1586 ab
1091 1533 1216 1586 aliis
1258 1548 1382 1602 qnte
1427 1532 1634 1599 agenda
1681 1532 1795 1585 siut
1843 1531 2085 1585 doceris.

503 1622 618 1691 Ego
648 1635 829 1677 autem
865 1639 1147 1694 nunquam
1175 1635 1438 1691 tacerem,
1475 1625 1604 1679 licet
1635 1623 1822 1679 furore
1846 1624 2088 1693 percitus

504 1717 878 1784 rumpereris;
939 1733 1044 1771 non
1077 1717 1241 1772 modo
1276 1718 1330 1772 in
1363 1718 1598 1789 gratiam
1654 1718 1754 1780 tui,
1817 1719 1981 1772 unius
2034 1727 2090 1770 et

504 1809 748 1876 superbi,
784 1817 877 1863 aut
909 1809 1147 1864 duarum
1193 1811 1430 1864 aliorum
1463 1811 1749 1875 similium,
1775 1825 1918 1882 quos
1965 1828 2091 1882 per-

504 1907 699 1956 euntes
768 1901 1028 1967 dimitto;
1091 1902 1189 1958 sed
1238 1918 1409 1958 causa
1463 1904 1804 1972 reliquorum
1857 1903 2089 1958 fratrum

504 2009 645 2064 quos
670 1997 799 2051 dum
833 1995 1090 2067 decipere
1124 1995 1228 2063 vis,
1256 2012 1486 2067 regnum
1525 1997 1617 2052 Dei
1652 1997 1966 2067 perturbas.

575 2172 700 2226 204.
739 2171 897 2230 Nunc
929 2183 1136 2242 tamen,
1165 2173 1270 2230 hoc
1303 2189 1415 2229 uno
1447 2174 1640 2229 addito
1688 2174 1944 2244 exemplo
1970 2173 2092 2228 laeto

507 2271 560 2317 et
600 2264 799 2318 idoneo
855 2264 922 2318 ad
965 2265 1311 2328 docendum,
1375 2265 1598 2321 ﬁnietur
1627 2265 1825 2320 oratio.
1880 2263 2095 2334 Scytha:

508 2357 636 2411 olim
684 2357 888 2414 Graecis
945 2357 1128 2414 iniesﬁ
1180 2359 1386 2413 acriter
1438 2359 1490 2412 in
1532 2373 1629 2414 eos
1674 2358 2090 2427 impressionem

508 2446 780 2522 faciebant
863 2466 986 2520 qua:
1067 2467 1211 2521 a'gre
1275 2453 1676 2508 sustinebatur.
1752 2450 1922 2522 Igitur
1992 2452 2086 2523 qui

510 2541 870 2607 laedebantur,
933 2555 1046 2598 tum
1107 2555 1165 2598 ut
1215 2545 1526 2612 periculum
1570 2554 1916 2608 amoverent,
1975 2553 2092 2599 tum

511 2643 572 2686 nt
646 2635 851 2688 auxilia
917 2643 1212 2704 pararent,
1265 2633 1528 2690 inducias
1582 2633 1940 2704 paciscuntur
1996 2635 2098 2688 ali-

511 2735 720 2794 quanto
799 2735 1092 2797 tempore,
1147 2727 1346 2784 diebus
1422 2742 1562 2798 quas
1613 2728 1904 2797 utriusque
1973 2744 2098 2798 par-

511 2817 581 2871 tis
666 2817 1066 2887 beneplacilnm
1147 2819 1456 2890 assignavit
1530 2821 1860 2874 servandas.
1927 2820 2100 2876 Crete-

513 2925 632 2964 rum
681 2908 852 2965 Grteei
909 2911 1195 2965 securitati
1259 2928 1319 2967 se
1371 2912 1681 2978 dederunt,
1729 2913 1987 2968 ﬁduciam
2042 2914 2095 2967 in

512 3001 629 3056 solo
662 3000 884 3058 foederis
915 3003 1282 3074 jurejurando
1317 3005 1687 3071 collocarunt,
1721 3021 1897 3076 neque
1928 3023 2099 3060 excu-

2191 1255 2343 1318 ζεται
2375 1273 2390 1288 ο
2428 1257 2515 1308 ἀεὶ
2542 1258 2636 1324 καὶ
2665 1259 2722 1310 σέ
2758 1259 2950 1325 νήφειν
2991 1256 3226 1324 ἀνάγκη.

2262 1354 2368 1416 στ’.
2403 1350 2511 1402 Καὶ
2559 1344 2675 1401 οἴδα
2728 1348 2851 1418 μὲν,
2890 1349 2972 1402 ὅτι
3017 1347 3195 1401 ταῦτα
3243 1346 3303 1413 ἐξ
3355 1344 3519 1417 ήμῶν
3564 1343 3759 1398 ἁκούων

2189 1439 2344 1493 δεινά
2382 1439 2563 1504 δοκεῖς
2603 1441 2857 1511 πάσχειν,
2904 1439 2980 1501 ὡς
3030 1437 3419 1507 ἁτιμούμενος·
3455 1433 3512 1487 εί
3538 1451 3599 1502 γε
3630 1435 3758 1486 διδά-

2193 1533 2393 1596 σκαλος
2437 1527 2579 1586 εῖναι
2623 1533 2822 1597 δοκῶν,
2858 1528 2977 1584 εἶτα
3024 1531 3157 1602 παρ’
3207 1530 3413 1600 ἐτέρων
3463 1526 3698 1586 ἀκούεις,
3729 1526 3758 1578 ἀ

2193 1625 2468 1695 ποιητέον.
2514 1623 2658 1693 Ἐγὼ
2693 1625 2748 1678 δέ
2773 1626 2872 1677 οὐκ
2904 1626 2971 1679 ἄν
3011 1640 3141 1677 ποτε
3175 1623 3572 1692 σιωπήσωμαι,
3602 1622 3647 1672 εί
3675 1618 3758 1671 καὶ

2193 1716 2553 1789 διαρραγείης
2606 1717 2972 1788 θυμούμενος⁸
3016 1718 3111 1771 καὶ
3157 1717 3217 1769 οὐ
3262 1714 3527 1769 τοσοῦτον
3565 1714 3650 1766 διὰ
3685 1715 3754 1774 σε,

2193 1811 2286 1863 τὶν
2315 1811 2435 1874 ἕνα,
2471 1812 2562 1865 τδν
2593 1811 2819 1882 ὑψηλὸν,
2854 1812 2887 1882 ἢ
2943 1811 3030 1863 διὰ
3080 1809 3208 1872 τοὺς
3245 1808 3474 1878 ὁμοίους
3524 1807 3632 1868 δύο,
3679 1806 3760 1870 οὓς

2195 1900 2476 1970 φθινύθειν
2511 1903 2738 1972 ἀφίημι,
2784 1901 2920 1954 ἀλλά
2952 1901 3040 1954 διὰ
3072 1901 3201 1962 τοὺς
3233 1898 3459 1962 λοιποὺς
3492 1897 3756 1966 ἀδελφοὺς.

2194 1994 2288 2058 οὓς
2340 1995 2656 2064 φενακίζειν
2711 1993 2932 2058 ἐθέλων,
2984 1991 3048 2047 τὸ
3077 1990 3174 2046 τοῦ
3203 1991 3343 2046 Θεοῦ
3397 1990 3758 2061 διαταράττεις

2195 2091 2338 2144 οὕτω
2369 2087 2702 2158 πολίτευμα.

2270 2183 2365 2236 σδ’.
2405 2180 2495 2248 Τῷ
2521 2181 2657 2244 τέως
2692 2179 2899 2249 μέντοι,
2929 2179 3105 2230 ἐκεῖνο
3138 2176 3233 2230 καῖ
3269 2175 3434 2245 μόνον
3469 2170 3760 2239 ἐπενεγκὼν

2197 2275 2277 2338 είς
2295 2276 2577 2344 ἀφήγησιν
2597 2271 2963 2334 παιδευτικῶς
2991 2270 3205 2337 ίλαράν,
3230 2266 3610 2336 πεπαύσομαι.
3634 2264 3750 2318 Σκύο

2199 2367 2292 2423 θαι
2326 2367 2495 2422 πάλαι
2526 2366 2657 2419 ποτὶ
2692 2365 2954 2435 ἀνδράσιν
2991 2363 3253 2433 Ἕλλησιν
3279 2359 3614 2430 ἐπιθέμενοι,
3644 2358 3758 2410 ἐϐά-

2200 2478 2366 2532 ρυναν
2385 2460 2474 2512 τὸν
2499 2461 2587 2513 ἐπ’
2608 2460 2788 2521 αὐτοῖς
2813 2457 3072 2527 πόλεμον,
3093 2456 3188 2508 καὶ
3202 2448 3342 2526 ἦσαν
3370 2453 3434 2506 ού
3462 2455 3587 2524 ῥᾷον
3609 2465 3758 2521 φορη-

2197 2554 2301 2608 τοί.
2335 2552 2544 2606 Οὐκοῦν
2591 2553 2640 2604 οὶ
2679 2549 3049 2620 βλαπτόμενοι
3085 2548 3146 2600 τὸ
3201 2547 3301 2616 μέν
3349 2563 3438 2598 τοι
3493 2541 3758 2611 ἀνακωχὴν

2197 2646 2291 2700 τοῦ
2311 2645 2488 2700 δεινοῦ
2511 2643 3059 2715 πραγματευόμενοι,
3077 2640 3139 2694 τὺ
3169 2639 3228 2693 δὲ
3251 2640 3345 2694 καὶ
3371 2636 3640 2707 συσκευὴν
3660 2637 3760 2687 ἐπι-

2199 2739 2431 2808 κουρίλας
2461 2735 2816 2808 τεχνώμεναι,
2854 2733 3176 2788 σπένδονται
3207 2729 3485 2802 καιρικῶς
3527 2729 3616 2781 ἐπὶ
3641 2725 3760 2796 ἠμέ-

2201 2851 2342 2905 ραις,
2373 2831 2503 2894 ὅσας
2545 2831 2608 2883 τδ
2647 2831 2705 2884 ἐν
2752 2829 3039 2899 ἑκατέροις
3081 2826 3319 2898 ἀρέσκον
3358 2824 3626 2893 ἐκύρωσε.
3665 2818 3758 2874 Kal

2199 2904 2294 2980 τοῦ
2328 2923 2520 2978 λοιποῦ
2553 2923 2826 2994 ἐκάθηντο
2855 2922 2917 2974 τὸ
2955 2920 3270 2991 Ἑλληνικὸν
3300 2904 3652 2988 ἀφρόντιδες,
3687 2931 3761 2967 πι-

2203 3019 2530 3081 στεύσαντες
2559 3017 2788 3077 ἑαυτοὺς
2813 3014 2996 3085 μόνοις
3019 3017 3130 3077 τοῖς
3156 3014 3366 3083 ὅρκοις,
3391 3009 3519 3063 οὔτε
3542 3009 3759 3078 φύλακας

514 3093 632 3148 bias
684 3103 936 3164 egerunt.
999 3111 1177 3166 neque
1245 3097 1483 3152 militum
1551 3113 1707 3153 more
1779 3096 2094 3168 vigilarunt.

2206 3110 2657 3180 προσιστάμενοι,
2679 3107 2801 3160 οὐδὲ
2833 3105 2939 3176 μὴν
2979 3105 3366 3178 στρατηγικῶς
3393 3101 3757 3173 ἐγρηγορότες.

514 3182 735 3254 Scytha:
787 3194 970 3240 autem
1024 3186 1092 3240 ad
1125 3186 1308 3242 dolum
1360 3185 1715 3258 confugiunt.
1766 3185 2100 3258 intempesta

513 3292 644 3346 ergo
675 3277 810 3331 hora
846 3276 1052 3344 noctis,
1087 3294 1193 3333 non
1231 3293 1355 3334 eum
1399 3279 1563 3334 solito
1598 3279 1867 3346 clamore,
1919 3282 2103 3337 subito

512 3369 814 3435 irruentes,
839 3371 961 3426 illos
992 3386 1187 3427 secure
1213 3371 1553 3426 dormientes
1574 3371 1973 3428 interfecerunt
1992 3387 2101 3427 non

512 3477 743 3531 paucos.
777 3461 978 3532 Sicque
1014 3464 1314 3533 periissem
1338 3463 1442 3518 soli
1473 3463 1790 3534 juramento
1817 3467 2104 3522 conﬁden-

515 3566 620 3619 tcs,
659 3555 768 3609 nisi
802 3555 1014 3612 Graecis
1041 3557 1261 3610 animus
1287 3556 1578 3614 adfuisset.
1608 3558 1771 3614 Brevi
1803 3561 1948 3615 enim
1976 3577 2104 3629 pro.

515 3648 762 3702 albentes
793 3662 1056 3717 armaque
1089 3649 1406 3723 induentes,
1431 3651 1519 3705 vix
1547 3651 1770 3722 quidem
1791 3654 2105 3720 superiores

517 3746 836 3792 evaserunt.
861 3736 1054 3794 Postea
1081 3754 1204 3794 cum
1227 3739 1448 3810 perjurii
1471 3740 1686 3812 Scythae
1717 3752 2105 3813 arguerentur,

517 3827 573 3881 in
607 3843 833 3884 causam
863 3830 1551 3888 adilucunttautumtnodo
1586 3834 1730 3898 dics,
1769 3835 1922 3890 nullo
1943 3836 2106 3889 modo

518 3931 710 3974 noctes
735 3921 1070 3978 intellexisse
1100 3924 1371 3988 dicentes,
1405 3941 1530 3980 cum
1557 3924 1738 3981 foedus
1760 3928 2104 3996 pepigerant.

517 4011 710 4081 Itaque
753 4015 950 4072 diebus
983 4017 1162 4071 solum
1191 4018 1409 4082 allatis,
1446 4019 1652 4088 injuste
1688 4021 1916 4089 perjurii
1948 4019 2104 4074 dam-

519 4105 632 4158 nati
667 4103 926 4174 fuissent,
981 4107 1163 4163 noctis
1192 4115 1438 4178 tempore
1471 4108 1766 4163 irruentes.

581 4417 708 4471 205.
731 4414 872 4471 Iluic
891 4415 1136 4470 sermoni
1168 4415 1330 4469 linem
1362 4417 1604 4486 impone,
1629 4416 2103 4470 eminentissime:
2141 4454 2184 4506 υ

519 4510 724 4581 quique
792 4509 978 4562 rudem
1047 4507 1187 4560 hanc
1238 4507 1529 4563 historiam
1593 4524 1857 4577 generose
1909 4521 2103 4577 provo-

522 4601 681 4666 casti,
721 4615 786 4654 ex
839 4599 930 4653 illa
989 4600 1230 4654 fructum
1292 4599 1545 4669 percipe,
1619 4615 1744 4654 cum
1817 4605 1872 4651 et
1935 4607 1989 4650 tu
2052 4607 2106 4652 et

524 4691 866 4757 fraternitas,
897 4706 1020 4761 qua
1057 4691 1200 4762 apud
1246 4700 1300 4747 te
1329 4701 1437 4758 est,
1480 4691 1704 4745 tlolosos
1735 4690 1928 4744 hostes
1966 4705 2108 4760 quo-

525 4787 657 4842 tit’lie
685 4787 1006 4844 obsidentes
1033 4789 1306 4844 habeatis.
1343 4787 1499 4841 Licet
1533 4801 1628 4842 vos
1671 4787 1725 4840 in
1751 4785 1850 4840 die
1888 4784 2110 4840 sobrios

524 4897 634 4937 non
695 4886 1026 4951 percutiant,
1081 4885 1298 4939 scilicet
1345 4882 1661 4944 visibiliter,
1714 4880 1872 4949 quasi
1933 4879 2110 4933 finitus

526 4978 877 5044 mentientes,
898 4979 992 5034 sed
1018 4979 1127 5032 alio
1147 4977 1310 5031 modo
1347 4974 1728 5039 invisibiliter,
1757 4972 1918 5043 quasi
1950 4980 2112 5027 nocte

526 5071 800 5126 irruentes
836 5071 1168 5126 mortalibus
1204 5069 1410 5138 jacnlis
1443 5066 1720 5138 afﬂigunt.
1757 5066 1836 5121 Ita
1868 5075 1928 5120 ut
1955 5064 2111 5121 vobis

529 5179 749 5234 semper
766 5165 837 5220 sit
863 5164 1229 5232 vigilandum,
1261 5159 1500 5214 maxime
1529 5158 1961 5212 formidantibus
1996 5159 2115 5212 ani-

527 5273 746 5314 marum
819 5257 1114 5320 latronem,
1171 5254 1554 5309 nescientibus
1603 5268 1714 5322 qua
1769 5255 1907 5306 hora
1958 5252 2117 5308 dolo-

529 5365 625 5404 sns
681 5358 950 5404 venturus
1007 5348 1100 5402 sit.
1161 5344 1274 5400 Hoc
1331 5355 1517 5400 autem
1553 5345 1794 5405 facietis,
1829 5344 1966 5414 apud
2013 5360 2113 5398 vos

531 5444 764 5509 alligati.
796 5445 909 5497 imo
944 5450 1002 5496 et
1033 5440 1272 5512 religati,
1311 5441 1498 5512 sicque
1529 5455 1630 5495 nec
1659 5440 1980 5506 religionem
2013 5453 2114 5490 nec

533 5535 921 5601 religiosorum
983 5549 1182 5588 nomen
1235 5534 1588 5588 mentientes.
1642 5531 1911 5584 Cancrum
1965 5529 2116 5582 vobis

522 5629 856 5696 praeparatis
905 5636 965 5682 ut
1017 5628 1304 5694 praeparati
1341 5627 1498 5689 estis,
1537 5625 1817 5692 vigilantia
1864 5637 1974 5676 non
2030 5631 2116 5675 est

535 5721 864 5773 revocanda.
901 5721 1053 5774 Unde
1077 5720 1330 5789 quamvis
1363 5733 1458 5786 per
1482 5718 1628 5772 diem
1653 5726 1706 5771 et
1732 5725 1948 5768 noctem
1985 5715 2115 5767 dor-

541 5810 774 5866 mientes
829 5829 926 5869 vos
982 5814 1292 5882 petentiant
1351 5810 1625 5868 terribiles
1671 5808 1966 5878 sagittarii,
2007 5822 2114 5862 non

2205 3205 2267 3257 Ol
2311 3201 2368 3256 δὲ
2408 3201 2615 3256 Σκύθαι
2649 3230 2721 3239 -
2747 3199 2864 3252 ἀλλ’
2897 3198 3099 3260 αὐτοὺς
3158 3195 3473 3266 ὑπέρχεται
3524 3191 3759 3262 ἐπιθυμία

2205 3297 2382 3350 δόλου.
2417 3297 2529 3349 Καὶ
2561 3295 2705 3365 ἀωρὶ
2739 3291 2939 3354 νυκτὸς
2983 3291 3204 3360 αίφνης,
3239 3290 3335 3343 καὶ
3370 3289 3498 3342 οὐδὲ
3542 3288 3633 3354 ξὺν
3679 3285 3758 3355 βοῇ

2205 3393 2271 3460 τῇ
2308 3389 2556 3459 συνήθει,
2597 3387 3045 3448 ἐπεισπεσόντες,
3093 3385 3218 3438 ἐπεὶ
3253 3383 3559 3452 ἐκοιμῶντο
3587 3381 3760 3433 ι-κεῐνοι

2207 3486 2533 3554 ἀφύλακτοι,
2569 3481 2886 3552 κατέκοψαν
2907 3481 3008 3534 οὐκ
3029 3480 3266 3548 ὀλίγους·
3295 3479 3390 3531 καὶ
3414 3475 3484 3529 ἂν
3510 3473 3762 3528 ἀπώλοντο

2207 3579 2256 3632 oi
2295 3578 2441 3646 μόνῳ
2462 3575 2871 3648 τεθαρρηκότες
2892 3573 2970 3642 τῷ
2995 3573 3164 3642 ὅρκῳ,
3192 3571 3239 3622 εί
3267 3569 3342 3641 μὴ
3376 3570 3437 3622 τὸ
3479 3562 3759 3631 Ἑλληνικόν

2209 3669 2462 3743 ἀνδρικὸν
2491 3667 2801 3738 ἀντέπραξε
2825 3665 2902 3735 τῷ
2927 3665 3167 3734 θανάτῳ.
3198 3664 3348 3734 Ταχὺ
3379 3662 3492 3733 γὰρ
3521 3656 3760 3728 ἑκθορῶν·

2209 3777 2322 3826 τες,
2354 3760 2448 3812 καὶ
2484 3757 2935 3826 στεγανώσαντες
2972 3755 3201 3816 ἑαυτοὺς
3233 3751 3589 3814 πανοπλίαις,
3625 3747 3762 3816 μόγις

2213 3851 2776 3921 μὲν-περιεγένοντο
2810 3848 2857 3900 δ’
2889 3846 3010 3904 οὖν.
3060 3847 3151 3909 Ὠς
3189 3846 3246 3900 δὲ
3273 3845 3396 3915 μεθ’
3425 3845 3635 3914 ἡμέραν
3663 3841 3759 3910 ὴλί-

2212 3959 2407 3996 σκοντο
2434 3941 2727 4012 ἐπιορκίας
2758 3941 2808 3992 ol
2836 3938 3064 4000 Σκύθαι,
3094 3935 3497 4006 προϐάλλονται
3529 3935 3604 3995 είς
3627 3944 3763 3996 συνη·

2210 4036 2404 4106 γορίαν
2432 4034 2532 4104 τὴν
2568 4033 2891 4100 καταμόνας
2923 4033 3165 4103 ἡμέραν,
3195 4029 3270 4100 μὴ
3305 4030 3428 4101 οὐχὶ
3461 4030 3556 4082 καὶ
3587 4027 3760 4082 νύκτας

2212 4130 2445 4200 φάμενοι
2489 4126 2804 4191 συνθέσθαι,
2849 4127 2940 4180 ὅτε
2973 4127 3074 4190 τὰς
3119 4124 3358 4188 σπονδὰς
3403 4124 3656 4176 ὲτίθεντο’
3693 4117 3760 4171 διὸ

2216 4223 2383 4291 μόνας
2426 4220 2646 4290 ἡμέρας
2679 4219 3162 4290 ὲκπεφωνηκότες,
3200 4217 3302 4272 οὐκ
3333 4217 3400 4272 ἀν
3429 4217 3646 4278 δικαίως
3672 4229 3758 4266 πι-

2217 4315 2537 4386 ριισπονδεῖν
2565 4315 2856 4386 κρίνοιντο,
2881 4314 3074 4376 νυκτὸς
3103 4311 3440 4382 ἐπιθέμενοι.

2289 4402 2381 4462 σε’.
2418 4387 2752 4476 Κάτεχεκκαὶ
2796 4405 2888 4459 τὸν
2922 4405 3082 4472 λόγον
3113 4402 3329 4466 τοῦτον,
3374 4396 3420 4454 ὦ
3465 4399 3647 4470 ὑψηλέ·
3685 4393 3761 4446 καὶ

2215 4501 2312 4570 τὴν
2333 4499 2570 4571 ἀγριάδα
2601 4497 2850 4569 ἱστορίαν
2878 4495 3121 4564 εὐγενῶς
3153 4495 3544 4564 ἐγκεντρίσας,
3568 4490 3761 4559 κάρπω-

2215 4609 2306 4645 eat
2341 4590 2437 4644 καὶ
2463 4589 2532 4644 δι’
2579 4590 2776 4659 αὐτῆς,
2819 4588 2895 4651 ὡς
2939 4587 3088 4640 οὕτω
3135 4587 3231 4640 καὶ
3271 4586 3335 4640 σὺ
3367 4585 3464 4638 καὶ
3493 4587 3525 4655 ἡ
3557 4581 3684 4635 κατά
3709 4575 3758 4627 αδ

2215 4683 2514 4752 ἀδελφότης
2533 4681 2744 4744 δολίους
2770 4679 3066 4751 πολεμίους
3090 4679 3280 4747 κύκλῳ
3311 4673 3759 4746 περικαθημένους

2214 4777 2386 4847 ἔχετε·
2417 4776 2466 4830 οἳ
2499 4776 2603 4829 κᾶν
2623 4777 2681 4828 ἐν
2709 4774 2896 4846 ἡμέρᾳ
2923 4775 3196 4844 νήφοντας
3223 4773 3371 4842 ὑμᾶς
3407 4772 3469 4824 ού
3499 4765 3758 4840 βάλλώσιν,

2215 4871 2274 4938 ἐξ
2314 4869 2594 4941 ἐμφανοῦς
2627 4867 2854 4939 δηλαδὴ,
2887 4866 2962 4924 ὡς
2989 4861 3079 4918 οἷα
3116 4865 3466 4932 σοφιζόμενοι
3499 4859 3594 4929 τὴν
3627 4869 3760 4907 σπονο

2215 4966 2332 5036 δὴν,
2368 4965 2506 5018 ἀλλά
2547 4964 2756 5036 τρόπον
2808 4961 2972 5016 ἄλλον
3004 4959 3255 5028 ἀφανῶς,
3301 4958 3399 5011 καὶ
3426 4956 3502 5020 ὼς
3549 4956 3603 5006 ἐν
3627 4944 3760 5002 νυκτὶ

2217 5059 2555 5130 ἐπιθέμενοι,
2588 5056 2836 5127 καιρίαις
2883 5053 3180 5122 ἀλιγυνοῦσι
3241 5049 3444 5122 βολαῖς.
3502 5048 3653 5099 Ὥστε
3688 5037 3760 5092 ἀεὶ

2218 5151 2587 5225 ἐγρηγορέναι
2615 5151 2763 5221 ὑμᾶς
2792 5148 2920 5220 χρὴ,
2954 5148 3037 5201 ὅτι
3079 5145 3320 5216 μάλιστα
3359 5134 3757 5225 εὐλαϐουμένους

2331 5220 2717 5315 ᾧυχοκλέπτην
2745 5241 3138 5310 ἀγνοούμενον,
3171 5237 3303 5308 ποίᾳ
3327 5236 3446 5306 ὥρᾳ
3467 5220 3626 5290 δόλιος
3650 5228 3756 5315 ἑᾷ·

2217 5312 2492 5393 λεύσγεται.
2546 5312 2810 5405 Ποιησετε
2839 5335 2897 5389 δὲ
2936 5333 3090 5398 αὐτὸ,
3132 5333 3271 5403 πρὸς
3307 5329 3438 5399 ὑμῖν
3484 5322 3650 5382 αὐτοῖς
3677 5312 3757 5384 μέ·

2219 5447 2428 5494 νοντες,
2464 5429 2544 5481 ἔτι
2576 5427 2635 5481 δὲ
2664 5429 2759 5480 καὶ
2790 5426 3184 5496 ὑπομένοντες,
3215 5423 3310 5475 καὶ
3336 5417 3480 5474 οὕτω
3525 5415 3649 5484 μήτε
3673 5407 3754 5473 τὴν

2225 5522 2413 5592 μονὴν,
2447 5521 2586 5590 μήτε
2613 5517 2674 5572 τὸ
2706 5495 3004 5586 μοναχικὸν
3026 5513 3200 5582 ὄνομα
3221 5509 3560 5579 ψευδόμενοι.
3583 5495 3754 5592 “tibi;

2219 5614 2275 5668 δέ
2299 5631 2362 5682 γε
2383 5611 2772 5680 διακειμένοις,
2794 5608 2867 5671 ὡς
2895 5606 2990 5660 νῦν
3013 5603 3321 5667 διάκεισθε,
3345 5602 3447 5654 οὐκ
3480 5598 3615 5650 ἐστιν
3652 5585 3757 5682 ύμῖν

2223 5680 2414 5760 ἐνιδεῖν
2440 5706 2794 5776 ἐγρήγορσιν.
2823 5701 2988 5753 Ὅθεν
3012 5699 3090 5759 ὡς
3120 5697 3240 5765 μεθ’
3267 5695 3481 5765 ἡμέραν
3508 5687 3592 5742 καὶ
3619 5680 3757 5778 misria

2225 5807 2407 5860 πᾶσαν
2442 5798 2829 5872 ἁφυπνοῦντας
2867 5798 3014 5868 ὑμᾶς
3043 5794 3331 5865 βάλλοντες
3378 5791 3425 5844 al
3458 5781 3609 5840 δεινοὶ
3633 5771 3754 5837 τοξθ·
