3908 6250
358 264 464 334 9ιῦ

1077 261 1500 326 EUSTATHII
1539 257 2303 320 TIIESSALONICENSIS
2346 259 2916 320 METROPOLITE

3477 263 3616 324 .9l6

361 380 524 436 detur
557 378 662 432 hoc
695 375 1039 443 fvoea'uulum
1104 372 1451 428 sanationem
1514 370 1794 426 caelestem
1826 383 1949 437 pro-

2059 367 2268 421 λείοθαι
2302 369 2485 422 θεόθεν
2509 370 2766 440 τοῦνομα.
2803 369 3080 424 Τοιούτοιν
3120 371 3294 425 ὄντοιν
3322 371 3416 425 τοῦ
3448 374 3501 427 τε
3531 378 3620 432 καὶ

361 475 580 527 mittere
612 479 706 524 aut
734 472 1010 524 invocare.
1044 466 1181 520 Cum
1216 464 1381 534 igitur
1437 461 1521 516 h:c
1577 461 1697 514 duae
1759 474 1944 523 voces,

364 560 412 618 is
462 573 516 620 et
549 563 624 632 ἰὴ,
657 563 727 616 ita
760 575 820 616 se
873 559 1107 613 habeant
1137 557 1284 625 (nam
1325 555 1464 610 velle
1497 565 1548 609 te
1579 554 1737 624 plura
1791 569 1820 606 a
1849 567 1946 607 no~

364 657 452 710 bis
477 654 687 717 audire,
734 652 821 705 vix
853 648 1204 713 crediderim,
1262 661 1294 700 0
1344 644 1692 716 TheOphile),
1724 647 1794 700 ab
1853 645 1946 698 illa

361 749 408 799 τε
445 747 643 814 (neque
688 741 945 797 Patrihus
971 740 1104 809 ipsis
1148 739 1275 793 talis
1326 737 1632 792 enucleatio
1671 735 1944 805 displicet)

279 838 285 856 ‘
361 836 633 904 originem
683 847 902 888 sumere
932 839 1156 901 apparet
1218 845 1320 884 vox
1365 829 1512 898 ἱερὸν
1564 828 1864 898 (sanctum)
1896 836 1950 882 et

363 927 544 981 omnia
593 925 794 980 similia
842 923 1128 978 vocabula.
1173 921 1371 976 Utrum
1435 929 1598 990 putas
1651 936 1752 975 nos
1801 930 1950 976 recte

361 1019 534 1088 loqui,
580 1032 650 1072 an
683 1016 766 1072 vis
823 1031 922 1072 nos
969 1015 1059 1070 hic
1103 1013 1428 1080 subsistere,
1462 1028 1531 1067 ne
1560 1013 1698 1068 risui
1730 1027 1829 1067 nos
1857 1027 1948 1066 ex-

363 1109 665 1180 ponamus?

434 1203 487 1257 9.
561 1199 901 1269 Thwphilus.
938 1197 1152 1268 Optime
1187 1199 1318 1251 mihi
1360 1199 1679 1268 persuades,
1707 1212 1740 1252 o
1765 1197 1956 1252 llieroo

366 1291 884 1359 eies;so|ummodo
914 1290 1240 1360 profundius
1301 1293 1354 1344 in
1411 1305 1634 1346 sensum
1666 1289 1952 1360 inquirens

2047 462 2143 514 τοῦ
2174 463 2234 529 li)
2273 463 2740 534 (πολυρῤημονεῐν
2773 464 2880 535 γὰρ
2907 467 2985 528 εἰς
3013 465 3175 518 πλέον
3208 466 3309 519 οὐκ
3342 466 3408 520 ἂν
3437 468 3622 540 ἐθέλῃς

2048 556 2218 625 ἡμᾶς,
2253 549 2296 609 ὦ
2334 557 2608 626 Θεόφιλε),
2632 556 2724 610 τοῦ
2749 559 2802 610 ἵε
2832 559 3083 626 φαίνεται
3109 561 3228 629 (καὶ
3256 560 3378 612 οὐδὲ
3421 564 3622 631 ἅπαρέ-

2051 662 2168 699 σκει
2217 648 2327 710 τοῖς
2385 647 2635 717 Πατράσι
2682 648 2790 700 τῶν
2844 649 3104 702 τοιούτων
3160 651 3426 720 μεθόδων)
3481 671 3620 724 παρ-

2049 737 2334 790 ειλκύσθαι
2384 739 2444 790 τὸ
2491 739 2656 806 ἱερὸν
2709 740 2800 792 καὶ
2829 742 2927 808 τὴν
2971 740 3092 792 κατ’
3143 741 3275 794 αὐτὸ
3315 743 3622 812 συστοιχίαν

2052 827 2291 883 ἃπασαν.
2339 828 2499 893 Νοεῖς
2547 832 2697 901 ἡμᾶς
2742 830 2920 883 λαλεῖν
2954 849 3009 884 τι
3031 833 3279 904 καλὸν,ἢ
3312 835 3623 906 στησόμεθα

2051 917 2146 970 τοῦ
2171 921 2486 990 περαιτέρω
2513 921 2710 989 λέγειν,
2756 921 2833 992 μὴ
2868 924 2961 976 καὶ
2991 923 3316 996 γελώμεθα;

2125 1189 2188 1244 θ’.
2220 1190 2533 1257 Θεόφιλος.
2577 1185 2649 1243 Εὖ
2682 1207 2749 1256 με
2779 1189 3194 1260 προσϐιϐάζεις,
3216 1185 3262 1246 ὦ
3297 1191 3584 1264 Ἱερόκλεις
3605 1209 3618 1227 ⁶

2056 1284 2147 1336 καί
2174 1299 2290 1343 πως
2323 1280 2426 1350 ἤδη
2456 1281 2862 1351 λεπτυνάμενος
2887 1286 2966 1346 είς
3005 1285 3130 1338 νοῦν
3171 1285 3266 1338 καὶ
3299 1287 3621 1356 ἱσχνολογεῖν

366 1395 419 1440 et
447 1385 705 1439 subtilius
740 1384 1017 1454 explicare
1043 1383 1270 1439 studens
1303 1383 1582 1453 adjiciam,
1628 1383 1771 1453 ἱερὸν
1804 1383 1949 1450 (san-

2059 1373 2468 1440 ἐπιπνευσθεὶς,
2509 1374 2990 1445 ἐπιὸἀλλω,ίερὸν
3036 1372 3197 1441 εἶναι,
3243 1379 3336 1448 ἀφ’
3382 1374 3443 1432 οὗ
3481 1381 3622 1434 ἵεται

366 1476 539 1546 ctum)
571 1490 693 1530 esse
723 1490 752 1529 a
786 1490 894 1544 quo
929 1474 1162 1528 mittitur
1196 1475 1338 1529 bona
1386 1473 1660 1529 valetudo.

439 1568 733 1623 Hierocles.
771 1567 905 1622 Rem
952 1582 1051 1622 acu
1098 1566 1348 1637 tetigisti,
1381 1582 1414 1622 ο
1445 1568 1770 1637 Theophile,
1802 1578 1857 1624 et
1887 1568 1954 1622 ab

367 1659 524 1715 initio
557 1659 623 1712 ad
655 1659 815 1714 linem
855 1666 1004 1713 recte
1051 1659 1372 1727 pervenisti.
1404 1659 1482 1712 uti
1537 1659 1823 1726 proverbio
1869 1658 1952 1714 di-

2091 1479 2260 1516 ωσιίι.

2091 1479 2201 1516 ωσι
2246 1502 2260 1516 .

2048 1457 2087 1531 ῥ
2136 1483 2459 1622 Ἰεὲοκλῆς.
2496 1554 2871 1626 Εὐστόχησας,
2921 1552 2966 1615 ὦ
3011 1557 3258 1626 Θεόφιλε,
3307 1560 3403 1614 καὶ
3448 1561 3624 1631 λαχὼν

2058 1645 2236 1716 ἀρχὴν
2262 1647 2436 1716 ’πέρας
2470 1645 2667 1716 laxae,
2686 1647 2713 1700 ὃ
2739 1648 2804 1718 δὴ
2829 1649 3278 1719 παροιμιάζεται.
3305 1653 3620 1724 Παρῤησιὰ·

367 1749 529 1806 citur.
559 1751 624 1806 Et.
659 1760 720 1805 ut
771 1751 1006 1821 ingenue
1047 1752 1327 1805 veritatem
1382 1749 1676 1818 fateamur,
1708 1760 1759 1803 tu
1787 1750 1948 1806 altius

2063 1740 2258 1792 σασθαι
2320 1739 2375 1790 δέ
2439 1739 2500 1791 τὸ
2549 1739 2876 1812 ἀφθόνητον,
2918 1745 3010 1797 καί
3055 1761 3106 1796 τι
3141 1743 3437 1814 βαθύτερον
3469 1747 3623 1816 ἡμῶν

367 1859 530 1914 quam
611 1858 713 1900 nos
768 1843 1022 1900 vocabuli
1093 1858 1314 1898 sensum
1375 1843 1779 1914 pervestigasti.
1838 1840 1950 1897 Nos

366 1937 510 1993 enim
547 1938 898 2005 putabamus,
927 1951 958 1989 a
985 1949 1119 1990 voce
1147 1934 1194 1988 ἵε
1227 1934 1561 1990 descendere
1593 1934 1743 1988 illam
1783 1931 1947 2003 ἱερὸς,

367 2028 834 2098 quemadmodum
864 2027 1040 2098 διερὸς
1072 2025 1306 2098 (vigens)
1335 2034 1387 2080 et
1414 2024 1682 2095 κρατερὸς
1709 2024 1948 2092 (potens)

367 2131 422 2175 et
453 2121 692 2188 similia;
734 2128 790 2175 tu
833 2131 1040 2186 autem,
1093 2119 1464 2174 valetudinem
1508 2117 1776 2172 vocabulo
1806 2116 1949 2188 ἱερὸν

367 2210 657 2281 adjiciens,
698 2211 943 2282 penitius
991 2225 1212 2266 sensum
1271 2209 1592 2280 pcnetrasti.
1624 2205 1743 2262 Jam
1817 2221 1949 2263 vero

367 2305 449 2359 sle
479 2319 570 2360 res
605 2319 666 2361 se
699 2304 918 2368 habeat,
949 2314 1003 2358 et
1037 2317 1233 2373 pergas
1264 2303 1423 2356 velim
1452 2301 1546 2356 tali
1580 2301 1747 2355 modo
1774 2299 1950 2371 philos

369 2394 617 2463 sophari,
664 2392 924 2463 quamvis
953 2393 1019 2446 de
1080 2392 1184 2446 hac
1219 2406 1276 2445 re
1327 2390 1695 2456 oﬂ‘endantur,
1741 2391 1946 2446 austeri

367 2483 583 2539 scilicet
617 2490 672 2538 et
713 2482 918 2537 morosi
953 2492 1010 2537 et
1065 2497 1250 2536 rerum
1302 2481 1712 2551 verborumque
1771 2491 1946 2536 terre-

368 2574 562 2628 strlimi
592 2585 655 2626 ac
688 2571 982 2625 humilium
1026 2577 1454 2640 contemptores,
1486 2571 1582 2640 qui
1611 2587 1678 2626 ne
1706 2571 1759 2625 in
1790 2586 1944 2626 sum-

371 2662 475 2715 mis
539 2659 758 2730 quidem
813 2659 1000 2714 aristis
1071 2659 1287 2730 ingredi
1345 2660 1553 2725 volunt,
1619 2661 1712 2717 sed
1780 2661 1946 2716 veluti

366 2750 560 2824 Pegasi
610 2751 860 2807 volatiles
891 2753 944 2807 in
994 2766 1119 2806 aere
1178 2751 1449 2818 feruntur,
1483 2752 1641 2808 nihili
1679 2753 1946 2809 facientes

370 2845 778 2914 grammaticam
805 2858 927 2914 qua;
997 2844 1272 2900 vocabulis
1329 2844 1683 2901 enucleandis
1721 2860 1942 2916 operam

371 2943 551 2991 uavat.
583 2935 736 2990 Plato
759 2951 978 3005 quoque
1010 2935 1400 2992 celeberrimus
1431 2937 1684 2993 illeinter
1702 2939 1945 3011 philoso-

368 3027 815 3096 phos,adjuvabit
835 3034 886 3080 te
909 3027 964 3079 in
986 3026 1316 3091 hocstudio,
1338 3027 1429 3096 qui
1453 3035 1509 3082 et
1531 3028 1647 3097 ipse
1664 3029 1940 3098 explican-

368 3117 453 3170 dis
471 3115 653 3170 verbis
681 3115 1061 3170 delectabatur
1085 3116 1140 3170 in
1169 3117 1347 3186 iisque
1363 3133 1546 3172 veram
1564 3120 1946 3190 etymologiam

369 3207 677 3261 raturalem
706 3207 1121 3263 considerabat.
1177 3207 1354 3264 [labes
1409 3212 1596 3280 igitur,
1659 3212 1788 3267 dum
1846 3213 1952 3267 alia

369 3299 592 3366 quidem
620 3298 890 3362 didicisti,
925 3301 1032 3354 alia
1057 3311 1236 3356 autem
1281 3303 1398 3372 ipse
1452 3303 1730 3369 invenisti,
1763 3318 1950 3359 votem

373 3390 522 3460 ῑεροῦ
563 3391 758 3447 divinae
806 3400 1019 3447 natura:
1079 3394 1520 3460 convenientem,
1580 3396 1779 3464 etjure
1839 3411 1952 3451 me-

369 3486 591 3555 ritoque
628 3488 762 3554 quis
804 3485 1029 3548 dixerit.
1075 3499 1264 3541 vocem
1330 3487 1472 3555 ἱερὸς
1525 3503 1646 3558 qua:
1686 3503 1809 3542 cum
1867 3505 1954 3543 re-

371 3573 474 3628 bus
504 3573 708 3629 divinis
737 3583 793 3629 et
839 3589 963 3628 cum
993 3575 1108 3630 Deo
1141 3576 1261 3644 ipso
1295 3579 1529 3631 cohaeret
1585 3579 1738 3648 quasi
1767 3580 1950 3633 innata

371 3673 427 3719 et
459 3665 685 3719 omnino
714 3669 960 3734 propria,
993 3666 1064 3719 ab
1113 3666 1221 3719 illis
1250 3667 1512 3729 derivari,
1550 3669 1787 3738 hincque
1821 3684 1952 3724 san-

369 3756 614 3823 ctitatem
644 3757 882 3812 transire
917 3755 984 3809 ad
1018 3759 1386 3822 sacerdotem,
1418 3769 1471 3812 et
1499 3761 1565 3813 ad
1584 3759 1702 3829 ejtts
1730 3777 1950 3824 munus,

369 3854 423 3900 et
455 3845 802 3915 potissimum
841 3843 908 3899 ad
943 3860 1070 3899 eum
1115 3846 1208 3914 qui
1249 3846 1391 3900 inter
1427 3848 1552 3903 illos
1609 3851 1842 3918 primum
1875 3853 1954 3907 lo-

367 3948 496 3991 cem
552 3935 785 3988 obtinet.
827 3933 894 3988 Et
928 3934 1071 3990 nosti
1103 3950 1290 3990 revera
1328 3937 1564 4006 primttm
1603 3949 1656 3993 ct
1692 3956 1948 4012 maguum

369 4033 424 4078 et
463 4026 705 4080 omnium
741 4025 1072 4080 altissimum
1133 4026 1500 4091 sacerdotem,
1529 4027 1624 4096 qui
1657 4037 1802 4083 totus
1839 4032 1952 4085 cle-

371 4129 550 4178 mens,
583 4123 730 4168 touts
761 4116 915 4170 salus
949 4123 1052 4182 est,
1078 4116 1173 4184 qui
1203 4130 1303 4169 nos
1353 4125 1580 4172 sanctos
1625 4117 1726 4172 sibi
1759 4133 1953 4174 consc-

371 4215 510 4271 «zrat,
555 4214 611 4260 et
667 4206 794 4261 talis
859 4207 1109 4262 beneﬁcii
1177 4207 1474 4277 participes
1531 4223 1634 4264 nos
1689 4209 1868 4264 reddit
1900 4220 1954 4265 et

370 4297 656 4352 vocatione
712 4305 767 4351 et
807 4299 1045 4352 actione.
1099 4296 1452 4367 Perspeetum
1486 4299 1677 4364 habes,
1709 4315 1741 4355 o
1772 4299 1952 4355 Theo-

2059 1828 2386 1900 διεώρακας.
2431 1830 2627 1901 Ἡμεῖς
2659 1832 2758 1903 μὲν
2783 1831 2887 1903 γὰρ
2919 1834 3259 1904 ἐνενοοῦμεν,
3291 1839 3368 1900 ὡς
3393 1839 3542 1908 παρὰ
3570 1840 3625 1892 τὸ

2057 1919 2110 1973 ἵε
2141 1923 2172 1974 ὀ
2206 1920 2364 1989 ἱερὸς
2402 1921 2541 1992 πρὸς
2576 1923 2870 1994 ὁμοιότητα
2916 1926 3011 1978 τοῦ
3041 1926 3256 1995 διερὸς,
3300 1930 3395 1983 καὶ
3426 1944 3626 1999 repare-

2049 2013 2184 2081 ρὸς,
2241 2013 2482 2066 καὶτῶν
2521 2016 2621 2068 ὅσα
2669 2016 2932 2070 τοιαῦταο
2988 2019 3052 2071 σὺ
3101 2018 3158 2072 δέ
3201 2021 3625 2095 γλαφυρώτερον

2057 2105 2420 2174 περιενοήσω,
2455 2104 2653 2173 ῥῶσιν
2685 2108 3176 2177 ἐμφαντασάμενος
3218 2112 3296 2181 τῷ
3329 2114 3422 2166 τοῦ
3465 2117 3620 2185 ἱεροῦ

2056 2190 2306 2263 ὀνόματι.
2347 2195 2456 2248 Καὶ
2489 2195 2663 2265 ἐχέτω
2702 2197 2896 2264 οὓτως,
2922 2199 3017 2252 καὶ
3048 2200 3260 2267 γένοιτό
3294 2220 3377 2256 σοι
3404 2205 3622 2274 φιλοσο-

2056 2287 2179 2353 φεῖν
2232 2285 2329 2339 καὶ⁵
2378 2285 2470 2340 τὸν
2504 2287 2709 2358 τρόπον
2756 2287 2968 2356 τοῦτον,
3003 2292 3052 2342 εἰ
3101 2293 3192 2346 καί
3223 2311 3368 2358 τινες
3405 2296 3626 2370 δυσαρε-

2057 2379 2330 2442 στοῦνται,
2361 2381 2622 2450 στρυφνοί
2654 2397 2717 2448 γε
2740 2381 2893 2434 αὐτοὶ
2923 2383 3075 2447 ὄντες
3113 2385 3208 2438 καὶ
3250 2385 3624 2446 δυσέντευκτοι

2053 2470 2148 2524 καὶ
2183 2471 2396 2538 ἀθιγεϊς
2445 2473 2556 2526 τῶν
2589 2473 2740 2525 κάτω
2786 2475 2883 2528 καὶ
2925 2479 3228 2550 χαμερπῶν
3269 2481 3535 2550 ῥημάτων
3569 2502 3623 2539 τε

2054 2563 2150 2614 καὶ
2183 2564 2557 2634 πραγμάτων·
2594 2565 2644 2618 οἳ
2676 2566 2739 2618 οὐ
2780 2567 2942 2637 μόνον
2983 2570 3168 2639 ἄκρων
3202 2575 3289 2626 ἐπ’
3317 2572 3644 2644 ἀνθερίκωεῗ

2053 2654 2448 2725 ἐξανεμοῦνται
2469 2657 2633 2724 θέειν,
2665 2658 2802 2713 ἀλλὰ
2837 2661 2929 2714 καὶ
2955 2661 3202 2732 Πήγασοι
3235 2668 3620 2740 ἀερσιπότητοι

2053 2748 2334 2819 φέρονται,
2369 2751 2826 2820 περιφρονοῦντες
2863 2752 2964 2823 τὴν
2999 2757 3320 2826 φυσιολόγον
3351 2777 3618 2830 γραμμα-

2052 2840 2231 2910 τικήν.
2275 2840 2615 2910 Συλλήψεταί
2650 2860 2732 2897 σοι
2766 2844 2862 2896 καὶ
2892 2845 3117 2900 Πλάτων
3143 2847 3305 2912 αὐτὸς
3337 2852 3428 2905 τοῦ
3459 2856 3623 2924 πονή-

2055 2948 2245 3000 ματος,
2286 2935 2313 2985 ὁ
2363 2932 2463 3002 τὴν
2502 2933 2824 3004 φιλοσοφίαν
2863 2938 3159 3008 μετάρσιος
3184 2954 3198 2969 ’
3250 2943 3345 2995 καί⁵
3393 2943 3503 3015 γάρ
3541 2963 3619 2998 τοι

2055 3023 2148 3076 καὶ
2181 3023 2344 3087 αὐτὸς
2379 3024 2600 3095 ἔχαιρεν
2626 3027 2990 3084 ἀναπτύσσων
3024 3030 3285 3102 ὀνόματα,
3313 3037 3408 3090 καὶ
3443 3038 3540 3110 τὴν
3566 3043 3620 3092 ἐν

2055 3118 2240 3180 αὐτοῖς
2301 3117 2574 3188 θεώμενος
2638 3122 2929 3188 ἐγκύκλιον
2989 3126 3224 3196 φυσικὴν
3289 3131 3618 3202 ἐτυμότητα.

2058 3209 2242 3278 Ἔχεις
2279 3209 2343 3279 δὴ
2374 3206 2488 3275 οὖν,
2519 3211 2587 3265 τὰ
2616 3212 2714 3279 μὲν
2752 3213 2960 3283 μαθὼν,
2987 3217 3052 3271 τὰ
3079 3218 3122 3270 δ’
3161 3221 3321 3285 αὐτὸς
3361 3222 3618 3295 ἐξευρὼν,

2056 3299 2176 3369 θείᾳ
2200 3302 2361 3367 φύσει
2387 3301 2802 3371 ἐπιπρέπουσαν
2829 3306 2928 3374 τὴν
2953 3307 3046 3362 τοῦ
3078 3311 3239 3377 ἱεροῦ
3270 3312 3468 3380 κλῆσιν
3491 3332 3505 3346 ·
3535 3319 3624 3369 καὶ

2055 3389 2202 3443 είποι
2257 3408 2341 3453 τις
2403 3390 2469 3443 ἂν
2530 3391 2900 3464 θαρρούντως,
2959 3397 3017 3450 τὸ
3084 3399 3186 3467 μὲν
3243 3403 3404 3470 ἱερὸς
3447 3407 3622 3460 αὐτῶν

2055 3480 2306 3550 ὲξῆφθαι,
2348 3483 2456 3536 τῶν
2501 3483 2661 3537 θείων
2699 3489 2795 3540 καὶ
2847 3487 2982 3540 Θεοῦ
3043 3490 3210 3543 αὑτοῦ
3260 3494 3621 3566 κολλώμενον,

2055 3564 2188 3634 οἷον,
2236 3571 2268 3642 ἢ
2318 3573 2681 3642 ἐμφυόμενον,
2718 3577 2812 3629 καὶ
2858 3577 2998 3633 οὕτω
3045 3598 3162 3644 πως
3211 3564 3620 3655 οἰκειούμενον·

2058 3663 2268 3715 ἐκεῖθεν
2310 3663 2366 3717 δὲ
2407 3667 2908 3737 μεταρῤυῒσκεσθαι
2955 3671 3012 3724 τὸ
3049 3675 3248 3744 σεμνὸν
3295 3681 3391 3731 καὶ
3420 3682 3515 3735 ἐπὶ
3538 3684 3624 3736 τὸν

2057 3754 2236 3820 ἱερέα,
2269 3755 2362 3807 καὶ
2389 3757 2483 3808 ἐπὶ
2511 3758 2578 3810 τὰ
2605 3761 2727 3810 κατ’
2767 3761 2956 3826 αὐτὸν,
2992 3765 3082 3817 καὶ
3114 3767 3351 3833 μάλιστα
3397 3773 3490 3824 ἐπὶ
3535 3775 3625 3826 τὸν

2055 3846 2115 3900 ἐν
2141 3851 2254 3908 τοῖς
2278 3850 2545 3914 τοιούτοις
2574 3854 2940 3923 προάρχοντα.
2968 3859 3080 3911 Καὶ
3108 3855 3257 3922 οἶδας
3283 3864 3508 3930 πάντως
3535 3869 3621 3919 τὸν

2057 3937 2152 3988 καὶ
2184 3938 2400 4007 πρῶτον
2430 3943 2526 3994 καὶ
2555 3942 2730 4010 μέγαν
2762 3945 2858 3998 καὶ
2881 3945 3049 4009 ὅντως
3074 3948 3300 4018 ὕψιστον
3327 3953 3622 4022 ἀρχιερέα,

2054 4032 2144 4084 τὸν
2175 4032 2293 4084 ὅλον
2334 4034 2532 4100 ἵλαον,
2562 4037 2654 4089 τὸν
2700 4037 2821 4091 ὅλον
2858 4043 3151 4110 σωτηρίαν,
3190 4043 3249 4106 ὃς
3270 4047 3420 4115 ἡμᾶς
3451 4050 3623 4112 ὁσίους

2056 4123 2205 4193 αὐτῷ
2230 4126 2508 4194 καθιεροῖ,
2540 4130 2634 4180 καὶ
2662 4127 2755 4180 τοῦ
2782 4131 3026 4184 τοιούτου
3053 4134 3262 4200 ἀγαθοῦ
3301 4139 3622 4206 μεταδίδωσι

2057 4215 2152 4269 καὶ
2189 4216 2381 4286 κλήσει
2420 4220 2515 4272 καὶ
2541 4220 2850 4290 πράγματι.
2887 4224 3154 4294 Κατέχεις
3190 4227 3289 4299 ἤδη
3327 4230 3514 4297 γνοὺς,
3548 4229 3622 4284 oi-

2062 4324 2181 4377 μαι,
2215 4302 2258 4366 ὦ
2280 4309 2529 4377 Θεόφιλε,
2556 4305 2668 4373 οἷός
2701 4328 2786 4375 τις
2815 4315 2842 4365 ὀ
2870 4313 3083 4381 ἱερεὺς,
3109 4317 3341 4387 πηλίκος
3363 4320 3420 4373 δέ
3443 4322 3622 4389 (Scip);-

370 4387 536 4455 phile,
569 4389 751 4458 qualis
794 4390 1052 4444 sacerdos
1095 4391 1189 4454 sit,
1239 4389 1424 4457 qualis
1473 4391 1727 4461 princeps
1764 4407 1947 4447 sacer-

2059 4398 2273 4466 ιερεὺς,
2300 4402 2459 4452 ὁποῖα
2496 4402 2552 4453 δὲ
2598 4403 2694 4454 καὶ
2716 4402 2786 4455 τὰ
2813 4403 2975 4457 λοιπὰ
2998 4405 3093 4460 τοῦ
3117 4407 3365 4462 τοιούτου
3389 4415 3618 4481 στοίχου,

373 4478 493 4538 dos.
551 4491 606 4532 et
633 4493 754 4547 qua!
795 4489 991 4534 caetera
1023 4479 1296 4548 ejusmodi
1332 4491 1462 4535 sunt
1496 4482 1683 4535 verba.

445 4569 532 4620 to.
572 4569 908 4637 Theophilus.
947 4571 1144 4626 Subtili
1194 4585 1258 4625 ac
1306 4571 1530 4626 sublimi
1579 4573 1792 4630 ratione
1837 4577 1949 4629 haec

374 4660 700 4725 exposuisti,
743 4661 1044 4717 Hierocles.
1099 4663 1299 4718 Vocem
1341 4663 1558 4732 quidem
1606 4664 1751 4734 ἱερὸν
1797 4667 1949 4736 (sau-

376 4748 544 4816 ctum)
576 4747 687 4802 Deo
718 4751 1018 4806 attribuisti
1047 4753 1206 4822 eique
1241 4753 1342 4808 soli
1379 4755 1706 4810 concessisti
1741 4767 1796 4811 et
1823 4774 1952 4827 pro-

376 4839 550 4906 priatn
567 4853 687 4893 esse
713 4840 948 4907 voluisti,
971 4857 1160 4897 vocem
1184 4853 1365 4898 autem
1393 4843 1640 4912 θεοφιλὲς
1663 4847 1793 4918 (Deo
1821 4852 1950 4904 cha-

381 4928 522 4999 rum)
555 4928 700 4982 velut
726 4932 1123 5000 scaturigiuem
1159 4934 1313 4988 illinc
1342 4932 1703 5001 proﬂuentem
1738 4940 1789 4993 in
1816 4944 1951 4996 auti-

377 5035 470 5076 cos
498 5020 616 5092 ejus
651 5020 889 5076 deﬂuere
923 5023 1122 5079 videris
1153 5023 1378 5080 dixisse.

454 5109 743 5166 Hierocles.
779 5113 853 5166 Ita
901 5123 1005 5176 est.
1040 5129 1074 5170 ο
1105 5114 1424 5188 'l'hcophile.
1481 5121 1649 5192 igitur
1694 5124 1949 5180 sacerdos

380 5199 471 5254 ille
499 5202 551 5255 in
579 5204 780 5256 saecula
812 5213 867 5258 et
891 5221 1144 5262 summus
1176 5211 1440 5268 sacerdos
1476 5215 1719 5283 piissime
1750 5215 1951 5284 gloriﬁ-

379 5297 580 5361 Catur;
627 5311 733 5351 vox
785 5307 963 5352 autem
999 5299 1246 5370 θεοφιλὲς
1293 5321 1436 5359 nunc
1479 5309 1700 5376 quidem
1766 5308 1951 5362 nescio

379 5394 620 5458 quanam
657 5391 872 5445 ratione
909 5391 1020 5450 Deo
1055 5407 1350 5466 competat.
1383 5399 1652 5455 Videntur
1696 5403 1844 5455 enim
1875 5411 1954 5455 ta-

377 5471 450 5527 lia
483 5483 703 5547 proprio
756 5498 924 5537 sensu
953 5486 1004 5540 ci
1038 5490 1257 5544 attribui
1285 5532 1298 5559 ,
1333 5493 1652 5553 hominibus
1686 5501 1867 5548 autem
1900 5493 1948 5548 ci

377 5564 562 5620 charis
595 5570 652 5621 τι
688 5570 952 5640 θεοφιλές.

2129 4579 2178 4625 ι’.
2216 4573 2526 4641 Θεόφιλος.
2561 4574 2708 4626 Πάνυ
2739 4573 2861 4629 λίαν
2892 4575 2960 4628 τὰ
2984 4579 3210 4634 τοιαῦτα
3239 4586 3601 4658 μετεώρισας,

2066 4666 2378 4735 Ἱερόκλεις.
2417 4667 2526 4718 Καὶ
2562 4665 2621 4718 τὸ
2657 4666 2754 4734 μὲν
2791 4669 2952 4735 ἱερὸν
2978 4673 3337 4744 παρέστησας
3371 4681 3450 4750 τῷ
3482 4682 3613 4750 Θεῷ,

2056 4757 2155 4809 καὶ
2188 4756 2320 4824 παρ’
2365 4756 2516 4826 αὐτῷ
2571 4758 2791 4827 ἀφῆκας
2827 4761 3033 4828 μένειν,
3085 4771 3179 4818 καὶ
3223 4751 3513 4836 ᾠκείωσας
3545 4774 3619 4833 si;

2055 4849 2333 4920 ἐγγύτητα
2363 4867 2375 4880 ·
2409 4851 2468 4902 τὸ
2520 4851 2577 4902 δὲ
2632 4853 2912 4920 θεοφιλὲς
2962 4856 3268 4927 ἀπόρροιαν
3312 4863 3531 4928 ἀφῆκας
3564 4864 3618 4928 ἐξ

2055 4942 2294 5006 ἐκείνου,
2348 4936 2527 5011 οἶμαι,
2579 4945 2660 5007 είς
2718 4945 2846 5008 τοὺς
2881 4947 3034 5018 αὐτῷ
3084 4951 3278 5018 φίλους
3331 4939 3615 5009 ἐπιστολα-

2058 5033 2271 5098 ξασθαι.

2137 5123 2457 5192 Ἱεροκλῆς.
2485 5122 2670 5186 Οὕτως
2695 5123 2829 5194 ἔχει,
2858 5140 2903 5180 ω
2929 5127 3179 5197 Θεόφιλε.
3209 5133 3420 5186 Οὐκοῦν
3437 5135 3616 5203 Ιερεὺς

2057 5219 2157 5286 μὲν
2210 5217 2419 5278 ἐκεῖνος
2454 5217 2532 5278 el;
2564 5216 2653 5268 τὸν
2702 5217 2898 5282 αἰῶνα,
2931 5221 3024 5272 καὶ
3063 5222 3380 5292 ἀρχιερεὺς
3409 5228 3463 5279 δὲ
3494 5245 3616 5296 asy-

2053 5309 2252 5361 νότατα
2308 5307 2616 5371 δοξάζεταγ
2669 5308 2728 5360 τὸ
2789 5308 2846 5360 δέ
2892 5313 3192 5380 θεοφιλὲς,
3244 5319 3348 5370 οὐκ
3395 5313 3508 5371 οἶδα
3544 5315 3616 5387 τῷ

2055 5404 2239 5463 τέως,
2281 5397 2440 5467 ὁποίᾳ
2503 5395 2663 5463 λόγου
2729 5397 2969 5454 διαθέσει
3038 5407 3324 5474 προσφυὲς
3376 5409 3452 5478 τῷ
3505 5406 3614 5476 Θεῷ

2054 5489 2232 5541 ἔσται.
2289 5489 2449 5540 Δοκεῖ
2491 5484 2600 5554 γὰρ
2651 5486 2720 5537 τὰ
2769 5489 2994 5543 τοιαῦτα
3041 5494 3142 5562 μὲν
3209 5498 3425 5560 οἰκείως
3475 5496 3615 5568 αὐτῷ

2055 5579 2411 5648 ἐπιλέγεσθαι
2437 5618 2450 5644 ,
2483 5577 2792 5648 ἀνθρώποις
2833 5579 2888 5632 δὲ
2922 5583 3096 5649 φίλοις
3128 5589 3277 5660 αὐτῷ
3325 5590 3387 5642 τὸ
3436 5593 3614 5660 θεοφι-

2128 5693 2157 5732 ς
2166 5705 2179 5724 ο
