3992 6240
495 357 606 427 υἳι

1206 339 1807 411 ΕΗΞΤΑΤΗΠᾸΤΙΙΕ
1820 343 1948 403 SSA
1960 341 2079 402 LO)

2189 339 2284 400 EN
2290 340 2409 401 SlS
2449 338 3007 402 METROPOLITrE

3632 335 3736 400 εδει

489 477 697 530 virtute
736 466 1078 541 pracellaut,
1114 463 1432 519 necessario
1480 473 1536 516 et
1582 460 1749 515 Deum
1784 458 2066 529 diligentes

2181 474 2320 520 τους.
2349 456 2471 510 Τῶν
2519 455 2578 509 δὲ
2623 454 2827 508 λοιπῶν
2872 454 2926 507 εἷ
2970 471 3056 517 τις
3092 447 3402 520 θεοφιλὴς.
3452 451 3609 504 ἔσται
3644 454 3737 521 μὲν

493 564 809 637 (θεοφιλεῖς)
850 568 909 615 ει
957 557 1062 612 Deo
1107 555 1292 609 dilecti
1345 553 1633 623 (Οεὰιριλοι)
1679 550 1973 604 exsistant.
2020 547 2064 600 E

495 657 711 717 caeteris
743 660 923 707 autent
959 652 1006 705 si
1034 649 1159 719 quis
1194 646 1359 701 fuerit
1402 648 1572 701 Deum
1599 644 1826 714 diligens
1852 641 2063 712 (θεοφι-

498 748 643 818 λὴς).
681 748 818 801 bene
861 743 943 799 sic
988 738 1380 811 appellabitur,
1418 738 1491 790 nil
1545 743 1730 793 autem
1781 733 1957 789 sancti
2007 733 2067 787 in

499 839 621 909 ejus
648 850 847 891 nomen
882 831 1231 891 redundabit,
1267 828 1373 884 nisi
1401 827 1576 882 sancti
1602 840 1799 881 nomen
1830 823 2067 892 accipiat

502 940 556 989 et
592 928 948 985 nanciscatur
969 938 1000 977 a
1023 921 1232 977 sanctis
1257 919 1349 975 Dei
1379 918 1572 973 amicis
1600 928 1655 971 et
1684 915 2067 971 securitatibus

504 1037 560 1079 et
612 1016 1165 1087 arcltisacerdotibus,
1216 1010 1568 1080 quantumvis
1616 1010 1762 1064 inter
1816 1009 2068 1063 homines

499 1111 748 1169 excellat.
794 1090 1093 1163 Considera
1133 1105 1262 1157 mihi
1318 1102 1686 1157 venerandum
1726 1101 1873 1154 illum
1926 1102 2069 1155 inter

502 1206 859 1272 imperatores
889 1210 942 1255 et
978 1195 1257 1268 Apostolis
1286 1195 1572 1264 aequalem,
1623 1208 1881 1260 magnum
1914 1191 2069 1247 Con-

504 1276 829 1358 stantinum,
864 1292 954 1362 qui
1002 1293 1056 1347 in
1106 1290 1308 1345 litteris
1348 1288 1416 1343 ad
1459 1302 1582 1342 eum
1615 1286 1758 1341 datis
1790 1285 1900 1339 Deo
1934 1284 2071 1340 dile-

508 1391 788 1446 ctissimus
837 1385 1237 1456 appellabatur,
1288 1382 1408 1451 ipse
1458 1391 1683 1443 autem,
1733 1378 1954 1448 quando
2000 1378 2070 1434 ad

507 1481 647 1535 alios
674 1477 972 1540 scribebat,
1000 1489 1059 1529 se
1100 1471 1454 1529 reverendum
1492 1479 1790 1537 augustum
1827 1468 2067 1535 dicebat,

503 1584 605 1623 nec
624 1576 804 1621 tamen
824 1577 1063 1633 unquam
1095 1560 1270 1616 sancti
1300 1574 1496 1614 nomen
1521 1559 1626 1612 sibi
1654 1559 1943 1626 arrogabat
1969 1573 2069 1614 nec

504 1659 573 1713 ab
602 1658 727 1713 aliis
763 1671 998 1725 unquam
1024 1651 1293 1707 audiebat.
1317 1651 1485 1717 Satis,
1512 1658 1570 1705 ιιι
1596 1649 1813 1720 opinor,
1839 1666 1870 1704 ο
1893 1647 2072 1705 Theo-

507 1750 672 1820 pltile,
695 1748 858 1802 dubia
881 1760 1003 1815 quae
1033 1751 1269 1798 mentcnt
1298 1750 1446 1798 tuam
1479 1742 1845 1808 oll'uscabant,
1875 1743 2072 1798 dissol-

2167 549 2326 602 τοῦτο
2355 549 2525 614 ἀξίως
2555 545 2967 615 ἐπιλεγόμενος,
2997 544 3149 598 οὐδὲν
3184 543 3241 595 δέ
3290 560 3343 595 τι
3375 544 3735 612 ἱερωνιιμού·

2160 653 2352 707 μενον
2392 638 2473 699 εἰς
2535 635 2728 704 κλῆσιν
2780 631 3334 703 προσεφελκύσεταιο
3390 631 3528 685 ἀλλὰ
3580 633 3737 685 τοῦτο

2166 728 2264 781 καὶ
2312 727 2472 796 μόνον
2532 722 2714 777 λαϐὼν
2760 723 2854 777 καὶ
2892 721 3072 793 λαχὼν
3130 724 3195 775 ὲκ
3247 721 3357 775 τῶν
3416 721 3537 789 Θεῷ
3568 721 3737 788 φίλων

2167 816 2339 888 ἱερῶν
2378 820 2475 872 καὶ
2515 815 2719 885 ἱερέων
2769 817 2866 869 καὶ
2905 814 3271 884 ἀρχιερέων,
3317 812 3584 881 ἀφέξεται
3640 812 3735 865 τοῦ

2167 910 2288 963 κατ’
2345 908 2589 971 ἐκείνους
2642 908 2803 977 ἱεροῦ
2861 907 3167 976 ὀνόματος,
3216 905 3322 961 κᾶν
3365 907 3630 973 μέγιστον
3670 909 3727 957 ἐν

2167 1000 2475 1072 ἀνθρώποις
2524 1000 2901 1071 προφαίνοιτο.
2969 998 3313 1052 Ἐνατένισον
3347 997 3481 1065 γοῦν
3514 999 3596 1059 εἰς
3644 978 3734 1049 τὸν

2168 1094 2228 1147 ὲν
2269 1096 2670 1163 οἰκουμενιλοῖς
2720 1092 3005 1161 βασιλεῦσι
3040 1090 3296 1145 κύδιστον
3341 1088 3737 1153 ῑσαπὸστολον,

2168 1185 2258 1239 τὸν
2290 1186 2460 1255 μέγαν
2502 1187 2935 1250 Κωνσταντῖνον,
2971 1185 3029 1250 ὃς
3069 1185 3464 1254 amputato;-
3496 1200 3739 1254 προτρε-

2172 1277 2405 1346 φόμενος
2456 1279 2514 1331 ἂν
2566 1280 2688 1339 ταῖς
2738 1278 2963 1334 ἄλλοθεν
2993 1279 3328 1342 ἐπιστολαῖς,
3366 1277 3530 1339 αὐτὸς
3566 1277 3626 1327 δέ
3672 1291 3736 1341 γε

2171 1367 2473 1434 θειότερον
2499 1367 2806 1423 σεϐαστόν
2834 1367 3030 1422 ἑαυτὸν
3076 1366 3461 1436 ἐπονομάζων,
3497 1364 3741 1433 ὁπηνίκα

2171 1459 2379 1528 ἑτέροις
2440 1459 2767 1528 ὶπιστέλλοι,
2824 1460 2975 1529 ὅμως
3032 1459 3269 1528 οὐδαμοῦ
3328 1458 3741 1527 moirti-putrer

2172 1551 2358 1616 αὑτὸν,
2391 1551 2512 1604 οὐδὲ
2559 1553 2667 1622 μὴν
2702 1550 2944 1604 τοιοῦτόν
2971 1549 3026 1602 τί
3057 1549 3223 1602 ποθεν
3256 1551 3515 1619 ἤκουσεν.
3544 1542 3739 1615 Οἶμαι,

2172 1644 2499 1715 ἀρκούντως
2521 1662 2568 1700 ω
2588 1645 2843 1713 Θεόφιλε,
2879 1644 3311 1712 διελευκάναμεν
3339 1643 3402 1695 τὸ
3448 1641 3617 1712 μέλαν
3645 1641 3745 1707 τῆς

2174 1734 2232 1787 ὲν
2278 1735 2363 1788 σοὶ
2412 1736 2673 1808 ἀπορίας,
2708 1735 2784 1797 ὡς
2844 1734 3047 1806 μηκέτι
3103 1734 3322 1790 δέεσθαι
3350 1733 3548 1806 τριϐῆς
3582 1732 3745 1800 λόγον

506 1842 702 1902 simus,
737 1839 811 1890 ita
847 1847 905 1891 ut
957 1836 1038 1890 eis
1091 1834 1298 1889 diutius
1354 1835 1621 1889 inhaerere
1672 1835 1760 1888 vix
1788 1848 1928 1903 opus
1977 1834 2066 1889 sit.
2101 1838 2144 1892 Β
2174 1826 2440 1889 πλείονος.

610 1930 674 1983 19
709 1965 724 1981 .
763 1923 1100 1993 Theophilus.
1134 1923 1370 1991 Optime,
1406 1937 1438 1975 o
1470 1921 1766 1989 Hierocles,
1823 1922 1901 1977 rei
1946 1937 2069 1978 sen-

505 2037 625 2077 sum
667 2017 903 2087 percepi.
936 2015 1073 2068 Ecce
1106 2014 1248 2069 enim
1279 2013 1335 2068 in
1365 2013 1560 2068 animat
1600 2012 1908 2069 recessibus
1968 2014 2072 2068 hoc

506 2110 794 2181 insculpsi,
827 2110 1041 2164 beatum
1077 2122 1201 2162 esse
1257 2106 1532 2162 hominem
1585 2122 1697 2162 non
1747 2107 1923 2162 solum
1979 2106 2072 2176 qui

509 2219 637 2260 vere
657 2213 881 2259 sanctus
911 2208 964 2254 et
987 2198 1367 2256 sanctissimus
1423 2200 1758 2266 nominatur,
1788 2198 1883 2254 sed
1906 2197 2072 2253 etiam

510 2298 621 2353 Deo
638 2297 893 2351 dilectum
909 2302 967 2350 et
989 2293 1095 2346 Deo
1115 2291 1534 2355 amicissimum,
1557 2290 1770 2346 etiamsi
1794 2290 2070 2360 paululum

509 2387 846 2446 discriminis
874 2385 1051 2440 adhuc
1076 2384 1438 2453 relinquatur.
1491 2382 1775 2438 Ridiculus
1807 2381 1973 2452 igitur
1991 2389 2077 2436 est

508 2477 922 2535 arcbisacerdos
948 2482 964 2540 (
988 2475 1208 2546 gravius
1230 2476 1374 2528 enim
1394 2488 1514 2528 eum
1541 2484 1729 2528 notare
1756 2473 1838 2527 vix
1860 2471 2075 2543 ausim)

510 2573 602 2641 qui
634 2586 830 2625 nomen
852 2569 1151 2624 contemnit
1173 2580 1283 2635 quo
1313 2565 1434 2634 quis
1482 2564 1653 2620 Deum
1700 2565 1927 2635 diligere
1949 2563 2081 2620 ed0—

509 2675 686 2716 cetur.
722 2659 951 2714 Videtur
981 2659 1120 2713 enim
1150 2657 1273 2712 talis
1304 2657 1451 2711 nullo
1472 2657 1646 2712 sancti
1670 2672 1854 2712 amore
1881 2657 2075 2723 teneri,

510 2756 557 2812 si
581 2770 644 2810 ea
680 2764 870 2810 sancta
899 2753 1062 2806 habet
1081 2766 1201 2822 qua:
1226 2748 1336 2804 Dco
1369 2764 1477 2803 non
1497 2757 1718 2819 accepta
1750 2746 1898 2803 sunt.

581 2930 869 2987 Hierocles.
900 2927 1158 2984 Gratulor
1183 2926 1302 2994 tibi,
1329 2942 1361 2982 ο
1400 2924 1722 2995 Theophila,
1779 2932 1921 2996 quod
1967 2941 2078 2982 rem

2247 1918 2336 1973 ιϐ’.
2371 1919 2681 1986 θεόῷιλος.
2719 1917 3167 1990 Ἦκριϐωσάμην,
3195 1912 3241 1973 ὦ
3285 1918 3599 1988 Ἱερόκλεις,
3648 1923 3750 1994 τὴν

2173 2010 2402 2080 γνῶσιν.
2451 2009 2579 2064 Ἰδοὺ
2616 2011 2724 2080 γὰρ
2777 2009 3175 2081 ἐξεγραψάμην
3203 2014 3261 2065 ὲν
3294 2015 3360 2082 τῇ
3395 2018 3540 2067 κατᾶ
3567 2016 3748 2086 ψυχὴν

2173 2102 2342 2173 δέλτῳ
2368 2100 2640 2172 μακάριον
2668 2097 2808 2156 εἶναι
2839 2100 3130 2173 ἄνθρωπον
3171 2101 3250 2174 μὴ
3273 2104 3432 2172 μόνον
3462 2104 3557 2158 τὸν
3584 2105 3748 2175 ἠξιω-

2178 2195 2336 2265 μένον
2360 2176 2522 2261 ὶερὸν
2552 2192 2646 2247 καὶ
2671 2191 2992 2260 ιερώτατον
3021 2193 3392 2264 ὀνομάζεσθαι
3440 2196 3582 2267 πρὸς
3618 2196 3750 2266 ἀλή-

2176 2284 2350 2350 θειαν,
2380 2283 2518 2338 ἀλλὰ
2547 2285 2640 2337 καὶ
2681 2284 2775 2337 τὸν
2808 2282 2933 2338 κατ’
2962 2284 3128 2339 αὐτὸν
3172 2285 3426 2354 θεοφιλῆ
3481 2288 3577 2340 καὶ
3615 2288 3748 2363 θεο-

2175 2379 2490 2451 φίλτατον,
2512 2377 2564 2430 ει
2588 2376 2680 2431 καί
2707 2393 2762 2429 τι
2783 2376 3051 2447 διαφορᾶς
3078 2376 3181 2450 ήδη
3201 2377 3665 2449 λελεπτολόγηται
3693 2381 3751 2434 ὲν

2176 2468 2384 2530 αὐτοῖς.
2414 2464 2650 2531 Γελοϊος·
2676 2461 2769 2521 οὖν
2797 2467 3113 2537 ἀρχιερεὺς
3140 2466 3518 2537 (εὐλαϐοῦμαι
3552 2469 3665 2540 γάρ
3697 2484 3750 2523 τι

2175 2560 2358 2632 χεῖρον
2382 2557 2600 2629 σκῶψαι
2620 2560 2662 2627 ).
2690 2558 2746 2623 6;
2771 2558 2995 2627 ἀπαξιοῖ
3019 2559 3121 2631 τὴν
3143 2559 3358 2631 κλῆσιν,
3387 2559 3454 2613 δι’
3482 2554 3751 2632 ἦς’φιλεῑν

2177 2667 2298 2705 τινα
2322 2652 2351 2704 6
2374 2651 2508 2715 Θεὸς
2534 2651 2914 2723 παραδίδοται.
2942 2652 3098 2706 Δοκῶ
3132 2669 3223 2724 μοι
3245 2652 3357 2723 γὰρ
3389 2652 3481 2707 τὸν
3508 2654 3750 2708 τοιοῦτον

2177 2743 2256 2813 τῷ
2295 2744 2458 2799 παντὶ
2489 2743 2649 2798 πλέον
2690 2743 2829 2815 μηδὲ
2855 2743 2934 2815 τῷ
2957 2743 3092 2812 ιερῷ
3125 2745 3363 2819 χαίρειν,
3404 2746 3453 2800 εἰ
3478 2746 3755 2821 yet-qius.

2177 2853 2269 2891 ται
2298 2836 2367 2891 τὰ
2399 2836 2549 2904 ιερὰ,
2577 2838 2681 2890 ὅσα
2719 2836 2794 2906 μὴ
2818 2836 2949 2904 φίλα
2980 2835 3122 2907 Θεῷ.

2261 2928 2584 2999 Ἱεροκλῆς.
2609 2928 2925 2999 Μακαρεζω
2958 2945 3020 2983 σε
3054 2928 3151 2983 τοῦ
3186 2929 3434 2995 ἐντελοῦς
3468 2920 3753 3002 φρονήμα-

511 3024 647 3081 bene
681 3019 1178 3091 comprehenderis.
1207 3018 1328 3073 Jam
1387 3034 1537 3085 vero,
1571 3027 1629 3072 ut
1665 3019 1718 3072 in
1773 3018 1914 3073 votis
1962 3016 2079 3072 ﬁeri

2181 3039 2295 3090 τος,
2323 3015 2369 3076 ὦ
2415 3020 2664 3090 Θεόφιλε,
2700 3022 2795 3074 καὶ
2845 3022 2940 3075 ἐπὶ
3000 3023 3114 3083 τοῖς
3160 3023 3474 3093 εἰρημένοις
3503 3024 3753 3092 κολοφὼν

510 3116 673 3180 colet,
695 3113 1051 3183 colophonem
1081 3111 1367 3175 addamus,
1399 3119 1452 3164 et
1479 3110 1757 3164 videamus
1810 3109 2079 3180 quomodo

2181 3100 2435 3178 olovsatlg
2475 3112 2681 3185 ψήφοις
2713 3113 2871 3183 ἡμῶν
2926 3113 3339 3184 ὲπιὸεὸλήσθω,
3379 3117 3474 3169 καὶ
3504 3114 3581 3179 ὡς
3608 3118 3756 3198 δοκοεῖ

514 3216 765 3263 sanctum
799 3213 1016 3274 praestet
1047 3211 1103 3259 et
1142 3201 1319 3256 latiori
1349 3214 1515 3256 sensu
1567 3202 1865 3269 accipiatur
1914 3215 2076 3271 quant

2182 3204 2528 3258 πλεονεκτεῖν
2553 3198 2616 3259 τδ
2655 3206 2841 3273 ἱερὸν,
2872 3205 2971 3258 καὶ
3001 3206 3082 3268 εἰς
3131 3206 3468 3278 πλατύτερον
3497 3209 3751 3281 διακεχιὶ·

512 3299 624 3352 Deo
650 3297 906 3352 dilectum
934 3298 952 3366 (
980 3294 1189 3349 utinam
1221 3294 1295 3349 sit
1332 3290 1442 3346 Deo
1463 3293 1720 3348 dilectum
1745 3293 1789 3362 ).
1808 3292 2078 3363 siquidem

515 3393 566 3446 id
601 3389 744 3461 quod
772 3389 878 3443 Deo
911 3388 1166 3442 dilectum
1196 3393 1280 3439 est
1304 3385 1466 3441 etiam
1492 3392 1742 3440 sanctum
1773 3383 1895 3454 jure
1922 3384 2083 3439 meri-

514 3492 681 3553 toque
718 3480 943 3547 dixeris,
984 3494 1089 3535 non
1151 3486 1333 3534 autem
1390 3492 1551 3533 omne
1610 3490 1856 3534 sanetum
1912 3477 2082 3533 etiam

515 3570 626 3628 Dco
654 3572 933 3636 dilectum,
967 3570 1072 3625 nisi
1134 3569 1480 3625 solummodo
1535 3575 1753 3633 natura,
1821 3567 2083 3637 quemad-

518 3664 735 3719 modum
767 3671 894 3718 ante
926 3677 1022 3717 nos
1050 3659 1271 3731 quidam
1296 3661 1504 3731 accepit
1527 3659 1716 3715 dicens
1747 3658 1886 3715 :Hic
1919 3659 2083 3716 homo

515 3753 1099 3818 sanctnsnatura,hoe
1129 3762 1212 3806 est
1246 3766 1454 3807 revera.
1517 3749 1635 3805 Jam
1668 3751 1715 3806 si
1757 3766 1847 3807 res
1899 3751 1980 3807 sic
2021 3765 2084 3807 se

521 3844 681 3899 habet
709 3852 764 3897 et
792 3853 1016 3897 sanctus
1067 3840 1380 3897 necessario
1419 3841 1796 3897 consideratur
1824 3851 2083 3913 tanquam

518 3936 630 3991 Deo
666 3930 922 3995 dilectus.
949 3936 1068 3989 vice
1098 3949 1257 3989 versa
1284 3934 1539 3999 dixerim,
1567 3935 1713 4003 quod
1743 3934 1922 3990 omnis
1972 3935 2084 3991 Deo

2181 3292 2308 3346 σθαι
2331 3291 2425 3346 τοῦ
2451 3294 2794 3363 θεοφιλοῦς,
2824 3293 2937 3346 εἴθε
2958 3295 3283 3363 θεοφιλοῦς
3300 3311 3313 3326 ·
3339 3297 3455 3365 εῐγε
3478 3300 3754 3368 θεοφαιὲς

2184 3385 2285 3455 μὲν
2304 3385 2450 3439 ἅπαν
2471 3387 2565 3440 καλ⁸
2587 3386 2750 3454 ἱερὸν
2778 3381 2916 3439 εἶναι
2941 3385 3165 3458 θοιῤῥῶν
3191 3386 3257 3441 ἄν
3279 3403 3363 3452 τις
3389 3389 3751 3461 ἀποφήναιτο,

2180 3477 2281 3530 οὐκ
2304 3476 2404 3548 ἠδη
2427 3477 2485 3530 δὲ
2517 3478 2610 3530 καὶ
2640 3475 2787 3530 ἅπαν
2817 3477 2981 3545 ἱερὸν
3034 3477 3336 3547 θεοφιλὲς,
3368 3480 3453 3533 ὅτι
3490 3484 3568 3550 μὴ
3598 3484 3755 3552 μόνον

2179 3567 2242 3619 τὺ
2273 3566 2610 3636 φύσει,καθά
2640 3566 2915 3641 ἐθεώρησε
2948 3566 3052 3638 πρὸ
3082 3568 3237 3639 ἡμῶν
3269 3568 3363 3622 καὶ
3382 3571 3411 3622 6
3436 3572 3654 3640 φράσας
3675 3571 3754 3638 τὸ,

2186 3660 2523 3726 Ἄνθρωπος
2577 3655 2758 3726 οὗτος
2801 3657 2956 3728 ἱερὸς
3012 3660 3217 3730 φύσει,
3251 3659 3448 3715 ταυτὸν
3488 3662 3533 3715 δ’
3560 3664 3753 3729 εἰπεῖν,

2186 3748 2479 3819 ’Λληθῶς.
2513 3750 2576 3804 El
2606 3750 2737 3818 γοῦν
2770 3749 3014 3804 τοιοῦτον
3046 3751 3106 3805 τὸ
3136 3753 3368 3823 πρᾶγμα
3397 3753 3751 3814 καθίσταται.

2182 3842 2276 3897 καὶ
2305 3844 2332 3895 6
2356 3843 2517 3911 ἱερὸς
2534 3840 2851 3910 ἀναγκαίως
2875 3842 3097 3908 πάντως
3123 3844 3415 3914 θεοφιλὴς
3438 3847 3750 3917 θεωρεῖται,

2184 3935 2396 4005 εἴποιμι
2423 3935 2468 3988 δ’
2493 3935 2559 3988 ἂν
2593 3934 2944 4005 ἀνακάμψαι,
2971 3935 3047 3997 ὡς
3075 3935 3169 3989 καὶ
3195 3938 3223 3989 6
3258 3937 3549 4007 θεοφιλὴς
3579 3940 3751 4006 Ιερός.

516 4030 750 4084 dilectus
778 4028 940 4081 etiam
970 4037 1189 4082 sanctus
1213 4035 1315 4081 est.
1349 4025 1572 4080 Frustra
1604 4027 1771 4096 igitur
1793 4027 1927 4082 vivit
1986 4027 2079 4099 qui

2184 4023 2478 4096 Τηνάλλως
2502 4023 2612 4096 βιοῖ
2632 4028 2659 4079 6
2695 4026 2773 4097 μὴ
2792 4028 2885 4080 καὶ
2915 4027 3251 4096 ἀμφοτέροις
3273 4029 3587 4098 ὲμπρέπειν
3606 4030 3756 4098 561:5-

518 4136 627 4174 non
670 4130 902 4186 utroque
929 4118 1170 4170 eminere
1198 4123 1253 4170 et
1279 4114 1546 4170 ainbobus
1589 4116 1902 4172 nominibus
1947 4115 2079 4171 insi-

2187 4133 2349 4187 μενος
2380 4119 2474 4171 καὶ
2504 4118 2674 4187 ἄμφω
2710 4117 3020 4171 καλεῖσθαι.
3057 4116 3180 4172 Τῶν
3204 4120 3315 4191 γάρ
3344 4121 3477 4174 ἰσων
3500 4120 3697 4191 ἐπίσης
3722 4121 3755 4190 ἢ

519 4210 661 4278 ειιῑιι
687 4209 853 4277 cupit.
888 4207 1119 4262 Pal-ibus
1148 4205 1292 4261 enim
1328 4205 1532 4277 pariter
1589 4205 1950 4262 insistendum
2002 4215 2079 4263 est

2189 4208 2504 4279 μεθεκτέον,
2529 4208 2563 4279 ἢ
2592 4208 2881 4277 ἀφεκτέον.
2916 4208 3180 4280 Εὑχέσθω
3221 4210 3405 4263 τοίνυν
3433 4210 3582 4273 ἄπας
3614 4215 3642 4266 6
3672 4213 3756 4264 λα-

523 4310 614 4355 aut
639 4300 1043 4355 abstinendum.
1079 4297 1269 4365 Quivis
1295 4312 1427 4369 ergo
1453 4310 1585 4354 sana
1619 4306 1799 4355 mente
1827 4298 2079 4371 praeditus

2188 4299 2298 4371 χὼν
2323 4303 2539 4373 φρονεῖν
2588 4299 2856 4369 ἠξιῶσθαι
2887 4301 2984 4354 καὶ
3038 4301 3266 4371 ἀμφοῖν.
3336 4302 3395 4355 '0
3427 4304 3538 4374 γάρ
3564 4321 3648 4357 τοι
3683 4305 3754 4374 μὴ

521 4398 583 4442 ιιι
615 4399 844 4458 utroque
878 4389 969 4443 tiat
999 4388 1198 4458 dignus
1231 4396 1497 4456 precetur.
1543 4385 1645 4453 Qui
1695 4390 1838 4443 enim
1870 4404 1977 4444 non
2008 4395 2079 4444 est

2190 4392 2475 4463 θεοφιλὴς
2495 4391 2603 4447 οὐδ’
2628 4391 2693 4446 ἂν
2721 4392 2880 4460 ἱερὸς
2899 4393 2986 4462 εῐη
3016 4393 3201 4461 φύσει,
3235 4391 3359 4446 οὐδὲ
3388 4394 3483 4446 τοῦ
3514 4396 3755 4449 τοιοῦτον

522 4480 635 4534 Deo
658 4480 913 4547 dilectus,
974 4494 1151 4549 neque
1215 4487 1441 4533 sanctus
1494 4494 1683 4534 revera
1746 4480 1853 4535 erit
1911 4496 2079 4550 neque

2192 4487 2361 4560 ὕψους
2423 4488 2687 4553 ὲπάξιος·
2739 4486 2875 4542 ἀλλὰ
2930 4491 3183 4540 πεσεῖται
3232 4486 3327 4540 ἀπ’
3356 4485 3527 4568 αὑτοῦ
3568 4480 3660 4539 οἷα
3683 4486 3755 4558 μὴ

523 4581 674 4624 tanta
714 4570 997 4624 altitudine
1025 4569 1261 4637 dignus,
1312 4569 1406 4623 sed
1441 4569 1567 4625 inde
1595 4568 1811 4625 excidet
1864 4572 1942 4625 uti
1977 4571 2079 4629 Dea

2190 4581 2498 4651 θεοφιλὴς,
2525 4580 2657 4634 ὡσεὶ
2678 4579 2772 4634 καὶ
2805 4578 3079 4649 ἑωσφόρος
3111 4576 3205 4631 ἀπ’
3229 4576 3463 4648 οὖρανοῦ
3488 4564 3577 4641 ἐἰς
3603 4578 3757 4644 ἱερὸν

524 4679 632 4717 non
665 4663 915 4723 dilectus.
967 4661 1426 4731 quemadmodum
1491 4661 1706 4717 Lucifer
1759 4678 1977 4733 quoque
2024 4664 2079 4718 de

2190 4673 2552 4745 καταρῤιφεὶς
2592 4673 2956 4735 ἀπευκταῖον,
2983 4670 3146 4725 ὁποῖά
3167 4686 3291 4723 τινα
3317 4670 3419 4740 ἠδη
3464 4670 3760 4741 παραδεδο-

525 4755 666 4808 ctclo
706 4754 760 4807 in
788 4762 1034 4807 sanctum
1068 4752 1313 4823 deiectus
1352 4765 1436 4808 est
1472 4751 1791 4821 nefandum,
1843 4754 1921 4808 uti
1976 4754 2079 4823 jam

2189 4784 2301 4822 ται.
2342 4770 2408 4821 Ἢ
2432 4767 2539 4839 γὰρ
2571 4767 2694 4837 ὄφις
2723 4768 2883 4837 ἓρψει
2916 4766 2949 4838 ἢ
2977 4767 3200 4836 νήξεται
3251 4767 3395 4821 κατὰ
3422 4767 3761 4835 ἱερολοτού-

527 4860 691 4914 supra
715 4845 1156 4899 memoravimus.
1191 4843 1428 4915 Serpens
1459 4844 1604 4898 enim
1634 4853 1785 4914 repet
1824 4853 1917 4899 aut
1938 4852 2091 4899 nata-

2185 4877 2374 4930 μενον
2399 4862 2595 4929 ἰχθὺν,
2618 4861 2650 4931 ἢ
2679 4861 2772 4914 καὶ
2792 4860 2969 4922 ἄλλως
2999 4857 3470 4929 ἱερωνυμήσεται
3502 4859 3646 4913 κατὰ
3675 4859 3758 4911 νό-

528 4938 606 4990 bit
633 4947 888 5006 tanquam
923 4949 1081 4990 sacer
1109 4935 1201 4989 ille
1224 4936 1411 5006 piscis,
1442 4943 1538 4990 aut
1562 4937 1725 4990 etiam
1747 4936 1904 4991 aliter
1930 4952 2079 4994 sacro

2196 4966 2286 5002 σον
2311 4951 2528 5019 ἐκείνην
2553 4950 2880 5021 φρικαλέαν.
2909 4949 2985 5003 Οὐ
3021 4938 3133 5018 γὰρ
3162 4949 3311 5002 ἐστιν
3344 4948 3676 5017 ὕποκορίσαι
3699 4949 3755 5000 τὸ

526 5028 747 5082 nomine
772 5027 1200 5098 nuncupabitur,
1231 5030 1379 5083 velut
1426 5030 1684 5083 terribilis
1714 5029 1817 5083 iste
1842 5029 2089 5087 morbus.

529 5119 683 5177 llaud
711 5120 856 5175 enim
882 5121 938 5174 in
973 5135 1033 5173 re
1064 5128 1173 5173 tam
1204 5123 1355 5190 gravi
1383 5121 1553 5190 jocari
1589 5120 1715 5176 licet
1764 5130 1858 5176 aut
1907 5122 2095 5180 dicere

527 5212 674 5283 quod
704 5210 910 5267 frustra
939 5209 989 5266 ei
1018 5212 1110 5280 qui
1141 5210 1247 5265 Deo
1273 5210 1508 5266 dilectus
1543 5218 1648 5276 est,
1691 5211 1866 5266 sancti
1894 5228 2093 5287 nomen

529 5304 887 5368 attribuatur,
935 5302 1100 5357 veluti
1158 5301 1404 5371 accipitri
1449 5301 1674 5372 (ἱέρακι)
1705 5310 1759 5356 et
1802 5313 1997 5360 sancto
2027 5306 2094 5360 ad

528 5397 770 5451 Aradum
798 5394 946 5452 sinni
1006 5393 1134 5450 etsi
1172 5408 1294 5462 quae
1354 5392 1458 5446 alia
1517 5403 1649 5447 sunt
1703 5394 1822 5464 ejus
1854 5398 2095 5464 generis,

524 5502 650 5558 qua:
688 5501 813 5541 cum
846 5482 1137 5541 sanctitate
1164 5482 1237 5537 nit
1287 5497 1577 5538 commune
1606 5483 1824 5538 habent.
1857 5485 2099 5557 Namque

529 5579 826 5644 imperator
855 5573 950 5644 qui
977 5589 1259 5631 sacrorum
1282 5572 1589 5627 divinorum
1611 5574 1969 5644 peritissimus
1990 5587 2096 5645 est,

528 5668 760 5736 ideoque
789 5675 1078 5736 augustos,
1114 5666 1313 5721 frustra
1359 5665 1465 5721 Deo
1498 5666 1889 5724 dilectissimus
1942 5671 2102 5727 audi-

530 5768 634 5825 ret,
654 5758 765 5815 nisi
787 5760 913 5815 huic
936 5756 1142 5815 nomini
1170 5758 1330 5815 simul
1354 5760 1662 5818 sanctitatis
1683 5761 1908 5820 illustris
1928 5765 2101 5822 onttti-

2192 5041 2336 5096 οὕτω
2352 5044 2525 5114 τραχὺ
2549 5043 2811 5114 σκῶμμα,
2834 5042 3099 5112 φάμενον,
3120 5042 3194 5102 ὡς
3220 5041 3398 5113 μάτην
3422 5042 3453 5095 6
3475 5041 3761 5112 θεοφιλὴς

2194 5133 2574 5200 ὲναγλαϊσεται
2600 5137 2665 5204 τῇ
2700 5136 3040 5202 ἱερωνυμίᾳ,
3075 5132 3221 5188 καθά
3261 5149 3365 5186 που
3400 5133 3498 5187 καὶ
3526 5136 3556 5187 6
3600 5131 3761 5200 ἱέραξ

2196 5225 2291 5277 καὶ
2314 5226 2342 5277 6
2369 5223 2500 5294 πρὸς
2522 5228 2588 5295 τῇ
2630 5226 2840 5297 Ἀράδῳ
2866 5225 3023 5294 ἱερὸς
3053 5226 3308 5292 κόλπος,
3345 5227 3440 5278 καὶ
3471 5225 3529 5279 εἴ
3554 5242 3612 5279 τι
3634 5225 3761 5281 ἀλλο

2194 5313 2304 5367 τῶν
2328 5313 2606 5377 τοιούτων,
2630 5315 2714 5384 ἐφ’
2742 5310 2816 5369 ὧν
2845 5317 2907 5370 οὐ
2942 5314 3204 5385 ζηλοῦται
3232 5316 3294 5370 τὸ
3334 5317 3521 5384 ἱερόν.
3556 5311 3633 5369 Ἦ
3658 5316 3763 5386 γάρ

2199 5403 2378 5474 μάτην
2398 5405 2427 5456 6
2449 5403 2558 5458 τῶν
2581 5405 2875 5459 θειοτάτων
2899 5404 3071 5474 ἱερῶν
3096 5406 3581 5476 ἐπιστημονάρχης
3609 5405 3763 5476 βασι-

2194 5493 2321 5557 λεὺς
2351 5496 2445 5550 καὶ
2476 5494 2648 5559 οὕτως
2670 5495 2825 5565 ἅγιος
2860 5497 3001 5562 ἀξιοῖ
3030 5497 3422 5567 θεοφίλτατος
3448 5497 3694 5561 ἀκούειν,
3716 5493 3763 5547 ει

2200 5585 2280 5657 μὴ
2312 5586 2407 5639 καὶ
2443 5586 2505 5638 τὸ
2539 5586 2786 5656 ζηλωτὸν
2827 5589 2922 5643 καὶ
2953 5590 3323 5659 περιφόρητον
3362 5591 3528 5658 lepor
3568 5588 3764 5642 αὐτίκα

2199 5679 2267 5748 τῇ
2301 5678 2493 5748 κλήσει
2532 5676 2705 5749 ταύτῃ
2741 5678 3153 5748 συνεξηκούετο.
3214 5680 3421 5756 Ἔγωγ’
3449 5676 3568 5743 οὖν,
3600 5680 3647 5732 ει
3671 5677 3763 5731 καὶ

2203 5768 2349 5825 θέσιν
2377 5768 2666 5840 φυλάττειν
2703 5770 3118 5843 αἰτιαθήσομαι,
3148 5771 3249 5826 οὐκ
3303 5773 3370 5828 ἂν
3412 5767 3765 5842 συγκαυθεί-
