3992 6240
493 332 599 393 931

1223 331 1642 392 EUSTATIIII
1671 327 2114 392 THESSALUN
2128 327 2426 388 iCE—NSIS
2461 327 2864 389 METROPOL
2877 327 3020 386 [TIR

3640 325 3754 387 σεε

499 449 654 499 licam
679 444 920 500 edocens
977 457 1198 513 aquam.
1232 442 1381 513 ignis
1401 454 1588 514 guttur
1621 459 1787 498 vorax
1826 459 1854 496 a
1905 441 2059 496 brevi

2172 447 2340 500 τεὺων
2376 445 2648 513 ζωογόνον
2678 447 2744 515 τῇ
2773 443 2927 497 πόλει
2958 458 3078 496 σου.
3137 442 3316 511 Πυρὶς
3347 440 3550 508 γνάθος
3595 441 3754 494 ἀναι-

496 545 744 604 tempore
778 538 829 589 in
880 536 1024 589 illam
1052 543 1167 589 toto
1190 550 1286 591 ore
1311 537 1495 600 irruit,
1524 547 1574 590 et
1608 535 1724 591 fere
1753 533 2066 604 deglutivit,

496 637 552 681 et
587 627 798 698 ubique,l
818 637 1098 696 grassatus
1123 628 1242 698 ejus
1260 628 1562 683 devastavit
1582 627 2066 698 pulchritudinem.

495 717 676 788 Nuper
714 719 892 773 adhuc
912 734 1072 773 suum
1111 719 1349 774 habebat
1396 718 1843 774 dccorameutnm
1874 731 2066 770 suum-

493 823 600 876 que
641 808 849 860 varium
905 817 960 861 ct
1005 807 1354 878 magniﬁcum
1389 820 1666 872 ornatum,
1703 823 1810 876 quo
1849 806 1898 859 vi
1925 805 2069 871 ignis

490 914 685 954 rursus
714 897 917 962 ablato,
939 907 1030 953 tua
1062 899 1427 956 coucinnante
1449 900 1693 966 dextera,
1715 898 1909 954 vestita
1937 912 2071 968 gau-

490 992 589 1042 tltfa
601 1000 637 1046 ι.

577 1081 629 1136 6.
660 1081 816 1138 Nunc
852 1083 1073 1152 quidem
1113 1097 1253 1153 aqua
1288 1084 1537 1148 laborat,
1568 1098 1674 1138 non
1715 1091 1894 1137 autem
1940 1080 2067 1153 quia

490 1175 720 1229 tumidis
746 1177 964 1245 proﬂuit
999 1177 1284 1240 ﬂuctibus,
1323 1193 1424 1233 nec
1453 1180 1580 1246 quia
1605 1192 1862 1231 mensura
1893 1191 2070 1231 exun-

490 1266 600 1316 ilal.
634 1265 708 1319 Ne
760 1267 852 1319 ﬁat
917 1266 1091 1331 istud,
1137 1283 1318 1337 neque
1380 1269 1579 1322 iterum
1635 1267 1802 1333 illud,
1860 1270 2068 1325 cbristc

493 1368 700 1422 regum,
735 1355 881 1423 (quis
914 1356 1061 1409 enim
1094 1371 1213 1410 eam
1271 1358 1387 1412 sive
1414 1372 1510 1426 per
1569 1357 1753 1425 ignem
1801 1359 1916 1415 sive
1966 1377 2067 1430 per

489 1458 684 1512 aquam
705 1447 880 1514 perire
903 1449 1143 1517 cupiat?)
1165 1449 1258 1501 sed
1282 1465 1348 1501 cx
1382 1463 1519 1518 aqua
1542 1448 1826 1506 deﬁciente
1847 1454 2064 1507 tandem

493 1549 638 1587 nunc
669 1534 880 1602 adesto,
915 1537 1218 1606 imperator
1251 1555 1280 1590 ε
1308 1537 1421 1592 Deo
1445 1548 1728 1602 coronate.
1762 1542 2068 1597 solertissi.

491 1641 612 1680 mus
643 1627 886 1697 adjutor,
916 1639 972 1683 et
1000 1645 1124 1682 eum
1162 1645 1286 1684 cum
1328 1645 1438 1700 quo
1465 1633 1662 1702 regna‘s
1695 1631 1864 1688 Deum
1897 1637 2063 1689 etiam

491 1733 637 1772 nunc
659 1719 924 1785 imitatus,
954 1721 1091 1776 educ
1118 1736 1226 1775 non
1252 1732 1448 1777 ventos
1481 1722 1725 1794 frigidos,
1748 1727 1840 1780 sed
1867 1741 2062 1796 aquam

496 1821 620 1872 quae
689 1807 878 1862 urbem
935 1818 1105 1864 totam
1169 1811 1409 1866 viviﬂcet
1458 1828 1528 1867 ex
1584 1815 1865 1870 thesauris
1929 1817 2059 1871 tuis.

493 1897 731 1952 Gedeoni
755 1900 978 1968 quidem
1018 1902 1234 1956 dixerat
1265 1903 1407 1960 Deus
1439 1923 1454 1961 :
1488 1925 1506 1958 ι
1552 1906 1665 1962 Duc
1695 1909 1962 1977 quosdam
1997 1927 2066 1966 ex

489 1990 843 2058 peritioribus
874 1992 1026 2058 belli,
1075 2003 1129 2049 et
1163 1996 1236 2048 ibi
1270 1997 1516 2066 probabo
1545 2013 1641 2054 eos
1670 2001 1771 2055 tibi
1804 2001 1843 2054 ⁸.
1893 2020 1911 2054 ι
1953 2000 2064 2056 Nos

489 2091 673 2136 autem
698 2084 810 2152 jam
851 2085 1100 2153 probavit
1133 2086 1276 2142 Deus
1311 2088 1363 2143 in
1391 2102 1696 2161 conspectu
1751 2095 2064 2166 maiestatis

491 2177 622 2235 tuae,
649 2181 703 2226 et
730 2187 924 2228 omnes
949 2191 1143 2231 sumus
1171 2178 1428 2234 manibus
1473 2180 1643 2236 fortes
1672 2197 1808 2251 quas
1835 2185 2065 2256 singulis

491 2263 685 2318 diebus
732 2280 831 2332 pro
863 2275 914 2322 te
962 2268 1027 2322 ad
1077 2267 1248 2324 Deum
1295 2272 1580 2343 erigimus,
1612 2284 1667 2328 ct
1699 2275 1778 2331 sic
1825 2278 2066 2334 inimicis

488 2365 757 2425 quantum
787 2375 1100 2428 possumus,
1129 2363 1502 2420 obluctamur.
1531 2366 1748 2423 Utinam
1802 2369 2067 2430 ducamur

492 2461 590 2502 nos
617 2449 682 2502 ad
709 2463 929 2520 aquam,
959 2468 1066 2507 non
1097 2456 1443 2524 probationis
1491 2459 1714 2530 quidem
1743 2477 1930 2530 causa,
1967 2463 2066 2520 sed

491 2536 783 2604 refrigerii.
807 2540 980 2608 Quam
1004 2545 1298 2600 dolendum
1316 2559 1399 2603 est
1416 2548 1552 2604 alias
1574 2551 1790 2620 quidem
1818 2554 2068 2610 civitates

489 2625 710 2696 iugibus
734 2631 894 2698 aquis
952 2633 1149 2699 repleri
1195 2646 1250 2690 et
1311 2652 1377 2692 ex
1435 2639 1528 2693 illa
1560 2639 1834 2698 ditescere
1889 2644 2065 2714 gloria

487 2718 698 2788 Cydno.
729 2719 988 2792 Tliymbri
1032 2725 1125 2795 qui
1175 2728 1341 2784 urbes
1372 2731 1630 2801 utrinque
1655 2733 2064 2804 circumﬂuunt,

488 2809 726 2880 aliosque
753 2812 944 2869 ﬂuvios
974 2815 1254 2872 civitatum
1287 2821 1518 2888 amicos,
1541 2831 1688 2880 tuam
1719 2842 1849 2883 vero
1877 2830 2066 2886 urbem

492 2917 746 2971 magnam
779 2919 934 2978 aquae
960 2910 1192 2978 penuria
1228 2912 1542 2969 tabescere!

572 3167 622 3222 7.
656 3169 814 3225 Adsit
839 3182 969 3243 ergo
1028 3174 1184 3231 nobis
1238 3176 1327 3232 illa
1385 3179 1581 3250 regalis
1636 3199 1776 3253 aqua
1827 3186 1880 3239 in
1921 3186 2060 3243 duas

491 3271 674 3330 partes
705 3274 951 3320 nostram
977 3265 1227 3324 dividens
1255 3271 1557 3336 civitatem.
1583 3290 1611 3328 a
1645 3283 1696 3331 te
1721 3291 1916 3348 magno
1942 3294 2069 3350 rege

491 3355 683 3423 majori
732 3357 858 3426 jure
907 3362 1293 3431 cognominata
1350 3381 1511 3434 quam
1566 3367 1906 3440 Choaspesa
1943 3388 2068 3444 rege

488 3445 984 3520 Persarum,quem
1017 3463 1202 3523 potum
1233 3467 1284 3512 et
1312 3473 1506 3528 aquam
1534 3462 1741 3531 regales
1786 3472 1943 3520 vetus
1981 3468 2068 3521 di-

485 3547 635 3592 ctum
683 3555 810 3596 vere
872 3545 1182 3612 appellavit.
1211 3545 1325 3602 Hoc
1380 3550 1526 3604 enim
1587 3560 1642 3606 tu
1690 3554 1961 3611 concedes
2011 3564 2066 3612 et

489 3629 710 3698 pietatis
763 3641 868 3685 tua:
916 3635 1172 3704 abyssum
1241 3639 1512 3707 proﬂuere
1586 3641 1754 3698 facies
1817 3646 1873 3700 iu
1925 3662 2069 3704 sem-

492 3722 784 3789 piternum.
814 3725 1080 3781 Caeterum
1135 3730 1225 3783 ille
1284 3729 1507 3796 ﬂuvius,
1534 3748 1568 3788 ο
1609 3735 1927 3806 imperator,
1965 3754 2061 3796 nos

492 3827 616 3865 men
649 3815 854 3883 accepit
884 3817 1028 3885 quod
1051 3819 1170 3887 ejus
1197 3836 1394 3889 aquam
1431 3822 1621 3879 bibens
1645 3829 1914 3896 gaudebat
1941 3845 2062 3900 rex,

489 3903 607 3972 ipse
639 3914 819 3960 autem
861 3909 997 3963 nihil
1064 3912 1132 3964 de
1189 3927 1347 3967 amne
1398 3917 1626 3972 curavit.
1659 3917 1798 3974 Ecce
1863 3921 2066 3976 clama-

488 3996 671 4053 bimus
701 4009 754 4054 et
783 4015 883 4056 nos
919 4016 1044 4056 cum
1079 4001 1193 4058 Elia
1226 4004 1293 4058 ad
1349 4008 1690 4075 rnajcstutem
1729 4020 1877 4065 tuam
1931 4031 2066 4084 pau-

487 4091 657 4145 lulum
692 4093 1086 4150 immutantcs:
1151 4116 1169 4148 ι
1236 4097 1379 4152 Vivit
1423 4100 1684 4158 Dominus
1725 4105 1770 4158 si
1826 4107 1932 4160 erit
1979 4109 2063 4164 bis

486 4182 648 4240 annis
703 4199 854 4255 aqua;
905 4189 1144 4257 guttula,
1180 4191 1288 4245 nisi
1336 4191 1486 4260 juxta
1526 4195 1686 4249 verba
1717 4197 1829 4251 oris
1861 4201 2006 4253 tui’.
2039 4219 2056 4250 ι

487 4271 530 4324 Α
562 4289 670 4340 quo
707 4278 930 4331 verbum
998 4284 1207 4346 emitte,
1258 4292 1333 4348 et,
1367 4295 1529 4353 prout
1587 4287 1794 4342 diceret
1848 4289 2062 4345 David:

489 4372 507 4414 ί
551 4361 743 4420 Fluenl
773 4383 928 4438 aqua:
956 4371 997 4424 ³.
1036 4390 1054 4423 r

2173 537 2292 605 δὴς,
2320 538 2379 590 οὐ
2419 535 2628 606 μακρὸς
2657 529 2811 596 οὗτος
2861 532 3077 602 χρόνος,
3137 532 3232 584 καὶ
3278 532 3513 600 ἐπέχανε
3552 531 3749 600 ταύτῃ,

2175 625 2267 676 καὶ
2295 625 2491 692 μικροῦ
2531 623 2872 686 κατέσπασε,
2906 622 3002 674 καὶ
3025 621 3418 690 διανεμηθεῖσα
3457 620 3520 674 τὸ
3554 621 3751 682 κάλλος

2171 714 2309 785 αὐτῇ
2357 715 2766 784 άπηχρείωσεν.
2837 713 2980 767 Ἀλλ’
3012 713 3126 782 ἔχει
3157 713 3252 766 καὶ
3274 712 3438 766 πάλιν
3469 713 3530 765 τὺ
3553 711 3752 781 πρώην

2172 805 2357 870 καλὸν,
2394 806 2488 858 καὶ
2516 805 2610 858 τὸν
2631 806 2874 860 ποικίλον
2903 807 2995 859 καὶ
3025 805 3398 875 πολυτίμητον
3432 806 3664 874 κόσμον,
3691 805 3753 856 ὃν

2172 895 2205 965 ἡ
2239 893 2387 966 ῥύμη
2419 895 2514 948 τοῦ
2543 898 2715 969 πυρὸς
2742 897 3054 966 ἀπήγαγεν,
3096 895 3274 962 αὖθις,
3305 896 3404 966 τῆς
3437 897 3540 966 σῆς
3562 896 3751 962 δεξιᾶς

2171 993 2676 1062 νυμφοστολούσης,
2702 993 2998 1062 ἀμφέθετο.

2239 1078 2312 1142 ς’.
2349 1082 2640 1152 Δυστυχῶς
2681 1082 2796 1150 ἔχει
2831 1083 2926 1134 καὶ
2957 1080 3054 1134 νῦν
3094 1079 3151 1147 ἐξ
3188 1079 3379 1142 ὓδατος
3420 1078 3523 1131 οὐκ
3555 1078 3753 1130 ἐπιπο-

2169 1171 2435 1234 λάσαντος
2489 1175 2905 1244 αὐθαδέστερον,
2932 1173 3044 1226 οὐδ’
3070 1173 3518 1243 ὕπεκδραμόντος
3547 1172 3609 1225 τὸ
3646 1172 3750 1240 μέ-

2168 1280 2339 1331 τριον.
2366 1263 2457 1335 Μὴ
2484 1265 2695 1331 γένοιτο
2719 1266 2858 1335 μήτε
2885 1265 3060 1329 τοῦτο,
3103 1266 3240 1335 μήτε
3269 1264 3517 1327 εἰσαῦθις
3544 1265 3746 1324 ἐκεῖνο,

2172 1357 2362 1428 χριστέ
2388 1356 2676 1425 βασιλέων·
2703 1357 2812 1423 (τίς
2842 1357 2949 1427 γὰρ
2975 1356 3040 1410 ἂν
3070 1355 3213 1409 οὕτω
3235 1354 3441 1424 ταύτην
3467 1355 3557 1409 διὰ
3575 1357 3753 1424 πυρὸς

2171 1451 2348 1502 ἐλθεῖν
2384 1451 2480 1503 καὶ
2515 1449 2710 1512 ὓδατος
2758 1447 3008 1513 εὖξαιτο;
3033 1448 3052 1519 )
3081 1447 3197 1501 ἀλλ’
3241 1447 3301 1512 ἐξ
3353 1448 3545 1509 ὓδατος
3571 1447 3754 1500 sm)..-

2169 1543 2364 1604 πόντος
2395 1541 2580 1594 τέλεον
2613 1541 2817 1611 φάνηθι
2845 1542 2910 1613 δὴ
2937 1541 3240 1604 κάνταῦθα,
3273 1541 3570 1609 θεοστεφές
3597 1541 3754 1612 βασι-

2167 1632 2283 1696 λεῦ,
2323 1632 2635 1702 εὐμήχανος
2688 1632 2907 1704 βοηθὸς,
2944 1632 3042 1686 καὶ
3097 1633 3191 1687 τὸν
3323 1632 3754 1703 συμϐασιλεύεις

2173 1721 2305 1774 Θεὸν
2337 1722 2621 1776 κάνταῦθα
2674 1721 3034 1793 μιμούμενος,
3072 1722 3309 1791 ἐξάγαγε
3369 1723 3470 1776 οὐκ
3509 1723 3753 1792 ἀνέμους

2168 1812 2573 1883 ἀναψύχοντας,
2636 1813 2753 1867 ἀλλ’
2811 1813 2958 1882 ὕδωρ
2985 1815 3142 1868 πόλιν
3187 1815 3316 1883 ὅλην
3347 1813 3661 1882 ζωογονοῦν
3688 1817 3752 1868 ἐκ

2163 1906 2274 1960 τῶν
2311 1907 2420 1960 σῶν
2449 1906 2764 1978 θησαυρῶν.
2795 1907 2886 1977 Τῷ
2920 1908 3021 1977 μέν
3059 1905 3154 1962 οὖν
3181 1908 3389 1962 Γεδεὼν
3420 1909 3690 1980 ἐλάλησεν
3719 1912 3749 1962 δ

2167 2000 2300 2063 Θεός
2320 2017 2335 2033 ·
2381 2000 2690 2072 Κατάγαγε
2713 1998 2935 2054 τούσδε
2959 2003 3132 2064 τινὰς
3162 2001 3282 2054 τῶν
3315 2016 3752 2069 στρατιωτικά».

2166 2090 2350 2158 τέρων
2374 2093 2461 2156 είς
2492 2091 2557 2144 τὸ
2584 2090 2762 2155 ὕδωρ.
2809 2089 2908 2144 καὶ
2953 2087 3174 2158 ὄοκιμῶ
3195 2091 3418 2156 αὐτούς
3466 2107 3566 2144 σοι
3599 2091 3744 2148 ἐκεῖ.

2174 2180 2358 2250 Ἠμᾶς
2395 2181 2454 2235 δέ
2511 2181 2609 2252 ἤδη
2666 2181 3027 2249 δεδοκίμακεν
3055 2180 3288 2236 ἐνώπιον
3334 2183 3438 2250 τῆς
3467 2182 3748 2252 βασιλείας

2168 2285 2263 2322 σου
2295 2271 2322 2322 ὁ
2354 2269 2508 2335 Θεὸς,
2532 2270 2628 2323 καὶ
2649 2269 2818 2338 ἐσμέν
2851 2272 3053 2334 πάντες
3087 2271 3267 2324 ἱκανοὶ
3292 2273 3477 2341 χερσὶ,
3501 2273 3572 2336 ἃς
3603 2273 3747 2340 ὑπὲρ

2166 2363 2340 2432 αὐτῆς
2369 2361 2641 2432 ὁσημέραι
2675 2360 2751 2431 τῷ
2782 2361 2902 2432 Θεῷ
2952 2361 3304 2432 ἐκτείναμεν,
3337 2363 3433 2416 καὶ
3467 2364 3611 2416 οὕτω
3633 2366 3748 2427 τοῖς

2169 2455 2449 2525 πολεμίοις
2470 2455 2546 2518 ὡς
2569 2450 2682 2508 οἷόν
2704 2472 2763 2507 τε
2796 2453 3194 2523 ἀνθιστάμεθα.
3225 2454 3492 2510 Δείπεται
3516 2455 3581 2523 δὴ
3609 2456 3745 2525 άγαο

2167 2550 2287 2618 γείν
2319 2547 2466 2620 ἡμᾶς
2497 2547 2576 2610 είς
2606 2545 2667 2599 τὸ
2693 2544 2862 2613 ὕδωρ,
2902 2544 2963 2599 οὗ
2994 2543 3229 2614 δοκιμῆς
3258 2545 3435 2616 χάριν,
3467 2543 3584 2597 ἀλλ’
3616 2547 3746 2598 ἀναο

2166 2639 2400 2708 ψύξεως.
2443 2639 2530 2702 Ὡς
2559 2637 2674 2692 ἔστι
2697 2636 2893 2701 δεινὸν,
2932 2636 3100 2700 ἄλλας
3130 2635 3230 2707 μέν
3254 2637 3364 2689 τῶν
3388 2637 3599 2690 πόλεων
3619 2637 3744 2692 ὕδα-

2169 2746 2255 2784 σιν
2286 2729 2535 2792 ἀεννάοις
2568 2727 3000 2800 πλημμύρεσθαι
3051 2727 3146 2781 καὶ
3179 2727 3432 2780 πλουτεῖν
3461 2727 3521 2780 τὸ
3563 2727 3746 2782 ἐντεῦο

2168 2823 2260 2876 θεν
2287 2823 2467 2887 κῦδος,
2495 2821 2587 2874 τὸν
2611 2821 2840 2884 Κύδνον,
2869 2819 2961 2874 τὸν
2992 2819 3262 2890 Θύμϐριν,
3286 2822 3410 2884 τοὺς
3437 2819 3540 2890 τὴν
3573 2821 3744 2892 μέσην

2167 2917 2274 2970 τῶν
2310 2914 2575 2986 ποταμῶν
2597 2913 2908 2980 ποιοῦντας,
2942 2915 3036 2968 καὶ
3065 2913 3286 2984 ἐτέρους
3311 2913 3366 2968 δὲ
3394 2913 3744 2982 φιλοπόλιδας

2169 3007 2488 3078 ποταμούς*
2538 3006 2639 3074 τὴν
2689 3005 2746 3058 δέ
2799 3007 2896 3077 σὴν
2932 3005 3314 3077 Μεγαλόπολιν
3367 3005 3558 3070 ὕδατος
3583 3005 3745 3077 πενίᾳ

2171 3097 2749 3171 κατασμικρύνεσθαι.

2239 3187 2308 3258 ζ’.
2334 3190 2581 3244 Γενέσθω
2611 3190 2706 3245 καὶ
2736 3187 2868 3259 παρ’
2900 3189 3033 3260 ἡμῖν
3068 3187 3212 3261 ὕδωρ
3241 3187 3400 3244 τοῦτο
3431 3185 3741 3258 βασιλικὸν,

2168 3284 2414 3354 διάνδιχα
2445 3281 2662 3352 τέμνων
2692 3282 2792 3354 τὴν
2823 3282 2949 3338 καθ’
2985 3285 3156 3354 ἡμᾶς,
3183 3283 3277 3338 καί
3304 3301 3387 3335 σοι
3412 3281 3489 3350 τῷ
3517 3281 3743 3353 μεγάλῳ

2169 3374 2380 3446 βασιλεῖ
2407 3371 2882 3443 ἐπονομαζόμενον
2905 3372 3232 3443 οἰκειότερον
3254 3375 3396 3442 ἠπερ
3424 3371 3452 3423 δ
3479 3371 3744 3438 Χοάσπης

2167 3467 2246 3538 τῷ
2278 3465 2385 3519 τῶν
2411 3464 2662 3535 Περσῶν,
2692 3464 2719 3516 ὃ
2743 3464 2808 3534 δὴ
2858 3463 3141 3534 βασιλικὸν
3171 3464 3266 3517 καὶ
3298 3464 3459 3518 ποτὸν
3482 3464 3580 3516 καὶ
3600 3463 3742 3534 ὕδωρ

2166 3559 2195 3611 ὁ
2220 3557 2448 3620 παλαιὸς
2506 3557 2664 3625 λόγος
2699 3555 2876 3626 ἀληθῆ
2919 3557 3094 3625 λέγων
3136 3554 3408 3626 ὠνόμαζε.
3442 3555 3616 3608 Τοῦτο
3644 3556 3744 3626 μὲν

2168 3648 2277 3719 γὰρ
2311 3649 2375 3700 σὺ
2409 3647 2678 3717 ποιήσεις,
2705 3648 2849 3717 καὶὴ
2876 3646 2967 3699 τοῦ
2997 3646 3093 3700 σοῦ
3121 3646 3302 3709 ἐλέους
3339 3644 3578 3708 ἄϐυσσος
3610 3648 3744 3699 ἀνα-

2169 3737 2440 3805 στομώσει
2480 3738 2774 3808 προρῤἐειν
2801 3737 2933 3790 αὐτὸ
2964 3739 3045 3800 είς
3068 3735 3126 3789 τὸ
3146 3736 3412 3806 διηνεκές.
3462 3737 3675 3790 Ἐκεῖνο
3691 3737 3743 3794 δέ

2168 3830 2364 3894 ἄλλως,
2392 3824 2437 3884 ὦ
2476 3830 2718 3900 βασιλεῦ,
2761 3831 3108 3899 ἐπεγράφετο
3149 3824 3233 3892 οἷς
3288 3831 3505 3900 ἔχαιρεν
3533 3831 3744 3892 ἐκεῖνος

2169 3924 2410 3978 τοιούτου
2460 3924 2630 3978 πίνων
2683 3923 2898 3989 ὓδατος,
2944 3925 3109 3994 μηδὲν
3166 3925 3327 3990 αὐτὸς
3383 3925 3458 3995 τῷ
3508 3925 3745 3994 ῥεύματι

2172 4013 2631 4084 ξυμϐαλλόμενος.
2685 4013 2993 4084 Κράξομεν,
3063 4015 3193 4079 ἰδοὺ,
3247 4017 3388 4084 μετὰ
3425 4015 3612 4068 Ἠλίου
3650 4015 3743 4067 καὶ

2169 4108 2332 4176 ἡμεῖς
2359 4109 2423 4174 τῇ
2458 4105 2704 4174 βασιλείᾳ
2760 4123 2876 4172 σου,
2935 4106 3132 4175 μικρὸν
3184 4105 3624 4170 ὑπαλλάξαντες·
3663 4104 3743 4177 Ζῇ

2169 4201 2410 4267 Κύριος,
2451 4201 2504 4252 ει
2541 4199 2711 4252 ἔσται
2753 4199 2827 4252 τὰ
2857 4199 2961 4266 ἐτη
2991 4199 3181 4254 ταῦτα
3230 4200 3452 4265 ὕδατος
3485 4199 3742 4270 σταγὼν,

2171 4295 2223 4346 εί
2248 4290 2333 4361 μὴ
2363 4291 2462 4345 διὰ
2495 4291 2683 4362 λόγου
2712 4291 3012 4360 στόματός
3055 4306 3194 4347 σου.
3244 4293 3338 4346 Ἐκ
3373 4292 3566 4346 τούτου
3591 4294 3741 4361 λόγον

2176 4386 2268 4451 ἐξα
2282 4383 2580 4452 πόστειλον,
2607 4385 2702 4438 καὶ
2721 4383 2905 4455 (Δαϐὶδ
2931 4383 2996 4439 ἂν
3025 4383 3190 4458 aliter)
3214 4385 3511 4456 ρυἡσεται
3537 4386 3738 4446 ὕδατα.

557 4541 802 4613 ⁸1.υίὶς.,
855 4563 953 4618 vu,
1002 4549 1060 4606 6,
1133 4551 1154 4582 ¹
1207 4552 1278 4607 Ill
1329 4553 1460 4628 Reg.
1520 4575 1650 4628 xvii,
1705 4562 1750 4615 l.
1828 4565 1848 4596 ³
1902 4565 2042 4620 Psul.

2172 4585 2288 4636 μνη,
2322 4572 2408 4627 18.
