3908 6250
270 346 367 408 937

1148 347 1570 412 ALLOCUTlO
1594 344 1694 411 AD
1733 341 2163 414 MANUELEM
2199 348 2647 417 COMNENUM.

3396 351 3502 419 9'13

271 462 582 532 στωμυλίαν
620 463 700 527 είς
754 465 949 536 εὐγενῆ
998 466 1274 536 λαμυρίαν
1334 467 1680 536 μετέθηκας,
1744 467 1837 520 καὶ

1949 485 2038 537 pro
2071 469 2272 524 forensi
2306 471 2556 524 facundia
2590 467 2789 537 aptasti
2821 467 2950 521 mihi
2983 469 3264 524 sermonis
3282 461 3503 539 elegan-

267 554 429 623 γῆθεν
459 554 725 612 λαλοῦντά
762 575 824 626 με
863 559 1000 627 πρὸς
1048 559 1322 627 μετέωρον
1353 557 1574 626 ὕψωσας
1599 575 1612 589 ·
1641 559 1734 611 καὶ
1767 558 1830 612 τὸ

270 642 323 694 ὲν
353 643 476 712 ἐμοὶ
505 644 715 712 χθόνιον
747 645 839 697 τοῦ
879 646 1084 715 Ἑρμοῦ
1123 648 1413 716 πτερώσας
1445 643 1558 701 οἷον
1589 647 1832 717 ούράνω-

271 749 384 798 σας,
419 732 515 785 καὶ
541 733 793 798 γλῶσσάν
821 754 910 805 μοι
945 737 1276 807 μογγιλάλον
1297 737 1667 807 διήρθρωσας,
1699 737 1834 806 μᾶλ-

268 823 353 875 λον
385 825 485 891 μὲν
518 823 613 877 οὖν
642 827 923 890 παντελῶς
955 828 1198 895 σιγῶσαν
1231 825 1563 898 ἔτράνωσας·
1597 831 1688 882 καὶ
1711 831 1832 884 ἀντὶ

270 916 545 985 ὀνόματος,
574 911 634 971 οὗ
657 919 910 988 μετέχειν
930 921 1203 986 ἀξιοῦνται
1232 923 1324 974 καὶ
1355 923 1551 992 μικρόν
1577 940 1630 975 τι
1654 939 1834 992 γραμ-

273 1005 455 1073 μάτων
489 1006 778 1076 γευόμενοι
831 1007 1129 1078 ἄνθρωποι,
1189 1009 1360 1077 ὖνομα
1406 1010 1604 1062 ἐκτίσω
1641 1026 1730 1080 μοι
1772 1011 1832 1061 τὸ

268 1100 373 1159 τοῖς
403 1097 524 1150 κατ’
556 1098 655 1166 ἐμὲ
689 1098 830 1170 ὑπὲρ
854 1100 1003 1154 ἅπαν
1029 1100 1352 1171 κρινόμενον
1377 1100 1566 1171 ὄνομα.

339 1275 404 1342 γ’.
443 1278 553 1329 Καὶ
579 1275 722 1329 οὕτω
756 1276 854 1346 μὲν
889 1278 1126 1347 ἐμαυτὸν
1146 1279 1441 1332 ἐδικαίωσα
1469 1280 1542 1350 μὴ
1569 1281 1834 1333 ἀπενιαυ‹

265 1371 436 1433 τὲζειν
475 1371 573 1432 τὰς
610 1371 822 1433 λαλιὰς,
853 1371 990 1427 ἀλλὰ
1013 1372 1333 1443 συχνότερον
1356 1373 1712 1442 φθέγγεσθαι,
1739 1374 1832 1426 καὶ

266 1464 362 1525 τὰς
417 1462 705 1532 βασιλικὰς
761 1464 1047 1535 ἀριστείας
1108 1467 1480 1536 περικροτεϊν.
1531 1467 1604 1518 Τὸ
1655 1465 1709 1518 δέ
1769 1482 1832 1532 γε

267 1554 573 1622 παρεστὼς,
603 1555 658 1608 τί
686 1555 751 1609 ἂν
775 1555 887 1625 ἔχοι
922 1556 1108 1626 ῥήτωρ
1149 1555 1249 1628 τὴν
1295 1556 1536 1626 γραφίδα
1593 1557 1692 1626 μὲν
1735 1557 1832 1609 ὅσα

267 1646 357 1699 καὶ
395 1646 571 1716 βέλος,
609 1648 700 1701 καὶ
729 1647 1023 1719 φαρμάξας
1050 1649 1262 1720 μέλανι,
1285 1649 1512 1712 καὶτοῖς
1536 1647 1834 1718 βαρϐάροις

269 1739 551 1806 ἐπαφιέναι
573 1739 918 1808 καραδοκῶν,
950 1741 1044 1794 καὶ
1081 1741 1312 1808 βάπτειν
1343 1743 1422 1804 εἰς
1448 1741 1678 1810 αἵματα,
1717 1737 1833 1792 εἶτα

1940 562 2090 625 tiam,
2145 567 2198 615 et
2232 576 2316 615 me
2374 561 2653 615 humiliter
2690 560 3004 629 loquentem
3043 561 3096 613 in
3127 560 3302 615 altum
3340 570 3507 614 extu-

1940 649 2087 713 listi;
2160 651 2305 718 quod
2368 651 2422 704 in
2477 666 2564 705 me
2619 658 2897 705 terrenum
2949 661 3087 715 erat,
3163 659 3328 719 super
3388 652 3504 704 alas

1937 743 2194 798 Mercurii
2223 743 2493 809 exaltans,
2538 746 2763 800 cmleste
2791 743 2996 808 fecisti,
3019 753 3073 799 et
3098 738 3340 813 linguam
3391 752 3504 797 tar-

1938 836 2060 888 dam
2088 832 2344 901 depolisti
2374 844 2427 888 ct
2467 850 2596 889 vero
2623 834 2816 890 infanti
2858 833 3125 905 loquendi
3181 841 3504 904 potestatem

1938 925 2161 993 dedisti,
2193 937 2246 981 et
2290 941 2387 995 pro
2422 928 2642 982 nomine
2685 928 2753 984 de
2802 937 2910 997 quo
2951 942 3148 982 curare
3207 924 3508 995 dignantur

1939 1018 2341 1088 aliquantulum
2375 1017 2474 1071 viri
2531 1019 2729 1072 litteris
2763 1020 3070 1084 studentes,
3135 1033 3331 1072 nomen
3374 1017 3503 1070 mihi

1940 1110 2222 1179 protulisti
2247 1123 2414 1177 super
2441 1123 2602 1162 omne
2629 1121 2821 1162 nomen
2853 1108 2920 1161 ab
2943 1108 3024 1163 eis
3046 1108 3136 1176 qui
3163 1121 3244 1161 me
3264 1107 3507 1160 ρει-(ξυιυς

1939 1202 2072 1255 dant
2097 1202 2423 1270 jutlicatttm.

2019 1292 2072 1346 5.
2114 1293 2186 1346 Ita
2221 1300 2420 1346 memet
2443 1289 2685 1360 judicavi
2735 1289 2932 1345 debere
2974 1304 3080 1344 non
3113 1291 3215 1344 hoc
3249 1304 3392 1343 anno
3426 1297 3510 1341 ta-

1941 1400 2088 1452 cere,
2114 1384 2207 1440 scd
2235 1384 2515 1454 copiosius
2543 1383 2742 1452 alloqui
2770 1383 3027 1453 regiaque
3050 1382 3332 1450 divulgare
3368 1378 3505 1434 faci-

1940 1492 2095 1532 nora.
2125 1474 2182 1530 ln
2214 1476 2652 1544 praesentiarum,
2691 1475 2822 1544 quid
2853 1474 3059 1530 faceret
3097 1485 3280 1527 orator
3315 1471 3510 1541 stylum

1941 1583 2107 1622 manu
2144 1567 2564 1637 quasijaculum
2602 1580 2812 1632 tenens,
2845 1575 3152 1620 atramento
3175 1579 3272 1634 pro
3304 1579 3513 1618 veneno

1943 1658 2225 1721 infectum,
2263 1665 2491 1726 paratus
2526 1656 2594 1710 ad
2641 1655 2998 1724 injiciendum
3051 1654 3305 1709 inimicis
3352 1663 3406 1709 et
3456 1651 3512 1706 in

1940 1763 2132 1805 eorum
2162 1763 2357 1804 cruore
2393 1748 2828 1818 immergendum
2861 1765 2875 1814 ;
2905 1748 2996 1817 qui
3031 1745 3195 1801 modo
3226 1746 3350 1801 illos
3413 1744 3511 1799 ob-

267 1833 320 1886 δέ
346 1833 559 1902 βλέπων
585 1835 824 1898 ἐκείνους
853 1836 1036 1906 ἠρέμα
1069 1837 1433 1905 πτήσσοντας,
1485 1835 1578 1888 καλ¹
1612 1835 1672 1887 οὑ
1706 1851 1835 1904 προ·

1949 1849 2228 1910 stupcntes
2243 1849 2511 1906 cerneret,
2536 1847 2590 1895 et
2617 1856 2724 1894 non
2753 1849 3084 1910 provocatos
3114 1837 3296 1908 fugam
3316 1853 3511 1907 capes-

269 1927 637 1995 καλουμένους
671 1928 733 1982 τὸ
779 1927 1103 1999 βάλλεσθαι;
1165 1924 1242 1982 Ἦ
1279 1930 1497 1991 πάντως
1544 1929 1742 1996 ἀγάγοι
1775 1926 1839 1978 ἂν

266 2017 350 2071 διὰ
389 2017 668 2088 θαύματος
695 2019 798 2090 τὴν
835 2020 1121 2090 βασιλικὴν
1151 2020 1463 2091 εὐανδρίαν,
1488 2018 1555 2072 δι’
1574 2015 1646 2090 ἧς
1668 2018 1841 2071 ταῦτα

268 2108 518 2175 ὲγένετοσ
547 2109 617 2162 δι’
641 2111 710 2180 ἢν
745 2111 942 2176 σκάζει
981 2111 1079 2181 μὲν
1132 2113 1248 2176 τοῖς
1291 2112 1571 2182 πολεμίοις
1622 2111 1838 2179 μηχανὴ

270 2201 416 2252 πᾶσα
447 2201 526 2261 είς
557 2201 861 2270 ἄπρακτον,
894 2201 955 2255 οὐ
983 2202 1157 2254 πολλὰ
1182 2202 1238 2254 δὲ
1273 2202 1474 2271 κάμνει
1504 2200 1624 2253 οὐδὲ
1653 2201 1715 2252 τὸ
1744 2201 1840 2268 βα-

271 2292 478 2345 σιλικὸν
509 2293 741 2356 ἐκείνοις
779 2294 1307 2365 ἀντιπαλαμὼμενον
1361 2295 1695 2363 στράτευμα,
1746 2293 1842 2345 καὶ

269 2383 329 2435 τὸ
353 2384 640 2453 ῥητορικὸν
665 2386 720 2436 δὲ
745 2385 835 2439 διὰ
867 2385 1036 2438 ταῦτα
1064 2388 1346 2456 γραφεῖον,
1390 2385 1448 2438 τό
1477 2402 1540 2452 γε
1570 2385 1652 2447 είς
1698 2383 1840 2436 ὲκεί-

270 2493 391 2539 νους
425 2471 581 2546 ἧκον,
613 2481 825 2548 ναρκοῖ.
1665 2527 1674 2533 .

339 2567 401 2623 δ’.
437 2570 502 2622 Ὢ
530 2569 818 2641 βασιλικῆς
841 2571 1254 2642 κραταιότητος,
1288 2571 1356 2624 δι’
1383 2566 1452 2643 ἦς
1472 2573 1602 2641 ἡμῖν
1635 2569 1840 2640 ἀγαθὸν

273 2664 749 2733 καταπέπρακται.
795 2663 859 2716 Ὢ
909 2663 1263 2734 παγγάληνον
1312 2662 1411 2731 ἔαρ
1446 2662 1745 2731 βασιλείας,
1781 2663 1840 2714 ἐν

271 2747 314 2819 ᾧ
337 2757 446 2807 πᾶν
473 2754 678 2822 ἀγαθὸν
705 2754 1000 2826 ἐξήνθησεν
1027 2755 1304 2824 κάρπιμον
1342 2755 1422 2825 (τὸ
1455 2752 1513 2818 ἐξ
1543 2755 1718 2824 ἀέρων
1737 2769 1750 2784 ⁸
1780 2753 1841 2805 τὺ

271 2847 333 2898 ὲκ
367 2845 679 2916 θαλάσσηςο
743 2845 811 2899 τὶ
840 2847 903 2897 ἐκ
960 2845 1095 2914 γῆς’
1133 2850 1227 2899 καὶ
1285 2845 1345 2898 τὸ
1398 2845 1518 2898 ὅλον
1549 2845 1724 2897 εἰπεῖν
1771 2842 1839 2896 τὰ

270 2938 600 3007 πάντοθεν),
646 2936 740 2991 καὶ
786 2939 815 2990 ὁ
866 2937 1238 3006 παμϐασιλεὺς
1307 2937 1514 3006 Ἰησοῦς
1559 2935 1700 2989 κατὰ
1743 2935 1838 2987 τοῦ

273 3030 618 3098 παλαμναίου
651 3029 869 3084 αἰωνίου
903 3030 1132 3082 θανάτου
1161 3030 1223 3080 τὸ
1273 3029 1546 3097 πάμμεγα
1579 3027 1840 3096 τρόπαιον

271 3123 486 3191 ἔστησε.
524 3122 590 3174 Σὲ
620 3122 699 3183 δὲ,
744 3115 790 3175 ὦ
831 3122 1005 3192 σῶτερ
1031 3118 1275 3189 βασιλεῦ,
1305 3118 1646 3190 θαρρούντως
1677 3119 1742 3171 ἂν
1763 3117 1839 3170 sic

271 3305 366 3356 καὶ
399 3303 461 3355 τδ
518 3302 819 3370 θανάσιμον
856 3299 1013 3354 τοῦτο
1069 3300 1239 3354 κακὸν
1272 3301 1423 3355 κάτω
1479 3300 1680 3370 βαλεῖν.
1733 3299 1843 3352 Καὶ

273 3394 372 3448 νῦν
406 3394 465 3448 τὸ
498 3394 735 3461 ὑπήκοον
767 3392 914 3446 ἅπαν
943 3392 1155 3456 εύζωεϊ,
1180 3391 1271 3445 καὶ
1315 3383 1712 3460 κατακροαίνει
1748 3386 1841 3441 τοῦ

274 3486 534 3555 πολιμου,
579 3486 660 3540 ὅτι
685 3487 778 3538 καὶ⁸
801 3484 910 3537 τῶν
936 3483 1230 3553 πολεμίων,
1260 3483 1356 3537 καὶ
1384 3484 1656 3554 εἰρηναῖον
1687 3498 1844 3550 σκιρ-

269 3581 362 3651 τᾷ.
405 3581 516 3633 Καὶ
553 3580 586 3649 ἡ
618 3579 718 3648 μὲν
757 3577 919 3647 φύσις
942 3577 1076 3647 ἄτερ
1118 3577 1279 3647 ὄχλου
1316 3576 1440 3644 ἄγει
1463 3576 1556 3629 καὶ
1586 3575 1843 3642 τελεσφοο

273 3676 379 3743 ρεῖ,
406 3673 503 3726 καὶ
537 3672 598 3725 τὸ
633 3673 738 3726 πᾶν
769 3671 1058 3738 αὐξάνεται
1100 3672 1193 3725 καὶ
1220 3670 1586 3741 πληθύνεται·
1610 3672 1639 3724 ὁ
1670 3669 1726 3722 δὲ
1749 3669 1844 3723 τοῦ

274 3767 376 3835 ζῇν
420 3765 802 3835 παρατρώγων
861 3765 1095 3834 πόλεμος
1132 3763 1234 3818 οὐκ
1277 3763 1428 3826 ἐντὸς
1454 3763 1625 3834 ὀργῆς
1670 3763 1842 3832 μένει,

273 3857 392 3911 ἀλλ’
431 3857 487 3911 ετ
509 3874 614 3910 που
646 3859 738 3911 καὶ
763 3855 915 3910 ἔστιν
955 3859 1167 3922 εἰπεῖν,
1228 3854 1679 3920 ἑξωκεανίζεται,
1725 3857 1846 3916 ταῖς

289 3947 585 4019 Ἀρπυίαις
606 3948 804 4013 δοθεὶς,
851 3949 946 4001 καὶ
968 3949 1066 4002 οὐκ
1105 3948 1184 4000 ἔτι
1214 3947 1306 4001 τὸν
1336 3947 1434 4018 τῆς
1473 3947 1691 4017 φύσεως
1717 3947 1846 4017 ῥοῦν

274 4043 609 4096 ἀνακόπτειν
663 4040 1070 4110 παρεμπίπτων
1124 4040 1280 4094 ὁποῖά
1325 4056 1406 4103 τις
1446 4040 1590 4103 λίθος
1641 4038 1850 4109 τραχὺς

275 4133 376 4188 καὶ
413 4134 701 4195 ἀτίνακτος
721 4149 733 4164 ο
777 4131 914 4187 ἀλλὰ
934 4133 1368 4204 παραράσσεται,
1403 4133 1604 4202 μᾶλλον
1634 4131 1734 4201 μὲν
1755 4129 1849 4184 οὖν

274 4225 342 4277 ὲκ
397 4227 564 4294 μέσου
598 4223 870 4292 πελάγους
902 4223 1304 4294 παρασύρεται.
1355 4224 1542 4294 ’Δργεῖ
1569 4221 1630 4275 τὸ
1649 4220 1850 4274 Σκυθι-

276 4315 376 4368 κὸν
399 4314 578 4380 τόξον,
603 4314 750 4385 καὶὴ
786 4315 954 4384 νευρὰ
979 4317 1062 4378 είς
1105 4314 1261 4368 κενὸν
1305 4315 1593 4384 στεινομένη
1626 4313 1846 4376 κτυπεῖ,

275 4409 378 4460 καὶ
404 4407 541 4478 πρὸς
567 4409 738 4479 μόνην
760 4410 1066 4477 ἀπόπειραν
1111 4408 1483 4477 ρυθμιζομένη
1513 4405 1765 4475 (ποιητὴς
1783 4405 1850 4458 ἂν

1950 1935 2109 1991 sere?
2140 1933 2378 1990 Omnino
2407 1934 2732 2002 stupendam
2763 1933 3009 1988 redderet
3033 1933 3284 1985 virtutem
3311 1930 3512 2000 regiam

1943 2042 2036 2098 per
2058 2043 2218 2097 quam
2249 2027 2361 2081 brec
2395 2027 2539 2079 facta
2571 2034 2724 2089 sunt,
2763 2041 2858 2095 per
2888 2040 3048 2094 quam
3088 2022 3362 2076 claudicat
3387 2021 3516 2075 irri—

1942 2129 2104 2188 taque
2147 2117 2327 2173 evadit
2364 2119 2546 2174 omnis
2577 2118 2821 2172 hostium
2876 2116 3121 2177 solertia,
3156 2113 3355 2183 regalis
3380 2126 3514 2167 vero

1941 2211 2218 2266 exercitus
2263 2210 2373 2265 illis
2432 2210 2732 2264 ohluctans
2767 2207 2916 2261 nullo
2977 2205 3142 2261 modo
3175 2205 3406 2269 laborat,
3459 2211 3516 2257 et

1941 2321 2062 2358 mox
2099 2313 2387 2374 propterea
2419 2303 2535 2372 ipse
2566 2302 2807 2357 oratoris
2859 2301 3060 2370 stylus,
3115 2300 3309 2356 saltem
3349 2304 3515 2367 prout

1940 2405 2135 2450 contra
2169 2395 2518 2451 adversarios
2545 2395 2818 2458 vibratur,
2852 2399 3053 2461 torpet.

2015 2578 2069 2631 4.
2101 2575 2146 2631 Ο
2192 2574 2392 2644 regalis
2448 2573 2644 2640 virtus,
2683 2587 2778 2640 per
2820 2586 2983 2642 quam
3021 2569 3179 2625 nobis
3237 2571 3380 2624 bona
3423 2582 3517 2640 pa-

1944 2678 2082 2722 trata
2132 2677 2262 2724 sunt
2310 2667 2403 2722 ΞΟ
2435 2667 2854 2722 serenis-simum
2905 2678 3000 2719 ver
3054 2663 3218 2731 regiae
3276 2670 3517 2732 potesta-

1945 2765 2036 2830 tis,
2068 2763 2122 2818 in
2175 2778 2285 2833 quo
2355 2761 2537 2816 floruit
2578 2759 2722 2816 bona
2772 2758 2954 2813 omnis
3003 2759 3169 2812 arbor
3224 2754 3508 2811 fructifera

1942 2857 2079 2928 (sive
2128 2871 2193 2910 ex
2225 2868 2370 2915 aere,
2401 2853 2517 2908 sive
2559 2868 2623 2906 ex
2674 2851 2834 2912 mari,
2905 2849 3021 2904 sive
3067 2863 3135 2902 ex
3197 2857 3362 2912 terra,
3419 2861 3517 2901 seu

1942 2962 2051 3002 uno
2095 2946 2267 3001 verbo
2320 2959 2384 2999 ex
2444 2956 2772 3012 quacunque
2807 2938 3010 3011 parte),
3039 2947 3093 2992 et
3124 2949 3218 2992 rex
3271 2936 3513 2990 omnium

1940 3039 2099 3093 Jesus
2152 3037 2419 3091 adversus
2476 3035 2831 3105 sanguineam
2867 3041 3231 3099 aeternamque
3286 3035 3516 3083 mortem

1903 3165 1909 3182 ι
1942 3128 2294 3198 Splendidam
2346 3136 2610 3196 tropaeum
2665 3125 2839 3180 erexit
2869 3125 2882 3178 ι
2913 3119 2991 3177 Te
3020 3137 3170 3185 vero,
3205 3136 3237 3175 ο
3269 3117 3519 3175 salutifer

271 3231 430 3282 ποιμι
470 3213 794 3266 ὁπλίσασθαι
843 3211 984 3265 κατὰ
1018 3211 1111 3263 τοῦ
1164 3209 1510 3280 βροτολοιγοῦ
1570 3209 1836 3278 πολέμου,
1868 3201 1909 3257 C

1945 3224 2263 3292 imperator,
2312 3219 2572 3275 audacter
2604 3218 2842 3272 dicerem
2899 3226 3088 3271 contra
3127 3214 3256 3268 illud
3311 3211 3514 3267 bellum

1946 3309 2256 3366 mortalium
2308 3308 2580 3379 flagellum
2635 3306 2929 3362 dimicasse
2984 3302 3367 3370 letifer-umque
3414 3301 3520 3352 hoc

1946 3406 2147 3460 malum
2186 3402 2253 3456 ad
2290 3402 2396 3456 ima
2433 3400 2718 3468 deiecisse.
2760 3399 2825 3453 Et
2857 3411 3004 3452 nunc
3039 3394 3233 3450 docilis
3279 3392 3520 3446 mundus

1947 3497 2184 3553 feliciter
2214 3495 2369 3558 vivit,
2412 3503 2467 3546 et
2503 3493 2771 3548 adversus
2803 3489 3002 3546 bellum
3050 3484 3317 3548 clamitat,
3366 3484 3520 3553 ipso-

1945 3602 2176 3658 rumque
2235 3585 2560 3641 bellatorum
2628 3582 2873 3639 studium
2921 3591 3110 3649 pacem
3166 3574 3391 3645 appetit.
3453 3571 3517 3628 Ει

1944 3680 2165 3753 quidem
2218 3688 2412 3734 natura
2481 3677 2601 3732 sine
2647 3673 2886 3730 tumultu
2940 3670 3131 3740 agitet
3184 3666 3416 3737 perficit,
3468 3675 3525 3721 et

1937 3782 2110 3831 ‘omne
2147 3781 2378 3843 augetur
2425 3785 2634 3826 necnon
2701 3768 3028 3838 completur.
3078 3763 3288 3818 Bellum
3335 3768 3514 3814 autem

1945 3869 2115 3921 vitam
2168 3865 2369 3920 rodens
2403 3877 2510 3918 non
2552 3862 2696 3916 intra
2731 3862 2867 3914 iram
2901 3864 3189 3921 moratur;
3223 3853 3339 3915 sed,
3371 3851 3418 3907 si
3447 3851 3522 3904 ita

1946 3959 2072 4013 licet
2104 3955 2278 4027 loqui,
2322 3964 2474 4009 extra
2522 3965 2790 4020 oceanum
2826 3945 3237 4010 transmittitur,
3267 3939 3520 4010 Harpyiis

1945 4049 2235 4112 traditum,
2273 4063 2377 4101 nec
2412 4045 2524 4114 jam
2580 4041 2847 4098 incumbit
2895 4048 3107 4094 natura;
3163 4047 3387 4089 cursum
3432 4030 3522 4085 in-

1947 4141 2314 4202 terscindens,
2355 4152 2505 4190 more
2535 4135 2732 4204 lapidis
2757 4131 2941 4203 gravis
2970 4140 3024 4184 et.
3077 4125 3331 4182 immanis
3370 4140 3386 4190 ;
3419 4123 3514 4178 sed

1951 4231 2222 4300 frangitur
2268 4242 2364 4284 seu
2419 4227 2600 4296 potius
2665 4239 2698 4278 e
2742 4222 2920 4277 medio
2979 4232 3197 4289 aequore
3261 4215 3517 4283 eripitur.

1951 4325 2195 4391 Quicscit
2227 4338 2391 4377 arcus
2433 4320 2748 4390 Scythicus,
2796 4328 2851 4371 et
2895 4331 3102 4371 nervus
3159 4317 3213 4368 in
3281 4327 3517 4367 vacuum

1951 4426 2141 4470 tensus
2207 4411 2436 4476 stridet,
2493 4419 2547 4464 et
2613 4407 2835 4463 nonnisi
2899 4405 3273 4474 experimento
3347 4405 3524 4457 inser-

274 4502 448 4571 εἴποι)
501 4501 729 4571 χελιδόνι
773 4500 950 4554 ῐκελον
996 4500 1317 4569 φθέγγεται.
1357 4501 1449 4563 Εἰς
1490 4499 1711 4568 ἄγαλμα
1755 4499 1850 4550 καὶ

1954 4505 2120 4560 viens‘
2169 4504 2400 4575 (diceret
2467 4501 2672 4570 poeta),
2721 4501 2789 4554 ad
2850 4498 3022 4553 instar
3054 4495 3367 4551 hirundinis
3406 4510 3530 4563 per-

277 4597 446 4664 μόνον
473 4597 586 4657 τοῖς
625 4593 846 4654 Ἰταλοῖς
877 4593 1043 4656 ῐππος
1084 4592 1480 4661 φριμάσσεται.
1534 4591 1669 4660 πρὶς
1711 4606 1852 4659 γυμ-

273 4687 477 4738 νασίαν
505 4686 935 4752 φανταζόμενος.
985 4687 1044 4736 El
1101 4685 1158 4738 δὲ
1205 4683 1328 4738 κατ’
1371 4684 1615 4754 ἀλλήλων
1656 4684 1854 4735 ἐκεῖνοι

273 4777 420 4845 προς
461 4777 604 4829 ὅπλα
634 4778 938 4844 μαίνονται,
987 4776 1427 4840 όπλιζέσθωσαν·
1475 4775 1856 4843 ἀντιπαλαμά-

274 4870 520 4933 σθωσαν,
549 4869 600 4922 εί
631 4868 925 4938 βούλοιντο,
959 4869 1056 4923 καὶ
1110 4869 1490 4933 πεπτὼκεσαν,
1523 4869 1597 4931 ὡς
1627 4871 1762 4939 ⁴ἡμῖν
1793 4886 1854 4934 γε

277 4961 446 5031 μέλον
489 4960 598 5013 τῶν
632 4959 888 5012 τοιούτων
912 4961 1084 5014 οὐδέν.
1118 4956 1191 5012 Ἥ
1223 4961 1329 5029 πρὸ
1369 4960 1544 5012 ποδῶν
1571 4960 1670 5030 ἢδη
1700 4960 1856 5029 βασι-

269 5053 454 5107 λικῶν
496 5054 566 5106 τὰ
595 5052 735 5107 ὅπλα
781 5051 1030 5123 ἔρριψαν,
1085 5055 1177 5106 καὶ
1206 5055 1304 5117 τὰς
1334 5053 1508 5122 ψυχὰς
1544 5052 1765 5122 ἐξέχεαν
1806 5053 1854 5103 οἱ

269 5149 381 5216 τῆς
415 5147 617 5214 ’Δγαρ.
671 5145 835 5196 Ἀλλὰ
876 5145 969 5196 καὶ
1007 5146 1214 5207 τούτοις
1245 5147 1277 5212 ἡ
1331 5145 1595 5214 θηριωδία
1644 5144 1858 5196 ἑτιθασ-

275 5239 452 5308 σεύθη
474 5253 487 5267 °
525 5241 619 5292 καὶ
646 5239 767 5292 ἀντὶ
785 5237 941 5302 τόξου
979 5239 1076 5307 μὲν
1104 5239 1334 5307 ἄροτρον
1363 5241 1547 5300 αὐτοῖς
1573 5238 1709 5307 μετὰ
1743 5239 1857 5306 χεῖ-

276 5352 410 5400 ρας,
438 5334 533 5387 καὶ
562 5334 598 5403 ἡ
617 5333 688 5400 γῆ
711 5333 847 5402 πρὸς
879 5331 1122 5392 αὔλακας
1144 5331 1386 5399 σχίζεται
1404 5347 1417 5360 ⁸
1455 5332 1571 5384 ἀντὶ
1593 5331 1652 5383 δὲ
1675 5331 1861 5399 ξίφους

273 5427 578 5498 δρέπανον,
613 5425 708 5478 καὶ
730 5423 790 5476 τὸ
813 5423 964 5492 λήϊον
990 5423 1248 5492 τέμνεται
1266 5437 1282 5453 ο
1335 5424 1458 5476 ἀντὶ
1485 5424 1653 5476 ἵππου
1699 5424 1860 5476 πολε-

280 5518 583 5588 μιστηρίου
621 5513 911 5580 ζεύξαντες
933 5514 1082 5584 βοῦν,
1103 5512 1380 5583 τρίβουσιν
1419 5514 1706 5584 ἀμαξιτὸν,
1765 5516 1861 5569 καὶ

1956 4605 2138 4652 sonat.
2196 4597 2254 4650 ln
2289 4595 2751 4649 oblectamentum
2799 4591 2977 4646 solum
3033 4589 3184 4643 Italis
3224 4603 3399 4657 equus
3434 4587 3530 4641 ad-

1958 4691 2136 4746 hinnit
2183 4689 2249 4742 ad
2285 4685 2603 4742 exercitium
2650 4684 2953 4739 exbihitus.
3010 4681 3207 4734 Verum
3256 4679 3299 4735 si
3335 4680 3411 4733 illi
3463 4679 3530 4733 dc

1957 4783 2129 4838 armis
2170 4789 2360 4836 contra
2410 4792 2470 4833 se
2498 4776 2732 4830 invicem
2772 4773 3015 4829 ferendis
3063 4772 3371 4836 insaniunt,
3413 4771 3530 4824 hel-

1957 4877 2137 4930 lantor
2157 4891 2171 4938 ;
2195 4871 2397 4942 perfida
2429 4878 2621 4923 mutuo
2653 4867 2948 4921 moliantur
2975 4865 3230 4924 consilia.
3267 4865 3311 4918 si
3338 4863 3530 4915 volue-

1957 4968 2092 5029 rint,
2122 4972 2175 5018 et
2205 4964 2536 5033 dispeream,
2572 4960 2868 5015 dummodo
2928 4959 3072 5012 nulla
3115 4958 3186 5010 sit
3221 4953 3376 5008 nobis
3403 4966 3531 5021 pars

1962 5061 2017 5114 in
2052 5060 2214 5112 rebus
2251 5057 2388 5109 istis.
2441 5057 2667 5124 Insuper
2717 5054 2825 5122 iam
2875 5066 3056 5104 coram
3095 5048 3260 5117 regiis
3299 5044 3530 5112 pedibus

1963 5164 2112 5202 arma
2189 5146 2545 5216 abiecerunt,
2611 5144 2823 5197 animas
2894 5141 3150 5193 fuderunt
3207 5135 3299 5188 filii
3368 5132 3534 5198 Agar.

1965 5240 2070 5293 Sed
2098 5249 2150 5291 et
2173 5252 2361 5291 corum
2385 5236 2572 5291 feritas
2595 5231 2967 5288 mansuefacta
3001 5229 3124 5284 fuit.
3161 5234 3216 5278 et
3246 5237 3345 5292 pro
3399 5237 3533 5274 arcu

1964 5343 2208 5383 aratrum
2266 5328 2400 5397 ipsis
2443 5327 2584 5381 inter
2640 5329 3135 5383 tnanus,terraque
3188 5314 3355 5368 sulcis
3381 5313 3535 5366 scin-

1967 5426 2162 5490 ditur;
2204 5437 2302 5492 pro
2356 5435 2487 5480 ense
2527 5419 2662 5476 falx.
2714 5429 2818 5479 qua
2878 5409 3208 5462 frumentum
3265 5412 3532 5470 secatur;

1969 5534 2066 5587 pro
2096 5531 2240 5585 equo
2272 5513 2468 5568 bellico
2525 5509 2648 5562 bovi
2680 5507 2869 5572 jugum
2929 5501 3240 5568 imponunt,
3274 5497 3393 5550 vias
3436 5505 3536 5587 ,ιο-

279 5581 495 5673 alaeve;
535 5581 999 5670 καθιππάζονται.
1065 5581 1177 5660 καὶ
1222 5604 1404 5673 ἀφῆκε
1460 5581 1558 5675 μὲν
1607 5607 1859 5676 κατέχειν

1969 5581 2118 5673 runt,
2150 5581 2230 5660 iet
2259 5617 2440 5657 aream
2495 5610 2759 5667 equorum
2803 5590 3032 5660 pedibus
3082 5581 3443 5644 conculcantI
3464 5586 3535 5644 Et

277 5705 472 5767 αὐτοῖς
501 5704 527 5755 ό
557 5702 733 5770 Ἀρης
762 5699 822 5751 τὸ
881 5699 1206 5767 μαινόμενον
1240 5698 1431 5764 κακὸν,
1483 5700 1763 5753 τελοῦνται
1805 5701 1859 5753 δὲ

1968 5700 2206 5756 cessavit
2255 5695 2394 5763 apud
2454 5692 2576 5744 illos
2612 5685 2940 5743 commorari
2977 5683 3142 5747 Mars,
3202 5682 3389 5736 furens
3441 5681 3534 5735 illa

282 5794 588 5867 σωφρόνως
608 5793 675 5862 τῇ
705 5792 975 5861 Δήμητρι.
1009 5791 1118 5842 Καὶ
1145 5789 1194 5841 οἱ
1220 5789 1391 5842 πάλαι
1421 5791 1538 5843 τότε
1581 5790 1742 5861 μέχρι
1767 5791 1859 5844 καὶ

1969 5794 2162 5863 pestis,
2195 5786 2290 5843 sed
2323 5783 2596 5852 sapienter
2643 5781 2698 5835 in
2733 5779 2992 5833 honorem
3023 5773 3246 5832 Cereris
3302 5777 3532 5831 cedunt.

602 5887 878 5947 l’nnon.
919 5887 1033 5945 Gn.
1071 5883 1359 5945 CXXXV.
3149 5866 3226 5928 30
