3992 6240
368 322 478 386 939

1159 328 1588 392 ΕΗΞΤΑΤΙΙῙΙ
1616 332 1955 394 TlIESSAL

2057 336 2387 427 iICENSIS
2427 334 2991 398 METROPOLIT/E
3085 304 3097 314 ’

3532 340 3592 401 94
3606 340 3637 402 ὃ

369 432 437 487 Et
483 431 573 503 qui
621 432 747 488 olim
824 434 1047 506 herique
1115 440 1280 491 ctiam
1337 455 1432 510 per
1478 456 1629 497 nare
1678 441 1938 497 Asianum

2057 444 2136 497 ἐπὶ
2161 440 2439 501 θάλασσαν
2471 446 2569 517 τὴν
2604 447 2861 516 Ἀσιανὴν
2901 446 3317 515 πλατυνόμενοι,
3368 447 3462 500 καὶ
3505 450 3632 517 κρά-

375 525 485 580 late
546 528 827 596 patebant,
880 536 1043 599 atque
1114 530 1449 586 maritimum
1494 532 1776 602 iactabant
1835 535 1939 590 int-

368 617 607 687 perium,
655 634 802 674 nunc
834 636 943 675 non
999 630 1209 678 tantum
1257 639 1316 680 se
1371 641 1398 679 a
1449 626 1731 683 vicinitate
1774 629 1941 684 maris

371 712 820 776 amuverunt,sed
858 712 1021 769 etiam
1074 718 1320 787 plerique
1352 720 1627 784 nesciunt.
1658 720 1763 778 nisi
1811 737 1945 778 voce

372 801 780 872 sola,‘aequora,
820 807 1080 877 proximae
1117 809 1240 863 loco
1273 810 1629 868 habitationis
1670 812 1726 868 in
1760 829 1941 870 remo-

372 904 454 949 tas
486 896 817 952 continentis
844 907 1020 955 terras
1052 899 1175 971 fuga
1207 902 1563 974 emigrantes,
1586 920 1709 959 cum
1764 907 1942 976 printo

374 989 595 1045 Alexius
627 990 771 1044 inter
821 993 1180 1061 imperatores
1219 997 1629 1054 illustrissimus
1659 1015 1754 1056 eos
1783 1016 1945 1072 repu-

376 1083 549 1148 lisset,
598 1084 740 1137 malo
780 1087 966 1154 procul
1000 1087 1267 1156 ablegato.
1320 1091 1516 1145 deinde
1555 1091 1799 1154 Joannes
1829 1102 1943 1149 tro-

376 1175 505 1243 pmis
536 1190 750 1231 mersus
794 1193 956 1245 quem
997 1177 1206 1245 justum
1236 1190 1319 1235 est
1386 1183 1532 1237 inter
1586 1185 1947 1254 imperatores

375 1269 633 1323 eximium
699 1271 911 1337 audire,
962 1286 1057 1327 eos
1102 1272 1318 1344 longius
1372 1276 1685 1346 compulsos
1746 1276 1813 1333 de
1869 1276 1949 1330 vi-

375 1362 519 1417 cinis
578 1363 868 1433 dcjecisset
924 1367 1372 1434 possessionibus
1401 1383 1415 1425 ς
1444 1369 1608 1423 tertio
1664 1385 1788 1424 eum
1825 1380 1950 1441 post

370 1451 498 1506 illos
530 1455 946 1523 potentissimus
984 1456 1303 1525 imperator:
1334 1460 1427 1526 qui
1483 1469 1683 1516 terram
1742 1476 1953 1520 oceano

377 1545 682 1600 facinorum
739 1547 951 1612 cinxit,
1026 1549 1140 1618 ipse
1217 1549 1452 1605 validius
1530 1551 1804 1609 excitatus
1893 1556 1950 1611 in

373 1650 469 1692 cos
530 1638 803 1705 irruisset,
838 1640 908 1694 ita
966 1648 1023 1695 ut
1073 1656 1223 1697 mare
1272 1642 1339 1704 ab
1390 1644 1523 1714 ipsis
1560 1646 1669 1715 jam
1710 1649 1951 1717 conspici

375 1744 482 1783 non
540 1731 733 1800 possit.
795 1731 860 1786 Et
902 1749 966 1787 ex
1019 1734 1199 1788 tribus
1274 1735 1403 1791 istis
1477 1738 1636 1808 quasi
1692 1738 1954 1796 ﬂuctibus

374 1820 515 1875 alius
563 1822 780 1890 quidem
809 1825 1004 1879 avertit
1034 1840 1062 1878 a
1092 1826 1229 1880 mari
1269 1829 1552 1885 confusam
1606 1831 1753 1900 Agar
1783 1833 1953 1887 coitu.

372 1911 586 1966 viunem
624 1929 639 1979 ;
673 1913 812 1968 alius
847 1931 977 1971 vero
1027 1917 1160 1970 illud
1228 1920 1401 1988 magis
1460 1921 1775 1992 ablegavit;
1815 1925 1955 1980 alter

372 2009 553 2054 autem
582 2002 815 2070 procula
839 2004 958 2057 visu
988 2006 1285 2074 repnlit,et
1316 2007 1481 2061 maris
1508 2007 1764 2065 dominos
1794 2012 1843 2063 in
1866 2013 1953 2065 in-_

362 2090 526 2144 colas
579 2093 916 2148 continentis
952 2095 1317 2164 transposuit,
1386 2098 1459 2151 ita
1499 2107 1555 2152 ut
1587 2099 1822 2155 arduum
1881 2102 1956 2158 sit

376 2183 580 2239 nostris
612 2184 998 2254 navigantibus
1016 2186 1208 2242 faciem
1244 2188 1533 2246 lsmaelitm
1564 2207 1812 2260 noscere,
1852 2195 1958 2250 illis

375 2290 505 2330 vero
541 2291 733 2333 rursus
785 2279 1131 2335 rarissimum
1186 2297 1305 2337 esse
1332 2283 1498 2337 maris
1549 2286 1952 2353 spectaculum,

377 2367 483 2421 nisi
531 2368 610 2422 cis
645 2369 737 2437 qui
777 2368 842 2422 ad
872 2370 1265 2425 commercium
1315 2374 1737 2445 peregrinantur
1779 2386 1833 2432 et
1861 2379 1956 2449 qui

377 2470 406 2507 a
440 2459 849 2527 campestribus
894 2468 1083 2515 emunt
1135 2476 1358 2530 pascua,
1397 2478 1493 2532 pro
1536 2464 1729 2519 bestiis
1781 2469 1959 2536 pacis-

370 2561 586 2605 centes.
613 2550 679 2605 Et
719 2552 922 2606 multos
962 2552 1126 2608 modo
1186 2569 1468 2610 sermones
1508 2559 1828 2614 exhauriret
1861 2575 1960 2615 au-

374 2642 531 2697 ribus
553 2643 827 2707 jucundos
858 2644 939 2698 vir
968 2642 1263 2710 lsmaelita,
1302 2649 1394 2720 qui
1422 2663 1572 2703 mare
1607 2650 1719 2720 jam
1755 2654 1951 2709 nescit.

378 2734 459 2787 Tu
514 2735 734 2804 quidem
790 2735 870 2790 sic
917 2735 1024 2791 illis
1091 2735 1353 2791 ﬂuentum
1418 2738 1725 2797 insolentiae
1784 2744 1956 2799 inter-

379 2829 598 2897 rupisli,
644 2836 707 2885 et.
749 2845 993 2897 sursum,
1057 2847 1176 2893 seu.
1215 2839 1274 2887 ut
1318 2832 1532 2899 dicunt,
1567 2834 1803 2892 adverso
1850 2838 1959 2894 ﬂu-

378 2920 526 2977 miue
549 2921 848 2977 ascendere
875 2923 1105 2993 coegisti
1134 2940 1150 2989 ;
1184 2923 1317 2979 illos.
1339 2939 1471 2980 vero
1502 2925 1779 2983 demulcet
1830 2944 1958 2999 spes

377 3014 658 3077 currendi,
723 3021 781 3067 ιιι
841 3014 1020 3079 aiunt,
1087 3014 1318 3071 adversa
1405 3015 1652 3085 ﬂumine,
1714 3027 1767 3074 et
1814 3020 1961 3079 desi-

378 3105 572 3160 derato
642 3106 909 3174 potiendi.
942 3105 1060 3162 Non
1125 3109 1199 3163 ita
1264 3124 1418 3176 sane,
1477 3110 1573 3166 sed
1628 3113 1832 3183 sacpius
1882 3115 1960 3168 al-

376 3212 509 3252 veos
564 3197 673 3252 illis
710 3186 1037 3266 concludis,
1076 3209 1130 3257 et
1156 3216 1352 3256 versus
1382 3203 1530 3273 ipsos
1553 3202 1732 3259 fontes
1786 3206 1837 3260 vi
1873 3221 1959 3263 re-

377 3289 556 3360 pellis.
616 3289 763 3345 Nihil
822 3291 1115 3362 impediret
1159 3295 1292 3363 quin
1335 3295 1450 3350 haec
1510 3296 1621 3351 cito
1665 3298 1799 3353 ﬂant
1848 3299 1957 3357 nisi

377 3383 446 3438 ab
509 3384 738 3452 antiquo
791 3393 1036 3455 tempore
1063 3386 1279 3443 fervens
1320 3388 1526 3444 malum
1565 3390 1632 3446 ab
1667 3392 1796 3448 altis
1830 3409 1960 3449 eru-

377 3477 549 3547 pisset
591 3478 829 3549 abyssis,
890 3488 947 3533 et
1001 3479 1200 3537 ﬂuctus
1250 3481 1357 3537 late
1387 3481 1627 3540 diﬂ‘usus
1659 3494 1828 3541 totam
1860 3503 1960 3543 oc-

381 3579 643 3640 cupasset
701 3579 905 3628 terram
928 3614 943 3641 ,
977 3588 1144 3643 quam
1171 3589 1209 3630 ιι.
1246 3576 1381 3631 solis
1415 3577 1632 3634 ortibus
1675 3580 1959 3648 cognomi-

378 3678 504 3718 nam
515 3679 601 3721 US.

451 3754 505 3809 5.
564 3755 763 3811 Verum
835 3758 939 3814 hoc
992 3760 1099 3815 erit
1149 3761 1370 3828 quando
1422 3760 1781 3818 iusuﬂlaverit
1817 3762 1959 3820 Deus

367 3848 473 3923 qui
522 3850 696 3920 replet
720 3865 919 3906 omnes
968 3850 1268 3923 petitiones
1317 3855 1502 3909 cordis
1554 3855 1657 3921 tui,
1686 3872 1960 3925 manuque

370 3937 564 3996 valida
612 3940 846 4011 arripuit
898 3940 1083 3998 fontes
1137 3941 1304 4013 hujus
1353 3942 1599 4002 ﬂuminis
1658 3962 1800 4017 quos
1841 3948 1956 4018 iam

376 4029 677 4087 retundere
702 4031 945 4102 cmpisti,
981 4042 1036 4088 et
1068 4032 1328 4089 recedere
1357 4035 1608 4104 coegisti.
1639 4035 1761 4093 iam
1809 4053 1959 4096 nunc

372 4123 513 4179 illud
569 4124 823 4180 contines
857 4123 1144 4188 ﬂuentum,
1183 4135 1236 4181 et
1260 4124 1496 4181 reﬂuere
1527 4127 1729 4197 adigis,
1766 4137 1959 4186 terra:-

377 4230 487 4286 que
528 4228 737 4272 secreta
779 4218 990 4281 subire,
1041 4219 1317 4273 menibus
1374 4219 1560 4275 hostes
1593 4236 1809 4289 arcens,
1844 4223 1959 4280 vias

272 4342 277 4345 ς
378 4309 573 4364 solidis
623 4307 851 4365 ﬁrmans
886 4309 1309 4373 munitionibus.
1368 4320 1421 4366 et
1455 4320 1578 4366 tuos
1628 4313 1743 4368 illis
1802 4314 1958 4371 insu-

370 4401 607 4469 perabili
646 4402 854 4457 vallans
881 4417 1100 4472 aggere.
1148 4401 1314 4458 Juvat
1341 4418 1564 4459 cernere
1619 4404 1757 4470 vias,
1803 4406 1957 4476 prius

2044 555 2134 602 τος
2162 539 2460 609 αὐχοῦντες
2496 540 2778 609 ἀγχέαλον,
2811 540 2908 595 νῦν
2946 541 3044 611 οὐχ
3072 541 3222 604 ὅπως
3262 540 3364 611 τῆς
3395 542 3635 608 αίγιαλὶ-

2044 631 2189 694 τιδος
2218 632 2379 702 μόνον
2408 632 2725 704 ἀνήνεγκαν
2757 635 3008 699 ἑαυτοὺς,
3044 633 3161 686 ἀλλ’
3195 634 3316 687 οὐδὲ
3350 633 3556 688 οἴδασιν
3580 634 3633 686 οι

2047 721 2251 787 πολλοὶ,
2280 723 2361 776 ὅτι
2388 723 2463 794 μὴ
2488 724 2630 795 λόγῳ
2663 726 2830 795 μόνῳ,
2862 724 2960 796 τὴν
2989 725 3290 788 θάλασσαν,
3316 724 3419 794 τῆς
3451 740 3636 794 παρα-

2044 814 2161 868 λίου
2183 817 2468 880 κατοικίας
2500 816 2723 886 βαθεῖαν
2745 818 2977 888 ἤπειρον
3004 819 3068 870 ἐκ
3114 816 3295 886 φυγῆς
3324 816 3635 884 ἀλλαξάμε-

2044 922 2147 970 νοι,
2176 905 2243 959 τὰ
2294 906 2488 977 πρῶτα
2515 905 2758 971 ’Λλεξίου
2795 906 2888 960 τοῦ
2929 906 3071 960 πάνυ
3105 906 3163 959 ἐν
3196 904 3510 976 βασιλεῦσιν
3543 907 3635 956 ἐκ-

2046 995 2417 1066 κυμανθέντος
2450 997 2635 1061 αὐτοῖς
2656 1037 2671 1062 ,
2716 999 2814 1055 καὶ
2845 996 2907 1051 τδ
2959 997 3130 1050 κακὸν
3171 994 3590 1066 παρασύραντος
3614 1011 3630 1027 ·

2048 1083 2165 1141 εἶτα
2195 1086 2289 1140 τοῦ
2321 1086 2707 1156 πελαγίζοντος
2746 1090 2860 1151 τοῖς
2911 1088 3195 1158 τροπαίοις
3239 1087 3527 1149 Ἰωάννου,
3572 1086 3636 1137 ὃν

2049 1178 2207 1250 θέμις
2232 1179 2290 1232 ἐν
2344 1178 2658 1249 βασιλεῦσιν
2722 1179 2946 1233 ἀκούειν
2997 1178 3282 1244 κάλλιστα,
3326 1177 3635 1248 βαρύτερον

2051 1272 2243 1326 ἐαυτὸν
2267 1271 2728 1340 ἐπεξαγαγόντος,
2761 1274 2857 1324 καὶ
2883 1273 2942 1324 τὸ
2989 1271 3115 1324 κατ’
3142 1272 3316 1323 ἐκεῖνο
3356 1269 3452 1322 ἐπὶ
3497 1269 3634 1338 μᾶλ-

2050 1362 2140 1416 λον
2170 1362 2675 1425 ἁνασκευάσαντοςο
2706 1363 2889 1434 τρίτου
2918 1362 2975 1416 δὲ
3009 1361 3095 1414 ἐπ’
3117 1362 3349 1424 ἐκείνοις
3376 1360 3471 1414 τοῦ
3487 1378 3633 1430 κρασ-

2051 1455 2236 1509 τίστου
2284 1456 2568 1525 βασιλέως,
2597 1456 2656 1518 ὃς
2698 1458 2763 1526 τῇ
2797 1456 3096 1528 οἰκουμένῃ
3136 1454 3379 1509 ὠκεανὸν
3426 1470 3632 1523 κατορ-

2054 1545 2320 1615 θωμάτων
2354 1547 2622 1617 ὲγύρωσε,
2672 1548 3068 1617 κραταιότερον
3094 1544 3474 1613 ἐπινάξαντος
3505 1546 3635 1598 ἐαυ-

2053 1636 2141 1688 τὸν
2174 1636 2264 1688 καὶ
2304 1637 2708 1705 ἀπαγαγόντος,
2735 1634 2809 1697 ὡς
2842 1636 3038 1705 μηκέτι
3073 1634 3255 1696 αὐτοῖς
3282 1632 3508 1702 ἐπόψιον
3530 1633 3635 1700 τὴν

2056 1724 2332 1778 θάλασσαν
2354 1724 2623 1793 γίνεσθαι.
2658 1725 2766 1777 Καὶ
2794 1722 3058 1794 κυμάτων
3083 1718 3195 1777 οἷον
3225 1722 3434 1778 τούτων
3458 1721 3634 1790 τριῶν

1987 1794 2026 1848 Β
2054 1818 2115 1870 τὸ
2154 1818 2253 1885 μὲν
2281 1818 2532 1888 διέστησε
2572 1818 2674 1887 τῆς
2725 1817 3003 1888 θαλάσσης
3051 1818 3141 1870 τὸν
3183 1820 3247 1870 ὲκ
3293 1818 3397 1887 τῆς
3449 1818 3634 1886 Ἅγαρ

2057 1911 2455 1982 ἀκριτόφυρτον
2486 1910 2785 1980 συρφετόν·
2826 1910 2887 1963 τὸ
2934 1910 2986 1963 δέ
3017 1910 3100 1974 εἰς
3149 1910 3311 1963 πλέον
3347 1908 3629 1979 ἀφώρισε’

2056 2002 2116 2056 τὸ
2138 2002 2192 2056 δὲ
2223 2003 2315 2057 καὶ
2348 2001 2659 2072 ἡφάντωσε,
2693 2002 2788 2055 καὶ
2809 2001 2931 2055 ἀντὶ
2951 2000 3239 2059 θαλαττίου
3271 2002 3353 2063 εἰς
3383 2000 3632 2071 ἠπειρώ-

2055 2111 2156 2158 τας
2186 2094 2544 2164 κατέστησεν,
2578 2094 2653 2155 ὡς
2704 2095 2863 2162 ἔργον
2900 2089 3043 2146 εἶναι
3076 2095 3189 2157 τοῖς
3220 2093 3343 2147 καθ’
3366 2095 3512 2163 ἡμᾶς
3539 2095 3634 2147 θα·

2056 2186 2407 2240 λαττεύουσιν
2438 2187 2639 2240 εἰδέναι
2686 2186 2810 2255 ὄψιν
2862 2184 3257 2258 Ἰσμαηλίτιδα,
3298 2188 3529 2250 ἐκείνοις
3575 2189 3637 2242 δὲ

2057 2273 2214 2340 αὖθις
2257 2277 2631 2330 σπανιώτατον
2660 2275 2800 2331 εἶναι
2857 2277 3149 2349 θεαμάτων
3201 2280 3297 2348 τὴν
3337 2279 3634 2341 θάλασσαν,

2059 2369 2200 2441 ’πλὴν
2223 2370 2336 2423 ὅσοι
2373 2370 2493 2424 κατ’
2533 2371 2803 2440 ἐμπορίαν
2850 2388 2955 2425 που
2998 2371 3332 2437 στέλλονται,
3377 2374 3470 2424 καὶ
3519 2372 3637 2425 ὅσοι

2055 2462 2156 2524 τὰς
2190 2463 2253 2515 ἐκ
2286 2462 2393 2514 τῶν
2448 2462 2713 2517 πεδιάδων
2763 2462 3029 2516 ὠνοῦνται
3083 2463 3279 2529 νομὸς,
3327 2464 3440 2525 τοῖς
3470 2463 3641 2527 ζώοις

2059 2554 2410 2609 ὑπόσπονδοι.
2444 2556 2554 2609 Καὶ
2598 2554 2828 2618 πολλοὺς
2873 2554 2938 2609 ἂν
2964 2554 3090 2624 ἄρτι
3127 2555 3318 2623 λόγους
3378 2556 3643 2628 ἀναλώσῃ

2060 2645 2196 2717 πρὸς
2219 2647 2433 2717 τρυφὴν
2479 2648 2649 2716 ἀκοῆς
2700 2648 2841 2718 ἀνὴρ
2891 2646 3279 2717 Ἰσμαηλίτης,
3324 2646 3641 2719 ἀρτιμαθὴς

2060 2736 2336 2807 θαλάσσης
2364 2737 2680 2807 γενόμενος.
2711 2737 2785 2790 Σὺ
2798 2738 2855 2791 δὲ
2874 2737 3017 2791 οὕτω
3035 2739 3133 2809 μὲν
3162 2740 3346 2802 αὐτοῖς
3370 2737 3433 2792 τὸ
3454 2737 3642 2808 ῥεῦμα

2060 2829 2153 2882 τοῦ
2187 2827 2422 2899 θράσους
2448 2829 2742 2898 ἀνέκοψας,
2792 2829 2889 2883 καὶ
2909 2830 2989 2893 εἰς
3042 2829 3315 2900 ἀνὰρῤουν
3373 2828 3639 2900 ἔτρεψας,
3694 2844 3701 2848 ’

2060 2922 2158 2975 καὶ
2186 2921 2237 2993 (ὃ
2270 2922 2333 2991 δὴ
2380 2920 2625 2993 λέγεται)
2662 2923 2774 2977 ἀνω
2797 2922 3059 2994 ποταμῶν
3077 2938 3090 2952 ·
3117 2922 3421 2976 ὑποθάλπει
3445 2922 3502 2975 δὲ
3521 2922 3644 2976 τούὲ

2060 3029 2186 3075 τους
2215 3012 2370 3075 ἐλπὶς
2394 3012 2644 3081 δραμεῖν,
2692 3014 2719 3066 ὅ
2751 3030 2905 3080 φασι,
2942 3014 3083 3068 κατὰ
3115 3014 3276 3086 ῥοῶν,
3307 3014 3404 3069 καὶ
3431 3016 3642 3085 συμμί-

2063 3103 2150 3171 ξαι
2182 3106 2259 3167 είς
2289 3106 2350 3158 τὸ
2389 3105 2740 3174 ποθούμενον.
2778 3106 3052 3178 Οὕμενουν
3073 3124 3085 3137 ·
3115 3107 3252 3163 ἀλλά
3300 3109 3473 3178 συχνὰ
3511 3110 3641 3172 τοὺς

2062 3195 2281 3265 ὀχετοὺς
2310 3196 2637 3266 ἐμφράττεις
2664 3195 2868 3262 αὐτοῖς,
2899 3198 2992 3250 καὶ
3041 3195 3201 3270 βιάζῃ
3235 3197 3328 3251 καὶ
3352 3198 3433 3261 είς
3464 3198 3643 3262 αὐτὰς

2060 3287 2158 3349 τὰς
2186 3291 2388 3357 πηγάς.
2438 3287 2675 3343 Ἐκώλυε
2725 3290 2783 3344 δὲ
2830 3291 2983 3344 οὐδὲν
3030 3291 3126 3344 καὶ
3159 3292 3297 3361 ταχὺ
3352 3290 3514 3345 τοῦτο
3547 3308 3645 3360 γε-

2061 3381 2268 3445 νέσθαι,
2300 3384 2347 3435 εί
2381 3382 2455 3451 μὴ
2487 3384 2699 3454 μακρὸς
2744 3384 2945 3450 ἀφότου
2972 3384 3160 3454 χρόνος
3194 3385 3402 3448 ἐκεῖνος
3430 3386 3498 3439 ἐκ
3539 3385 3640 3456 βας

2062 3472 2200 3528 θέων
2240 3475 2403 3530 ποθὲν
2421 3475 2484 3530 τὸ
2530 3476 2701 3531 κακὸν
2753 3476 3049 3548 ἐξερράγη,
3079 3479 3174 3531 καὶ
3205 3478 3510 3549 ἐσκεδάσθη
3543 3496 3644 3532 πε-

2059 3563 2268 3635 λάγιον,
2331 3569 2425 3622 xui.
2481 3567 2578 3639 τὴν
2630 3568 2735 3638 γῆν
2783 3570 2964 3623 πᾶσαν
3003 3570 3253 3641 ἐπέσχεν,
3293 3569 3361 3641 ἢν
3389 3572 3511 3633 ταῖς
3543 3569 3642 3624 τοῦ

2060 3661 2214 3730 ¹ἡλίου
2247 3660 2617 3729 ἐπικαλοῦμεν
2649 3662 2952 3722 ἀνατολαῖς.

2131 3751 2192 3809 ε’.
2235 3753 2394 3807 Ἀλλὰ
2427 3753 2586 3808 τοῦτο
2611 3755 2710 3825 μὲν
2732 3758 2967 3820 ἐσεῖται,
3000 3756 3088 3810 ὅτε
3111 3756 3242 3818 Θεὸς
3272 3755 3640 3819 ἐπινεύσειεν,

2058 3843 2088 3896 6
2113 3844 2338 3915 πληρῶν
2372 3847 2546 3905 πάντα
2578 3846 2646 3900 τὰ
2701 3849 2980 3919 αἰτήματα
3006 3848 3103 3919 τῆς
3139 3849 3368 3920 καρδίας
3402 3866 3521 3915 σου,
3548 3851 3645 3902 καὶ

2059 3940 2205 4011 χειρὶ
2236 3941 2474 4010 κραταιᾷ
2528 3939 2865 4011 δραξάμενος
2910 3940 3020 3995 τῶν
3065 3942 3262 4011 πηγῶν
3311 3943 3509 3996 τούτου
3542 3941 3642 3996 τοῦ

2061 4030 2355 4103 ῥεύματος,
2397 4031 2471 4097 ἃς
2498 4032 2592 4087 καὶ
2643 4032 3039 4104 ἀναμοχλεύειν
3078 4034 3178 4105 ἤδη
3220 4033 3488 4105 ἀπήρξω,
3538 4037 3644 4089 οὐκ

2059 4122 2278 4193 ἀφήσας
2326 4122 2449 4176 οὐδὲ
2483 4122 2833 4190 ἐξάλλεσθαν
2875 4123 2944 4179 τὰ
2987 4123 3083 4178 νῦν
3111 4126 3167 4180 δὲ
3215 4124 3391 4190 ἄλλως
3418 4127 3643 4197 ἐπέχεις

2058 4213 2273 4281 ἐκείνην
2325 4213 2425 4285 τὴν
2457 4216 2718 4287 σύρροιαν
2739 4256 2755 4281 ,
2789 4217 2885 4271 καὶ
2914 4215 3256 4271 παλινοστεῖν
3282 4219 3639 4286 ἀναγκάζεις,

2059 4305 2155 4358 καὶ
2187 4305 2246 4357 ἐν
2273 4306 2468 4373 ἀφανεῖ
2492 4306 2966 4377 καταχεώννυσθαι,
3011 4306 3351 4378 διατειχίζων
3374 4310 3504 4371 τοὺς
3535 4326 3642 4362 πο-

2057 4395 2305 4467 λεμίους,
2329 4396 2424 4451 καὶ
2460 4395 2558 4460 τὰς
2599 4398 2823 4467 ἐφόδους
2859 4397 3112 4469 διείργων
3143 4401 3488 4471 στερεμνίοις
3522 4403 3645 4453 ἐπι-

369 4489 708 4547 Christianis
771 4492 1089 4563 intpervias,
1138 4508 1287 4547 nunc
1338 4494 1527 4549 multis
1572 4496 1754 4565 tritas,
1784 4507 1840 4552 et
1880 4497 1949 4553 ad

2057 4489 2396 4559 τειχίσμασι,
2422 4489 2516 4542 καὶ
2541 4488 2897 4559 ἀνατειχίζων
2925 4488 3098 4553 οὕτως
3129 4491 3313 4554 αὐτοῖς
3339 4492 3401 4546 τὸ
3429 4492 3639 4546 ἀκάθε-

374 4597 668 4638 accessum
739 4592 988 4655 patentes
1036 4598 1145 4639 nou
1199 4590 1410 4639 tantum
1449 4586 1611 4652 viris,
1651 4587 1830 4659 iisque
1871 4604 1961 4645 ar-

381 4674 574 4738 matis,
630 4674 728 4729 sed
765 4684 820 4730 et
870 4675 1065 4731 leviter
1101 4675 1170 4729 ad
1212 4676 1318 4731 iter
1363 4678 1662 4748 expeditis.
1690 4687 1747 4736 et
1792 4679 1962 4738 viato-

381 4762 525 4817 rium
549 4764 756 4818 ferrum
798 4765 888 4818 vix
936 4771 991 4820 et
1025 4764 1250 4821 nonnisi
1280 4764 1496 4824 decoris
1528 4769 1703 4839 gratia
1742 4771 1965 4828 succin-

383 4856 551 4927 gitur.
599 4854 719 4910 Jatn
773 4855 1029 4912 mulieres
1095 4857 1229 4926 ipsa:
1301 4859 1426 4914 illas
1488 4861 1695 4918 audent
1749 4872 1964 4921 tentare

381 4951 524 5016 vias,
563 4949 698 5019 ipsae
733 4949 898 5005 etiam
938 4965 1059 5020 quae
1111 4951 1496 5009 delectationis
1525 4968 1689 5010 causa
1717 4958 1965 5028 peregri-

381 5053 606 5114 nantur,
656 5043 738 5099 vel
790 5057 931 5112 quas
969 5058 1035 5098 ex
1072 5043 1298 5100 civitate
1341 5046 1592 5101 divinum
1656 5048 1858 5105 ardens
1884 5048 1962 5104 lo-

380 5152 572 5192 eorum
622 5146 939 5193 sanctorum
991 5137 1330 5194 desiderium
1377 5138 1488 5193 illic
1516 5140 1773 5197 viatrices
1804 5141 1957 5199 facit.

389 5226 446 5281 Si
477 5243 607 5299 ergo
630 5237 783 5284 vetus
812 5227 1037 5300 quidam
1062 5243 1159 5283 rex
1186 5226 1409 5283 ﬂuvium
1436 5229 1762 5285 insolentem
1789 5240 1846 5284 et
1867 5229 1963 5301 ju-

383 5329 563 5374 menta
593 5321 649 5375 in
679 5320 1014 5391 profundum
1032 5321 1365 5384 trahentem,
1388 5320 1630 5389 virisque
1659 5323 1960 5380 terribilem

382 5410 603 5465 mulieri
629 5410 896 5466 vadosum
918 5411 1146 5476 iecerat,
1169 5408 1322 5463 illum
1341 5409 1644 5467 innumeris
1664 5414 1963 5469 minuendo

384 5500 773 5565 incisionibus,
810 5502 904 5556 alii
941 5516 1068 5556 vero
1096 5501 1199 5555 hoc
1238 5500 1445 5571 regium
1480 5499 1693 5556 facinus
1713 5504 1961 5559 venerati

383 5593 738 5649 laudaverunt
772 5603 924 5663 ;‘ego
966 5595 1185 5664 quidem
1217 5595 1284 5648 de
1313 5595 1432 5650 istis
1479 5593 1692 5659 dubito,
1721 5607 1775 5651 et
1826 5598 1958 5652 illud

386 5682 623 5737 incisum
676 5684 881 5740 ﬂumen
936 5701 1135 5742 censeo
1182 5687 1442 5743 devotum
1486 5687 1660 5745 fuisse
1694 5690 1876 5755 furiis,
1905 5702 1959 5747 et

389 5787 540 5828 mare
575 5775 924 5842 ﬂagellatum,
961 5778 1112 5845 quod
1171 5779 1301 5834 olim
1364 5796 1564 5849 passus
1610 5792 1693 5839 est
1755 5781 1961 5839 llelles—

2060 4598 2211 4637 κτον.
2236 4581 2351 4635 Καὶ
2376 4580 2525 4634 ἐστιν
2557 4580 2685 4635 ἰδεῖν
2712 4581 2887 4644 ὀδοὺς,
2918 4581 3154 4645 ἀϐάτους
3185 4582 3254 4636 τὰ
3285 4583 3477 4654 πρώην
3504 4585 3645 4655 Χρι-

2062 4675 2333 4739 στιανοῖς,
2377 4672 2504 4744 ἄρτι
2533 4672 2842 4742 λεωφόρους
2897 4675 2993 4726 καὶ
3047 4674 3511 4745 ἀναπεπταμένας
3560 4677 3643 4739 είς

2062 4764 2328 4836 βάσιμον·
2369 4765 2465 4819 καὶ
2515 4766 2579 4819 οὐ
2614 4766 2778 4835 μόνον
2809 4765 3060 4837 ἀνδράσι,
3110 4767 3202 4820 καὶ
3236 4766 3451 4831 τούτοις
3475 4768 3644 4822 61:10-

2061 4859 2341 4930 φοροῦσιν,
2361 4859 2500 4913 ἀλλὰ
2527 4860 2623 4914 καὶ
2657 4854 2738 4922 οἷς
2768 4860 2839 4913 τὰ
2865 4860 2965 4931 τῆς
2998 4860 3226 4931 πορείας
3254 4860 3502 4924 εὔζωνα·
3544 4860 3647 4914 καὶ

2061 4952 2091 5006 6
2131 4952 2335 5016 ἐνόδιος
2367 4951 2585 5021 σίδηρος
2637 4951 2790 5021 μόλις
2823 4969 2926 5007 που
2956 4952 3053 5007 καὶ
3080 4954 3159 5015 είς
3207 4955 3645 5024 παρηρτημινην

2063 5044 2390 5116 πεπόρισται
2445 5046 2743 5115 μάχαιραν.
2801 5043 2938 5115 Ἤδη
2971 5043 3066 5097 καὶ
3118 5046 3373 5112 γυναῖκες
3398 5045 3644 5114 τολμῶσι

2062 5136 2160 5200 τὰς
2194 5137 2346 5198 ὁδοὺς
2376 5135 2590 5199 ἐκείνας
2614 5175 2630 5200 ,
2659 5138 2752 5190 καὶ
2795 5129 2957 5191 αὗται
2993 5136 3102 5189 τῶν
3149 5136 3644 5206 τρυφερευομένων

2063 5231 2163 5284 καὶ
2194 5227 2302 5281 τῶν
2322 5227 2381 5292 ἐξ
2407 5228 2623 5293 ἀστεος,
2652 5229 2781 5291 ὅσας
2801 5229 2829 5280 6
2854 5227 3001 5291 θεῖος
3026 5227 3190 5289 πόθος
3217 5227 3643 5297 ἁναθερμαίνων

2062 5322 2250 5383 τόποις
2281 5319 2456 5389 ἁγίοις
2507 5322 2641 5374 ὅπου
2680 5320 2878 5387 δήποτε
2904 5321 3005 5389 τῆς
3033 5319 3151 5373 ἐκεῖ
3191 5320 3296 5389 γῆς
3338 5320 3643 5390 ὲπιδήμους

2066 5416 2228 5469 ποιεῖ.
2269 5414 2332 5467 Ei
2386 5415 2482 5484 μὲν
2511 5411 2604 5468 οὖν
2654 5413 2884 5476 παλαιός
2934 5431 3017 5477 τις
3075 5413 3331 5483 βασιλεὺς
3391 5411 3645 5482 ποταμὸν

2064 5506 2541 5575 ἀναιδευσάμενον,
2595 5506 2690 5561 καὶ
2730 5506 3002 5575 ὑποζύγια
3057 5506 3488 5572 κατασύραντα,
3546 5503 3644 5558 καὶ

2065 5599 2184 5653 οὐδὲ
2212 5599 2422 5669 ἀνδρῶν
2453 5598 2807 5671 φεισάμενον,
2860 5600 3024 5669 βατδν
3074 5599 3345 5666 πεποίηκε
3398 5595 3642 5664 γυναιξὶ,

2067 5694 2306 5754 πυκναῖς
2332 5694 2537 5745 ἐκεῖνον
2566 5692 2975 5762 λεπτουργήςας
3007 5691 3369 5758 κατατομαίς,
3400 5688 3552 5741 illo:
3570 5690 3640 5742 τὰ

2066 5784 2163 5850 τῆς
2218 5782 2504 5851 βασιλικῆς
2532 5782 2746 5845 ἐκείνης
2794 5782 3205 5848 σεμνυνέτωσαν
3246 5778 3530 5843 ποὰξεως·
3559 5777 3636 5840 ὡς
