3908 6250
290 353 393 417 941

1156 365 1597 428 ALLOCUTIO
1626 369 1727 428 AD
1768 370 2213 436 MANUELEM
2247 376 2684 443 COMNENUM

3436 394 3542 456 922’.

277 468 386 534 ἐγὼ
410 466 570 522 τοῦτο
599 470 696 541 μὲν
738 471 903 539 ὀκνῶ,
940 475 1034 528 καὶ
1072 477 1151 541 είς
1187 482 1382 534 ταυτὸν
1428 481 1568 548 ἄγω,
1605 487 1845 554 ποταμόν

1950 494 2170 554 pontus.
2229 489 2368 546 Vere
2411 505 2592 549 autem
2662 497 2951 562 pulchrum
3004 501 3190 571 judico
3234 514 3286 558 ct
3332 521 3540 576 magna:

275 574 335 611 τε
389 562 833 630 ποινηλατεῖσθαι
899 569 1271 638 τεμνόμενον,
1339 575 1434 627 καὶ
1488 577 1848 643 μαστίζεσθαι

274 649 570 719 θάλασσαν,
613 655 749 726 ὅπερ
782 655 1179 728 Ἑλλήσποντος
1213 664 1378 717 πάθοι
1407 668 1534 719 ποτέ
1555 685 1570 700 ο
1606 669 1766 722 καλὸν
1794 670 1849 723 δὲ

272 741 441 807 ὅντως
472 746 645 816 κρίνω
674 748 767 803 καὶ
800 748 1088 822 βασιλικῆς
1114 757 1359 826 μεγάλης
1392 758 1573 827 ἰσχύος
1603 759 1844 825 ιπάξιον,

270 834 374 904 γῆν
402 836 547 905 μάλα
581 839 680 908 μὲν
712 841 934 913 πολλὴν,
986 846 1131 912 μάλα
1156 845 1214 900 δὲ
1244 849 1304 901 ἐν
1349 850 1699 921 καιριωτάτῳ
1727 869 1844 904 κει-

273 932 464 1000 μένην,
492 930 674 996 ἄλλως
703 934 760 989 δὲ
780 936 892 999 τοῖς
925 939 1279 1008 προσϐαίνειν
1303 941 1547 996 ἐθέλουσι
1571 943 1695 998 δυσέ
1705 946 1848 1015 p.60:-

268 1035 360 1072 τον
385 1020 480 1072 καὶ
504 1021 828 1089 άνὲκϐατον,
859 1028 921 1080 οὐ
940 1026 1009 1080 δι’
1038 1029 1297 1100 ἐρημίαν,
1323 1033 1385 1085 οὐ
1411 1033 1544 1087 διότι
1568 1033 1849 1105 θηριοτρό-

270 1127 387 1178 φος,
421 1112 454 1184 ἢ
485 1114 566 1167 ὅτι
603 1116 867 1186 προϐολαὶ
913 1122 1131 1192 πετρῶν
1162 1124 1334 1191 αὐτὴν
1380 1126 1756 1198 ἐξετράχυναν,
1810 1129 1842 1199 ἢ

267 1204 361 1255 καὶ
388 1203 488 1273 ὕλη
526 1207 848 1277 ἀμφιλαφὴς
877 1213 1001 1275 τοὺς
1046 1215 1359 1286 ὁδοιπόρους
1390 1217 1693 1284 ὲξέκλειεψ
1727 1222 1841 1275 ἀλλ’

266 1294 349 1348 ita
377 1298 651 1352 σκάνδαλα
675 1302 880 1371 τρίϐων
907 1302 1021 1373 εἶχε
1053 1308 1227 1370 πᾶσα,
1270 1311 1365 1362 καὶ
1394 1311 1583 1375 ὅπλοις
1621 1313 1843 1384 Ἰσμαη-

264 1386 493 1452 λιτικοῐς
516 1391 671 1459 ληΐου
702 1393 858 1463 δίκην
914 1397 1133 1466 ἔφριττε
1153 1440 1166 1465 ,
1202 1403 1296 1455 καὶ
1326 1402 1423 1473 (ὡς
1452 1404 1519 1459 άν
1547 1422 1632 1469 τις
1675 1408 1840 1475 εἴποι)

267 1479 502 1552 σιδηρέῳ
529 1484 697 1555 τείχει
732 1487 902 1540 διόλου
936 1490 1244 1560 πέφρακτο,
1297 1495 1387 1546 καὶ
1434 1496 1585 1565 ἡμᾶς
1625 1497 1844 1550 ἀπετεί⁴

262 1570 401 1638 χιζε,
438 1571 670 1642 βάσιμον
710 1579 937 1647 ποιῆσαι
965 1582 1078 1643 τοῖς
1126 1581 1385 1637 διοδεύειν
1435 1585 1702 1651 ἐθέλουσι,
1749 1590 1843 1643 ttat

263 1662 468 1726 αὐτοῖς,
500 1667 615 1720 ὅσοι
640 1669 803 1723 δειλοὶ
838 1673 978 1742 πρὸς
1022 1674 1192 1745 ἀλκὴν
1216 1676 1311 1729 καὶ
1333 1666 1565 1747 ’σίδηρον
1598 1681 1838 1753 είσορᾷν.

267 1752 339 1805 Τὸ
369 1755 425 1806 δὲ
459 1757 579 1811 καθ’
611 1760 759 1829 ἡμᾶς
789 1762 1021 1817 ἐνταῦθα
1046 1765 1148 1819 ποῦ
1178 1785 1306 1821 ποτε
1336 1770 1491 1837 θήσει
1522 1788 1608 1835 τις
1634 1752 1845 1843 θαύμα-

1957 580 2099 645 regis
2162 581 2385 637 virtutis
2442 584 2665 652 dignum
2712 605 2963 659 inagnam
2991 594 3211 664 quidem
3256 596 3534 666 regionem

1952 668 2044 720 sed
2084 669 2137 720 in
2166 678 2337 725 morte
2370 671 2642 740 jacentem
2670 678 2890 735 aliunde
2939 685 3018 736 eis
3047 684 3141 753 qui
3168 700 3394 757 pergere
3442 705 3537 742 vo-

1949 755 2136 810 lebant
2176 759 2498 830 imperviam
2536 777 2589 820 et
2636 768 3099 840 inaccessibilem,
3144 755 3415 848 nonquia
3443 782 3534 836 dc-

1950 858 2118 914 serta,
2174 858 2269 904 aut
2324 853 2451 908 feris
2488 856 2764 927 frequens,
2814 872 2910 917 aut
2959 880 3218 922 saxorum
3294 870 3535 924 eminen-

1950 941 2098 996 tibus
2136 957 2351 1012 aspera,
2383 947 2585 1002 nedum
2628 953 2751 1020 quia
2781 969 2975 1011 nemus
2997 972 3063 1012 ex
3103 968 3340 1032 utraque
3378 973 3534 1031 parte

1953 1040 2244 1100 patescens
2293 1036 2534 1094 viatores
2584 1044 2968 1110 concludebat,
3022 1048 3117 1102 sed
3175 1049 3305 1120 quia
3367 1066 3523 1107 scan.

1946 1123 2069 1177 dala
2109 1134 2325 1181 terrena
2361 1128 2601 1185 habebat
2644 1134 2854 1200 omnia,
2900 1147 2953 1190 et
2991 1140 3149 1209 quasi
3186 1141 3526 1197 frumentum

1944 1212 2293 1272 lsmaeliticis
2336 1221 2507 1274 armis
2550 1222 2885 1279 horribiliter
2921 1230 3233 1293 secabatur.
3262 1238 3337 1296 et.
3378 1234 3531 1288 dixe-

1944 1306 2018 1360 rit
2056 1308 2352 1378 quispiam,
2374 1311 2565 1367 ferreis
2598 1316 2870 1371 moenibus
2913 1317 3158 1391 undique
3185 1322 3526 1394 cingebatur,

1944 1400 2188 1468 perviam
2248 1401 2448 1458 fecisse
2491 1405 2567 1458 ibi
2619 1406 2873 1463 itincrari
2900 1411 3250 1478 cupientibus
3297 1423 3350 1470 et
3396 1417 3528 1486 ipsis

1944 1492 2106 1544 etiam
2161 1493 2255 1560 qui
2326 1501 2623 1550 trementes
2674 1514 2913 1570 pugnam
2985 1501 3305 1573 ferrumque
3371 1508 3524 1561 intu-

1945 1590 2131 1635 entur.
2184 1583 2289 1636 Sed
2328 1586 2461 1652 quis
2499 1602 2740 1657 unquam
2780 1591 2922 1659 apud
2975 1607 3076 1648 nos
3122 1601 3337 1649 tantum
3403 1610 3532 1665 pro-

1946 1672 2087 1728 feret
2120 1675 2471 1743 miraculum,
2523 1693 2556 1733 o
2606 1681 3009 1751 imperatorem
3052 1690 3477 1756 generosissime
3504 1691 3531 1744 '.'

1943 1764 2053 1821 Nos
2090 1766 2194 1835 ipsi
2235 1769 2327 1838 qui
2358 1770 2521 1825 istam
2549 1774 2829 1843 regionem
2851 1776 2965 1846 jam
2988 1778 3255 1836 audemus
3282 1782 3527 1852 aggredi,

262 1863 378 1907 τος.
414 1849 682 1919 βασιλέων
720 1854 1125 1923 ἀνδρικώτατες
1161 1860 1225 1913 Οἳ
1261 1862 1357 1914 καὶ
1390 1835 1559 1918 αὐτοὶ
1601 1866 1702 1936 τῆς
1733 1835 1838 1939 χῆς

1945 1857 2196 1915 homines
2241 1863 2393 1916 nullo
2427 1865 2694 1921 succincti
2729 1866 2875 1922 ferro
2914 1869 3020 1925 nisi
3045 1871 3268 1941 scalpro
3288 1888 3399 1942 quo
3420 1875 3529 1929 cir-

257 1939 465 2012 ταύτης
495 1943 596 2014 ἠδη
625 1948 1104 2020 καταθαρῤοὖμεν,
1161 1953 1437 2022 ἄνθρωποι
1476 1957 1696 2028 σιδήρου
1730 1977 1835 2030 μη-

256 2031 344 2084 δὲν
407 2037 853 2106 παραπτόμενοι,
902 2041 1044 2114 πλὴν
1092 2045 1148 2097 et
1190 2063 1293 2099 που
1343 2050 1666 2119 μαχαιρίδος
1690 2052 1836 2115 τινὸς

257 2123 584 2196 ἐνοχλούσης
609 2130 842 2202 καλάμῳ
870 2134 965 2186 καὶ
993 2138 1411 2209 παραποιούσης
1454 2143 1550 2196 καὶ
1574 2142 1836 2209 ἀποξεού-

257 2227 360 2283 σης
413 2216 494 2277 εις
548 2219 876 2291 γράμματα.
938 2227 1288 2300 Πεποίθαμεν
1345 2227 1381 2301 ἦ
1432 2234 1563 2305 μὴν,
1610 2235 1703 2288 ἐὰν
1739 2237 1834 2290 καὶ

256 2302 462 2377 θεατὴς
506 2314 869 2389 παριππεύσῃ
936 2319 1251 2387 ἀλλόκοτος,
1306 2302 1730 2399 ἀποῑτέμιζνεσθαι
1773 2328 1833 2381 τὸ

256 2399 448 2464 κακὸν,
472 2402 920 2478 ἀναϐοησάμενον
938 2412 1000 2464 τὸ
1033 2413 1124 2467 σὺν
1146 2415 1241 2470 καὶ
1272 2417 1433 2486 μόνον
1457 2420 1651 2491 ὄνομα.
1666 2421 1834 2475 Οὐδὲν

255 2490 390 2559 ἡμῖν
425 2494 680 2551 ἀπαίσιον
711 2505 1189 2574 συναντήσεται,οὐ
1222 2508 1385 2578 φόϐος
1408 2516 1741 2586 νυκτερινὸς,
1771 2517 1830 2569 οὐ

259 2582 414 2652 βέλος
444 2589 657 2660 ἡμέρας
676 2595 993 2664 πετόμενον
1014 2600 1318 2655 αἰδέσονται
1335 2603 1425 2657 τὸν
1439 2582 1658 2677 κήρυκα
1679 2611 1725 2661 οἱ
1742 2608 1833 2663 τδν

257 2676 671 2751 κήρυσσόμενον
703 2686 1245 2756 φρίσσοντες.Ἔσται
1275 2695 1408 2765 ἡμῖν
1423 2676 1541 2750 ἀντὶ
1563 2701 1831 2771 κηρυκίου

252 2769 313 2821 τὸ
341 2770 629 2842 βασιλικὸν
659 2775 851 2849 ὄνομα.
879 2782 1264 2855 Διαϐησόμεθα
1290 2787 1367 2850 ὡς
1391 2788 1485 2842 ἐπὶ
1518 2769 1832 2862 πανήγυριν

253 2858 460 2916 ἀσυλοι.
530 2863 976 2943 Ἀναπετάσομεν
1049 2876 1365 2949 ὀφθαλμοὺς
1423 2885 1519 2937 καὶ
1587 2858 1832 2958 ἀροῦμεν

253 2951 459 3024 κύκλῳ,
491 2955 866 3028 θαυμάζοντές
913 2982 1008 3018 σου
1027 2968 1099 3020 τὰ
1129 2968 1287 3042 ἔργα.
1324 2951 1832 3051 Τοπογραφησομέν

257 3060 353 3097 σου
381 3047 483 3111 τὰς
533 3050 834 3121 ἀριστείας.
876 3056 1297 3129 Περιοδεύσομεν
1321 3065 1537 3134 τόπους,
1568 3047 1626 3123 ὲν
1648 3047 1745 3134 οἷς
1781 3074 1830 3126 oi

253 3135 337 3188 σοὶ
365 3137 559 3208 ὡραῖοι
604 3143 764 3208 πόδες
816 3148 1122 3221 ὲπάτησαν,
1160 3155 1301 3226 ὑπὲρ
1326 3159 1485 3228 ήμῶν
1516 3163 1827 3234 πονοῦντες,

1945 1951 2291 2006 cumcidatur
2341 1955 2607 2023 calamus,
2642 1973 2753 2028 quo
2802 1971 3074 2030 expuncta
3123 1964 3348 2019 radatur
3393 1967 3528 2021 scri-

1943 2049 2127 2111 ptura.
2178 2042 2261 2098 Ita
2309 2060 2443 2101 sane
2495 2064 2820 2118 persuasum
2853 2052 3140 2122 habemus,
3186 2057 3232 2111 si
3266 2057 3395 2126 quis
3427 2075 3525 2112 ex-

1945 2138 2167 2189 traneas
2208 2145 2487 2204 spectator
2530 2139 2640 2193 illis
2674 2141 2729 2194 in
2769 2142 2949 2214 plagis
2995 2146 3352 2215 equitaverit,
3380 2149 3527 2203 hunc

1944 2220 2146 2275 malum
2175 2226 2557 2294 expulsurnm,
2596 2229 2899 2288 dummodo
2923 2234 3101 2289 solum
3151 2251 3352 2292 nomen
3371 2246 3524 2293 tuum

1941 2311 2300 2372 invocaverit.
2325 2315 2473 2373 Nihil
2502 2321 2726 2375 noxium
2762 2324 2923 2381 nobis
2939 2335 3217 2396 occurret,
3245 2344 3342 2386 nec
3360 2331 3529 2385 timor

1940 2416 2266 2477 nocturnus,
2301 2428 2401 2469 nec
2454 2418 2653 2487 sagitta
2680 2419 2872 2476 volans
2909 2422 2967 2476 in
3016 2421 3127 2478 die.
3178 2421 3529 2479 verebuntur

1939 2513 2248 2568 praeconem
2315 2506 2412 2576 qui
2485 2511 2844 2578 praedicatum
2921 2514 3172 2570 horrent.
3232 2513 3353 2570 Erit
3419 2530 3522 2569 no-

1941 2591 2026 2645 bis
2088 2609 2189 2663 pro
2252 2600 2553 2667 praedicato
2606 2603 2960 2673 imperatoris
3033 2621 3259 2663 nomen.
3316 2608 3525 2663 Trans-

1938 2681 2144 2739 ibimus
2199 2686 2391 2744 intacti
2452 2698 2714 2763 tauquam
2770 2694 2838 2748 ad
2903 2696 3248 2768 panegyrim.
3289 2697 3520 2766 Aperie-

1940 2787 2062 2830 mus
2090 2779 2281 2835 oculos
2307 2790 2364 2836 et
2397 2782 2902 2855 circumspicienda
2947 2797 3039 2842 tua
3102 2789 3373 2843 miramur
3391 2803 3528 2860 ope-

1941 2881 2022 2920 ra.
2074 2868 2445 2929 Circuibimus
2479 2875 2599 2931 loca
2662 2879 2715 2931 in
2765 2880 2967 2948 quibus
3042 2880 3282 2948 speciosi
3355 2883 3520 2950 pedes

1940 2959 2019 3013 tui
2056 2970 2333 3020 steterunt
2349 2982 2452 3037 pro
2482 2969 2644 3025 nobis
2671 2971 2987 3027 laborantes
3011 2986 3112 3027 nec
3131 2973 3254 3028 sine
3275 2973 3538 3050 periculo.

1940 3062 2251 3110 currentes.
2296 3057 2365 3112 Et
2399 3059 2507 3113 erit
2534 3061 2698 3117 nobis
2723 3071 2871 3117 terra
2921 3063 3026 3119 ista
3067 3063 3245 3134 magis
3290 3078 3521 3119 venera-

1940 3143 2091 3200 tione
2121 3145 2286 3218 digua
2315 3164 2477 3219 quam
2511 3151 2760 3209 Thraces
2786 3154 2841 3207 in
2882 3153 3104 3225 Europa
3141 3161 3343 3210 terram
3366 3154 3516 3209 illam

248 3230 344 3282 καὶ
396 3232 521 3286 οὐδὲ
569 3237 829 3293 ἀκίνδυνα
878 3243 1185 3314 τρέχοντες.
1248 3221 1380 3303 Καί-
1413 3252 1566 3307 ἔσται
1600 3255 1737 3325 ἡμῖν

1939 3234 1988 3289 in
2022 3235 2233 3294 honore
2263 3239 2542 3297 habebant
2580 3259 2677 3314 per
2703 3259 2870 3322 quam
2916 3221 3222 3303 ambulavit
3256 3260 3353 3303 rex
3389 3247 3524 3304 Per-

245 3326 476 3398 τοιαύτη
498 3328 571 3399 γῆ
606 3331 663 3384 ἑν
693 3332 995 3413 σεϐάσματι
1024 3339 1380 3411 δικαιότερον,
1419 3343 1562 3417 ἥπερ
1593 3349 1641 3401 οἱ
1675 3326 1823 3419 Θρᾷζ

247 3431 344 3478 κες
363 3417 423 3468 ἐν
447 3419 686 3494 Εὐρώπῃ
714 3424 819 3495 γῆν
844 3427 1061 3498 ὶκείνην
1086 3425 1239 3501 ἐἶχον
1257 3432 1345 3487 διὰ
1368 3435 1556 3506 τιμῆς,
1587 3437 1655 3509 ἢν
1686 3417 1824 3495 sica-

243 3523 381 3579 τησε
418 3512 645 3584 Περσῶν
692 3516 980 3587 βασιλεὺς,
1008 3523 1141 3576 καθλ
1182 3524 1428 3587 Ἑλλάδος
1486 3532 1819 3603 ἐκστρατευο

246 3602 500 3672 σάμενος.
536 3606 693 3662 Οὕτω
709 3612 984 3668 κάνταῦθα
1011 3615 1167 3685 ἡμῶν
1194 3617 1254 3671 τὸ
1289 3617 1467 3674 θλίϐον
1487 3602 1643 3693 ἡμῶν
1669 3627 1821 3697 ἀπή-

241 3692 438 3759 λασας.
478 3697 637 3754 Οὕτω
708 3703 875 3771 φόϐου
921 3706 1126 3772 παντὸς
1167 3709 1315 3781 ἡμᾶς
1365 3692 1663 3781 ἀπέλυσας,
1723 3692 1816 3772 καὶ

239 3785 343 3855 τὴν
372 3787 549 3853 ἄλλως
575 3789 639 3862 θη
650 3796 912 3865 ροτρόφον
961 3797 1049 3853 διὰ
1097 3802 1224 3864 τοὺς
1253 3803 1425 3874 θῆρας
1454 3807 1581 3875 τοὺς
1612 3809 1674 3874 ἐξ
1713 3811 1817 3864 Ἱσ-

243 3877 391 3947 μαὴλ
410 3878 717 3952 ἀνθρώπων
740 3886 1006 3956 ἔπλησας.
1038 3886 1204 3947 Εῐπεν
1232 3895 1299 3949 ἄν
1327 3912 1413 3960 τις
1441 3896 1638 3965 λύκους
1667 3903 1815 3958 ὲκεί-

238 3986 389 4035 νους,
421 3973 590 4030 πάλαι
631 3978 763 4032 ποτὲ
814 3982 958 4036 κατά
1009 4000 1114 4038 τινι
1163 3987 1368 4062 ποίμνῃ
1418 3995 1486 4064 τῇ
1526 3995 1811 4075 Ῥωμαϊκῇ

236 4062 690 4134 ἑπεισπηδῶντας
720 4070 1080 4148 κληρονομίᾳ,
1132 4082 1226 4135 καὶ
1261 4084 1374 4145 τοῖς
1400 4062 1509 4138 tth
1545 4062 1813 4159 thcttG:

236 4151 350 4206 νῶν
373 4154 569 4223 αἵμασι
618 4159 928 4230 χαίροντας,
963 4168 1057 4220 καὶ
1103 4169 1204 4224 οὐκ
1253 4172 1334 4236 είς
1370 4175 1549 4247 μάτην
1596 4151 1814 4250 χαίνον-

1933 3341 2120 3384 sarum
2144 3331 2412 3388 adversus
2455 3334 2722 3391 Graeciam
2758 3336 3148 3397 dimicaturus.
3180 3338 3318 3396 Sica
3354 3342 3518 3397 nobis

1928 3414 2204 3487 ﬂagellum
2237 3432 2490 3479 nostrum
2518 3427 2799 3484 amovisti.
2834 3428 2925 3485 Sic
2971 3431 3040 3485 ab
3059 3430 3209 3485 omni
3242 3440 3390 3488 metu
3416 3449 3519 3488 nos

1933 3513 2174 3577 solvisti,
2201 3523 2255 3569 et
2284 3516 2497 3587 plagam
2529 3526 2690 3574 antea
2720 3520 2853 3577 feris
2880 3521 2933 3577 id
2971 3529 3056 3579 cst
3081 3522 3378 3582 lsmaelitis
3412 3526 3522 3583 l're-

1928 3614 2188 3675 quentem
2212 3608 2530 3666 hominibus
2560 3612 2869 3681 replevisti.
2908 3616 3122 3675 Dixeris
3166 3633 3301 3675 sane
3358 3623 3517 3689 lupos

1926 3694 2052 3753 illos
2080 3697 2212 3753 olim
2257 3699 2312 3754 in
2343 3715 2588 3770 gregem.
2633 3703 2945 3762 Romanam
2968 3708 3182 3764 scilicet
3224 3711 3518 3766 haeredita-

1925 3796 2058 3854 tem,
2084 3790 2356 3848 irruentes
2372 3804 2424 3849 et
2448 3793 2890 3853 Christianorum
2912 3801 3178 3872 sanguine
3196 3805 3519 3885 gaudentes,

1923 3888 1980 3936 et
1998 3896 2104 3937 non
2124 3882 2401 3941 inhiantes
2428 3896 2663 3956 tantum,
2700 3906 2893 3946 verum
2914 3893 3247 3964 arripientes
3266 3903 3318 3950 et
3334 3882 3522 3965 deglu;

1924 3976 2144 4033 tientes.
2160 3975 2319 4035 Nunc
2338 3993 2469 4035 vero
2509 3982 2602 4035 alii
2639 3983 2809 4038 armis
2829 3984 3043 4053 expulsi
3068 3995 3222 4052 sunt,
3265 3985 3361 4039 alii
3393 4001 3518 4039 esse

1923 4070 2227 4140 desierunt,
2256 4072 2346 4126 alii
2379 4073 2724 4128 ferocitatem
2771 4090 2926 4131 suam
2961 4076 3519 4146 deposuerunt.Prm-

1927 4164 2119 4216 sertim
2154 4173 2335 4219 autem
2365 4180 2431 4218 ex
2461 4165 2604 4235 lupis
2637 4180 2732 4220 eos
2763 4167 2815 4220 in
2854 4168 3105 4222 homines
3126 4169 3440 4236 fmutavisti;
3462 4182 3515 4224 et

1925 4251 2075 4320 quod
2100 4251 2275 4308 Circae
2302 4255 2453 4324 potio
2480 4254 2680 4310 fecisse
2699 4256 3037 4324 perhibetur,
3057 4258 3165 4314 hoc
3195 4259 3395 4329 reipsa,
3421 4263 3514 4315 sed

1926 4360 1956 4396 e
1974 4345 2276 4412 contrario,
2295 4345 2651 4417 imperatoris
2671 4349 2835 4403 timor
2853 4350 3015 4405 modo
3031 4352 3386 4422 perpetravit,
3404 4370 3512 4408 non

234 4259 360 4308 τας,
411 4245 529 4299 ἀλλ’
561 4247 910 4317 ἁρπάζοντας
949 4256 1042 4309 καὶ
1071 4257 1469 4329 λαφύσσοντας.
1654 4269 1713 4323 δὲ
1750 4271 1810 4325 οὐ

234 4337 405 4403 μόνον
438 4339 957 4415 ἀπεσφενδόνηνται,
993 4349 1130 4403 ἀλλὰ
1175 4354 1268 4406 καὶ
1295 4354 1344 4407 oi
1369 4355 1469 4426 μὲν
1517 4359 1639 4413 οὐδέ
1672 4364 1811 4414 εἰσιν

230 4427 340 4491 ἔτι,
372 4430 419 4481 οί
463 4429 520 4482 δὲ
549 4431 643 4484 τοῦ
686 4428 826 4487 εἶναι
851 4436 1004 4491 λύκοι
1040 4436 1371 4505 ἐξελάθοντο.
1406 4447 1658 4502 Μάλιστα
1710 4455 1810 4520 μὲν

1939 4436 2146 4506 ιιιίιιοηι
2191 4438 2442 4493 homines
2494 4439 2548 4493 in
2612 4437 2779 4507 feras,
2807 4441 2901 4496 sed
2939 4442 3078 4498 istas
3119 4445 3171 4498 iu
3204 4444 3331 4499 illos
3375 4447 3516 4499 divi-

227 4515 327 4571 οὖν
358 4522 422 4575 ἐκ
459 4521 642 4578 λύκων
689 4527 884 4592 αὐτοὺς
933 4531 1017 4594 είς
1072 4531 1396 4605 ἀνθρώπους
1436 4542 1811 4614 μετέστησας·
1847 4602 1852 4610 ,

1939 4531 2076 4585 nitus
2106 4534 2499 4587 convertenda.
2536 4535 2602 4590 Et
2652 4551 2793 4590 unus
2814 4536 3037 4605 quidam
3086 4553 3220 4608 grex
3268 4540 3374 4593 sub
3406 4555 3515 4595 uno

229 4607 326 4659 καὶ
384 4608 523 4681 ὅπερ
584 4612 614 4664 ό
674 4614 778 4683 τῆς
837 4617 1053 4705 Κίρκης
1109 4623 1327 4677 κυκεὼν
1392 4607 1852 4703 λογογραφεῖται-

1939 4624 2127 4679 nimio
2152 4633 2395 4695 pastore.
2427 4625 2556 4681 divo
2612 4628 2828 4684 scilicet
2862 4628 3221 4700 imperatore,
3276 4648 3513 4705 congre—

226 4702 429 4764 ποιεῖν,
457 4700 615 4754 τοῦτο
650 4704 737 4756 ἐπ’
769 4704 1029 4776 ἀληθείας
1075 4710 1239 4778 φόϐος
1270 4700 1819 4787 βασιλικδςίὲξνάντι-

1939 4724 2107 4784 gatur,
2148 4717 2281 4772 feris
2311 4733 2661 4789 nequaquam
2697 4723 3177 4780 concurrentibus.
3208 4722 3378 4799 Igitur
3403 4742 3511 4783 non

225 4792 466 4860 στρόφου
488 4792 584 4846 νῦν
612 4797 1021 4869 κατεπράξατο,
1050 4800 1147 4855 καὶ
1178 4805 1278 4858 οὐκ
1306 4808 1364 4875 ἐξ
1396 4809 1707 4880 ἀνθρώπων
1735 4817 1815 4881 είς

1939 4817 2052 4865 sunt
2084 4818 2266 4880 partes
2317 4811 2438 4866 aliae
2492 4811 2719 4883 quidem
2756 4814 2938 4880 nobis,
3001 4816 3122 4871 alia:
3156 4792 3343 4874 autem
3375 4836 3512 4891 gen-

223 4882 423 4952 θῆρας,
452 4886 570 4939 ἀλλ’
631 4887 691 4953 ἐξ
743 4889 969 4945 ἐκείνων
1021 4895 1103 4960 είς
1153 4896 1376 4964 τούτους
1436 4903 1813 4970 μεταϐιϐάσας

1939 4903 2095 4971 ibus,
2134 4903 2233 4960 sed
2263 4912 2454 4959 nostra
2484 4882 2615 4961 sunt
2641 4908 2852 4964 omnia.
2885 4909 2953 4964 Et
2987 4918 3043 4964 ιιι
3081 4923 3375 4982 propterea
3404 4913 3504 4966 im'.

219 4972 497 5028 θειότατα.
535 4978 648 5031 Καί
693 4995 777 5043 τις
825 4981 926 5051 μία
956 4984 1050 5039 καὶ
1098 4987 1237 5061 αὕτη
1272 4991 1476 5063 ποίμνη
1532 4995 1637 5048 ὑπὸ
1663 4997 1813 5068 καλῷ

1939 5005 2146 5051 ierator
2180 5011 2348 5065 super
2389 5011 2582 5054 omnes
2618 4999 2993 5068 invincibilis;
3045 5010 3101 5058 et
3131 5018 3279 5059 nunc
3317 5018 3415 5072 per
3454 5012 3511 5056 te

219 5065 448 5135 ποιμένι
482 5066 560 5138 τῷ
592 5069 765 5141 ὲνθέῳ
802 5072 1097 5142 συνάγεται
1155 5079 1387 5149 βασιλεῖ,
1440 5086 1546 5137 τῶν
1601 5065 1810 5158 θηρίων

1939 5085 2322 5156 :onstringitur
2371 5088 2597 5155 bellum,
2652 5107 2759 5146 non
2801 5093 2980 5149 i‘crreo
3011 5107 3257 5159 carcere,
3306 5106 3509 5148 secun—

216 5160 322 5212 οὐκ
348 5161 602 5216 ἐνόντων.
638 5165 754 5217 Οὐκ
795 5163 891 5220 οὖν
926 5170 1146 5239 μερίδες
1198 5175 1256 5227 ai
1309 5176 1408 5246 μὲν
1444 5177 1598 5248 ἡμῖν,
1649 5181 1705 5232 αἱ
1749 5180 1808 5234 δὲ

1939 5177 2049 5231 lum
2089 5185 2250 5232 vetus
2274 5177 2342 5233 de
2371 5177 2543 5236 Marte
2569 5181 2803 5248 dictum,
2854 5199 2918 5237 ex
2952 5197 3060 5252 quo
3092 5197 3205 5234 non
3244 5181 3350 5236 nisi
3377 5194 3505 5251 post

216 5256 332 5316 τοῖς
357 5252 573 5308 ἔθνεσι·
610 5256 727 5310 ἀλλ’
752 5258 901 5314 ἔστιν
939 5262 1097 5331 ἡμῶν
1127 5264 1196 5318 τὰ
1231 5267 1430 5322 πάντα.
1483 5271 1593 5323 Καὶ
1624 5273 1688 5326 σὺ
1715 5273 1805 5327 διὰ

1939 5270 2170 5326 redecim
2195 5286 2415 5327 menses
2441 5274 2763 5330 solvendum
2783 5284 2950 5338 esset,
2982 5273 3076 5327 sed
3105 5273 3326 5328 vinculo
3357 5274 3504 5329 indi-

214 5346 390 5400 ταῦτα
424 5346 679 5415 βασιλεὺς
738 5352 832 5404 ἐπὶ
878 5354 1091 5419 πάντας
1118 5356 1422 5428 ἀήττητοςο
1458 5362 1551 5414 καὶ
1593 5363 1803 5419 δέδεται

1941 5363 2470 5436 ibili!,inelui:tabili,
2501 5366 2881 5428 iudissolubili,
2913 5365 2987 5418 ita
3029 5373 3089 5418 ut
3134 5380 3241 5419 non
3290 5374 3500 5421 tantum

213 5428 312 5492 νῦν
354 5441 383 5492 ό
412 5440 653 5511 πόλεμος
683 5443 772 5497 διά
823 5443 940 5513 σοῦ,
978 5447 1041 5501 ού
1082 5448 1298 5520 χαλκέῳ
1348 5454 1601 5524 κεράμῳ,
1654 5457 1801 5511 κατά

1939 5428 2316 5524 ellicisarmis,
2332 5472 2389 5514 ut
2408 5459 2539 5513 dicit
2554 5458 2832 5525 adagium,
2852 5459 3014 5511 telam
3033 5458 3285 5513 ordiatur
3311 5460 3477 5514 arach

209 5532 304 5589 τὸν
338 5534 433 5589 τοῦ
485 5536 723 5590 παλαιοῦ
757 5538 917 5607 λόγου
950 5540 1144 5611 Ἀρεα,
1169 5543 1227 5609 ἐξ
1256 5536 1316 5597 οὖ
1336 5545 1522 5620 λυθείη
1561 5548 1627 5603 ἂν
1656 5551 1801 5605 ἐκεῖ·

1940 5568 2024 5618 ea,
2068 5552 2163 5607 sed
2207 5553 2387 5622 ipsum
2441 5549 2568 5603 belli
2627 5564 2825 5603 nomen
2869 5550 3178 5604 abolentur.
3224 5551 3498 5617 Quidnam

208 5644 297 5692 νος
318 5628 882 5703 τρισκαιδεκάμηνος,
904 5632 1041 5687 ἀλλά
1069 5634 1254 5706 δεσμῷ
1275 5638 1520 5709 ἀρρήτῳ,
1544 5642 1795 5716 ἀφύκτῳ,

1948 5647 2072 5700 τειεοί
2101 5641 2431 5714 jactabundi
2478 5641 2726 5695 dicerent
2785 5645 2877 5713 qui
2926 5651 3140 5697 tantum
3195 5644 3498 5703 Autalcida:

207 5719 431 5790 ἀλύτῳ*
492 5720 584 5792 ἐφ’
645 5721 771 5776 ὅσον
816 5723 882 5777 ἂν
907 5724 970 5779 οὐ
1003 5726 1167 5796 μόνον
1202 5731 1316 5794 τοῖς
1381 5738 1796 5803 στρατιωτικοῖς

1940 5736 2186 5790 ictoriam
2243 5742 2296 5789 et
2339 5741 2590 5787 secutam
2629 5748 2815 5802 pacem
2848 5735 3198 5799 attollebant,
3263 5738 3311 5792 si
3380 5753 3491 5793 no-

205 5813 415 5885 ὂτὺοις,
448 5815 511 5870 τὸ
571 5819 673 5887 τῆς
709 5817 1031 5886 παροιμίας,
1080 5821 1628 5894 ἐνιστουργηθήσεται
1660 5828 1793 5896 ἀρά-

1939 5835 2061 5882 Lram
2097 5824 2421 5883 novissent?
2474 5823 2705 5881 Ubinam
2742 5833 2892 5883 tanta
2946 5826 3186 5883 victoria:
3240 5827 3383 5885 bona
3426 5836 3489 5885 ut
