3992 6240
401 349 512 411 9U

1119 355 1541 416 EUSTATHII
1581 357 1626 417 Τ
1643 358 1880 422 IIESSA
1895 361 1984 419 L0

2093 361 2346 421 ZENSIS
2404 361 2455 419 Μ
2469 361 2558 420 ΕΤ
2575 361 2974 424 ΒΟΡΟΙᾸΤΕ

3539 364 3639 429 9M

405 463 714 532 ubicunque
786 474 1058 522 terr—arum
1128 485 1312 538 paci-ni
1379 471 1577 526 habeat
1648 488 1980 526 concurren-

2093 495 2258 546 χνειον
2310 477 2557 546 ὕφασμα,
2605 477 2739 531 ἀλλά
2794 479 2890 530 καὶ
2935 475 3105 546 ὄνομα
3151 476 3415 546 πολέμου,
3467 472 3641 547 οἶμαι,

409 555 584 608 tem?
640 554 800 610 Juvat
878 559 1097 627 quidem
1153 576 1301 615 mare
1361 561 1591 617 hiemem
1649 563 1862 634 fugiens
1914 574 1969 619 et

407 647 472 700 ad
525 663 748 700 vernam
811 651 1258 719 tranquillitatem
1313 669 1615 724 expansum
1662 657 1968 725 placidam-

411 754 518 805 que
543 739 887 808 superficiem
938 743 1005 796 ad
1062 743 1238 797 lucem
1266 747 1564 814 explicans,
1602 748 1745 802 istud
1785 759 1968 802 autem

409 846 503 884 ver
540 840 692 885 tuum
715 872 731 897 ,
767 841 822 887 et
877 834 1127 891 hiemalis
1184 852 1378 906 pugnae
1436 838 1724 894 dissolutio
1749 879 1764 904 ,
1794 843 1972 910 pacis-

410 939 516 992 que
540 925 832 991 serenitas,
854 927 988 982 nihil
1019 941 1101 984 est
1120 928 1479 998 iucunditatis
1505 931 1649 1000 quod
1683 934 1840 988 nobis
1861 949 1968 987 non

409 1018 667 1086 praebeat.
698 1016 741 1072 Ο
773 1019 912 1074 bella
946 1029 998 1075 et
1038 1024 1333 1076 certamina
1390 1023 1444 1076 in
1511 1024 1709 1092 quibus
1757 1025 1972 1080 hostem

413 1110 724 1164 universum
764 1109 818 1164 in
846 1110 1025 1180 fugam
1087 1113 1494 1168 irrevocabilem
1544 1115 1893 1169 convenisti!
1928 1114 1972 1169 0

414 1203 684 1271 procellas
738 1219 874 1274 quas
921 1204 1076 1258 nobis
1109 1204 1164 1258 in
1211 1219 1466 1258 serenum
1519 1207 1869 1260 convertisti!
1927 1205 1972 1260 Ο

414 1298 812 1352 commotiones
863 1297 1088 1352 bellicas
1171 1314 1294 1367 quae
1349 1299 1699 1354 fundamenta
1775 1301 1974 1355 Rema-

414 1404 608 1442 narum
647 1389 863 1443 urbium
919 1405 1187 1446 concussa
1217 1395 1566 1447 everterunt!
1611 1393 1766 1448 Nune
1791 1404 1972 1451 autent

413 1480 572 1535 nobis
594 1481 756 1535 urbes
785 1482 838 1535 in
871 1481 1021 1536 firma
1047 1493 1193 1552 petra
1223 1485 1570 1541 conduntur:
1602 1501 1722 1555 quae
1759 1486 1977 1541 excide-

414 1581 564 1636 runt,
581 1587 798 1628 rursum
829 1575 946 1643 pari
980 1590 1206 1629 numero
1237 1577 1560 1645 eriguntur;
1597 1594 1717 1648 qua:
1748 1595 1880 1633 vero
1911 1579 1978 1633 ti-

419 1664 638 1719 mebant
693 1681 758 1721 ne
803 1667 1082 1733 caderent,
1141 1668 1371 1724 firmiter
1437 1671 1657 1727 munitae
1707 1671 1976 1726 corrobo~

423 1769 651 1824 rantur;
683 1768 959 1814 sexcenta:
997 1775 1145 1826 vero,
1181 1777 1282 1830 pro
1347 1764 1698 1826 necessitate,
1729 1766 1976 1820 turribus

2075 569 2545 637 ἀπαλλαγήσεται.
2576 569 2729 630 Τίνες
2759 570 2826 622 ἂν
2849 563 2988 637 ἦσαν
3015 568 3064 622 οἰ
3095 568 3471 637 μεγαλόφωνοι
3515 570 3642 621 Ἐλο

2075 661 2254 729 ληνες,
2289 660 2387 727 τὴν
2436 659 2528 712 ἐπὶ
2582 659 2926 714 Ἀνταλκίδου
2959 661 3116 729 νίκην
3173 662 3262 713 καὶ
3303 661 3403 730 τὴν
3432 660 3643 714 ἐκεῖθεν

2077 753 2297 820 εἰρήνην
2327 750 2747 821 ύψηγοροῦντες,
2770 752 2816 804 εἰ
2843 753 2942 820 τὴν
2965 751 3088 805 καθ’
3112 753 3255 822 ἡμᾶς
3279 753 3639 819 ἐωράκεισαν·

2077 843 2208 896 ὅπου
2238 841 2458 896 τοιαῦτα
2489 842 2558 896 τὰ
2601 843 2699 911 τῆς
2729 843 2905 914 νίκης,
2949 843 3023 906 ὡς
3057 845 3238 897 πᾶσαν
3288 845 3392 914 γῆν
3431 845 3649 914 περιελ-

2078 935 2212 1000 θεῖν,
2243 937 2336 990 καὶ
2359 937 2456 1007 τὴν
2485 937 2706 1007 εἰρήνην
2735 936 2878 1007 ἔχειν
2896 936 3222 1006 σύντροχον;
3266 937 3395 990 Ἡδὺ
3423 937 3521 1006 μὲν
3550 938 3646 990 καὶ

2080 1027 2322 1081 θάλασσα
2344 1029 2591 1097 φυγοῦσα
2618 1029 2888 1098 χειμῶνα,
2921 1029 3166 1098 καὶπρὸς
3197 1029 3415 1098 ἐαρινὴν
3443 1027 3646 1081 ἀπλου-

2082 1121 2218 1190 μὲνη
2244 1122 2504 1190 γαλήνην,
2542 1121 2631 1172 καὶ
2668 1121 2767 1189 τὴν
2789 1119 3054 1190 ἐπιπολὴν
3089 1121 3396 1188 ἀκύμαντον
3433 1137 3648 1189 παραυ-

2079 1212 2349 1280 γάζουσαο
2386 1213 2444 1266 τὸ
2480 1213 2572 1265 σὺν
2594 1214 2648 1266 δὲ
2675 1215 2806 1280 ἡμῖν
2853 1213 2955 1282 ἔαρ
2975 1213 3154 1273 τοῦτο,
3187 1215 3281 1267 καὶ⁵
3327 1215 3360 1283 ή
3384 1215 3484 1285 τῆς
3535 1231 3651 1282 χει-

2084 1303 2271 1372 μερίου
2337 1303 2513 1372 μάχης
2550 1303 2831 1365 ἀπόλυσις,
2866 1304 2960 1356 καὶ
2989 1303 3049 1356 τὸ
3083 1303 3184 1372 τῆς
3229 1304 3452 1374 εἰρήνης
3473 1303 3646 1372 γαλη-

2081 1397 2228 1448 ναῖον
2257 1394 2357 1446 ούκ
2412 1395 2560 1447 ἐστιν
2591 1395 2618 1447 ὃ
2649 1411 2700 1447 τι
2734 1395 2898 1463 μέρος
2951 1396 3140 1464 ήδονῆς
3193 1396 3255 1447 οὐ
3307 1395 3649 1463 παρήλασεν.

2087 1486 2150 1538 "0
2178 1485 2427 1552 πολέμων
2457 1485 2700 1551 ἐκείνων,
2737 1487 2794 1538 ἐν
2835 1480 2915 1548 οἷς
2957 1485 3102 1538 ἀπαν
3137 1487 3395 1554 πολέμιον
3424 1487 3505 1549 εἰς
3546 1503 3651 1552 φυ-

2081 1576 2186 1644 γὴν
2217 1575 2662 1646 ἀμετάστρεπτον
2717 1575 2971 1647 ἔτρεψας·
3027 1577 3090 1628 Ὦ
3151 1577 3518 1644 mundam“
3581 1575 3651 1640 ἃς

2082 1670 2212 1739 ήμῖν
2241 1671 2322 1731 είς
2346 1669 2567 1740 αἰθρίαν
2610 1669 2902 1740 ἔστρεψας.
2953 1672 3016 1724 Ὢ
3061 1670 3377 1738 πολεμικῶν
3426 1671 3650 1725 ἐκείνων

2085 1763 2346 1833 σεισμῶν,
2395 1763 2445 1816 οἳ
2509 1764 2636 1826 τοὺς
2683 1763 2967 1832 θεμελίους
3022 1763 3132 1816 τῶν
3182 1763 3504 1832 Ῥωμαϊκῶν
3556 1763 3652 1814 7.6-

422 1850 785 1906 instruuntur.
846 1851 1104 1922 Praeripis
1153 1855 1300 1910 enim
1348 1857 1402 1910 in
1451 1858 1576 1910 istis
1609 1874 1695 1912 res
1763 1858 1979 1914 futuras

2093 1857 2216 1908 ἰεων
2262 1850 2329 1925 ἦν
2362 1855 2448 1908 ὅτε
2507 1855 2975 1924 ύπονομεύσαντες
3032 1855 3424 1927 ἀνερρήγνυον.
3487 1855 3652 1911 Ἀλλά

419 1943 583 1998 oculo
620 1945 947 2014 perspicaci.
982 1944 1073 2002 Sic
1095 1946 1345 2002 hostibus
1370 1965 1591 2018 gressus
1619 1952 1979 2018 supplantas;

420 2035 502 2090 sic
536 2036 668 2104 ipsis
701 2047 904 2092 terram
939 2039 1148 2093 metiris
1204 2048 1532 2108 angustam;
1577 2041 1660 2094 sic
1711 2041 1817 2095 illis
1852 2056 1984 2095 con-

422 2125 597 2182 trabis
626 2126 1010 2185 habitationes.
1054 2127 1304 2185 Stimulis
1346 2132 1570 2200 quidem
1627 2131 1820 2186 ferreis
1880 2133 1983 2186 ho-

422 2233 448 2271 s
483 2219 592 2271 ium
628 2233 852 2289 campos
903 2221 1188 2286 stravisse,
1216 2229 1273 2274 ut
1311 2222 1417 2277 illis
1447 2223 1609 2291 pedes
1634 2223 1791 2276 deﬁxi
1831 2223 1986 2278 falle-

423 2319 644 2376 rentur,
685 2318 740 2364 et
777 2311 894 2365 sale
922 2313 1236 2367 consevisse
1267 2329 1427 2382 agros
1453 2315 1667 2378 uberes,
1694 2322 1754 2368 ut
1788 2314 1990 2368 sterili-

425 2410 590 2456 tatem
626 2402 760 2471 ipsis
793 2402 1036 2470 proferat
1065 2413 1212 2457 terra
1245 2405 1398 2472 prius
1439 2403 1689 2469 fecunda,
1717 2415 1771 2460 et
1803 2405 1990 2460 foveas

422 2492 710 2550 suﬂodisse
746 2494 798 2547 in
830 2493 1048 2561 pedicas
1086 2504 1194 2548 tam
1228 2510 1493 2565 equorum
1529 2513 1690 2564 quam
1724 2499 1988 2562 virorum,

425 2598 482 2642 et
521 2601 692 2656 aquas
720 2601 930 2642 veneno
981 2589 1320 2657 corrupisse,
1359 2603 1681 2656 generosum
1737 2589 1873 2643 nihil
1904 2599 1988 2643 est

426 2679 480 2731 in
511 2678 632 2734 istis
664 2677 962 2749 (quomodo
1016 2679 1161 2732 enim
1219 2693 1542 2746 generosum
1575 2678 1720 2746 quod
1766 2678 1990 2734 fraudu-

423 2770 674 2827 lentum?
707 2771 986 2840 quomodo
1027 2769 1187 2824 virile
1213 2770 1361 2840 quod
1406 2769 1655 2824 dolosum
1700 2771 1860 2836 est?)
1892 2787 1992 2827 nec

422 2861 674 2916 victimas
745 2863 940 2932 laqueo
997 2861 1284 2928 interimi;
1338 2873 1551 2929 tempus
1600 2862 1746 2918 enim
1827 2863 1992 2918 breve

425 2955 529 3010 ista
570 2956 637 3010 ad
691 2957 849 3010 linem
887 2954 1158 3020 adduxit;
1198 2954 1291 3009 sed
1337 2953 1579 3010 Romana
1635 2955 1889 3026 praesidia
1937 2963 1992 3011 et

427 3047 593 3104 urbes
651 3048 949 3117 armigeris
1010 3047 1143 3103 viris
1203 3048 1438 3116 repletas
1509 3063 1607 3116 per
1665 3055 1834 3102 totam
1895 3046 1992 3102 ad-

429 3142 801 3195 versariorum
879 3149 1082 3194 terram
1157 3141 1551 3197 disseminasse
1585 3181 1600 3205 .
1676 3145 1779 3198 huc
1859 3158 1992 3198 sane

417 3249 567 3305 opus
602 3243 720 3289 erat
760 3241 878 3288 arte
919 3232 1114 3288 bellica
1149 3234 1399 3305 dignum.
1428 3234 1578 3288 Istud
1609 3235 1757 3289 haud
1807 3235 1990 3289 minus

431 3341 496 3382 ac
534 3326 772 3381 murices
839 3325 1083 3381 inimicis
1117 3310 1279 3382 urbes
1335 3326 1576 3381 munitas
1615 3325 1832 3381 evertit.
1862 3325 1990 3379 Fal-

429 3416 494 3471 lit
553 3417 697 3472 enim
762 3417 845 3473 eis
901 3416 968 3472 ad
1035 3417 1384 3473 insolentiam
1435 3433 1690 3486 gressus,
1729 3417 1992 3486 quemad-

433 3505 654 3561 modum
727 3506 916 3562 salinaa
974 3508 1029 3561 in
1093 3516 1236 3562 terra
1295 3507 1660 3562 Barbarorum
1731 3521 1994 3562 exercen-

427 3608 562 3663 tur,
615 3599 692 3652 ita
767 3605 827 3652 ut
908 3614 1023 3654 non
1106 3599 1349 3655 habeant
1423 3599 1498 3653 illi
1550 3599 1742 3654 solitas
1780 3601 1994 3658 telluris

429 3687 617 3757 fruges
683 3689 1012 3758 percipere,
1091 3699 1146 3747 et
1226 3691 1552 3748 altissimam
1639 3692 1859 3749 suﬁodit
1910 3696 1996 3752 fo-

431 3794 586 3834 veam
659 3794 766 3849 qua
828 3779 884 3834 in
941 3780 1221 3836 interitum
1282 3782 1686 3850 detralmntur,
1735 3794 1994 3855 tanquam

431 3871 630 3927 letbale
681 3887 962 3927 venenum
1017 3874 1316 3944 impingit,
1371 3876 1538 3929 vitam
1605 3892 1791 3932 eorum
1850 3878 1995 3947 peri-

426 3963 574 4019 culis
609 3962 1034 4030 circumdanda,
1084 3974 1139 4020 et
1186 3965 1382 4022 breves
1409 3966 1518 4023 illis
1553 3965 1671 4024 dies
1697 3968 1994 4024 metiendo.

423 4050 667 4108 Tantum
702 4065 754 4110 te
783 4055 996 4125 experti
1039 4065 1169 4112 sunt
1201 4055 1541 4125 bellatorem,
1577 4073 1790 4130 semper
1827 4063 1998 4117 victo-

433 4161 572 4212 rem,
628 4146 1262 4212 solertissimum,multa
1294 4157 1411 4203 arte
1434 4149 1746 4219 praeditum,
1777 4153 1994 4208 urbium

431 4239 805 4304 obsessorem,
833 4253 1043 4294 necnon
1065 4239 1437 4307 defensorem,
1473 4241 1572 4312 qui
1601 4244 1789 4298 omnis
1841 4255 1997 4313 potes

432 4331 784 4388 confortante
807 4342 858 4388 te
883 4333 1016 4388 Deo.
1045 4332 1170 4390 Ideo
1197 4335 1507 4404 superbiam
1531 4329 1920 4406 deposuerunt,
1939 4351 1996 4394 et

434 4424 488 4476 in
523 4425 843 4479 servitu-tem
876 4425 966 4480 tibi
995 4425 1199 4480 redacti
1226 4437 1373 4480 sunt.
1397 4426 1868 4497 Sciuntprzeelara
1901 4442 1993 4485 tua

2081 1944 2177 1999 νῦν
2221 1947 2354 2015 ἡμῖν
2410 1946 2496 1999 ἐπ’
2547 1946 2820 2015 ἀσφαλοῦς
2874 1949 2928 1999 αἱ
2971 1946 3157 2010 πόλεις
3211 1948 3490 2016 ἵδρυνται,
3526 1949 3650 2000 ὅσαι

2086 2037 2184 2105 μὲν
2229 2039 2571 2101 κατέπεσον,
2623 2040 2924 2092 ἀναστᾶσαι
2980 2039 3060 2101 εἰς
3113 2039 3384 2107 ἀριθμόν·
3433 2041 3556 2092 ὅσαι
3594 2039 3654 2092 δὲ

2087 2127 2252 2194 φόϐον
2285 2123 2430 2197 εἰχον
2463 2128 2559 2182 τοῦ
2596 2131 2803 2194 πεσεῖν,
2834 2130 3164 2198 ἐρεισθεῖσαι
3193 2131 3285 2182 καὶ
3310 2131 3654 2183 καταστᾶσαι

2087 2219 2168 2279 είς
2211 2217 2450 2286 ἀσφαλές
2470 2235 2486 2250 ο
2517 2219 2707 2288 μυρίαι
2743 2219 2798 2272 δὲ
2823 2221 2920 2272 καὶ
2943 2222 3006 2274 ἐκ
3035 2223 3225 2289 καινῆς
3257 2221 3652 2290 πυργωθεῖσαι,

2087 2307 2220 2360 ὅπου
2249 2310 2486 2379 καίριον.
2522 2311 2911 2379 Προαρπάζεις
2939 2311 3047 2380 γὰρ
3081 2311 3356 2364 κάνταῦθα
3401 2312 3462 2364 τδ
3522 2313 3653 2380 μέλ-

2087 2398 2178 2450 λον
2209 2399 2419 2468 δμματι
2446 2399 2761 2468 διοράσεως.
2813 2399 2969 2454 Οὕτω
2995 2404 3107 2463 τοῖς
3133 2401 3345 2471 ἐχθροῖς
3395 2401 3656 2468 σφάλλεις

2089 2489 2187 2552 τὰς
2217 2490 2422 2560 βάσεις·
2459 2492 2601 2546 οὕτω
2626 2492 2723 2563 τήν
2739 2493 2840 2562 γῆν
2863 2494 3045 2557 αὐτοῖς
3087 2497 3302 2565 μετρεῖς
3332 2496 3410 2557 εἰς
3431 2495 3604 2564 βραχύ
3637 2512 3653 2527 ·

2091 2582 2234 2636 οὕτω
2265 2587 2619 2655 στενοχωρεῖς
2676 2586 2910 2650 ἐκείνοις
2939 2588 3037 2658 τὴν
3089 2588 3327 2658 οἴκησιν.
3371 2589 3659 2659 Τριϐόλοις

2097 2673 2195 2742 μὲν
2225 2669 2317 2726 οῦν
2349 2675 2589 2745 σιδηροῖς
2611 2675 2711 2746 τὴν
2739 2677 2846 2729 τῶν
2876 2678 3150 2746 πολεμίων
3191 2680 3506 2734 καταπάσαι
3561 2697 3660 2733 πεο

2092 2765 2266 2831 διάδα,
2308 2765 2384 2830 ὡς
2415 2766 2481 2820 ἂν
2515 2767 2599 2836 εῖη
2638 2767 2867 2832 ἐκείνοις
2897 2769 3261 2838 ἐμπείρεσθαι
3289 2772 3383 2823 καὶ
3424 2771 3523 2835 τὰς
3564 2771 3662 2840 βο-

2094 2873 2206 2919 σεις
2246 2857 2574 2924 σφάλλεσθαι
2603 2875 2616 2888 ·
2656 2860 2750 2912 καὶ
2785 2859 2942 2912 ἅλατι
2977 2864 3344 2930 κατασπεῖραι
3373 2862 3470 2933 τὴν
3513 2862 3660 2932 ἀρώ-

2097 2965 2278 3016 σιμον,
2309 2949 2382 3011 ὡς
2413 2951 2478 3004 ἂν
2525 2952 2801 3021 ἀκαρπίαν
2832 2954 2862 3022 ή
2905 2951 3159 3021 ζείδωρος
3201 2955 3397 3026 ἐνέγκῃ
3425 2955 3607 3016 αὐτοῖς
3640 2971 3656 2987 ⁸

2095 3043 2192 3096 καὶ
2222 3042 2478 3112 βοθύνους
2510 3045 2800 3114 ύπωρύξαι
2835 3047 2914 3109 εἰς
2946 3046 3223 3116 ποδάγρας
3260 3049 3440 3101 ῖππων
3477 3065 3536 3102 τε
3571 3048 3663 3102 καὶ

2097 3135 2306 3206 ἀνδρῶν
2329 3154 2342 3166 ο
2368 3137 2463 3190 καὶ
2493 3136 2664 3190 ὕδατα
2701 3138 2980 3208 φαρμάκῳ
3012 3138 3369 3208 δηλήσασθαι,
3398 3137 3520 3193 οὔτε
3541 3156 3665 3207 γεν-

2097 3229 2244 3280 ναῖον
2273 3226 2427 3281 οὐδέν
2459 3245 2512 3280 τι
2543 3227 2770 3294 τούτων,
2799 3228 2926 3298 (ποῦ
2959 3228 3070 3300 γάρ
3109 3231 3353 3296 γενναῖον
3380 3229 3438 3282 τὸ
3492 3229 3661 3282 ὕπου-

2095 3320 2186 3373 λον
2206 3361 2220 3382 ,
2254 3319 2357 3373 ποῦ
2391 3320 2447 3373 δὲ
2479 3320 2719 3392 ἀνδρεῖον
2732 3320 2792 3374 τὸ
2820 3320 2994 3374 δόλιον
3016 3322 3056 3390 ;)
3100 3321 3195 3374 καὶ
3228 3320 3348 3373 ossi
3371 3321 3508 3374 πάνυ
3529 3320 3666 3390 πρὸς

2097 3411 2335 3480 ἀγχόνην
2370 3411 2588 3479 σφίγγει
2623 3411 2713 3465 τὸν
2769 3412 3286 3482 ἐπιϐουλευόμενον
3332 3413 3520 3483 χρόνος
3555 3413 3665 3480 γάρ

2094 3504 2267 3558 ταῦτα
2297 3504 2503 3575 βραχὺς
2539 3506 2822 3576 ἀπήγαγε.
2851 3506 3095 3576 Φρούρια
3137 3505 3195 3559 δὲ
3233 3505 3514 3573 Ῥωμαῖκά
3567 3506 3663 3558 καὶ

2096 3596 2280 3660 πόλεις
2310 3596 2627 3666 ὁπλοφόρων
2666 3597 2876 3670 ἀνδρῶν
2906 3597 2993 3652 διά
3017 3599 3198 3666 πάσης
3231 3596 3330 3666 τῆς
3391 3596 3499 3649 τῶν
3531 3595 3666 3648 ὕπεο

2097 3689 2326 3743 ναντίων
2357 3689 2458 3757 γῆς
2488 3690 2829 3760 διασπεῖραι,
2885 3689 3225 3744 ἀλλά⁰ιτοῦτο
3282 3688 3485 3750 θετέον,
3541 3689 3666 3740 ὅποι

2093 3797 2178 3844 τις
2209 3779 2456 3850 βούλεται
2481 3779 2849 3851 στρατηγικοῦ
2879 3781 3294 3852 μηχανήματος.
3345 3779 3515 3832 Τοῦτο
3571 3778 3667 3831 καὶ

2095 3871 2241 3927 κατά
2265 3871 2551 3942 τριϐόλους
2602 3874 2700 3935 τὰς
2744 3872 3220 3943 ,ἐπιτειχιζομένας
3279 3872 3467 3934 πόλεις
3509 3868 3665 3924 κατι·

2101 3980 2314 4035 στρωσσ
2344 3966 2459 4028 τοῖς
2488 3964 2728 4034 ἐχθροῖς.
2759 3963 2994 4032 Σφάλλει
3035 3963 3146 4034 γὰρ
3194 3963 3424 4027 ἐκείνοις
3471 3963 3538 4016 τά
3585 3963 3666 4024 είς

2097 4056 2287 4111 ἄνετον
2310 4055 2648 4124 διαδήματα.
2707 4055 2803 4109 καὶ
2844 4053 2920 4120 ὡς
2965 4051 3080 4110 οἷον
3119 4056 3395 4125 ἀλοπήγια
3443 4059 3510 4127 τῇ
3558 4055 3666 4109 τῶν

2101 4144 2393 4215 βαρϐάρων
2447 4145 2722 4215 πήγνυται
2770 4149 2868 4218 γῇ,
2918 4138 3000 4208 οἷς
3044 4146 3146 4200 ούκ
3205 4145 3426 4216 ἔχουσιν
3473 4147 3666 4200 ἐκεῖνοι

2097 4236 2171 4290 τά
2207 4235 2414 4306 οηνήθη
2462 4234 2629 4305 γῆθεν
2693 4235 3084 4306 καρπίζεσθαι.
3151 4235 3450 4306 ’Δνοίγεται
3489 4237 3546 4290 δέ
3573 4237 3667 4290 καὶ

2098 4327 2287 4397 ὥσπερ
2310 4327 2390 4391 εἰς
2415 4325 2712 4396 βαθύτατον
2745 4326 2992 4396 βόθυνον,
3021 4327 3103 4382 ὅτι
3123 4329 3219 4382 καὶ
3249 4327 3515 4398 κατασπᾷ
3531 4328 3667 4397 πρὸς

2098 4419 2340 4490 ὄλεθρον.
2369 4418 2754 4488 Φαρμάττεται
2777 4419 2834 4471 δέ
2867 4419 2959 4473 καὶ
2988 4417 3062 4482 ὡς
3083 4419 3161 4481 εἰς
3219 4418 3565 4488 δηλητήριον,
3601 4419 3666 4471 δι’

432 4512 706 4578 facinora,
730 4529 924 4584 magna
964 4514 1146 4569 sciunt
1167 4529 1353 4585 opera,
1377 4532 1498 4586 qua:
1529 4518 1633 4587 ipsi
1658 4529 1785 4574 ante
1804 4534 1989 4574 omnes

2101 4505 2177 4565 ὧν
2217 4511 2474 4582 περιιστᾷ
2503 4509 2592 4562 τὸν
2624 4509 2869 4563 κίνδυνον
2900 4510 2980 4572 εἰς
3019 4510 3079 4561 τὸ
3105 4510 3230 4580 ζῇν,
3251 4511 3346 4562 καὶ
3374 4511 3455 4572 εἰς
3492 4508 3666 4580 βραχὺ

427 4606 643 4676 experti
668 4615 796 4659 sunt
814 4619 921 4658 non
941 4605 1196 4673 ignorant
1214 4615 1492 4674 gestorum
1517 4610 1757 4678 egregia,
1777 4619 1832 4664 et
1854 4622 1998 4664 vete-

436 4713 556 4750 rum
575 4711 726 4751 more
756 4711 944 4766 regum
974 4697 1119 4761 illos,
1143 4707 1200 4751 ut
1220 4699 1293 4751 ita
1323 4697 1499 4753 dicam
1527 4701 1921 4762 mutilantium,
1941 4713 1996 4756 tu

439 4787 617 4842 media
661 4787 770 4841 illis
809 4787 975 4842 corda
1006 4790 1346 4857 percussisti.
1380 4789 1605 4859 Experti
1642 4802 1772 4846 sunt
1802 4807 1998 4846 manus

440 4893 562 4935 tuas
597 4879 951 4934 inviucibiles
986 4897 1001 4946 ;
1029 4891 1078 4934 te
1132 4882 1516 4937 didiceruntet
1542 4883 1596 4935 in
1629 4881 1876 4938 cornsiliis
1906 4883 2002 4937 ad-

437 4972 743 5027 mirabilem
769 4987 933 5042 super
951 4972 1090 5028 filius
1112 4974 1416 5038 hominum,
1447 4983 1500 5028 et
1527 4973 1580 5026 in
1613 4973 1769 5027 bellis
1794 4982 2000 5043 poten—

440 5078 550 5123 tem
594 5083 808 5123 necnon
860 5069 1312 5138 insuperabilem,
1357 5069 1538 5122 anima
1599 5067 1997 5133 fulminantem,

437 5161 662 5217 dextera
712 5169 1012 5225 tonantem,
1069 5171 1380 5231 promptum
1427 5159 1480 5214 in
1522 5160 1884 5224 consiliando,
1917 5177 2002 5216 ve-

433 5255 609 5308 locem
671 5255 725 5308 in
781 5255 1078 5325 equitando
1128 5269 1391 5321 armaque
1429 5253 1736 5312 educendo,
1815 5253 1888 5306 ita
1947 5261 2003 5306 ut

439 5363 601 5402 nemo
638 5347 728 5400 tibi
765 5347 1082 5400 antecellat.
1137 5345 1200 5398 Et
1231 5345 1335 5399 hoc
1376 5352 1489 5397 erat
1521 5343 1655 5397 ordo
1680 5344 1918 5412 optimus
1952 5356 2005 5398 et

437 5441 661 5506 sequela
691 5449 921 5492 naturae.
960 5437 1093 5490 Nam
1130 5454 1289 5507 quem
1322 5437 1421 5502 ipsi
1455 5437 1714 5489 eximium
1751 5435 2007 5488 videbant

439 5530 773 5597 inprimitiis
806 5532 926 5595 \‘iri,
980 5547 1101 5583 cum
1161 5532 1400 5585 nondum
1433 5529 1606 5599 gratia
1647 5528 1855 5596 physici
1887 5543 2006 5595 gra-

442 5623 602 5675 minis
638 5633 791 5677 cnata
824 5626 1161 5686 floresccret,
1197 5638 1296 5675 nec
1330 5623 1510 5675 vultus
1542 5630 1753 5688 pratum
1781 5635 2006 5686 percur-

444 5719 612 5770 rcrct,
643 5713 856 5778 qualem
914 5729 1037 5766 eum
1066 5722 1220 5766 erant
1255 5715 1554 5780 experturi,
1608 5715 1828 5780 quando
1866 5711 2005 5763 Deus

446 5794 596 5849 illum
649 5801 700 5853 in
730 5803 1117 5870 perfectionem
1152 5804 1251 5856 viri
1295 5804 1582 5872 provexit?
1611 5805 1751 5857 Sane
1784 5802 2006 5857 omnino

2103 4606 2294 4673 μετρεῖ
2321 4603 2413 4656 τὸν
2446 4602 2557 4673 βίον
2589 4603 2790 4664 αὐτοῖς.
2827 4600 3084 4655 Τοιούτου
3146 4601 3509 4672 πεπείρανταί
3575 4618 3666 4653 σου

2103 4693 2371 4765 μαχητοῦ,
2407 4694 2667 4756 νικῶντος
2697 4693 2806 4757 ἀεὶ,
2866 4693 3202 4764 εὐμηχάνου,
3259 4692 3666 4768 πολυμηχάνου,

2101 4785 2488 4856 πολιορκητοῦ,
2541 4783 2856 4854 πολιούχου,
2913 4785 3092 4838 πάντα
3149 4784 3426 4853 ἰσχύοντος
3481 4785 3539 4834 ἐν
3592 4782 3668 4850 τῷ

2104 4876 2494 4946 ἐνδυναμοῦντί
2545 4894 2606 4928 σε
2655 4875 2798 4945 Θεῷ.
2868 4874 3091 4946 Ἀμέλει
3133 4878 3226 4929 καὶ
3283 4875 3667 4944 καθαιροῦνται

2107 4972 2207 5040 τῆς
2234 4970 2418 5038 ὀφύος,
2451 4972 2541 5022 καὶ
2562 4969 2641 5030 εἰς
2663 4968 2908 5021 δουλείαν
2953 4985 3034 5022 σοι
3082 4969 3520 5035 καθυπάγονται.
3580 4966 3668 5018 0!-

2108 5062 2229 5116 δασι
2261 5061 2357 5130 μὲν
2387 5059 2479 5113 οῦν
2503 5060 2660 5112 αὐτοὶ
2690 5061 2758 5113 τὰ
2786 5059 3014 5113 τοιαῦτα
3057 5058 3463 5128 πρωτοπαθῶς·
3497 5058 3668 5112 οῖδασι

2103 5154 2201 5216 τὰς
2225 5154 2323 5214 σὰς
2363 5152 2664 5221 ἀριστείας,
2719 5149 2797 5214 οίς
2851 5151 3004 5204 αὐτοὶ
3063 5151 3284 5205 ἔπαθον.
3333 5151 3523 5204 Οῖδασι
3572 5152 3666 5212 τὰς

2110 5244 2541 5314 μεγαλουργίας·
2575 5242 2675 5293 οὐκ
2704 5239 3052 5308 ἀγνοοῦσιτά
3103 5241 3211 5293 τῶν
3281 5241 3458 5311 ἔργων
3512 5240 3668 5306 τερά-

2109 5353 2281 5398 στεια,
2310 5335 2403 5388 καὶ
2437 5335 2530 5396 ὡς,
2555 5335 2663 5386 τῶν
2692 5333 2859 5386 πάλαι
2915 5333 3181 5402 βασιλέων
3229 5331 3669 5402 ἀκρωτηριαζόν-

2109 5447 2216 5482 των
2252 5424 2362 5480 οἷον
2393 5426 2611 5489 αὐτοὺς,
2649 5428 2711 5479 σὺ
2745 5426 2912 5494 μέσας
2938 5426 3120 5487 αὐτοῖς
3149 5425 3248 5487 τάς
3280 5425 3508 5493 καρδίας
3536 5423 3668 5475 ἐπά-

2107 5521 2292 5586 ταξας.
2339 5519 2740 5589 Ἐπειράθησάν
2786 5535 2877 5568 σου
2936 5516 3045 5569 τῶν
3116 5517 3400 5585 ἀηττήτων
3449 5513 3668 5581 χειρῶν.

2116 5609 2356 5678 Ἐμαθόν
2401 5626 2479 5666 σε,
2515 5610 2608 5659 καὶ
2636 5610 2690 5658 ἐν
2723 5606 2938 5674 βουλαῖς
2995 5606 3305 5674 θαυμαστὸν
3350 5605 3493 5670 ὑπὲρ
3525 5604 3669 5663 υἱοὺς

2112 5703 2434 5774 ἀνθρώπων,
2473 5701 2567 5753 καὶ
2596 5704 2650 5752 ἓν
2688 5698 2941 5766 πολέμοις
2976 5698 3235 5769 κραταιὶν
3261 5696 3353 5748 καὶ
3383 5695 3668 5764 ἀπρόσμα-

2110 5815 2202 5868 χον
2238 5813 2249 5825 '
2284 5794 2620 5865 πρηστήρων
2679 5793 2773 5855 τὰς
2832 5792 3031 5860 φρένας
3071 5806 3082 5818 ·
3134 5786 3527 5856 κεραυνοῦόλον
3576 5785 3667 5846 τὰς
