3908 6250
288 322 398 387 945

1200 332 1629 397 ALLOCUTIU
1665 338 1764 397 AD
1805 338 2232 403 MANUELEM
2272 344 2721 408 COMNENUM.

3427 358 3533 424 946

289 441 524 510 χεῖραςο
604 443 731 511 ὀξῦν
778 446 1168 517 βουλεύσασθαι
1200 467 1213 482 ο
1270 453 1437 521 ταχὺν
1499 453 1856 520 ἱππασασθαι,

1965 458 2120 512 talem
2159 460 2250 530 qui
2284 461 2534 518 cladibus
2578 478 2796 519 omnem
2826 481 3017 520 eorum
3071 470 3365 538 castigavit
3394 479 3538 529 inso-

288 532 429 584 ὅπλα
477 534 535 586 δὲ
566 536 828 606 ἄρασθαι,
883 534 996 592 οἷον
1029 542 1204 606 οὐδεὶς
1233 543 1624 615 ὐποστήσεται.
1651 547 1758 598 Καὶ
1786 543 1854 617 ἦν

1965 552 2206 605 Ientiam.
2232 552 2382 609 Talia
2417 557 2584 625 igitur
2617 558 2798 614 sciunt
2831 560 2911 613 illi
2959 569 3218 632 terraque
3262 565 3538 625 universa.

289 621 449 727 τοῦτο
469 625 624 727 τάξις
647 628 846 727 ἀρίστη
871 629 964 682 καὶ
992 631 1286 685 ἀκολουθία
1317 633 1554 702 φύσεως.
1587 637 1684 688 Ὃν
1749 638 1858 704 γὰρ
1893 637 2048 691 αὐτοὶ
2075 643 2303 712 ἀριστέα
2329 621 2469 698 εἶδον
2499 650 2556 702 ἐν
2583 651 2893 720 προοιμίοις
2917 621 3143 722 ἀνδρὸς,τ
3200 656 3290 707 ὅτε
3368 621 3534 727 μήπω

294 715 430 820 μηδὲ
457 717 619 820 χοάρις
656 719 819 791 χλόης
850 724 1088 792 φυσικῆς
1137 725 1504 784 ἀνατέλλουσα
1561 729 1731 792 ἤνθει,
1773 730 1867 781 καὶ
1903 729 1994 782 τὸν
2027 733 2121 786 τοῦ
2184 739 2481 806 προσώπου
2546 715 2786 812 λειμῶνα
2837 715 3183 817 περιέτρεχε,
3226 748 3340 802 οἴου
3368 715 3530 820 ’ἔμελ’
3569 799 3572 806 .

289 805 378 858 λον
407 807 602 862 τούτου
650 815 1042 882 πειράσασθαι,
1104 817 1192 870 ὅτε
1250 818 1381 880 Θεὸς
1459 819 1619 872 αὐτὸν
1676 820 1768 871 καὶ
1823 821 1903 882 είς
1978 823 2171 894 ἀνδρὸς
2219 805 2490 884 έντέλειαν
2538 805 2822 904 ἔστησενς

2880 833 2955 891 Ἦ
2997 841 3214 904 πάντως
3271 843 3414 895 τοιού
3422 861 3532 905 του.

286 904 397 957 οἴου
467 904 570 974 τὴν
638 909 862 992 ἐκείνων
945 911 1163 968 ἃπασαν
1242 916 1575 986 σωφρονίσαι
1668 917 1864 986 μανίαν
1906 919 2236 987 τραύμασιν.
2302 926 2487 979 Οἴδασι
2558 928 2750 996 μενοῦν
2806 931 3005 984 ἐκεῖνοι
3056 933 3249 1000 ταῦτα,
3322 936 3415 988 καὶ
3467 939 3533 1004 γῑ·

287 1000 339 1053 δὲ
371 1003 403 1071 ή
463 1000 748 1070 σύμπασα.

357 1091 435 1159 ς’.
468 1095 615 1162 Ἐγὼ
638 1094 692 1148 δὲ
731 1099 824 1150 καὶ
856 1098 922 1151 τὰ
945 1102 1042 1171 τῆς
1066 1102 1339 1173 Εὐρώπης
1385 1104 1567 1168 αὐτοῖς
1619 1106 1861 1173 ἀναϐοή-

290 1203 477 1254 σομαι,
503 1187 600 1256 οὐχ
621 1187 702 1240 ὃτι
737 1189 811 1258 μὴ
843 1191 938 1243 καὶ
983 1191 1162 1247 ταῦτα
1206 1194 1403 1249 οἴδασι.
1462 1196 1583 1258 Πῶς
1642 1198 1750 1266 γὰρ
1791 1192 1860 1267 ἦν

288 1277 379 1330 καὶ
412 1276 616 1343 λαθεῖν,
653 1277 782 1332 ἔνθα
810 1281 842 1350 ή
873 1283 1033 1352 φήμη
1065 1284 1173 1338 τῶν
1226 1287 1502 1357 τροπαίων
1541 1289 1621 1350 είς
1677 1290 1858 1342 πᾶσαν

286 1371 386 1438 γῆν
421 1370 773 1439 περιήχηται,
825 1373 919 1425 καὶ
961 1375 1043 1444 (τὸ
1102 1378 1459 1447 ὑμνούμενον)
1502 1373 1640 1442 ὧζεν
1687 1383 1719 1448 ὴ
1779 1385 1858 1435 ol-

285 1461 522 1530 κουμένη
545 1462 653 1515 τῶν
675 1465 730 1514 ἐν
755 1463 988 1538 Εὐρώπῃ
1015 1471 1289 1535 πολεμίων
1325 1472 1554 1541 νεκρῶν,
1612 1474 1706 1526 καὶ
1743 1473 1851 1526 τῶν

287 1551 638 1622 βαρϐαρικῶν
689 1555 914 1609 ἐκείνων
955 1563 1266 1630 πτωμάτων
1313 1564 1340 1615 6
1371 1564 1539 1626 τύπος
1589 1566 1848 1635 περιῆλθε

283 1643 406 1704 τοὺς
441 1645 754 1716 ἁπανταχοῦ
793 1648 918 1717 γῆς,
971 1654 1323 1722 περιηχηθέις
1354 1657 1433 1717 εὶς
1467 1657 1833 1722 ἐξάκουστονς

289 1735 354 1788 ⁸0
385 1737 448 1805 δή
497 1753 642 1802 τινος
670 1741 764 1794 ἐπὶ
797 1743 1022 1811 σεισμοῦ
1063 1744 1456 1812 ὲφαντάσαντο,
1492 1749 1849 1814 ὑπονοοῦντες

2038 1106 2091 1160 6.
2120 1106 2230 1176 Ego
2257 1124 2382 1163 vero
2421 1110 2474 1163 in
2502 1119 2612 1164 tota
2649 1112 2863 1182 Europa
2921 1117 3039 1185 ejus
3072 1129 3221 1185 gesta
3246 1123 3377 1192 ipsis
3416 1141 3530 1193 pro-

1966 1200 2250 1262 nuntiabo,
2278 1215 2384 1254 non
2433 1202 2590 1270 quasi
2634 1204 2725 1256 illa
2776 1207 3043 1262 nesciant.
3075 1209 3208 1265 Nam
3262 1218 3534 1282 quomodo

1967 1293 2070 1345 ista
2099 1308 2195 1347 eos
2227 1293 2459 1348 laterent
2483 1311 2606 1349 cum
2641 1295 2780 1348 l'aina
2819 1306 3145 1367 tropaeorum
3180 1319 3276 1373 per
3307 1322 3529 1363 omnem

1964 1393 2164 1438 terram
2191 1383 2384 1438 diﬂ‘nsa
2410 1387 2480 1438 sit
2512 1397 2565 1440 et
2597 1387 2816 1456 hymnis
2879 1394 3214 1446 resonaverit
3267 1396 3425 1451 tellus
3466 1414 3534 1452 ex

1958 1473 2208 1528 hostibus
2250 1474 2301 1526 in
2338 1473 2554 1541 Europa
2591 1478 2854 1540 mortuis,
2893 1486 2949 1532 et
3007 1480 3221 1536 illarum
3271 1483 3536 1541 Barbaro-

1954 1579 2072 1616 rnm
2115 1564 2350 1618 cladium
2381 1581 2568 1618 rumor
2624 1568 2879 1622 circuivit
2930 1568 3065 1627 lines
3120 1573 3429 1642 universos,
3480 1580 3535 1632 in

1953 1655 2194 1705 omnium
2228 1652 2450 1706 auribus
2503 1652 2813 1710 celebratus
2853 1655 2878 1708 Υ
2918 1655 3035 1711 Non
3091 1675 3250 1716 secus
3297 1677 3361 1716 ac
3412 1675 3538 1732 post

1953 1753 2114 1821 terra;
2183 1751 2412 1807 motum,
2465 1745 2570 1799 sibi
2647 1746 2914 1808 suspicati
2983 1750 3196 1821 lingunt
3264 1754 3534 1810 montium

283 1826 461 1896 λόφων
488 1828 760 1899 ὑψώματα
812 1834 1212 1904 κατενεχθέντα
1265 1837 1364 1907 τῆς
1426 1839 1688 1904 στάσεως,
1751 1841 1846 1894 καὶ

1953 1815 2184 1889 vertices
2227 1833 2295 1888 ab
2342 1834 2635 1891 altitudine
2677 1837 2947 1894 demissos
2979 1841 3034 1894 in
3061 1815 3293 1898 vterram
3336 1848 3531 1914 proxi-

284 1920 628 1990 κατάρξαντα
652 1923 929 1978 τινάσσειν
959 1926 1062 1995 μὲν
1125 1928 1224 1997 τὴν
1273 1930 1517 2000 προσεχῆ
1566 1933 1690 2002 γῆν,
1749 1951 1850 1989 κα-

280 2010 601 2065 τασαλεύειν
631 2013 688 2066 δὲ
733 2016 827 2068 καὶ
883 2016 984 2068 ὅσα
1029 2018 1284 2086 ἐχόμενα.
1351 2019 1508 2074 Οὕτω
1550 2023 1848 2089 κάνταῦθα,

281 2102 420 2173 πλὴν
448 2104 528 2166 είς
579 2102 861 2174 ἀλήθειαν,
919 2106 1149 2161 ἔπιπτεν
1180 2113 1599 2183 κατασειόμενον
1655 2115 1846 2186 Εὐρω·

283 2197 444 2248 παῑον
495 2196 728 2268 όφρυόεν
779 2198 991 2252 ὲθνικὺν
1027 2201 1407 2273 ἐπανάστημα,
1463 2207 1556 2258 καὶ
1609 2209 1636 2259 6
1685 2209 1846 2277 φόϐος

283 2288 363 2351 είς
405 2288 593 2343 Ἀσίαν
622 2289 882 2356 διέϐαινε,
915 2294 1007 2346 καὶ
1039 2294 1287 2346 κατέσειε
1317 2296 1377 2348 τὸ
1401 2296 1718 2366 ἀλλόφυλον,
1753 2300 1849 2352 καὶ

278 2379 338 2431 τὸ
393 2378 491 2432 τοῦ
533 2381 797 2451 βασιλέως
834 2383 920 2435 ἐπ’
973 2385 1289 2454 ἀμφοτέρας
1341 2386 1559 2456 βλέμμα
1607 2388 1708 2441 ὅσα
1753 2392 1846 2441 καὶ

279 2469 416 2523 Θεοῦ
448 2471 541 2524 καὶ
572 2471 777 2542 ταύτην
826 2475 1084 2544 κάκείνην
1131 2477 1358 2547 τρέμειν
1410 2478 1599 2532 ὲποίει.
1637 2479 1844 2534 Οὐκοῦν

277 2561 397 2615 οὐδὲ
428 2563 527 2628 τὰς
553 2563 820 2634 δυσμικάς
846 2565 1132 2634 ἀγνοοῦσιν
1190 2568 1576 2639 ἀριστουργίας
1623 2571 1674 2623 οἱ
1717 2572 1844 2639 περὶ

276 2650 378 2720 γῆν
406 2651 646 2722 ἐκείνην,
681 2653 747 2725 ἢν
799 2655 971 2725 ἐφορᾷ
1007 2655 1162 2726 ἥλιος
1199 2658 1528 2728 πρωτοφαὴς
1573 2661 1841 2714 ἀναπετά-

277 2758 378 2806 σας
402 2743 466 2796 τὸ
488 2743 780 2814 βλέφαρον.
833 2747 942 2800 Καὶ
969 2743 1038 2818 ἦν
1084 2748 1181 2818 μὲν
1211 2749 1270 2801 οὐ
1318 2749 1454 2819 πρὸς
1495 2751 1741 2820 ἀνάγκης
1772 2752 1841 2803 τά

271 2835 500 2890 τοιαῦτα
553 2839 667 2900 τοῖς
717 2838 1067 2908 μεμαθηκόσι
1126 2839 1342 2894 λαλεῖνδ
1412 2841 1512 2912 τὴν
1574 2842 1630 2895 δὲ
1703 2843 1840 2912 ἐμὴν

271 2928 595 2998 γλῶσσανή
645 2928 747 2998 τῆς
770 2929 1060 2999 βασιλικῆς
1111 2929 1383 3002 θερμότης
1439 2932 1676 2994 πίστεως
1710 2933 1838 3000 χαλ.

271 3022 419 3073 κεῖον
445 3020 716 3088 ἐχώνευσε
743 3020 903 3074 λάλον
939 3021 1033 3074 καὶ¹
1071 3022 1279 3092 σιωπᾷν
1341 3023 1441 3076 οὐκ
1498 3022 1658 3085 εἱδὸς,
1703 3023 1838 3076 ἀλλά

272 3113 508 3174 καὶτοῖς
536 3111 703 3164 εἰδόσι
759 3111 1153 3180 φθεγγόμενον,
1196 3113 1290 3165 καὶ
1332 3114 1393 3165 οὐ
1439 3113 1507 3165 δι’
1534 3112 1690 3182 ὄχλου
1748 3130 1835 3180 γι-

270 3203 520 3271 νόμενον.
552 3201 661 3253 Kal.
690 3201 773 3264 τίς
792 3201 902 3270 γὰρ
929 3202 1028 3254 οὐκ
1062 3200 1128 3255 ἂν
1148 3200 1237 3254 διά
1265 3199 1382 3270 βίου
1410 3201 1838 3256 ἀνακυκλείσοαι
1867 3195 1914 3257 C

269 3293 336 3346 τά
355 3293 586 3346 τοιαῦτα
616 3292 856 3362 βούλοιτο
883 3309 897 3357 ;

342 3385 411 3448 ζ’.
456 3386 861 3455 Ἀναϐοήσομαι
891 3388 1098 3438 Δτοίνυν
1129 3385 1198 3438 τά
1220 3402 1278 3437 τε
1314 3384 1450 3438 ἄλλα
1480 3386 1586 3439 τῶν
1627 3385 1838 3456 βασιλι-

268 3477 380 3531 κῶν
416 3475 763 3546 Εὐρωπαίων
791 3477 1226 3546 ἀριστευμάτων,
1257 3478 1358 3530 ὅσα
1401 3477 1459 3541 ἐξ
1515 3478 1839 3548 ἀμετρήτων

266 3568 564 3638 ἀποτεμὼν
585 3571 612 3622 6
642 3569 831 3636 καιρὸς
861 3569 953 3622 καὶ
978 3563 1089 3622 οἷον
1135 3569 1517 3638 ὑπαγορεύσας
1547 3569 1706 3621 δώσει
1748 3588 1838 3638 μοι

264 3661 663 3733 ἀφηγήσασθαι
692 3677 706 3690 ·
738 3660 826 3713 ναὶ
851 3659 958 3732 μὴν
991 3661 1086 3714 καὶ
1131 3663 1197 3713 τὰ
1237 3661 1345 3713 τῶν
1395 3661 1716 3729 Δαλματῶν,
1755 3663 1835 3714 ὅτι

261 3756 361 3823 τῆς
391 3756 739 3822 παλαιτάτης
786 3753 1084 3822 αὐτονόμου
1151 3752 1246 3805 καὶ
1296 3753 1447 3805 αὐτοὶ
1501 3752 1835 3822 θρασύτητος

261 3846 648 3916 ἐκλαθόμενοι,
705 3844 794 3897 τὸν
851 3843 1116 3911 δεσπότην
1176 3841 1441 3908 ἐπέγνων,
1509 3845 1600 3895 καὶ
1655 3842 1837 3894 οὐκέτι

261 3937 560 4007 ἐλεύθερον
586 3932 1131 4005 βλέπουσι.Μάλιστα
1154 3932 1252 4000 μὲν
1282 3931 1373 3984 οῦν
1399 3931 1679 4002 ἐλεύθερον
1709 3933 1839 3984 ἀνα·

258 4028 632 4082 πεταννύουσι
681 4026 969 4094 βλέφαρον,
1006 4023 1100 4077 καὶ
1134 4022 1241 4076 τῶν
1295 4023 1479 4090 φόϐων
1507 4022 1688 4086 αὐτοῖς
1747 4022 1808 4074 λυ

255 4119 464 4173 θέντων
506 4115 720 4189 (ίλαροῦ
754 4118 860 4186 γὰρ
917 4115 1178 4167 δεσπότου
1227 4113 1492 4183 βασιλέως
1542 4115 1836 4184 πεπείραν-

255 4210 398 4281 ται),
491 4208 839 4262 συνδέδενται
927 4207 1024 4275 μὲν
1113 4206 1364 4274 εὐλαϐείᾳ
1437 4207 1643 4272 δούλοις
1698 4225 1833 4278 πρε-

258 4304 443 4373 πούσῃ
475 4318 494 4334 ο
545 4299 792 4354 ἀνίενται
819 4297 875 4350 δὲ
913 4297 1108 4360 ἄλλως,
1133 4295 1226 4349 καὶ
1258 4297 1438 4366 ἔχουσι
1469 4297 1528 4350 τὸ
1562 4301 1620 4351 ὲν
1659 4299 1838 4367 Εὐαγ-

255 4394 465 4460 γελίοις
495 4392 561 4444 εὖ
585 4390 672 4443 διά
719 4389 780 4441 τὸ
814 4389 909 4457 τῆς
961 4387 1206 4449 δουλείας
1228 4387 1430 4455 ἀγαθὸν
1477 4388 1571 4440 καὶ
1621 4391 1832 4455 πιστὸν,

254 4487 485 4556 καὶτῆς
521 4482 858 4554 εὐχρηστίας
918 4478 1376 4548 ἀντιλαμϐάνουσι
1425 4480 1485 4532 τὸ
1531 4479 1833 4552 φιλάνθρω-

253 4599 355 4633 πον
364 4621 378 4637 ο

319 4680 392 4744 η’,
439 4669 853 4738 Ἀναϐοήσομαι
899 4665 1034 4734 πρὸς
1057 4663 1271 4725 τούτοις
1303 4664 1395 4718 καὶ
1419 4664 1490 4717 τὰ
1515 4664 1624 4718 τῶν
1675 4666 1838 4718 Παιὸο

250 4783 382 4828 νων,
433 4763 634 4824 ἔθνους
660 4760 849 4813 τούτου
913 4757 1190 4826 μεγίστου,
1235 4755 1330 4809 καὶ
1371 4755 1470 4825 τὴν
1505 4757 1671 4810 πάλαι
1733 4759 1837 4827 φή-

252 4877 362 4928 μην
387 4859 492 4912 καὶ
529 4855 662 4916 τοὺς
693 4851 956 4922 ἀρχαίους
987 4851 1144 4918 ὅρους
1179 4848 1636 4918 ὐπερελάσαντος.
1678 4849 1836 4903 Ἀνα-

247 4951 564 5020 κράξομαι,
608 4945 684 5007 ὡς
744 4945 950 5004 πάντας
1008 4943 1074 4995 ἂν
1115 4942 1313 5004 αὐτοὺς
1371 4934 1509 4993 εἷναί
1583 4957 1664 5004 τις
1708 4941 1833 5012 ἄρτι

248 5041 602 5111 στοχάσηται
639 5033 836 5104 μᾶλλον
867 5033 1010 5102 ἤπερ
1057 5032 1308 5100 τεχνίτας
1361 5029 1567 5095 τάξεως
1613 5031 1707 5084 καὶ
1742 5032 1836 5084 πό.

246 5133 416 5200 λεμον
451 5128 674 5186 εἰδότας
703 5124 792 5177 καὶ
821 5123 959 5176 ὅπλα
995 5121 1233 5191 μάχιμα.
1264 5120 1421 5175 Οὕτω
1456 5125 1547 5174 καὶ
1577 5123 1727 5176 αὐτοὶ
1755 5123 1832 5194 τῷ

256 5221 560 5291 Ῥωμαίων
597 5214 802 5285 βασιλεί
829 5213 1102 5282 ἀνταίρειν
1138 5212 1318 5265 ὅπλων
1377 5214 1652 5281 ἀπέμαδον
1674 5251 1689 5275 .
1741 5216 1832 5268 καὶ

243 5318 293 5368 cl.
337 5316 476 5384 πρὶν
512 5307 772 5364 ἀϐέϐαιοι
799 5308 910 5367 τοῖς
959 5304 1287 5374 βουλεύμασι
1333 5305 1426 5356 καὶ
1476 5301 1832 5369 ἀστατοῦντες

241 5409 343 5476 οὐχ
407 5401 608 5476 ἧττον,
663 5399 697 5469 ἢ
727 5399 754 5450 6
783 5395 1111 5465 παραρρέων
1150 5395 1345 5457 αὐτοὺς
1381 5395 1610 5466 Ἴστρος,
1661 5397 1718 5449 ὃν
1753 5398 1832 5460 εἰς

241 5497 571 5568 ἀσφάλειαν
605 5487 1025 5560 προεϐάλλοντο,
1053 5486 1148 5538 νῦν
1190 5487 1472 5554 πεπήγασι
1495 5489 1590 5540 καὶ
1625 5488 1702 5558 τῷ
1723 5490 1831 5542 δέει

245 5591 344 5660 μὲν
391 5580 700 5660 βασιλικῷ,
746 5578 882 5632 ἀλλὰ
919 5578 1014 5630 καὶ
1051 5579 1130 5639 είς
1185 5578 1314 5645 μίαν
1364 5578 1557 5650 βουλὴν
1592 5579 1831 5648 εὔφρονα

242 5681 547 5749 στάσιμον.
592 5674 654 5724 'll
683 5673 739 5726 δέ
783 5674 900 5724 ἐστι
935 5670 994 5722 τὸ
1049 5669 1246 5738 μηκέτι
1297 5668 1559 5733 κινδύνοις
1607 5671 1830 5733 ἑαυτοὺς

243 5768 663 5844 παραϐάλλειν,
691 5765 824 5818 ἀλλὰ
845 5763 917 5833 τῷ
941 5762 1149 5834 βασιλεῖ
1180 5763 1360 5813 πεσεῖν
1395 5762 1496 5814 ὑπὸ
1524 5763 1706 5828 πόδας,
1736 5765 1826 5817 καὶ

1954 1940 2096 1979 mam
2127 1928 2404 1981 exsultare
2463 1927 2738 1998 incepisse
2806 1939 2860 1984 et
2916 1931 3102 2001 aliquo
3163 1936 3327 1989 modo
3385 1938 3532 1992 essi-

1954 2017 2154 2084 luisse,
2184 2018 2279 2080 ita,
2322 2028 2519 2088 praeter
2552 2018 2698 2089 quod
2729 2029 2846 2075 erat
2883 2037 3065 2077 verum
3091 2064 3106 2089 ,
3151 2025 3348 2080 recidit
3401 2041 3535 2084 con-

1949 2125 2145 2166 cussns
2195 2112 2436 2165 omnium
2470 2112 2697 2182 Europae
2751 2114 3036 2184 gentilium
3069 2116 3286 2174 inﬂatus
3322 2127 3525 2178 tumor.

1947 2211 2003 2258 et
2054 2203 2216 2256 timor
2253 2218 2348 2272 per
2376 2203 2560 2258 Asiam
2595 2204 2914 2271 ambulavit,
2945 2216 3000 2262 et
3035 2208 3243 2265 alienas
3276 2225 3524 2265 commo-

1946 2293 2027 2347 vit
2095 2295 2386 2363 regiones,
2455 2303 2510 2349 et
2563 2297 2908 2364 imperatoris
2965 2299 3108 2353 sicut
3182 2298 3276 2354 Dei
3332 2302 3526 2357 oculus

1947 2384 2199 2454 utrinque
2229 2393 2472 2441 attentus
2505 2395 2614 2438 tam
2648 2387 2806 2440 istam
2833 2402 2995 2456 quam
3013 2387 3519 2446 illam-tremefecit.

1944 2479 2116 2549 Igitur
2150 2493 2249 2534 nec
2275 2479 2534 2548 praeclara
2566 2481 2620 2533 in
2649 2479 2930 2535 occidente
2969 2480 3217 2535 facinora
3253 2481 3515 2551 ignorant

1944 2571 2036 2640 qui
2061 2571 2204 2624 illam
2237 2570 2483 2624 habitant
2507 2579 2706 2624 terram
2738 2585 2900 2640 quam
2949 2573 3356 2640 conspicit-sol
3407 2574 3522 2641 pri-

1943 2675 2036 2715 mo
2095 2672 2239 2726 ortu,
2267 2661 2564 2716 sublevatis
2621 2661 2818 2716 oculis.
2871 2661 3014 2715 Nihil
3077 2662 3298 2731 quidem
3335 2679 3526 2721 neces-

1941 2751 2118 2807 sitatis
2162 2760 2278 2805 erat
2301 2752 2428 2805 talia
2453 2751 2816 2820 jam,edoctis
2860 2753 3229 2824 praecipiendi,
3273 2766 3519 2812 nostram

1941 2851 2122 2896 autem
2154 2843 2393 2911 linguam
2430 2842 2591 2910 regiae
2654 2843 2819 2897 ardor
2849 2843 3133 2899 ﬁdelitatis
3154 2860 3354 2900 aeream
3385 2863 3520 2902 con-

1938 2933 2089 2986 ﬂavit
2143 2933 2549 3002 loquacitatem,
2579 2941 2634 2988 et
2684 2933 2796 3002 jam
2857 2935 3023 2989 silere
3069 2938 3265 3000 nescit,
3320 2938 3419 2992 sed
3465 2949 3522 2994 et

1937 3026 2128 3080 doctos
2157 3025 2474 3095 alloquitur,
2506 3041 2606 3079 nec
2649 3041 2886 3094 unquam
2923 3027 3026 3082 sibi
3077 3028 3351 3083 satisfacit
3388 3030 3512 3098 ipsi.

1939 3118 2076 3183 Quis
2110 3118 2255 3172 enim
2295 3133 2389 3186 per
2418 3121 2582 3171 vitam
2617 3129 2762 3173 tanta
2785 3134 2971 3175 secum
3007 3121 3286 3176 revolvere
3313 3122 3515 3176 nollet?

2015 3387 2070 3443 7.
2107 3388 2423 3443 Ρτωόίεσὺο
2454 3397 2634 3444 tamen
2679 3396 2873 3443 caetera
2915 3387 3261 3456 imperatoris
3309 3389 3361 3441 in
3411 3387 3514 3442 En-

1941 3494 2074 3549 ropa
2109 3487 2258 3549 gesta
2305 3479 2562 3545 illustria,
2609 3495 2731 3548 quae
2791 3495 2856 3535 ex
2916 3479 3220 3534 innumeris
3254 3495 3512 3550 promens

1940 3579 2152 3640 tempus
2169 3571 2316 3626 velut
2353 3571 2624 3640 inspirata
2670 3571 2801 3625 mihi
2835 3570 2987 3625 dabit
3036 3571 3354 3636 enuntiare;
3381 3589 3513 3628 sane

1938 3661 2246 3730 praedicabo
2265 3662 2430 3715 etiam
2459 3661 2578 3730 ejus
2602 3671 2794 3717 contra
2818 3662 3094 3717 Dalmatas
3125 3663 3389 3730 facinora,
3417 3665 3512 3733 qui

1937 3753 2327 3824 antiquissima:
2346 3753 2611 3808 libertatis
2628 3767 2837 3808 necnon
2861 3754 3158 3810 lerocitatis
3172 3755 3323 3810 obliti
3341 3755 3516 3810 domi-

1939 3862 2064 3901 num
2111 3855 2520 3917 cognoverunt,
2558 3861 2660 3901 nec
2684 3846 2796 3916 jam
2847 3847 3154 3902 libertatem
3212 3848 3509 3916 aspiciunt.

1936 3937 2189 3991 Attamen
2232 3938 2434 3993 liberos
2477 3937 2730 4006 aperiunt
2759 3938 2980 4003 oculos,
3014 3946 3070 3992 et
3097 3938 3290 3992 solutis
3320 3954 3510 3993 eorum

1936 4028 2286 4084 cautionibus
2307 4030 2556 4100 (hilarem
2599 4030 2743 4082 enim
2759 4034 2766 4042 '
2784 4029 3068 4083 dominutn
3120 4030 3511 4097 imperatorem

1936 4124 2144 4192 experti
2191 4123 2339 4191 sunt)
2393 4121 2482 4175 illa
2520 4120 2834 4175 vinciuntur
2886 4121 3087 4189 pietate
3142 4134 3264 4188 quae
3322 4135 3511 4175 servos

1938 4219 2112 4280 decet,
2165 4230 2324 4269 secus
2369 4229 2495 4268 vero
2542 4224 2672 4268 sunt
2713 4212 2889 4274 liberi,
2933 4221 2987 4267 et
3042 4212 3242 4266 habent
3303 4225 3512 4266 meree«

1935 4308 2057 4363 dem
2090 4308 2144 4360 in
2181 4305 2472 4374 Evangelio
2504 4305 2644 4358 bono
2666 4303 2919 4373 ﬁdelique
2955 4318 3119 4357 εει-νο
3158 4305 3510 4373 promissam,

1937 4405 1991 4452 et
2021 4411 2122 4466 pro
2152 4395 2342 4450 olliciis
2376 4395 2755 4464 benignitatem
2790 4393 3097 4463 accipiunt.

2009 4670 2063 4724 8.
2100 4667 2331 4736 Insuper
2365 4664 2676 4734 praedicabo
2701 4662 3067 4730 triumphatos
3094 4660 3338 4726 Paeones,
3373 4677 3508 4732 gen-

1941 4771 2043 4816 lcm
2075 4760 2364 4814 tnaxiu’tam
2404 4767 2457 4810 et
2490 4756 2712 4823 antiqua
2736 4754 2879 4807 fama
2917 4755 3138 4808 ultimos
3172 4753 3307 4808 lines
3363 4769 3507 4823 prte-

1938 4861 2292 4923 tergressam.
2317 4847 2434 4904 Non
2468 4857 2648 4903 autem
2690 4863 2786 4902 eos
2818 4848 3069 4902 similiter
3126 4847 3305 4901 dicam
3364 4862 3510 4900 nunc

1935 4960 2058 5001 esse
2078 4944 2285 4998 ordinis
2311 4941 2534 5010 Opiﬁces
2568 4941 2917 5008 scientesque
2973 4939 3176 4995 bellum
3233 4949 3287 4992 et
3353 4951 3506 4989 arma

1936 5036 2313 5092 certaminum.
2344 5031 2421 5086 Ita
2452 5032 2825 5087 Romanorum
2873 5031 3108 5119 prinqipi
3161 5027 3326 5081 armis
3367 5026 3508 5080 resi-

1935 5137 2080 5185 stere
2110 5127 2510 5190 dedidicerunt,
2553 5133 2607 5179 et
2657 5123 2754 5194 qui
2810 5124 2960 5192 prius
3015 5117 3261 5175 consiliis
3314 5117 3505 5172 incerti

1935 5236 2038 5276 nec
2097 5218 2270 5289 magis
2321 5217 2549 5272 stabiles
2620 5215 2834 5269 fuerant.
2895 5226 3059 5280 quam
3115 5204 3504 5262 circumﬂuens

1934 5310 2070 5365 Ister
2100 5325 2258 5379 quem
2286 5317 2344 5360 ut
2383 5307 2582 5360 vallum
2613 5305 2678 5358 ad
2702 5301 3049 5358 securitatem
3081 5295 3506 5366 praemittebant,

1933 5419 2078 5458 nunc
2111 5412 2256 5456 stant
2284 5398 2632 5469 imperatoris
2685 5400 2827 5447 metu
2891 5390 3088 5444 conﬁxi
3111 5427 3126 5451 ,
3157 5395 3213 5442 et
3245 5386 3300 5441 in
3339 5403 3502 5441 unam

1941 5496 2260 5565 prudentem
2293 5490 2648 5554 stabilemque
2675 5483 3010 5536 voluntatem
3038 5494 3160 5549 quas
3205 5478 3361 5547 jubet
3391 5496 3500 5533 nun

1933 5595 1991 5639 ut
2011 5601 2130 5640 sese
2153 5581 2409 5652 periculis
2439 5575 2725 5643 objieiant,
2749 5571 2839 5626 sed
2861 5571 2929 5624 ad
2963 5569 3304 5639 imperatoris
3333 5571 3499 5637 pedes

1931 5676 2240 5746 procidant,
2296 5679 2350 5723 et
2409 5676 2531 5734 post
2569 5661 2920 5732 temporalem
2961 5661 3330 5716 confusionem
3379 5677 3502 5716 rur-

1933 5777 2026 5818 sus
2051 5763 2349 5831 erigantur,
2380 5767 2434 5811 et
2487 5754 2716 5824 propria:
2741 5761 2899 5810 terra:
2932 5755 3073 5809 bona
3099 5749 3281 5807 edant.
3306 5751 3499 5810 Adhuc
