3908 6250
414 293 518 356 947
1154 288 1578 349 EUSTATHII
1616 284 2000 347 THESSALG

2113 285 2376 346 CENSIS
2412 280 2824 342 METROPOL
2834 279 2979 339 [TE
3544 284 3650 346 948

412 408 516 478 ipsi
548 405 729 461 clavas
767 404 914 458 ferro
953 403 1189 475 lulgidas
1221 405 1274 457 in
1310 404 1485 473 capite
1542 414 1755 458 erectas
1806 402 1991 455 vident

2113 403 2230 467 τέως
2256 400 2354 470 μὲν
2382 401 2463 463 εἰς
2495 398 2835 468 δυσώπησιν,
2870 391 2993 449 εἶτα
3008 395 3102 449 καὶ
3128 396 3452 469 ἀναστῆναι,
3481 400 3573 450 καὶ
3602 402 3667 453 τά

412 494 613 567 singuli
647 510 741 566 per
771 509 908 564 quas
940 494 1163 547 luerunt
1205 491 1452 555 contriti,
1513 490 1694 544 adhuc
1764 505 1828 543 ex
1881 487 1988 542 illis

2113 495 2190 564 ςῆς
2225 493 2429 557 οἰκείας
2455 495 2556 564 γῆς
2592 493 2786 561 φαγεῖν
2814 490 3017 559 ἀγαθά.
3055 490 3180 542 "Est
3206 490 3307 554 τάς
3353 490 3669 560 σιδηροκρο-

412 588 635 642 vulnera
683 584 819 655 ipsis
860 586 1127 654 impressa
1159 592 1403 638 manent.
1441 581 1845 638 ldeotcrribilis
1878 581 1987 635 illis

2113 585 2295 652 κήτους
2315 583 2471 637 αὐτοὶ
2503 582 2738 654 κορύνας
2770 581 3073 652 αἰρομένοις
3100 580 3333 641 gnato;
3384 581 3669 650 προορῶν-

410 683 565 736 clava
603 677 717 733 solo
742 678 901 731 etiam
940 684 1181 744 aspectu,
1230 675 1349 729 solo
1408 677 1570 729 etiam
1630 674 1871 729 nomine.
1924 673 1994 727 Et.

2113 694 2187 729 ται
2227 678 2367 731 κατὰ
2400 676 2667 747 κεφαλῆς,
2695 675 2763 729 δι’
2783 670 2857 730 ὧν
2910 675 3330 745 συνετρίϐησαν·
3363 674 3446 726 ἔτι
3497 678 3566 727 τὰ
3612 676 3672 740 ἐξ

413 780 523 840 (res
559 769 712 822 valde
742 766 938 836 mira!)
973 767 1205 820 aliorum
1248 767 1463 837 quidem
1499 782 1771 820 armorum
1816 765 1990 837 visum

2113 772 2325 822 ἱκείνων
2352 772 2742 841 συντρίμματα
2772 768 2985 833 τούτοις
3017 767 3409 837 ἐγγέγλυπται.
3466 768 3560 819 Διδ
3584 769 3673 820 καὶ

412 860 996 929 sustinentcsipsaque
1035 858 1310 914 intuentes
1363 861 1414 912 in
1460 859 1577 911 loco
1623 867 1849 912 manent
1897 872 1997 911 nec

2113 858 2473 929 ὶποτρόπαιον
2496 860 2678 922 αὐτοῖς
2706 859 2738 928 ή
2769 858 2974 929 κορύνη
3002 860 3169 927 μέχρι
3199 858 3292 910 καὶ
3332 856 3481 921 θέας,
3516 857 3673 926 μέχρι

413 951 544 1022 quid
572 952 856 1006 insolitum
887 967 950 1003 ex
983 962 1203 1021 aSpectu
1252 953 1569 1021 patiuntur;
1632 950 1841 1004 clavam
1900 967 1996 1005 au-

2113 951 2197 1001 m‘t
2232 949 2399 1002 αὐτοῦ
2433 949 2721 1019 ὀνόματος.
2760 949 2862 1003 Καὶ
2904 948 2985 1019 (τὸ
3006 948 3312 1020 τεράστιον)
3340 948 3525 1001 ὃπλων
3581 948 3673 1017 μὲν

414 1053 520 1099 tem
543 1043 939 1111 c0n5pirienles
957 1044 1403 1097 contremiscunt.
1427 1042 1491 1096 Et
1511 1044 1555 1095 si
1575 1044 1697 1111 quis
1720 1038 1994 1097 Romanus

2113 1041 2307 1112 ἑτέρων
2333 1041 2456 1109 όψιν
2494 1042 2782 1112 ἀνέχοντες
2810 1045 2907 1097 καὶ
2930 1040 3166 1113 ὁρῶντες
3210 1041 3375 1105 αὐτὰ,
3433 1042 3529 1095 ἐπὶ
3571 1046 3674 1111 χω-

413 1137 498 1191 vir
516 1138 895 1207 peregrinetur
912 1136 1053 1207 apud
1081 1135 1304 1191 Paeones
1336 1150 1522 1191 ensem
1560 1136 1778 1203 quidem
1809 1134 1991 1189 ferens

2113 1148 2205 1203 ρας
2234 1132 2480 1199 μένουσι,
2538 1134 2634 1184 καὶ
2684 1132 2837 1187 οὐδέν
2884 1150 2937 1186 τι
2993 1132 3131 1203 πρὸς
3182 1131 3311 1186 θέαν
3365 1132 3675 1202 καινότερον

415 1229 605 1284 amicis
648 1230 989 1284 clamoribus
1015 1229 1309 1299 excipitur,
1336 1239 1386 1282 et
1412 1228 1589 1297 gladio
1616 1228 1894 1282 accinctus
1921 1230 2000 1282 vi-

2113 1225 2398 1294 πάσχουσι·
2426 1223 2663 1294 κορύνην
2689 1225 2749 1278 δὲ
2777 1225 2871 1279 καὶ
2900 1224 3101 1287 ἰδόντες
3150 1223 3672 1295 ἀποτροπιάζονται.

414 1322 578 1374 detur
598 1320 894 1390 gratiosus,
913 1330 966 1375 et
995 1320 1202 1376 invenit
1221 1320 1548 1390 hospitium;
1574 1321 1845 1373 neminem
1870 1333 2000 1374 vero

2113 1319 2223 1372 Κάν
2262 1335 2345 1381 τις
2383 1316 2693 1387 Ῥωμαϊκὸς
2733 1318 2873 1388 ἀνὴρ
2917 1319 3237 1390 ὲπιδημήσῃ
3298 1320 3412 1382 τοῖς
3467 1318 3675 1381 Παίοσι,

417 1411 507 1463 ille
538 1420 728 1476 terret,
760 1411 803 1467 si
834 1412 1077 1466 lanceam
1140 1421 1338 1483 portet,
1373 1412 1464 1464 sed
1513 1412 1566 1464 in
1632 1410 1823 1467 laniem
1877 1427 2000 1480 pro-

2113 1414 2259 1478 ξίφος
2285 1414 2385 1481 μὲν
2418 1411 2601 1481 φέρων
2628 1412 3062 1481 προσφωνείται,
3087 1410 3179 1463 καὶ¹
3206 1409 3483 1480 μάχαιραν
3512 1410 3676 1478 ἠρτη-

416 1502 664 1570 spicitur.
696 1500 751 1556 Si
786 1511 969 1559 autem
1022 1504 1235 1557 clavam
1278 1503 1521 1572 proferat
1575 1503 2000 1570 ferrojnstruc-

2113 1507 2273 1575 μένος
2305 1505 2588 1569 ἀσπαστὸς
2639 1505 2809 1570 δοκεῖ,
2845 1504 2943 1557 καὶ
2990 1502 3255 1557 καταλύει
3315 1502 3672 1571 ξενιζόμενον

420 1607 553 1661 tam,
603 1594 687 1649 vel
743 1596 983 1653 hominis
1033 1597 1253 1651 solertia
1305 1598 1360 1652 in
1414 1612 1737 1653 mucronum
1778 1598 2000 1653 aculeos

2113 1598 2206 1651 οὐκ
2227 1599 2521 1669 ἐκπλήττει
2543 1598 2600 1652 δέ
2629 1616 2752 1652 τινα
2783 1598 2902 1653 οὐδὲ
2922 1598 3053 1668 δῦρυ
3080 1598 3262 1666 φέρων
3284 1598 3521 1657 ἐκεῖνος.
3550 1595 3677 1647 άλλά

420 1684 820 1746 ςινύεεεθιιιειιι.
875 1684 1028 1740 illum
1096 1686 1327 1741 horrent
1372 1685 1706 1755 clavigerum
1768 1686 1994 1742 Paeones

2113 1690 2518 1761 προσδλέπεται
2547 1691 2627 1752 εἰς
2650 1687 2835 1762 ὀρθόν.
2869 1690 2933 1742 Εί
2959 1688 3016 1743 δὲ
3045 1686 3280 1758 κορύνην
3304 1684 3676 1757 προϐαλείται,

421 1793 522 1832 nec
551 1776 606 1832 in
635 1777 906 1847 hospitem
943 1778 1260 1848 excipiunt;
1292 1789 1346 1834 et
1381 1780 1554 1834 torvis
1602 1787 1838 1834 cernunt
1860 1794 1994 1834 ocu-

2113 1745 2170 1850 ἢὸ
2208 1780 2430 1851 σίδηρος
2464 1779 2565 1851 μὲν
2598 1745 2962 1851 ἐχορήγησεν,
2994 1745 3189 1850 ἀνδρὸς
3236 1745 3307 1831 ’δὲ
3331 1745 3579 1848 δεξιότης
3604 1745 3678 1839 εἰς

416 1869 512 1935 iis,
544 1879 598 1926 et
641 1871 806 1926 telum
853 1870 1175 1942 respiciunt,
1211 1880 1265 1926 et
1295 1873 1620 1941 semetipsos
1663 1881 1913 1928 avertunt
1940 1872 1995 1928 in

2113 1872 2370 1946 τριϐόλων
2412 1872 2685 1941 ὀξύτητας
2755 1872 3160 1942 ὲξηκάνθωσεν,
3216 1869 3680 1943 ἐκτρέπονταιτὸν

417 1962 738 2019 memoriam
780 1971 1102 2018 revocantes
1137 1963 1397 2033 quoniam
1430 1964 1575 2020 sicut
1634 1964 1808 2035 spina
1854 1980 1997 2020 non—

2113 1965 2478 2037 κορυνηφόρον
2528 1966 2737 2018 ἐκεῖνον
2771 1966 2823 2018 οἱ
2876 1965 3129 2028 Παίονες,
3193 1962 3290 2017 καὶ
3343 1962 3447 2033 τὴν
3505 1961 3679 2026 ξενίαν
3722 1964 3733 1968 ’

417 2055 578 2112 nulla:
631 2065 981 2111 transeuntes
1032 2064 1242 2123 terunt,
1292 2055 1364 2109 ita
1402 2056 1474 2111 illi
1505 2056 1670 2124 .clava
1724 2056 1995 2126 percussi,

2113 2056 2434 2124 ἀπείπαντο,
2487 2058 2583 2111 καὶ
2605 2056 2731 2120 τούς
2769 2072 2830 2108 τε
2886 2054 3205 2126 ὀφθαλμοὺς
3252 2053 3552 2121 ἑλόξωσαν,
3593 2051 3681 2104 καὶ

419 2147 677 2216 prostrati
710 2148 958 2212 fuerunt,
994 2148 1216 2217 quando
1268 2148 1370 2203 etsi
1431 2148 1614 2205 omnis
1648 2150 1873 2218 generis
1918 2164 2003 2205 ar-

420 2237 523 2292 mis
554 2246 668 2293 toto
692 2248 879 2294 essent
905 2254 1136 2311 corpore
1167 2241 1392 2304 obtecti,
1420 2256 1516 2297 seu
1566 2252 1625 2296 ut
1664 2244 1733 2297 ita
1813 2244 1997 2299 dicam

422 2330 519 2382 viri
562 2327 745 2396 ferrei,
800 2330 970 2385 armis
1016 2330 1108 2398 qui
1135 2333 1235 2386 Seni
1298 2332 1571 2388 vulnerari
1628 2342 1679 2387 et
1755 2333 1997 2389 sauciari

418 2440 529 2479 non
564 2432 838 2495 poterant,
871 2425 980 2481 illis
1011 2435 1192 2487 autem
1229 2426 1466 2482 l‘uStibus
1514 2429 1764 2498 percussi
1795 2429 2003 2485 cecide-

420 2526 570 2579 runt,
600 2522 655 2573 et
684 2515 751 2570 ad
774 2516 950 2571 instar
983 2518 1207 2572 conchae
1233 2518 1564 2573 contritione
1594 2517 1824 2573 fuerunt
1861 2534 1995 2575 con-

421 2613 554 2675 triti,
593 2613 964 2683 quandogrex
995 2612 1084 2666 ille
1130 2626 1239 2666 non
1281 2612 1482 2672 tonus.
1533 2612 1742 2668 diceret
1776 2613 1996 2683 aliquis,

422 2718 453 2755 a
485 2714 578 2758 tua
608 2711 883 2772 potestate
906 2714 1164 2774 tanquam
1190 2701 1412 2758 Davidis
1466 2714 1648 2759 rectus
1681 2702 1783 2758 fuit
1845 2705 2001 2775 virga

426 2793 627 2850 ferrea.

2107 2153 2168 2207 τὸ
2195 2152 2364 2206 ὅπλον
2393 2153 2744 2221 ἀπέπτυραν.
2772 2152 2871 2204 καὶ
2902 2150 3131 2211 ἑαυτοὺς
3151 2147 3533 2219 ἀπέστρεψαν,
3554 2146 3682 2216 μνή-

2111 2262 2221 2315 μην
2242 2242 2523 2307 λαϐόντες,
2544 2244 2695 2306 ὅπως
2720 2240 2882 2296 ὁποῖά
2905 2258 3051 2304 τινες
3073 2238 3305 2294 ἄκανθαι
3332 2238 3461 2301 τοὺς
3479 2236 3684 2291 ὁδοιπό-

2109 2352 2237 2406 ρους
2267 2333 2550 2388 θλίὸουσαι
2579 2332 2840 2402 τοιαύτην
2898 2330 3280 2400 ραὁδιζόμενοι
3340 2327 3681 2398 κατεστρών·

2108 2445 2286 2493 νυντο,
2320 2428 2410 2479 ὅτε
2445 2426 2825 2497 κατάφρακτοι
2859 2424 3011 2487 ὄντες
3033 2423 3127 2477 καὶ
3153 2417 3267 2475 οἷον
3313 2419 3684 2491 ἐγκατῳκοδο-

2112 2522 2352 2592 μημένοι
2387 2523 2508 2583 ταῖς
2543 2518 2892 2583 πανοπλίαις,
2927 2518 3021 2571 καὶ
3045 2518 3121 2580 ὡς
3161 2519 3341 2571 εἰπεῖν
3366 2514 3564 2585 ἄιδρες
3607 2532 3683 2568 σι’

2114 2614 2328 2683 δήρεοι,
2351 2614 2537 2677 ὅπλοις
2569 2614 2671 2683 μὲν
2700 2606 2841 2683 ἦσαν
2891 2610 3120 2682 ἀδλητοί
3168 2627 3230 2663 τι
3273 2610 3371 2663 καὶ
3428 2610 3680 2678 ἄτρωτοι,

2115 2708 2335 2778 ῥάϐδοις
2363 2706 2422 2760 δὲ
2452 2707 2687 2768 ἐκείνοις
2712 2704 3110 2775 θρασυνόμενοι
3156 2702 3411 2767 ἔπιπτον,
3466 2702 3567 2755 καὶ
3611 2700 3684 2761 εἰς

2117 2799 2413 2870 συντριϐὴν
2446 2799 2719 2868 ὀστράκου
2749 2796 2909 2866 δίκην
2941 2792 3388 2859 ὲξελεπτύνοντο·
3414 2791 3584 2863 ἡνίκα
3628 2792 3683 2843 τὺ

424 2887 527 2942 οὐκ
560 2887 765 2957 ἀγαθὸν
797 2888 978 2941 δκεῑνο
1018 2886 1267 2956 ποίμνιον
1314 2882 1470 2940 εἶπεν
1529 2888 1595 2943 ἀν
1625 2906 1705 2952 τις
1744 2887 1850 2941 ὑπὸ
1901 2888 1996 2942 τοῦ
2038 2890 2131 2945 σοῦ
2176 2891 2562 2963 κράτους,τοῦ
2605 2892 2795 2959 Δαὸὶδ,
2856 2890 3084 2962 σιδήρεα
3135 2889 3319 2960 ῥάϐδῳ
3404 2888 3686 2957 ποιμαίνε-

428 2981 575 3036 σθαι.

408 3094 439 3111 κ
495 3071 552 3127 9.
578 3069 880 3145 Haecigitur
902 3071 1189 3128 clamitare
1203 3086 1484 3141 nunquam
1514 3072 1783 3129 desinam.
1807 3073 2000 3146 Propo-

2186 3076 2250 3129 0.
2282 3074 2470 3127 Ταῦτά
2494 3090 2553 3126 τε
2601 3067 2694 3125 οὖν
2736 3072 2838 3125 οὐκ
2888 3071 3077 3141 ἀνήσω
3133 3068 3293 3139 βοῶν.
3351 3068 3685 3139 Ἐκθήσομαι

427 3178 553 3218 nam
584 3161 653 3217 ad
691 3161 991 3232 longiorem
1013 3162 1481 3217 enumerationem
1513 3171 1718 3232 quanta
1747 3179 2009 3234 spumosa

428 3253 595 3308 Adria
633 3266 857 3323 anceps,
891 3259 1122 3321 utraque
1153 3251 1341 3308 vivens
1376 3251 1506 3308 sede
1568 3268 1821 3322 serpens,
1875 3271 2009 3311 rana

426 3346 641 3410 limosa,
659 3351 867 3413 quanta
902 3341 1213 3413 praesertim
1250 3342 1342 3414 (ne
1359 3358 1426 3398 ex
1464 3341 1784 3400 infortuniis
1812 3345 2005 3401 videar

425 3438 742 3492 nominasse
804 3434 1013 3505 viros),
1051 3444 1255 3504 quanta
1310 3434 1612 3490 Adriadnnt
1667 3451 1802 3505 gens
1859 3437 2009 3507 pira-

425 3527 569 3594 tica,
619 3542 755 3597 gens
826 3525 1197 3591 fraudulenta,
1257 3540 1394 3596 gens
1479 3526 1742 3583 malevola
1801 3529 2008 3585 machi-

425 3628 553 3672 nata
582 3628 669 3674 est
699 3618 1108 3687 quidem,inani
1146 3626 1327 3674 autem
1361 3629 1561 3674 conatu
1590 3621 1931 3690 permansit;
1954 3630 2009 3676 et

427 3724 486 3764 se
513 3708 736 3779 quidem
766 3708 921 3765 valde
943 3710 1191 3780 agitavit,
1224 3711 1488 3780 perlicere
1533 3720 1713 3766 autem
1742 3713 1880 3767 nihil
1912 3728 2009 3783 po-

427 3802 553 3875 tpit,
569 3803 667 3859 sed
692 3802 973 3858 incassum
995 3802 1263 3858 laboravit
1284 3819 1299 3869 ;
1321 3804 1507 3859 molita
1528 3805 1747 3873 quidem
1772 3806 2008 3877 plurima

428 3893 552 3960 luit,
580 3894 685 3958 sed
719 3908 830 3949 non
854 3902 1063 3949 tantum
1096 3894 1163 3950 ad
1199 3894 1359 3950 tinem
1397 3911 1505 3950 non
1527 3897 1794 3965 pervenit,
1816 3913 2008 3953 verum

424 3989 588 4040 etiam
617 3995 812 4042 contra
839 4000 900 4042 se
923 4000 1220 4043 conversas
1245 3986 1381 4042 vidit
1404 4002 1535 4044 suas
1561 3989 2009 4046 machinationes

425 4093 564 4148 quas
578 4093 769 4135 ornnes
798 4093 865 4150 ex
898 4079 1046 4135 omni
1090 4089 1253 4150 parte
1280 4081 1467 4137 Ancon
1500 4082 1554 4137 in
1576 4081 1730 4152 ipsos
1757 4083 1940 4138 vertit.

495 4173 585 4227 10.
619 4157 751 4239 Quae
775 4172 900 4229 licet
916 4172 1028 4243 jam
1057 4173 1385 4243 quandoque
1412 4174 1764 4232 celebrantes
1814 4177 2008 4247 expla-

427 4265 698 4331 navimus,
727 4263 878 4319 illum
914 4274 1097 4320 tamen
1157 4276 1333 4320 cetum
1393 4280 1652 4336 magnum
1690 4279 1871 4324 tacere
1914 4284 2008 4323 ne-

426 4371 589 4426 queo,
616 4355 921 4427 Typhoeum
979 4370 1205 4419 novum,
1238 4357 1517 4425 quomodo
1575 4356 1789 4426 jamdiu
1842 4358 2008 4414 vellet

2112 3164 2170 3220 δὲ
2199 3166 2335 3235 πρὸς
2366 3164 2627 3227 πλατεῖαν
2651 3163 2932 3233 ἀφήγησιν
2953 3161 3047 3215 καὶ
3070 3161 3171 3213 ὅσα
3202 3161 3233 3228 ἡ
3268 3158 3530 3229 Ἀδριανὴ
3549 3174 3683 3229 πομ-

2113 3254 2302 3324 φόλυξ,
2335 3256 2363 3308 ό
2420 3253 2720 3324 χέρσυδρος
2754 3253 2899 3323 ὄφις,
2947 3254 2974 3306 ό
3013 3251 3349 3322 τελματίτης
3396 3249 3681 3321 βάτραχος,

2115 3350 2352 3419 μάλιστα
2393 3348 2493 3417 μὲν
2552 3343 2648 3400 οὖν
2697 3345 2808 3417 (ἵνα
2865 3343 2939 3416 μὴ
2982 3347 3047 3397 ἐκ
3090 3344 3199 3396 τῶν
3250 3344 3685 3412 δυστυχημάτων

2115 3439 2512 3507 προσονομάσω
2548 3439 2673 3499 τοὺς
2700 3434 2944 3505 ἄνδρας),
2978 3436 3079 3487 ὅσα
3117 3433 3179 3486 τὸ
3225 3433 3551 3503 πειρατικὸν
3600 3430 3684 3483 ἑθ-

2115 3548 2200 3593 νος
2223 3531 2283 3584 τδ
2308 3530 2365 3597 ἐξ
2400 3528 2773 3598 ’Δδριάδος,τδ
2799 3526 3053 3590 ὕπουλον,
3073 3527 3133 3580 τὸ
3158 3524 3519 3587 κακόῦουλον,
3538 3522 3684 3576 ὲϐου-

2112 3621 2342 3674 λεύσατο
2371 3621 2491 3691 μὲν,
2521 3619 2707 3689 ἔμεινε
2753 3619 2811 3673 δὲ
2829 3619 2908 3681 είς
2930 3617 3212 3687 ἄπρακτον
3240 3633 3255 3648 ο
3291 3620 3385 3669 καὶ
3424 3613 3683 3681 ἐνεκυμόο

2112 3730 2243 3784 νησε
2278 3714 2400 3783 μὲν,
2434 3714 2534 3766 οὐκ
2558 3712 2955 3782 ἑτελεσφόρησε
2980 3710 3060 3774 δὲ,
3094 3710 3206 3763 ἀλλ’
3236 3712 3316 3773 εἰς
3342 3709 3501 3763 κενὸν
3518 3708 3681 3761 ὦδινς

2112 3807 2209 3859 καὶ
2238 3804 2625 3875 ἐμηχανήσατο
2649 3802 2768 3872 μὲν,
2793 3804 2855 3854 οὐ
2890 3801 3051 3872 μόνον
3079 3800 3137 3854 δὲ
3179 3801 3261 3863 είς
3304 3800 3461 3863 τέλος
3516 3797 3682 3862 ἔξεστι

2112 3896 2269 3962 6ασε,
2309 3896 2449 3950 ἀλλά
2474 3896 2566 3949 καὶ
2603 3893 3182 3964 ὲπικαταστραφείσας
3198 3891 3351 3961 αὐτῷ
3384 3893 3487 3954 τὰς
3519 3908 3683 3962 μηχα-

2112 3989 2208 4052 νὰς
2228 3988 2512 4052 ἐθεάσατο,
2552 3987 2653 4052 τάς
2683 4004 2743 4040 τε
2774 3986 3010 4057 ἀλλαχοῦ
3039 3985 3335 4056 πολλαχοῦ,
3385 3987 3483 4040 καὶ
3508 3985 3631 4045 ὅσας
3655 3982 3681 4033 ὁ

2113 4079 2327 4150 Ἀγκὼν
2351 4081 2534 4144 αὐτοῖς
2563 4079 2981 4150 ἀντανέστρεψε.

2184 4182 2235 4228 ι’.
2265 4175 2455 4228 Ταῦτα
2472 4174 2561 4245 δὴ,
2588 4173 2625 4227 ἀ
2654 4175 2747 4226 καὶ
2774 4172 2894 4225 τότε
2926 4171 3409 4241 πανηγυρίσαντες
3469 4172 3679 4242 inpost-

2113 4284 2310 4338 σαμεν,
2342 4267 2442 4320 οὐκ
2470 4265 2559 4331 ἂν,
2589 4265 2710 4318 οὐδὲ
2737 4264 2798 4319 τὸ
2828 4262 2926 4317 τοῦ
2952 4264 3193 4334 μεγάλου
3225 4265 3431 4333 κήτους
3460 4264 3683 4334 σιγήσω-

2119 4376 2237 4431 μαι,
2272 4358 2372 4411 τοῦ
2395 4358 2519 4412 νέου
2568 4356 2850 4425 Τυφῶνος,
2887 4356 3035 4419 ὅπως
3059 4353 3221 4425 ἤθελε
3263 4354 3365 4423 μὲν
3394 4357 3459 4408 ὲκ
3484 4352 3683 4425 μακροῦ

425 4462 548 4502 sese
570 4462 815 4513 versare,
852 4446 1232 4516 ﬂuctuumque
1284 4447 1559 4518 fragorem
1586 4449 1890 4519 producere
1952 4459 2000 4504 el

2115 4451 2575 4519 ἀνασαλευθξναι,
2612 4449 2707 4502 καὶ
2733 4447 2988 4517 φλοίσὸον
3035 4446 3247 4513 θέσθαι,
3296 4449 3392 4502 καὶ
3438 4448 3539 4518 τῆς
3577 4444 3685 4501 καθ’

425 4548 615 4592 contra
646 4537 972 4593 necandam
1031 4552 1344 4607 spumosam
1397 4554 1676 4605 evomere,
1733 4542 1829 4597 sed
1892 4556 2002 4595 non

426 4629 603 4682 valuit
640 4629 740 4683 ista
777 4640 1019 4699 patrare.
1055 4629 1257 4685 Verum
1300 4630 1649 4700 imperatoris
1675 4634 1839 4687 timor
1866 4648 2003 4703 qua-

425 4720 471 4775 si
501 4721 679 4790 spissa
702 4722 880 4791 caligo
913 4722 1067 4790 prius
1095 4725 1341 4792 serpenti
1378 4724 1646 4789 incidens,
1697 4725 1845 4779 sicut
1866 4740 1994 4794 gra-

425 4810 670 4866 vioribus
703 4813 865 4865 etiam
905 4813 1117 4866 cetibus
1148 4815 1258 4883 pati
1285 4814 1506 4879 accidit,
1537 4815 1770 4870 bestiam
1810 4816 1869 4870 in
1887 4818 2004 4871 suis

424 4902 650 4959 sedibus
706 4917 928 4958 manere
976 4904 1173 4974 coegit.
1237 4907 1344 4958 Sed
1403 4907 1626 4976 quando
1681 4923 1774 4964 seu
1842 4908 2002 4978 paulo

425 5009 714 5067 antequam
768 4997 1033 5067 cogitaret
1085 5014 1146 5053 se
1187 4998 1256 5053 ab
1302 4998 1621 5065 Occidente,
1672 5002 1810 5056 duce
1858 5003 2004 5056 inso-

421 5091 559 5147 lenti
578 5090 850 5157 audacia,
910 5093 1243 5145 commoveri
1284 5093 1546 5160 praemisit
1599 5093 1769 5148 maris
1826 5093 2002 5149 bestia

419 5184 751 5239 vilissimum
778 5183 877 5253 qui
904 5183 1059 5254 prius
1105 5199 1294 5253 aequor
1342 5184 1618 5254 trajiceret
1672 5186 1997 5256 pisciculum

420 5276 964 5346 squaraienonnullis
1006 5290 1105 5331 seu
1139 5276 1311 5332 armis
1356 5277 1422 5329 ad
1455 5275 1674 5329 navalia
1697 5280 2000 5331 certamina

422 5369 565 5436 aptis
602 5366 908 5431 ’lrireutum,
952 5368 1047 5435 qui
1097 5368 1321 5422 dorsum
1344 5376 1665 5431 ostentavit,
1693 5368 1872 5436 capite
1898 5384 2000 5422 au-

420 5457 614 5513 dacius
634 5468 838 5522 erecto,
860 5469 917 5512 et
930 5473 1045 5527 pra:
1063 5459 1264 5529 gaudio
1287 5457 1489 5512 frustra
1509 5459 1801 5513 exsultavit
1814 5475 1995 5514 coram

424 5547 569 5600 urbe.
584 5559 750 5616 ponto
769 5550 977 5604 nutrita
990 5563 1225 5615 ,necnon
1251 5552 1307 5605 in
1323 5555 1690 5623 arrogantiam
1717 5554 1994 5609 intumuit.

424 5633 546 5688 Mox
571 5640 681 5691 dux
715 5640 815 5693 via:
840 5640 1071 5695 audacia
1121 5644 1416 5711 discessit;
1453 5645 1763 5701 timiditatis
1820 5648 1997 5716 caligo

421 5732 648 5783 econtra
684 5732 924 5799 advenit,
958 5742 1016 5789 et
1053 5738 1286 5804 spissius
1357 5742 1677 5798 incumbens
1739 5742 1994 5800 recedere

2117 4546 2267 4615 ήμᾶς
2303 4543 2383 4605 είς
2406 4540 2654 4594 κλύδωνα
2683 4538 3111 4610 κατερεύξεσθαι
3134 4554 3150 4569 ο
3176 4538 3279 4593 οὐκ
3308 4533 3425 4610 εἶχε
3456 4539 3514 4593 δὲ
3542 4538 3686 4591 τοῦτο

2118 4639 2314 4690 ποιεῖν.
2362 4635 2501 4689 Ἀλλ’
2542 4637 2571 4687 ὁ
2616 4633 2895 4703 βασιλικὸς
2953 4632 3142 4700 φόϐος,
3195 4634 3300 4686 ὅσα
3345 4634 3440 4685 καὶ
3512 4632 3686 4691 σκότος

2115 4728 2307 4800 βαθὺς,
2338 4727 2677 4798 ἐπίπροσθεν
2725 4725 2943 4780 πίπτων
2972 4727 3073 4794 τῆς
3097 4726 3300 4794 ὅψεως,
3329 4728 3514 4778 ὁποῖον
3540 4724 3601 4793 δή
3635 4739 3683 4774 τι

2113 4822 2345 4891 πάσχειν
2371 4822 2605 4883 καὶτοῖς
2643 4818 2968 4890 βαρυτέροις
3000 4819 3224 4887 κήτεσιν
3270 4818 3475 4881 ἔπεισι,
3517 4818 3684 4887 μένειν

2110 4911 2206 4964 τὸν
2227 4910 2368 4981 θῆρα
2400 4909 2494 4963 lati.
2516 4908 2625 4963 τῶν
2654 4908 2875 4963 οἰκείων
2904 4906 3053 4977 ἠθῶν
3083 4907 3525 4976 κατηνάγκαζεν.
3553 4904 3681 4959 Ἀλλ’

2114 5005 2205 5056 ὅτε
2232 5020 2336 5056 που
2366 5003 2593 5072 ἔναγχος
2627 4999 3030 5069 ἀνασαλευθείη
3067 5001 3134 5053 ὲκ
3164 4999 3267 5068 τῆς
3314 5001 3560 5069 ἑσπέρας
3590 4995 3683 5051 ὑπὸ

2112 5096 2314 5166 ὀδηγιῖθ,
2371 5097 2440 5166 τῇ
2496 5095 2715 5163 ἀγεννεῖ
2783 5092 3105 5162 θρασύτητι,
3160 5092 3306 5146 καθά
3361 5107 3469 5144 που
3526 5091 3616 5144 καὶ
3656 5089 3682 5141 ὁ

2110 5186 2404 5248 θαλάσσιος
2454 5185 2560 5256 θὴρ
2606 5185 2859 5255 ἡγεμόνα
2918 5182 3286 5255 προὸάλλεται
3355 5182 3451 5237 τοῦ
3510 5181 3679 5235 πλέειν

2112 5278 2350 5350 ίχθύδιόν
2382 5296 2437 5331 τι
2465 5276 2822 5347 φαυλότατον,
2876 5275 3139 5347 ὲπέφριξε
3182 5276 3283 5347 μέν
3320 5291 3478 5339 τινας
3542 5272 3682 5344 φολξ-

2105 5372 2224 5434 δας,
2258 5371 2664 5441 προῖσχομένας
2698 5370 3063 5439 ναυμαχικῶν
3084 5369 3268 5422 ὅπλων
3299 5369 3675 5440 προόλήματα,

2106 5463 2200 5513 καί
2231 5477 2282 5513 τι
2308 5461 2405 5529 τῆς
2435 5461 2628 5529 λοφιᾶς
2651 5457 2936 5529 ἐξέφησεν,
2996 5456 3281 5525 ἀνακύψας
3333 5456 3668 5529 θρασύτερον,

2105 5555 2202 5607 καὶ
2229 5554 2328 5623 τῆς
2359 5551 2776 5622 κυματοτρόφου
2823 5551 3221 5620 κατεχόρευσεν
3254 5549 3338 5613 είς
3365 5549 3539 5612 κενὸν,
3588 5552 3672 5600 καί

2105 5665 2211 5701 που
2267 5648 2362 5700 καὶ
2392 5648 2471 5710 είς
2492 5645 2814 5710 ἀλαζονείαν
2839 5643 2964 5697 τινά
3014 5640 3349 5713 ὲξεφύσησε.
3386 5642 3596 5713 Μικρὸν
3618 5640 3674 5692 δὲ

2104 5743 2227 5795 ὅσον
2257 5744 2282 5793 ό
2314 5742 2412 5811 μὲν
2451 5739 2677 5810 ἡγεμὼν
2736 5741 2832 5809 τῆς
2861 5737 3003 5805 ὁδοῦ,
3035 5738 3097 5789 τὸ
3144 5735 3417 5807 ποδηγοῦν
3460 5738 3666 5808 θράσος,
