3992 6240
435 224 546 286 949

1351 218 1779 279 A‘LLOCUTlO
1811 220 1910 278 AD
1955 217 2384 278 MANUELEM
2421 216 2877 281 COMNENUM.

3595 224 3710 286 950¹

433 334 678 406 ἀπῆλθεν
703 351 715 366 ⁸
742 335 770 386 ὁ
807 335 862 388 δὲ
899 335 994 404 τῆς
1026 333 1224 397 δειλῖας
1256 335 1446 397 σκότος
1475 331 1889 402 ἀντεπεισῆλθε,
1921 330 2014 382 καὶ

2127 329 2275 382 illum
2309 330 2474 389 coeit,
2513 332 2658 384 nulla
2691 340 2903 401 arrepta
2947 330 3149 404 prmda,
3184 347 3283 387 nec
3311 334 3536 390 Omnino
3563 339 3703 393 inte-

439 427 738 498 βαθύτερον
769 427 1200 490 ἐπι-σκεδασθεὶς,
1228 426 1611 494 ἀνακάμπτειν
1649 427 1856 476 ἐκεῖνον
1915 439 2009 473 πε-

439 522 687 590 ποίηκεν,
719 520 839 574 οὔτε
873 521 1045 590 ἄγρας
1082 519 1524 590 προσαψάμενον,
1549 519 1642 570 καὶ
1700 517 1820 571 οἱ)ῖέ
1871 518 2008 570 ἀπο·

438 613 786 667 καταστάντα
817 616 927 677 τοῖς
949 613 1170 676 οἰκείοις
1197 612 1384 682 ἤθεσιν
1437 612 1514 675 εἰς
1551 609 1865 679 ὁλόκληρον,
1929 604 2010 671 οἷς

437 705 673 761 ἐνταῦθα
696 707 857 760 κάκεῖ
892 705 1404 777 προσαρασσόμενος
1457 701 1758 757 ἐκολούετο.
1811 701 1876 754 Τί
1919 700 2008 768 δὴ,

436 789 482 848 ὦ
509 803 799 868 παρόντες,
835 795 894 848 τὸ
917 795 1107 866 θηρίον
1158 795 1336 847 ἐκεῖνο
1381 792 1544 846 πάθοι
1597 791 1686 857 ἂν,
1741 789 1914 852 οὕτως
1950 787 2009 852 ἐξ

437 887 632 941 ἑαυτοῦ
665 887 870 956 πάσχον
895 883 1102 950 κακῶς,
1161 881 1244 948 οἷς
1293 884 1642 948 δειλαίνεται,
1699 884 1748 934 εί
1796 882 1888 934 καὶ
1939 880 2006 934 τὰ

435 977 496 1041 ἐξ
552 977 710 1050 ἡμῶν
774 977 1367 1047 προσεπιτεθήσονταις
1409 970 1486 1026 Ἦ
1537 973 1755 1034 πάντως
1807 970 2004 1040 Αἴτνης

399 1101 404 1104 -
437 1069 630 1137 ἐτέρας
662 1068 930 1140 ἐγχωρίου
953 1068 1220 1132 δεήσειεν,
1248 1067 1337 1135 ὑφ’
1357 1067 1422 1136 ἢν
1449 1066 1508 1118 τὸ
1537 1063 1813 1132 Τυφώνιον
1845 1060 2005 1114 τοῦτο

2118 436 2269 488 grum
2309 423 2423 476 suis
2466 423 2696 478 reddidit
2734 423 2986 489 sedibus,
3037 423 3100 477 ad
3164 439 3302 494 quas
3341 425 3428 481 hic
3487 435 3540 480 ct
3588 429 3702 482 illic

2119 510 2309 566 allisus
2373 513 2688 568 COItirthIIIS
2765 527 2867 571 est.
2915 516 3076 583 Quid.
3126 531 3159 570 ο
3190 530 3507 587 praesentes,
3549 528 3702 589 pate-

2119 612 2271 658 retur
2316 605 2428 659 haec
2487 608 2656 662 bestia
2691 610 2762 662 ita
2813 627 2839 660 a
2883 609 3179 680 semetipsa
3223 618 3414 666 vexata
3452 626 3518 666 ex
3587 627 3696 681 quo

2121 695 2311 749 timore
2346 696 2445 750 fuTt
2474 711 2758 770 occupata,
2794 701 2837 756 si
2893 702 3113 770 insuper
3165 717 3227 756 ea
3271 717 3393 768 quae
3430 717 3494 755 ex
3550 711 3703 770 parte

2117 795 2304 838 nostra
2330 788 2550 841 sustulit
2574 790 2931 858 adjiciamus?
2964 792 3106 846 Sane
3129 792 3300 846 altero
3317 791 3486 847 jEtna
3518 801 3703 847 monte

2114 889 2340 944 prorSus
2383 893 2520 948 opus
2561 889 2680 933 erat
2728 883 2818 935 cui
2870 883 3093 953 Typhon
3157 884 3257 938 iste
3288 885 3698 954 subjugarctur.

2115 965 2219 1022 Sed
2253 971 2396 1036 Quod
2430 971 2665 1040 patiatur
2723 973 2936 1027 docebit
2981 985 3193 1045 tempus
3253 985 3306 1029 et
3359 977 3514 1032 nobis
3545 991 3703 1032 occa-

2113 1060 2320 1116 sionem
2347 1061 2497 1116 dabit
2529 1065 2683 1117 multi
2732 1065 3063 1136 jucundique
3098 1070 3388 1124 sermonis.

439 1167 684 1218 πεσεῖται
723 1163 912 1219 κακόν.
983 1161 1122 1216 Ἀλλ’
1145 1163 1324 1215 ἐκεῖνο
1355 1162 1452 1232 μὲν
1479 1160 1560 1213 ὅτι
1609 1158 1883 1223 πείσεται,
1924 1154 2125 1220 διδάξει
2161 1156 2373 1225 καιρξς.
2409 1158 2504 1210 καὶ
2530 1159 2662 1228 ἡμῖν
2726 1159 2982 1229 ἀφορμὰς
3045 1163 3204 1216 δώσει
3271 1165 3431 1233 λόγου
3503 1159 3698 1219 πολλοῦ

438 1276 496 1312 τε
530 1259 623 1312 καὶ
655 1256 845 1310 καλοῦ.

513 1349 599 1405 ια’.
637 1349 780 1418 Ἐγὼ
812 1349 867 1402 δέ
892 1345 1314 1418 προσεπιπλὲξω
1339 1343 1549 1406 τούτοις
1572 1343 1668 1398 καὶ
1721 1341 1852 1396 ἄλλο
1870 1338 2004 1392 θαύ-

442 1461 611 1515 ματος
643 1443 814 1506 ἄξιον,
860 1441 958 1505 τὰς
1020 1439 1237 1511 μακρὰς
1278 1438 1412 1507 νῆας
1461 1435 1696 1498 ἐκείνας,
1749 1433 1813 1498 ἂς
1855 1431 2007 1485 οῦπω

439 1533 718 1597 παντελῶς
765 1535 962 1604 πέρυσι
999 1532 1094 1585 καὶ
1119 1530 1390 1600 λαμπρῶς
1439 1528 1774 1598 ἐσταλμένας
1819 1529 1846 1581 ὁ
1884 1523 2007 1579 καθ’

438 1627 585 1696 ἡμᾶς
611 1625 854 1697 πορθμὸς
904 1624 1236 1677 ὲστολίσατο.
1277 1623 1382 1675 Καὶ
1415 1621 1575 1684 αὐτὸς
1626 1619 1726 1690 μὲν
1781 1619 1860 1682 εἰς
1907 1634 2008 1683 γαο

439 1719 606 1788 λήνην
626 1716 1012 1787 διακεχυμένος
1035 1716 1350 1781 ὑπέστρωτο
1372 1731 1383 1742 ·
1421 1713 1478 1766 αἱ
1511 1713 1568 1764 δὲ
1598 1711 1871 1784 πυρρίχην
1897 1705 2009 1764 οἷον

437 1811 806 1882 ὲπωρχοῦντο,
835 1809 930 1863 καὶ
963 1812 1042 1870 είς
1081 1809 1257 1878 ῥόθιον
1288 1807 1650 1876 ἐλαυνόμεναι
1684 1804 1829 1874 μέγα
1883 1801 2012 1873 ἐξή-

437 1921 587 1974 χουν,
622 1904 716 1956 καὶ
756 1902 953 1970 φόϐους
990 1901 1299 1964 ἐκελάδουν,
1345 1893 1424 1963 οἷς
1450 1901 1508 1952 ἐν
1553 1899 1730 1969 καιρῷ
1757 1898 1882 1960 τοὺς
1915 1914 2013 1949 πο-

438 1995 658 2064 λεμίους
719 1992 1181 2064 ἀναχωρεύσουσι.
1229 1993 1502 2062 Μετρήσω
1555 1989 1650 2042 καὶ
1706 1991 1766 2042 τὸ
1814 1988 2014 2059 πλῆθος

439 2087 629 2148 αὑταῖς
665 2085 738 2146 ὡς
769 2083 1073 2154 ἀμύθητον,
1107 2085 1164 2135 ἐν
1195 2084 1561 2150 ἱππαγωγοῖς,
1615 2082 1672 2132 ἐν
1715 2080 2012 2149 δρόμωσιν,

438 2181 498 2231 ἐν
518 2179 822 2247 τριήρεσιν,
857 2177 915 2228 ἐν
948 2175 1128 2237 ἄλλοις
1161 2177 1472 2244 ναυπηγίας
1499 2172 1686 2226 εἴδεσι.
1720 2173 1830 2224 Kal.
1859 2171 2012 2223 ἔσται

437 2269 542 2339 -μέν
576 2269 760 2330 αὐτοῖς
790 2268 885 2320 καὶ
919 2266 1092 2322 ταῦτα
1126 2268 1182 2319 ἐν
1213 2265 1478 2335 θαύματι.
1524 2267 1582 2317 '0
1614 2265 1670 2317 δέ
1705 2263 1894 2333 καιρὸς
1917 2262 2013 2315 καὶ

437 2365 518 2426 είς
546 2362 706 2415 πλέον
737 2363 976 2425 ἐκείνους
1010 2358 1268 2428 ἐκπλήξει
1314 2357 1604 2429 μαθόντας,
1645 2358 1720 2420 ὡς
1749 2349 1879 2426 ’χθὲς
1915 2354 2012 2425 μὲν

436 2457 535 2518 τὰς
567 2454 871 2524 πολεμικὰς
892 2453 1023 2522 νῆας
1056 2451 1276 2512 ἐκείνας
1321 2452 1485 2511 τόπος
1537 2449 1872 2518 τεταγμένος
1932 2449 2012 2510 είς

438 2547 740 2616 ἀσφάλειαν
778 2545 1123 2614 ηγκαλίζετο,
1158 2542 1320 2604 κενὰς
1367 2543 1546 2595 ὃπλων
1572 2542 1679 2594 τῶν
1724 2558 1783 2593 τε
1813 2540 2006 2609 ἄλλων,

440 2641 536 2692 καὶ
555 2640 654 2691 ὅσα
677 2640 810 2709 πρὸς
837 2636 1035 2706 δρόμον
1060 2633 1466 2703 ἐπιταχύνουσι,
1509 2631 1604 2686 καὶ
1634 2631 1754 2685 οὐδὲ
1793 2632 1852 2684 τὸ
1886 2649 2012 2684 ναυ-

437 2734 589 2784 τικὸν
624 2727 1094 2800 παραφαινούσας,
1135 2723 1258 2778 οὔτε
1284 2727 1342 2778 τὸ
1369 2726 1689 2791 κατεπεῖγον
1721 2724 1799 2785 εἰς
1820 2723 2008 2786 πλοῦν,

2187 1334 2274 1388 Η.
2319 1334 2428 1404 Ego
2448 1349 2578 1389 vero
2617 1335 2741 1391 istis
2786 1337 3042 1408 adjiciam
3097 1340 3242 1395 aliud
3301 1344 3464 1398 etiam
3529 1347 3704 1402 admi-

2116 1427 2326 1480 ratione
2387 1426 2650 1494 dignum,
2690 1445 2933 1500 :maguas
3001 1433 3120 1488 illas
3187 1449 3352 1491 naves
3407 1453 3545 1507 quas
3601 1456 3702 1495 nu-

2117 1533 2211 1588 per
2259 1518 2499 1572 nondum
2559 1520 2830 1590 perfectas
2885 1523 3047 1578 hodie
3095 1527 3379 1596 splendide
3405 1530 3703 1586 instructas

2115 1611 2314 1664 fretum
2340 1621 2582 1666 nostrum
2611 1616 2969 1684 comparavit.
2999 1616 3195 1675 Portus
3224 1621 3445 1689 quidem
3493 1624 3558 1678 ad
3617 1639 3698 1680 se-

2119 1702 2409 1757 curitatem
2483 1705 2740 1761 dilatatus
2799 1717 2854 1762 et
2925 1711 3170 1768 munitus
3245 1723 3347 1774 est,
3396 1700 3512 1770 Villae
3575 1732 3704 1771 vero

2114 1794 2462 1864 pyrrhicham
2494 1811 2692 1864 reapse
2717 1799 3016 1867 saltabant,
3046 1810 3101 1856 et
3136 1806 3410 1859 remorum
3445 1820 3706 1863 resonan-

2117 1884 2188 1939 tia
2219 1887 2509 1943 concitatae
2536 1888 3020 1962 valdestrepebant
3054 1901 3405 1965 terroresque
3433 1911 3668 1966 persona
3687 1927 3702 1939 -

2115 1975 2247 2031 bant
2267 1979 2464 2048 quibus
2487 1982 2540 2034 in
2564 1989 2807 2052 tempore
2837 1986 3018 2040 hostes
3049 1997 3257 2042 arcent.
3296 1988 3570 2045 Demetiar
3602 2005 3704 2045 ea-

2114 2084 2234 2123 rum
2262 2071 2665 2127 multitudinem
2692 2083 2879 2145 utpote
2927 2076 3387 2156 innumerabilem
3447 2080 3502 2134 in
3540 2095 3700 2151 myo-

2114 2163 2439 2231 parouibus,
2485 2164 2538 2219 in
2594 2166 2907 2230 velocibus.
2966 2170 3021 2224 in
3080 2171 3399 2228 triremibus
3462 2173 3696 2243 aliisque

2116 2256 2338 2308 navium
2368 2257 2760 2314 instructarum
2785 2261 3098 2329 speciebus.
3131 2262 3200 2317 Et
3232 2262 3339 2318 illis
3361 2263 3464 2318 ista
3482 2281 3712 2335 quoque.

2115 2359 2276 2402 erunt
2296 2349 2350 2402 in
2381 2349 2968 2424 miraculum.Tempus
2994 2369 3120 2410 vero
3147 2370 3244 2413 eos
3267 2358 3502 2427 amplius
3529 2358 3697 2414 etiam

2115 2439 2442 2509 stupefaciet
2484 2441 2758 2499 discentes
2792 2446 3046 2514 quoniam
3067 2447 3181 2503 beri
3221 2449 3437 2518 quidem
3477 2451 3702 2507 bellicas

2114 2527 2236 2585 illas
2265 2546 2428 2586 naves
2460 2531 2610 2589 locus
2642 2533 3016 2604 dispositusin
3039 2539 3388 2596 securitatem
3409 2542 3703 2610 amplecte-

2117 2620 2307 2688 batur,
2343 2623 2437 2677 sed
2464 2625 2678 2679 caeteris
2699 2627 2866 2682 armis
2889 2642 3088 2682 vacuas
3109 2644 3228 2699 qua:
3251 2645 3447 2687 cursus
3462 2633 3702 2689 velocio-

2111 2730 2199 2768 res
2222 2715 2508 2779 faciunt,et
2531 2719 2776 2774 nondum
2801 2719 2978 2775 navali
3001 2721 3246 2777 e‘xercitu
3270 2723 3569 2782 instructas
3601 2740 3705 2780 nec

437 2822 563 2876 οῦτε
591 2822 648 2873 τὸ
674 2820 1072 2891 μάχιμον.Καὶ
1133 2818 1273 2872 οὓτω
1338 2818 1434 2888 μὲν
1483 2817 1631 2888 χθές.
1687 2815 1894 2870 Ἕωθεν
1953 2817 2009 2869 δὲ

2115 2806 2222 2861 illis
2241 2808 2439 2875 quibus
2495 2811 2651 2865 navis
2715 2812 3013 2882 impellitur
3042 2815 3125 2870 vel
3142 2817 3503 2872 committitur
3520 2832 3702 2887 pugna

440 2915 623 2985 ἡμέρα
661 2912 953 2981 ἐξέλαμπε,
1005 2912 1098 2964 καὶ
1136 2909 1414 2979 βασιλικὸν
1440 2905 1508 2980 ἦν
1541 2908 1804 2974 κὲλευμα’
1839 2906 2007 2976 ἐχρῆν

2115 2897 2427 2952 adornatas.
2451 2899 2709 2966 Equidem
2750 2901 2823 2956 ita
2856 2903 2994 2958 beri.
3020 2903 3173 2960 Mane
3190 2915 3369 2961 autem
3384 2905 3533 2963 fulsit
3554 2909 3695 2974 dies,

439 3007 569 3076 γάρ.
604 3005 713 3059 Καὶ
742 3001 1077 3072 ἐπληροῦντο
1110 3001 1210 3072 μὲν
1253 3003 1372 3064 ταῖς
1425 3002 1676 3069 τριήρεσι
1712 2999 1780 3052 τὰ
1838 2997 2006 3050 κενώ-

2115 2997 2163 3043 et
2225 2990 2632 3057 imperatorium
2690 2994 2840 3048 venit
2879 2995 3217 3064 mandatum,
3265 2999 3428 3069 idque
3475 3017 3543 3057 ex
3604 3019 3700 3058 ne-

444 3117 612 3168 ματα,
644 3094 955 3163 ὲξεκενοῦτο
983 3094 1038 3146 δὲ
1086 3094 1155 3146 τὰ
1176 3092 1397 3161 νεώρια.
1428 3092 1535 3143 Καὶ
1576 3092 1885 3160 ἑστήκεσαν
1917 3089 2008 3158 ψι-

441 3189 521 3242 λοὶ
570 3189 666 3260 μὲν
689 3189 738 3240 οἱ
769 3185 1130 3257 ναύσταθμοι,
1157 3186 1378 3256 ἀχανεῖς
1408 3184 1463 3237 δέ
1518 3185 1567 3236 oi
1599 3181 1904 3252 βλέποντες.
1948 3181 2009 3235 Ἡ

440 3279 497 3331 δὲ
521 3281 823 3349 Προποντὶς
853 3278 1038 3332 οὐκέτι
1059 3276 1180 3331 οὐδὲ
1213 3275 1498 3347 ’παρέφανὲ
1559 3293 1614 3328 τι
1645 3275 1738 3327 τοῦ
1798 3273 2012 3336 ὓδατος.

441 3366 608 3424 Εῐπεν
639 3372 702 3426 ἄν
731 3389 813 3434 τις
844 3369 1174 3440 ἁμιλλᾶσθαι
1204 3372 1270 3440 τῇ
1304 3368 1684 3436 Μεγαλοπόλει
1708 3366 2013 3438 τηνικαῦτα

439 3463 538 3532 τὴν
589 3464 712 3517 καθ’
756 3465 904 3534 ἡμᾶς
958 3462 1254 3527 θάλασσαν,
1306 3461 1768 3530 πεπυκνωμένην,
1823 3458 2014 3530 ὥσπερ

443 3556 623 3624 ἐκείνη
682 3557 793 3618 τοῖς
847 3553 1298 3624 οἰκοδομήμασιν,
1351 3550 1494 3606 οὕτω
1550 3551 1647 3604 καίΙ
1690 3550 1863 3620 αὐτὴν
1901 3552 2017 3616 τοῖς

444 3649 843 3717 μεταφορητοῖς
901 3646 1113 3709 τούτοις
1160 3645 1477 3715 οἰκήμασιν.
1533 3639 1642 3697 Ἦν
1711 3645 2014 3715 τηνικαῦτα

444 3737 633 3807 σχῆμα
661 3737 966 3808 ναυμαχίας
997 3737 1282 3805 μεγίστης.
1335 3736 1442 3806 Βοὴ
1476 3736 1796 3806 σαλπίγγων
1819 3753 1833 3768 ·
1869 3741 2016 3808 alpe-

441 3831 531 3882 σία
561 3830 835 3892 σύντονοςο
884 3829 1162 3898 ἐξελιγμοὶ
1183 3828 1398 3898 δρόμων
1428 3846 1444 3861 ο
1478 3830 1774 3899 ἐμδοήσεις
1806 3832 2015 3903 ναυάρσ

441 3942 548 3991 χων
573 3940 586 3953 ·
623 3921 922 3993 λαμπηδὼν
950 3923 1134 3976 ὅπλων
1156 3940 1168 3954 ο
1204 3923 1299 3976 καὶ
1335 3925 1360 3974 ό
1390 3924 1602 3976 ἐκεῖθεν
1625 3927 1739 3985 τοῖς
1798 3927 2012 3996 ναυμά-

440 4033 555 4086 χοις
609 4017 896 4085 φρυαγμὸς
945 4015 1096 4068 οὐδὲν
1143 4015 1356 4068 ἐνέλιπε
1435 4015 1638 4087 μάχης,
1686 4019 1734 4069 εί
1796 4019 1871 4088 μὴ
1927 4019 2011 4071 ὃτι

440 4107 635 4176 ἐχθρὸς
670 4105 828 4178 [adde
851 4103 972 4176 οὐκ]
1006 4104 1404 4170 ἀντιμέτωπος.
1457 4106 1565 4158 Καὶ
1622 4105 1764 4177 ἅπερ
1806 4111 2011 4172 ἐκεῖνος

441 4199 602 4251 πάθοι
627 4197 939 4265 τραύματα,
970 4195 1360 4265 προσεπιθήσω
1397 4199 1465 4266 τῇ
1509 4197 1759 4267 διηγήσει
1809 4201 2005 4270 ταύτῃ,

440 4292 535 4344 καὶ
573 4290 646 4351 ὼς
665 4289 766 4341 οὑκ
807 4287 1032 4347 ἔκτοπος
1064 4287 1097 4355 ἡ
1134 4285 1354 4348 σύναξις
1381 4285 1541 4354 αὕτη,
1576 4288 1696 4340 οὐδὲ
1735 4290 1794 4353 ἐξ
1851 4291 2007 4342 ἀλλο-

2112 3079 2393 3134 cessitate.
2417 3079 2781 3140 Refectisunt
2806 3085 3109 3144 triremium
3144 3089 3420 3160 defectus;
3470 3103 3700 3150 vacuata

2122 3179 2300 3223 autem
2339 3174 2586 3240 navalia;
2627 3184 2681 3230 et
2734 3178 2970 3246 expediti
3004 3189 3278 3236 steterunt
3305 3184 3528 3251 milites,
3559 3187 3695 3242 muti

2115 3277 2246 3316 vero
2279 3266 2944 3339 spectatores.Propontis
2976 3272 3108 3328 nihil
3129 3275 3476 3333 subostendit
3505 3295 3690 3350 aequo-

2115 3359 2211 3412 ris.
2244 3359 2459 3414 Diceret
2489 3363 2612 3429 quis
2649 3373 2898 3418 nostrum
2936 3365 3067 3421 illud
3115 3382 3267 3423 mare
3302 3370 3425 3423 urbi
3479 3387 3690 3443 magna

2121 3463 2240 3504 esse
2270 3451 2471 3515 simile,
2501 3453 2758 3523 frequens
2813 3457 2956 3512 sicut
3013 3458 3117 3513 ista
3161 3459 3423 3528 aediﬁciis,
3454 3462 3528 3517 ita
3555 3466 3688 3521 illud

2120 3544 2376 3600 domibus
2404 3546 2722 3603 mobilibus.
2747 3546 2878 3604 Erat
2922 3551 3158 3621 proinde
3211 3555 3392 3626 imago
3442 3558 3706 3613 maximae-

2112 3639 2471 3693 naumachiae.
2512 3640 2682 3696 Sonat
2711 3642 2859 3708 tuba,
2911 3653 3133 3702 resonat
3166 3654 3221 3701 et
3261 3649 3570 3720 remigium,
3596 3666 3695 3706 ex~

2108 3728 2387 3797 plicantur
2413 3745 2628 3797 cursus,
2663 3731 2904 3788 clamant
2929 3735 3210 3804 navarchi,
3245 3738 3486 3794 emicant
3511 3756 3687 3808 arma,

2112 3819 2359 3877 fremunt
2387 3823 2612 3888 milites,
2640 3839 2753 3878 uno
2797 3826 2967 3882 verbo
2999 3828 3135 3883 nihil
3172 3843 3366 3900 pugnas
3395 3830 3579 3886 deﬁcit
3606 3832 3692 3887 ni-

2112 3914 2332 3983 siquod
2380 3916 2556 3972 hostis
2589 3930 2698 3971 non
2752 3932 2820 3972 ex
2876 3919 3107 3977 adverso
3155 3929 3284 3977 stet.
3335 3922 3545 3989 Quibus
3593 3926 3688 3980 ad-

2111 4008 2333 4064 modum
2374 4008 2706 4077 prodigiosis
2745 4010 3057 4080 explanans
3104 4011 3299 4066 addam
3348 4013 3481 4068 istas
3539 4017 3702 4072 acies.

2111 4113 2456 4170 nequaquam
2485 4115 2608 4155 esse
2647 4100 2857 4155 alienas
2911 4117 3087 4170 neque
3127 4110 3418 4161 extraneas
3471 4111 3680 4176 cupias,

2108 4191 2205 4245 sed
2238 4191 2342 4248 iste
2374 4192 2648 4246 exercitus
2669 4191 2929 4260 indigena
2977 4201 3032 4248 et
3050 4193 3248 4263 majori
3278 4204 3433 4263 parte
3501 4201 3681 4254 couti-

2107 4290 2272 4338 nente
2332 4293 2580 4350 exortus,
2659 4284 2874 4339 urbium
2923 4285 3176 4341 maximis
3234 4289 3534 4356 enutritus,
3580 4307 3691 4348 nec-

440 4381 618 4450 δαπῆς
639 4381 670 4450 ἠ
695 4378 968 4444 σύνταξις,
1000 4377 1136 4430 ἀλλὰ
1163 4377 1392 4442 στρατὸς
1436 4377 1534 4445 μὲν
1558 4371 1710 4442 οὗτος
1751 4381 2003 4451 ίθαγενὴς

2115 4387 2263 4427 suam
2300 4387 2538 4442 unquam
2562 4375 2968 4445 dereliquerunt
3008 4377 3260 4446 patriam,
3300 4394 3468 4436 naves
3496 4392 3674 4438 autem

440 4472 735 4534 πολλοστὸς
759 4470 819 4537 ἐξ
867 4470 1123 4539 ἠπείρου,
1160 4467 1254 4519 καὶ
1298 4468 1412 4528 τοῖς
1449 4470 1728 4536 μεγίστοις
1755 4471 1864 4526 τῶν
1912 4475 2008 4524 πό-

439 4566 576 4618 λεων
636 4561 922 4632 τρόφιμος,
987 4558 1082 4612 καὶ
1140 4555 1309 4624 αὐτὴν
1357 4558 1654 4612 ἐπιλείπων
1697 4559 1956 4613 οὐδέποτε
1988 4577 2004 4595 ο

441 4657 497 4710 αἱ
522 4657 578 4709 δέ
604 4655 730 4725 νῆες
765 4655 829 4706 ὲκ
858 4653 956 4722 τῆς
987 4654 1275 4720 ἐγγυτάτω
1308 4651 1642 4724 περιχώρου,
1681 4653 1748 4722 ἢν
1777 4654 1854 4715 εἰς
1886 4654 2006 4706 ὅλον

441 4749 702 4820 ἡμερινὸν
765 4747 904 4816 ταχὺ
961 4744 1347 4816 περιτροχάσει
1403 4762 1486 4809 τις
1537 4745 1705 4813 ἥλιον.
1773 4743 2008 4798 Τοιαῦτα

442 4843 553 4910 ἐγὼ
577 4841 675 4908 μὲν
701 4841 838 4894 εῐπω
860 4855 874 4869 ·
901 4839 951 4891 οἱ
1008 4839 1063 4890 δὲ
1086 4837 1381 4898 ἀκούοντες
1425 4837 1886 4906 ἐκπεπλήξονται,
1912 4839 2008 4891 καὶ

443 4933 900 5005 θαυμάσονταιού
931 4932 1092 5002 μόνον
1129 4932 1188 4985 τὸ
1238 4930 1521 5000 βασιλικὸν
1579 4929 1816 4984 ἐνταῦθα
1870 4947 2006 5001 προσ

445 5027 636 5097 μηθές,
673 5027 809 5078 ἀλλὰ
845 5025 939 5078 καὶ
972 5024 1032 5076 τὸ
1066 5023 1468 5091 πολυδύναμονο
1501 5022 1596 5074 καὶ
1637 5022 1714 5092 τῷ
1744 5024 2010 5093 αὐτοσχε-

440 5120 538 5188 δίῳ
571 5118 743 5188 τούτῳ
790 5115 1050 5185 βασιλικῷ
1092 5117 1381 5184 θαυμασίῳ
1431 5114 1492 5166 τὸ
1527 5113 1636 5166 τῶν
1696 5114 2009 5184 μελετωμέ-

444 5227 552 5263 νων
585 5207 1029 5268 συνεννοήσονται
1059 5204 1409 5275 μεγαλούργη
1421 5222 1519 5273 μα,
1565 5206 1658 5257 καὶ
1688 5206 2007 5274 σκέψονται,

444 5304 494 5356 ει
531 5303 599 5356 τὰ
639 5304 702 5354 ἐκ
731 5300 826 5353 τοῦ
873 5298 1282 5368 παρατυχόντος
1305 5297 1558 5361 τοιαῦτα,
1603 5300 1762 5352 ὁποῖα
1792 5300 1861 5351 τὰ
1911 5301 2009 5368 τῆς

441 5393 662 5466 χρονίου
691 5392 1009 5461 διασκευῆς.
1045 5391 1110 5442 Τί
1143 5389 1198 5445 δὲ
1243 5390 1343 5443 οὐκ
1389 5390 1455 5443 ἂν
1499 5391 1698 5460 ποιήσῃ
1770 5394 1796 5444 ὁ
1864 5392 2008 5461 χειρὶ

441 5483 616 5555 ταύτῃ
659 5484 760 5555 μιᾷ
795 5479 1191 5536 καταπαλαίειν
1223 5479 1360 5548 ἔχων
1410 5479 1470 5532 τὸ
1515 5480 1932 5550 ἀνθιστάμενον,
1958 5483 2006 5534 εί

445 5579 540 5631 καὶ
567 5579 646 5640 είς
670 5576 1036 5646 ἑκατόγχειρα
1073 5572 1535 5642 σκευασθήσεται;
1565 5573 1625 5626 Ei
1652 5572 1709 5626 δὲ
1743 5575 1835 5626 καὶ
1854 5574 2007 5642 κῦμα

443 5669 500 5723 ἓν
522 5671 601 5733 εἱς
641 5669 1022 5738 κατακλυσμὸν
1068 5667 1178 5728 τοῖς
1215 5664 1430 5735 ἐχθροῖς
1484 5665 1906 5735 ἐπιρῤυήσηται,
1955 5668 2005 5719 τί

2109 4479 2178 4520 ex
2211 4466 2476 4532 proximis
2499 4467 2806 4536 vieinisque
2840 4469 2975 4524 locis
3015 4484 3153 4540 quos
3182 4486 3278 4542 per
3307 4489 3476 4528 unum
3528 4474 3676 4530 diur-

2109 4571 2242 4612 num
2269 4558 2438 4613 solem
2494 4559 2814 4615 circumiret
2849 4561 3045 4618 viator.
3073 4562 3224 4618 Talia
3272 4553 3503 4636 quidem
3559 4568 3683 4624 dico

2108 4663 2238 4720 ego;
2269 4648 2554 4707 audientes
2585 4661 2768 4706 autem
2818 4652 3206 4724 obstupescent
3233 4667 3288 4712 et
3334 4657 3683 4716 mirabuntur

2109 4757 2218 4797 non
2249 4750 2460 4798 tantum
2495 4743 2702 4814 regiam
2736 4747 2788 4799 in
2827 4747 2915 4802 his
2943 4748 3365 4817 providentiam,
3410 4753 3507 4808 sed
3537 4755 3683 4808 mul—

2112 4843 2218 4889 tam
2250 4851 2469 4906 quoque
2500 4839 2819 4907 potentiam,
2863 4848 2918 4893 et
2953 4856 3018 4895 ex
3072 4841 3175 4898 hoc
3203 4843 3504 4913 improviso
3532 4848 3683 4917 prin-

2109 4927 2248 4997 cipis
2277 4929 2546 4984 miraculo
2578 4931 2883 5000 echgitata
2919 4933 3704 5007 intelligentOpera-egregia,'
3787 4950 3790 4956 '

2113 5034 2326 5075 necnon
2354 5036 2420 5074 ex
2454 5021 2577 5076 istis
2603 5023 2888 5079 subitariis
2937 5034 3166 5082 noscent
3195 5041 3282 5082 res
3303 5042 3398 5095 per
3455 5028 3677 5097 longum

2111 5121 2326 5182 tempus
2347 5123 2699 5183 praeparatas.
2725 5114 2870 5181 Quid
2904 5118 3254 5172 non'faeeret
3281 5119 3363 5172 sic
3402 5130 3507 5170 una
3540 5117 3679 5172 dex-

2109 5212 2224 5258 tera
2260 5205 2598 5261 adversarios
2623 5207 2850 5264 vincens
2908 5209 2956 5264 si
3000 5222 3124 5262 cum
3170 5208 3485 5264 centimano
3528 5223 3682 5264 com-

2113 5305 2334 5367 paretur
2373 5301 2396 5351 ?
2445 5297 2500 5352 Si
2564 5299 2764 5354 ﬂuctus
2813 5315 2951 5355 unus
2987 5299 3039 5352 in
3077 5301 3261 5354 hostes
3314 5299 3534 5356 irruens
3582 5316 3678 5358 eos

2113 5391 2450 5460 submergat,
2486 5389 2618 5459 quid
2647 5405 2754 5444 non
2780 5390 3056 5459 patiantur
3101 5390 3314 5446 bellicis
3367 5392 3554 5448 multis
3609 5408 3679 5448 ex

2112 5482 2444 5550 imperatore
2475 5482 2636 5536 undis
2661 5482 2883 5536 obruti?
2913 5480 3037 5538 Haec
3071 5483 3149 5537 illi
3183 5483 3424 5540 inferent
3451 5493 3506 5541 et
3544 5485 3684 5543 sibi-

2115 5571 2182 5626 lis
2216 5585 2436 5641 prorsus
2465 5569 2750 5637 explodent
2782 5580 2996 5639 gentem
3036 5574 3182 5630 illam
3221 5591 3344 5645 qua:
3392 5587 3544 5631 tanto
3569 5582 3677 5634 im-

2115 5663 2356 5732 peratori
2386 5659 2653 5716 obluctari
2712 5663 2967 5732 voluerit,
3000 5666 3093 5736 qui
3152 5667 3321 5724 simul
3364 5673 3562 5726 annuit
3620 5681 3680 5726 et
