3992 6240
433 275 538 338 951

1175 278 1596 338 EUSTATHII
1623 277 2002 342 TIiESSALC

2114 278 2384 338 CENSIS
2418 278 2981 342 METROI’OLlTAi

3586 284 3695 347 952

429 387 580 456 fucit,
607 389 745 446 dixit
772 398 826 444 et
852 391 1160 444 mandatum
1191 393 1497 460 perfectum
1526 403 1636 448 est.
1691 393 2002 448 lrritlendos

2111 397 2176 448 ἂν
2208 393 2435 448 πάθοιεν
2465 396 2512 446 οἱ
2549 395 2921 464 πολυκυμίαις
2951 397 3015 448 ἐκ
3057 395 3322 466 βασιλέως
3360 396 3693 466 πολεμικαῖς

430 483 1194 554 lpsijudicabuntillosviros
1263 485 1357 554 qui
1411 492 1615 537 terram
1687 486 1997 539 universam

425 592 605 630 coram
630 574 975 644 imperatoria
1013 583 1281 644 potestate
1308 575 1646 643 provolutam
1673 588 1987 644 cernentes,

425 681 667 722 attamen
691 675 917 737 pontum
952 667 1155 720 audent
1190 667 1434 738 aggredi,
1494 676 1547 720 et
1576 667 1760 737 parvis
1798 667 1998 722 insulis

424 761 692 815 dominari
753 760 1073 826 intendunt,
1141 761 1364 829 perinde
1427 776 1489 814 ac
1519 761 1562 813 si
1611 775 1804 813 nomen
1849 770 2007 814 terra:

431 856 582 910 nullo
619 855 784 910 modo
811 855 1020 910 insulas
1053 855 1155 909 sibi
1194 857 1465 918 conciliet,
1505 857 1575 908 ita
1635 862 1692 908 ut
1748 853 1820 906 ibi
1883 868 2005 906 cor-

432 958 617 1012 ruant,
652 948 735 1004 vel
758 949 824 1002 ab
847 949 939 1002 illo
973 957 1083 1002 tam
1136 948 1451 1004 desiderato
1480 960 1699 1015 zeqttore
1733 945 2003 1014 repellan-

430 1049 539 1103 tur,
578 1042 662 1093 vel
697 1055 794 1094 sua
837 1040 888 1094 in
921 1040 1414 1111 abyssumjactent
1465 1039 1516 1092 in
1548 1053 1660 1106 quo
1712 1037 1816 1106 ipsi
1870 1051 2006 1105 quo-

422 1149 531 1202 que
580 1145 918 1205 mergantur,
959 1135 1092 1188 adeo
1131 1143 1187 1186 ut
1245 1148 1308 1187 ex
1344 1131 1432 1185 illa
1467 1130 1725 1184 ﬂuetibus
1757 1129 2003 1198 undique

422 1223 644 1293 irrigata
678 1225 854 1280 insula
882 1225 1017 1278 nihil
1043 1225 1114 1279 sit
1147 1224 1274 1287 illis,
1311 1223 1403 1276 ubi
1432 1225 1602 1275 totius
1665 1230 1822 1274 terrae
1879 1228 2000 1288 post

424 1313 592 1370 Deum
624 1327 800 1371 rector
824 1325 1012 1371 noster
1042 1315 1358 1381 imperator.

2112 487 2553 556 ἐμπεσούμενοις
2613 486 2799 540 Ταῦτα
2848 490 3050 542 ἐκεῖνοι
3105 488 3544 557 ἐπιλογίσονται,
3602 495 3693 544 καὶ

2112 585 2328 641 παντως
2360 578 2484 632 οὐαὶ
2511 578 2587 648 τῷ
2615 577 2761 631 ἔθνει
2787 580 3205 651 ἀναδοήσονται,
3247 582 3383 652 ὅπερ
3407 584 3689 636 ἀντικαθίο

2115 669 2343 720 στασθαι
2373 667 2587 728 βασιλεί
2617 668 2843 738 τοιούτῳ
2897 670 3218 741 βεϐούληται
3251 711 3266 735 ,
3302 671 3360 733 ὃς
3401 671 3520 741 ἅμα
3567 673 3684 726 ἐπέ-

2113 775 2291 824 νευσε,
2325 759 2416 811 καὶ
2459 760 2794 829 πεποίηκεν·
2834 760 3084 830 ἐλάλησε,
3137 765 3229 814 καὶ
3282 763 3344 815 τὸ
3403 764 3691 832 ἐπιταχθὲν

2114 850 2452 906 τετέλεσται.
2486 851 2748 923 Κρινοῦσι
2779 853 2835 904 δὲ
2867 853 3022 905 αὐτοὶ
3073 855 3168 906 καὶ
3195 855 3442 922 γελοίους
3481 854 3692 926 ἀνθρὼ-

2116 957 2252 1004 πους
2285 942 2550 1004 ἐκείνους,
2575 942 2625 994 οἳ
2650 943 2753 1012 γῆν
2782 942 3005 997 ἃπασαν
3059 934 3146 1016 τῷ
3194 944 3460 1017 βασιλικῷ
3501 949 3691 1016 κράτει

2120 1031 2412 1102 βλέποντες
2442 1032 2887 1095 ὑποκύπτουσαν,
2933 1035 3090 1089 αὐτοὶ⁵
3129 1036 3544 1108 καταθαρῤοὖσι
3597 1039 3694 1092 θα-

2116 1125 2344 1196 λάσσης,
2387 1126 2484 1179 καὶ
2537 1127 2797 1196 νησιδίων
2856 1130 3080 1199 κρατεῖν
3128 1129 3546 1197 ὲπιόάλλονται,
3587 1133 3694 1184 ὠσ-

2108 1218 2267 1288 είπερ
2296 1217 2372 1289 μὴ
2400 1218 2494 1271 καὶ
2522 1218 2621 1281 τὰς
2657 1219 2857 1290 νήσους
2890 1221 2950 1272 τὸ
2976 1221 3074 1290 τῆς
3119 1223 3223 1290 γῆς
3271 1220 3446 1290 ὄνομα
3479 1223 3692 1292 ᾠκειώ-

2108 1327 2257 1362 σατο·
2291 1309 2364 1373 ὡς
2389 1309 2639 1362 ἐντεῦθεν
2669 1309 2987 1372 λείπεσθαι,
3019 1310 3051 1381 ἢ
3081 1310 3173 1363 καὶ
3201 1311 3301 1380 τῆς
3355 1312 3694 1381 ποθουμένης

419 1407 643 1470 τούτους
709 1409 982 1478 Θαλάσσης
1037 1408 1370 1475 ἀπάγεσθαι,
1422 1407 1453 1477 ἤ
1521 1408 1655 1460 ἀλλὰ
1699 1403 2066 1458 καταδύεσθαι
2103 1405 2183 1466 εἰς
2215 1403 2398 1473 βυθὸν,
2424 1403 2452 1457 ὃ
2476 1405 2569 1458 καὶ
2599 1403 2877 1458 πείσονται
2907 1421 2920 1434 ·
2947 1405 3021 1469 ὡς
3048 1403 3213 1473 μηδὲν
3240 1404 3298 1457 ὃν
3356 1407 3540 1468 αὐτοῖς
3569 1426 3695 1478 μετ-

419 1505 479 1557 δν
527 1505 660 1574 μηδὲ
716 1505 814 1575 τῆς
871 1506 1270 1576 άμφικλύστου,
1327 1506 1427 1572 τῆς
1482 1503 1822 1573 νησιώτιδος,
1885 1499 2018 1553 ἔνθα
2054 1502 2156 1569 γῆς
2179 1500 2394 1569 ἀπάσης
2427 1503 2699 1573 μόναρχος
2741 1504 2879 1574 μετά
2909 1521 2972 1573 γε
3005 1504 3138 1561 Θεὸν
3171 1510 3198 1561 6
3262 1506 3530 1578 ἡμέτερος
3596 1504 3694 1574 βα*

422 1596 624 1660 σιλεύς.

495 1687 734 1742 12.1am
800 1688 977 1741 oratio
1033 1702 1150 1740 mea
1212 1699 1384 1756 pauca
1445 1685 1694 1755 quaedam
1739 1684 1882 1740 dicet
1941 1679 2002 1734 ad

2188 1678 2276 1749 ιβ’.
2311 1681 2572 1735 Κείσεταί
2607 1699 2700 1751 μοι
2736 1681 2900 1754 μέρος
2945 1683 3180 1738 ἐνταῦθα
3206 1685 3308 1756 τῆς
3343 1687 3685 1759 ἀφηγήσεως

421 1780 683 1834 honorem
719 1777 863 1847 regis
899 1777 991 1848 qui
1021 1791 1085 1831 ex
1137 1775 1442 1832 Jerusalem
1479 1777 1545 1831 ad
1606 1790 1707 1830 nos
1745 1776 2007 1842 accurrit,

419 1884 531 1924 tam
564 1870 752 1924 auditu
789 1885 952 1939 quam
990 1869 1156 1938 gestis
1189 1868 1482 1933 attonitus,
1516 1868 1652 1920 mira
1703 1867 2007 1936 imperato-

420 1965 499 2016 ris
534 1959 774 2015 facinora
814 1959 1034 2030 penitus
1061 1973 1486 2029 recognoscens,
1523 1958 1723 2027 quibus
1755 1958 2006 2011 decorem

419 2053 584 2110 simul
627 2061 679 2107 et
737 2052 961 2122 plausus
1020 2053 1396 2122 comparavit;
1441 2052 1525 2106 vir
1571 2049 1810 2120 denique
1844 2064 2006 2120 quem

421 2148 605 2202 hostes
668 2145 933 2216 pavebant
985 2145 1282 2199 irruentem
1311 2186 1326 2213 ,
1361 2156 1415 2201 et
1467 2143 1829 2214 imperatoria:
1875 2142 2008 2196 dex-

419 2249 551 2296 terae
597 2239 801 2308 impetu
856 2253 920 2293 ac
977 2237 1027 2290 vi
1093 2237 1359 2294 altissima
1410 2236 1706 2308 gentilibus
1756 2235 2006 2305 sepulcra

418 2331 823 2402 adaperientem
907 2331 1166 2385 omnibus
1223 2332 1314 2400 qui
1365 2329 1638 2384 viviﬁcum
1695 2328 2006 2398 sepulcrum

415 2425 693 2482 audebant
735 2424 990 2478 invisere.
1056 2422 1159 2488 Qui
1192 2438 1316 2476 eum
1353 2421 1653 2492 cupivisset
1699 2419 2004 2491 principem

416 2516 616 2571 intueri
679 2525 737 2568 ut
803 2514 928 2569 inde
996 2515 1452 2570 corroboraretur
1526 2513 1788 2568 adversus
1855 2510 2006 2566 viros

418 2607 529 2663 Deo
563 2607 784 2661 inimica
838 2607 1093 2661 ineuntes
1126 2606 1382 2669 consilia,
1413 2619 1515 2659 nec
1558 2604 1774 2658 itineris
1805 2604 2010 2657 incom-

414 2701 574 2755 moda
598 2698 975 2754 consideravit
1003 2713 1103 2752 nec
1136 2698 1558 2768 longitudinem,
1591 2712 1689 2751 nec
1717 2695 1809 2748 alti
1839 2696 2006 2748 maris

416 2792 658 2863 pericula
683 2791 738 2846 in
775 2800 1014 2845 mentem
1045 2791 1293 2853 adduxit,
1319 2787 1414 2844 sed
1434 2795 1686 2843 neutrum
1722 2797 1903 2842 mente
1921 2802 2008 2841 re-

412 2889 682 2956 cogitans,
704 2883 1002 2938 dummodo
1038 2881 1334 2936 adveniens
1356 2897 1478 2936 eum
1513 2880 1566 2934 in
1601 2881 1846 2934 oratione
1869 2894 2005 2949 pos-

411 2981 481 3038 sit
513 2977 740 3031 adorare
763 3017 778 3042 ,
815 2976 1006 3030 statuit
1049 2974 1212 3030 simul
1243 2989 1337 3044 per
1364 2989 1512 3027 mare
1545 2973 1717 3039 adire,
1745 2989 1850 3027 non
1876 2975 2000 3042 quia

2116 1775 2208 1826 καὶ
2238 1773 2299 1826 τὸ
2323 1772 2418 1827 τοῦ
2454 1774 2626 1844 ρηγὸς
2661 1775 3079 1846 μεγαλώνυμον,
3127 1777 3187 1841 ὃς
3222 1778 3282 1844 ἐξ
3327 1777 3688 1851 Ἰερουσαλὴμ

2112 1864 2191 1926 τίς
2229 1864 2375 1932 ἡμᾶς
2401 1864 2630 1934 ἔδραμε,
2665 1864 2804 1935 ἀκοῇ
2827 1882 2886 1919 τε
2921 1867 3461 1938 καταπεπληγμένος
3485 1871 3581 1922 καὶ
3605 1871 3688 1940 ἐρ·

2111 1973 2251 2024 γοις,
2309 1955 2586 2026 μακρόθεν
2648 1956 2706 2009 τὺ
2770 1956 2862 2009 τοῦ
2917 1958 3187 2029 βασιλέως
3240 1959 3689 2031 ἀξιοθαύμαστόν

2113 2047 2464 2115 ἐπεγνωκὼς,
2490 2043 2571 2110 οἷς
2595 2049 2953 2119 εὐηργέτητο,
2977 2046 3058 2113 οἷς
3081 2055 3488 2124 συγκεκρότητο
3509 2071 3523 2085 ο
3547 2055 3685 2124 ἀνὴρ

2110 2143 2203 2194 καὶ
2233 2141 2407 2202 ἄλλως
2441 2141 2540 2211 μὲν
2577 2143 2688 2204 τοῖς
2719 2143 2985 2207 ἐναντίοις
3029 2143 3321 2213 ἐμπίπτων
3375 2145 3570 2217 βαρὺς,
3598 2148 3686 2200 διὰ

2107 2233 2165 2285 δὲ
2192 2235 2290 2303 τῆς
2317 2231 2611 2303 βασιλικῆς
2641 2232 2824 2303 χειρὸς
2857 2233 2953 2287 καὶ
2999 2233 3314 2305 συνάρσεως
3351 2235 3690 2306 βαθυτάτους

2107 2322 2311 2392 τάφους
2347 2321 2660 2388 ὑπανοίγων
2691 2321 2770 2392 τῷ
2799 2323 2965 2390 ἔθνει,
2995 2325 3112 2378 ὅσοι
3150 2324 3244 2379 τοῦ
3276 2324 3563 2396 ζωηφόρου
3594 2329 3692 2385 τά-

2111 2431 2214 2483 φου
2267 2413 2620 2484 κατατολμᾷν
2653 2413 2886 2485 ἧθελον·
2938 2415 2996 2477 ὃς
3048 2416 3142 2470 καὶ
3175 2415 3531 2488 ὶπιθυμήσας
3584 2419 3687 2490 τῆς

2109 2507 2240 2569 θέας
2283 2506 2541 2575 γενέσθαι
2591 2506 2684 2560 τοῦ
2719 2508 3147 2581 αὐτοκράτορος,
3181 2509 3256 2574 ὡς
3303 2511 3370 2564 ἂν
3418 2512 3687 2565 ἐπιπλέοι)

2109 2595 2434 2667 κρατυνθεὶς
2481 2595 2626 2650 κατὰ
2669 2597 2776 2652 τῶν
2805 2598 2976 2669 ἐχθρά
3013 2599 3355 2669 φρονούντων
3387 2601 3530 2674 Θεῷ,
3559 2600 3687 2654 οὔτε

2107 2687 2168 2741 τὸ
2197 2689 2297 2758 τῆς
2322 2687 2443 2742 ὁδοῦ
2465 2689 2641 2758 τραχῦ
2668 2693 2762 2743 καὶ
2795 2690 2940 2756 μάλα
2965 2691 3103 2744 πολὺ
3135 2691 3448 2760 ἐλογίσατο,
3475 2693 3602 2745 οὗτε
3627 2695 3688 2746 τὸ

2108 2780 2208 2850 τῆς
2242 2783 2464 2850 μακρᾶς
2493 2780 2776 2850 θαλάσσης
2801 2782 2902 2834 οὐκ
2935 2782 3040 2848 ἔξω
3071 2784 3319 2837 κινδύνου
3354 2786 3564 2856 ἤγαγεν
3592 2787 3686 2838 ἐπὶ

2109 2871 2258 2926 νοῦν.
2310 2873 2472 2926 Ἀλλὰ
2530 2872 2760 2942 θέμενος
2813 2875 2892 2938 είς
2947 2874 3104 2927 οὐδὲν
3139 2876 3235 2927 καὶ
3291 2877 3600 2947 ἀμφότερα.
3639 2879 3684 2930 εἰ

2113 2963 2272 3033 μόνον
2315 2961 2487 3016 ἐλθὼν
2518 2963 2616 3032 τῆς
2666 2963 2725 3014 ἑν
2773 2963 2910 3032 εὐχῇ
2969 2964 3402 3036 προσκυνήσεως
3448 2968 3682 3034 γένοιτο,

409 3031 489 3126 illi
522 3072 606 3124 via
649 3031 889 3140 pedestri
925 3031 1256 3137 jucundius,
1293 3069 1310 3136 (
1338 3068 1462 3136 quis
1495 3066 1639 3122 enim
1672 3031 1859 3121 solidae
1883 3031 1997 3120 basi

2110 3031 2423 3127 προτίθεται
2453 3056 2602 3125 ὅμως
2634 3055 2733 3125 τὴν
2763 3053 2854 3107 διὰ
2887 3031 3166 3127 θαλάσσης
3193 3031 3574 3129 πορείανξοὺχ
3601 3031 3681 3114 ὅτι

404 3162 664 3236 praeferat
729 3161 920 3217 inferni
959 3166 1263 3228 tormenta‘,
1299 3169 1352 3214 et
1395 3163 1574 3230 potius
1625 3175 1785 3229 Quam
1834 3161 1988 3214 ﬁrmo

406 3253 542 3325 pede
576 3251 868 3321 procedere
920 3251 1073 3306 malit
1132 3265 1229 3320 per
1278 3251 1524 3304 velamen
1577 3250 1777 3305 mortis
1809 3257 1994 3303 trans-

409 3343 546 3416 ire?)
588 3346 680 3400 sed
718 3353 776 3397 ut
797 3358 860 3398 eo
888 3344 1052 3398 citius
1081 3343 1411 3396 charissimo
1446 3339 1721 3396 frueretur
1751 3351 1996 3411 aspectu.

2101 3150 2340 3206 καλλίων
2368 3148 2508 3220 αὐτὴ
2544 3147 2638 3201 τοῦ
2668 3146 3015 3218 πεζοφορεῖν,
3038 3148 3141 3221 (τίς
3176 3149 3287 3222 γὰρ
3318 3151 3416 3222 τῆς
3445 3168 3532 3204 στε
3545 3169 3676 3222 ρεμ-

2101 3244 2216 3297 νίου
2271 3241 2481 3311 βάσεως
2527 3241 2595 3295 ἂν
2645 3239 2824 3293 ἕλοιτο
2864 3240 3034 3311 ’ᾼδου
3084 3242 3378 3311 πέταυρον,
3433 3244 3528 3296 καὶ
3583 3241 3675 3295 τοίι⁹

2099 3334 2359 3402 ἀσφαλῶς
2384 3333 2593 3403 βαίνειν
2623 3336 2684 3388 τὸ
2709 3335 2796 3388 διὰ
2821 3334 3127 3402 θανασίμου
3160 3335 3677 3405 παραπετάσματος

403 3434 472 3488 Et
513 3437 810 3505 peragratis
855 3434 1179 3489 clrcuitibus
1229 3449 1366 3504 quos
1425 3435 1627 3491 lssicus
1673 3433 2001 3490 circumvol—

2110 3424 2473 3495 πτέλλεσθαη)
2523 3426 2641 3478 ἀλλ’
2685 3425 2774 3479 ἵνα
2820 3426 2956 3495 ταχὺ
3001 3425 3105 3492 τῆς
3147 3425 3415 3498 φιλτάτης
3494 3426 3670 3496 ὅψεως

403 3527 482 3579 vit
507 3526 663 3582 sinus
703 3541 960 3596 mareque
1003 3527 1451 3598 vicinum,gyros
1481 3538 1669 3581 autem
1721 3534 1997 3580 resecatu-

2110 3517 2350 3587 γένηται.
2387 3517 2496 3570 Καὶ
2526 3517 2710 3571 τοίνυν
2755 3518 2862 3570 τῶν
2898 3517 2998 3588 μὲν
3042 3518 3393 3589 περιδρόμων
3421 3521 3671 3575 ἀπαλλα-

403 3631 499 3670 rus
548 3632 612 3672 ex
665 3618 1021 3686 prosperitate
1089 3617 1510 3688 navigationis,
1557 3617 1816 3673 secundis
1867 3633 1997 3671 ven-

2110 3609 2240 3676 ταὶς.
2273 3606 2369 3671 οὓς
2414 3608 2443 3659 ὁ
2481 3609 2717 3672 Ἰσσικὸς
2772 3609 2978 3662 ἑλίσσει
3014 3610 3210 3674 κόλπος
3257 3611 3353 3664 καὶ⁸
3400 3610 3461 3663 τὸ
3508 3610 3672 3681 πέριξ

403 3707 476 3778 εἰς
512 3707 874 3776 manibusque
923 3709 1106 3763 navim
1167 3708 1615 3777 impellentibus,
1669 3708 1912 3773 advenit,
1941 3715 1994 3762 et

2110 3702 2310 3756 ἐκείνου
2339 3700 2626 3772 παράλιον,
2661 3701 2940 3772 ἐπιτεμὼν
2975 3703 3031 3755 δὲ
3069 3705 3171 3774 τὴν
3200 3703 3569 3775 κυκλοςδορίαν
3596 3704 3669 3773 τῷ

403 3793 709 3852 inebriatus
737 3805 823 3852 est
862 3797 1265 3867 colloquiorum
1307 3807 1558 3863 nectare,
1613 3799 1990 3854 conversatio-

2110 3795 2344 3862 ἱθαγενεῖ
2365 3793 2458 3847 τοῦ
2489 3793 2677 3847 στόλου
2703 3795 2924 3862 ἀνέμοις
2947 3811 3006 3847 τε
3034 3795 3340 3866 πομπίμοις
3363 3797 3460 3849 καὶ
3483 3798 3671 3867 χερσὶν

401 3899 644 3954 numque
674 3885 968 3950 ambrosia,
1000 3886 1328 3954 ueterisque
1379 3887 1733 3956 imperatoris
1805 3892 1990 3941 suavi-

2110 3885 2566 3950 ὲπισπευδούσαις
2614 3886 2708 3940 τὸν
2755 3886 2946 3953 πλοῦν,
2997 3883 3153 3959 ἦλθε,
3211 3888 3309 3942 καὶ
3366 3890 3666 3960 ὲνεφορήθη

402 3979 630 4032 tatibus.
665 3975 941 4048 Expertus
989 3986 1073 4032 est
1102 3977 1314 4032 virilem
1349 3977 1497 4032 illam
1531 3978 1788 4032 virtutem
1820 4019 1833 4042 ,
1868 3992 1991 4048 quae

2110 3977 2193 4031 ιιαὶ
2226 3977 2391 4040 αὐτὸς
2437 3977 2530 4030 τοῦ
2562 3977 2672 4030 τῶν
2716 3977 2946 4046 ὁμιλιῶν
2985 3978 3272 4048 νέκταρος,
3290 3979 3403 4048 ’τῆς
3453 3982 3510 4034 ὲν
3553 3982 3671 4035 δια-

402 4071 565 4123 etiam
600 4067 656 4121 in
683 4083 816 4136 pace
852 4067 1192 4136 quietissima
1228 4068 1549 4124 bellatorem
1579 4069 1834 4123 ostendat
1875 4069 1991 4123 for-

2110 4069 2311 4135 \éEEO’tV
2351 4069 2685 4138 ἀμϐροσίας,
2718 4069 2822 4140 τῆς
2851 4069 3045 4138 λοιπῆς
3079 4070 3368 4141 βασιλικῆς
3392 4073 3667 4143 γλυκύτη-

401 4157 672 4212 tissimum
706 4157 758 4210 in
803 4157 1078 4213 cursibus
1113 4172 1380 4229 equorum
1413 4159 1647 4227 aliisque
1683 4159 1988 4224 exercitiis,

2110 4178 2206 4224 tog.
2245 4161 2301 4213 'E
2313 4160 2547 4231 πειράθη
2580 4163 2674 4214 καὶ
2701 4164 2799 4230 τῆς
2829 4161 3088 4233 ἀνδρικῆς
3111 4163 3546 4234 ρωμαλεότητος,
3570 4167 3666 4219 ὅσα

402 4265 497 4303 seu
529 4249 708 4319 qualis
732 4250 881 4303 viros
923 4251 1207 4308 immanes.
1249 4251 1518 4304 montium
1561 4249 1708 4304 feras
1745 4250 1798 4304 in
1860 4251 1985 4304 tati-

2110 4269 2160 4322 rs
2189 4252 2337 4313 εἰκὸς
2366 4255 2422 4304 ἐν
2459 4252 2652 4323 εἰρήνῃ
2680 4251 2878 4323 βαθείᾳ
2917 4252 3260 4322 στρατιώτην
3289 4253 3516 4326 βριαρὸν
3545 4260 3665 4309 ὲπι-

403 4343 530 4395 bula
573 4343 818 4411 repellat,
854 4357 920 4397 ne
953 4341 1224 4411 frequenti
1266 4343 1427 4397 turba
1488 4343 1758 4397 irruentes
1814 4343 1991 4413 regio-

2110 4337 2402 4405 Ξείξασθιι,
2452 4339 2510 4389 ιν
2546 4338 2836 4402 ίππασίαις
2881 4343 3288 4409 γυμναστικαῖς
3319 4346 3440 4406 ταῖς
3471 4362 3528 4398 τε
3575 4347 3666 4399 άλ-

404 4450 527 4488 nem
557 4436 981 4504 depopulentur.
1023 4437 1155 4499 Quae
1186 4437 1440 4500 miratus,
1477 4435 1733 4490 discessit
1791 4449 1971 4504 praeco

2110 4441 2239 4494 ιαις.
2268 4431 2362 4482 καὶ
2393 4431 2494 4483 ὅσα
2521 4430 2647 4494 τοὺς
2679 4429 2854 4502 θῆρας
2888 4430 3142 4498 ῥίπτουσι
3189 4433 3316 4495 τοὺς
3351 4433 3662 4503 ὀρειϐάτας,

404 4527 771 4594 imperatoriae
803 4525 1168 4590 fortitudinis,
1205 4535 1260 4580 et
1287 4526 1368 4579 sic
1407 4525 1574 4581 robur
1623 4527 1898 4595 vulgavit,
1930 4532 1986 4580 et

2110 4522 2221 4585 τοὺς
2253 4521 2563 4592 πελωρίους
2587 4538 2602 4553 ο
2635 4521 2684 4574 οἳ
2723 4523 2798 4590 μὴ
2831 4523 3015 4592 συχνοὶ
3043 4524 3337 4589 πίπτοντες
3377 4528 3437 4580 τὸ
3467 4545 3664 4599 παροι-

405 4630 597 4668 omnes
635 4617 848 4670 vicinos
884 4617 1074 4671 hostes
1119 4617 1318 4671 terruit
1383 4618 1624 4671 dicentes
1677 4617 1753 4670 illi
1805 4615 1988 4672 favere

2110 4613 2362 4684 ιούμενον
2384 4614 2757 4686 ὲρημώσουσι.
2780 4617 2889 4668 Καὶ
2912 4615 3200 4686 θαυμάσας
3221 4619 3422 4685 ἐκεῖνο,
3449 4622 3660 4692 ἀπῆλθε

405 4715 660 4758 nostrum
711 4707 1124 4774 imperatorem.
1174 4705 1240 4758 Et
1265 4707 1400 4772 ista,
1456 4722 1540 4760 tne
1566 4706 1774 4775 judice,
1826 4705 1995 4759 mira-

2110 4703 2276 4772 ιῆρυξ
2320 4705 2416 4774 τῆς
2450 4703 2738 4775 βασιλικῆς
2788 4707 3209 4777 κραταιότητος,
3250 4711 3345 4762 καὶ
3394 4710 3539 4766 οὕτω
3567 4711 3662 4784 τὴν

404 4794 609 4848 buntur
671 4795 764 4848 lilii
826 4795 1016 4850 Ismael
1076 4800 1394 4850 memoriam
1475 4806 1818 4852 revocantes.
1880 4797 1990 4851 Nec

2110 4797 2253 4865 ,σχὺν
2305 4796 2772 4863 ὲπολυπλασίασε,
2807 4796 3026 4849 καὶτοῦ
3057 4799 3396 4869 περικύκλου
3450 4803 3661 4864 πάντας

406 4884 551 4937 enim
585 4883 659 4937 illi
689 4885 959 4938 malorum
985 4900 1052 4938 ex
1081 4886 1174 4941 illo
1207 4887 1428 4942 fuerunt
1457 4899 1732 4957 expertes.

2110 4887 2326 4958 ιχθροὺς
2355 4888 2692 4957 ἔδειμάτωσε
2737 4886 3010 4955 μαθόντας
3064 4891 3310 4960 εὐμενῶς
3339 4893 3486 4961 ἔχειν
3514 4893 3660 4962 αὐτῷ

404 4976 497 5028 τὸν
540 4975 806 5045 ἡμέτερον
846 4975 1247 5048 αὐτοκράτορα.
1280 4980 1392 5033 Καὶ
1439 4977 1814 5048 θαυμάσονται
1851 4977 1972 5045 μὲν,
2016 4971 2156 5041 οῖδα,
2184 4980 2282 5032 καὶ
2310 4979 2486 5034 ταῦτα
2529 4980 2580 5032 οἱ
2611 4979 2672 5043 ἐξ
2713 4977 2960 5049 Ἰσμαὴλ,
3003 4980 3102 5051 τὴν
3175 4983 3400 5054 μνήμην
3473 4985 3663 5040 ἀνακι-

409 5074 692 5140 νήσαντες.
728 5072 862 5125 Οὐδὲ
887 5073 994 5143 γὰρ
1031 5076 1188 5128 αὐτοὶ
1213 5075 1449 5137 ἀπαθεῖς
1476 5076 1665 5127 κακῶν
1696 5074 1807 5127 τῶν
1833 5075 2042 5127 ἐκεῖθεν
2069 5073 2348 5142 γεγόνασι.

488 5166 578 5220 15.
616 5165 939 5220 Miraculutn
973 5170 1151 5224 adhuc
1185 5169 1309 5224 iSIis
1342 5171 1618 5224 miraculis
1680 5171 1984 5225 mirabilius

2166 5175 2256 5236 ιγ’.
2287 5168 2484 5240 Θαῦμα
2527 5169 2584 5223 δὲ
2618 5172 2819 5241 μᾶλλον
2851 5175 3037 5236 αὐτοῖς
3067 5175 3162 5227 ἐπὶ
3207 5174 3448 5245 θαύματι
3479 5175 3653 5240 ἔσται,

410 5257 543 5310 mihi
610 5257 955 5312 referendum
1001 5271 1106 5325 est,
1164 5263 1287 5329 quia
1346 5277 1454 5314 non
1504 5271 1714 5314 tantum
1767 5261 1984 5332 regulus

2110 5262 2171 5312 ἱτι
2207 5260 2268 5312 ού
2303 5259 2464 5329 μόνον
2501 5262 2605 5332 ρὴξ
2653 5264 2865 5328 ἐκεῖνος
2912 5267 2978 5319 ὲκ
3028 5267 3184 5320 νότου
3215 5269 3552 5339 πεφοίτηκεν
3580 5271 3656 5330 εἰς

411 5346 520 5400 isto
551 5362 614 5399 ex
652 5349 951 5401 meridiana
986 5351 1138 5420 plaga
1173 5351 1236 5403 ad
1271 5365 1372 5402 nos
1400 5351 1657 5418 perrexit,
1688 5353 1782 5404 sed
1815 5352 1978 5404 etiam

2110 5351 2260 5418 luds.
2303 5350 2440 5403 ἀλλά
2473 5353 2568 5403 καὶ
2616 5353 2673 5420 ἐξ
2703 5355 2862 5425 ἡμῶν
2908 5355 3137 5427 ἔναγχος
3187 5357 3375 5427 ἕτερος
3401 5362 3515 5422 τοῖς
3566 5359 3654 5428 βο-

409 5453 438 5488 a
476 5437 632 5490 nobis
660 5439 802 5492 alius
867 5455 1041 5502 nuper
1071 5444 1136 5492 ad
1173 5443 1424 5495 boreales
1487 5442 1743 5494 Paeonum
1799 5453 1977 5510 partes

2110 5444 2263 5504 ιείοις
2293 5442 2398 5495 τῶν
2434 5445 2680 5498 Παιόνων
2726 5448 2956 5516 μέρεσιν
2993 5449 3268 5513 ἔσταλται,
3305 5451 3459 5504 οὐδὲν
3505 5452 3656 5504 ἐλάτ-

361 5555 364 5557 λ
410 5528 688 5594 profectus
737 5540 842 5594 est,
913 5533 1161 5598 aequalis,
1229 5549 1295 5585 ne
1341 5533 1513 5585 dicant
1557 5531 1769 5585 latioris
1829 5531 1980 5601 prin-

2110 5551 2239 5596 ,ονος
2265 5534 2368 5602 γῆς
2393 5536 2600 5605 ἄρχων,
2635 5539 2682 5589 εἰ
2728 5540 2804 5609 μὴ
2833 5542 2926 5594 καὶ
2973 5542 3174 5612 μᾶλλον
3209 5542 3503 5612 ἀπείρονος
3527 5559 3542 5575 ο
3572 5543 3655 5596 ἶνα

410 5628 540 5684 ceps
574 5619 844 5686 regionis;
878 5631 937 5674 ut
987 5623 1088 5688 ipsi
1122 5638 1278 5692 reges
1340 5626 1404 5678 ad
1447 5641 1544 5680 nos
1579 5624 1801 5681 veniant
1855 5644 1980 5682 eum

2110 5625 2183 5678 ιαί
2224 5625 2464 5695 βασιλεῖς
2496 5629 2580 5696 ἐφ’
2622 5631 2770 5700 ἡμᾶς
2805 5633 3135 5699 στέλλοιντο,
3181 5633 3273 5688 τὸν
3308 5634 3408 5686 ἐπὶ
3439 5634 3655 5686 πάντων

417 5706 511 5780 qui
536 5711 788 5766 onmiius
812 5714 1042 5790 imperat
1076 5719 1442 5791 conspecturi,
1471 5728 1523 5772 et
1554 5734 1707 5775 suam
1741 5720 1980 5792 ipsorum

2110 5720 2348 5792 ίέόμενοι
2394 5723 2791 5797 αὐτοκράτορα,
2824 5727 2920 5781 καὶ
2960 5728 3022 5781 τὸ
3071 5729 3274 5801 κράτος
3315 5729 3500 5791 αὐτοῖς
3535 5729 3652 5786 ἐπι-
