3992 6240
319 315 426 384 953

1182 331 1620 396 ALLOCUTIO
1663 336 1762 397 AD
1800 337 2235 406 MANUELEM
2272 345 2722 413 COMNENUM.

3487 356 3593 419 954

315 434 780 503 οφραγισόμενοι,
820 437 916 492 καὶ
960 439 1203 508 βασιλεῖς
1235 440 1394 510 αὖθις
1429 446 1522 514 ἀφ’
1556 447 1713 517 ἡμῶν
1749 447 1891 516 θερα

2016 453 2280 510 firmaturi
2321 463 2644 528 potentiam,
2673 477 2867 520 rursus
2919 480 3072 536 rcges
3101 483 3130 519 a
3165 467 3324 522 nobis
3391 470 3592 522 consti-

311 523 508 578 πεύεἰν
562 527 1022 602 ιπιταττόμενοι·
1069 534 1144 598 ὡς
1177 532 1318 591 εἶναι
1372 538 1502 602 τούς
1555 540 1658 608 μὲν
1707 539 1904 604 ἀλλους

312 619 596 689 ἀρχηγοὺς
625 625 722 676 ἐπὶ
747 627 876 689 τοὺς
907 627 999 680 ὐπ’
1031 630 1238 694 αὐτοῖς,
1272 633 1363 686 τὸν
1390 633 1444 686 δὲ
1491 635 1766 704 ἡμέτερον
1799 635 1902 687 αὐ-

311 715 627 785 τοκράτορα
681 717 953 779 βασιλέων
1005 723 1236 792 βασιλέα
1289 727 1380 778 καὶ
1426 727 1782 796 παμϐασιλέα
1814 729 1903 781 ἐπ’

311 805 556 871 ἐκείνους
580 827 594 840 ο
631 809 660 863 ὅ
682 811 746 881 δὴ
779 812 1043 882 μέγιστόν
1074 834 1134 869 τε
1172 818 1267 871 καὶ
1292 819 1652 890 ἐξοχώτατον.

388 900 470 954 ιδ’.
517 902 826 973 Ἀνέμνησα
858 908 916 959 δὲ
957 910 1022 962 ἂν
1056 911 1183 973 τοὺς
1221 911 1279 978 ἐξ
1323 913 1549 983 Ἰσμαὴλ
1596 915 1900 983 ἀκροατὰς,

314 993 411 1044 καὶ
443 993 601 1058 ὅσους
634 996 860 1068 ἐτέρους
899 1001 1076 1070 ρἧας
1117 1003 1362 1066 ἐκείνους
1401 1006 1434 1072 ή
1467 1005 1589 1058 καθ’
1615 1009 1762 1075 ἡμᾶς
1792 1008 1900 1060 εἶδε

313 1086 470 1150 πόλις
495 1087 660 1160 αὕτη,
683 1092 792 1144 τῶν
817 1093 924 1144 σῶν
953 1099 1329 1164 προπεσίντας
1354 1098 1552 1159 ποδῶν,
1580 1101 1627 1150 εί
1659 1099 1732 1170 μὴ
1766 1101 1900 1168 πρὸς

310 1179 636 1241 ἀλαζονείαν
677 1185 801 1238 τινά
855 1185 1086 1256 ἔμελλον
1141 1191 1296 1241 αὐτοὶ
1329 1190 1754 1258 ὲξογκώσεσθαι.
1789 1195 1898 1247 Ναὶ

306 1270 416 1340 γὰρ
467 1273 514 1323 οἱ
548 1272 934 1328 τῶνΊτταλῶν
988 1280 1224 1349 ἀρχηγοὶ
1281 1281 1506 1346 ἐκεῖνοι,
1559 1283 1661 1335 οὐκ
1712 1285 1898 1352 ἀγαθᾶ

306 1364 706 1435 φρονήσαντες,
737 1370 953 1438 μεγάλα
983 1375 1202 1441 φρονεῖν
1231 1372 1502 1428 δεδώκασι
1531 1374 1655 1429 καθ’
1684 1377 1896 1430 ἑαυτῶν

303 1456 431 1516 τοὺς
463 1455 694 1525 ἐχθρούς
719 1475 733 1488 ·
770 1459 842 1524 οἳ,
891 1459 1054 1530 μέχρι
1092 1463 1191 1532 μὲν
1225 1463 1325 1530 τὴν
1386 1465 1486 1536 σὴν
1533 1462 1681 1538 εἶχον
1733 1472 1896 1538 χεῖρα

309 1550 834 1620 συνεφαπτομένην,
883 1556 979 1606 καὶ
1011 1555 1126 1624 φῶς
1162 1556 1344 1619 αὐτοῖς
1399 1559 1634 1612 ἐλπίδων
1667 1561 1894 1629 ἀγαθῶν

307 1639 469 1694 ὁποῖα
506 1642 718 1695 στυλῶν
750 1643 1032 1700 θειοτάτου
1063 1648 1237 1717 πυρὸς
1284 1649 1702 1721 αἰθριάζουσαν,
1743 1655 1836 1708 καὶ
1865 1655 1894 1706 6

309 1735 404 1797 σὸς
435 1735 602 1803 φόϐος
631 1737 748 1800 τοῖς
772 1736 989 1808 ἐχθροῖς
1013 1741 1282 1793 ὲνεσείετο
1312 1742 1618 1809 ἐπαιγίζων
1639 1743 1714 1808 ὡς
1737 1747 1899 1814 νέφος

304 1827 402 1879 καὶ
435 1829 650 1892 σκότος,
681 1828 783 1898 τῆς
813 1829 924 1883 τῶν
959 1830 1270 1886 διωκόντων
1297 1833 1636 1906 ἐπίπροσθεν
1667 1838 1892 1908 τιθέμε-

303 1936 397 1981 νος
426 1919 624 1990 ὄψεως,
656 1923 853 1993 ἤγοντο
883 1925 1178 1995 ἀνδρικῶς,
1209 1926 1304 1980 καὶ
1329 1927 1409 1990 είς
1438 1928 1556 1983 ὁδον
1579 1931 1888 2002 ὲχειραγω-
1935 1921 1943 1932 ’

303 2010 523 2079 γοῦντο,
556 2013 654 2068 καὶ
675 2013 954 2069 διέϐαινον
983 2016 1269 2085 ἀσφαλῶς.
1310 2019 1442 2074 Ὅτε
1481 2021 1540 2074 δὲ
1571 2022 1888 2094 θαρρήσαν-

302 2121 395 2167 τες
425 2105 642 2170 ἑαυτοῖς
673 2108 976 2177 ἐμόνασαν,
1009 2111 1106 2164 καὶ
1140 2117 1166 2163 ὁ
1200 2110 1298 2165 τοῦ
1348 2116 1530 2182 φωτὶ-ς
1565 2115 1756 2180 στῦλος
1786 2118 1886 2172 οὐκ

295 2193 391 2269 ἦν,
425 2199 574 2268 καὶή
618 2199 818 2270 νεφέλη
873 2200 1046 2270 ἀπῆν,
1097 2202 1286 2256 οὐκέτι
1339 2205 1703 2275 πορευόμενοι
1753 2209 1886 2260 ἑπο-

299 2292 546 2362 ρεύοντο.
590 2291 728 2345 ἀλλά
760 2291 842 2364 (τὸ
876 2293 1008 2364 ἑξῆς
1047 2298 1146 2366 τῆς
1177 2294 1346 2366 ᾠδῆς)
1393 2297 1636 2361 ἔκλαιον,
1681 2299 1775 2352 καὶ
1802 2300 1886 2369 (τὸ

294 2385 570 2439 ἀνάπαλιν
594 2387 694 2457 τῆς
718 2385 886 2458 ᾠδῆς)
916 2387 1242 2459 βαλλόμενοι
1265 2388 1525 2461 πτώμασι
1545 2409 1740 2446 κατεστ
1753 2393 1890 2463 ρών-

293 2495 477 2540 νυντο,
509 2479 606 2534 καὶ
649 2481 748 2551 τῆς
785 2479 884 2549 σῆς
929 2480 1034 2546 ἔξω
1076 2483 1288 2553 σκέπης
1329 2485 1646 2552 γενόμενοι,
1678 2486 1888 2557 αῖθριοι

291 2576 408 2636 τοῖς
441 2575 636 2637 κακοῖς
672 2573 970 2640 ἐξέκειντο,
1004 2576 1098 2628 καὶ
1137 2576 1503 2644 ἐχαλαζοῢντο
1529 2581 1644 2639 τοῖς
1673 2579 1884 2647 βέλεσι,

294 2668 392 2721 καί
425 2666 649 2736 χύσεσιν
692 2667 944 2736 αἱμάτων
993 2671 1432 2739 καταρρεόμενοι
1470 2673 1883 2741 παρεσύριιντο,

291 2761 550 2832 περίοδόν
581 2777 704 2814 τινα
754 2761 998 2830 δυστυχῆ
1047 2761 1258 2832 ταύτην
1292 2765 1395 2817 οὐκ
1449 2764 1511 2829 ἐξ
1550 2764 1878 2836 ἀλλοτρίων,

287 2852 430 2905 ἀλλά
473 2851 756 2923 προσγενῆ
803 2852 1342 2922 δυσπραγήσαντες·
1394 2853 1518 2924 ἥτις
1570 2853 1701 2906 ποτὲ
1755 2856 1870 2915 τοῖς

2013 549 2220 613 luendi,
2264 550 2335 604 ita
2372 562 2430 604 ut
2491 555 2582 607 alii
2641 565 2883 612 rectores
2939 559 3048 614 illis
3100 561 3430 623 subdantur.
3495 562 3590 614 illo

2008 654 2139 691 vero
2198 639 2514 707 imperaturi
2572 659 2766 703 uestro
2815 665 3004 719 regum
3049 652 3182 723 Regi
3225 655 3591 724 omnibusque

2007 729 2312 786 dominanti
2349 737 2629 794 obcdiaot.
2667 742 2819 806 Quod
2873 745 3172 800 maximum
3209 755 3263 800 et
3292 748 3584 802 admodum

2005 839 2287 876 CXHIHIIIII.

2079 917 2166 970 id.
2197 917 2314 972 Jam
2345 919 2397 973 in
2443 925 2759 979 memoriam
2814 931 3084 986 revocabo
3119 943 3251 1000 quot
3281 933 3582 990 lsmaelitas

2007 1008 2112 1059 aud
2141 1021 2318 1073 cntcs,
2351 1021 2485 1079 quot
2519 1013 2657 1069 alios
2714 1019 2930 1086 regulos
2964 1031 3155 1076 nostra
3195 1025 3328 1078 vidit
3387 1027 3582 1079 civitas

2005 1103 2068 1153 ad
2107 1109 2226 1155 tuos
2257 1103 2420 1170 pedes
2448 1107 2789 1173 pt'ovolutos,
2818 1111 2922 1165 nisi
2949 1121 3002 1166 et
3038 1115 3142 1181 ipsi
3177 1117 3409 1185 quadam
3435 1119 3585 1172 iutu-

2005 1207 2212 1248 mercut
2241 1199 2573 1268 arrogantia.
2608 1200 2822 1256 Etenim
2849 1204 2924 1258 illi
2959 1205 3217 1262 Italorum
3250 1211 3440 1276 duces,
3472 1227 3580 1266 noo

2004 1287 2142 1340 bona
2186 1292 2490 1359 Cogitautes
2521 1308 2643 1346 sese
2678 1296 2934 1350 inimicos
2968 1301 3166 1355 animis
3218 1304 3392 1358 elatos
3429 1309 3586 1359 exhi-

2002 1377 2283 1445 buerunt;
2324 1384 2414 1450 qui
2439 1386 2684 1453 quaudiu
2719 1395 2866 1441 tuam
2893 1391 3241 1459 conjunctam
3275 1395 3583 1451 habuerunt

1999 1464 2278 1520 dexteram
2319 1481 2372 1522 et
2421 1470 2594 1528 lucem
2642 1476 2754 1543 spei
2790 1477 2948 1531 bona
2983 1480 3049 1533 ad
3107 1481 3283 1536 instar
3309 1486 3580 1540 columna:

1998 1557 2142 1627 ignis
2197 1559 2525 1617 divinissimi
2585 1578 2956 1632 serenantem,
3019 1583 3309 1644 metusque
3357 1578 3432 1630 tui
3478 1578 3584 1632 iiii-

2003 1653 2180 1708 micos
2209 1658 2501 1712 commovit
2535 1657 2754 1716 irruens
2781 1669 3042 1732 tanquam
3093 1667 3265 1722 nubes
3294 1676 3348 1722 et
3405 1672 3585 1740 caligo

2002 1752 2129 1799 ante
2158 1743 2352 1801 facient
2393 1753 2841 1818 persequentium
2873 1755 3113 1826 objecta,
3156 1759 3373 1815 fortiter
3396 1778 3586 1831 proce-

2001 1837 2225 1900 debant,
2248 1847 2303 1892 et
2337 1839 2388 1892 in
2431 1842 2569 1895 viam
2609 1843 3127 1911 introducebantur,
3159 1852 3583 1922 transibantque

2001 1928 2204 1982 saturi.
2239 1928 2344 1982 Sed
2384 1931 2605 1999 quando
2660 1932 3020 2003 sibimetipsis
3076 1939 3267 1994 conllsi
3299 1941 3401 1994 soli
3461 1942 3580 1998 fue-

2000 2026 2130 2070 runt
2162 2019 2358 2084 relicti,
2383 2035 2485 2074 nec.
2510 2019 2624 2088 jam
2655 2032 2774 2078 erat
2801 2024 2940 2081 lucis
2970 2028 3245 2093 columna,
3274 2032 3574 2103 aberatque

1997 2111 2192 2175 nubes,
2227 2113 2586 2181 procedentes
2623 2131 2732 2170 non
2791 2120 3180 2190 procedebant,
3241 2125 3340 2180 sed
3398 2143 3574 2198 usque

1993 2205 2059 2256 ad
2122 2203 2283 2259 linem
2339 2206 2631 2274 lugebant;
2691 2219 3027 2268 revertentes
3094 2226 3276 2270 autem
3353 2220 3576 2273 casibus

1987 2295 2179 2365 jactati
2212 2299 2392 2354 eversi
2426 2309 2576 2366 sunt,
2611 2309 2817 2372 tuoque
2867 2304 3041 2359 orbati
3079 2309 3356 2376 praesidio,
3412 2315 3574 2366 malis

1985 2387 2244 2458 jacehant
2277 2391 2524 2458 obnoxii,
2566 2395 2807 2464 telisque
2836 2399 2995 2466 quasi
3038 2401 3306 2469 grandine
3327 2406 3574 2471 percussi

1991 2488 2045 2534 et
2102 2483 2276 2536 multo
2323 2482 2550 2550 profuso
2602 2488 2870 2555 sanguine
2927 2492 3363 2562 repellebantur;
3406 2512 3571 2565 quant

1984 2573 2354 2628 calamitatum
2391 2577 2674 2645 periodum
2720 2595 2829 2633 non
2861 2581 2930 2635 ab
2967 2582 3185 2648 alienis,
3244 2586 3339 2640 sed
3374 2604 3400 2638 a
3458 2591 3576 2644 suis

1984 2667 2135 2736 passi
2168 2677 2320 2731 sunt,
2361 2683 2469 2722 non
2531 2685 2694 2725 secus
2731 2687 2796 2726 ac
2830 2673 2961 2726 olim
3018 2675 3240 2744 proavis
3299 2679 3577 2734 acciderat

1984 2755 2156 2823 Italis,
2213 2760 2436 2827 quando
2502 2770 2662 2816 terra:
2723 2763 3097 2822 Romanorum
3143 2768 3332 2834 robur,
3385 2787 3574 2834 regunt

1980 2850 2330 2917 miraculum,
2355 2855 2634 2910 accitu-tus
2666 2865 2750 2911 est
2784 2859 2952 2914 armis
2981 2876 3213 2930 magnus
3238 2864 3483 2920 Alexius.

288 2945 582 3018 προγόνοις
647 2944 875 3008 Ἰταλοῖς
936 2946 1235 2998 συνέπεσεν
1282 2945 1371 2998 ὅτε
1426 2945 1488 2998 τὸ
1539 2945 1741 3016 κράτος
1773 2945 1876 3014 τῆς
1928 2941 2218 3012 Ῥωμαίων
2244 2942 2515 3007 ὲζὼννυτο
2549 2948 2652 3016 γῆς
2686 2947 2747 3000 τὸ
2777 2948 2964 3018 θαῦμα
3037 2950 3148 3004 τῶν
3221 2952 3511 3022 βασιλέων,
3541 2943 3574 2996 δ

295 3039 472 3108 μέγας
514 3035 775 3103 ’Δλέξιος.

365 3135 451 3184 ιε’.
496 3128 658 3182 Ἀλλά
692 3127 746 3180 τί
781 3145 874 3197 μοι
902 3128 1041 3198 πρὸς
1073 3128 1134 3182 τὸ
1163 3128 1258 3182 τοῦ
1300 3129 1544 3196 Ἀλεξίου
1581 3131 1754 3203 ὄνομα
1780 3131 1880 3192 τὰς

2059 3125 2147 3179 15.
2173 3123 2279 3178 Sed
2306 3123 2437 3196 quid
2493 3125 2626 3179 milii
2680 3128 2748 3182 ad
2810 3129 2954 3184 istud
2990 3131 3168 3188 Alexii
3228 3150 3426 3192 nomen
3471 3154 3570 3195 au-

286 3223 462 3286 ἀκοάς
518 3221 915 3293 παραϐάλλεις,
968 3216 1013 3276 ὦ
1068 3221 1358 3293 πορφύρας
1415 3221 1640 3294 βλαστὲ,
1696 3223 1879 3288 ὀξεῖαν

283 3314 460 3386 ἀκοὴν
488 3315 730 3369 ἀνιστῶν
782 3315 919 3384 πρὸς
953 3314 1052 3384 τὴν
1087 3313 1377 3385 βασιλικὴν
1416 3315 1622 3386 ταύτην
1670 3315 1875 3385 φωνὴν.

285 3409 386 3464 καὶ
409 3409 487 3477 τῷ
522 3407 793 3478 γνωρίμῳ
826 3406 1040 3477 χαίρων
1084 3405 1186 3475 τῆς
1233 3405 1524 3476 κλήσεως;
1567 3407 1742 3476 Χαῖρε
1777 3407 1878 3476 μὲν

286 3501 388 3556 καὶ
415 3499 593 3570 τούτῳ
623 3501 702 3568 τῷ
737 3518 798 3552 τε
829 3500 1059 3569 ὀνόματι
1083 3499 1160 3568 τῷ
1184 3515 1246 3551 τε
1292 3497 1606 3568 πράγματι,
1653 3499 1748 3552 καὶ
1795 3499 1877 3561 είς

289 3592 578 3662 παππῴαν
605 3593 908 3662 ὁμοιότητα
943 3590 1176 3643 σεαυτὸν
1200 3589 1505 3653 ἀναϐίϐαζε
1530 3605 1545 3620 ·
1573 3589 1635 3642 τὸ
1661 3589 1718 3642 δὲ
1745 3591 1874 3658 πᾶν,

284 3686 620 3752 ἔξεικονίζου
662 3684 803 3755 πρὸς
829 3686 927 3746 τὰς
956 3683 1051 3735 τοῦ
1090 3682 1362 3752 βασιλέως
1414 3682 1623 3753 πατρὸς
1647 3683 1872 3753 ἀρετάς.

283 3779 501 3842 Γλυκύς
535 3780 562 3830 6
591 3778 768 3847 μέγας
810 3780 1018 3840 ἐκεῖνος
1067 3777 1326 3842 Ἀλέξιος,
1366 3777 1462 3828 καὶ
1508 3774 1672 3843 ζήλου
1699 3777 1872 3841 ἄξιος.

284 3871 544 3940 Χαρίτων
571 3869 792 3940 πλήρης
821 3871 849 3922 6
875 3867 1123 3936 ἀοίδιμος
1151 3869 1400 3932 πάππος,
1435 3871 1462 3920 6
1497 3869 1554 3920 ὲν
1575 3867 1872 3937 ,βασιλεῦσι

287 3961 645 4030 περίκλυτος,
674 3963 769 4013 καὶ
807 3955 917 4024 οἷος
949 3961 1247 4030 ζηλοῦσθαι
1271 3963 1384 4023 τοῖς
1421 3961 1636 4014 θέλουσι
1662 3961 1871 4015 τυποῦ-

282 4055 411 4108 σθαι
451 4055 590 4124 πρὸς
627 4054 912 4125 βασιλείας
939 4055 1253 4124 ἀκρίϐειαν.
1299 4055 1440 4109 Ἀλλ’
1462 4059 1489 4109 6
1516 4057 1700 4126 πατὴρ
1723 4056 1871 4128 ἄκρα

280 4143 586 4215 γλυκύτης,
619 4145 782 4214 χάρις
816 4143 1171 4216 αὐτόχρημα.
1203 4146 1269 4198 Τί
1301 4145 1436 4214 γοῦν
1477 4164 1562 4199 σοι
1592 4146 1690 4200 καὶ
1733 4149 1870 4200 ἀνα-

278 4237 500 4307 τρέχειν
524 4238 606 4298 είς
634 4237 704 4290 τά
733 4236 969 4302 παλαιὰ,
994 4237 1124 4290 ἔνθα
1157 4239 1290 4306 πρὸς
1318 4239 1555 4310 μίμησιν
1576 4241 1637 4292 τὸ
1667 4241 1871 4293 νεώτα-

276 4345 373 4382 τον
402 4329 610 4396 ἀγαθὸν
641 4327 922 4396 αὔταρκες
968 4329 1064 4382 καὶ
1097 4330 1585 4399 πολυσύγκρατον,
1630 4333 1868 4394 ἐκείνοις

277 4441 341 4475 τε
394 4422 592 4476 θάλλον
643 4423 760 4484 τοῖς
792 4424 856 4474 ὲκ
887 4423 1148 4492 πατέρων
1180 4423 1282 4474 ὅσα
1333 4426 1429 4474 καὶ
1451 4423 1868 4494 ,κληρονομίαις

280 4518 498 4579 καλαῖς,
531 4512 1050 4586 προσεπιπλουτοῦν
1083 4515 1140 4567 δὲ
1175 4518 1272 4567 καὶ
1305 4516 1374 4567 τὰ
1401 4514 1652 4583 οἵκοθεν;
1703 4516 1866 4570 Ἀλλὰ

279 4608 420 4679 πρὸς
457 4608 516 4661 σὲ
550 4608 671 4676 μὲν,
710 4601 755 4660 ὦ
795 4607 1090 4677 πορφύρας
1113 4606 1399 4676 αὐγασμα,
1433 4607 1636 4673 ἰδιάζον
1663 4608 1865 4662 αὐτίκα

279 4702 426 4772 μάλα
465 4701 620 4754 ἐσται
655 4717 748 4768 μοι
787 4699 846 4752 τὸ
879 4701 1286 4770 προσφώνημα.
1325 4699 1526 4753 Οὐκέτι
1575 4702 1685 4771 γάρ
1717 4719 1776 4754 σε
1802 4701 1863 4755 τὸ

271 4793 369 4848 τοῦ
401 4793 537 4846 Θεοῦ
572 4792 717 4864 μέγα
750 4793 913 4862 ἔργον
951 4796 1009 4846 ὲν
1039 4795 1306 4864 παρέργῳ
1331 4793 1492 4862 λόγου
1525 4795 1786 4866 θήσομαι.

349 4898 448 4956 ις’.
497 4889 637 4958 Ἐγὼ
666 4890 743 4954 δὲ,
778 4891 915 4959 ὅπερ
939 4888 1149 4957 ἔλεγον,
1175 4889 1277 4940 οὐκ
1309 4888 1376 4941 ἂν
1399 4891 1509 4950 τοῖς
1532 4889 1590 4954 ἐξ
1634 4890 1859 4960 Ἰσμαὴλ

271 4986 460 5039 ἐκεῖνα
491 4985 571 5047 είς
596 4983 768 5052 ἀκοὴν
794 4982 957 5035 ὠτίου
991 4983 1285 5052 ἀγάγοιμι,
1317 4979 1737 5048 εὐλαϐούμενος,
1782 4984 1858 5054 μὴ

273 5076 370 5129 καὶ
427 5075 527 5139 τὰς
582 5072 758 5144 ὀφρῦς
811 5073 901 5126 ἐπ’
961 5073 1198 5135 ἐκείνοις
1261 5071 1588 5144 μετεωρίσω
1647 5073 1853 5136 αὐτοῖς.

286 5166 619 5234 ’Δναμνήσω
653 5163 734 5224 δὲ,
791 5163 941 5223 ὅπως
990 5163 1018 5212 6
1073 5162 1204 5231 παρ’
1253 5163 1433 5224 αὐτοῖς
1475 5162 1620 5230 μέγα
1675 5161 1856 5233 φέρων

271 5261 448 5330 ὖνομα
481 5260 543 5310 τὸ
594 5255 950 5310 σουλτανικδν
984 5256 1126 5323 (δότε
1169 5255 1278 5324 γάρ
1313 5273 1404 5325 μοι
1437 5255 1538 5326 τὴν
1589 5254 1856 5325 ἐγχώριον

269 5355 386 5416 τοῖς
410 5349 790 5421 ἀκροωμένοις
821 5347 1029 5417 φωνὴν)
1061 5347 1141 5406 είς
1171 5347 1324 5416 ἡμᾶς
1354 5348 1449 5400 καὶ
1481 5347 1643 5410 αὐτὸς
1673 5347 1850 5418 διέϐη,

273 5448 371 5501 καὶ
405 5441 547 5498 εἶδεν
573 5442 736 5496 αὐτὸν
767 5443 802 5512 ή
827 5440 1247 5495 Κωνσταντίνου
1279 5441 1524 5508 πρέσϐυν
1560 5439 1699 5511 ὑπὲρ
1725 5443 1852 5494 ἑαυ-

268 5539 388 5604 τοῦ,
444 5535 796 5604 καταλλαγὰς
829 5535 894 5587 ὲκ
938 5533 1034 5586 τοῦ
1083 5532 1182 5602 τῆς
1209 5531 1539 5601 οἰκουμένης
1587 5533 1850 5587 δεσπότου

270 5629 670 5700 ποτνιώμενον,
701 5627 798 5680 καὶ
828 5627 890 5679 τὸ
925 5625 1095 5678 καλὸν
1145 5621 1311 5674 αὐτὸν
1361 5621 1546 5692 ἑαυτῷ
1581 5621 1850 5675 ἐπισπεύ-

268 5723 429 5776 δοντα
457 5721 522 5774 έκ
550 5719 648 5788 τῆς
673 5717 772 5772 τοῦ
796 5717 1202 5787 αὐτοκράτορος
1231 5711 1622 5784 γαληνότητος,
1663 5713 1755 5765 καὶ
1785 5716 1847 5766 οὐ

269 5815 339 5876 δι’
375 5814 568 5884 ἑτέρον
598 5810 1144 5885 καταπραττόμενον.
1181 5809 1292 5864 Καὶ
1317 5807 1370 5866 τί
1399 5805 1507 5878 γὰρ
1543 5805 1650 5868 ἔδει
1679 5805 1848 5879 ἄνδρα

1983 3235 2070 3274 res
2099 3218 2382 3287 patefacis,
2418 3219 2490 3272 fili
2535 3237 2812 3289 purpurae,
2847 3235 3130 3280 arrectani
3173 3233 3424 3298 praebens
3468 3250 3569 3290 au-

1981 3327 2096 3364 rem
2130 3309 2194 3363 ad
2228 3310 2367 3362 lianc
2399 3312 2601 3380 regiam
2645 3328 2856 3378 vocem,
2906 3324 2958 3370 et
3008 3328 3139 3371 noto
3168 3319 3418 3388 gaudens
3474 3338 3570 3377 co-

1979 3401 2275 3471 gnomine?
2323 3400 2426 3454 Sed
2458 3403 2636 3472 gaude
2694 3411 2749 3456 et
2807 3404 2874 3458 de
2918 3420 2978 3460 re
3019 3416 3074 3460 et
3113 3408 3182 3463 de
3212 3412 3435 3467 nomine
3456 3414 3562 3470 isto

1979 3506 2034 3548 et
2083 3493 2154 3547 ad
2207 3493 2295 3547 avi
2349 3494 2767 3548 similitudinem
2821 3499 3174 3568 temetipsum
3233 3505 3406 3573 erige,
3449 3522 3561 3560 uno

1979 3587 2170 3651 verbo,
2208 3587 2500 3657 imaginem
2538 3589 2710 3656 patris
2739 3591 2870 3660 regii
2903 3592 3168 3647 virtutum
3215 3595 3269 3648 in
3302 3605 3354 3650 te
3407 3599 3560 3666 inge-

1978 3695 2131 3734 nera.
2151 3680 2352 3735 Gratus
2385 3681 2478 3736 ille
2494 3683 2718 3738 Alexius
2749 3697 3002 3753 magnus,
3030 3695 3082 3738 et
3111 3686 3310 3741 invidia
3337 3687 3556 3756 digitus.

1976 3771 2286 3827 Gratiarum
2307 3775 2524 3843 plenus,
2552 3777 2708 3829 valde
2729 3777 3073 3832 venerandus
3094 3794 3229 3833 avus
3249 3789 3302 3834 et
3329 3783 3450 3835 talis
3468 3784 3556 3836 cui

1975 3866 2324 3926 annulentur.
2349 3877 2407 3920 ut
2438 3882 2623 3937 regum
2654 3867 3144 3939 celeberrimo,qui
3180 3875 3367 3925 volunt
3389 3873 3563 3925 iniur-

1975 3957 2116 4011 mari
2151 3957 2457 4012 secundum
2483 3959 2769 4028 dignitatis
2797 3962 2959 4030 regite
3004 3963 3420 4030 perfectionem.
3453 3965 3556 4018 Pa-

1974 4058 2059 4103 ter
2085 4066 2216 4104 vero
2251 4068 2467 4106 summa
2521 4056 2787 4118 suavitas,
2845 4070 2940 4108 seu
2980 4058 3161 4124 potius
3201 4045 3315 4126 ipsa
3357 4060 3552 4128 gratia.

1976 4140 2083 4196 Sed
2103 4159 2273 4212 quare
2291 4143 2357 4196 ad
2390 4146 2612 4213 antiqua
2642 4144 2876 4213 refugio,
2901 4148 3030 4199 dum
3063 4149 3151 4202 bic
3175 4149 3330 4203 adest
3365 4151 3552 4204 noris-

1973 4233 2174 4287 simum
2227 4244 2430 4290 bonum
2486 4237 2643 4291 valde
2692 4241 2951 4291 exim-ium
2978 4249 3033 4292 et
3089 4241 3552 4307 potentissimum,

1973 4328 2259 4396 paternis,
2302 4329 2462 4398 quasi
2514 4330 2782 4398 speciosis
2849 4329 3302 4396 litereditatibus,
3354 4333 3557 4389 ﬂorens

1972 4419 2306 4481 virtutibus,
2372 4421 2574 4488 quibus
2633 4421 2878 4476 abundat
2921 4421 3173 4478 familia?
3233 4423 3428 4480 Verum
3487 4429 3556 4482 ad

1891 4495 1946 4554 D
1976 4521 2048 4575 te,
2074 4529 2105 4565 ο
2135 4513 2388 4581 Splendor
2411 4529 2686 4583 purpurae,
2715 4516 2932 4584 proprie
2961 4526 3176 4584 spectat
3209 4533 3325 4570 mea
3357 4521 3552 4574 oratio.

1970 4603 2090 4660 Non
2129 4609 2274 4660 enini
2316 4615 2391 4671 te,
2423 4605 2516 4661 Dei
2545 4623 2796 4679 magnum
2820 4623 2980 4679 opus,
3009 4611 3254 4666 secundo
3281 4615 3556 4668 sermonis

1973 4715 2170 4769 ponam
2203 4698 2345 4753 loco.

2041 4882 2127 4935 l6.
2165 4880 2277 4948 Ego
2314 4895 2464 4945 vero,
2493 4880 2635 4934 sicut
2660 4879 2771 4950 jam
2807 4881 2942 4946 dixi,
2988 4882 3092 4937 ista
3130 4898 3238 4938 non
3273 4885 3548 4954 proferatn

1967 4974 2033 5025 ad
2070 4988 2234 5026 aures
2268 4971 2669 5027 lsmaelitarum
2704 4980 2758 5024 ut
2785 4987 2894 5026 non
2935 4973 3001 5028 de
3028 4987 3086 5026 se
3135 4973 3272 5040 ipsis
3304 4974 3550 5042 superci-

1966 5065 2098 5119 lium
2119 5065 2352 5133 erigant.
2378 5063 2431 5116 lu
2451 5062 2768 5117 memoriam
2787 5073 2968 5116 autem
2986 5065 3254 5118 revocabo
3272 5062 3548 5132 quomodo

1964 5157 2110 5226 apud
2172 5172 2273 5209 nos
2333 5170 2589 5224 magnum
2657 5155 2840 5209 ferens
2889 5171 3085 5208 nomen
3150 5157 3331 5208 sultan
3371 5153 3542 5224 (date

1961 5250 2108 5306 enim
2141 5248 2273 5302 milii
2316 5263 2505 5302 vocem
2540 5248 2898 5302 audientibus
2932 5245 3424 5308 accommodatam)
3473 5247 3543 5302 ad

1962 5357 2064 5396 nos
2092 5341 2210 5410 ipse
2239 5353 2462 5409 quoque
2490 5340 2770 5403 transivit,
2797 5347 2851 5392 et
2879 5336 3015 5391 vidit
3043 5352 3168 5390 eum
3193 5335 3544 5392 Constantini

1959 5434 2162 5490 civitas
2196 5448 2295 5503 pro
2326 5448 2384 5488 se
2425 5433 2696 5502 legatione
2747 5432 3086 5498 fungentem,
3147 5437 3480 5498 pactumque
3510 5446 3542 5484 a

1958 5527 2188 5583 domino
2221 5536 2382 5581 terra:
2410 5525 2693 5578 humiliter
2726 5522 3136 5591 deprecantem,
3167 5529 3221 5576 et
3252 5523 3335 5576 sui
3367 5521 3541 5592 ipsius

1961 5621 2280 5676 felicitatem
2333 5619 2401 5672 ab
2435 5614 2787 5685 imperatoris
2831 5616 3130 5672 serenitate
3165 5624 3539 5685 exoptantem,

1957 5729 2059 5768 nec
2084 5728 2182 5782 per
2209 5711 2375 5764 alium
2412 5723 2530 5763 eam
2563 5706 2972 5777 exquirentem.
3021 5705 3223 5778 thuid
3281 5708 3426 5764 enim
3457 5711 3542 5765 vir

1958 5807 2179 5878 sapiens
2205 5801 2406 5873 regiam
2461 5801 2787 5860 suavitatem
2839 5801 3033 5863 alienis
3068 5801 3225 5865 labiis
3259 5801 3540 5875 gustaret!
