  <div class='ocr_page' id='page_1' title='image "/cluster/home/n/w/nwhite01/storage/ocr_20150623/135/mdp.39015029921197/485.png"; bbox 0 0 3992 6240; ppageno 0'>
   <div class='ocr_carea' id='block_1_1' title="bbox 449 269 3712 380">
    <p class='ocr_par' dir='ltr' id='par_1_1' title="bbox 449 269 3712 380">
     <span class='ocr_line' id='line_1_1' title="bbox 449 269 3712 380; baseline -0.016 0"><span class='ocrx_word' id='word_1_1' title='bbox 449 318 571 380; x_wconf 76' lang='grc'><strong>955-</strong></span> <span class='ocrx_word' id='word_1_2' title='bbox 1160 300 1581 367; x_wconf 77' lang='lat' dir='ltr'><strong>EUSTA&#39;I‘HII</strong></span> <span class='ocrx_word' id='word_1_3' title='bbox 1622 289 2073 357; x_wconf 83' lang='lat' dir='ltr'><strong>THESSALON</strong></span> <span class='ocrx_word' id='word_1_4' title='bbox 2084 290 2386 352; x_wconf 82' lang='lat' dir='ltr'><strong>lCENSlS</strong></span> <span class='ocrx_word' id='word_1_5' title='bbox 2429 280 2993 349; x_wconf 73' lang='lat' dir='ltr'><strong>METROPOLIT/E</strong></span> <span class='ocrx_word' id='word_1_6' title='bbox 3610 269 3712 330; x_wconf 64' lang='lat'><strong>$56</strong></span> 
     </span>
    </p>
   </div>
   <div class='ocr_carea' id='block_1_2' title="bbox 448 389 2074 503">
    <p class='ocr_par' dir='ltr' id='par_1_2' title="bbox 448 406 2074 503">
     <span class='ocr_line' id='line_1_2' title="bbox 448 406 2074 503; baseline -0.02 -11"><span class='ocrx_word' id='word_1_7' title='bbox 448 437 661 503; x_wconf 81' lang='lat' dir='ltr'><strong>Quibus</strong></span> <span class='ocrx_word' id='word_1_8' title='bbox 691 429 755 484; x_wconf 83' lang='lat' dir='ltr'><strong>ad</strong></span> <span class='ocrx_word' id='word_1_9' title='bbox 796 436 1029 482; x_wconf 82' lang='lat' dir='ltr'><strong>tuentem</strong></span> <span class='ocrx_word' id='word_1_10' title='bbox 1064 424 1284 478; x_wconf 67' lang='lat' dir='ltr'><strong>illorum</strong></span> <span class='ocrx_word' id='word_1_11' title='bbox 1320 415 1611 477; x_wconf 83' lang='lat' dir='ltr'><strong>revocatis,</strong></span> <span class='ocrx_word' id='word_1_12' title='bbox 1655 424 1755 481; x_wconf 72' lang='lat' dir='ltr'><strong>ego</strong></span> <span class='ocrx_word' id='word_1_13' title='bbox 1797 406 2031 464; x_wconf 81' lang='lat' dir='ltr'><strong>confun-</strong></span> <span class='ocrx_word' id='word_1_14' title='bbox 2062 437 2074 469; x_wconf 52' lang='grc' dir='ltr'><em>Α</em></span> 
     </span>
    </p>
   </div>
   <div class='ocr_carea' id='block_1_3' title="bbox 2179 389 3709 503">
    <p class='ocr_par' dir='ltr' id='par_1_3' title="bbox 2179 389 3709 503">
     <span class='ocr_line' id='line_1_3' title="bbox 2179 389 3709 475; baseline -0.014 -15"><span class='ocrx_word' id='word_1_15' title='bbox 2179 408 2368 475; x_wconf 61' lang='grc' dir='ltr'><strong>πυνεχῆ</strong></span> <span class='ocrx_word' id='word_1_16' title='bbox 2422 402 2713 474; x_wconf 75' lang='grc' dir='ltr'><strong>βασιλικῆς</strong></span> <span class='ocrx_word' id='word_1_17' title='bbox 2765 397 3109 466; x_wconf 72' lang='grc' dir='ltr'><strong>γλυκύτητος</strong></span> <span class='ocrx_word' id='word_1_18' title='bbox 3160 390 3465 462; x_wconf 72' lang='grc' dir='ltr'><strong>ἀλλοτρίοις</strong></span> <span class='ocrx_word' id='word_1_19' title='bbox 3507 389 3709 459; x_wconf 78' lang='grc' dir='ltr'><strong>χείλε;ι</strong></span> 
     </span>
     <span class='ocr_line' id='line_1_4' title="bbox 2220 484 3709 503; baseline -0.013 9"><span class='ocrx_word' id='word_1_20' title='bbox 2220 498 2230 503; x_wconf 86' lang='grc'><strong>-</strong></span> <span class='ocrx_word' id='word_1_21' title='bbox 2311 497 2328 503; x_wconf 73' lang='grc'><strong>-</strong></span> <span class='ocrx_word' id='word_1_22' title='bbox 2469 496 2511 503; x_wconf 89' lang='grc'><strong>-.</strong></span> <span class='ocrx_word' id='word_1_23' title='bbox 2556 496 2579 503; x_wconf 90' lang='grc'><strong>-</strong></span> <span class='ocrx_word' id='word_1_24' title='bbox 2744 495 2755 503; x_wconf 96' lang='grc'>.</span> <span class='ocrx_word' id='word_1_25' title='bbox 2917 490 2929 503; x_wconf 91' lang='grc'><strong><em>,</em></strong></span> <span class='ocrx_word' id='word_1_26' title='bbox 3093 489 3106 503; x_wconf 86' lang='grc'>.</span> <span class='ocrx_word' id='word_1_27' title='bbox 3197 487 3208 503; x_wconf 92' lang='grc'><strong>,</strong></span> <span class='ocrx_word' id='word_1_28' title='bbox 3258 502 3261 503; x_wconf 25' lang='grc' dir='ltr'><strong>ν</strong></span> <span class='ocrx_word' id='word_1_29' title='bbox 3316 502 3321 503; x_wconf 26' lang='grc' dir='ltr'><strong>ν</strong></span> <span class='ocrx_word' id='word_1_30' title='bbox 3381 484 3709 503; x_wconf 22' lang='grc' dir='ltr'><strong>,πη-,μέ</strong></span> 
     </span>
    </p>
   </div>
   <div class='ocr_carea' id='block_1_4' title="bbox 453 484 2074 585">
    <p class='ocr_par' dir='ltr' id='par_1_4' title="bbox 453 484 2027 585">
     <span class='ocr_line' id='line_1_5' title="bbox 455 484 656 503; baseline -0.03 -10"><span class='ocrx_word' id='word_1_31' title='bbox 455 484 656 503; x_wconf 25' lang='grc' dir='ltr'><strong>,πωνή</strong></span> 
     </span>
     <span class='ocr_line' id='line_1_6' title="bbox 453 503 2027 585; baseline -0.022 0"><span class='ocrx_word' id='word_1_32' title='bbox 453 532 579 585; x_wconf 89' lang='lat' dir='ltr'><strong>dam</strong></span> <span class='ocrx_word' id='word_1_33' title='bbox 642 527 908 580; x_wconf 75' lang='lat' dir='ltr'><strong>barbaros</strong></span> <span class='ocrx_word' id='word_1_34' title='bbox 962 516 1251 572; x_wconf 85' lang='lat' dir='ltr'><strong>humiliata</strong></span> <span class='ocrx_word' id='word_1_35' title='bbox 1328 526 1518 566; x_wconf 87' lang='lat' dir='ltr'><strong>eorum</strong></span> <span class='ocrx_word' id='word_1_36' title='bbox 1577 503 1853 575; x_wconf 80' lang='lat' dir='ltr'><strong>superbia,</strong></span> <span class='ocrx_word' id='word_1_37' title='bbox 1904 515 2027 554; x_wconf 90' lang='lat' dir='ltr'><strong>cum</strong></span> 
     </span>
    </p>
   </div>
   <div class='ocr_carea' id='block_1_5' title="bbox 2179 484 3714 585">
    <p class='ocr_par' dir='ltr' id='par_1_5' title="bbox 2179 484 3714 562">
     <span class='ocr_line' id='line_1_7' title="bbox 2179 484 3714 562; baseline -0.012 -11"><span class='ocrx_word' id='word_1_38' title='bbox 2179 497 2397 550; x_wconf 81' lang='grc' dir='ltr'><strong>εύεσθαι</strong></span> <span class='ocrx_word' id='word_1_39' title='bbox 2423 513 2440 562; x_wconf 87' lang='grc'>;</span> <span class='ocrx_word' id='word_1_40' title='bbox 2469 496 2654 548; x_wconf 81' lang='grc' dir='ltr'><strong>Ταῦτα</strong></span> <span class='ocrx_word' id='word_1_41' title='bbox 2708 495 2789 555; x_wconf 86' lang='grc' dir='ltr'><strong>είς</strong></span> <span class='ocrx_word' id='word_1_42' title='bbox 2833 490 3057 560; x_wconf 74' lang='grc' dir='ltr'><strong>μνήμην</strong></span> <span class='ocrx_word' id='word_1_43' title='bbox 3091 487 3326 548; x_wconf 78' lang='grc' dir='ltr'><strong>ἐκείνοις</strong></span> <span class='ocrx_word' id='word_1_44' title='bbox 3370 484 3714 551; x_wconf 76' lang='grc' dir='ltr'><strong>ἀνακινήσας</strong></span> 
     </span>
    </p>
   </div>
   <div class='ocr_carea' id='block_1_6' title="bbox 457 574 2074 683">
    <p class='ocr_par' dir='ltr' id='par_1_6' title="bbox 457 597 2032 683">
     <span class='ocr_line' id='line_1_8' title="bbox 457 597 2032 683; baseline -0.022 -5"><span class='ocrx_word' id='word_1_45' title='bbox 457 627 530 678; x_wconf 85' lang='lat' dir='ltr'><strong>ita</strong></span> <span class='ocrx_word' id='word_1_46' title='bbox 567 622 810 676; x_wconf 72' lang='lat' dir='ltr'><strong>illustres</strong></span> <span class='ocrx_word' id='word_1_47' title='bbox 835 614 952 683; x_wconf 72' lang='lat' dir='ltr'><strong>agis</strong></span> <span class='ocrx_word' id='word_1_48' title='bbox 983 609 1312 674; x_wconf 79' lang='lat' dir='ltr'><strong>triumphos,</strong></span> <span class='ocrx_word' id='word_1_49' title='bbox 1345 618 1378 658; x_wconf 88' lang='lat'><strong>0</strong></span> <span class='ocrx_word' id='word_1_50' title='bbox 1415 604 1737 669; x_wconf 81' lang='lat' dir='ltr'><strong>imperator,</strong></span> <span class='ocrx_word' id='word_1_51' title='bbox 1764 597 2032 649; x_wconf 77' lang='lat' dir='ltr'><strong>adversus</strong></span> 
     </span>
    </p>
   </div>
   <div class='ocr_carea' id='block_1_7' title="bbox 2179 574 3717 683">
    <p class='ocr_par' dir='ltr' id='par_1_7' title="bbox 2179 574 3717 659">
     <span class='ocr_line' id='line_1_9' title="bbox 2179 574 3717 659; baseline -0.012 -17"><span class='ocrx_word' id='word_1_52' title='bbox 2179 589 2245 659; x_wconf 71' lang='grc' dir='ltr'><strong>γὼ</strong></span> <span class='ocrx_word' id='word_1_53' title='bbox 2298 588 2606 642; x_wconf 80' lang='grc' dir='ltr'><strong>καταιδέσω</strong></span> <span class='ocrx_word' id='word_1_54' title='bbox 2660 587 2787 647; x_wconf 71' lang='grc' dir='ltr'><strong>τοὺς</strong></span> <span class='ocrx_word' id='word_1_55' title='bbox 2851 583 3191 653; x_wconf 75' lang='grc' dir='ltr'><strong>βαρϐάρους.</strong></span> <span class='ocrx_word' id='word_1_56' title='bbox 3243 575 3578 631; x_wconf 72' lang='grc' dir='ltr'><strong>καταδαλιέιν</strong></span> <span class='ocrx_word' id='word_1_57' title='bbox 3619 574 3717 642; x_wconf 74' lang='grc' dir='ltr'><strong>τὴν</strong></span> 
     </span>
    </p>
   </div>
   <div class='ocr_carea' id='block_1_8' title="bbox 457 666 2074 773">
    <p class='ocr_par' dir='ltr' id='par_1_8' title="bbox 457 683 2035 773">
     <span class='ocr_line' id='line_1_10' title="bbox 457 683 2035 773; baseline -0.022 -5"><span class='ocrx_word' id='word_1_58' title='bbox 457 716 622 773; x_wconf 81' lang='lat' dir='ltr'><strong>illos,</strong></span> <span class='ocrx_word' id='word_1_59' title='bbox 677 708 932 773; x_wconf 79' lang='lat' dir='ltr'><strong>virosque</strong></span> <span class='ocrx_word' id='word_1_60' title='bbox 982 702 1250 755; x_wconf 86' lang='lat' dir='ltr'><strong>bellorum</strong></span> <span class='ocrx_word' id='word_1_61' title='bbox 1303 692 1669 748; x_wconf 80' lang='lat' dir='ltr'><strong>amicissimos</strong></span> <span class='ocrx_word' id='word_1_62' title='bbox 1732 686 1811 740; x_wconf 88' lang='lat' dir='ltr'><strong>tui</strong></span> <span class='ocrx_word' id='word_1_63' title='bbox 1863 683 2035 738; x_wconf 89' lang='lat' dir='ltr'><strong>solius</strong></span> 
     </span>
    </p>
   </div>
   <div class='ocr_carea' id='block_1_9' title="bbox 2179 666 3717 773">
    <p class='ocr_par' dir='ltr' id='par_1_9' title="bbox 2179 666 3717 751">
     <span class='ocr_line' id='line_1_11' title="bbox 2179 666 3717 751; baseline -0.013 -15"><span class='ocrx_word' id='word_1_64' title='bbox 2179 683 2308 751; x_wconf 79' lang='grc' dir='ltr'><strong>ρρὺν</strong></span> <span class='ocrx_word' id='word_1_65' title='bbox 2340 681 2546 741; x_wconf 81' lang='grc' dir='ltr'><strong>αὐτοῖς,</strong></span> <span class='ocrx_word' id='word_1_66' title='bbox 2595 679 2643 729; x_wconf 79' lang='grc' dir='ltr'><strong>εἰ</strong></span> <span class='ocrx_word' id='word_1_67' title='bbox 2676 673 2818 728; x_wconf 72' lang='grc' dir='ltr'><strong>οὕτω</strong></span> <span class='ocrx_word' id='word_1_68' title='bbox 2849 671 3140 743; x_wconf 79' lang='grc' dir='ltr'><strong>λαμπροὺς</strong></span> <span class='ocrx_word' id='word_1_69' title='bbox 3176 667 3332 736; x_wconf 80' lang='grc' dir='ltr'><strong>ἄγεις</strong></span> <span class='ocrx_word' id='word_1_70' title='bbox 3387 666 3717 736; x_wconf 74' lang='grc' dir='ltr'><strong>θριάμϐους,</strong></span> 
     </span>
    </p>
   </div>
   <div class='ocr_carea' id='block_1_10' title="bbox 462 760 2074 864">
    <p class='ocr_par' dir='ltr' id='par_1_10' title="bbox 462 775 2036 864">
     <span class='ocr_line' id='line_1_12' title="bbox 462 775 2036 864; baseline -0.02 -6"><span class='ocrx_word' id='word_1_71' title='bbox 462 815 607 858; x_wconf 88' lang='lat' dir='ltr'><strong>metu</strong></span> <span class='ocrx_word' id='word_1_72' title='bbox 643 813 867 854; x_wconf 80' lang='lat' dir='ltr'><strong>coerces</strong></span> <span class='ocrx_word' id='word_1_73' title='bbox 907 794 1001 864; x_wconf 90' lang='lat' dir='ltr'><strong>qui</strong></span> <span class='ocrx_word' id='word_1_74' title='bbox 1053 794 1107 845; x_wconf 90' lang='lat' dir='ltr'><strong>in</strong></span> <span class='ocrx_word' id='word_1_75' title='bbox 1146 788 1335 860; x_wconf 88' lang='lat' dir='ltr'><strong>plateis</strong></span> <span class='ocrx_word' id='word_1_76' title='bbox 1369 784 1764 864; x_wconf 75' lang='lat' dir='ltr'><strong>gloriabantur,</strong></span> <span class='ocrx_word' id='word_1_77' title='bbox 1810 786 1866 832; x_wconf 85' lang='lat' dir='ltr'><strong>et</strong></span> <span class='ocrx_word' id='word_1_78' title='bbox 1890 775 2036 845; x_wconf 89' lang='lat' dir='ltr'><strong>quod</strong></span> 
     </span>
    </p>
   </div>
   <div class='ocr_carea' id='block_1_11' title="bbox 2179 760 3719 864">
    <p class='ocr_par' dir='ltr' id='par_1_11' title="bbox 2179 760 3719 845">
     <span class='ocr_line' id='line_1_13' title="bbox 2179 760 3719 845; baseline -0.012 -18"><span class='ocrx_word' id='word_1_79' title='bbox 2179 802 2182 821; x_wconf 78' lang='grc'><strong>›</strong></span> <span class='ocrx_word' id='word_1_80' title='bbox 2214 771 2461 845; x_wconf 82' lang='grc' dir='ltr'><strong>βασιλεῦ,</strong></span> <span class='ocrx_word' id='word_1_81' title='bbox 2498 769 2618 824; x_wconf 82' lang='grc' dir='ltr'><strong>κατ’</strong></span> <span class='ocrx_word' id='word_1_82' title='bbox 2648 767 2852 831; x_wconf 79' lang='grc' dir='ltr'><strong>αὐτῶν,</strong></span> <span class='ocrx_word' id='word_1_83' title='bbox 2889 770 2983 818; x_wconf 75' lang='grc' dir='ltr'><strong>καὶ</strong></span> <span class='ocrx_word' id='word_1_84' title='bbox 3003 766 3130 826; x_wconf 72' lang='grc' dir='ltr'><strong>τοὺς</strong></span> <span class='ocrx_word' id='word_1_85' title='bbox 3158 760 3228 833; x_wconf 81' lang='grc' dir='ltr'><strong>ἦν</strong></span> <span class='ocrx_word' id='word_1_86' title='bbox 3254 763 3343 816; x_wconf 84' lang='grc' dir='ltr'><strong>ὅτε</strong></span> <span class='ocrx_word' id='word_1_87' title='bbox 3371 760 3719 827; x_wconf 79' lang='grc' dir='ltr'><strong>πολεμιωτά-</strong></span> 
     </span>
    </p>
   </div>
   <div class='ocr_carea' id='block_1_12' title="bbox 459 852 2074 960">
    <p class='ocr_par' dir='ltr' id='par_1_12' title="bbox 459 852 2040 960">
     <span class='ocr_line' id='line_1_14' title="bbox 459 852 2040 960; baseline -0.022 -9"><span class='ocrx_word' id='word_1_88' title='bbox 459 909 623 952; x_wconf 90' lang='lat' dir='ltr'><strong>nemo</strong></span> <span class='ocrx_word' id='word_1_89' title='bbox 661 888 938 960; x_wconf 71' lang='lat' dir='ltr'><strong>usquead</strong></span> <span class='ocrx_word' id='word_1_90' title='bbox 971 891 1297 956; x_wconf 74' lang='lat' dir='ltr'><strong>praesentem</strong></span> <span class='ocrx_word' id='word_1_91' title='bbox 1350 852 1762 948; x_wconf 78' lang='lat' dir='ltr'><strong>generationem</strong></span> <span class='ocrx_word' id='word_1_92' title='bbox 1812 869 1869 922; x_wconf 89' lang='lat' dir='ltr'><strong>in</strong></span> <span class='ocrx_word' id='word_1_93' title='bbox 1923 880 2040 919; x_wconf 85' lang='lat' dir='ltr'><strong>ma-</strong></span> 
     </span>
    </p>
   </div>
   <div class='ocr_carea' id='block_1_13' title="bbox 2179 852 3720 960">
    <p class='ocr_par' dir='ltr' id='par_1_13' title="bbox 2179 852 3720 932">
     <span class='ocr_line' id='line_1_15' title="bbox 2179 852 3720 932; baseline -0.012 -13"><span class='ocrx_word' id='word_1_94' title='bbox 2179 882 2262 929; x_wconf 71' lang='grc' dir='ltr'><strong>ους</strong></span> <span class='ocrx_word' id='word_1_95' title='bbox 2296 863 2449 932; x_wconf 81' lang='grc' dir='ltr'><strong>φόϐῳ</strong></span> <span class='ocrx_word' id='word_1_96' title='bbox 2482 863 2578 915; x_wconf 73' lang='grc' dir='ltr'><strong>καὶ</strong></span> <span class='ocrx_word' id='word_1_97' title='bbox 2616 861 2766 930; x_wconf 86' lang='grc' dir='ltr'><strong>μόνῳ</strong></span> <span class='ocrx_word' id='word_1_98' title='bbox 2804 859 3072 929; x_wconf 79' lang='grc' dir='ltr'><strong>προάγεις</strong></span> <span class='ocrx_word' id='word_1_99' title='bbox 3097 856 3184 908; x_wconf 76' lang='grc' dir='ltr'><strong>ἐπ’</strong></span> <span class='ocrx_word' id='word_1_100' title='bbox 3212 854 3422 923; x_wconf 75' lang='grc' dir='ltr'><strong>ἀγορᾶς</strong></span> <span class='ocrx_word' id='word_1_101' title='bbox 3448 852 3574 904; x_wconf 72' lang='grc' dir='ltr'><strong>κιθ*</strong></span> <span class='ocrx_word' id='word_1_102' title='bbox 3596 852 3720 902; x_wconf 60' lang='lat' dir='ltr'><strong>tau-</strong></span> 
     </span>
    </p>
   </div>
   <div class='ocr_carea' id='block_1_14' title="bbox 463 945 2074 1045">
    <p class='ocr_par' dir='ltr' id='par_1_14' title="bbox 463 945 2037 1045">
     <span class='ocr_line' id='line_1_16' title="bbox 463 945 2037 1045; baseline -0.024 1"><span class='ocrx_word' id='word_1_103' title='bbox 463 989 630 1045; x_wconf 82' lang='lat' dir='ltr'><strong>ximis</strong></span> <span class='ocrx_word' id='word_1_104' title='bbox 674 945 834 1041; x_wconf 73' lang='lat' dir='ltr'><strong>bellis</strong></span> <span class='ocrx_word' id='word_1_105' title='bbox 867 945 1093 1041; x_wconf 65' lang='lat' dir='ltr'><strong>fecerat,</strong></span> <span class='ocrx_word' id='word_1_106' title='bbox 1132 985 1187 1031; x_wconf 85' lang='grc' dir='ltr'><strong>ιιι</strong></span> <span class='ocrx_word' id='word_1_107' title='bbox 1216 945 1430 1028; x_wconf 75' lang='lat' dir='ltr'><strong>facilius</strong></span> <span class='ocrx_word' id='word_1_108' title='bbox 1461 965 1691 1039; x_wconf 87' lang='lat' dir='ltr'><strong>patrasti</strong></span> <span class='ocrx_word' id='word_1_109' title='bbox 1742 971 1819 1030; x_wconf 89' lang='lat' dir='ltr'><strong>et,</strong></span> <span class='ocrx_word' id='word_1_110' title='bbox 1876 967 1935 1014; x_wconf 88' lang='lat' dir='ltr'><strong>ut</strong></span> <span class='ocrx_word' id='word_1_111' title='bbox 1964 958 2037 1012; x_wconf 90' lang='lat' dir='ltr'><strong>ita</strong></span> 
     </span>
    </p>
   </div>
   <div class='ocr_carea' id='block_1_15' title="bbox 2179 945 3724 1045">
    <p class='ocr_par' dir='ltr' id='par_1_15' title="bbox 2179 945 3724 1027">
     <span class='ocr_line' id='line_1_17' title="bbox 2179 945 3724 1027; baseline -0.01 -16"><span class='ocrx_word' id='word_1_112' title='bbox 2179 959 2248 1014; x_wconf 83' lang='grc' dir='ltr'><strong>ὦν</strong></span> <span class='ocrx_word' id='word_1_113' title='bbox 2277 955 2664 1027; x_wconf 79' lang='grc' dir='ltr'><strong>πομπεύοντας</strong></span> <span class='ocrx_word' id='word_1_114' title='bbox 2686 972 2699 985; x_wconf 91' lang='grc'><strong>·</strong></span> <span class='ocrx_word' id='word_1_115' title='bbox 2736 954 2831 1006; x_wconf 75' lang='grc' dir='ltr'><strong>καὶ</strong></span> <span class='ocrx_word' id='word_1_116' title='bbox 2866 951 2894 1004; x_wconf 82' lang='grc' dir='ltr'>ὃ</span> <span class='ocrx_word' id='word_1_117' title='bbox 2947 950 3136 1020; x_wconf 73' lang='grc' dir='ltr'><strong>μηδείς</strong></span> <span class='ocrx_word' id='word_1_118' title='bbox 3169 966 3258 1001; x_wconf 85' lang='grc' dir='ltr'><strong>πω</strong></span> <span class='ocrx_word' id='word_1_119' title='bbox 3305 950 3467 1017; x_wconf 77' lang='grc' dir='ltr'><strong>μέχρι</strong></span> <span class='ocrx_word' id='word_1_120' title='bbox 3508 945 3607 998; x_wconf 69' lang='grc' dir='ltr'><strong>καὶ</strong></span> <span class='ocrx_word' id='word_1_121' title='bbox 3637 960 3724 1010; x_wconf 82' lang='grc' dir='ltr'><strong>γε·</strong></span> 
     </span>
    </p>
   </div>
   <div class='ocr_carea' id='block_1_16' title="bbox 465 1038 2074 1142">
    <p class='ocr_par' dir='ltr' id='par_1_16' title="bbox 465 1038 1467 1142">
     <span class='ocr_line' id='line_1_18' title="bbox 465 1038 1467 1142; baseline -0.021 -5"><span class='ocrx_word' id='word_1_122' title='bbox 465 1038 736 1142; x_wconf 54' lang='lat' dir='ltr'><strong>dieminsi</strong></span> <span class='ocrx_word' id='word_1_123' title='bbox 745 1090 813 1130; x_wconf 89' lang='lat' dir='ltr'><strong>ne</strong></span> <span class='ocrx_word' id='word_1_124' title='bbox 852 1074 1062 1127; x_wconf 81' lang='lat' dir='ltr'><strong>labore.</strong></span> <span class='ocrx_word' id='word_1_125' title='bbox 1080 1038 1089 1041; x_wconf 27' lang='grc'>⁷</span> <span class='ocrx_word' id='word_1_126' title='bbox 1464 1038 1467 1039; x_wconf 11' lang='grc' dir='ltr'><em>ν</em></span> 
     </span>
    </p>
   </div>
   <div class='ocr_carea' id='block_1_17' title="bbox 2179 1038 3723 1142">
    <p class='ocr_par' dir='ltr' id='par_1_17' title="bbox 2179 1038 3723 1121">
     <span class='ocr_line' id='line_1_19' title="bbox 2179 1038 3723 1121; baseline -0.01 -16"><span class='ocrx_word' id='word_1_127' title='bbox 2179 1054 2268 1114; x_wconf 83' lang='grc' dir='ltr'><strong>εᾶς</strong></span> <span class='ocrx_word' id='word_1_128' title='bbox 2293 1051 2503 1121; x_wconf 78' lang='grc' dir='ltr'><strong>ταύτης</strong></span> <span class='ocrx_word' id='word_1_129' title='bbox 2527 1050 2787 1117; x_wconf 79' lang='grc' dir='ltr'><strong>πολέμοις</strong></span> <span class='ocrx_word' id='word_1_130' title='bbox 2811 1045 3095 1114; x_wconf 75' lang='grc' dir='ltr'><strong>μεγίστοις</strong></span> <span class='ocrx_word' id='word_1_131' title='bbox 3126 1039 3537 1109; x_wconf 78' lang='grc' dir='ltr'><strong>κατεπράξατο,</strong></span> <span class='ocrx_word' id='word_1_132' title='bbox 3562 1038 3723 1096; x_wconf 74' lang='grc' dir='ltr'><strong>αὐτὸς</strong></span> 
     </span>
    </p>
   </div>
   <div class='ocr_carea' id='block_1_18' title="bbox 2146 1131 3617 1215">
    <p class='ocr_par' dir='ltr' id='par_1_18' title="bbox 2146 1131 3617 1215">
     <span class='ocr_line' id='line_1_20' title="bbox 2146 1131 3617 1215; baseline -0.01 -18"><span class='ocrx_word' id='word_1_133' title='bbox 2146 1146 2276 1215; x_wconf 76' lang='grc' dir='ltr'><strong>ῥᾷον</strong></span> <span class='ocrx_word' id='word_1_134' title='bbox 2308 1144 2451 1196; x_wconf 76' lang='grc' dir='ltr'><strong>οὓτω</strong></span> <span class='ocrx_word' id='word_1_135' title='bbox 2486 1139 2774 1209; x_wconf 74' lang='grc' dir='ltr'><strong>κατορθοῖς</strong></span> <span class='ocrx_word' id='word_1_136' title='bbox 2811 1137 2905 1191; x_wconf 74' lang='grc' dir='ltr'><strong>καὶ</strong></span> <span class='ocrx_word' id='word_1_137' title='bbox 2938 1136 3016 1197; x_wconf 83' lang='grc' dir='ltr'><strong>ὡς</strong></span> <span class='ocrx_word' id='word_1_138' title='bbox 3052 1136 3231 1187; x_wconf 77' lang='grc' dir='ltr'><strong>εἰπεῖν</strong></span> <span class='ocrx_word' id='word_1_139' title='bbox 3264 1131 3617 1186; x_wconf 84' lang='grc' dir='ltr'><strong>ἀπονώτατα.</strong></span> 
     </span>
    </p>
   </div>
   <div class='ocr_carea' id='block_1_19' title="bbox 538 1222 2074 1319">
    <p class='ocr_par' dir='ltr' id='par_1_19' title="bbox 538 1228 2043 1319">
     <span class='ocr_line' id='line_1_21' title="bbox 538 1228 2043 1319; baseline -0.024 -1"><span class='ocrx_word' id='word_1_140' title='bbox 538 1257 907 1319; x_wconf 79' lang='lat' dir='ltr'><strong>l17.,Facilins</strong></span> <span class='ocrx_word' id='word_1_141' title='bbox 957 1251 1067 1306; x_wconf 91' lang='lat' dir='ltr'><strong>dixi</strong></span> <span class='ocrx_word' id='word_1_142' title='bbox 1134 1254 1190 1302; x_wconf 85' lang='lat' dir='ltr'><strong>et</strong></span> <span class='ocrx_word' id='word_1_143' title='bbox 1247 1247 1364 1301; x_wconf 83' lang='lat' dir='ltr'><strong>sine</strong></span> <span class='ocrx_word' id='word_1_144' title='bbox 1413 1242 1622 1304; x_wconf 88' lang='lat' dir='ltr'><strong>labore,</strong></span> <span class='ocrx_word' id='word_1_145' title='bbox 1666 1228 2043 1291; x_wconf 88' lang='lat' dir='ltr'><strong>universitatis</strong></span> 
     </span>
    </p>
   </div>
   <div class='ocr_carea' id='block_1_20' title="bbox 2179 1222 3731 1319">
    <p class='ocr_par' dir='ltr' id='par_1_20' title="bbox 2221 1222 3731 1302">
     <span class='ocr_line' id='line_1_22' title="bbox 2221 1222 3731 1302; baseline -0.011 -12"><span class='ocrx_word' id='word_1_146' title='bbox 2221 1236 2309 1302; x_wconf 79' lang='grc' dir='ltr'><strong>ιζ’.</strong></span> <span class='ocrx_word' id='word_1_147' title='bbox 2349 1233 2513 1287; x_wconf 79' lang='grc' dir='ltr'><strong>Ἀλλὰ</strong></span> <span class='ocrx_word' id='word_1_148' title='bbox 2545 1234 2606 1286; x_wconf 70' lang='grc' dir='ltr'><strong>τὸ</strong></span> <span class='ocrx_word' id='word_1_149' title='bbox 2650 1232 2848 1301; x_wconf 81' lang='grc' dir='ltr'><strong>δήποτε</strong></span> <span class='ocrx_word' id='word_1_150' title='bbox 2885 1228 3046 1282; x_wconf 81' lang='grc' dir='ltr'><strong>τοῦτο</strong></span> <span class='ocrx_word' id='word_1_151' title='bbox 3090 1228 3152 1280; x_wconf 86' lang='grc' dir='ltr'><strong>τὸ</strong></span> <span class='ocrx_word' id='word_1_152' title='bbox 3193 1225 3361 1296; x_wconf 85' lang='grc' dir='ltr'><strong>μέρος</strong></span> <span class='ocrx_word' id='word_1_153' title='bbox 3401 1226 3536 1296; x_wconf 77' lang='grc' dir='ltr'><strong>ῥᾷον</strong></span> <span class='ocrx_word' id='word_1_154' title='bbox 3587 1222 3731 1289; x_wconf 78' lang='grc' dir='ltr'><strong>λέγω</strong></span> 
     </span>
    </p>
   </div>
   <div class='ocr_carea' id='block_1_21' title="bbox 469 1313 2074 1413">
    <p class='ocr_par' dir='ltr' id='par_1_21' title="bbox 469 1321 2046 1413">
     <span class='ocr_line' id='line_1_23' title="bbox 469 1321 2046 1413; baseline -0.025 -1"><span class='ocrx_word' id='word_1_155' title='bbox 469 1369 654 1413; x_wconf 87' lang='lat' dir='ltr'><strong>rerum</strong></span> <span class='ocrx_word' id='word_1_156' title='bbox 701 1349 930 1406; x_wconf 88' lang='lat' dir='ltr'><strong>oblitus.</strong></span> <span class='ocrx_word' id='word_1_157' title='bbox 989 1342 1234 1396; x_wconf 86' lang='lat' dir='ltr'><strong>Primum</strong></span> <span class='ocrx_word' id='word_1_158' title='bbox 1297 1331 1600 1396; x_wconf 73' lang='lat' dir='ltr'><strong>laborasti;</strong></span> <span class='ocrx_word' id='word_1_159' title='bbox 1666 1340 1813 1395; x_wconf 68' lang='lat' dir='ltr'><strong>swpe</strong></span> <span class='ocrx_word' id='word_1_160' title='bbox 1875 1321 2046 1377; x_wconf 89' lang='lat' dir='ltr'><strong>bella-</strong></span> 
     </span>
    </p>
   </div>
   <div class='ocr_carea' id='block_1_22' title="bbox 2179 1313 3732 1413">
    <p class='ocr_par' dir='ltr' id='par_1_22' title="bbox 2179 1313 3732 1394">
     <span class='ocr_line' id='line_1_24' title="bbox 2179 1313 3732 1394; baseline -0.01 -11"><span class='ocrx_word' id='word_1_161' title='bbox 2179 1331 2245 1383; x_wconf 64' lang='grc' dir='ltr'><strong>μαι</strong></span> <span class='ocrx_word' id='word_1_162' title='bbox 2276 1328 2501 1388; x_wconf 78' lang='grc' dir='ltr'><strong>ἄπονον,</strong></span> <span class='ocrx_word' id='word_1_163' title='bbox 2533 1325 2633 1394; x_wconf 86' lang='grc' dir='ltr'><strong>τῆς</strong></span> <span class='ocrx_word' id='word_1_164' title='bbox 2667 1324 2776 1377; x_wconf 85' lang='grc' dir='ltr'><strong>τῶν</strong></span> <span class='ocrx_word' id='word_1_165' title='bbox 2812 1321 3162 1392; x_wconf 79' lang='grc' dir='ltr'><strong>πραγμάτων</strong></span> <span class='ocrx_word' id='word_1_166' title='bbox 3198 1318 3457 1387; x_wconf 83' lang='grc' dir='ltr'><strong>ὁλότητος</strong></span> <span class='ocrx_word' id='word_1_167' title='bbox 3505 1313 3732 1368; x_wconf 77' lang='grc' dir='ltr'><strong>ἐκλαθό-</strong></span> 
     </span>
    </p>
   </div>
   <div class='ocr_carea' id='block_1_23' title="bbox 467 1407 2074 1515">
    <p class='ocr_par' dir='ltr' id='par_1_23' title="bbox 467 1412 2047 1515">
     <span class='ocr_line' id='line_1_25' title="bbox 467 1412 2047 1515; baseline -0.024 -10"><span class='ocrx_word' id='word_1_168' title='bbox 467 1450 698 1515; x_wconf 84' lang='lat' dir='ltr'><strong>sti;pro</strong></span> <span class='ocrx_word' id='word_1_169' title='bbox 724 1442 884 1497; x_wconf 87' lang='lat' dir='ltr'><strong>nobis</strong></span> <span class='ocrx_word' id='word_1_170' title='bbox 945 1432 1251 1495; x_wconf 88' lang='lat' dir='ltr'><strong>dimicasti;</strong></span> <span class='ocrx_word' id='word_1_171' title='bbox 1313 1434 1524 1482; x_wconf 70' lang='lat' dir='ltr'><strong>onustae</strong></span> <span class='ocrx_word' id='word_1_172' title='bbox 1592 1422 1817 1474; x_wconf 85' lang='lat' dir='ltr'><strong>fuerunt</strong></span> <span class='ocrx_word' id='word_1_173' title='bbox 1874 1412 2047 1468; x_wconf 87' lang='lat' dir='ltr'><strong>armis</strong></span> 
     </span>
    </p>
   </div>
   <div class='ocr_carea' id='block_1_24' title="bbox 2179 1407 3727 1515">
    <p class='ocr_par' dir='ltr' id='par_1_24' title="bbox 2179 1407 3727 1487">
     <span class='ocr_line' id='line_1_26' title="bbox 2179 1407 3727 1487; baseline -0.01 -12"><span class='ocrx_word' id='word_1_174' title='bbox 2179 1438 2338 1482; x_wconf 85' lang='grc' dir='ltr'><strong>ιενος.</strong></span> <span class='ocrx_word' id='word_1_175' title='bbox 2375 1420 2680 1487; x_wconf 83' lang='grc' dir='ltr'><strong>Ἐπόνησας</strong></span> <span class='ocrx_word' id='word_1_176' title='bbox 2711 1415 2781 1469; x_wconf 83' lang='grc' dir='ltr'><strong>τὰ</strong></span> <span class='ocrx_word' id='word_1_177' title='bbox 2807 1414 3019 1484; x_wconf 71' lang='grc' dir='ltr'><strong>πρῶτα.</strong></span> <span class='ocrx_word' id='word_1_178' title='bbox 3061 1409 3512 1481; x_wconf 79' lang='grc' dir='ltr'><strong>Ἐξεστρατεύσω</strong></span> <span class='ocrx_word' id='word_1_179' title='bbox 3537 1407 3727 1477; x_wconf 80' lang='grc' dir='ltr'><strong>συχνά.</strong></span> 
     </span>
    </p>
   </div>
   <div class='ocr_carea' id='block_1_25' title="bbox 474 1508 2051 1595">
    <p class='ocr_par' dir='ltr' id='par_1_25' title="bbox 474 1508 2051 1595">
     <span class='ocr_line' id='line_1_27' title="bbox 474 1508 2051 1595; baseline -0.018 -1"><span class='ocrx_word' id='word_1_180' title='bbox 474 1508 688 1595; x_wconf 72' lang='lat' dir='ltr'><strong>manus.</strong></span> <span class='ocrx_word' id='word_1_181' title='bbox 722 1532 829 1587; x_wconf 85' lang='lat' dir='ltr'><strong>Pro</strong></span> <span class='ocrx_word' id='word_1_182' title='bbox 867 1528 1025 1583; x_wconf 88' lang='lat' dir='ltr'><strong>nobis</strong></span> <span class='ocrx_word' id='word_1_183' title='bbox 1084 1524 1230 1577; x_wconf 81' lang='lat' dir='ltr'><strong>fuisti</strong></span> <span class='ocrx_word' id='word_1_184' title='bbox 1288 1519 1546 1583; x_wconf 87' lang='lat' dir='ltr'><strong>saueius;</strong></span> <span class='ocrx_word' id='word_1_185' title='bbox 1597 1514 1784 1568; x_wconf 79' lang='lat' dir='ltr'><strong>hostes</strong></span> <span class='ocrx_word' id='word_1_186' title='bbox 1830 1508 2051 1566; x_wconf 81' lang='lat' dir='ltr'><strong>saucia-</strong></span> 
     </span>
    </p>
   </div>
   <div class='ocr_carea' id='block_1_26' title="bbox 472 1604 2048 1686">
    <p class='ocr_par' dir='ltr' id='par_1_26' title="bbox 472 1604 2048 1686">
     <span class='ocr_line' id='line_1_28' title="bbox 472 1604 2048 1686; baseline -0.015 -1"><span class='ocrx_word' id='word_1_187' title='bbox 472 1630 542 1686; x_wconf 84' lang='lat' dir='ltr'><strong>sti</strong></span> <span class='ocrx_word' id='word_1_188' title='bbox 580 1631 651 1682; x_wconf 85' lang='lat' dir='ltr'><strong>ita</strong></span> <span class='ocrx_word' id='word_1_189' title='bbox 696 1634 753 1679; x_wconf 91' lang='lat' dir='ltr'><strong>ut</strong></span> <span class='ocrx_word' id='word_1_190' title='bbox 798 1636 894 1677; x_wconf 88' lang='lat' dir='ltr'><strong>eos</strong></span> <span class='ocrx_word' id='word_1_191' title='bbox 941 1613 1218 1672; x_wconf 84' lang='lat' dir='ltr'><strong>numerari</strong></span> <span class='ocrx_word' id='word_1_192' title='bbox 1273 1624 1616 1680; x_wconf 80' lang='lat' dir='ltr'><strong>nequaquam</strong></span> <span class='ocrx_word' id='word_1_193' title='bbox 1650 1606 1722 1661; x_wconf 85' lang='lat' dir='ltr'><strong>sit</strong></span> <span class='ocrx_word' id='word_1_194' title='bbox 1761 1604 2048 1674; x_wconf 75' lang='lat' dir='ltr'><strong>possibile.</strong></span> 
     </span>
    </p>
   </div>
   <div class='ocr_carea' id='block_1_27' title="bbox 472 1696 2053 1779">
    <p class='ocr_par' dir='ltr' id='par_1_27' title="bbox 472 1696 2053 1779">
     <span class='ocr_line' id='line_1_29' title="bbox 472 1696 2053 1779; baseline -0.018 -2"><span class='ocrx_word' id='word_1_195' title='bbox 472 1722 623 1779; x_wconf 80' lang='lat' dir='ltr'><strong>Vidit</strong></span> <span class='ocrx_word' id='word_1_196' title='bbox 651 1726 702 1772; x_wconf 90' lang='lat' dir='ltr'><strong>te</strong></span> <span class='ocrx_word' id='word_1_197' title='bbox 736 1713 999 1770; x_wconf 87' lang='lat' dir='ltr'><strong>sudorum</strong></span> <span class='ocrx_word' id='word_1_198' title='bbox 1029 1706 1232 1760; x_wconf 85' lang='lat' dir='ltr'><strong>flumen</strong></span> <span class='ocrx_word' id='word_1_199' title='bbox 1286 1705 1339 1757; x_wconf 92' lang='lat' dir='ltr'><strong>in</strong></span> <span class='ocrx_word' id='word_1_200' title='bbox 1375 1703 1494 1772; x_wconf 81' lang='lat' dir='ltr'><strong>ipso</strong></span> <span class='ocrx_word' id='word_1_201' title='bbox 1544 1696 1842 1770; x_wconf 78' lang='lat' dir='ltr'><strong>jucundius</strong></span> <span class='ocrx_word' id='word_1_202' title='bbox 1893 1696 2053 1752; x_wconf 87' lang='lat' dir='ltr'><strong>ablu-</strong></span> 
     </span>
    </p>
   </div>
   <div class='ocr_carea' id='block_1_28' title="bbox 2156 1500 3732 1584">
    <p class='ocr_par' dir='ltr' id='par_1_28' title="bbox 2156 1500 3732 1584">
     <span class='ocr_line' id='line_1_30' title="bbox 2156 1500 3732 1584; baseline -0.013 -13"><span class='ocrx_word' id='word_1_203' title='bbox 2156 1500 2441 1584; x_wconf 75' lang='grc' dir='ltr'><strong>Ἢθλησας</strong></span> <span class='ocrx_word' id='word_1_204' title='bbox 2475 1513 2544 1567; x_wconf 88' lang='grc' dir='ltr'><strong>δι’</strong></span> <span class='ocrx_word' id='word_1_205' title='bbox 2573 1511 2746 1582; x_wconf 81' lang='grc' dir='ltr'><strong>ἡμᾶς.</strong></span> <span class='ocrx_word' id='word_1_206' title='bbox 2789 1506 3123 1580; x_wconf 78' lang='grc' dir='ltr'><strong>Ἐτρίὸησάν</strong></span> <span class='ocrx_word' id='word_1_207' title='bbox 3154 1521 3250 1559; x_wconf 90' lang='grc' dir='ltr'><strong>σου</strong></span> <span class='ocrx_word' id='word_1_208' title='bbox 3282 1505 3398 1566; x_wconf 89' lang='grc' dir='ltr'><strong>τοῖς</strong></span> <span class='ocrx_word' id='word_1_209' title='bbox 3445 1500 3637 1563; x_wconf 84' lang='grc' dir='ltr'><strong>ὅπλοις</strong></span> <span class='ocrx_word' id='word_1_210' title='bbox 3676 1500 3732 1552; x_wconf 75' lang='lat' dir='ltr'><strong>al</strong></span> 
     </span>
    </p>
   </div>
   <div class='ocr_carea' id='block_1_29' title="bbox 2150 1595 3734 1681">
    <p class='ocr_par' dir='ltr' id='par_1_29' title="bbox 2150 1595 3734 1681">
     <span class='ocr_line' id='line_1_31' title="bbox 2150 1595 3734 1681; baseline -0.013 -17"><span class='ocrx_word' id='word_1_211' title='bbox 2150 1612 2355 1681; x_wconf 86' lang='grc' dir='ltr'><strong>χεῖρες.</strong></span> <span class='ocrx_word' id='word_1_212' title='bbox 2398 1601 2873 1674; x_wconf 79' lang='grc' dir='ltr'><strong>Ἐτραυματίσθης</strong></span> <span class='ocrx_word' id='word_1_213' title='bbox 2899 1600 3039 1670; x_wconf 75' lang='grc' dir='ltr'><strong>ὑπὲρ</strong></span> <span class='ocrx_word' id='word_1_214' title='bbox 3061 1597 3243 1670; x_wconf 76' lang='grc' dir='ltr'><strong>ἡμῶν.</strong></span> <span class='ocrx_word' id='word_1_215' title='bbox 3280 1595 3734 1666; x_wconf 85' lang='grc' dir='ltr'><strong>Ἑτραυμάτισας</strong></span> 
     </span>
    </p>
   </div>
   <div class='ocr_carea' id='block_1_30' title="bbox 2151 1685 3733 1772">
    <p class='ocr_par' dir='ltr' id='par_1_30' title="bbox 2151 1685 3733 1772">
     <span class='ocr_line' id='line_1_32' title="bbox 2151 1685 3733 1772; baseline -0.013 -15"><span class='ocrx_word' id='word_1_216' title='bbox 2151 1703 2280 1765; x_wconf 76' lang='grc' dir='ltr'><strong>τοὺς</strong></span> <span class='ocrx_word' id='word_1_217' title='bbox 2310 1700 2562 1772; x_wconf 76' lang='grc' dir='ltr'><strong>ἐχθροὺς,</strong></span> <span class='ocrx_word' id='word_1_218' title='bbox 2592 1697 2697 1751; x_wconf 82' lang='grc' dir='ltr'><strong>ὅσα</strong></span> <span class='ocrx_word' id='word_1_219' title='bbox 2727 1693 2850 1748; x_wconf 83' lang='grc' dir='ltr'><strong>οὐδὲ</strong></span> <span class='ocrx_word' id='word_1_220' title='bbox 2886 1695 2966 1756; x_wconf 83' lang='grc' dir='ltr'><strong>είς</strong></span> <span class='ocrx_word' id='word_1_221' title='bbox 2999 1690 3234 1761; x_wconf 79' lang='grc' dir='ltr'><strong>ἀριθμὸν</strong></span> <span class='ocrx_word' id='word_1_222' title='bbox 3264 1691 3457 1743; x_wconf 80' lang='grc' dir='ltr'><strong>πεσεῖν</strong></span> <span class='ocrx_word' id='word_1_223' title='bbox 3481 1685 3733 1740; x_wconf 80' lang='grc' dir='ltr'><strong>δυνατόν.</strong></span> 
     </span>
    </p>
   </div>
   <div class='ocr_carea' id='block_1_31' title="bbox 475 1778 2074 1879">
    <p class='ocr_par' dir='ltr' id='par_1_31' title="bbox 475 1789 2047 1879">
     <span class='ocr_line' id='line_1_33' title="bbox 475 1789 2047 1879; baseline -0.017 -10"><span class='ocrx_word' id='word_1_224' title='bbox 475 1826 612 1877; x_wconf 92' lang='lat' dir='ltr'><strong>tum,</strong></span> <span class='ocrx_word' id='word_1_225' title='bbox 644 1823 807 1879; x_wconf 82' lang='lat' dir='ltr'><strong>qitam</strong></span> <span class='ocrx_word' id='word_1_226' title='bbox 841 1804 1063 1872; x_wconf 80' lang='lat' dir='ltr'><strong>Cydnus</strong></span> <span class='ocrx_word' id='word_1_227' title='bbox 1119 1811 1357 1853; x_wconf 86' lang='lat' dir='ltr'><strong>mersum</strong></span> <span class='ocrx_word' id='word_1_228' title='bbox 1395 1796 1448 1849; x_wconf 93' lang='lat' dir='ltr'><strong>in</strong></span> <span class='ocrx_word' id='word_1_229' title='bbox 1492 1795 1613 1861; x_wconf 83' lang='lat' dir='ltr'><strong>ipso</strong></span> <span class='ocrx_word' id='word_1_230' title='bbox 1656 1789 2047 1847; x_wconf 74' lang='lat' dir='ltr'><strong>Alexandrum.</strong></span> 
     </span>
    </p>
   </div>
   <div class='ocr_carea' id='block_1_32' title="bbox 2179 1778 3738 1879">
    <p class='ocr_par' dir='ltr' id='par_1_32' title="bbox 2179 1781 3738 1862">
     <span class='ocr_line' id='line_1_34' title="bbox 2179 1781 3738 1862; baseline -0.013 -10"><span class='ocrx_word' id='word_1_231' title='bbox 2179 1795 2278 1853; x_wconf 71' lang='grc' dir='ltr'><strong>Ξῖδέ</strong></span> <span class='ocrx_word' id='word_1_232' title='bbox 2311 1813 2372 1849; x_wconf 91' lang='grc' dir='ltr'><strong>σε</strong></span> <span class='ocrx_word' id='word_1_233' title='bbox 2401 1794 2512 1849; x_wconf 83' lang='grc' dir='ltr'><strong>τῶν</strong></span> <span class='ocrx_word' id='word_1_234' title='bbox 2546 1789 2790 1862; x_wconf 80' lang='grc' dir='ltr'><strong>ἱδρώτων</strong></span> <span class='ocrx_word' id='word_1_235' title='bbox 2823 1788 3071 1859; x_wconf 72' lang='grc' dir='ltr'><strong>ποταμὸς</strong></span> <span class='ocrx_word' id='word_1_236' title='bbox 3115 1785 3493 1855; x_wconf 77' lang='grc' dir='ltr'><strong>ἀποδυόμενον</strong></span> <span class='ocrx_word' id='word_1_237' title='bbox 3528 1782 3612 1844; x_wconf 81' lang='grc' dir='ltr'><strong>είς</strong></span> <span class='ocrx_word' id='word_1_238' title='bbox 3640 1781 3738 1834; x_wconf 82' lang='grc' dir='ltr'><strong>αὐ-</strong></span> 
     </span>
    </p>
   </div>
   <div class='ocr_carea' id='block_1_33' title="bbox 476 1879 2049 1960">
    <p class='ocr_par' dir='ltr' id='par_1_33' title="bbox 476 1879 2049 1960">
     <span class='ocr_line' id='line_1_35' title="bbox 476 1879 2049 1960; baseline -0.018 -1"><span class='ocrx_word' id='word_1_239' title='bbox 476 1907 556 1960; x_wconf 80' lang='lat' dir='ltr'><strong>Ex</strong></span> <span class='ocrx_word' id='word_1_240' title='bbox 604 1902 837 1956; x_wconf 80' lang='lat' dir='ltr'><strong>adverso</strong></span> <span class='ocrx_word' id='word_1_241' title='bbox 888 1900 1214 1950; x_wconf 80' lang='lat' dir='ltr'><strong>cortueutes</strong></span> <span class='ocrx_word' id='word_1_242' title='bbox 1269 1889 1323 1941; x_wconf 90' lang='lat' dir='ltr'><strong>in</strong></span> <span class='ocrx_word' id='word_1_243' title='bbox 1379 1885 1697 1940; x_wconf 85' lang='lat' dir='ltr'><strong>servitutem</strong></span> <span class='ocrx_word' id='word_1_244' title='bbox 1748 1879 2049 1950; x_wconf 74' lang='lat' dir='ltr'><strong>redegisti;</strong></span> 
     </span>
    </p>
   </div>
   <div class='ocr_carea' id='block_1_34' title="bbox 476 1971 2053 2056">
    <p class='ocr_par' dir='ltr' id='par_1_34' title="bbox 476 1971 2053 2056">
     <span class='ocr_line' id='line_1_36' title="bbox 476 1971 2053 2056; baseline -0.02 0"><span class='ocrx_word' id='word_1_245' title='bbox 476 1999 664 2056; x_wconf 88' lang='lat' dir='ltr'><strong>nullus</strong></span> <span class='ocrx_word' id='word_1_246' title='bbox 701 1993 898 2055; x_wconf 84' lang='lat' dir='ltr'><strong>hostis,</strong></span> <span class='ocrx_word' id='word_1_247' title='bbox 945 1988 1129 2044; x_wconf 87' lang='lat' dir='ltr'><strong>nullus</strong></span> <span class='ocrx_word' id='word_1_248' title='bbox 1164 1983 1393 2039; x_wconf 73' lang='lat' dir='ltr'><strong>bellator</strong></span> <span class='ocrx_word' id='word_1_249' title='bbox 1434 1992 1597 2048; x_wconf 83' lang='lat' dir='ltr'><strong>quem</strong></span> <span class='ocrx_word' id='word_1_250' title='bbox 1664 1985 1719 2030; x_wconf 91' lang='lat' dir='ltr'><strong>tu</strong></span> <span class='ocrx_word' id='word_1_251' title='bbox 1754 1989 1867 2028; x_wconf 87' lang='lat' dir='ltr'><strong>non</strong></span> <span class='ocrx_word' id='word_1_252' title='bbox 1922 1971 2053 2028; x_wconf 89' lang='lat' dir='ltr'><strong>sub-</strong></span> 
     </span>
    </p>
   </div>
   <div class='ocr_carea' id='block_1_35' title="bbox 470 2070 2057 2161">
    <p class='ocr_par' dir='ltr' id='par_1_35' title="bbox 470 2070 2057 2161">
     <span class='ocr_line' id='line_1_37' title="bbox 470 2070 2057 2161; baseline -0.018 -14"><span class='ocrx_word' id='word_1_253' title='bbox 470 2090 699 2161; x_wconf 86' lang='lat' dir='ltr'><strong>jeeeris.</strong></span> <span class='ocrx_word' id='word_1_254' title='bbox 761 2084 1060 2153; x_wconf 76' lang='lat' dir='ltr'><strong>Propterea</strong></span> <span class='ocrx_word' id='word_1_255' title='bbox 1121 2090 1314 2133; x_wconf 91' lang='lat' dir='ltr'><strong>omnes</strong></span> <span class='ocrx_word' id='word_1_256' title='bbox 1371 2086 1557 2128; x_wconf 88' lang='lat' dir='ltr'><strong>coram</strong></span> <span class='ocrx_word' id='word_1_257' title='bbox 1601 2079 1653 2125; x_wconf 90' lang='lat' dir='ltr'><strong>te</strong></span> <span class='ocrx_word' id='word_1_258' title='bbox 1703 2070 1867 2124; x_wconf 85' lang='lat' dir='ltr'><strong>etiam</strong></span> <span class='ocrx_word' id='word_1_259' title='bbox 1929 2077 2057 2119; x_wconf 89' lang='lat' dir='ltr'><strong>ante</strong></span> 
     </span>
    </p>
   </div>
   <div class='ocr_carea' id='block_1_36' title="bbox 477 2158 2059 2254">
    <p class='ocr_par' dir='ltr' id='par_1_36' title="bbox 477 2158 2059 2254">
     <span class='ocr_line' id='line_1_38' title="bbox 477 2158 2059 2254; baseline -0.019 -14"><span class='ocrx_word' id='word_1_260' title='bbox 477 2158 835 2254; x_wconf 75' lang='lat' dir='ltr'><strong>congressum</strong></span> <span class='ocrx_word' id='word_1_261' title='bbox 903 2171 1229 2244; x_wconf 86' lang='lat' dir='ltr'><strong>procidunt;</strong></span> <span class='ocrx_word' id='word_1_262' title='bbox 1289 2170 1391 2238; x_wconf 90' lang='lat' dir='ltr'><strong>(ut</strong></span> <span class='ocrx_word' id='word_1_263' title='bbox 1468 2163 1601 2235; x_wconf 86' lang='lat' dir='ltr'><strong>quid</strong></span> <span class='ocrx_word' id='word_1_264' title='bbox 1676 2162 1824 2216; x_wconf 89' lang='lat' dir='ltr'><strong>enim</strong></span> <span class='ocrx_word' id='word_1_265' title='bbox 1898 2158 2059 2212; x_wconf 86' lang='lat' dir='ltr'><strong>dimi-</strong></span> 
     </span>
    </p>
   </div>
   <div class='ocr_carea' id='block_1_37' title="bbox 479 2247 2057 2337">
    <p class='ocr_par' dir='ltr' id='par_1_37' title="bbox 479 2247 2057 2337">
     <span class='ocr_line' id='line_1_39' title="bbox 479 2247 2057 2337; baseline -0.019 -7"><span class='ocrx_word' id='word_1_266' title='bbox 479 2247 625 2337; x_wconf 64' lang='lat' dir='ltr'><strong>cent,</strong></span> <span class='ocrx_word' id='word_1_267' title='bbox 675 2286 800 2326; x_wconf 88' lang='lat' dir='ltr'><strong>cum</strong></span> <span class='ocrx_word' id='word_1_268' title='bbox 854 2266 991 2321; x_wconf 80' lang='lat' dir='ltr'><strong>nihil</strong></span> <span class='ocrx_word' id='word_1_269' title='bbox 1036 2264 1163 2318; x_wconf 85' lang='lat' dir='ltr'><strong>illos</strong></span> <span class='ocrx_word' id='word_1_270' title='bbox 1234 2258 1342 2315; x_wconf 88' lang='lat' dir='ltr'><strong>nisi</strong></span> <span class='ocrx_word' id='word_1_271' title='bbox 1407 2256 1665 2311; x_wconf 89' lang='lat' dir='ltr'><strong>interitus</strong></span> <span class='ocrx_word' id='word_1_272' title='bbox 1741 2247 2057 2320; x_wconf 79' lang='lat' dir='ltr'><strong>maneat?)</strong></span> 
     </span>
    </p>
   </div>
   <div class='ocr_carea' id='block_1_38' title="bbox 481 2341 2058 2422">
    <p class='ocr_par' dir='ltr' id='par_1_38' title="bbox 481 2341 2058 2422">
     <span class='ocr_line' id='line_1_40' title="bbox 481 2341 2058 2422; baseline -0.018 0"><span class='ocrx_word' id='word_1_273' title='bbox 481 2379 535 2422; x_wconf 90' lang='lat' dir='ltr'><strong>et</strong></span> <span class='ocrx_word' id='word_1_274' title='bbox 569 2384 628 2422; x_wconf 87' lang='lat' dir='ltr'><strong>se</strong></span> <span class='ocrx_word' id='word_1_275' title='bbox 661 2378 765 2417; x_wconf 76' lang='lat' dir='ltr'><strong>tuae</strong></span> <span class='ocrx_word' id='word_1_276' title='bbox 800 2359 1046 2417; x_wconf 87' lang='lat' dir='ltr'><strong>subdunt</strong></span> <span class='ocrx_word' id='word_1_277' title='bbox 1071 2349 1457 2413; x_wconf 83' lang='lat' dir='ltr'><strong>dominationi,</strong></span> <span class='ocrx_word' id='word_1_278' title='bbox 1528 2360 1695 2415; x_wconf 84' lang='lat' dir='ltr'><strong>seque</strong></span> <span class='ocrx_word' id='word_1_279' title='bbox 1736 2341 2058 2411; x_wconf 78' lang='lat' dir='ltr'><strong>triumphali</strong></span> 
     </span>
    </p>
   </div>
   <div class='ocr_carea' id='block_1_39' title="bbox 456 2431 2058 2519">
    <p class='ocr_par' dir='ltr' id='par_1_39' title="bbox 456 2431 2058 2519">
     <span class='ocr_line' id='line_1_41' title="bbox 456 2431 2058 2519; baseline -0.021 -2"><span class='ocrx_word' id='word_1_280' title='bbox 456 2474 582 2519; x_wconf 71' lang='lat' dir='ltr'><strong>.tuo</strong></span> <span class='ocrx_word' id='word_1_281' title='bbox 612 2453 804 2513; x_wconf 91' lang='lat' dir='ltr'><strong>currui</strong></span> <span class='ocrx_word' id='word_1_282' title='bbox 829 2451 1077 2518; x_wconf 71' lang='lat' dir='ltr'><strong>alligant.</strong></span> <span class='ocrx_word' id='word_1_283' title='bbox 1122 2444 1187 2498; x_wconf 87' lang='lat' dir='ltr'><strong>Et</strong></span> <span class='ocrx_word' id='word_1_284' title='bbox 1213 2452 1438 2513; x_wconf 85' lang='lat' dir='ltr'><strong>propter</strong></span> <span class='ocrx_word' id='word_1_285' title='bbox 1468 2437 1596 2509; x_wconf 88' lang='lat' dir='ltr'><strong>quid</strong></span> <span class='ocrx_word' id='word_1_286' title='bbox 1629 2434 1778 2490; x_wconf 84' lang='lat' dir='ltr'><strong>aliud</strong></span> <span class='ocrx_word' id='word_1_287' title='bbox 1808 2444 1887 2488; x_wconf 88' lang='lat' dir='ltr'><strong>tot</strong></span> <span class='ocrx_word' id='word_1_288' title='bbox 1919 2431 2058 2486; x_wconf 84' lang='lat' dir='ltr'><strong>clari</strong></span> 
     </span>
    </p>
   </div>
   <div class='ocr_carea' id='block_1_40' title="bbox 484 2529 2059 2621">
    <p class='ocr_par' dir='ltr' id='par_1_40' title="bbox 484 2529 2059 2621">
     <span class='ocr_line' id='line_1_42' title="bbox 484 2529 2059 2621; baseline -0.017 -17"><span class='ocrx_word' id='word_1_289' title='bbox 484 2551 766 2621; x_wconf 78' lang='lat' dir='ltr'><strong>principes</strong></span> <span class='ocrx_word' id='word_1_290' title='bbox 789 2560 885 2614; x_wconf 84' lang='lat' dir='ltr'><strong>per</strong></span> <span class='ocrx_word' id='word_1_291' title='bbox 911 2554 1130 2596; x_wconf 90' lang='lat' dir='ltr'><strong>omnem</strong></span> <span class='ocrx_word' id='word_1_292' title='bbox 1176 2545 1378 2590; x_wconf 80' lang='lat' dir='ltr'><strong>terrain</strong></span> <span class='ocrx_word' id='word_1_293' title='bbox 1402 2530 1641 2600; x_wconf 80' lang='lat' dir='ltr'><strong>dispersi</strong></span> <span class='ocrx_word' id='word_1_294' title='bbox 1675 2529 1742 2583; x_wconf 91' lang='lat' dir='ltr'><strong>ad</strong></span> <span class='ocrx_word' id='word_1_295' title='bbox 1795 2542 1896 2580; x_wconf 91' lang='lat' dir='ltr'><strong>nos</strong></span> <span class='ocrx_word' id='word_1_296' title='bbox 1937 2540 2059 2595; x_wconf 88' lang='lat' dir='ltr'><strong>per-</strong></span> 
     </span>
    </p>
   </div>
   <div class='ocr_carea' id='block_1_41' title="bbox 485 2624 2060 2711">
    <p class='ocr_par' dir='ltr' id='par_1_41' title="bbox 485 2624 2060 2711">
     <span class='ocr_line' id='line_1_43' title="bbox 485 2624 2060 2711; baseline -0.019 -13"><span class='ocrx_word' id='word_1_297' title='bbox 485 2654 622 2711; x_wconf 61' lang='lat' dir='ltr'><strong>gunt</strong></span> <span class='ocrx_word' id='word_1_298' title='bbox 678 2638 978 2698; x_wconf 89' lang='lat' dir='ltr'><strong>continuo,</strong></span> <span class='ocrx_word' id='word_1_299' title='bbox 1037 2640 1091 2686; x_wconf 90' lang='lat' dir='ltr'><strong>et</strong></span> <span class='ocrx_word' id='word_1_300' title='bbox 1161 2628 1448 2683; x_wconf 89' lang='lat' dir='ltr'><strong>nobiscum</strong></span> <span class='ocrx_word' id='word_1_301' title='bbox 1514 2624 1699 2676; x_wconf 84' lang='lat' dir='ltr'><strong>vivere</strong></span> <span class='ocrx_word' id='word_1_302' title='bbox 1762 2624 2060 2686; x_wconf 80' lang='lat' dir='ltr'><strong>satagunt,</strong></span> 
     </span>
    </p>
   </div>
   <div class='ocr_carea' id='block_1_42' title="bbox 485 2712 2064 2807">
    <p class='ocr_par' dir='ltr' id='par_1_42' title="bbox 485 2712 2064 2807">
     <span class='ocr_line' id='line_1_44' title="bbox 485 2712 2064 2807; baseline -0.019 -15"><span class='ocrx_word' id='word_1_303' title='bbox 485 2749 723 2807; x_wconf 78' lang='lat' dir='ltr'><strong>qum-um</strong></span> <span class='ocrx_word' id='word_1_304' title='bbox 759 2745 867 2784; x_wconf 84' lang='lat' dir='ltr'><strong>non</strong></span> <span class='ocrx_word' id='word_1_305' title='bbox 895 2736 981 2783; x_wconf 85' lang='lat' dir='ltr'><strong>est</strong></span> <span class='ocrx_word' id='word_1_306' title='bbox 1020 2723 1223 2778; x_wconf 87' lang='lat' dir='ltr'><strong>labiqu</strong></span> <span class='ocrx_word' id='word_1_307' title='bbox 1258 2734 1452 2784; x_wconf 88' lang='lat' dir='ltr'><strong>unum,</strong></span> <span class='ocrx_word' id='word_1_308' title='bbox 1477 2728 1697 2785; x_wconf 85' lang='lat' dir='ltr'><strong>unaque</strong></span> <span class='ocrx_word' id='word_1_309' title='bbox 1724 2712 1934 2781; x_wconf 79' lang='lat' dir='ltr'><strong>lingua,</strong></span> <span class='ocrx_word' id='word_1_310' title='bbox 1967 2712 2064 2764; x_wconf 89' lang='lat' dir='ltr'><strong>sed</strong></span> 
     </span>
    </p>
   </div>
   <div class='ocr_carea' id='block_1_43' title="bbox 493 2802 2066 2900">
    <p class='ocr_par' dir='ltr' id='par_1_43' title="bbox 493 2802 2066 2900">
     <span class='ocr_line' id='line_1_45' title="bbox 493 2802 2066 2900; baseline -0.018 -17"><span class='ocrx_word' id='word_1_311' title='bbox 493 2802 750 2900; x_wconf 81' lang='lat' dir='ltr'><strong>prudenti</strong></span> <span class='ocrx_word' id='word_1_312' title='bbox 786 2818 1084 2876; x_wconf 81' lang='lat' dir='ltr'><strong>concordia</strong></span> <span class='ocrx_word' id='word_1_313' title='bbox 1112 2813 1446 2870; x_wconf 82' lang='lat' dir='ltr'><strong>meditantes</strong></span> <span class='ocrx_word' id='word_1_314' title='bbox 1476 2820 1531 2863; x_wconf 90' lang='lat' dir='ltr'><strong>et</strong></span> <span class='ocrx_word' id='word_1_315' title='bbox 1575 2810 1719 2861; x_wconf 86' lang='lat' dir='ltr'><strong>inter</strong></span> <span class='ocrx_word' id='word_1_316' title='bbox 1766 2820 1826 2859; x_wconf 87' lang='lat' dir='ltr'><strong>se</strong></span> <span class='ocrx_word' id='word_1_317' title='bbox 1854 2802 2066 2857; x_wconf 86' lang='lat' dir='ltr'><strong>delibe-</strong></span> 
     </span>
    </p>
   </div>
   <div class='ocr_carea' id='block_1_44' title="bbox 489 2893 2064 2987">
    <p class='ocr_par' dir='ltr' id='par_1_44' title="bbox 489 2893 2064 2987">
     <span class='ocr_line' id='line_1_46' title="bbox 489 2893 2064 2987; baseline -0.019 -11"><span class='ocrx_word' id='word_1_318' title='bbox 489 2893 678 2977; x_wconf 63' lang='lat' dir='ltr'><strong>rantes</strong></span> <span class='ocrx_word' id='word_1_319' title='bbox 696 2916 970 2987; x_wconf 89' lang='lat' dir='ltr'><strong>probeque</strong></span> <span class='ocrx_word' id='word_1_320' title='bbox 982 2910 1247 2971; x_wconf 84' lang='lat' dir='ltr'><strong>scientes,</strong></span> <span class='ocrx_word' id='word_1_321' title='bbox 1260 2918 1419 2974; x_wconf 90' lang='lat' dir='ltr'><strong>quem</strong></span> <span class='ocrx_word' id='word_1_322' title='bbox 1446 2901 1730 2956; x_wconf 84' lang='lat' dir='ltr'><strong>dominum</strong></span> <span class='ocrx_word' id='word_1_323' title='bbox 1755 2906 1876 2965; x_wconf 84' lang='lat' dir='ltr'><strong>post</strong></span> <span class='ocrx_word' id='word_1_324' title='bbox 1894 2893 2064 2948; x_wconf 86' lang='lat' dir='ltr'><strong>Deum</strong></span> 
     </span>
    </p>
   </div>
   <div class='ocr_carea' id='block_1_45' title="bbox 492 2987 2071 3075">
    <p class='ocr_par' dir='ltr' id='par_1_45' title="bbox 492 2987 2071 3075">
     <span class='ocr_line' id='line_1_47' title="bbox 492 2987 2071 3075; baseline -0.018 -7"><span class='ocrx_word' id='word_1_325' title='bbox 492 3025 664 3069; x_wconf 87' lang='lat' dir='ltr'><strong>unum</strong></span> <span class='ocrx_word' id='word_1_326' title='bbox 693 3008 978 3075; x_wconf 91' lang='lat' dir='ltr'><strong>solumque</strong></span> <span class='ocrx_word' id='word_1_327' title='bbox 1007 3002 1111 3057; x_wconf 90' lang='lat' dir='ltr'><strong>sibi</strong></span> <span class='ocrx_word' id='word_1_328' title='bbox 1139 3000 1360 3068; x_wconf 66' lang='lat' dir='ltr'><strong>eligant,</strong></span> <span class='ocrx_word' id='word_1_329' title='bbox 1394 2996 1466 3048; x_wconf 87' lang='lat' dir='ltr'><strong>ita</strong></span> <span class='ocrx_word' id='word_1_330' title='bbox 1487 2991 1813 3060; x_wconf 83' lang='lat' dir='ltr'><strong>semetipsos</strong></span> <span class='ocrx_word' id='word_1_331' title='bbox 1845 2987 2071 3042; x_wconf 89' lang='lat' dir='ltr'><strong>illustri-</strong></span> 
     </span>
    </p>
   </div>
   <div class='ocr_carea' id='block_1_46' title="bbox 493 3089 2069 3169">
    <p class='ocr_par' dir='ltr' id='par_1_46' title="bbox 493 3089 2069 3169">
     <span class='ocr_line' id='line_1_48' title="bbox 493 3089 2069 3169; baseline -0.018 -6"><span class='ocrx_word' id='word_1_332' title='bbox 493 3105 601 3163; x_wconf 78' lang='lat' dir='ltr'><strong>bus</strong></span> <span class='ocrx_word' id='word_1_333' title='bbox 660 3100 954 3169; x_wconf 80' lang='lat' dir='ltr'><strong>triiuupbis</strong></span> <span class='ocrx_word' id='word_1_334' title='bbox 1008 3094 1319 3166; x_wconf 69' lang='lat' dir='ltr'><strong>praebentes</strong></span> <span class='ocrx_word' id='word_1_335' title='bbox 1379 3089 1688 3155; x_wconf 67' lang='lat' dir='ltr'><strong>divinaeque</strong></span> <span class='ocrx_word' id='word_1_336' title='bbox 1748 3095 1854 3138; x_wconf 72' lang='lat' dir='ltr'><strong>tua:</strong></span> <span class='ocrx_word' id='word_1_337' title='bbox 1903 3094 2069 3151; x_wconf 80' lang='lat' dir='ltr'><strong>super</strong></span> 
     </span>
    </p>
   </div>
   <div class='ocr_carea' id='block_1_47' title="bbox 495 3177 1746 3253">
    <p class='ocr_par' dir='ltr' id='par_1_47' title="bbox 495 3177 1746 3253">
     <span class='ocr_line' id='line_1_49' title="bbox 495 3177 1746 3253; baseline -0.019 1"><span class='ocrx_word' id='word_1_338' title='bbox 495 3210 688 3253; x_wconf 86' lang='lat' dir='ltr'><strong>omnes</strong></span> <span class='ocrx_word' id='word_1_339' title='bbox 717 3191 963 3248; x_wconf 78' lang='lat' dir='ltr'><strong>victoriae</strong></span> <span class='ocrx_word' id='word_1_340' title='bbox 994 3181 1375 3242; x_wconf 85' lang='lat' dir='ltr'><strong>testimonium</strong></span> <span class='ocrx_word' id='word_1_341' title='bbox 1400 3177 1746 3234; x_wconf 86' lang='lat' dir='ltr'><strong>exhibentes.</strong></span> 
     </span>
    </p>
   </div>
   <div class='ocr_carea' id='block_1_48' title="bbox 2155 1869 3737 1957">
    <p class='ocr_par' dir='ltr' id='par_1_48' title="bbox 2155 1869 3737 1957">
     <span class='ocr_line' id='line_1_50' title="bbox 2155 1869 3737 1957; baseline -0.011 -15"><span class='ocrx_word' id='word_1_342' title='bbox 2155 1889 2246 1943; x_wconf 80' lang='grc' dir='ltr'><strong>τὸν</strong></span> <span class='ocrx_word' id='word_1_343' title='bbox 2271 1885 2535 1957; x_wconf 79' lang='grc' dir='ltr'><strong>ἡδύτερον</strong></span> <span class='ocrx_word' id='word_1_344' title='bbox 2567 1884 2715 1954; x_wconf 72' lang='grc' dir='ltr'><strong>ἥπερ</strong></span> <span class='ocrx_word' id='word_1_345' title='bbox 2741 1881 2770 1933; x_wconf 82' lang='grc' dir='ltr'><strong>ὁ</strong></span> <span class='ocrx_word' id='word_1_346' title='bbox 2800 1879 3008 1942; x_wconf 81' lang='grc' dir='ltr'><strong>Κύδνος</strong></span> <span class='ocrx_word' id='word_1_347' title='bbox 3054 1876 3420 1946; x_wconf 74' lang='grc' dir='ltr'><strong>κολυμϐῶντα</strong></span> <span class='ocrx_word' id='word_1_348' title='bbox 3458 1871 3531 1926; x_wconf 85' lang='grc' dir='ltr'><strong>δι’</strong></span> <span class='ocrx_word' id='word_1_349' title='bbox 3566 1869 3737 1926; x_wconf 81' lang='grc' dir='ltr'><strong>αὑτοῦ</strong></span> 
     </span>
    </p>
   </div>
   <div class='ocr_carea' id='block_1_49' title="bbox 2155 1966 3736 2046">
    <p class='ocr_par' dir='ltr' id='par_1_49' title="bbox 2155 1966 3736 2046">
     <span class='ocr_line' id='line_1_51' title="bbox 2155 1966 3736 2046; baseline -0.013 -10"><span class='ocrx_word' id='word_1_350' title='bbox 2155 1982 2248 2036; x_wconf 72' lang='grc' dir='ltr'><strong>τὸν</strong></span> <span class='ocrx_word' id='word_1_351' title='bbox 2306 1977 2687 2046; x_wconf 81' lang='grc' dir='ltr'><strong>Ἀλέξανδρον.</strong></span> <span class='ocrx_word' id='word_1_352' title='bbox 2755 1972 3075 2026; x_wconf 80' lang='grc' dir='ltr'><strong>Ἐδουλώσω</strong></span> <span class='ocrx_word' id='word_1_353' title='bbox 3120 1970 3252 2031; x_wconf 72' lang='grc' dir='ltr'><strong>τοὺς</strong></span> <span class='ocrx_word' id='word_1_354' title='bbox 3286 1966 3736 2027; x_wconf 83' lang='grc' dir='ltr'><strong>ἁντιπίπτοντας.</strong></span> 
     </span>
    </p>
   </div>
   <div class='ocr_carea' id='block_1_50' title="bbox 2154 2056 3740 2144">
    <p class='ocr_par' dir='ltr' id='par_1_50' title="bbox 2154 2056 3740 2144">
     <span class='ocr_line' id='line_1_52' title="bbox 2154 2056 3740 2144; baseline -0.014 -14"><span class='ocrx_word' id='word_1_355' title='bbox 2154 2073 2499 2144; x_wconf 82' lang='grc' dir='ltr'><strong>Παρεστήσω</strong></span> <span class='ocrx_word' id='word_1_356' title='bbox 2532 2070 2713 2122; x_wconf 82' lang='grc' dir='ltr'><strong>πάντα</strong></span> <span class='ocrx_word' id='word_1_357' title='bbox 2742 2062 2961 2137; x_wconf 73' lang='grc' dir='ltr'><strong>ἐχθρὸν,</strong></span> <span class='ocrx_word' id='word_1_358' title='bbox 2982 2063 3168 2133; x_wconf 39' lang='grc' dir='ltr'><strong>,πάντα</strong></span> <span class='ocrx_word' id='word_1_359' title='bbox 3198 2061 3489 2130; x_wconf 86' lang='grc' dir='ltr'><strong>πολέμιον.</strong></span> <span class='ocrx_word' id='word_1_360' title='bbox 3516 2056 3635 2112; x_wconf 72' lang='grc' dir='ltr'><strong>Καὶ</strong></span> <span class='ocrx_word' id='word_1_361' title='bbox 3652 2056 3740 2109; x_wconf 70' lang='grc' dir='ltr'><strong>διὰ</strong></span> 
     </span>
    </p>
   </div>
   <div class='ocr_carea' id='block_1_51' title="bbox 2157 2149 3739 2231">
    <p class='ocr_par' dir='ltr' id='par_1_51' title="bbox 2157 2149 3739 2231">
     <span class='ocr_line' id='line_1_53' title="bbox 2157 2149 3739 2231; baseline -0.012 -11"><span class='ocrx_word' id='word_1_362' title='bbox 2157 2166 2335 2220; x_wconf 84' lang='grc' dir='ltr'><strong>ταῦτα</strong></span> <span class='ocrx_word' id='word_1_363' title='bbox 2364 2164 2567 2227; x_wconf 77' lang='grc' dir='ltr'><strong>πάντες</strong></span> <span class='ocrx_word' id='word_1_364' title='bbox 2619 2162 2713 2214; x_wconf 79' lang='grc' dir='ltr'><strong>καὶ</strong></span> <span class='ocrx_word' id='word_1_365' title='bbox 2766 2159 2877 2231; x_wconf 84' lang='grc' dir='ltr'><strong>πρὸ</strong></span> <span class='ocrx_word' id='word_1_366' title='bbox 2913 2157 3114 2227; x_wconf 86' lang='grc' dir='ltr'><strong>πείρας</strong></span> <span class='ocrx_word' id='word_1_367' title='bbox 3169 2149 3611 2224; x_wconf 87' lang='grc' dir='ltr'><strong>προσρίπτονταί</strong></span> <span class='ocrx_word' id='word_1_368' title='bbox 3632 2166 3739 2212; x_wconf 77' lang='grc' dir='ltr'><strong>σοι,</strong></span> 
     </span>
    </p>
   </div>
   <div class='ocr_carea' id='block_1_52' title="bbox 2162 2241 3743 2331">
    <p class='ocr_par' dir='ltr' id='par_1_52' title="bbox 2162 2241 3743 2331">
     <span class='ocr_line' id='line_1_54' title="bbox 2162 2241 3743 2331; baseline -0.013 -19"><span class='ocrx_word' id='word_1_369' title='bbox 2162 2258 2239 2331; x_wconf 91' lang='grc' dir='ltr'><strong>(τί</strong></span> <span class='ocrx_word' id='word_1_370' title='bbox 2271 2258 2380 2327; x_wconf 81' lang='grc' dir='ltr'><strong>γὰρ</strong></span> <span class='ocrx_word' id='word_1_371' title='bbox 2417 2255 2484 2310; x_wconf 82' lang='grc' dir='ltr'><strong>ἂν</strong></span> <span class='ocrx_word' id='word_1_372' title='bbox 2530 2255 2629 2307; x_wconf 78' lang='grc' dir='ltr'><strong>καὶ</strong></span> <span class='ocrx_word' id='word_1_373' title='bbox 2665 2251 2946 2323; x_wconf 84' lang='grc' dir='ltr'><strong>μάχοιντο,</strong></span> <span class='ocrx_word' id='word_1_374' title='bbox 2996 2248 3127 2302; x_wconf 71' lang='grc' dir='ltr'><strong>ἔνθα</strong></span> <span class='ocrx_word' id='word_1_375' title='bbox 3160 2246 3235 2316; x_wconf 86' lang='grc' dir='ltr'><strong>μὴ</strong></span> <span class='ocrx_word' id='word_1_376' title='bbox 3282 2247 3383 2298; x_wconf 87' lang='grc' dir='ltr'><strong>οὐκ</strong></span> <span class='ocrx_word' id='word_1_377' title='bbox 3415 2243 3567 2297; x_wconf 76' lang='grc' dir='ltr'><strong>ἐστιν</strong></span> <span class='ocrx_word' id='word_1_378' title='bbox 3600 2241 3743 2294; x_wconf 82' lang='grc' dir='ltr'><strong>ὲκεί-</strong></span> 
     </span>
    </p>
   </div>
   <div class='ocr_carea' id='block_1_53' title="bbox 2164 2335 3745 2415">
    <p class='ocr_par' dir='ltr' id='par_1_53' title="bbox 2164 2335 3745 2415">
     <span class='ocr_line' id='line_1_55' title="bbox 2164 2335 3745 2415; baseline -0.012 -10"><span class='ocrx_word' id='word_1_379' title='bbox 2164 2368 2290 2414; x_wconf 89' lang='grc' dir='ltr'><strong>νους</strong></span> <span class='ocrx_word' id='word_1_380' title='bbox 2319 2350 2510 2402; x_wconf 82' lang='grc' dir='ltr'><strong>πεσεῖν</strong></span> <span class='ocrx_word' id='word_1_381' title='bbox 2534 2348 2575 2415; x_wconf 87' lang='grc'><strong>;)</strong></span> <span class='ocrx_word' id='word_1_382' title='bbox 2627 2346 2721 2400; x_wconf 80' lang='grc' dir='ltr'><strong>καὶ</strong></span> <span class='ocrx_word' id='word_1_383' title='bbox 2744 2344 2844 2415; x_wconf 83' lang='grc' dir='ltr'><strong>τῆς</strong></span> <span class='ocrx_word' id='word_1_384' title='bbox 2875 2340 3200 2404; x_wconf 73' lang='grc' dir='ltr'><strong>δεσποτείας</strong></span> <span class='ocrx_word' id='word_1_385' title='bbox 3229 2356 3324 2393; x_wconf 89' lang='grc' dir='ltr'><strong>σου</strong></span> <span class='ocrx_word' id='word_1_386' title='bbox 3354 2339 3627 2407; x_wconf 85' lang='grc' dir='ltr'><strong>γίνονται,</strong></span> <span class='ocrx_word' id='word_1_387' title='bbox 3650 2335 3745 2387; x_wconf 62' lang='grc' dir='ltr'><strong>καὶ⁵</strong></span> 
     </span>
    </p>
   </div>
   <div class='ocr_carea' id='block_1_54' title="bbox 2163 2428 3745 2514">
    <p class='ocr_par' dir='ltr' id='par_1_54' title="bbox 2163 2428 3745 2514">
     <span class='ocr_line' id='line_1_56' title="bbox 2163 2428 3745 2514; baseline -0.011 -17"><span class='ocrx_word' id='word_1_388' title='bbox 2163 2440 2601 2514; x_wconf 80' lang='grc' dir='ltr'><strong>θριαμϐεύουσιν</strong></span> <span class='ocrx_word' id='word_1_389' title='bbox 2647 2436 2900 2499; x_wconf 79' lang='grc' dir='ltr'><strong>ἑαυτούς.</strong></span> <span class='ocrx_word' id='word_1_390' title='bbox 2935 2435 3006 2488; x_wconf 84' lang='grc' dir='ltr'>’Ἡ</span> <span class='ocrx_word' id='word_1_391' title='bbox 3038 2433 3092 2486; x_wconf 91' lang='grc' dir='ltr'><strong>τί</strong></span> <span class='ocrx_word' id='word_1_392' title='bbox 3125 2449 3258 2487; x_wconf 59' lang='grc' dir='ltr'><strong>ποτε</strong></span> <span class='ocrx_word' id='word_1_393' title='bbox 3294 2431 3430 2486; x_wconf 83' lang='grc' dir='ltr'><strong>ἀλλο</strong></span> <span class='ocrx_word' id='word_1_394' title='bbox 3475 2428 3745 2488; x_wconf 84' lang='grc' dir='ltr'><strong>παθόντες</strong></span> 
     </span>
    </p>
   </div>
   <div class='ocr_carea' id='block_1_55' title="bbox 2163 2520 3746 2604">
    <p class='ocr_par' dir='ltr' id='par_1_55' title="bbox 2163 2520 3746 2604">
     <span class='ocr_line' id='line_1_57' title="bbox 2163 2520 3746 2604; baseline -0.011 -14"><span class='ocrx_word' id='word_1_395' title='bbox 2163 2539 2215 2590; x_wconf 83' lang='grc' dir='ltr'><strong>οἱ</strong></span> <span class='ocrx_word' id='word_1_396' title='bbox 2252 2533 2536 2604; x_wconf 81' lang='grc' dir='ltr'><strong>πανταχοῦ</strong></span> <span class='ocrx_word' id='word_1_397' title='bbox 2569 2536 2675 2604; x_wconf 88' lang='grc' dir='ltr'><strong>γῆς</strong></span> <span class='ocrx_word' id='word_1_398' title='bbox 2706 2528 3106 2599; x_wconf 75' lang='grc' dir='ltr'><strong>διεσπαρμένοι</strong></span> <span class='ocrx_word' id='word_1_399' title='bbox 3142 2525 3470 2597; x_wconf 83' lang='grc' dir='ltr'><strong>περίκλυτοι</strong></span> <span class='ocrx_word' id='word_1_400' title='bbox 3505 2520 3746 2592; x_wconf 76' lang='grc' dir='ltr'><strong>ἀρχηγοὶ</strong></span> 
     </span>
    </p>
   </div>
   <div class='ocr_carea' id='block_1_56' title="bbox 2165 2615 3749 2692">
    <p class='ocr_par' dir='ltr' id='par_1_56' title="bbox 2165 2615 3749 2692">
     <span class='ocr_line' id='line_1_58' title="bbox 2165 2615 3749 2692; baseline -0.011 -9"><span class='ocrx_word' id='word_1_401' title='bbox 2165 2631 2256 2684; x_wconf 76' lang='grc' dir='ltr'><strong>ἀεὶ</strong></span> <span class='ocrx_word' id='word_1_402' title='bbox 2280 2626 2593 2681; x_wconf 84' lang='grc' dir='ltr'><strong>στέλλονται</strong></span> <span class='ocrx_word' id='word_1_403' title='bbox 2629 2626 2765 2692; x_wconf 84' lang='grc' dir='ltr'><strong>παρ’</strong></span> <span class='ocrx_word' id='word_1_404' title='bbox 2793 2616 2971 2691; x_wconf 71' lang='grc' dir='ltr'><strong>ἡμᾶς,</strong></span> <span class='ocrx_word' id='word_1_405' title='bbox 3003 2620 3102 2673; x_wconf 78' lang='grc' dir='ltr'><strong>καὶ</strong></span> <span class='ocrx_word' id='word_1_406' title='bbox 3147 2618 3248 2680; x_wconf 86' lang='grc' dir='ltr'><strong>τάς</strong></span> <span class='ocrx_word' id='word_1_407' title='bbox 3282 2616 3494 2671; x_wconf 78' lang='grc' dir='ltr'><strong>ἑαυτῶν</strong></span> <span class='ocrx_word' id='word_1_408' title='bbox 3522 2615 3749 2668; x_wconf 81' lang='grc' dir='ltr'><strong>διασπο-</strong></span> 
     </span>
    </p>
   </div>
   <div class='ocr_carea' id='block_1_57' title="bbox 2156 2704 3746 2795">
    <p class='ocr_par' dir='ltr' id='par_1_57' title="bbox 2156 2704 3746 2795">
     <span class='ocr_line' id='line_1_59' title="bbox 2156 2704 3746 2795; baseline -0.012 -19"><span class='ocrx_word' id='word_1_409' title='bbox 2156 2723 2273 2795; x_wconf 78' lang='grc' dir='ltr'><strong>ρὰς</strong></span> <span class='ocrx_word' id='word_1_410' title='bbox 2302 2719 2543 2775; x_wconf 70' lang='grc' dir='ltr'><strong>ἐνταῦθα</strong></span> <span class='ocrx_word' id='word_1_411' title='bbox 2590 2718 2908 2785; x_wconf 74' lang='grc' dir='ltr'><strong>συνάγουσι,</strong></span> <span class='ocrx_word' id='word_1_412' title='bbox 2955 2712 3137 2785; x_wconf 80' lang='grc' dir='ltr'><strong>χεῖλος</strong></span> <span class='ocrx_word' id='word_1_413' title='bbox 3186 2712 3284 2782; x_wconf 76' lang='grc' dir='ltr'><strong>μὲν</strong></span> <span class='ocrx_word' id='word_1_414' title='bbox 3328 2710 3479 2771; x_wconf 73' lang='grc' dir='ltr'><strong>ὅντες</strong></span> <span class='ocrx_word' id='word_1_415' title='bbox 3515 2707 3617 2775; x_wconf 81' lang='grc' dir='ltr'><strong>οὐχ</strong></span> <span class='ocrx_word' id='word_1_416' title='bbox 3668 2704 3746 2769; x_wconf 76' lang='grc' dir='ltr'><strong>ἓν,</strong></span> 
     </span>
    </p>
   </div>
   <div class='ocr_carea' id='block_1_58' title="bbox 2169 2799 3750 2880">
    <p class='ocr_par' dir='ltr' id='par_1_58' title="bbox 2169 2799 3750 2880">
     <span class='ocr_line' id='line_1_60' title="bbox 2169 2799 3750 2880; baseline -0.011 -12"><span class='ocrx_word' id='word_1_417' title='bbox 2169 2814 2290 2869; x_wconf 76' lang='grc' dir='ltr'><strong>οὐδὲ</strong></span> <span class='ocrx_word' id='word_1_418' title='bbox 2318 2802 2545 2880; x_wconf 82' lang='grc' dir='ltr'><strong>γλῶσσα</strong></span> <span class='ocrx_word' id='word_1_419' title='bbox 2593 2813 2714 2878; x_wconf 88' lang='grc' dir='ltr'><strong>μία,</strong></span> <span class='ocrx_word' id='word_1_420' title='bbox 2754 2807 3031 2878; x_wconf 77' lang='grc' dir='ltr'><strong>συμπνοίᾳ</strong></span> <span class='ocrx_word' id='word_1_421' title='bbox 3067 2804 3131 2859; x_wconf 78' lang='grc' dir='ltr'><strong>δὲ</strong></span> <span class='ocrx_word' id='word_1_422' title='bbox 3156 2802 3322 2873; x_wconf 77' lang='grc' dir='ltr'><strong>νοερᾷ</strong></span> <span class='ocrx_word' id='word_1_423' title='bbox 3350 2799 3553 2855; x_wconf 83' lang='grc' dir='ltr'><strong>ταυτὺν</strong></span> <span class='ocrx_word' id='word_1_424' title='bbox 3598 2799 3750 2851; x_wconf 73' lang='grc' dir='ltr'><strong>ἐννο-</strong></span> 
     </span>
    </p>
   </div>
   <div class='ocr_carea' id='block_1_59' title="bbox 2170 2888 3751 2970">
    <p class='ocr_par' dir='ltr' id='par_1_59' title="bbox 2170 2888 3751 2970">
     <span class='ocr_line' id='line_1_61' title="bbox 2170 2888 3751 2970; baseline -0.011 -14"><span class='ocrx_word' id='word_1_425' title='bbox 2170 2904 2359 2966; x_wconf 77' lang='grc' dir='ltr'><strong>οῦντες</strong></span> <span class='ocrx_word' id='word_1_426' title='bbox 2385 2904 2482 2954; x_wconf 64' lang='grc' dir='ltr'><strong>κοιλ⁸</strong></span> <span class='ocrx_word' id='word_1_427' title='bbox 2529 2899 2860 2970; x_wconf 74' lang='grc' dir='ltr'><strong>φρονοῦντες</strong></span> <span class='ocrx_word' id='word_1_428' title='bbox 2914 2895 3196 2966; x_wconf 82' lang='grc' dir='ltr'><strong>ἀλλήλοις,</strong></span> <span class='ocrx_word' id='word_1_429' title='bbox 3231 2894 3325 2946; x_wconf 74' lang='grc' dir='ltr'><strong>καὶ</strong></span> <span class='ocrx_word' id='word_1_430' title='bbox 3369 2890 3601 2952; x_wconf 82' lang='grc' dir='ltr'><strong>εἰδότες,</strong></span> <span class='ocrx_word' id='word_1_431' title='bbox 3630 2888 3751 2940; x_wconf 86' lang='grc' dir='ltr'><strong>τίνα</strong></span> 
     </span>
    </p>
   </div>
   <div class='ocr_carea' id='block_1_60' title="bbox 2171 2982 3749 3064">
    <p class='ocr_par' dir='ltr' id='par_1_60' title="bbox 2171 2982 3749 3064">
     <span class='ocr_line' id='line_1_62' title="bbox 2171 2982 3749 3064; baseline -0.011 -14"><span class='ocrx_word' id='word_1_432' title='bbox 2171 2995 2443 3064; x_wconf 82' lang='grc' dir='ltr'><strong>δεσπότην</strong></span> <span class='ocrx_word' id='word_1_433' title='bbox 2498 2992 2641 3061; x_wconf 86' lang='grc' dir='ltr'><strong>μετὰ</strong></span> <span class='ocrx_word' id='word_1_434' title='bbox 2667 2990 2800 3044; x_wconf 79' lang='grc' dir='ltr'><strong>Θεὸν</strong></span> <span class='ocrx_word' id='word_1_435' title='bbox 2831 2990 2929 3043; x_wconf 72' lang='grc' dir='ltr'><strong>ἕνα</strong></span> <span class='ocrx_word' id='word_1_436' title='bbox 2969 2988 3064 3041; x_wconf 75' lang='grc' dir='ltr'><strong>καὶ</strong></span> <span class='ocrx_word' id='word_1_437' title='bbox 3110 2987 3271 3057; x_wconf 86' lang='grc' dir='ltr'><strong>μόνον</strong></span> <span class='ocrx_word' id='word_1_438' title='bbox 3319 2982 3749 3054; x_wconf 69' lang='grc' dir='ltr'><strong>ἐπιγράφονται,</strong></span> 
     </span>
    </p>
   </div>
   <div class='ocr_carea' id='block_1_61' title="bbox 2176 3076 3753 3155">
    <p class='ocr_par' dir='ltr' id='par_1_61' title="bbox 2176 3076 3753 3155">
     <span class='ocr_line' id='line_1_63' title="bbox 2176 3076 3753 3155; baseline -0.01 -12"><span class='ocrx_word' id='word_1_439' title='bbox 2176 3089 2271 3142; x_wconf 80' lang='grc' dir='ltr'><strong>καὶ</strong></span> <span class='ocrx_word' id='word_1_440' title='bbox 2302 3085 2449 3140; x_wconf 68' lang='grc' dir='ltr'><strong>οὕτω</strong></span> <span class='ocrx_word' id='word_1_441' title='bbox 2476 3086 2752 3155; x_wconf 84' lang='grc' dir='ltr'><strong>λαμπροῖς</strong></span> <span class='ocrx_word' id='word_1_442' title='bbox 2788 3080 3088 3152; x_wconf 79' lang='grc' dir='ltr'><strong>θριάμϐοις</strong></span> <span class='ocrx_word' id='word_1_443' title='bbox 3110 3078 3342 3140; x_wconf 77' lang='grc' dir='ltr'><strong>ἑαυτοὺς</strong></span> <span class='ocrx_word' id='word_1_444' title='bbox 3367 3077 3630 3141; x_wconf 81' lang='grc' dir='ltr'><strong>διδόντες,</strong></span> <span class='ocrx_word' id='word_1_445' title='bbox 3659 3076 3753 3128; x_wconf 77' lang='grc' dir='ltr'><strong>καὶ</strong></span> 
     </span>
    </p>
   </div>
   <div class='ocr_carea' id='block_1_62' title="bbox 2175 3166 3752 3247">
    <p class='ocr_par' dir='ltr' id='par_1_62' title="bbox 2175 3166 3752 3247">
     <span class='ocr_line' id='line_1_64' title="bbox 2175 3166 3752 3247; baseline -0.008 -16"><span class='ocrx_word' id='word_1_446' title='bbox 2175 3179 2275 3247; x_wconf 82' lang='grc' dir='ltr'><strong>τὴν</strong></span> <span class='ocrx_word' id='word_1_447' title='bbox 2301 3177 2444 3229; x_wconf 83' lang='grc' dir='ltr'><strong>κατὰ</strong></span> <span class='ocrx_word' id='word_1_448' title='bbox 2472 3176 2694 3229; x_wconf 81' lang='grc' dir='ltr'><strong>πάντων</strong></span> <span class='ocrx_word' id='word_1_449' title='bbox 2725 3173 2821 3226; x_wconf 76' lang='grc' dir='ltr'><strong>καὶ</strong></span> <span class='ocrx_word' id='word_1_450' title='bbox 2840 3169 3037 3224; x_wconf 73' lang='grc' dir='ltr'><strong>-ένθεον</strong></span> <span class='ocrx_word' id='word_1_451' title='bbox 3066 3169 3230 3238; x_wconf 86' lang='grc' dir='ltr'><strong>νίκην</strong></span> <span class='ocrx_word' id='word_1_452' title='bbox 3267 3182 3348 3220; x_wconf 90' lang='grc' dir='ltr'><strong>σοι</strong></span> <span class='ocrx_word' id='word_1_453' title='bbox 3371 3166 3752 3239; x_wconf 70' lang='grc' dir='ltr'><strong>ἐπιμαρτυρό-</strong></span> 
     </span>
    </p>
   </div>
   <div class='ocr_carea' id='block_1_63' title="bbox 2082 3285 2367 3341">
    <p class='ocr_par' dir='ltr' id='par_1_63' title="bbox 2082 3285 2367 3341">
     <span class='ocr_line' id='line_1_65' title="bbox 2082 3285 2367 3341; baseline -0.014 -15"><span class='ocrx_word' id='word_1_454' title='bbox 2082 3323 2095 3326; x_wconf 77' lang='lat'><strong>-</strong></span> <span class='ocrx_word' id='word_1_455' title='bbox 2181 3286 2334 3341; x_wconf 86' lang='grc' dir='ltr'><strong>μενοι</strong></span> <span class='ocrx_word' id='word_1_456' title='bbox 2350 3285 2367 3336; x_wconf 87' lang='lat'><strong>;</strong></span> 
     </span>
    </p>
   </div>
   <div class='ocr_carea' id='block_1_64' title="bbox 578 3351 2075 3436">
    <p class='ocr_par' dir='ltr' id='par_1_64' title="bbox 578 3351 2075 3436">
     <span class='ocr_line' id='line_1_66' title="bbox 578 3351 2075 3436; baseline -0.02 0"><span class='ocrx_word' id='word_1_457' title='bbox 578 3381 666 3436; x_wconf 78' lang='grc'><strong>18.</strong></span> <span class='ocrx_word' id='word_1_458' title='bbox 698 3377 856 3432; x_wconf 82' lang='lat' dir='ltr'><strong>Absit</strong></span> <span class='ocrx_word' id='word_1_459' title='bbox 885 3383 946 3429; x_wconf 91' lang='lat' dir='ltr'><strong>ut</strong></span> <span class='ocrx_word' id='word_1_460' title='bbox 979 3372 1130 3426; x_wconf 89' lang='lat' dir='ltr'><strong>illum</strong></span> <span class='ocrx_word' id='word_1_461' title='bbox 1164 3367 1402 3421; x_wconf 81' lang='lat' dir='ltr'><strong>Neemau</strong></span> <span class='ocrx_word' id='word_1_462' title='bbox 1436 3362 1527 3416; x_wconf 88' lang='lat' dir='ltr'><strong>hic</strong></span> <span class='ocrx_word' id='word_1_463' title='bbox 1559 3370 1770 3413; x_wconf 87' lang='lat' dir='ltr'><strong>taceam</strong></span> <span class='ocrx_word' id='word_1_464' title='bbox 1805 3355 1898 3426; x_wconf 89' lang='lat' dir='ltr'><strong>qui</strong></span> <span class='ocrx_word' id='word_1_465' title='bbox 1944 3351 2075 3408; x_wconf 90' lang='lat' dir='ltr'><strong>alibi</strong></span> 
     </span>
    </p>
   </div>
   <div class='ocr_carea' id='block_1_65' title="bbox 2250 3350 3751 3430">
    <p class='ocr_par' dir='ltr' id='par_1_65' title="bbox 2250 3350 3751 3430">
     <span class='ocr_line' id='line_1_67' title="bbox 2250 3350 3751 3430; baseline -0.007 -17"><span class='ocrx_word' id='word_1_466' title='bbox 2250 3367 2340 3430; x_wconf 87' lang='grc' dir='ltr'><strong>ιη’.</strong></span> <span class='ocrx_word' id='word_1_467' title='bbox 2378 3359 2493 3413; x_wconf 77' lang='grc' dir='ltr'><strong>Οὐκ</strong></span> <span class='ocrx_word' id='word_1_468' title='bbox 2524 3357 2588 3412; x_wconf 82' lang='grc' dir='ltr'><strong>ἂν</strong></span> <span class='ocrx_word' id='word_1_469' title='bbox 2610 3356 2737 3412; x_wconf 73' lang='grc' dir='ltr'><strong>οὐδὲ</strong></span> <span class='ocrx_word' id='word_1_470' title='bbox 2763 3356 2857 3409; x_wconf 77' lang='grc' dir='ltr'><strong>τὸν</strong></span> <span class='ocrx_word' id='word_1_471' title='bbox 2882 3352 3107 3425; x_wconf 84' lang='grc' dir='ltr'><strong>Νεεμάν</strong></span> <span class='ocrx_word' id='word_1_472' title='bbox 3141 3350 3385 3406; x_wconf 79' lang='grc' dir='ltr'><strong>ἐνταῦθα</strong></span> <span class='ocrx_word' id='word_1_473' title='bbox 3421 3351 3751 3421; x_wconf 82' lang='grc' dir='ltr'><strong>σιγήσομαι.</strong></span> 
     </span>
    </p>
   </div>
   <div class='ocr_carea' id='block_1_66' title="bbox 503 3445 2074 3536">
    <p class='ocr_par' dir='ltr' id='par_1_66' title="bbox 503 3446 2074 3536">
     <span class='ocr_line' id='line_1_68' title="bbox 503 3446 2074 3536; baseline -0.02 -5"><span class='ocrx_word' id='word_1_474' title='bbox 503 3476 688 3532; x_wconf 84' lang='lat' dir='ltr'><strong>claros</strong></span> <span class='ocrx_word' id='word_1_475' title='bbox 718 3469 851 3525; x_wconf 85' lang='lat' dir='ltr'><strong>Inibi</strong></span> <span class='ocrx_word' id='word_1_476' title='bbox 887 3460 1257 3536; x_wconf 83' lang='lat' dir='ltr'><strong>suppeditavit</strong></span> <span class='ocrx_word' id='word_1_477' title='bbox 1291 3468 1599 3517; x_wconf 88' lang='lat' dir='ltr'><strong>sermones,</strong></span> <span class='ocrx_word' id='word_1_478' title='bbox 1630 3451 1725 3522; x_wconf 85' lang='lat' dir='ltr'><strong>qui</strong></span> <span class='ocrx_word' id='word_1_479' title='bbox 1755 3449 1856 3504; x_wconf 88' lang='lat' dir='ltr'><strong>etsi</strong></span> <span class='ocrx_word' id='word_1_480' title='bbox 1883 3446 2074 3517; x_wconf 89' lang='lat' dir='ltr'><strong>procul</strong></span> 
     </span>
    </p>
   </div>
   <div class='ocr_carea' id='block_1_67' title="bbox 2179 3445 3756 3536">
    <p class='ocr_par' dir='ltr' id='par_1_67' title="bbox 2179 3445 3756 3519">
     <span class='ocr_line' id='line_1_69' title="bbox 2179 3445 3756 3519; baseline -0.008 -13"><span class='ocrx_word' id='word_1_481' title='bbox 2179 3450 2237 3517; x_wconf 78' lang='grc' dir='ltr'><strong>ὃς</strong></span> <span class='ocrx_word' id='word_1_482' title='bbox 2269 3452 2460 3505; x_wconf 77' lang='grc' dir='ltr'><strong>ἄλλοτε</strong></span> <span class='ocrx_word' id='word_1_483' title='bbox 2482 3450 2591 3519; x_wconf 66' lang='grc' dir='ltr'><strong>,μὲν</strong></span> <span class='ocrx_word' id='word_1_484' title='bbox 2616 3450 2812 3517; x_wconf 77' lang='grc' dir='ltr'><strong>λόγους</strong></span> <span class='ocrx_word' id='word_1_485' title='bbox 2842 3463 2933 3518; x_wconf 84' lang='grc' dir='ltr'><strong>μοι</strong></span> <span class='ocrx_word' id='word_1_486' title='bbox 2968 3446 3229 3516; x_wconf 73' lang='grc' dir='ltr'><strong>ἐχορήγει</strong></span> <span class='ocrx_word' id='word_1_487' title='bbox 3282 3445 3595 3514; x_wconf 79' lang='grc' dir='ltr'><strong>λαμπροὺς,</strong></span> <span class='ocrx_word' id='word_1_488' title='bbox 3626 3445 3756 3497; x_wconf 63' lang='lat' dir='ltr'><strong>Erro-</strong></span> 
     </span>
    </p>
   </div>
   <div class='ocr_carea' id='block_1_68' title="bbox 499 3536 2074 3630">
    <p class='ocr_par' dir='ltr' id='par_1_68' title="bbox 499 3539 2074 3630">
     <span class='ocr_line' id='line_1_70' title="bbox 499 3539 2074 3630; baseline -0.021 -7"><span class='ocrx_word' id='word_1_489' title='bbox 499 3569 736 3623; x_wconf 85' lang='lat' dir='ltr'><strong>distaret</strong></span> <span class='ocrx_word' id='word_1_490' title='bbox 802 3559 960 3630; x_wconf 88' lang='lat' dir='ltr'><strong>quasi</strong></span> <span class='ocrx_word' id='word_1_491' title='bbox 1008 3555 1296 3624; x_wconf 79' lang='lat' dir='ltr'><strong>proximus</strong></span> <span class='ocrx_word' id='word_1_492' title='bbox 1339 3548 1533 3604; x_wconf 87' lang='lat' dir='ltr'><strong>oculos</strong></span> <span class='ocrx_word' id='word_1_493' title='bbox 1598 3558 1751 3598; x_wconf 87' lang='lat' dir='ltr'><strong>meos</strong></span> <span class='ocrx_word' id='word_1_494' title='bbox 1797 3539 2074 3603; x_wconf 80' lang='lat' dir='ltr'><strong>astrinxit,</strong></span> 
     </span>
    </p>
   </div>
   <div class='ocr_carea' id='block_1_69' title="bbox 2179 3536 3755 3630">
    <p class='ocr_par' dir='ltr' id='par_1_69' title="bbox 2180 3536 3755 3614">
     <span class='ocr_line' id='line_1_71' title="bbox 2180 3536 3755 3614; baseline -0.006 -16"><span class='ocrx_word' id='word_1_495' title='bbox 2180 3561 2314 3608; x_wconf 85' lang='grc' dir='ltr'><strong>πτος</strong></span> <span class='ocrx_word' id='word_1_496' title='bbox 2341 3542 2440 3607; x_wconf 79' lang='grc' dir='ltr'><strong>ὢν,</strong></span> <span class='ocrx_word' id='word_1_497' title='bbox 2471 3544 2532 3595; x_wconf 86' lang='grc' dir='ltr'><strong>οὐ</strong></span> <span class='ocrx_word' id='word_1_498' title='bbox 2571 3543 2678 3614; x_wconf 78' lang='grc' dir='ltr'><strong>πρὸ</strong></span> <span class='ocrx_word' id='word_1_499' title='bbox 2710 3539 2935 3611; x_wconf 79' lang='grc' dir='ltr'><strong>μακροῦ</strong></span> <span class='ocrx_word' id='word_1_500' title='bbox 2965 3539 3021 3592; x_wconf 76' lang='grc' dir='ltr'><strong>δὲ</strong></span> <span class='ocrx_word' id='word_1_501' title='bbox 3051 3538 3150 3593; x_wconf 78' lang='grc' dir='ltr'><strong>καὶ</strong></span> <span class='ocrx_word' id='word_1_502' title='bbox 3182 3538 3284 3608; x_wconf 76' lang='grc' dir='ltr'><strong>τὴν</strong></span> <span class='ocrx_word' id='word_1_503' title='bbox 3309 3536 3440 3591; x_wconf 83' lang='grc' dir='ltr'><strong>θέαν</strong></span> <span class='ocrx_word' id='word_1_504' title='bbox 3484 3552 3579 3605; x_wconf 89' lang='grc' dir='ltr'><strong>μοι</strong></span> <span class='ocrx_word' id='word_1_505' title='bbox 3622 3538 3755 3605; x_wconf 69' lang='grc' dir='ltr'><strong>πρὸς</strong></span> 
     </span>
    </p>
   </div>
   <div class='ocr_carea' id='block_1_70' title="bbox 503 3626 2074 3712">
    <p class='ocr_par' dir='ltr' id='par_1_70' title="bbox 503 3626 2074 3712">
     <span class='ocr_line' id='line_1_72' title="bbox 503 3626 2074 3712; baseline -0.018 -1"><span class='ocrx_word' id='word_1_506' title='bbox 503 3657 587 3710; x_wconf 85' lang='lat' dir='ltr'><strong>vir</strong></span> <span class='ocrx_word' id='word_1_507' title='bbox 642 3669 755 3708; x_wconf 91' lang='lat' dir='ltr'><strong>non</strong></span> <span class='ocrx_word' id='word_1_508' title='bbox 811 3626 1035 3706; x_wconf 62' lang='lat' dir='ltr'><strong>staturae</strong></span> <span class='ocrx_word' id='word_1_509' title='bbox 1093 3659 1259 3712; x_wconf 87' lang='lat' dir='ltr'><strong>quam</strong></span> <span class='ocrx_word' id='word_1_510' title='bbox 1347 3649 1542 3695; x_wconf 88' lang='lat' dir='ltr'><strong>natura</strong></span> <span class='ocrx_word' id='word_1_511' title='bbox 1605 3636 1739 3690; x_wconf 91' lang='lat' dir='ltr'><strong>viris</strong></span> <span class='ocrx_word' id='word_1_512' title='bbox 1805 3632 2074 3702; x_wconf 83' lang='lat' dir='ltr'><strong>impertit,</strong></span> 
     </span>
    </p>
   </div>
   <div class='ocr_carea' id='block_1_71' title="bbox 2179 3626 3756 3712">
    <p class='ocr_par' dir='ltr' id='par_1_71' title="bbox 2181 3626 3756 3706">
     <span class='ocr_line' id='line_1_73' title="bbox 2181 3626 3756 3706; baseline -0.009 -15"><span class='ocrx_word' id='word_1_513' title='bbox 2181 3630 2392 3706; x_wconf 77' lang='grc' dir='ltr'><strong>θάμϐος</strong></span> <span class='ocrx_word' id='word_1_514' title='bbox 2421 3635 2737 3703; x_wconf 80' lang='grc' dir='ltr'><strong>ὲφείλκετο’</strong></span> <span class='ocrx_word' id='word_1_515' title='bbox 2771 3632 2914 3701; x_wconf 86' lang='grc' dir='ltr'><strong>ἀνὴρ</strong></span> <span class='ocrx_word' id='word_1_516' title='bbox 2940 3631 3001 3682; x_wconf 82' lang='grc' dir='ltr'><strong>οὐ</strong></span> <span class='ocrx_word' id='word_1_517' title='bbox 3025 3629 3135 3684; x_wconf 84' lang='grc' dir='ltr'><strong>τῶν</strong></span> <span class='ocrx_word' id='word_1_518' title='bbox 3164 3629 3410 3699; x_wconf 78' lang='grc' dir='ltr'><strong>πήχεων,</strong></span> <span class='ocrx_word' id='word_1_519' title='bbox 3438 3626 3508 3691; x_wconf 71' lang='grc' dir='ltr'><strong>ἃς</strong></span> <span class='ocrx_word' id='word_1_520' title='bbox 3526 3628 3562 3698; x_wconf 81' lang='grc' dir='ltr'>ή</span> <span class='ocrx_word' id='word_1_521' title='bbox 3598 3626 3756 3696; x_wconf 70' lang='grc' dir='ltr'><strong>φύσις</strong></span> 
     </span>
    </p>
   </div>
   <div class='ocr_carea' id='block_1_72' title="bbox 503 3720 2074 3813">
    <p class='ocr_par' dir='ltr' id='par_1_72' title="bbox 503 3728 2074 3813">
     <span class='ocr_line' id='line_1_74' title="bbox 503 3728 2074 3813; baseline -0.016 -11"><span class='ocrx_word' id='word_1_522' title='bbox 503 3746 601 3802; x_wconf 85' lang='lat' dir='ltr'><strong>sed</strong></span> <span class='ocrx_word' id='word_1_523' title='bbox 633 3746 690 3800; x_wconf 93' lang='lat' dir='ltr'><strong>in</strong></span> <span class='ocrx_word' id='word_1_524' title='bbox 726 3739 1156 3813; x_wconf 76' lang='lat' dir='ltr'><strong>magnitudinem</strong></span> <span class='ocrx_word' id='word_1_525' title='bbox 1184 3736 1363 3790; x_wconf 83' lang='lat' dir='ltr'><strong>elatus</strong></span> <span class='ocrx_word' id='word_1_526' title='bbox 1387 3741 1441 3786; x_wconf 89' lang='lat' dir='ltr'><strong>et</strong></span> <span class='ocrx_word' id='word_1_527' title='bbox 1465 3737 1690 3800; x_wconf 83' lang='lat' dir='ltr'><strong>aspectu</strong></span> <span class='ocrx_word' id='word_1_528' title='bbox 1718 3728 2074 3793; x_wconf 87' lang='lat' dir='ltr'><strong>conspicuus,</strong></span> 
     </span>
    </p>
   </div>
   <div class='ocr_carea' id='block_1_73' title="bbox 2179 3720 3757 3813">
    <p class='ocr_par' dir='ltr' id='par_1_73' title="bbox 2179 3720 3757 3800">
     <span class='ocr_line' id='line_1_75' title="bbox 2179 3720 3757 3800; baseline -0.008 -16"><span class='ocrx_word' id='word_1_529' title='bbox 2179 3733 2292 3792; x_wconf 85' lang='grc' dir='ltr'><strong>τοῖς</strong></span> <span class='ocrx_word' id='word_1_530' title='bbox 2323 3728 2551 3800; x_wconf 83' lang='grc' dir='ltr'><strong>ἀνδράσι</strong></span> <span class='ocrx_word' id='word_1_531' title='bbox 2585 3727 2799 3797; x_wconf 79' lang='grc' dir='ltr'><strong>μετρεῖ,</strong></span> <span class='ocrx_word' id='word_1_532' title='bbox 2839 3723 2954 3778; x_wconf 83' lang='grc' dir='ltr'><strong>ἀλλ’</strong></span> <span class='ocrx_word' id='word_1_533' title='bbox 2986 3721 3295 3794; x_wconf 81' lang='grc' dir='ltr'><strong>ὲξηρμένος</strong></span> <span class='ocrx_word' id='word_1_534' title='bbox 3330 3720 3412 3783; x_wconf 80' lang='grc' dir='ltr'><strong>είς</strong></span> <span class='ocrx_word' id='word_1_535' title='bbox 3440 3720 3621 3790; x_wconf 84' lang='grc' dir='ltr'><strong>μέγα,</strong></span> <span class='ocrx_word' id='word_1_536' title='bbox 3667 3720 3757 3772; x_wconf 74' lang='grc' dir='ltr'><strong>καὶ</strong></span> 
     </span>
    </p>
   </div>
   <div class='ocr_carea' id='block_1_74' title="bbox 509 3812 2074 3910">
    <p class='ocr_par' dir='ltr' id='par_1_74' title="bbox 509 3812 2074 3910">
     <span class='ocr_line' id='line_1_76' title="bbox 509 3812 2074 3910; baseline -0.01 -17"><span class='ocrx_word' id='word_1_537' title='bbox 509 3841 660 3910; x_wconf 84' lang='lat' dir='ltr'><strong>prius</strong></span> <span class='ocrx_word' id='word_1_538' title='bbox 712 3812 933 3907; x_wconf 82' lang='lat' dir='ltr'><strong>quidem</strong></span> <span class='ocrx_word' id='word_1_539' title='bbox 996 3832 1065 3887; x_wconf 91' lang='lat' dir='ltr'><strong>ad</strong></span> <span class='ocrx_word' id='word_1_540' title='bbox 1116 3830 1359 3884; x_wconf 90' lang='lat' dir='ltr'><strong>animum</strong></span> <span class='ocrx_word' id='word_1_541' title='bbox 1409 3827 1625 3881; x_wconf 87' lang='lat' dir='ltr'><strong>virilem</strong></span> <span class='ocrx_word' id='word_1_542' title='bbox 1684 3822 1985 3885; x_wconf 86' lang='lat' dir='ltr'><strong>exercitus,</strong></span> <span class='ocrx_word' id='word_1_543' title='bbox 2023 3828 2074 3877; x_wconf 81' lang='lat' dir='ltr'><strong>et</strong></span> 
     </span>
    </p>
   </div>
   <div class='ocr_carea' id='block_1_75' title="bbox 2179 3812 3753 3910">
    <p class='ocr_par' dir='ltr' id='par_1_75' title="bbox 2179 3812 3753 3894">
     <span class='ocr_line' id='line_1_77' title="bbox 2179 3812 3753 3894; baseline -0.008 -17"><span class='ocrx_word' id='word_1_544' title='bbox 2179 3824 2280 3894; x_wconf 79' lang='grc' dir='ltr'><strong>τὴν</strong></span> <span class='ocrx_word' id='word_1_545' title='bbox 2307 3821 2438 3875; x_wconf 82' lang='grc' dir='ltr'><strong>θέαν</strong></span> <span class='ocrx_word' id='word_1_546' title='bbox 2468 3818 2832 3889; x_wconf 77' lang='grc' dir='ltr'><strong>περίϐλεπτος</strong></span> <span class='ocrx_word' id='word_1_547' title='bbox 2853 3835 2867 3849; x_wconf 76' lang='grc' dir='ltr'><strong>ο</strong></span> <span class='ocrx_word' id='word_1_548' title='bbox 2902 3816 2972 3870; x_wconf 82' lang='grc' dir='ltr'><strong>τά</strong></span> <span class='ocrx_word' id='word_1_549' title='bbox 3007 3816 3107 3886; x_wconf 74' lang='grc' dir='ltr'><strong>μὲν</strong></span> <span class='ocrx_word' id='word_1_550' title='bbox 3145 3815 3253 3884; x_wconf 73' lang='grc' dir='ltr'><strong>πρὸ</strong></span> <span class='ocrx_word' id='word_1_551' title='bbox 3283 3812 3481 3868; x_wconf 83' lang='grc' dir='ltr'><strong>τούτου</strong></span> <span class='ocrx_word' id='word_1_552' title='bbox 3523 3813 3753 3883; x_wconf 80' lang='grc' dir='ltr'><strong>μελετή-</strong></span> 
     </span>
    </p>
   </div>
   <div class='ocr_carea' id='block_1_76' title="bbox 505 3915 2076 3994">
    <p class='ocr_par' dir='ltr' id='par_1_76' title="bbox 505 3915 2076 3994">
     <span class='ocr_line' id='line_1_78' title="bbox 505 3915 2076 3994; baseline -0.01 -10"><span class='ocrx_word' id='word_1_553' title='bbox 505 3926 896 3985; x_wconf 80' lang='lat' dir='ltr'><strong>nhluetationis</strong></span> <span class='ocrx_word' id='word_1_554' title='bbox 919 3938 1026 3977; x_wconf 91' lang='lat' dir='ltr'><strong>non</strong></span> <span class='ocrx_word' id='word_1_555' title='bbox 1055 3921 1278 3994; x_wconf 80' lang='lat' dir='ltr'><strong>ignarus</strong></span> <span class='ocrx_word' id='word_1_556' title='bbox 1303 3929 1357 3973; x_wconf 90' lang='lat' dir='ltr'><strong>et</strong></span> <span class='ocrx_word' id='word_1_557' title='bbox 1378 3919 1445 3973; x_wconf 86' lang='lat' dir='ltr'><strong>ad</strong></span> <span class='ocrx_word' id='word_1_558' title='bbox 1469 3925 1747 3973; x_wconf 83' lang='lat' dir='ltr'><strong>certamen</strong></span> <span class='ocrx_word' id='word_1_559' title='bbox 1773 3915 2076 3978; x_wconf 81' lang='lat' dir='ltr'><strong>exsultans,</strong></span> 
     </span>
    </p>
   </div>
   <div class='ocr_carea' id='block_1_77' title="bbox 510 4006 2080 4077">
    <p class='ocr_par' dir='ltr' id='par_1_77' title="bbox 510 4006 2080 4077">
     <span class='ocr_line' id='line_1_79' title="bbox 510 4006 2080 4077; baseline -0.01 -1"><span class='ocrx_word' id='word_1_560' title='bbox 510 4036 633 4077; x_wconf 86' lang='lat' dir='ltr'><strong>mox</strong></span> <span class='ocrx_word' id='word_1_561' title='bbox 698 4029 878 4073; x_wconf 88' lang='lat' dir='ltr'><strong>autem</strong></span> <span class='ocrx_word' id='word_1_562' title='bbox 919 4017 987 4069; x_wconf 89' lang='lat' dir='ltr'><strong>de</strong></span> <span class='ocrx_word' id='word_1_563' title='bbox 1036 4016 1185 4068; x_wconf 85' lang='lat' dir='ltr'><strong>bono</strong></span> <span class='ocrx_word' id='word_1_564' title='bbox 1228 4021 1346 4066; x_wconf 90' lang='lat' dir='ltr'><strong>tum</strong></span> <span class='ocrx_word' id='word_1_565' title='bbox 1401 4019 1548 4065; x_wconf 91' lang='lat' dir='ltr'><strong>metu</strong></span> <span class='ocrx_word' id='word_1_566' title='bbox 1591 4017 1706 4063; x_wconf 92' lang='lat' dir='ltr'><strong>tum</strong></span> <span class='ocrx_word' id='word_1_567' title='bbox 1758 4006 2080 4061; x_wconf 84' lang='lat' dir='ltr'><strong>vulneribus</strong></span> 
     </span>
    </p>
   </div>
   <div class='ocr_carea' id='block_1_78' title="bbox 507 4100 2083 4176">
    <p class='ocr_par' dir='ltr' id='par_1_78' title="bbox 507 4100 2083 4176">
     <span class='ocr_line' id='line_1_80' title="bbox 507 4100 2083 4176; baseline -0.012 -7"><span class='ocrx_word' id='word_1_568' title='bbox 507 4118 759 4176; x_wconf 78' lang='lat' dir='ltr'><strong>edoctus,</strong></span> <span class='ocrx_word' id='word_1_569' title='bbox 795 4119 848 4166; x_wconf 86' lang='lat' dir='ltr'><strong>et</strong></span> <span class='ocrx_word' id='word_1_570' title='bbox 879 4122 1028 4163; x_wconf 90' lang='lat' dir='ltr'><strong>nunc</strong></span> <span class='ocrx_word' id='word_1_571' title='bbox 1053 4107 1170 4174; x_wconf 88' lang='lat' dir='ltr'><strong>ipse</strong></span> <span class='ocrx_word' id='word_1_572' title='bbox 1205 4119 1426 4175; x_wconf 89' lang='lat' dir='ltr'><strong>quoque</strong></span> <span class='ocrx_word' id='word_1_573' title='bbox 1454 4103 1523 4157; x_wconf 88' lang='lat' dir='ltr'><strong>ad</strong></span> <span class='ocrx_word' id='word_1_574' title='bbox 1560 4100 1898 4170; x_wconf 87' lang='lat' dir='ltr'><strong>triumphum</strong></span> <span class='ocrx_word' id='word_1_575' title='bbox 1949 4112 2083 4153; x_wconf 87' lang='lat' dir='ltr'><strong>con-</strong></span> 
     </span>
    </p>
   </div>
   <div class='ocr_carea' id='block_1_79' title="bbox 510 4193 2084 4267">
    <p class='ocr_par' dir='ltr' id='par_1_79' title="bbox 510 4193 2084 4267">
     <span class='ocr_line' id='line_1_81' title="bbox 510 4193 2084 4267; baseline -0.011 -5"><span class='ocrx_word' id='word_1_576' title='bbox 510 4218 760 4262; x_wconf 83' lang='lat' dir='ltr'><strong>currens.</strong></span> <span class='ocrx_word' id='word_1_577' title='bbox 796 4201 955 4256; x_wconf 88' lang='lat' dir='ltr'><strong>Prius</strong></span> <span class='ocrx_word' id='word_1_578' title='bbox 974 4212 1168 4255; x_wconf 82' lang='lat' dir='ltr'><strong>servus</strong></span> <span class='ocrx_word' id='word_1_579' title='bbox 1192 4197 1474 4267; x_wconf 76' lang='lat' dir='ltr'><strong>fugitivus,</strong></span> <span class='ocrx_word' id='word_1_580' title='bbox 1509 4193 1826 4263; x_wconf 87' lang='lat' dir='ltr'><strong>dominique</strong></span> <span class='ocrx_word' id='word_1_581' title='bbox 1855 4207 1921 4248; x_wconf 80' lang='lat' dir='ltr'><strong>ex</strong></span> <span class='ocrx_word' id='word_1_582' title='bbox 1944 4206 2084 4246; x_wconf 89' lang='lat' dir='ltr'><strong>con-</strong></span> 
     </span>
    </p>
   </div>
   <div class='ocr_carea' id='block_1_80' title="bbox 511 4285 2084 4369">
    <p class='ocr_par' dir='ltr' id='par_1_80' title="bbox 511 4285 2084 4369">
     <span class='ocr_line' id='line_1_82' title="bbox 511 4285 2084 4369; baseline -0.01 -14"><span class='ocrx_word' id='word_1_583' title='bbox 511 4309 698 4369; x_wconf 72' lang='lat' dir='ltr'><strong>aspectu</strong></span> <span class='ocrx_word' id='word_1_584' title='bbox 730 4296 946 4352; x_wconf 85' lang='lat' dir='ltr'><strong>abditus</strong></span> <span class='ocrx_word' id='word_1_585' title='bbox 995 4307 1143 4349; x_wconf 88' lang='lat' dir='ltr'><strong>nunc</strong></span> <span class='ocrx_word' id='word_1_586' title='bbox 1194 4292 1377 4345; x_wconf 85' lang='lat' dir='ltr'><strong>mallet</strong></span> <span class='ocrx_word' id='word_1_587' title='bbox 1410 4290 1615 4344; x_wconf 90' lang='lat' dir='ltr'><strong>malum</strong></span> <span class='ocrx_word' id='word_1_588' title='bbox 1669 4303 1831 4342; x_wconf 90' lang='lat' dir='ltr'><strong>omne</strong></span> <span class='ocrx_word' id='word_1_589' title='bbox 1876 4285 2084 4357; x_wconf 88' lang='lat' dir='ltr'><strong>perpeti</strong></span> 
     </span>
    </p>
   </div>
   <div class='ocr_carea' id='block_1_81' title="bbox 511 4377 2084 4461">
    <p class='ocr_par' dir='ltr' id='par_1_81' title="bbox 511 4377 2084 4461">
     <span class='ocr_line' id='line_1_83' title="bbox 511 4377 2084 4461; baseline -0.008 -19"><span class='ocrx_word' id='word_1_590' title='bbox 511 4405 676 4461; x_wconf 88' lang='lat' dir='ltr'><strong>quam</strong></span> <span class='ocrx_word' id='word_1_591' title='bbox 711 4387 831 4442; x_wconf 90' lang='lat' dir='ltr'><strong>visu</strong></span> <span class='ocrx_word' id='word_1_592' title='bbox 868 4385 1013 4440; x_wconf 84' lang='lat' dir='ltr'><strong>illius</strong></span> <span class='ocrx_word' id='word_1_593' title='bbox 1044 4383 1253 4438; x_wconf 90' lang='lat' dir='ltr'><strong>orbari.</strong></span> <span class='ocrx_word' id='word_1_594' title='bbox 1319 4380 1585 4449; x_wconf 86' lang='lat' dir='ltr'><strong>Equidem</strong></span> <span class='ocrx_word' id='word_1_595' title='bbox 1619 4379 1793 4432; x_wconf 88' lang='lat' dir='ltr'><strong>currit</strong></span> <span class='ocrx_word' id='word_1_596' title='bbox 1825 4386 1884 4431; x_wconf 90' lang='lat' dir='ltr'><strong>ut</strong></span> <span class='ocrx_word' id='word_1_597' title='bbox 1933 4377 2084 4446; x_wconf 88' lang='lat' dir='ltr'><strong>prin-</strong></span> 
     </span>
    </p>
   </div>
   <div class='ocr_carea' id='block_1_82' title="bbox 2183 3905 3757 3985">
    <p class='ocr_par' dir='ltr' id='par_1_82' title="bbox 2183 3905 3757 3985">
     <span class='ocr_line' id='line_1_84' title="bbox 2183 3905 3757 3985; baseline -0.007 -16"><span class='ocrx_word' id='word_1_598' title='bbox 2183 3933 2284 3979; x_wconf 84' lang='grc' dir='ltr'><strong>σας</strong></span> <span class='ocrx_word' id='word_1_599' title='bbox 2333 3912 2728 3985; x_wconf 76' lang='grc' dir='ltr'><strong>ἀνδρίζεσθαι,</strong></span> <span class='ocrx_word' id='word_1_600' title='bbox 2786 3911 2882 3964; x_wconf 75' lang='grc' dir='ltr'><strong>καὶ</strong></span> <span class='ocrx_word' id='word_1_601' title='bbox 2946 3908 3137 3978; x_wconf 83' lang='grc' dir='ltr'><strong>μαθὼν</strong></span> <span class='ocrx_word' id='word_1_602' title='bbox 3199 3905 3608 3971; x_wconf 80' lang='grc' dir='ltr'><strong>ἀνθίστασθαι,</strong></span> <span class='ocrx_word' id='word_1_603' title='bbox 3666 3905 3757 3959; x_wconf 81' lang='grc' dir='ltr'><strong>καὶ</strong></span> 
     </span>
    </p>
   </div>
   <div class='ocr_carea' id='block_1_83' title="bbox 2180 3996 3757 4074">
    <p class='ocr_par' dir='ltr' id='par_1_83' title="bbox 2180 3996 3757 4074">
     <span class='ocr_line' id='line_1_85' title="bbox 2180 3996 3757 4074; baseline -0.007 -15"><span class='ocrx_word' id='word_1_604' title='bbox 2180 4007 2590 4074; x_wconf 85' lang='grc' dir='ltr'><strong>ἁνασκιρτήσας</strong></span> <span class='ocrx_word' id='word_1_605' title='bbox 2634 4003 2716 4066; x_wconf 86' lang='grc' dir='ltr'><strong>είς</strong></span> <span class='ocrx_word' id='word_1_606' title='bbox 2748 4000 2989 4069; x_wconf 87' lang='grc' dir='ltr'><strong>πόλεμον</strong></span> <span class='ocrx_word' id='word_1_607' title='bbox 3010 4015 3026 4031; x_wconf 80' lang='grc'><em>’</em></span> <span class='ocrx_word' id='word_1_608' title='bbox 3060 4000 3200 4070; x_wconf 79' lang='grc' dir='ltr'><strong>ταχὺ</strong></span> <span class='ocrx_word' id='word_1_609' title='bbox 3234 3999 3293 4053; x_wconf 82' lang='grc' dir='ltr'><strong>δὲ</strong></span> <span class='ocrx_word' id='word_1_610' title='bbox 3337 3996 3757 4068; x_wconf 77' lang='grc' dir='ltr'><strong>μεταδιδαχθεὶς</strong></span> 
     </span>
    </p>
   </div>
   <div class='ocr_carea' id='block_1_84' title="bbox 2180 4091 3755 4165">
    <p class='ocr_par' dir='ltr' id='par_1_84' title="bbox 2180 4091 3755 4165">
     <span class='ocr_line' id='line_1_86' title="bbox 2180 4091 3755 4165; baseline -0.006 -14"><span class='ocrx_word' id='word_1_611' title='bbox 2180 4099 2243 4151; x_wconf 79' lang='grc' dir='ltr'><strong>τὸ</strong></span> <span class='ocrx_word' id='word_1_612' title='bbox 2276 4096 2462 4159; x_wconf 72' lang='grc' dir='ltr'><strong>καλὸν,</strong></span> <span class='ocrx_word' id='word_1_613' title='bbox 2521 4096 2592 4149; x_wconf 77' lang='grc' dir='ltr'><strong>τὰ</strong></span> <span class='ocrx_word' id='word_1_614' title='bbox 2624 4095 2725 4165; x_wconf 81' lang='grc' dir='ltr'><strong>μὲν</strong></span> <span class='ocrx_word' id='word_1_615' title='bbox 2778 4094 2991 4164; x_wconf 79' lang='grc' dir='ltr'><strong>φόϐοις,</strong></span> <span class='ocrx_word' id='word_1_616' title='bbox 3023 4091 3094 4145; x_wconf 83' lang='grc' dir='ltr'><strong>τὰ</strong></span> <span class='ocrx_word' id='word_1_617' title='bbox 3138 4091 3198 4145; x_wconf 84' lang='grc' dir='ltr'><strong>δὲ</strong></span> <span class='ocrx_word' id='word_1_618' title='bbox 3230 4091 3403 4144; x_wconf 80' lang='grc' dir='ltr'><strong>πλείω</strong></span> <span class='ocrx_word' id='word_1_619' title='bbox 3455 4092 3755 4161; x_wconf 81' lang='grc' dir='ltr'><strong>τραύμασι,</strong></span> 
     </span>
    </p>
   </div>
   <div class='ocr_carea' id='block_1_85' title="bbox 2182 4182 3757 4260">
    <p class='ocr_par' dir='ltr' id='par_1_85' title="bbox 2182 4182 3757 4260">
     <span class='ocr_line' id='line_1_87' title="bbox 2182 4182 3757 4260; baseline -0.007 -16"><span class='ocrx_word' id='word_1_620' title='bbox 2182 4192 2278 4245; x_wconf 74' lang='grc' dir='ltr'><strong>καὶ</strong></span> <span class='ocrx_word' id='word_1_621' title='bbox 2310 4189 2407 4245; x_wconf 83' lang='grc' dir='ltr'><strong>νῦν</strong></span> <span class='ocrx_word' id='word_1_622' title='bbox 2448 4188 2545 4242; x_wconf 79' lang='grc' dir='ltr'><strong>καὶ</strong></span> <span class='ocrx_word' id='word_1_623' title='bbox 2585 4186 2751 4251; x_wconf 78' lang='grc' dir='ltr'><strong>αὐτὸς</strong></span> <span class='ocrx_word' id='word_1_624' title='bbox 2799 4187 2879 4249; x_wconf 89' lang='grc' dir='ltr'><strong>είς</strong></span> <span class='ocrx_word' id='word_1_625' title='bbox 2932 4185 3205 4260; x_wconf 77' lang='grc' dir='ltr'><strong>θρίαμϐον</strong></span> <span class='ocrx_word' id='word_1_626' title='bbox 3243 4182 3539 4238; x_wconf 85' lang='grc' dir='ltr'><strong>συντελῶν.</strong></span> <span class='ocrx_word' id='word_1_627' title='bbox 3590 4184 3700 4236; x_wconf 79' lang='grc' dir='ltr'><strong>Καὶ</strong></span> <span class='ocrx_word' id='word_1_628' title='bbox 3731 4184 3757 4234; x_wconf 85' lang='grc' dir='ltr'>ὁ</span> 
     </span>
    </p>
   </div>
   <div class='ocr_carea' id='block_1_86' title="bbox 2183 4275 3754 4355">
    <p class='ocr_par' dir='ltr' id='par_1_86' title="bbox 2183 4275 3754 4355">
     <span class='ocr_line' id='line_1_88' title="bbox 2183 4275 3754 4355; baseline -0.007 -17"><span class='ocrx_word' id='word_1_629' title='bbox 2183 4284 2316 4355; x_wconf 69' lang='grc' dir='ltr'><strong>πρὶν</strong></span> <span class='ocrx_word' id='word_1_630' title='bbox 2350 4282 2533 4351; x_wconf 76' lang='grc' dir='ltr'><strong>φυγὰς</strong></span> <span class='ocrx_word' id='word_1_631' title='bbox 2564 4279 2775 4344; x_wconf 83' lang='grc' dir='ltr'><strong>δοῦλος,</strong></span> <span class='ocrx_word' id='word_1_632' title='bbox 2803 4279 2902 4333; x_wconf 78' lang='grc' dir='ltr'><strong>καὶ</strong></span> <span class='ocrx_word' id='word_1_633' title='bbox 2928 4278 3023 4332; x_wconf 81' lang='grc' dir='ltr'><strong>τὸν</strong></span> <span class='ocrx_word' id='word_1_634' title='bbox 3053 4276 3326 4342; x_wconf 82' lang='grc' dir='ltr'><strong>δεσπότην</strong></span> <span class='ocrx_word' id='word_1_635' title='bbox 3354 4275 3754 4346; x_wconf 80' lang='grc' dir='ltr'><strong>κρυπτόμενος,</strong></span> 
     </span>
    </p>
   </div>
   <div class='ocr_carea' id='block_1_87' title="bbox 2188 4373 3761 4445">
    <p class='ocr_par' dir='ltr' id='par_1_87' title="bbox 2188 4373 3761 4445">
     <span class='ocr_line' id='line_1_89' title="bbox 2188 4373 3761 4445; baseline -0.008 -8"><span class='ocrx_word' id='word_1_636' title='bbox 2188 4382 2283 4437; x_wconf 82' lang='grc' dir='ltr'><strong>νῦν</strong></span> <span class='ocrx_word' id='word_1_637' title='bbox 2313 4380 2490 4434; x_wconf 74' lang='grc' dir='ltr'><strong>ἕλοιτο</strong></span> <span class='ocrx_word' id='word_1_638' title='bbox 2525 4379 2593 4434; x_wconf 84' lang='grc' dir='ltr'><strong>ἂν</strong></span> <span class='ocrx_word' id='word_1_639' title='bbox 2643 4377 2843 4431; x_wconf 86' lang='grc' dir='ltr'><strong>παθεῖν</strong></span> <span class='ocrx_word' id='word_1_640' title='bbox 2874 4376 3019 4431; x_wconf 76' lang='grc' dir='ltr'><strong>ἅπαν</strong></span> <span class='ocrx_word' id='word_1_641' title='bbox 3049 4374 3244 4442; x_wconf 82' lang='grc' dir='ltr'><strong>δεινὸν,</strong></span> <span class='ocrx_word' id='word_1_642' title='bbox 3286 4373 3320 4445; x_wconf 78' lang='grc' dir='ltr'>ἢ</span> <span class='ocrx_word' id='word_1_643' title='bbox 3353 4376 3454 4445; x_wconf 81' lang='grc' dir='ltr'><strong>τῆς</strong></span> <span class='ocrx_word' id='word_1_644' title='bbox 3488 4373 3620 4438; x_wconf 81' lang='grc' dir='ltr'><strong>θέας</strong></span> <span class='ocrx_word' id='word_1_645' title='bbox 3644 4373 3761 4426; x_wconf 85' lang='grc' dir='ltr'><strong>τού-</strong></span> 
     </span>
    </p>
   </div>
   <div class='ocr_carea' id='block_1_88' title="bbox 514 4466 2074 4550">
    <p class='ocr_par' dir='ltr' id='par_1_88' title="bbox 514 4466 2074 4550">
     <span class='ocr_line' id='line_1_90' title="bbox 514 4466 2074 4550; baseline -0.012 -12"><span class='ocrx_word' id='word_1_646' title='bbox 514 4488 692 4550; x_wconf 80' lang='lat' dir='ltr'><strong>cipem</strong></span> <span class='ocrx_word' id='word_1_647' title='bbox 725 4480 928 4550; x_wconf 70' lang='lat' dir='ltr'><strong>videat,</strong></span> <span class='ocrx_word' id='word_1_648' title='bbox 966 4475 1125 4545; x_wconf 89' lang='lat' dir='ltr'><strong>quasi</strong></span> <span class='ocrx_word' id='word_1_649' title='bbox 1156 4490 1183 4526; x_wconf 90' lang='lat' dir='ltr'><strong>a</strong></span> <span class='ocrx_word' id='word_1_650' title='bbox 1210 4471 1451 4527; x_wconf 88' lang='lat' dir='ltr'><strong>tenebris</strong></span> <span class='ocrx_word' id='word_1_651' title='bbox 1490 4471 1557 4524; x_wconf 88' lang='lat' dir='ltr'><strong>ad</strong></span> <span class='ocrx_word' id='word_1_652' title='bbox 1605 4469 1797 4533; x_wconf 90' lang='lat' dir='ltr'><strong>solem,</strong></span> <span class='ocrx_word' id='word_1_653' title='bbox 1842 4477 1897 4523; x_wconf 89' lang='lat' dir='ltr'><strong>et</strong></span> <span class='ocrx_word' id='word_1_654' title='bbox 1935 4466 2074 4523; x_wconf 87' lang='lat' dir='ltr'><strong>beni-</strong></span> 
     </span>
    </p>
   </div>
   <div class='ocr_carea' id='block_1_89' title="bbox 2179 4466 3753 4550">
    <p class='ocr_par' dir='ltr' id='par_1_89' title="bbox 2187 4466 3753 4543">
     <span class='ocr_line' id='line_1_91' title="bbox 2187 4466 3753 4543; baseline -0.006 -14"><span class='ocrx_word' id='word_1_655' title='bbox 2187 4493 2284 4530; x_wconf 88' lang='grc' dir='ltr'><strong>του</strong></span> <span class='ocrx_word' id='word_1_656' title='bbox 2320 4472 2635 4543; x_wconf 86' lang='grc' dir='ltr'><strong>στέρεσθαι.</strong></span> <span class='ocrx_word' id='word_1_657' title='bbox 2675 4470 2893 4543; x_wconf 78' lang='grc' dir='ltr'><strong>’Δμέλει</strong></span> <span class='ocrx_word' id='word_1_658' title='bbox 2920 4471 3016 4523; x_wconf 72' lang='grc' dir='ltr'><strong>καὶ</strong></span> <span class='ocrx_word' id='word_1_659' title='bbox 3039 4469 3225 4540; x_wconf 80' lang='grc' dir='ltr'><strong>τρέχει</strong></span> <span class='ocrx_word' id='word_1_660' title='bbox 3254 4469 3345 4521; x_wconf 81' lang='grc' dir='ltr'><strong>τὸν</strong></span> <span class='ocrx_word' id='word_1_661' title='bbox 3378 4466 3612 4537; x_wconf 84' lang='grc' dir='ltr'><strong>βασιλέα</strong></span> <span class='ocrx_word' id='word_1_662' title='bbox 3637 4467 3753 4521; x_wconf 68' lang='grc' dir='ltr'><strong>θεᾶι</strong></span> 
     </span>
    </p>
   </div>
   <div class='ocr_carea' id='block_1_90' title="bbox 516 4559 2085 4645">
    <p class='ocr_par' dir='ltr' id='par_1_90' title="bbox 516 4559 2085 4645">
     <span class='ocr_line' id='line_1_92' title="bbox 516 4559 2085 4645; baseline -0.01 -16"><span class='ocrx_word' id='word_1_663' title='bbox 516 4591 621 4645; x_wconf 72' lang='grc' dir='ltr'><strong>ιςιιο</strong></span> <span class='ocrx_word' id='word_1_664' title='bbox 673 4571 995 4640; x_wconf 84' lang='lat' dir='ltr'><strong>suscipitur,</strong></span> <span class='ocrx_word' id='word_1_665' title='bbox 1057 4568 1332 4632; x_wconf 82' lang='lat' dir='ltr'><strong>intratque</strong></span> <span class='ocrx_word' id='word_1_666' title='bbox 1393 4562 1651 4632; x_wconf 78' lang='lat' dir='ltr'><strong>gaudium</strong></span> <span class='ocrx_word' id='word_1_667' title='bbox 1720 4560 1926 4615; x_wconf 89' lang='lat' dir='ltr'><strong>domini</strong></span> <span class='ocrx_word' id='word_1_668' title='bbox 1972 4559 2085 4614; x_wconf 88' lang='lat' dir='ltr'><strong>sui.</strong></span> 
     </span>
    </p>
   </div>
   <div class='ocr_carea' id='block_1_91' title="bbox 517 4652 2090 4735">
    <p class='ocr_par' dir='ltr' id='par_1_91' title="bbox 517 4652 2090 4735">
     <span class='ocr_line' id='line_1_93' title="bbox 517 4652 2090 4735; baseline -0.01 -14"><span class='ocrx_word' id='word_1_669' title='bbox 517 4666 622 4721; x_wconf 72' lang='lat' dir='ltr'><strong>Cui</strong></span> <span class='ocrx_word' id='word_1_670' title='bbox 654 4666 805 4735; x_wconf 90' lang='lat' dir='ltr'><strong>prius</strong></span> <span class='ocrx_word' id='word_1_671' title='bbox 854 4677 963 4716; x_wconf 91' lang='lat' dir='ltr'><strong>non</strong></span> <span class='ocrx_word' id='word_1_672' title='bbox 1026 4660 1106 4714; x_wconf 87' lang='lat' dir='ltr'><strong>fas</strong></span> <span class='ocrx_word' id='word_1_673' title='bbox 1146 4666 1262 4713; x_wconf 90' lang='lat' dir='ltr'><strong>erat</strong></span> <span class='ocrx_word' id='word_1_674' title='bbox 1330 4665 1529 4710; x_wconf 89' lang='lat' dir='ltr'><strong>terram</strong></span> <span class='ocrx_word' id='word_1_675' title='bbox 1580 4655 1812 4725; x_wconf 90' lang='lat' dir='ltr'><strong>patriam</strong></span> <span class='ocrx_word' id='word_1_676' title='bbox 1866 4652 2090 4708; x_wconf 86' lang='lat' dir='ltr'><strong>concul-</strong></span> 
     </span>
    </p>
   </div>
   <div class='ocr_carea' id='block_1_92' title="bbox 526 4746 2087 4820">
    <p class='ocr_par' dir='ltr' id='par_1_92' title="bbox 526 4746 2087 4820">
     <span class='ocr_line' id='line_1_94' title="bbox 526 4746 2087 4820; baseline -0.008 -9"><span class='ocrx_word' id='word_1_677' title='bbox 526 4770 675 4819; x_wconf 89' lang='lat' dir='ltr'><strong>care,</strong></span> <span class='ocrx_word' id='word_1_678' title='bbox 703 4767 851 4807; x_wconf 91' lang='lat' dir='ltr'><strong>nunc</strong></span> <span class='ocrx_word' id='word_1_679' title='bbox 879 4751 1027 4806; x_wconf 85' lang='lat' dir='ltr'><strong>vadit</strong></span> <span class='ocrx_word' id='word_1_680' title='bbox 1056 4765 1151 4820; x_wconf 90' lang='lat' dir='ltr'><strong>per</strong></span> <span class='ocrx_word' id='word_1_681' title='bbox 1197 4749 1442 4818; x_wconf 79' lang='lat' dir='ltr'><strong>reginam</strong></span> <span class='ocrx_word' id='word_1_682' title='bbox 1494 4748 1711 4802; x_wconf 90' lang='lat' dir='ltr'><strong>urbium</strong></span> <span class='ocrx_word' id='word_1_683' title='bbox 1751 4746 1990 4817; x_wconf 74' lang='lat' dir='ltr'><strong>gaudens</strong></span> <span class='ocrx_word' id='word_1_684' title='bbox 2023 4758 2087 4800; x_wconf 94' lang='lat' dir='ltr'><strong>eo</strong></span> 
     </span>
    </p>
   </div>
   <div class='ocr_carea' id='block_1_93' title="bbox 525 4838 2091 4918">
    <p class='ocr_par' dir='ltr' id='par_1_93' title="bbox 525 4838 2091 4918">
     <span class='ocr_line' id='line_1_95' title="bbox 525 4838 2091 4918; baseline -0.007 -15"><span class='ocrx_word' id='word_1_685' title='bbox 525 4847 672 4918; x_wconf 89' lang='lat' dir='ltr'><strong>quod</strong></span> <span class='ocrx_word' id='word_1_686' title='bbox 695 4844 1004 4901; x_wconf 86' lang='lat' dir='ltr'><strong>desiderata</strong></span> <span class='ocrx_word' id='word_1_687' title='bbox 1040 4842 1389 4912; x_wconf 86' lang='lat' dir='ltr'><strong>imperatoris</strong></span> <span class='ocrx_word' id='word_1_688' title='bbox 1444 4838 1583 4895; x_wconf 79' lang='lat' dir='ltr'><strong>facie</strong></span> <span class='ocrx_word' id='word_1_689' title='bbox 1604 4839 1837 4901; x_wconf 88' lang='lat' dir='ltr'><strong>fruatur,</strong></span> <span class='ocrx_word' id='word_1_690' title='bbox 1871 4851 2091 4908; x_wconf 66' lang='lat' dir='ltr'><strong>sumque</strong></span> 
     </span>
    </p>
   </div>
   <div class='ocr_carea' id='block_1_94' title="bbox 525 4932 2090 5002">
    <p class='ocr_par' dir='ltr' id='par_1_94' title="bbox 525 4932 2090 5002">
     <span class='ocr_line' id='line_1_96' title="bbox 525 4932 2090 5002; baseline -0.007 -7"><span class='ocrx_word' id='word_1_691' title='bbox 525 4936 808 4996; x_wconf 88' lang='lat' dir='ltr'><strong>servitutis</strong></span> <span class='ocrx_word' id='word_1_692' title='bbox 835 4949 945 4989; x_wconf 88' lang='lat' dir='ltr'><strong>non</strong></span> <span class='ocrx_word' id='word_1_693' title='bbox 976 4934 1167 4997; x_wconf 88' lang='lat' dir='ltr'><strong>alium,</strong></span> <span class='ocrx_word' id='word_1_694' title='bbox 1193 4932 1287 4988; x_wconf 89' lang='lat' dir='ltr'><strong>sed</strong></span> <span class='ocrx_word' id='word_1_695' title='bbox 1316 4934 1676 5002; x_wconf 88' lang='lat' dir='ltr'><strong>semetipsum</strong></span> <span class='ocrx_word' id='word_1_696' title='bbox 1701 4946 1828 4987; x_wconf 90' lang='lat' dir='ltr'><strong>vere</strong></span> <span class='ocrx_word' id='word_1_697' title='bbox 1851 4944 2090 5000; x_wconf 87' lang='lat' dir='ltr'><strong>sponso-</strong></span> 
     </span>
    </p>
   </div>
   <div class='ocr_carea' id='block_1_95' title="bbox 525 5018 2092 5088">
    <p class='ocr_par' dir='ltr' id='par_1_95' title="bbox 525 5018 2092 5088">
     <span class='ocr_line' id='line_1_97' title="bbox 525 5018 2092 5088; baseline -0.01 0"><span class='ocrx_word' id='word_1_698' title='bbox 525 5046 640 5088; x_wconf 90' lang='lat' dir='ltr'><strong>rem</strong></span> <span class='ocrx_word' id='word_1_699' title='bbox 669 5026 824 5085; x_wconf 79' lang='lat' dir='ltr'><strong>testis</strong></span> <span class='ocrx_word' id='word_1_700' title='bbox 854 5025 1099 5082; x_wconf 83' lang='lat' dir='ltr'><strong>exhibet.</strong></span> <span class='ocrx_word' id='word_1_701' title='bbox 1145 5024 1421 5080; x_wconf 83' lang='lat' dir='ltr'><strong>Percurrit</strong></span> <span class='ocrx_word' id='word_1_702' title='bbox 1463 5018 1639 5079; x_wconf 86' lang='lat' dir='ltr'><strong>oculis</strong></span> <span class='ocrx_word' id='word_1_703' title='bbox 1691 5023 1846 5077; x_wconf 83' lang='lat' dir='ltr'><strong>varia</strong></span> <span class='ocrx_word' id='word_1_704' title='bbox 1877 5021 1968 5075; x_wconf 87' lang='lat' dir='ltr'><strong>illa</strong></span> <span class='ocrx_word' id='word_1_705' title='bbox 1998 5036 2092 5074; x_wconf 87' lang='lat' dir='ltr'><strong>or-</strong></span> 
     </span>
    </p>
   </div>
   <div class='ocr_carea' id='block_1_96' title="bbox 525 5114 2089 5190">
    <p class='ocr_par' dir='ltr' id='par_1_96' title="bbox 525 5114 2089 5190">
     <span class='ocr_line' id='line_1_98' title="bbox 525 5114 2089 5190; baseline -0.009 -10"><span class='ocrx_word' id='word_1_706' title='bbox 525 5130 778 5179; x_wconf 88' lang='lat' dir='ltr'><strong>namenta</strong></span> <span class='ocrx_word' id='word_1_707' title='bbox 842 5134 963 5190; x_wconf 73' lang='lat' dir='ltr'><strong>qua:</strong></span> <span class='ocrx_word' id='word_1_708' title='bbox 1009 5117 1270 5189; x_wconf 59' lang='lat' dir='ltr'><strong>praclara</strong></span> <span class='ocrx_word' id='word_1_709' title='bbox 1314 5126 1408 5171; x_wconf 87' lang='lat' dir='ltr'><strong>tua</strong></span> <span class='ocrx_word' id='word_1_710' title='bbox 1468 5115 1783 5185; x_wconf 84' lang='lat' dir='ltr'><strong>exprimunt</strong></span> <span class='ocrx_word' id='word_1_711' title='bbox 1822 5114 2089 5181; x_wconf 81' lang='lat' dir='ltr'><strong>facinora,</strong></span> 
     </span>
    </p>
   </div>
   <div class='ocr_carea' id='block_1_97' title="bbox 526 5211 2090 5291">
    <p class='ocr_par' dir='ltr' id='par_1_97' title="bbox 526 5211 2090 5291">
     <span class='ocr_line' id='line_1_99' title="bbox 526 5211 2090 5291; baseline -0.006 -16"><span class='ocrx_word' id='word_1_712' title='bbox 526 5235 649 5291; x_wconf 67' lang='lat' dir='ltr'><strong>quat</strong></span> <span class='ocrx_word' id='word_1_713' title='bbox 680 5220 952 5290; x_wconf 86' lang='lat' dir='ltr'><strong>pictorum</strong></span> <span class='ocrx_word' id='word_1_714' title='bbox 982 5230 1179 5270; x_wconf 85' lang='lat' dir='ltr'><strong>manus</strong></span> <span class='ocrx_word' id='word_1_715' title='bbox 1202 5214 1270 5268; x_wconf 88' lang='lat' dir='ltr'><strong>ad</strong></span> <span class='ocrx_word' id='word_1_716' title='bbox 1302 5212 1620 5266; x_wconf 86' lang='lat' dir='ltr'><strong>memoriam</strong></span> <span class='ocrx_word' id='word_1_717' title='bbox 1650 5211 2090 5275; x_wconf 86' lang='lat' dir='ltr'><strong>elaboraverunt,</strong></span> 
     </span>
    </p>
   </div>
   <div class='ocr_carea' id='block_1_98' title="bbox 523 5303 2092 5377">
    <p class='ocr_par' dir='ltr' id='par_1_98' title="bbox 523 5303 2092 5377">
     <span class='ocr_line' id='line_1_100' title="bbox 523 5303 2092 5377; baseline -0.008 -8"><span class='ocrx_word' id='word_1_718' title='bbox 523 5324 639 5370; x_wconf 90' lang='lat' dir='ltr'><strong>tum</strong></span> <span class='ocrx_word' id='word_1_719' title='bbox 693 5312 930 5367; x_wconf 85' lang='lat' dir='ltr'><strong>aliorum</strong></span> <span class='ocrx_word' id='word_1_720' title='bbox 983 5320 1153 5377; x_wconf 76' lang='lat' dir='ltr'><strong>gesta,</strong></span> <span class='ocrx_word' id='word_1_721' title='bbox 1214 5316 1328 5360; x_wconf 91' lang='lat' dir='ltr'><strong>tum</strong></span> <span class='ocrx_word' id='word_1_722' title='bbox 1385 5306 1737 5373; x_wconf 79' lang='lat' dir='ltr'><strong>semetipsum</strong></span> <span class='ocrx_word' id='word_1_723' title='bbox 1791 5311 2006 5373; x_wconf 82' lang='lat' dir='ltr'><strong>gentem</strong></span> <span class='ocrx_word' id='word_1_724' title='bbox 2039 5303 2092 5356; x_wconf 92' lang='lat' dir='ltr'><strong>in</strong></span> 
     </span>
    </p>
   </div>
   <div class='ocr_carea' id='block_1_99' title="bbox 522 5396 2096 5477">
    <p class='ocr_par' dir='ltr' id='par_1_99' title="bbox 522 5396 2096 5477">
     <span class='ocr_line' id='line_1_101' title="bbox 522 5396 2096 5477; baseline -0.007 -15"><span class='ocrx_word' id='word_1_725' title='bbox 522 5421 631 5477; x_wconf 82' lang='lat' dir='ltr'><strong>qua</strong></span> <span class='ocrx_word' id='word_1_726' title='bbox 689 5403 923 5475; x_wconf 72' lang='lat' dir='ltr'><strong>degebat</strong></span> <span class='ocrx_word' id='word_1_727' title='bbox 983 5401 1053 5456; x_wconf 80' lang='lat' dir='ltr'><strong>ad</strong></span> <span class='ocrx_word' id='word_1_728' title='bbox 1102 5400 1499 5456; x_wconf 79' lang='lat' dir='ltr'><strong>incrementum</strong></span> <span class='ocrx_word' id='word_1_729' title='bbox 1549 5396 1948 5459; x_wconf 90' lang='lat' dir='ltr'><strong>stimulantem,</strong></span> <span class='ocrx_word' id='word_1_730' title='bbox 2006 5396 2096 5452; x_wconf 85' lang='lat' dir='ltr'><strong>hic</strong></span> 
     </span>
    </p>
   </div>
   <div class='ocr_carea' id='block_1_100' title="bbox 523 5487 2096 5562">
    <p class='ocr_par' dir='ltr' id='par_1_100' title="bbox 523 5487 2096 5562">
     <span class='ocr_line' id='line_1_102' title="bbox 523 5487 2096 5562; baseline -0.009 -10"><span class='ocrx_word' id='word_1_731' title='bbox 523 5504 795 5552; x_wconf 82' lang='lat' dir='ltr'><strong>armatum</strong></span> <span class='ocrx_word' id='word_1_732' title='bbox 858 5502 914 5550; x_wconf 91' lang='lat' dir='ltr'><strong>et</strong></span> <span class='ocrx_word' id='word_1_733' title='bbox 966 5492 1233 5562; x_wconf 87' lang='lat' dir='ltr'><strong>equitem,</strong></span> <span class='ocrx_word' id='word_1_734' title='bbox 1284 5488 1412 5543; x_wconf 91' lang='lat' dir='ltr'><strong>alibi</strong></span> <span class='ocrx_word' id='word_1_735' title='bbox 1451 5502 1635 5543; x_wconf 86' lang='lat' dir='ltr'><strong>ensem</strong></span> <span class='ocrx_word' id='word_1_736' title='bbox 1701 5501 1869 5540; x_wconf 90' lang='lat' dir='ltr'><strong>manu</strong></span> <span class='ocrx_word' id='word_1_737' title='bbox 1930 5487 2096 5541; x_wconf 86' lang='lat' dir='ltr'><strong>strin-</strong></span> 
     </span>
    </p>
   </div>
   <div class='ocr_carea' id='block_1_101' title="bbox 523 5580 2095 5657">
    <p class='ocr_par' dir='ltr' id='par_1_101' title="bbox 523 5580 2095 5657">
     <span class='ocr_line' id='line_1_103' title="bbox 523 5580 2095 5657; baseline -0.006 -14"><span class='ocrx_word' id='word_1_738' title='bbox 523 5596 763 5657; x_wconf 76' lang='lat' dir='ltr'><strong>gentem,</strong></span> <span class='ocrx_word' id='word_1_739' title='bbox 813 5585 1015 5656; x_wconf 60' lang='lat' dir='ltr'><strong>sapius</strong></span> <span class='ocrx_word' id='word_1_740' title='bbox 1066 5585 1368 5641; x_wconf 79' lang='lat' dir='ltr'><strong>exercitum</strong></span> <span class='ocrx_word' id='word_1_741' title='bbox 1419 5583 1538 5638; x_wconf 90' lang='lat' dir='ltr'><strong>loco</strong></span> <span class='ocrx_word' id='word_1_742' title='bbox 1566 5580 1863 5636; x_wconf 87' lang='lat' dir='ltr'><strong>manifesto</strong></span> <span class='ocrx_word' id='word_1_743' title='bbox 1910 5581 2095 5650; x_wconf 88' lang='lat' dir='ltr'><strong>dispo-</strong></span> 
     </span>
    </p>
   </div>
   <div class='ocr_carea' id='block_1_102' title="bbox 525 5671 2097 5747">
    <p class='ocr_par' dir='ltr' id='par_1_102' title="bbox 525 5671 2097 5747">
     <span class='ocr_line' id='line_1_104' title="bbox 525 5671 2097 5747; baseline -0.001 -19"><span class='ocrx_word' id='word_1_744' title='bbox 525 5684 746 5730; x_wconf 85' lang='lat' dir='ltr'><strong>nentem</strong></span> <span class='ocrx_word' id='word_1_745' title='bbox 779 5675 1076 5747; x_wconf 76' lang='lat' dir='ltr'><strong>copiasque</strong></span> <span class='ocrx_word' id='word_1_746' title='bbox 1108 5675 1562 5738; x_wconf 86' lang='lat' dir='ltr'><strong>constituentem,</strong></span> <span class='ocrx_word' id='word_1_747' title='bbox 1618 5684 1673 5729; x_wconf 86' lang='lat' dir='ltr'><strong>et</strong></span> <span class='ocrx_word' id='word_1_748' title='bbox 1717 5671 1959 5741; x_wconf 86' lang='lat' dir='ltr'><strong>denique</strong></span> <span class='ocrx_word' id='word_1_749' title='bbox 2005 5672 2097 5726; x_wconf 87' lang='lat' dir='ltr'><strong>de-</strong></span> 
     </span>
    </p>
   </div>
   <div class='ocr_carea' id='block_1_103' title="bbox 524 5763 2088 5838">
    <p class='ocr_par' dir='ltr' id='par_1_103' title="bbox 524 5763 2088 5838">
     <span class='ocr_line' id='line_1_105' title="bbox 524 5763 2088 5838; baseline 0.001 -21"><span class='ocrx_word' id='word_1_750' title='bbox 524 5763 733 5822; x_wconf 83' lang='lat' dir='ltr'><strong>victum</strong></span> <span class='ocrx_word' id='word_1_751' title='bbox 757 5781 1123 5838; x_wconf 82' lang='lat' dir='ltr'><strong>asperamque</strong></span> <span class='ocrx_word' id='word_1_752' title='bbox 1176 5767 1457 5838; x_wconf 85' lang='lat' dir='ltr'><strong>planitiem</strong></span> <span class='ocrx_word' id='word_1_753' title='bbox 1485 5766 1612 5838; x_wconf 77' lang='lat' dir='ltr'><strong>fuga</strong></span> <span class='ocrx_word' id='word_1_754' title='bbox 1642 5764 2088 5834; x_wconf 85' lang='lat' dir='ltr'><strong>conculcantem,</strong></span> 
     </span>
    </p>
   </div>
   <div class='ocr_carea' id='block_1_104' title="bbox 2193 4559 3761 4632">
    <p class='ocr_par' dir='ltr' id='par_1_104' title="bbox 2193 4559 3761 4632">
     <span class='ocr_line' id='line_1_106' title="bbox 2193 4559 3761 4632; baseline -0.007 -10"><span class='ocrx_word' id='word_1_755' title='bbox 2193 4568 2341 4632; x_wconf 84' lang='grc' dir='ltr'><strong>σθαι,</strong></span> <span class='ocrx_word' id='word_1_756' title='bbox 2371 4566 2445 4629; x_wconf 84' lang='grc' dir='ltr'><strong>ὡς</strong></span> <span class='ocrx_word' id='word_1_757' title='bbox 2477 4565 2545 4620; x_wconf 77' lang='grc' dir='ltr'><strong>ἂν</strong></span> <span class='ocrx_word' id='word_1_758' title='bbox 2576 4563 2669 4619; x_wconf 83' lang='grc' dir='ltr'><strong>καί</strong></span> <span class='ocrx_word' id='word_1_759' title='bbox 2702 4582 2787 4626; x_wconf 88' lang='grc' dir='ltr'><strong>τις</strong></span> <span class='ocrx_word' id='word_1_760' title='bbox 2809 4564 2876 4616; x_wconf 74' lang='grc' dir='ltr'><strong>ἐκ</strong></span> <span class='ocrx_word' id='word_1_761' title='bbox 2903 4563 3127 4625; x_wconf 88' lang='grc' dir='ltr'><strong>σκότους</strong></span> <span class='ocrx_word' id='word_1_762' title='bbox 3160 4564 3241 4624; x_wconf 81' lang='grc' dir='ltr'><strong>εἰς</strong></span> <span class='ocrx_word' id='word_1_763' title='bbox 3263 4561 3440 4632; x_wconf 80' lang='grc' dir='ltr'><strong>ἥλιον,</strong></span> <span class='ocrx_word' id='word_1_764' title='bbox 3476 4559 3575 4615; x_wconf 70' lang='grc' dir='ltr'><strong>καὶ</strong></span> <span class='ocrx_word' id='word_1_765' title='bbox 3601 4576 3761 4630; x_wconf 80' lang='grc' dir='ltr'><strong>προσ-</strong></span> 
     </span>
    </p>
   </div>
   <div class='ocr_carea' id='block_1_105' title="bbox 2189 4650 3760 4727">
    <p class='ocr_par' dir='ltr' id='par_1_105' title="bbox 2189 4650 3760 4727">
     <span class='ocr_line' id='line_1_107' title="bbox 2189 4650 3760 4727; baseline -0.005 -18"><span class='ocrx_word' id='word_1_766' title='bbox 2189 4655 2537 4727; x_wconf 75' lang='grc' dir='ltr'><strong>λαμϐάνεται</strong></span> <span class='ocrx_word' id='word_1_767' title='bbox 2595 4654 2736 4725; x_wconf 85' lang='grc' dir='ltr'><strong>μετά</strong></span> <span class='ocrx_word' id='word_1_768' title='bbox 2791 4653 3136 4723; x_wconf 84' lang='grc' dir='ltr'><strong>πραΰτητος,</strong></span> <span class='ocrx_word' id='word_1_769' title='bbox 3193 4650 3289 4704; x_wconf 77' lang='grc' dir='ltr'><strong>καὶ</strong></span> <span class='ocrx_word' id='word_1_770' title='bbox 3323 4650 3637 4721; x_wconf 75' lang='grc' dir='ltr'><strong>εἰσέρχεται</strong></span> <span class='ocrx_word' id='word_1_771' title='bbox 3684 4651 3760 4711; x_wconf 86' lang='grc' dir='ltr'><strong>είς</strong></span> 
     </span>
    </p>
   </div>
   <div class='ocr_carea' id='block_1_106' title="bbox 2190 4741 3762 4819">
    <p class='ocr_par' dir='ltr' id='par_1_106' title="bbox 2190 4741 3762 4819">
     <span class='ocr_line' id='line_1_108' title="bbox 2190 4741 3762 4819; baseline -0.005 -17"><span class='ocrx_word' id='word_1_772' title='bbox 2190 4750 2290 4819; x_wconf 86' lang='grc' dir='ltr'><strong>τὴν</strong></span> <span class='ocrx_word' id='word_1_773' title='bbox 2320 4748 2498 4819; x_wconf 83' lang='grc' dir='ltr'><strong>χαρὰν</strong></span> <span class='ocrx_word' id='word_1_774' title='bbox 2523 4746 2617 4801; x_wconf 83' lang='grc' dir='ltr'><strong>τοῦ</strong></span> <span class='ocrx_word' id='word_1_775' title='bbox 2643 4746 2836 4818; x_wconf 83' lang='grc' dir='ltr'><strong>κυρίου</strong></span> <span class='ocrx_word' id='word_1_776' title='bbox 2883 4744 3074 4798; x_wconf 83' lang='grc' dir='ltr'><strong>αὐτοῦ.</strong></span> <span class='ocrx_word' id='word_1_777' title='bbox 3105 4744 3215 4797; x_wconf 77' lang='grc' dir='ltr'><strong>Καὶ</strong></span> <span class='ocrx_word' id='word_1_778' title='bbox 3237 4744 3264 4795; x_wconf 92' lang='grc' dir='ltr'><strong>ό</strong></span> <span class='ocrx_word' id='word_1_779' title='bbox 3294 4743 3428 4812; x_wconf 77' lang='grc' dir='ltr'><strong>πρὶν</strong></span> <span class='ocrx_word' id='word_1_780' title='bbox 3470 4741 3611 4815; x_wconf 76' lang='grc' dir='ltr'><strong>μηδὲ</strong></span> <span class='ocrx_word' id='word_1_781' title='bbox 3643 4759 3762 4794; x_wconf 81' lang='grc' dir='ltr'><strong>συν-</strong></span> 
     </span>
    </p>
   </div>
   <div class='ocr_carea' id='block_1_107' title="bbox 2192 4834 3759 4913">
    <p class='ocr_par' dir='ltr' id='par_1_107' title="bbox 2192 4834 3759 4913">
     <span class='ocr_line' id='line_1_109' title="bbox 2192 4834 3759 4913; baseline -0.004 -19"><span class='ocrx_word' id='word_1_782' title='bbox 2192 4840 2301 4913; x_wconf 86' lang='grc' dir='ltr'><strong>ήθη</strong></span> <span class='ocrx_word' id='word_1_783' title='bbox 2352 4841 2457 4908; x_wconf 85' lang='grc' dir='ltr'><strong>γῆν</strong></span> <span class='ocrx_word' id='word_1_784' title='bbox 2501 4842 2700 4893; x_wconf 84' lang='grc' dir='ltr'><strong>πατεῖν</strong></span> <span class='ocrx_word' id='word_1_785' title='bbox 2747 4840 2805 4892; x_wconf 84' lang='grc' dir='ltr'><strong>ὲν</strong></span> <span class='ocrx_word' id='word_1_786' title='bbox 2855 4836 3096 4906; x_wconf 85' lang='grc' dir='ltr'><strong>ἀσφαλεῖ</strong></span> <span class='ocrx_word' id='word_1_787' title='bbox 3141 4834 3605 4906; x_wconf 84' lang='grc' dir='ltr'><strong>συγχωρούμενος</strong></span> <span class='ocrx_word' id='word_1_788' title='bbox 3639 4835 3759 4907; x_wconf 78' lang='grc' dir='ltr'><strong>ἄρτι</strong></span> 
     </span>
    </p>
   </div>
   <div class='ocr_carea' id='block_1_108' title="bbox 2194 4924 3760 5009">
    <p class='ocr_par' dir='ltr' id='par_1_108' title="bbox 2194 4924 3760 5009">
     <span class='ocr_line' id='line_1_110' title="bbox 2194 4924 3760 5009; baseline -0.006 -20"><span class='ocrx_word' id='word_1_789' title='bbox 2194 4935 2520 5009; x_wconf 78' lang='grc' dir='ltr'><strong>προσϐαίνει</strong></span> <span class='ocrx_word' id='word_1_790' title='bbox 2554 4936 2621 5005; x_wconf 80' lang='grc' dir='ltr'><strong>τῇ</strong></span> <span class='ocrx_word' id='word_1_791' title='bbox 2652 4931 2887 5003; x_wconf 78' lang='grc' dir='ltr'><strong>βασιλίδι</strong></span> <span class='ocrx_word' id='word_1_792' title='bbox 2912 4931 3022 4985; x_wconf 85' lang='grc' dir='ltr'><strong>τῶν</strong></span> <span class='ocrx_word' id='word_1_793' title='bbox 3042 4929 3273 4993; x_wconf 87' lang='grc' dir='ltr'><strong>πόλεων,</strong></span> <span class='ocrx_word' id='word_1_794' title='bbox 3309 4930 3539 5000; x_wconf 85' lang='grc' dir='ltr'><strong>χαίρων,</strong></span> <span class='ocrx_word' id='word_1_795' title='bbox 3575 4928 3660 4999; x_wconf 63' lang='grc' dir='ltr'><strong>ἐφ’</strong></span> <span class='ocrx_word' id='word_1_796' title='bbox 3685 4924 3760 4990; x_wconf 73' lang='grc' dir='ltr'><strong>οἷς</strong></span> 
     </span>
    </p>
   </div>
   <div class='ocr_carea' id='block_1_109' title="bbox 2194 5021 3759 5098">
    <p class='ocr_par' dir='ltr' id='par_1_109' title="bbox 2194 5021 3759 5098">
     <span class='ocr_line' id='line_1_111' title="bbox 2194 5021 3759 5098; baseline -0.007 -16"><span class='ocrx_word' id='word_1_797' title='bbox 2194 5028 2296 5098; x_wconf 82' lang='grc' dir='ltr'><strong>τῆς</strong></span> <span class='ocrx_word' id='word_1_798' title='bbox 2341 5027 2686 5098; x_wconf 81' lang='grc' dir='ltr'><strong>ποθουμένης</strong></span> <span class='ocrx_word' id='word_1_799' title='bbox 2730 5023 3019 5095; x_wconf 82' lang='grc' dir='ltr'><strong>βασιλικῆς</strong></span> <span class='ocrx_word' id='word_1_800' title='bbox 3059 5022 3236 5092; x_wconf 75' lang='grc' dir='ltr'><strong>ὅψεως</strong></span> <span class='ocrx_word' id='word_1_801' title='bbox 3272 5021 3505 5091; x_wconf 83' lang='grc' dir='ltr'><strong>γίνεται,</strong></span> <span class='ocrx_word' id='word_1_802' title='bbox 3542 5021 3759 5089; x_wconf 78' lang='grc' dir='ltr'><strong>καὶτῆς</strong></span> 
     </span>
    </p>
   </div>
   <div class='ocr_carea' id='block_1_110' title="bbox 2196 5113 3762 5185">
    <p class='ocr_par' dir='ltr' id='par_1_110' title="bbox 2196 5113 3762 5185">
     <span class='ocr_line' id='line_1_112' title="bbox 2196 5113 3762 5185; baseline -0.006 -11"><span class='ocrx_word' id='word_1_803' title='bbox 2196 5120 2365 5174; x_wconf 85' lang='grc' dir='ltr'><strong>αὐτοῦ</strong></span> <span class='ocrx_word' id='word_1_804' title='bbox 2396 5118 2642 5182; x_wconf 85' lang='grc' dir='ltr'><strong>δουλείας</strong></span> <span class='ocrx_word' id='word_1_805' title='bbox 2681 5118 2784 5171; x_wconf 76' lang='grc' dir='ltr'><strong>οὐκ</strong></span> <span class='ocrx_word' id='word_1_806' title='bbox 2814 5116 2905 5185; x_wconf 86' lang='grc' dir='ltr'><strong>ἀφ’</strong></span> <span class='ocrx_word' id='word_1_807' title='bbox 2932 5116 3118 5179; x_wconf 79' lang='grc' dir='ltr'><strong>ἑστίας</strong></span> <span class='ocrx_word' id='word_1_808' title='bbox 3146 5116 3359 5184; x_wconf 76' lang='grc' dir='ltr'><strong>ἑτέρας.</strong></span> <span class='ocrx_word' id='word_1_809' title='bbox 3390 5114 3512 5168; x_wconf 85' lang='grc' dir='ltr'><strong>ἀλλ’</strong></span> <span class='ocrx_word' id='word_1_810' title='bbox 3535 5114 3615 5178; x_wconf 85' lang='grc' dir='ltr'><strong>ὡς</strong></span> <span class='ocrx_word' id='word_1_811' title='bbox 3637 5113 3762 5182; x_wconf 85' lang='grc' dir='ltr'><strong>ἀλη-</strong></span> 
     </span>
    </p>
   </div>
   <div class='ocr_carea' id='block_1_111' title="bbox 2197 5207 3762 5283">
    <p class='ocr_par' dir='ltr' id='par_1_111' title="bbox 2197 5207 3762 5283">
     <span class='ocr_line' id='line_1_113' title="bbox 2197 5207 3762 5283; baseline -0.004 -17"><span class='ocrx_word' id='word_1_812' title='bbox 2197 5213 2305 5276; x_wconf 84' lang='grc' dir='ltr'><strong>θῶς</strong></span> <span class='ocrx_word' id='word_1_813' title='bbox 2335 5212 2603 5283; x_wconf 72' lang='grc' dir='ltr'><strong>ἐχέγγυος</strong></span> <span class='ocrx_word' id='word_1_814' title='bbox 2633 5211 2804 5280; x_wconf 79' lang='grc' dir='ltr'><strong>αὐτῆς</strong></span> <span class='ocrx_word' id='word_1_815' title='bbox 2837 5208 3049 5281; x_wconf 85' lang='grc' dir='ltr'><strong>μάρτυς</strong></span> <span class='ocrx_word' id='word_1_816' title='bbox 3078 5211 3433 5279; x_wconf 86' lang='grc' dir='ltr'><strong>παρίσταται.</strong></span> <span class='ocrx_word' id='word_1_817' title='bbox 3471 5207 3762 5279; x_wconf 80' lang='grc' dir='ltr'><strong>Περιέρχε-</strong></span> 
     </span>
    </p>
   </div>
   <div class='ocr_carea' id='block_1_112' title="bbox 2196 5299 3764 5374">
    <p class='ocr_par' dir='ltr' id='par_1_112' title="bbox 2196 5299 3764 5374">
     <span class='ocr_line' id='line_1_114' title="bbox 2196 5299 3764 5374; baseline -0.004 -16"><span class='ocrx_word' id='word_1_818' title='bbox 2196 5323 2288 5360; x_wconf 90' lang='grc' dir='ltr'><strong>ται</strong></span> <span class='ocrx_word' id='word_1_819' title='bbox 2336 5307 2405 5374; x_wconf 81' lang='grc' dir='ltr'><strong>τῇ</strong></span> <span class='ocrx_word' id='word_1_820' title='bbox 2442 5304 2540 5374; x_wconf 80' lang='grc' dir='ltr'><strong>θέᾳ</strong></span> <span class='ocrx_word' id='word_1_821' title='bbox 2591 5303 2687 5356; x_wconf 80' lang='grc' dir='ltr'><strong>καὶ</strong></span> <span class='ocrx_word' id='word_1_822' title='bbox 2741 5304 3083 5372; x_wconf 81' lang='grc' dir='ltr'><strong>ποικίλματα</strong></span> <span class='ocrx_word' id='word_1_823' title='bbox 3125 5303 3336 5363; x_wconf 75' lang='grc' dir='ltr'><strong>ἐκεῖνα,</strong></span> <span class='ocrx_word' id='word_1_824' title='bbox 3386 5300 3489 5353; x_wconf 83' lang='grc' dir='ltr'><strong>ὅσα</strong></span> <span class='ocrx_word' id='word_1_825' title='bbox 3537 5299 3638 5362; x_wconf 87' lang='grc' dir='ltr'><strong>τάς</strong></span> <span class='ocrx_word' id='word_1_826' title='bbox 3671 5299 3764 5360; x_wconf 75' lang='grc' dir='ltr'><strong>σὰς</strong></span> 
     </span>
    </p>
   </div>
   <div class='ocr_carea' id='block_1_113' title="bbox 2196 5392 3762 5469">
    <p class='ocr_par' dir='ltr' id='par_1_113' title="bbox 2196 5392 3762 5469">
     <span class='ocr_line' id='line_1_115' title="bbox 2196 5392 3762 5469; baseline -0.005 -17"><span class='ocrx_word' id='word_1_827' title='bbox 2196 5397 2478 5469; x_wconf 84' lang='grc' dir='ltr'><strong>ἀριστείας</strong></span> <span class='ocrx_word' id='word_1_828' title='bbox 2532 5396 2892 5460; x_wconf 84' lang='grc' dir='ltr'><strong>ίνδάλλουσιν,</strong></span> <span class='ocrx_word' id='word_1_829' title='bbox 2942 5397 3043 5449; x_wconf 80' lang='grc' dir='ltr'><strong>ὅσα</strong></span> <span class='ocrx_word' id='word_1_830' title='bbox 3093 5396 3404 5465; x_wconf 81' lang='grc' dir='ltr'><strong>ζωγράφων</strong></span> <span class='ocrx_word' id='word_1_831' title='bbox 3457 5396 3643 5464; x_wconf 84' lang='grc' dir='ltr'><strong>χεῖρες</strong></span> <span class='ocrx_word' id='word_1_832' title='bbox 3688 5392 3762 5455; x_wconf 83' lang='grc' dir='ltr'><strong>εἰς</strong></span> 
     </span>
    </p>
   </div>
   <div class='ocr_carea' id='block_1_114' title="bbox 2200 5486 3761 5559">
    <p class='ocr_par' dir='ltr' id='par_1_114' title="bbox 2200 5486 3761 5559">
     <span class='ocr_line' id='line_1_116' title="bbox 2200 5486 3761 5559; baseline -0.002 -18"><span class='ocrx_word' id='word_1_833' title='bbox 2200 5489 2424 5559; x_wconf 85' lang='grc' dir='ltr'><strong>μνήμην</strong></span> <span class='ocrx_word' id='word_1_834' title='bbox 2468 5488 2828 5555; x_wconf 79' lang='grc' dir='ltr'><strong>δαιδάλλουσι,</strong></span> <span class='ocrx_word' id='word_1_835' title='bbox 2867 5487 2936 5541; x_wconf 85' lang='grc' dir='ltr'><strong>τά</strong></span> <span class='ocrx_word' id='word_1_836' title='bbox 2967 5505 3027 5540; x_wconf 88' lang='grc' dir='ltr'><strong>τε</strong></span> <span class='ocrx_word' id='word_1_837' title='bbox 3056 5488 3216 5552; x_wconf 78' lang='grc' dir='ltr'><strong>ἄλλα,</strong></span> <span class='ocrx_word' id='word_1_838' title='bbox 3253 5488 3347 5542; x_wconf 54' lang='grc' dir='ltr'><strong>καὶ⁵</strong></span> <span class='ocrx_word' id='word_1_839' title='bbox 3382 5488 3454 5540; x_wconf 77' lang='grc' dir='ltr'><strong>τὰ</strong></span> <span class='ocrx_word' id='word_1_840' title='bbox 3483 5486 3608 5540; x_wconf 82' lang='grc' dir='ltr'><strong>καθ’</strong></span> <span class='ocrx_word' id='word_1_841' title='bbox 3640 5488 3761 5539; x_wconf 78' lang='grc' dir='ltr'><strong>ἑαυ-</strong></span> 
     </span>
    </p>
   </div>
   <div class='ocr_carea' id='block_1_115' title="bbox 2196 5577 3759 5649">
    <p class='ocr_par' dir='ltr' id='par_1_115' title="bbox 2196 5577 3759 5649">
     <span class='ocr_line' id='line_1_117' title="bbox 2196 5577 3759 5649; baseline -0.003 -17"><span class='ocrx_word' id='word_1_842' title='bbox 2196 5583 2308 5644; x_wconf 85' lang='grc' dir='ltr'><strong>τδν,</strong></span> <span class='ocrx_word' id='word_1_843' title='bbox 2342 5580 2430 5632; x_wconf 82' lang='grc' dir='ltr'><strong>ὁτὲ</strong></span> <span class='ocrx_word' id='word_1_844' title='bbox 2482 5579 2583 5648; x_wconf 80' lang='grc' dir='ltr'><strong>μὲν</strong></span> <span class='ocrx_word' id='word_1_845' title='bbox 2622 5578 2943 5647; x_wconf 63' lang='grc' dir='ltr'><strong>ἐρεθίζοντα</strong></span> <span class='ocrx_word' id='word_1_846' title='bbox 2987 5578 3049 5632; x_wconf 87' lang='grc' dir='ltr'><strong>τὸ</strong></span> <span class='ocrx_word' id='word_1_847' title='bbox 3101 5577 3232 5649; x_wconf 76' lang='grc' dir='ltr'><strong>περὶ</strong></span> <span class='ocrx_word' id='word_1_848' title='bbox 3283 5577 3452 5632; x_wconf 75' lang='grc' dir='ltr'><strong>αὐτὸν</strong></span> <span class='ocrx_word' id='word_1_849' title='bbox 3505 5577 3659 5641; x_wconf 73' lang='grc' dir='ltr'><strong>ἔθνος</strong></span> <span class='ocrx_word' id='word_1_850' title='bbox 3686 5577 3759 5637; x_wconf 79' lang='grc' dir='ltr'><strong>είς</strong></span> 
     </span>
    </p>
   </div>
   <div class='ocr_carea' id='block_1_116' title="bbox 2198 5668 3761 5741">
    <p class='ocr_par' dir='ltr' id='par_1_116' title="bbox 2198 5668 3761 5741">
     <span class='ocr_line' id='line_1_118' title="bbox 2198 5668 3761 5741; baseline -0.002 -17"><span class='ocrx_word' id='word_1_851' title='bbox 2198 5672 2588 5735; x_wconf 66' lang='grc' dir='ltr'><strong>ιπανάστασιν,</strong></span> <span class='ocrx_word' id='word_1_852' title='bbox 2621 5671 2808 5725; x_wconf 81' lang='grc' dir='ltr'><strong>ἄλλοθι</strong></span> <span class='ocrx_word' id='word_1_853' title='bbox 2845 5670 2904 5724; x_wconf 78' lang='grc' dir='ltr'><strong>δὲ</strong></span> <span class='ocrx_word' id='word_1_854' title='bbox 2943 5670 3194 5741; x_wconf 79' lang='grc' dir='ltr'><strong>ὁπλίτην,</strong></span> <span class='ocrx_word' id='word_1_855' title='bbox 3242 5670 3505 5741; x_wconf 76' lang='grc' dir='ltr'><strong>ἱππότην,</strong></span> <span class='ocrx_word' id='word_1_856' title='bbox 3538 5668 3761 5740; x_wconf 74' lang='grc' dir='ltr'><strong>ἑτέρωθι</strong></span> 
     </span>
    </p>
   </div>
   <div class='ocr_carea' id='block_1_117' title="bbox 2198 5762 3764 5837">
    <p class='ocr_par' dir='ltr' id='par_1_117' title="bbox 2198 5762 3764 5837">
     <span class='ocr_line' id='line_1_119' title="bbox 2198 5762 3764 5837; baseline -0.001 -19"><span class='ocrx_word' id='word_1_857' title='bbox 2198 5765 2379 5835; x_wconf 76' lang='grc' dir='ltr'><strong>δὲτὴν</strong></span> <span class='ocrx_word' id='word_1_858' title='bbox 2422 5767 2584 5837; x_wconf 81' lang='grc' dir='ltr'><strong>χεῖρα</strong></span> <span class='ocrx_word' id='word_1_859' title='bbox 2616 5763 2801 5834; x_wconf 80' lang='grc' dir='ltr'><strong>ξίφους</strong></span> <span class='ocrx_word' id='word_1_860' title='bbox 2840 5763 3082 5836; x_wconf 70' lang='grc' dir='ltr'><strong>ἅψασθαι</strong></span> <span class='ocrx_word' id='word_1_861' title='bbox 3116 5762 3520 5835; x_wconf 79' lang='grc' dir='ltr'><strong>πλησιάζοντα,</strong></span> <span class='ocrx_word' id='word_1_862' title='bbox 3571 5762 3764 5818; x_wconf 61' lang='grc' dir='ltr'><strong>πολλα-</strong></span> 
     </span>
    </p>
   </div>
  </div>
