4026 6248
476 327 588 392 959

1191 316 1608 378 EUSTATIIfI
1648 308 2411 374 TI-IESSALONICENSIS
2455 311 3017 374 METROPOLIT/E
3114 386 3118 389 _

3623 317 3727 380 9'30

477 445 649 511 tangit
674 440 798 505 ,sed
827 447 881 493 ct
929 439 984 490 in
1019 436 1262 490 animam
1297 441 1569 499 penetrat.
1617 431 1728 500 Ego
1757 445 1888 485 vero
1926 430 2034 500 jurt

2157 430 2323 500 μόνης
2378 427 2610 496 γίνεται,
2659 429 2796 482 ἀλλὰ
2848 431 2942 482 καὶ
2993 433 3074 493 είς
3130 427 3312 499 ψυχὴν
3363 433 3726 500 παραδύεται.

477 551 678 592 censeo
712 548 796 586 me
844 528 1050 595 aliquid
1103 526 1271 596 hujus
1327 525 1593 596 unguenti
1656 524 1894 578 feliciter
1953 523 2050 576 ha-

481 631 630 687 bere,
665 637 878 676 necnon
911 636 941 674 a
973 621 1137 673 domo
1186 620 1390 671 bonum
1456 615 1592 668 mihi
1655 617 1869 675 adesse,
1905 627 2045 682 quo-

481 723 628 774 niam
665 715 797 768 mihi
857 723 985 768 ante
1036 725 1233 764 manus
1289 723 1550 774 maguum
1611 705 1873 777 unguenti
1931 706 2046 758 ala-

480 814 749 866 hastrum.
784 806 827 861 Ο
860 821 963 860 nos
1023 805 1233 865 beatos,
1277 800 1672 870 sapientissimi
1733 799 2042 862 auditores,

473 918 598 958 nam
630 899 998 971 myroblytam
1033 895 1395 963 excogitastis
1427 908 1592 962 quem
1642 892 1786 946 Deus
1833 891 2046 962 optime

473 994 836 1061 reuipositum
895 990 948 1042 iu
991 992 1214 1041 odorem
1276 984 1565 1039 suavitatis
1623 984 1856 1053 largitus
1917 992 2043 1048 est;

473 1086 732 1140 οιιιιιίὺιιε
767 1081 1080 1151 appetibile,
1113 1088 1165 1132 et
1197 1081 1382 1147 (prout
1413 1076 1488 1129 ait
1521 1074 1770 1146 quidam)
1813 1075 2045 1129 omnino

473 1179 709 1233 amabile
770 1189 975 1229 nomen
1052 1172 1200 1241 quod
1267 1171 1383 1237 ipse
1444 1168 1802 1236 singulariter
1849 1167 2043 1237 diligo,

473 1278 767 1324 veneratus
810 1265 1030 1335 quidem
1087 1276 1286 1315 manus
1327 1261 1447 1314 illas
1475 1259 1704 1313 victoris
1751 1260 2046 1329 imperato-

475 1366 577 1429 tis,
623 1363 712 1416 cui
747 1374 913 1428 super
943 1357 1129 1410 omnia
1173 1356 1314 1408 bona
1351 1360 1584 1404 ornatus
1631 1351 1892 1416 eximius,
1938 1351 2044 1406 sci-

472 1458 603 1511 licet
634 1454 868 1524 populus
922 1453 1099 1504 factus
1138 1457 1225 1502 est
1262 1461 1400 1515 opus
1429 1445 1715 1510 victoriae;
1751 1459 2044 1499 νεηιϊοιιιε

470 1558 654 1602 autem
689 1561 812 1599 eum
863 1543 954 1612 qui
1010 1543 1168 1594 istam
1222 1540 1540 1609 imperatori
1579 1539 1868 1592 victoriam
1908 1554 2042 1608 sup-

472 1642 759 1712 peditavil,
792 1639 965 1706 ipsam
1014 1635 1198 1688 ferens
1257 1633 1312 1685 in
1340 1633 1610 1701 suiipsius
1646 1631 1866 1686 nomine
1895 1631 2042 1695 quod

468 1739 650 1803 potest
720 1737 845 1783 actu
903 1725 1208 1794 perficere,
1278 1723 1423 1790 quod
1475 1731 1658 1776 mente
1723 1721 2043 1791 concipiens

2154 523 2309 575 Δοκῶ
2337 521 2394 575 δέ
2425 539 2516 592 μοι
2545 523 2641 573 καὶ
2682 523 2823 574 πάνυ
2860 540 2913 576 τι
2949 521 3338 593 προσηκόντως
3370 523 3516 592 ἔχειν
3550 527 3728 596 μύρου

2153 618 2249 669 καὶ
2290 615 2450 677 αὐτὸς
2496 614 2802 681 δεξιώσεσι,
2855 617 2951 668 καὶ
2989 616 3083 684 ἀφ’
3117 616 3306 681 ἑστίας
3351 613 3494 671 εἷναί
3541 637 3632 689 μοι
3669 621 3730 674 τδ

2154 705 2338 772 καλὸν,
2369 705 2450 759 ὅτι
2485 723 2575 775 μοι
2611 706 2704 758 καὶ
2734 705 2844 774 πρὸ
2873 707 3079 776 χειρῶν
3108 707 3210 778 ήδη
3239 708 3301 760 τδ
3339 709 3481 778 μέγα
3509 709 3603 762 τοῦ
3631 710 3731 779 μύ-

2155 815 2252 868 ρου
2284 798 2649 866 ἀλάϐαστρον.
2687 799 2793 850 Καὶ
2816 793 2874 851 εὖ
2905 816 2968 866 γε
3000 799 3157 870 ἡμῖν,
3188 799 3503 869 σοφώτατον
3527 804 3732 871 ἀκροα-

2151 893 2362 960 τήριον,
2399 891 2480 943 ὅτι
2527 890 2622 943 τὸν
2661 891 3020 962 ’μυροσλύτην
3065 893 3447 962 ἑνενοήσασθε,
3495 894 3553 946 ὃν
3589 895 3732 963 Θεδς,

2149 980 2264 1038 τοῖς
2292 978 2521 1049 πένησιν
2553 980 2634 1042 εἰς
2667 979 2846 1050 ὀσμὴν
2882 980 3221 1050 καταρτίσας
3264 983 3498 1045 εὐωδίας
3529 985 3721 1055 £6139:-

2149 1067 2418 1121 λεύσατοο
2469 1068 2532 1122 τὸ
2595 1071 2729 1123 πᾶσι
2800 1069 3049 1123 ποθεινὸν
3087 1070 3185 1125 καὶ
3237 1073 3408 1144 (καθά
3465 1092 3550 1136 τις
3592 1077 3720 1148 ἔφη)

2152 1162 2507 1232 παμφίλητον
2553 1161 2747 1231 ὄνομα,
2803 1163 2832 1216 δ
2889 1165 2977 1215 καί
3039 1165 3207 1229 αὐτὸς
3271 1167 3729 1237 ὑπερϐαλλόντως

2150 1252 2310 1319 φιλῶ,
2347 1252 2716 1321 σεῦαζόμενος
2747 1256 2849 1322 μὲν
2883 1257 2981 1316 τὰς
3021 1260 3214 1326 χεῖρας
3263 1262 3469 1324 ταύτας
3501 1263 3728 1331 νικητοῦ

2151 1341 2442 1411 βασιλέως.
2482 1337 2634 1413 ᾧπερ
2666 1346 2754 1412 ἐφ’
2801 1344 3008 1398 ἅπασιν
3047 1348 3277 1414 ἀγαθοῖς
3317 1351 3524 1421 κόσμος
3558 1353 3726 1416 ἄπας.

2149 1433 2346 1488 ταυτὸν
2381 1436 2437 1487 δὲ
2479 1437 2677 1495 είπείν,
2714 1438 2842 1500 λαὸς
2882 1437 3040 1508 νίκης
3069 1440 3231 1510 ἔργον
3276 1441 3531 1509 γίνεταιο
3569 1447 3730 1498 σεσα-

2150 1525 2377 1593 ζόμενο;
2405 1527 2461 1580 δὲ
2494 1530 2590 1580 καὶ
2622 1529 2713 1582 τὸν
2746 1533 2951 1597 ταμίαν
2979 1533 3077 1600 τῆς
3109 1532 3267 1602 νίκης
3291 1533 3498 1604 ταύτης
3524 1535 3602 1606 τῷ
3634 1537 3729 1605 βα-

2151 1616 2311 1682 σιλεῖ,
2343 1619 2438 1671 καὶ
2469 1618 2676 1690 ταύτην
2703 1622 2758 1672 ὲν
2788 1620 2970 1689 ἐαυτῷ
3002 1622 3139 1692 πρός
3168 1640 3228 1675 τε
3256 1623 3430 1694 ὄνομα
3462 1627 3724 1695 φέροντα,

2147 1711 2242 1764 καὶ
2267 1708 2549 1780 διανέμειν
2575 1711 2656 1774 εἰς
2681 1714 2915 1782 πρᾶγμα
2945 1713 3270 1785 δυνάμενον,
3295 1716 3324 1770 δ
3357 1719 3452 1771 καὶ
3489 1719 3572 1780 είς
3602 1719 3728 1772 νοῦν

469 1801 704 1894 quilibet
734 1819 1140 1882 sanetilicamr,
1176 1817 1232 1870 in
1269 1830 1366 1868 ore
1415 1814 1601 1870 ferens
1649 1813 1811 1868 melle
1863 1814 2034 1883 reple-

2143 1805 2329 1859 λασών
2360 1823 2443 1868 τις
2487 1805 2771 1873 ἡγίασται,
2821 1809 2917 1860 καὶ
2973 1809 3063 1862 διὰ
3123 1811 3395 1881 στόματος
3454 1814 3723 1882 ἐνεγκὼν,

469 1926 581 1977 tur,
610 1914 697 1969 vel
731 1908 1081 1968 solummodo
1113 1907 1481 1977 pronuntians
1526 1920 1779 1975 magnam
1817 1905 2045 1974 protulit

467 2011 786 2063 victoriam.
823 2005 896 2058 Ex
951 2002 1258 2057 victoribus
1306 2001 1527 2070 quidam
1560 2001 1903 2052 exercituum
1949 1998 2046 2049 du-

470 2113 567 2153 ces
621 2109 930 2165 cognomen
975 2098 1335 2162 acceperunt,
1378 2089 1482 2142 hoc
1515 2088 1738 2157 quidem
1795 2104 2043 2158 magnam

472 2197 780 2260 auguratur
814 2185 1130 2248 victoriam,
1173 2184 1266 2238 illo
1316 2183 1458 2236 bona
1508 2181 1854 2250 signiﬁcatur
1891 2196 2045 2233 exer-

469 2283 616 2336 citus
640 2279 960 2349 praelectio;
995 2290 1250 2345 maguum
1301 2286 1485 2328 autem
1545 2274 1832 2328 Nicolaum
1892 2271 2042 2326 inani

470 2374 695 2428 nomine
738 2369 1044 2424 vocandum
1081 2382 1227 2428 esse,
1259 2377 1409 2422 certe
1442 2381 1604 2420 nemo
1635 2375 1719 2420 est
1747 2365 1840 2435 qui
1872 2364 2040 2419 dicat.

543 2464 633 2516 2‘2.
663 2461 738 2515 Da
767 2475 899 2530 ergo
939 2459 1096 2524 mihi,
1125 2458 1468 2512 divinissime
1519 2458 1834 2525 imperator,
1880 2457 2043 2524 cujus

470 2561 776 2608 aromatum
830 2551 1047 2620 phialae,
1114 2565 1268 2620 genae
1324 2549 1534 2604 scilicet
1579 2550 1734 2602 nardi
1791 2550 2041 2618 spiritus,

473 2641 765 2708 unguentis
824 2639 1025 2709 adungi
1077 2646 1256 2694 coetus
1321 2637 1488 2706 hujus
1549 2637 1876 2700 antistitem,
1938 2653 2041 2692 un-

466 2733 1021 2801 guentis,.inquam,
1083 2745 1189 2784 non
1241 2731 1461 2798 quidem
1527 2732 1777 2799 guttatim
1832 2729 2044 2784 stillan-

471 2825 620 2877 tihus
671 2823 856 2892 qualia
916 2822 1156 2876 Arabum
1224 2823 1328 2876 viri
1395 2822 1448 2876 in
1510 2823 1632 2878 istis
1691 2822 1923 2877 solertes
1972 2837 2039 2876 ex

470 2916 697 2970 calamis
781 2914 1067 2983 colligunt,
1123 2914 1218 2968 sed
1270 2915 1400 2978 tuis,
1431 2915 1515 2969 vel
1569 2915 1726 2984 quasi
1778 2915 2039 2979 dicerem,

2149 1897 2372 1968 μέλιτος
2403 1897 2738 1968 πέπλησται,
2764 1901 2860 1952 καὶ
2885 1901 3052 1971 μόνον
3072 1903 3173 1974 μὲν
3204 1904 3534 1973 ικφωνήσας
3561 1907 3726 1976 νίκην

2147 1989 2398 2058 μεγάλην
2423 1991 2793 2059 προήνεγκεν.
2839 1992 3068 2047 Ἐνίκων
3116 1993 3218 2061 μέν
3251 2011 3422 2059 τινες,
3453 1997 3552 2049 καὶ
3592 1999 3728 2067 ἡγη-

2145 2081 2426 2151 σίστρατοι
2455 2082 2934 2152 άναφωνηθὲντες,
2971 2087 2998 2138 ό
3024 2085 3123 2155 μὲν
3157 2087 3346 2149 οξωνδς
3377 2087 3543 2156 ἐτέθη
3570 2088 3724 2158 νίκης

2148 2171 2416 2241 μεγάλης,
2451 2174 2477 2224 ό
2501 2171 2556 2224 δὲ
2579 2172 2793 2243 ἀγαθὴν
2823 2174 3100 2244 ἐσήμανεν
3121 2177 3423 2245 ἠγεμονίαν
3451 2179 3687 2248 στρατοῦ
3707 2197 3722 2211 ο

2143 2265 2169 2317 ὁ
2199 2263 2255 2315 δὲ
2292 2265 2467 2332 μέγας
2499 2265 2768 2328 Νικόλαος
2803 2267 2884 2330 είς
2933 2267 3244 2338 ἁσύμῦολον
3282 2269 3454 2342 ὄνομα
3470 2270 3724 2346 λαληθη-

2145 2373 2318 2419 σεται,
2353 2358 2452 2409 οὐκ
2492 2357 2558 2411 ἂν
2595 2357 2743 2412 εἴποι
2776 2375 2877 2422 τις.

2214 2447 2315 2517 κβ’.
2349 2448 2444 2511 Δὸς
2469 2449 2532 2519 δή
2567 2467 2680 2519 μοι,
2709 2450 2955 2503 θειότατε
2987 2450 3234 2518 βασιλεῦ,
3259 2447 3320 2506 οὗ
3352 2455 3544 2522 φιάλαι
3574 2456 3724 2526 ἀρω-

2148 2539 2359 2608 μάτων,
2417 2543 2472 2594 αἱ
2507 2543 2757 2609 σιαγόνες
2815 2542 3018 2612 δηλαδὴ
3065 2545 3174 2597 τῶν
3229 2545 3326 2598 τοῦ
3381 2547 3720 2616 πνεύματος.

2148 2630 2344 2702 μύροις
2379 2632 2745 2699 δεξιώσασθαι
2775 2634 2867 2687 τὸν
2900 2637 3199 2706 κορυφαῖον
3221 2637 3384 2706 τῆσδε
3406 2638 3507 2708 τῆς
3545 2657 3717 2709 πανη-

2144 2722 2362 2793 γύρεως
2383 2741 2395 2754 ·
2429 2725 2528 2778 καὶ
2561 2725 2775 2788 τούτοις
2805 2725 2929 2778 οὕτε
2981 2730 3255 2792 στακτοῖς,
3292 2728 3418 2782 οὔτε
3458 2733 3619 2784 ὁποῖα
3666 2732 3723 2795 ἐξ

2157 2815 2444 2888 ’Δρράὁων
2493 2817 2922 2888 καρφολογεῖται
2950 2821 3063 2882 τοῖς
3111 2821 3241 2886 περὶ
3280 2820 3456 2876 ταῦτα
3505 2823 3719 2890 δεινοῖς,

2141 2909 2280 2963 ἀλλὰ
2322 2912 2437 2972 τοῖς
2464 2912 2598 2975 σοῖς,
2629 2912 2808 2963 εἰπεῖν
2853 2911 2911 2964 δὲ
2956 2912 3072 2966 ῐσον
3101 2915 3215 2976 τοῖς
3249 2916 3314 2968 ἐκ
3344 2914 3505 2981 Θεοῦ,
3539 2917 3626 2970 ἵνα
3655 2919 3720 2971 ἐκ

469 3006 672 3058 divinis
730 3005 1028 3070 unguentis
1085 3003 1286 3072 quibus
1337 3003 1445 3058 tuis
1501 3013 1702 3058 unctus
1753 2991 1845 3058 tua
1889 3005 2034 3059 adire

2140 3003 2250 3057 τῶν
2293 3003 2406 3056 σῶν
2437 3002 2509 3056 τὰ
2543 3004 2612 3057 σὰ
2646 3004 2946 3076 προσάγων
2991 3004 3330 3077 δικαιοίμην,
3361 3005 3436 3070 ὡς
3466 3007 3528 3061 τὸ
3556 3010 3720 3064 καλὸν

467 3099 664 3166 dignius
706 3098 852 3159 liam,
893 3096 1111 3162 quando
1157 3104 1513 3150 consecratus
1549 3107 1700 3150 tuum
1759 3098 2034 3154 suscitabo

2142 3096 2460 3167 δσιούμενος
2489 3096 2830 3167 ’ἀνακινήσω
2863 3116 2958 3153 σου
3005 3100 3066 3153 τὸ
3100 3101 3272 3165 ὅντως
3331 3103 3588 3157 πιστικδν
3620 3105 3721 3174 μύ-

465 3191 749 3252 eximium,
785 3204 1019 3257 vereque
1073 3189 1250 3250 fidele,
1309 3190 1531 3243 rmleste
1590 3199 1643 3244 et
1701 3192 2034 3258 pretiosissi-

2143 3207 2258 3260 ρον,
2296 3190 2356 3241 τὸ
2388 3189 2660 3261 οὐράνιον,
2699 3190 2759 3243 τὸ
2794 3190 3200 3262 πολυτίμητον·
3258 3188 3320 3246 οὖ
3363 3198 3715 3265 κινουμένου,

466 3298 615 3336 lnltlll
657 3289 1016 3350 unguentum,
1064 3296 1174 3347 quo
1223 3279 1332 3345 jam
1388 3291 1556 3341 moto,
1595 3281 1638 3332 si
1684 3290 1899 3348 Oportet
1952 3295 2038 3334 me

466 3373 554 3426 isti
610 3381 892 3440 unguento
943 3371 1256 3423 imIniScerc
1283 3369 1413 3436 quid
1450 3385 1690 3422 exrerna‘
1725 3373 2037 3433 suavitatis,

461 3465 518 3517 in
572 3473 764 3516 terram
798 3473 843 3516 et
905 3461 1088 3516 cwlum
1137 3460 1466 3527 cli/fundatur
1516 3463 1676 3523 odos;
1732 3459 1784 3513 in
1836 3465 2034 3514 cmlum

463 3558 684 3624 quidem
723 3572 817 3623 per
869 3557 1008 3609 altas
1050 3558 1102 3608 in
1163 3555 1433 3624 theologia
1484 3554 1740 3608 notiones
1771 3551 2026 3623 donaque

465 3636 594 3698 inde
623 3648 825 3698 emissa
860 3659 890 3697 a
917 3645 1030 3696 Deo
1057 3657 1086 3695 a
1117 3657 1228 3710 quo
1258 3657 1419 3695 omne
1449 3641 1654 3696 donum
1691 3640 2029 3709 perfectum;

463 3743 668 3788 terram
713 3749 866 3796 vero,
920 3735 1178 3801 quoniam
1235 3732 1301 3785 ad
1349 3747 1447 3785 nos
1501 3730 1808 3800 perferetur
1861 3742 1916 3785 et
1980 3733 2032 3783 in

459 3841 651 3880 ouuu-s
685 3836 844 3880 terrae
874 3823 1208 3877 diﬂ‘undetur
1245 3822 1398 3876 lines.
1435 3819 1628 3876 Omnis
1656 3823 1802 3874 enim
1851 3820 2033 3874 anima

460 3927 578 3970 tum
610 3933 673 3972 ea
702 3933 820 3985 quae
851 3914 1055 3970 Graecis
1087 3915 1360 3966 ministrat
1397 3914 1600 3982 linguis
1631 3929 1794 3982 quam
1834 3913 2033 3966 barba-

367 4007 369 4009 ’
457 4024 646 4064 rerum
698 4009 788 4062 Dei
845 4022 954 4061 non
1006 4007 1345 4075 ignarorum,
1377 4005 1624 4074 percepit
1677 4003 1820 4057 hanc
1882 4010 2030 4056 tuam

457 4104 778 4157 suavitatem
823 4115 983 4170 quam
1023 4099 1390 4168 promiserunt
1426 4097 1822 4164 Scripturarum
1857 4103 2031 4164 prata,

459 4211 620 4260 quam
665 4193 880 4262 egregia
916 4189 1264 4259 imperatoris
1315 4199 1508 4241 natura
1556 4185 1799 4256 collegit,
1832 4195 1886 4240 et
1917 4187 2032 4254 spi-

455 4284 596 4336 ritus
629 4283 868 4352 ponderc
903 4279 1201 4334 aestimavit
1238 4277 1535 4345 atljitvante
1569 4291 1766 4346 magno
1793 4280 2032 4342 patrel‘a-

454 4376 632 4428 milias
661 4374 984 4442 optimoque
1018 4373 1212 4424 horum
1245 4379 1462 4423 rectore
1496 4369 1625 4431 Deo,
1654 4368 1875 4437 sapiens
1901 4382 2029 4420 vero

2140 3285 2188 3336 εί
2243 3285 2349 3354 χρή
2389 3301 2457 3353 με
2495 3282 2574 3353 τῷ
2612 3282 2770 3353 μύρῳ
2807 3283 2984 3352 τούτῳ
3042 3288 3463 3354 συνεισαγαγεῖν
3517 3305 3573 3340 τι
3626 3291 3719 3340 καὶ

2138 3377 2235 3442 τῆς
2262 3375 2366 3439 ἔξω
2393 3375 2725 3444 μυρεψικῆς,
2761 3376 2826 3440 ἐς
2856 3375 3033 3444 γαῖάν
3057 3395 3119 3431 τε
3145 3377 3243 3431 καί
3276 3382 3542 3445 οἰφανόν
3574 3381 3718 3434 ἵκετ’

2137 3467 2334 3534 ἀϋτμή
2357 3483 2372 3499 ο
2401 3467 2630 3536 οὐρανὸν
2663 3467 2742 3529 δὲ,
2779 3467 2870 3520 διά
2899 3485 2956 3520 τε
2987 3469 3048 3521 τὸ
3079 3471 3138 3522 ἐν
3164 3471 3416 3541 θεολογία
3455 3472 3590 3541 ὕψος
3619 3476 3716 3527 καὶ

2138 3556 2199 3609 τὸ
2233 3557 2576 3628 θεόπεμπτον
2607 3559 2838 3621 ἐκεῖθεν,
2883 3558 3005 3612 ὅθεν
3047 3561 3141 3613 καὶ
3195 3564 3305 3613 πᾶν
3343 3562 3576 3632 δώρημα
3622 3567 3712 3619 τέο

2136 3649 2312 3702 λειον·
2345 3651 2450 3718 γῆν
2475 3651 2565 3704 διὰ
2604 3651 2662 3703 τὺ
2689 3654 2769 3712 εἰς
2801 3654 2947 3720 ἡμᾶς
2977 3652 3406 3722 διαπέμπεσθαι,
3442 3658 3538 3710 καὶ
3587 3660 3714 3727 περὶ

2137 3743 2206 3794 τὰ
2232 3741 2329 3813 τῆς
2352 3745 2454 3812 γῆς
2475 3743 2804 3795 διαδίδοσθαι
2835 3743 3064 3812 πέρατα.
3095 3745 3250 3797 Πᾶσα
3273 3747 3384 3817 γὰρ
3409 3747 3578 3818 ψυχὴ,
3611 3751 3710 3818 δση

2136 3851 2196 3886 τε
2221 3834 2555 3887 διακονεῖται
2608 3834 2884 3902 γλώσσαις
2942 3835 3316 3905 Ἑλληνικαῖς,
3349 3841 3444 3892 καὶ
3506 3843 3607 3910 ὅση
3656 3844 3711 3896 δὲ

2136 3923 2273 3978 Θεοῦ
2312 3924 2645 3993 ἐπιγνώμων
2672 3927 2970 3998 βάρϐαρος,
3009 3927 3208 3998 ᾔσθετό
3238 3946 3332 3982 σου
3358 3931 3458 4000 τῆς
3484 3933 3713 3997 εὐωδίας

2134 4018 2359 4085 ταύτης,
2415 4016 2482 4086 ῆν
2528 4016 2796 4086 λειμῶνες
2855 4019 2953 4088 μὲν
3009 4020 3240 4089 γραφῶν
3291 4024 3711 4090 προεϐάλλοντο.

2136 4108 2298 4176 φύσις
2337 4109 2594 4179 βασιλικὴ
2627 4111 2914 4182 ἁκροφυὴς
2957 4110 3302 4179 συνελέξατο,
3342 4119 3438 4168 καὶ
3485 4119 3714 4187 σταθμῷ

2133 4200 2448 4268 πνεύματος
2495 4201 2874 4272 διευκρινησεν
2933 4205 3036 4257 ὑπὸ
3093 4205 3171 4274 τῷ
3234 4207 3458 4278 μεγάλῳ
3510 4210 3713 4262 οἰκοδε-

2135 4295 2314 4365 σπότῃ
2379 4294 2474 4346 καὶ
2543 4294 2654 4346 τῶν
2709 4295 2969 4348 τοιούτων
3031 4299 3492 4371 ὲπιστημονάρχῃ
3558 4303 3710 4367 65:?)-

2135 4387 2501 4454 ἐργαστήριον
2539 4385 2598 4437 δὲ
2629 4385 2817 4455 νοερὸν
2852 4388 3010 4441 πάνθ’
3039 4389 3176 4459 ὁμοῦ
3231 4393 3444 4459 άγαγδν
3487 4395 3712 4448 συνεκέ-

454 4466 778 4533 temperavit
804 4465 1006 4529 opifex,
1059 4477 1167 4528 quo
1193 4461 1354 4513 simul
1390 4459 1628 4528 perfecta
1658 4472 1789 4514 sunt
1819 4461 2024 4522 omnia,

2140 4494 2289 4546 ρασε,
2320 4479 2413 4529 καὶ
2441 4477 2651 4547 πατρὸς
2683 4478 2837 4540 ζέσις
2866 4481 2945 4542 εἰς
2983 4479 3041 4532 ἓν
3071 4484 3264 4552 κρᾶμα
3295 4486 3581 4554 συνέτηξε,
3618 4489 3712 4540 καὶ

453 4564 506 4606 et
551 4555 724 4622 patris
779 4553 992 4605 flauima
1028 4554 1079 4604 in
1137 4564 1299 4604 unam
1343 4552 1631 4619 conjunxit
1683 4551 2024 4618 temperiem,

453 4647 579 4699 etin
616 4647 850 4697 divinam
886 4643 1234 4697 commiscuit
1272 4644 1621 4706 suavitatem,
1671 4659 1792 4711 qua:
1839 4644 2027 4696 multi-

453 4739 645 4791 formis
707 4754 940 4807 vereque
1006 4739 1194 4793 multis
1259 4739 1566 4806 composita
1619 4753 1788 4791 unum
1849 4747 1934 4792 est
1969 4739 2022 4790 in

455 4831 723 4899 theologia
775 4830 892 4898 (illo
929 4830 1218 4897 sapientia:
1249 4828 1422 4898 flore),
1457 4845 1628 4883 unum
1680 4830 1734 4882 in
1786 4839 2026 4884 contem-

453 4922 690 4993 platione
748 4922 1085 4986 divinorum,
1125 4937 1293 4974 unum
1363 4922 1415 4976 in
1481 4923 1563 4976 eis
1614 4939 1734 4992 qum
1773 4932 2020 4976 naturam

452 5030 746 5082 moresque
781 5021 1054 5080 spectant,
1085 5027 1277 5078 unum,
1306 5013 1434 5081 quid
1469 5013 1675 5066 multa?
1704 5013 1756 5065 in
1785 5014 1864 5068 eis
1904 5029 2024 5083 quae

448 5111 515 5162 de
585 5107 694 5159 Ι)μο
758 5106 838 5161 fas
932 5114 1018 5160 est
1069 5107 1349 5173 scrutari;
1395 5121 1515 5175 qua:
1563 5107 1741 5159 adhuc
1799 5108 2024 5161 firmiter

447 5200 643 5251 aululae
674 5197 937 5267 inscripta
987 5213 1092 5250 non
1127 5199 1253 5251 talis
1281 5207 1366 5250 est
1399 5207 1458 5249 ut
1485 5197 1734 5251 deleatur
1765 5211 1860 5252 aut
1891 5201 2021 5254 litu-

446 5304 562 5345 ram
597 5294 856 5360 patiatur,
889 5305 1066 5358 neque
1097 5300 1276 5358 potest
1314 5288 1590 5354 difﬂuere,
1618 5307 1717 5348 nec
1749 5292 1800 5343 in
1832 5305 2020 5361 pertu-

445 5400 562 5437 sum
621 5384 923 5437 Danaidnm
988 5384 1196 5436 dolium
1252 5381 1454 5444 delahi,
1487 5396 1675 5433 verum
1738 5385 1789 5436 in
1854 5387 2019 5438 corde

447 5474 782 5540 imprimitur
812 5473 879 5526 ad
910 5472 1088 5526 instar
1116 5473 1426 5525 tabularum
1467 5470 1576 5524 Deo
1608 5475 2014 5543 inscriptarum;

444 5577 616 5629 quaea
655 5572 796 5618 terra
829 5564 1054 5632 quidem
1089 5565 1156 5616 ad
1209 5565 1460 5618 humana:
1507 5575 1715 5619 natura:
1746 5570 2015 5622 constitu-

445 5651 648 5702 tionem
695 5656 1170 5717 aceommodatur,
1220 5655 1440 5710 caelitus
1489 5664 1669 5711 autem
1714 5658 1806 5711 Dei
1849 5660 2015 5726 digito

447 5733 752 5806 disponitur
798 5741 1085 5808 inscripta,
1129 5742 1202 5796 ita
1235 5754 1293 5799 ut
1347 5755 1636 5816 propterea
1684 5749 1864 5804 anima
1921 5761 2011 5806 tua

2136 4571 2266 4638 πρὸς
2295 4569 2527 4620 εὐωδίαν
2556 4569 2702 4621 θείου
2736 4571 3007 4639 συνέπεψε
3031 4587 3044 4600 °
3078 4575 3172 4626 καὶ
3201 4575 3409 4646 ταύτην
3457 4579 3711 4650 πολυειδῆ

2131 4660 2226 4710 καὶ
2278 4658 2498 4724 ἀληθῶς
2538 4657 2966 4722 πολυσύνθετον,
3007 4663 3062 4714 ἓν
3101 4681 3160 4716 τε
3193 4665 3444 4736 θεολογίᾳ
3481 4669 3584 4740 (τῷ
3613 4671 3713 4739 τῆς

2129 4750 2322 4818 σοφίας
2345 4750 2542 4820 ἄνθει),
2564 4749 2619 4801 ἐν
2650 4766 2709 4802 τε
2739 4754 2806 4821 τῇ
2839 4753 2950 4806 τῶν
2979 4754 3140 4807 θείων
3167 4755 3392 4828 θεωρίᾳ,
3431 4758 3492 4813 ἐν
3511 4778 3573 4814 τε
3601 4765 3712 4826 τοῖς

2127 4843 2256 4912 περὶ
2290 4841 2454 4910 φύσιν
2483 4844 2580 4894 καὶ
2599 4837 2753 4912 ἦθος,
2784 4847 2873 4895 καὶ
2897 4845 3041 4909 ὅλως
3065 4850 3180 4910 τοῖς
3214 4851 3344 4918 περὶ
3373 4853 3579 4919 γνῶσιν
3603 4856 3712 4907 τῶν

2127 4937 2309 4998 θείων,
2333 4938 2429 4988 καὶ
2441 4937 2540 4989 ὅσα
2569 4936 2689 4990 κατ’
2708 4938 3001 5007 ἄνθρωπον
3019 4955 3032 4968 ·
3055 4942 3150 4992 καὶ
3172 4942 3380 5014 ταύτην
3396 4931 3712 5017 ἐγγεγραμο

2128 5029 2300 5098 μένην
2325 5031 2404 5091 εἰς
2435 5030 2676 5098 ἀσφαλὲς
2705 5033 2771 5102 τῇ
2812 5029 2984 5100 ψυχῇ,
3005 5032 3098 5085 καὶ
3123 5032 3241 5087 οταν
3265 5034 3338 5104 μὴ
3377 5036 3440 5091 ἂν
3470 5040 3713 5109 ἀπογραο

2124 5118 2292 5187 φῆναί
2312 5136 2444 5172 ποτε
2471 5122 2567 5173 καὶ
2586 5124 2781 5176 παθεῖν
2795 5117 2910 5174 οἷον
2928 5123 3223 5194 ἁπάλειψιν
3247 5143 3262 5158 ο
3280 5127 3399 5180 οὐδὲ
3423 5130 3711 5200 εἰσρυῆναι

2124 5209 2224 5276 μὲν
2250 5210 2413 5280 ταχὺ,
2450 5211 2800 5282 ἀπορρυῆναι
2847 5213 2907 5266 δὲ
2937 5212 3210 5268 λαθοῦσαν
3243 5216 3403 5281 αὖθις
3439 5223 3522 5283 εἰς
3555 5221 3710 5273 πίθον

2121 5300 2396 5352 Δαναΐδων
2429 5302 2814 5371 ἀντλούμενον,
2850 5304 2967 5356 ἀλλ’
2997 5306 3376 5377 ὲντυπωθῆναι
3415 5314 3483 5380 τῇ
3512 5313 3710 5382 καρδίᾳ

2117 5393 2199 5454 είς
2240 5393 2426 5448 πλάκα
2464 5393 2768 5463 θεόγλυφον
2796 5411 2810 5426 ⁸
2845 5397 2910 5448 ὲκ
2941 5396 3047 5465 γῆς
3093 5398 3192 5467 μὲν
3217 5398 3612 5473 διηρτισμὲνην
3639 5409 3704 5475 τῇ

2119 5485 2243 5539 κατ’
2267 5486 2564 5555 ἄνθρωπον
2596 5487 2793 5540 πλάσει
2821 5487 2920 5556 τῆς
2944 5489 3185 5558 φύσεως,
3212 5491 3467 5563 δακτύλῳ
3492 5497 3550 5548 δὲ
3573 5497 3706 5550 Θεοῦ

2118 5581 2570 5649 κατηρτισμένην
2629 5581 2708 5642 είς
2751 5582 2976 5650 μνήμης
3027 5581 3372 5636 ὲντύπωσιν·
3427 5586 3507 5648 ὡς
3564 5585 3705 5642 εἷναί

2121 5685 2204 5720 σοι
2235 5669 2324 5721 διὰ
2352 5669 2525 5722 ταῦτα
2563 5670 2661 5739 τὴν
2695 5671 2877 5740 ψυχὴν
2925 5670 3021 5723 καὶ⁵
3055 5671 3289 5726 κιϐωτὸν
3322 5675 3703 5750 θεοκρότητον,

2116 5760 2176 5811 οὐ
2215 5764 2376 5827 μόνον
2410 5761 2496 5814 διά
2523 5779 2580 5815 τε
2608 5763 2668 5815 τὸ
2699 5763 2897 5834 μάννα,
2935 5762 3024 5816 τὸν
3051 5762 3261 5831 γλυκὺν
3287 5771 3494 5839 τροφέα
3526 5775 3704 5843 πάσης
